3121 4348
2518 270 161 95 6og

821 261 561 71 STEPHEN
1472 265 484 71 HELLER

103 412 252 70 Potocki
393 411 308 61 honorant
729 411 75 61 de
839 434 59 38 sa
934 411 189 61 haute
1160 416 353 80 protection
1549 417 54 57 le
1640 417 189 61 talent
1865 417 261 84 précoce
2154 420 82 58 du
2271 417 410 79 bénéficiaire,

101 510 96 86 qui
253 505 346 61 s'efforcera
633 503 75 61 de
745 503 256 61 mériter
1054 528 83 38 un
1178 507 82 59 tel
1310 522 339 68 patronage
1684 525 59 44 et
1797 533 108 61 par
1940 511 101 60 des
2093 514 451 81 compositions
2580 515 103 60 des

99 596 206 89 grands
355 595 251 61 maîtres
657 611 58 45 et
774 618 110 61 par
938 619 122 37 une
1119 597 233 82 grande
1910 601 340 81 (Première
2308 605 282 60 audition
2650 605 33 61 à

102 689 342 82 Cracovie).

1157 841 412 42 PROGRAMME
1602 845 11 38 :

271 977 85 64 N°
400 1001 50 40 I.
900 981 270 60 Concerto
1505 1003 66 36 en
1703 981 61 58 la
1891 980 242 73 mineur^
1268 1003 110 60 par
1416 982 326 74 HUMMEL,
1780 982 257 62 exécuté
2074 1008 110 61 par
2237 986 294 83 Stephen,
2568 986 111 83 âgé

101 1077 64 60 de
197 1095 154 38 onze
386 1093 122 39 ans.

271 1188 85 62 N°
395 1210 56 40 2.
489 1189 124 61 Air
1198 1189 173 60 varié
845 1212 161 60 pour
1060 1190 54 60 le
1148 1190 235 74 violon,
1420 1192 75 59 de
1533 1193 292 72 LAFONT,
1862 1192 258 62 exécuté
2175 1217 108 60 par
2321 1197 99 58 M.
2460 1197 184 58 Sacco-

101 1287 155 60 witz.

230 1386 112 65 (Cet
383 1387 161 47 artiste
572 1386 56 47 de
675 1387 147 64 grand
854 1404 187 44 renom,
1071 1385 80 49 n'a
1178 1404 78 46 pas
1283 1387 150 49 hésité
1460 1387 25 47 à
1510 1405 46 29 se
1585 1389 172 47 rendre
1782 1389 26 47 à
1836 1387 287 50 l'invitation
2152 1390 57 47 de
2248 1390 225 63 Stephen,
2504 1390 152 49 bénéfi-

98 1462 144 61 ciaire,
271 1471 46 36 et
342 1460 133 47 vient
502 1458 357 64 expressément
887 1458 56 47 de
973 1458 235 63 Bochnia,
1237 1477 120 45 pour
1385 1460 64 47 lui
1479 1460 155 63 prêter
1660 1460 176 63 l'appui
1865 1461 57 47 de
1949 1479 83 29 son
2064 1462 118 47 beau
2209 1461 184 65 talent.)
2415 1464 15 62 (
2434 1460 12 26 J
2451 1464 14 62 )

272 1573 62 59 N
341 1571 18 27 u
398 1592 54 61 3.
493 1571 438 83 Improvisation
966 1594 101 38 sur
1103 1571 101 61 des
1241 1570 241 62 thèmes
1518 1570 253 76 donnés,
1808 1594 109 61 par
1952 1574 294 81 Stephen.

271 1701 86 62 N°
393 1724 59 58 4.
497 1702 286 61 Cavatine
872 1704 67 59 di
964 1704 154 61 tanti
1132 1704 236 83 palpiti,
1453 1704 73 59 de
1554 1702 344 74 Tancrède,
1927 1706 288 81 musique
2244 1705 73 60 de
2351 1705 333 62 Gioacchino

112 1795 218 65 Rossini.
331 1791 2 88 ,
371 1795 281 61 Chantée
689 1818 109 61 par
835 1798 77 59 M
921 1791 41 29 lle
995 1798 273 59 Adelina
1305 1796 365 61 Wieliszka.

229 1913 112 65 (Cet
360 1914 84 61 air,
465 1932 69 28 un
560 1913 82 48 des
667 1913 106 64 plus
794 1913 202 48 illustres
1018 1914 58 47 de
1099 1913 218 48 l'illustre
1344 1931 155 48 cygne
1522 1913 58 48 de
1602 1912 185 63 Pesaro,
1913 1931 192 30 comme
2125 1912 231 63 l'Europe
2378 1925 105 36 tout
2504 1913 179 48 entière

98 2005 23 30 a
144 1985 189 49 nommé
360 1985 43 49 le
430 1985 149 65 grand
607 1998 49 36 et
682 1985 174 49 fécond
884 1985 309 51 Gioacchino
1222 1987 189 47 Rossini
1522 2003 60 29 ne
1611 2003 264 46 manquera
1902 1987 349 47 certainement
2277 2003 79 46 pas
2383 1984 230 50 d'exciter
2639 1985 42 49 le

101 2059 143 64 public
272 2058 51 49 P.
355 2058 52 49 P.
437 2059 26 47 à
489 2058 82 48 des
595 2058 457 63 applaudissements
1079 2059 289 64 unanimes.)

270 2170 86 62 N°
395 2190 56 63 5.
888 2171 295 61 Fantaisie
1576 2172 68 59 de
1777 2170 307 75 bravoure,
1279 2191 101 40 sur
1432 2170 103 59 des
1573 2167 238 62 thèmes
1866 2170 306 72 irlandais,
2209 2168 329 85 composée
2572 2193 111 60 par

103 2265 385 72 MOSCHELÈS,
525 2261 297 62 exécutée
858 2286 109 61 par
1004 2262 296 84 Stephen.

229 2368 161 63 (Cette
431 2368 235 61 fantaisie,
695 2366 230 49 exécutée
968 2384 81 46 par
1077 2368 44 47 le
1160 2368 147 65 jeune
1336 2364 301 49 bénéficiaire
1664 2364 27 48 à
1716 2382 70 30 ses
1830 2378 220 34 concerts
2093 2364 59 48 de
2178 2365 209 61 Vienne,
2417 2364 57 48 de
2520 2364 159 62 Pesth,

99 2439 218 63 Bochnia,
360 2440 226 48 Tarnow
613 2453 48 35 et
704 2453 159 35 autres
889 2439 240 65 capitales,
1173 2452 69 36 est
1268 2457 98 29 une
1394 2440 80 47 des
1514 2438 239 48 dernières
1787 2438 342 62 compositions
2173 2438 64 47 du
2279 2436 184 50 célèbre
2505 2438 175 63 Ignace

101 2510 273 65 Moschelès,
417 2513 62 47 né
506 2513 27 47 à
559 2511 186 66 Prague
785 2513 43 47 le
864 2511 58 50 18
971 2513 170 64 Juillet
1176 2525 131 52 1793
1338 2523 48 35 et
1432 2513 268 45 maitenant
1726 2510 26 48 à
1778 2509 234 62 Londres,
2059 2511 205 61 premier
2302 2510 196 62 pianiste
2538 2510 57 47 de
2623 2509 58 49 Sa

99 2582 191 68 Majesté
319 2586 305 64 britannique
652 2584 197 66 George
875 2584 93 63 IV,
997 2586 69 46 roi
1096 2584 360 64 d'Angleterre,
1486 2582 243 61 d'Ecosse,
1757 2594 112 49 etc.,
1898 2581 112 64 etc.)

270 2698 86 62 N°
394 2699 57 61 6.
901 2699 329 61 Variations
1612 2713 150 69 pour
1975 2699 151 61 deux
2300 2697 188 84 flûtes
1851 2718 100 38 sur
1980 2694 145 61 God
2163 2695 149 60 Save
2347 2693 107 61 the
2484 2694 195 81 King,

99 2811 97 61 par
232 2793 292 73 DROUET,
553 2789 329 63 exécutées
916 2814 109 60 par
1063 2792 191 60 MM.
1287 2788 326 62 Balthazar
1639 2803 61 46 et
1729 2788 286 61 Stanislas
2051 2786 365 83 Bemutsky,
2445 2787 234 58 artistes

99 2881 73 61 du
206 2882 235 62 théâtre
477 2883 75 61 de
586 2885 57 59 la
677 2886 146 58 ville
858 2885 157 59 libre
1053 2883 75 60 de
1168 2883 323 60 Cracovie.

270 3014 86 62 N°
392 3036 59 63 7.
493 3015 357 63 Deuxième
886 3031 59 45 et
981 3014 282 62 dernière
1297 3013 420 85 improvisation
1722 3062 16 23 ,
1772 3033 111 62 par
1919 3012 311 59 STEPHEN.

268 3148 103 61 On
407 3162 89 47 est
529 3146 133 85 prié
699 3148 74 61 de
809 3145 290 86 préparer
1132 3146 104 60 des
1270 3144 262 73 thèmes,
1568 3145 119 60 soit
1722 3142 360 70 nationaux,
2119 3140 118 60 soit
2283 3135 303 86 d'Opéras
2619 3151 60 46 et

101 3238 63 61 de
198 3242 82 59 les
313 3255 292 69 apporter
639 3263 109 61 par
783 3240 156 61 écrit
973 3263 78 37 au
1087 3242 294 58 Concert.

268 3334 91 59 Le
414 3330 395 63 bénéficiaire
863 3333 299 60 remercie
1217 3332 290 59 d'avance
1542 3351 121 38 une
1715 3327 189 61 haute
1961 3324 294 72 noblesse,
2291 3344 84 38 un
2434 3320 245 61 louable

101 3443 162 64 corps
299 3426 352 73 d'officiers,
689 3447 120 38 une
845 3423 342 61 honorable
1231 3422 417 82 bourgeoisie,
1684 3435 61 44 et
1781 3440 119 38 une
1936 3416 369 83 population
2360 3412 319 61 estimable

103 3513 64 61 de
198 3517 129 61 leur
360 3517 230 61 intérêt
616 3532 60 45 et
713 3518 134 83 prie
883 3515 276 83 d'agréer
1185 3515 362 61 l'assurance
1583 3512 75 60 de
1684 3512 56 58 la
1775 3511 138 82 plus
1947 3506 305 86 profonde
2286 3506 390 71 soumission,

208 3697 41 54 (*)
276 3701 218 40 Saccowitz
515 3701 98 40 était
631 3715 56 25 un
711 3699 212 40 misérable
945 3698 303 52 saltimbanque
1274 3715 10 33 ;
1305 3695 28 41 il
1356 3696 106 40 avait
1479 3694 36 40 le
1534 3692 187 42 malheur
1738 3693 124 39 d'une
1881 3691 111 40 main
2011 3689 183 49 humide,
2214 3698 38 31 et
2274 3687 38 41 la
2329 3687 150 41 séchait
2497 3687 181 55 pendant

102 3755 142 55 chaque
266 3774 120 40 pause
409 3775 96 25 avec
528 3761 55 39 du
607 3774 87 34 son,
719 3758 102 55 qu'il
844 3760 152 54 portait
1019 3759 101 39 dans
1142 3757 38 40 la
1199 3757 134 55 poche
1357 3756 50 39 de
1429 3769 73 25 son
1524 3752 112 53 gilet.
