3121 4348
1490 254 76 68 S.
1636 252 69 69 I.
1769 251 124 69 M.

419 269 162 71 600

413 420 145 58 dans
597 419 54 58 le
687 430 186 68 geste,
908 414 235 58 d'autre
1179 421 156 70 part,
1371 406 19 59 1
1414 402 278 61 émotion
1747 423 35 45 y
1819 414 86 44 est
1941 397 174 60 saisie
2151 395 147 58 dans
2333 415 60 38 sa
2427 412 266 63 piesque
2731 392 235 80 intégra-

414 508 108 62 lité
548 536 12 47 ;
592 509 112 58 elle
737 522 85 44 est
859 505 151 59 mise
1044 501 33 61 à
1112 523 104 49 nu,
1245 514 60 43 et
1340 515 249 41 comme
1625 489 301 72 dévoilée,
1954 509 109 62 par
2096 487 56 60 le
2186 484 457 61 frémissement
2672 482 103 60 des
2807 482 193 83 lignes

416 602 274 58 vivantes
723 597 142 59 d'un
902 614 175 61 corps
1110 590 237 84 projeté
1385 599 136 47 tout
1557 598 219 56 entier,
1813 581 146 59 dans
1993 580 19 57 1
2039 593 209 44 action
2286 598 83 61 qu
2394 576 44 59 il
2473 575 360 81 accomplit.

604 691 115 58 Les
752 689 205 78 leçons
991 684 74 60 de
1102 684 80 60 G.
1223 682 102 70 R.,
1362 698 160 64 pour
1549 675 107 84 qui
1693 674 113 60 sait
1841 669 296 62 entendre
2171 670 57 59 le
2262 669 225 60 silence
2524 666 82 60 du
2642 680 192 68 geste,
2869 683 132 46 sont

422 782 100 59 des
558 779 399 60 révélatrices.

606 1054 90 58 Le
732 1074 178 37 cours
959 1051 102 60 des
1102 1050 215 81 jeunes
1352 1042 152 63 filles
1538 1056 88 46 est
1664 1054 173 46 toute
1874 1040 203 81 grâce,
2112 1058 134 39 sans
2281 1056 240 40 aucune
2563 1033 351 74 mièvrerie,
2949 1051 54 46 et

431 1168 89 37 res
718 1143 266 73 mirabilis,
985 1158 114 44 toute
1157 1138 212 62 vérité.
1429 1138 126 58 Des
1612 1133 285 71 femmes,
1960 1131 276 82 quittant
2303 1150 161 61 pour
2530 1149 84 38 un
2669 1129 227 57 instant
2952 1129 51 59 le

426 1237 311 59 vêtement
792 1234 72 59 de
936 1253 337 60 mensonge
1339 1249 119 63 que
1510 1228 134 57 leur
1692 1227 334 78 imposent,
2074 1221 102 60 des
2228 1221 19 59 1
2275 1218 279 75 enfance,
2603 1220 85 59 les
2737 1219 266 81 stupiaes

430 1327 400 61 conventions
883 1326 353 82 auxquelles
1286 1323 141 60 elles
1480 1332 136 47 sont
1667 1317 317 71 soumises,
2024 1313 148 61 n'est
2219 1334 69 39 ce
2338 1313 181 81 point
2572 1333 79 38 un
2707 1313 296 80 spectacle

430 1417 318 61 inattendu
784 1417 10 60 !
851 1418 103 61 On
1009 1439 151 38 nous
1206 1417 54 58 le
1315 1416 223 67 donne,
1594 1411 42 58 il
1690 1430 156 38 nous
1897 1406 326 61 enchante.
2276 1406 178 58 Avec
2505 1425 123 38 une
2672 1403 329 81 simplicité

432 1510 379 71 charmante,
850 1531 117 37 une
1002 1506 305 74 sincérité,
1345 1525 153 39 nous
1547 1501 234 60 dirions
1818 1520 282 62 presque,
2138 1519 75 36 au
2250 1496 285 59 meilleur
2570 1516 132 38 sens
2737 1493 84 60 du
2857 1510 143 59 mot,

1519 1615 120 37 une
1674 1590 271 61 candeur
1982 1588 355 73 délicieuse,
2368 1608 97 39 ces
2490 1586 219 81 jeunes
2746 1584 222 83 rythmi-

1517 1686 247 57 ciennes
1818 1704 58 38 se
1932 1694 384 47 soumettent
2370 1700 123 38 aux
2543 1679 138 81 plus
2732 1676 271 62 difficiles

1515 1776 334 59 exercices:
1891 1793 270 41 mesures
2196 1769 459 85 compliquées;
2693 1790 308 63 syncopes,

1517 1881 473 67 contre-temps,
2046 1864 178 60 n'ont
2279 1865 136 80 plus
2465 1862 77 60 de
2586 1875 224 47 secrets
2857 1883 147 61 pour

1517 1962 161 57 elles.
1735 1957 431 61 L'évaluation
2218 1969 216 46 exacte
2487 1954 103 61 des
2638 1956 277 71 silences,
2962 1957 39 58 si

1518 2051 277 71 difficile,
1851 2065 61 43 et
1962 2048 343 60 incertaine
2359 2069 160 60 pour
2568 2047 84 60 les
2703 2046 301 61 meilleurs

1518 2142 103 60 des
1675 2142 357 70 musiciens,
2084 2141 155 58 n'est
2299 2140 196 82 qu'un
2540 2138 111 83 jeu
2709 2160 162 61 pour
2919 2160 86 39 ces

1519 2232 217 61 élèves.
1801 2234 333 81 Sculpteur
2192 2230 162 62 idéal
2413 2246 60 45 et
2524 2229 377 85 impérieux,
2954 2231 50 60 le

1521 2325 250 84 rythme
1825 2324 244 61 modèle
2123 2339 140 44 tous
2313 2345 98 38 ces
2462 2324 208 75 jeunes
2719 2344 179 61 corps
2952 2337 52 45 et

1522 2420 82 57 les
1640 2419 206 57 anime
1898 2415 31 60 à
1980 2438 109 38 son
2142 2414 106 84 gré
2283 2438 12 38 :
2354 2414 269 84 fragiles,
2676 2415 328 83 gracieuses

1524 2524 59 45 et
1617 2510 278 59 vivantes
1931 2523 339 46 statuettes.

1710 2602 127 58 Des
1871 2602 309 58 exercices
2227 2601 75 59 de
2352 2621 153 62 pure
2540 2598 361 83 technique,
2935 2620 68 38 on

1524 2714 191 61 passe,
1753 2714 131 38 sans
1918 2691 205 73 effort,
2154 2691 33 61 à
2236 2692 57 60 la
2328 2692 346 83 stylisation
2712 2691 81 60 du
2831 2704 170 68 geste.

1526 2787 89 58 Ce
1665 2800 136 45 sont
1861 2784 74 61 de
1984 2786 224 81 petites
2266 2784 207 61 scènes
2533 2782 293 61 aimables
2859 2805 10 38 :

1538 2875 275 62 cueillette
2149 2876 95 59 des
2365 2876 196 82 fleurs
2810 2899 19 46 ;
2951 2878 52 58 le

1523 2980 56 47 et
1609 2966 229 84 reprise.
1871 2969 203 58 L'une
2110 2968 267 61 derrière
2411 2969 237 72 l'autre,
2685 2983 60 44 et
2774 2985 230 42 comme

1526 3062 476 81 accomplissant
2055 3063 272 81 quelque
2378 3059 409 85 mystérieuse
2838 3079 134 64 gyro-

1527 3153 265 73 mancie,
1838 3153 85 60 les
1975 3151 200 62 élèves
2228 3153 306 61 dessinent
2585 3154 56 59 le
2693 3166 167 70 geste
2901 3170 103 63 que

1528 3243 266 61 réclame
1827 3246 57 58 la
1935 3243 273 61 mélodie
2239 3271 14 48 ;
2305 3245 361 61 l'ensemble
2707 3259 86 47 est
2845 3242 128 61 char-

1529 3351 192 46 mant.
1755 3337 103 61 On
1886 3339 134 58 voit
2046 3337 264 83 poindre
2345 3340 57 58 la
2436 3337 183 61 danse
2655 3336 349 84 expressive,

1528 3427 285 86 appuyée
1863 3452 102 38 sur
2015 3453 120 37 une
2171 3431 193 60 solide
2399 3430 362 84 technique.
2818 3430 51 60 Il
2901 3449 36 62 y
2980 3445 25 38 a

1531 3520 103 60 des
1660 3523 560 80 agenouillements
2253 3523 159 61 lents
2446 3524 111 81 qui
2585 3534 302 71 prennent
2919 3518 86 59 des

1532 3614 208 80 grâces
1785 3612 282 83 d'élégie,
2102 3629 61 46 et
2214 3615 104 60 des
2364 3614 282 61 marches
2695 3613 310 81 héroïques

837 3574 116 48 Sotto
978 3594 97 29 voce

439 3698 99 63 où-
568 3722 98 39 ces
714 3698 330 63 féminines
1093 3700 304 65 faiblesses
1443 3726 59 39 se
1551 3721 220 46 muent
1820 3730 77 38 en
1946 3706 201 63 forces
2187 3730 150 39 avec
2372 3708 261 61 l'accent
2681 3708 324 81 vainqueur
