3121 4348
1247 269 460 58 L
1707 269 446 58 'ACTUALITÉ

400 301 78 60 43
494 301 32 37 2

398 412 300 63 pédagogues
725 425 91 45 que
845 404 78 47 des
964 400 270 49 musiciens.
1279 397 63 48 Ils
1384 395 268 64 répondent

397 486 26 48 à
451 484 123 47 leurs
599 479 282 50 adversaires
918 492 89 46 que
1050 474 123 46 leurs
1213 470 295 64 prétentions
1543 479 109 36 sont

397 568 106 37 tout
529 555 27 47 à
581 554 84 47 fait
692 552 250 57 modestes,
984 558 46 35 et
1069 544 145 63 qu'on
1256 543 103 45 leur
1399 541 131 63 prête
1573 539 80 47 des

398 629 204 48 desseins
642 639 104 48 trop
788 621 263 49 ambitieux
1079 630 47 35 et
1155 629 104 50 trop
1290 615 168 47 hardis.
1502 613 64 47 Ils
1592 630 61 28 ne

396 712 204 53 songent
646 698 135 62 point
825 695 26 47 à
892 690 261 64 remplacer
1197 687 42 47 la
1277 687 149 64 portée
1478 703 80 45 par
1611 684 42 47 le

397 774 173 66 chiffre.
602 770 71 48 La
692 767 147 65 portée
878 778 172 34 restera
1077 761 42 47 le
1141 778 178 47 moyen
1348 760 58 46 de
1433 757 220 49 notation

400 847 78 46 des
518 844 197 58 artistes,
755 853 46 34 et
835 856 54 30 ce
918 836 121 47 n'est
1084 851 79 45 pas
1197 851 60 30 au
1286 831 368 50 Conservatoire

400 917 114 66 qu'il
565 915 137 62 s'agit
753 910 297 62 d'enseigner
1102 906 43 47 le
1197 903 183 49 chiffre.
1436 903 131 47 Mais
1614 901 40 47 le

397 990 160 65 chiffre
581 1004 99 30 sera
707 982 257 62 l'alphabet
986 977 199 48 musical
1215 977 56 46 de
1300 974 200 49 l'Ecole.
1525 973 38 47 Il
1587 986 67 34 est

1735 392 104 63 plus
1864 389 188 64 simple,
2096 388 106 63 plus
2244 386 176 64 rapide,
2465 385 105 64 plus
2603 384 255 48 maniable.
2889 383 41 47 Il
2956 402 47 30 se

1736 465 131 62 prête
1894 464 26 46 à
1959 475 107 35 tous
2094 461 66 47 les
2203 460 187 47 besoins
2429 459 57 47 de

1736 538 157 47 maire.
1925 535 38 47 Il
1992 554 27 28 a
2037 535 161 47 même
2227 547 76 34 cet
2330 544 249 52 avantage,
2612 533 80 62 qui
2724 530 122 47 n'est
2875 548 79 44 pas
2979 530 27 47 à

1737 610 274 64 dédaigner,
2053 607 148 47 d'être
2240 605 104 63 plus
2383 605 338 62 économique.
2764 602 88 49 Du
2884 615 120 36 reste

1737 682 65 47 les
1828 681 242 65 galinistes
2108 680 244 46 affirment
2391 695 94 46 que
2512 676 117 48 c'est
2660 694 66 28 un
2763 676 83 65 jeu
2874 674 104 63 d'ap-

1737 755 202 62 prendre
1980 752 26 49 à
2034 752 79 47 des
2154 751 190 47 enfants
2372 750 43 47 la
2611 748 156 64 quand
2800 747 53 47 ils
2889 765 89 29 con-

1737 828 210 46 naissent
1975 825 102 66 déjà
2105 823 43 49 le
2183 822 161 67 chiffre
2347 860 11 24 ,
2397 835 47 34 et
2471 822 117 47 ainsi
2631 822 102 46 leur
2762 820 242 63 méthode,

1737 901 99 47 loin
1850 898 263 64 d'allonger
2132 896 180 48 l'étude
2330 897 80 46 des
2436 897 157 62 signes
2611 896 56 45 de
2696 894 44 47 la
2766 894 238 63 musique,

1737 973 138 47 serait
1903 990 66 28 un
2000 969 231 49 raccourci.
2253 968 161 48 L'une
2443 968 80 47 des
2543 966 258 48 autoritées
2819 966 65 48 les
2904 964 103 64 plus

520 1178 271 120 Ecole
850 1176 503 145 Française
1411 1173 117 117 de
1589 1171 678 145 Gymnastique
2321 1163 566 147 Rythmique

1040 1351 315 61 Méthode
1399 1346 942 86 JACQUES-DALCROZE

1387 1458 39 34 11
1463 1458 202 33 Avenue
1696 1457 91 34 des
1818 1455 188 34 Ternes

619 1542 9 15 t

868 1586 29 34 2
903 1587 13 16 e
945 1575 224 45 ANNÉE:
1203 1582 263 38 1910-1911
1584 1571 438 46 RÉOUVERTURE
2059 1578 63 35 LE
2159 1576 56 35 15
2249 1576 279 35 OCTOBRE

1113 1656 505 61 HORAIRE
1682 1653 199 60 DES
1943 1650 361 63 COURS

520 1770 240 50 COURS
803 1768 95 48 DE
940 1746 373 70 PREMIÈRE
1355 1745 268 67 ANNÉE.

664 1844 235 44 HOMMES
1024 1840 180 60 Lundi,
1236 1838 28 48 6
1296 1840 188 56 heures;
1517 1836 264 61 Vendredi,
1813 1852 28 46 9
1871 1836 171 45 heures
2069 1834 65 45 du
2161 1834 106 45 soir.

667 1915 188 47 DAMES
884 1929 62 32 ET
972 1914 190 63 JEUNES
1192 1912 175 46 FILLES
1491 1910 156 48 Cours
1674 1910 64 46 A.
1771 1907 242 47 Mercredi
2045 1919 47 34 et
2120 1905 207 61 Samedi,
2357 1920 31 43 4
2418 1905 185 44 heures.

1496 1982 157 47 Cours
1680 1981 56 47 B.

666 2059 245 48 ENFANTS
1035 2057 157 47 Cours
1218 2057 62 46 A.
1312 2055 229 63 (Grands)
1573 2053 161 47 Mardi
1763 2066 47 33 et
1842 2051 264 62 Vendredi,
2153 2062 23 49 5
2208 2051 47 46 H.
2294 2062 76 49 15*

1035 2128 157 49 Cours
1218 2128 56 47 B.
1305 2127 184 64 (Petits)
1566 2126 163 47 Lundi
1759 2139 46 33 et
1834 2125 160 63 Jeudi,
2036 2125 107 59 4h.
2173 2135 85 48 45.

524 2216 240 51 COURS
805 2215 97 48 DE
944 2194 396 68 DEUXIÈME
1383 2193 267 66 ANNÉE.

668 2290 235 45 HOMMES
1028 2286 263 61 Mercredi,
1322 2286 106 62 9h.
1458 2285 62 47 du
1548 2285 116 57 soir;
1696 2283 296 60 Dimanche,
2030 2297 53 31 11
2120 2282 46 46 h.
2196 2279 64 47 du
2290 2279 169 47 matin.

668 2361 191 48 DAMES
885 2375 63 31 ET
974 2360 190 63 JEUNES
1193 2358 175 47 FILLES
1494 2357 162 47 Mardi
1687 2370 47 33 et
1763 2354 267 61 Vendredi,
2060 2371 31 44 4
2121 2354 184 47 heures.

667 2432 246 48 ENFANTS
1037 2431 245 47 Mercredi
1312 2442 47 34 et
1388 2429 205 61 Samedi,
1627 2441 23 48 5
1684 2429 46 46 h.
1768 2441 78 48 15.

522 2516 327 52 SOLFEGE
998 2514 239 49 Méthode
1277 2514 476 65 Jaccjues-Dalcroze

668 2591 173 48 COURS
868 2605 64 30 DE
962 2586 257 49 PREMIÈRE
1247 2586 173 49 ANNÉE
1543 2588 160 64 Jeudi,
1740 2603 52 31 11
1830 2588 169 45 heures
2027 2586 64 45 du
2119 2584 170 47 matin.

667 2662 173 48 COURS
866 2676 64 31 DE
958 2657 268 49 DEUXIÈME
1252 2657 173 49 ANNÉE
1551 2659 297 60 Dimanche,
1880 2673 28 48 9
1938 2659 46 46 h.
2016 2669 63 49 45
2112 2657 64 47 du
2205 2655 169 47 matin.

524 2746 326 52 SOLFEGE
892 2744 556 50 ELEMENTAIRE.
1598 2746 161 63 Jeudi,
1797 2760 61 31 10
1887 2746 46 45 h.
1965 2743 63 47 du
2058 2743 169 47 matin.

700 2857 46 40 M.
771 2856 116 39 JEAN
911 2855 207 49 d'UDINE,
1146 2856 123 49 reçoit
1288 2856 55 49 11,
1369 2856 158 39 Avenue
1547 2856 67 39 des
1635 2856 159 47 Ternes,
1823 2855 31 39 le
1879 2855 122 38 Mardi
2018 2856 40 37 et
2081 2855 31 38 le
2134 2854 192 39 Vendredi
2347 2854 48 38 de
2416 2851 23 39 2
2460 2855 24 37 à
2505 2851 23 39 4
2550 2851 155 41 heures.

1147 3137 808 163 LEÇONS
2016 3137 183 122 de
2275 3132 612 127 PIANO

1341 3332 404 58 VIOLONS,
1783 3318 409 67 SOLFÈGE
2229 3329 479 55 HARMONIE

1623 3453 131 40 PAR
1789 3452 640 42 CORRESPONDANCE

1505 3546 483 74 COURS
2072 3544 467 76 SINAT

1287 3692 141 52 Rue
1683 3691 342 57 Franklin,
2490 3691 62 57 5,

498 3124 324 46 Application

503 3189 257 38 raisonnée
790 3187 84 40 des

503 3254 250 39 meilleurs
764 3253 230 47 procédés

500 3319 362 48 pédagogiques

501 3391 47 34 et
579 3385 286 47 techniques

502 3452 247 49 employés
776 3464 97 34 par
903 3451 69 39 les

500 3517 188 49 grands
721 3515 205 41 maîtres

503 3584 398 45 contemporains

498 3648 233 54 français

503 3719 46 35 et
577 3715 272 46 étrangers.
