3121 4348
613 180 215 78 LES
876 177 308 79 AMIS
1237 177 168 79 DE
1471 177 165 79 LA
1697 180 538 101 MUSIQUE

135 337 216 63 Gabriel
381 336 179 57 Fauré
590 347 83 43 est
703 333 110 56 très
845 330 197 78 inégal.
1079 330 45 56 Il
1155 329 120 57 faut
1306 330 180 77 placer
1515 332 112 56 très
1659 334 136 55 haut
1824 353 57 35 sa
1909 334 145 55 suite
2084 334 70 56 de
2243 333 215 57 Pelléas
2582 334 127 56 L'in-

135 436 203 56 fluence
383 429 68 56 de
493 428 250 75 Wagner
785 437 84 43 est
911 423 418 57 incontestable.
1378 426 153 54 Mais
1574 446 79 34 un
1683 426 250 76 Wagner
1978 427 43 55 si
2053 427 127 55 bien
2210 427 191 76 digéré
2444 426 137 77 qu'il
2611 428 126 54 n'en

134 523 197 61 résulte
378 543 180 35 aucun
604 521 299 74 dommage
950 537 146 56 pour
1145 516 260 72 l'auteur,
1456 530 54 43 et
1560 518 113 55 l'on
1724 532 265 42 trouvera
2043 532 275 42 rarement
2366 518 372 77 l'impression

135 614 420 63 d'inconsolable
586 612 258 69 douleur,
877 611 70 56 de
977 610 146 57 désir
1154 610 284 56 inassouvi
1470 611 249 76 exprimé
1749 631 97 56 par
1876 611 99 56 des
2006 633 129 34 sons
2164 612 145 55 aussi
2340 631 136 56 purs
2505 624 54 43 et
2601 611 137 56 dans

138 729 102 40 une
270 706 179 59 forme
477 706 147 56 aussi
656 701 306 79 parfaite...

289 802 165 55 Citons
503 817 167 38 encore
715 817 68 35 un
831 798 85 53 des
963 798 199 53 articles
1208 797 69 53 les
1321 797 123 71 plus
1494 797 136 73 longs
1677 798 62 53 de
1780 798 52 54 la
1865 813 190 56 presse,
2100 798 123 54 celui
2263 798 61 53 de
2354 809 137 43 notre
2520 797 218 72 confrère

145 896 263 73 Korngold,
732 911 274 38 successeur
1329 893 59 52 de
1508 891 253 54 Hanslick
2069 891 32 53 à
2195 891 51 53 la
2359 891 150 54 Neue
2716 891 31 53 F
2142 889 14 28 1

342 987 81 53 La
451 984 259 77 musique
741 979 426 60 instrumentale
1208 978 264 73 française
1503 982 179 74 prend
1712 983 319 55 conscience
2062 981 392 56 d'elle-même.
2478 979 47 56 Il
2542 1002 38 55 y
2596 1000 31 34 a
2644 981 94 53 dix

132 1101 89 37 ans
252 1099 193 35 encore
488 1099 74 34 on
596 1098 66 34 ne
705 1076 217 55 l'aurait
967 1095 93 55 pas
1089 1095 113 34 vue
1232 1087 238 63 prenant
1512 1075 52 56 le
1593 1076 140 55 train
1777 1075 28 56 à
1836 1076 49 53 la
1926 1095 127 56 gare
2097 1076 70 55 de
2209 1073 146 56 l'Est
2398 1094 141 54 pour
2580 1073 160 55 venir

134 1172 232 58 célébrer
395 1171 64 54 ici
492 1170 134 56 trois
648 1167 267 78 journées
955 1169 70 54 de
1056 1165 155 57 fêtes.
1245 1166 91 56 En
1377 1171 146 70 1899
1559 1167 169 55 MM.
1762 1167 234 55 Rabaud
2026 1179 55 43 et
2103 1166 268 56 d'Ollone
2401 1167 280 74 passèrent
2709 1164 29 54 à

134 1266 209 54 Vienne
381 1285 14 47 ;
441 1263 250 54 c'étaient
720 1261 143 55 alors
893 1260 78 55 les
1002 1263 224 52 maîtres
1253 1260 153 55 Saint
1438 1260 184 70 Saëns,
1658 1260 235 70 Franck,
1926 1259 241 70 Dubois,
2199 1259 223 76 d'lndy,
2455 1258 281 68 Chabrier,

136 1357 145 71 Lalo,
313 1357 259 53 Bruneau
615 1355 95 75 qui
741 1374 143 35 nous
916 1353 353 75 paraissaient
1311 1352 80 55 les
1424 1353 413 75 représentants
1881 1353 172 54 d'une
2095 1352 325 76 génération
2465 1350 69 55 de
2564 1350 139 55 musi-

132 1451 140 55 ciens
301 1448 314 55 modernes.
670 1447 151 54 Mais
851 1445 348 74 rapidement
1230 1444 241 56 d'autres
1501 1445 298 55 modernes
1830 1457 99 42 ont
1963 1444 228 55 succédé
2220 1443 30 56 à
2279 1442 233 71 ceux-là,
2559 1454 54 42 et
2642 1440 96 77 qui

134 1556 91 43 ont
256 1562 110 35 non
398 1539 307 56 seulement
734 1538 232 56 cherché
995 1538 29 55 à
1054 1534 365 60 transformer
1447 1538 51 55 la
1527 1538 203 75 langue
1762 1537 263 56 musicale
2055 1557 68 36 en
2156 1557 186 55 usage,
2374 1536 133 54 mais
2539 1555 198 35 encore

132 1636 26 55 à
185 1645 334 63 transporter
548 1632 133 55 dans
705 1631 50 55 le
785 1630 262 56 domaine
1077 1631 70 55 de
1176 1631 125 55 l'art
1331 1630 98 56 des
1460 1630 459 75 préoccupations
1950 1628 394 55 nationalistes.
2377 1628 102 69 Or,
2511 1627 227 53 n'est-ce

132 1746 89 56 pas
243 1726 309 76 justement
579 1745 60 35 ce
667 1744 216 56 groupe
913 1724 219 69 radical,
1164 1724 143 73 épris
1339 1722 70 56 de
1439 1722 446 56 revendications
1921 1720 321 71 nationales,
2291 1720 97 76 qui
2417 1739 31 34 a
2477 1720 203 73 permis
2709 1717 29 56 à

134 1820 47 56 la
206 1820 254 75 musique
503 1815 259 71 française
807 1816 68 56 de
920 1816 159 71 jouer
1110 1838 77 33 un
1232 1816 116 56 rôle
1392 1815 70 56 de
1507 1815 125 75 plus
1675 1837 69 34 en
1777 1815 126 75 plus
1945 1814 376 56 considérable
2364 1813 136 54 dans
2529 1811 51 56 la
2609 1832 99 34 con-

132 1932 249 35 currence
412 1910 416 56 internationale
849 1909 20 56 ?
901 1910 52 54 Si
977 1909 295 76 paradoxal
1296 1929 110 56 que
1435 1909 112 56 cela
1580 1909 184 74 puisse
1789 1910 251 73 paraître,
2064 1928 74 34 on
2168 1919 136 62 peut
2330 1907 115 53 dire
2476 1924 109 57 que
2614 1904 122 55 l'art

134 2004 90 56 des
267 2004 218 55 anciens
535 2016 55 43 et
620 2003 97 55 des
757 2002 223 77 jeunes,
1028 2022 68 34 ne
1133 2002 163 54 serait
1343 2021 95 56 pas
1489 2021 152 35 venu
1687 2000 147 56 aussi
1881 1999 245 75 complet
2170 1999 29 55 à
2247 1998 263 69 Munich,
2561 1998 43 52 si
2652 2016 86 34 ces

134 2096 487 57 révolutionnaires
667 2096 71 54 de
781 2094 54 56 la
883 2094 254 56 dernière
1189 2094 172 55 heure
1415 2094 276 55 n'avaient
1745 2092 270 76 accompli
2072 2092 123 55 leur
2251 2101 368 46 mouvement
2670 2089 68 55 de

135 2188 203 56 révolte
369 2201 189 45 contre
581 2201 158 43 toute
770 2188 274 56 influence
1075 2187 305 76 étrangère.

436 2281 89 56 M.
666 2281 260 75 Korngold
1228 2281 224 73 rappelle
1733 2281 43 55 V
1782 2281 253 55 évolution
2394 2281 64 53 de
2577 2281 54 53 la
2744 2281 3 75 m

140 2375 154 74 ajoute
492 2397 16 33 :
435 2374 157 56 Tout
620 2374 29 54 à
677 2393 145 56 coup
853 2394 125 36 vers
1007 2373 53 55 la
1089 2373 73 54 fin
1194 2373 79 55 du
1306 2373 161 54 siècle
1496 2373 223 54 dernier
1750 2392 58 34 se
1837 2371 279 75 produisit
2163 2390 75 33 un
2271 2369 368 73 changement
2669 2366 69 55 de

135 2463 143 58 front
306 2478 190 43 contre
525 2465 51 55 la
605 2467 259 76 musique
894 2467 289 75 étrangère
1223 2478 55 43 et
1308 2464 514 76 particulièrement
1851 2474 192 45 contre
2073 2463 268 73 Wagner.
2396 2459 160 55 Cette
2587 2456 151 56 école

134 2578 52 36 se
233 2558 293 56 rassembla
568 2572 205 42 autour
818 2561 70 53 de
936 2559 235 55 Franck.
1226 2558 137 56 Puis
1415 2580 76 33 un
1545 2578 134 35 nom
1730 2576 321 48 commença
2095 2554 29 55 à
2168 2552 229 57 circuler
2439 2552 176 75 parmi
2660 2549 78 56 les

134 2652 255 56 écrivains
432 2665 55 42 et
516 2652 79 56 les
637 2652 406 75 compositeurs
1084 2651 198 56 libérés
1326 2652 70 55 de
1428 2651 307 76 Bayreuth:
1768 2648 297 75 Debussy!
2114 2648 100 55 Un
2246 2644 208 56 nouvel
2543 2644 138 54 isme

135 2746 185 75 naquit
352 2768 10 33 :
407 2745 49 54 le
502 2745 442 76 debussysme...
995 2745 73 54 Ici
1114 2765 112 34 une
1255 2743 212 77 grande
1498 2742 150 75 place
1691 2743 146 54 avait
1879 2741 86 56 été
2007 2738 262 58 accordée
2297 2738 29 55 à
2370 2736 366 61 Saint-Saëns.

136 2837 62 55 Sa
226 2839 329 75 symphonie
587 2837 202 56 s'élève
825 2859 123 34 sans
978 2858 150 35 cesse
1157 2837 301 56 au-dessus
1490 2837 78 54 du
1601 2834 252 76 spirituel
1877 2846 55 43 et
1961 2834 79 54 du
2060 2832 103 78 joli
2211 2830 529 76 (Nur-Geistreiche

136 2929 112 56 und
315 2930 605 76 Nur-Feingebildete)
967 2944 53 43 et
1063 2931 51 55 le
1157 2950 155 36 cœur
1354 2942 320 43 commente
1717 2928 52 54 le
1813 2926 266 56 souvenir
2136 2925 69 55 de
2256 2924 175 70 Liszt,
2476 2924 135 53 dans
2660 2921 80 55 les

135 3022 240 73 rythmes
421 3022 37 55 il
489 3036 80 43 est
605 3024 114 55 vrai
745 3023 69 56 de
846 3024 320 55 Schumann
1207 3036 54 43 et
1302 3023 71 54 de
1405 3019 438 57 Mendelssohn.
1876 3020 81 54 Le
1988 3018 237 75 premier
2253 3015 207 75 allegro
2491 3013 250 76 pourrait

136 3113 108 56 être
273 3114 69 56 de
371 3114 52 56 la
451 3116 146 54 main
629 3116 136 55 d'un
795 3116 322 57 Allemand.
1150 3117 158 54 Dans
1338 3114 238 76 l'adagio
1606 3116 246 73 apparaît
1880 3112 53 54 le
1964 3109 274 69 Français.

286 3206 222 57 Gabriel
539 3207 181 56 Fauré
764 3229 142 34 nous
936 3220 223 44 montre
1189 3229 79 35 un
1297 3220 84 44 art
1409 3207 200 56 voisin.
1645 3207 112 53 Son
1787 3216 240 63 quatuor
2046 3222 66 35 en
2140 3212 63 45 ut
2225 3199 212 77 majeur
2459 3196 150 77 parle
2632 3216 110 35 une

134 3295 195 80 langue
372 3300 240 56 sérieuse
656 3314 54 43 et
753 3301 362 56 d'excellente
1157 3301 348 76 compagnie.
1555 3300 95 54 Ses
1693 3297 273 56 mélodies
2009 3307 101 43 ont
2152 3314 76 34 un
2275 3290 218 78 parfum
2525 3290 216 69 délicat,

135 3389 155 57 sinon
318 3391 51 57 le
470 3389 233 59 Parfum
736 3392 388 77 Impérissable
1225 3392 142 58 dont
1409 3392 39 56 il
1493 3404 82 44 est
1617 3390 262 77 question
1924 3389 136 54 dans
2100 3386 153 55 l'une
2283 3382 207 59 d'elles.
2539 3382 53 54 A
2622 3380 120 56 côté

136 3481 65 56 de
231 3484 148 57 Saint
411 3485 165 56 Saëns
607 3498 54 43 et
703 3486 68 56 de
803 3486 180 58 Fauré
1024 3486 226 78 plaçons
1282 3486 227 56 Dubois
1548 3498 56 43 et
1634 3484 226 70 Widor,
1890 3495 131 42 tous
2051 3480 148 56 deux
2237 3479 142 54 issus
2410 3476 69 55 de
2507 3474 234 76 l'orgue.

134 3571 77 58 La
242 3575 205 57 France
477 3580 221 54 connaît
727 3579 146 55 aussi
903 3599 220 37 comme
1166 3598 146 38 nous
1352 3578 240 57 certaine
1632 3573 211 58 facture
1881 3570 264 60 musicale
2185 3570 98 77 qui
2323 3589 57 37 se
2411 3568 235 57 réclame
2674 3566 72 56 de

299 3705 52 37 23
384 3692 215 53 septembre.
