3121 4348
926 247 903 80 L'ACTUALITÉ

80 395 94 69 qu'à
200 393 204 48 admirer
431 409 67 29 un
539 408 218 48 paysage,
788 389 128 63 plein
945 391 57 47 de
1042 393 215 48 fantaisie
1284 405 47 36 et

81 465 268 65 d'imprévu,
379 477 47 35 et
466 463 287 48 néanmoins
793 463 129 64 réglé
956 482 116 30 avec
1100 484 66 28 un
1194 466 138 47 ordre

81 540 168 69 parfait.
280 536 88 50 On
410 548 107 36 sent
545 554 93 46 que
680 534 123 48 celui
833 536 82 62 qui
959 535 44 48 le
1045 537 195 61 possède
1273 537 61 49 l'a

81 612 131 54 voulu
252 611 115 47 ainsi
409 628 119 44 pour
568 626 85 31 son
706 607 150 65 gran,d
907 626 170 30 amour
1118 610 63 48 du
1222 611 109 47 Fini

81 691 102 46 dans
210 682 131 49 l'Art
367 684 80 62 qui
478 701 26 28 a
525 681 76 48 été
628 681 41 47 le
700 682 85 46 but
814 681 56 46 de
897 698 49 30 sa
972 682 73 46 vie
1067 699 10 30 :
1108 700 62 29 on
1199 701 102 30 com-

81 756 135 69 prend
259 755 122 48 alors
412 753 114 64 qu'il
570 771 61 29 ne
676 751 235 49 s'arrache
951 752 201 64 qu'avec
1195 756 140 61 peine

81 835 21 47 à
125 841 120 37 cette
273 827 253 47 délicieuse
564 825 221 60 solitude,
814 825 62 46 où
918 825 30 46 il
978 837 168 36 trouve
1180 840 156 34 toutes

81 907 56 47 les
161 902 275 60 sensations,
481 898 119 66 qu'il
647 911 76 35 sut
762 898 255 47 lui-même
1059 902 243 44 communi-

83 992 103 50 quer
211 991 94 30 aux
333 972 166 48 foules.

146 1047 132 48 Vous
304 1044 177 62 saluez,
511 1062 59 29 en
612 1043 43 48 la
681 1044 227 62 quittant,
950 1054 127 36 cette
1109 1043 227 48 demeure

83 1124 54 47 du
164 1120 116 63 Sage
307 1119 119 47 dont
455 1129 131 36 votre
628 1134 134 30 cœur
802 1128 47 34 et
876 1133 82 29 vos
989 1133 129 48 yeux
1146 1133 161 46 empor-

83 1206 92 36 tent
220 1209 95 30 une
363 1193 154 62 image
564 1189 231 63 profonde
824 1206 11 30 :
885 1188 162 48 L'une
1080 1200 48 35 et
1167 1188 169 48 l'autre

83 1283 104 32 vous
215 1277 85 35 ont
328 1263 274 64 également
629 1263 216 62 conquis.

147 1336 63 49 Et
236 1335 286 64 cependant,
564 1334 207 65 quelque
813 1350 165 31 suaves
1014 1331 213 65 qu'aient
1264 1333 76 48 été

84 1428 67 32 ces
194 1409 318 63 impressions,
565 1406 112 48 elles
716 1424 61 29 ne
815 1418 110 35 sont
967 1423 78 45 pas
1091 1423 218 44 compara-

85 1482 88 49 bles
197 1481 25 47 à
249 1481 141 47 celles
415 1480 354 63 qu'éprouvent
796 1477 65 49 les
893 1479 240 64 nymphes
1175 1479 56 45 de
1265 1495 76 31 ces

87 1559 224 61 bosquets,
353 1553 203 64 lorsque,
605 1552 43 47 le
696 1553 92 46 soir
815 1569 145 43 venu,
1001 1551 112 47 elles
1152 1551 188 62 prêtent

85 1626 186 49 l'oreille
310 1644 93 29 aux
432 1639 192 34 accents
650 1626 82 62 qui
771 1635 184 37 sortent
987 1623 56 46 de
1075 1622 41 47 la
1156 1623 181 47 maison

84 1701 265 48 silencieuse
415 1698 44 49 le
504 1698 127 65 jour,
685 1698 118 46 mais
852 1697 231 60 vibrante,
1137 1694 203 49 l'ombre

85 1791 162 42 venue,
288 1772 64 47 du
393 1771 198 64 langage
631 1769 80 47 des
748 1769 159 47 dieux.
942 1767 149 62 Seuls,
1120 1785 116 30 vous
1277 1767 64 48 les

85 1846 283 59 connaissez,
415 1843 28 47 ô
489 1844 224 46 chantres
751 1842 81 47 des
876 1841 159 60 forêts,
1075 1841 128 46 doux
1245 1857 72 29 ros-

85 1917 165 66 signols
294 1918 78 62 qui
414 1933 239 46 apprenez
697 1914 26 47 à
769 1914 198 65 égrener
1003 1931 82 30 vos
1124 1912 219 48 roulades

87 2008 68 31 sur
188 1989 66 48 les
299 1989 191 48 tendres
535 2001 260 34 nocturnes
840 1987 56 47 de
942 1985 195 64 Chopin
1174 2003 64 29 ou
1277 1984 66 47 les

88 2064 164 48 douces
278 2063 201 47 rêveries
507 2061 57 47 de
591 2061 299 60 Schumann,
913 2078 94 46 que
1033 2058 123 48 seuls
1183 2058 131 48 désor-

89 2138 107 45 mais
222 2153 117 30 vous
363 2135 99 47 êtes
488 2134 152 48 admis
667 2134 25 47 à
719 2133 232 47 entendre
983 2130 62 51 !...

153 2208 94 49 Car
268 2208 43 47 le
339 2208 118 62 petit
479 2205 170 66 village
675 2204 223 64 s'appelle
927 2201 23 70 S
973 2201 24 70 1
1020 2201 93 70 Avit
1141 2215 47 34 et
1217 2201 123 48 celui

88 2281 70 62 qui
201 2279 79 49 n'a
320 2279 104 64 plus
456 2279 184 48 d'autre
683 2279 235 47 ambition
962 2295 91 46 que
1097 2275 246 48 d'étendre

88 2370 68 31 sur
183 2354 65 47 lui
276 2371 48 30 sa
344 2354 153 47 douce
525 2365 47 34 et
593 2351 142 48 chère
763 2352 258 60 influence,
1048 2366 115 32 vous
1191 2347 153 50 l'avez

90 2425 93 53 déjà
210 2425 216 53 nommé,
455 2425 115 48 c'est
598 2425 197 47 Francis
823 2422 186 48 Planté.

629 2510 639 63 Jean
1268 2510 2 63 de
1269 2510 1 63 l'Armagnac.

2530 294 129 60 449

1743 2076 180 122 Çà
1989 2086 125 86 et
2185 2076 180 94 Là

1499 2277 71 49 La
1608 2277 155 47 Société
1790 2276 198 48 Hàndel
2022 2276 161 47 inscrit
2223 2293 91 29 aux
2355 2290 322 48 programmes

1426 2351 58 46 de
1534 2368 70 30 ses
1656 2361 220 36 concerts
1913 2365 117 47 pour
2069 2346 188 48 l'année
2298 2347 270 62 prochaine,
2613 2345 64 48 les

1425 2441 189 29 œuvres
1638 2423 240 47 suivantes
1904 2439 9 30 :

1500 2495 66 50 G.
1623 2495 52 48 F.
1735 2493 190 49 Hândel
1951 2511 10 31 :
2028 2491 110 51 Satil
2166 2514 12 38 ;
2243 2491 80 48 Te
2388 2489 166 49 Deum
2619 2489 57 47 de

1429 2568 273 64 Dettingen
1727 2590 12 37 ;
1782 2567 297 48 Coronation
2117 2564 235 47 Anthem.
2395 2563 282 62 Fragments

1429 2641 57 47 de
1538 2639 43 49 la
1627 2641 117 45 Fête
1796 2638 326 48 d'Alexandre
2173 2647 47 37 et
2272 2637 56 46 de
2379 2632 297 49 l'occasional

1431 2713 246 50 Oratorio.
1708 2710 230 50 Concerti
1966 2710 159 64 grossi.

1504 2784 148 66 Lully
1682 2802 9 30 :
1734 2784 212 47 Extraits
1984 2780 133 49 d'lsis
2154 2792 47 35 et
2233 2780 63 46 du
2323 2778 270 62 Triomphe
2623 2776 54 46 de

1431 2857 243 48 l'Amour.

1505 2930 180 48 Schiitz
1713 2947 11 30 :
1755 2928 237 48 Concerts
2016 2923 249 66 spirituels.

1506 3003 198 59 Gossec,
1725 3001 202 49 Stamitz
1943 3017 9 30 :
1972 3014 186 32 œuvres
2177 2992 395 61 instrumentales,
2587 3004 90 35 etc.

1614 3074 71 48 Le
1725 3072 156 49 Société
2425 3071 54 47 F.
2593 3070 44 48 S.
2228 3084 106 30 sous
2373 3065 43 48 la
2450 3065 229 47 direction

1434 3147 56 47 de
1522 3146 76 48 M.
1630 3145 64 51 G.
1726 3145 131 61 Bret,
1885 3159 221 32 annonce
2132 3156 119 47 pour
2277 3137 43 48 la
2345 3138 149 47 saison
2525 3150 155 51 1910-

1440 3235 150 48 1911,
1619 3230 167 52 quatre
1814 3226 216 38 concerts
2068 3212 376 47 d'abonnement
2483 3208 117 47 dont
2638 3207 42 47 le

1433 3293 204 63 premier
1665 3309 113 30 aura
1804 3290 95 47 lieu
1927 3288 40 47 le
1998 3286 57 48 18
2085 3284 260 49 novembre
2370 3298 113 31 avec
2506 3281 41 47 le
2574 3297 81 46 pro-

1433 3382 216 47 gramme
1699 3363 188 47 suivant
1912 3378 10 31 :
1989 3358 121 48 Suite
2158 3375 49 28 en
2258 3367 51 34 ut
2357 3372 170 45 majeur
2569 3362 113 53 pour

1433 3436 211 48 orchestre
1670 3436 42 63 (i
1724 3437 33 21 re
1791 3431 264 63 audition);
2099 3429 199 47 Cantate
2334 3424 197 65 nuptiale
2629 3422 50 49 O

1435 3509 184 47 Holder
1816 3528 13 37 ;
2327 3505 27 46 Cantate
2404 3499 130 46 Nous
2538 3513 144 31 avons

1433 3601 66 29 un
1555 3598 219 31 nouveau
1816 3592 299 51 gouverneur
2186 3596 13 36 ;
2355 3574 25 19 IC
2431 3569 251 62 Laupecht

1433 3672 94 30 von
1580 3653 240 48 Lamraen
1875 3650 56 46 de
1983 3645 264 60 Francfort,
2296 3643 78 47 M.
2428 3640 253 50 Demetrio

1435 3726 223 49 Floresco
1680 3725 32 64 ;)
1743 3724 207 47 Concerto
1988 3738 48 28 en
2077 3718 59 47 mi
2172 3734 171 46 majeur
2378 3732 118 45 pour
2522 3712 159 49 violon

1434 3799 98 63 (M.
1586 3795 178 51 Daniel
1820 3791 295 62 Herrmann)
2150 3810 12 38 ;
