3121 4348
538 365 262 75 Vient
1160 362 110 73 de
1468 384 61 67 p

1220 598 955 107 CATALOGUE

531 830 181 91 DU
767 827 440 91 FONDS
1258 827 177 89 DE
1486 822 607 99 MUSIQUE
2162 824 726 89 ANCIENNE

943 1030 114 56 DE
1113 1030 107 56 LA
1275 1005 643 86 BIBLIOTHÈQUE
1976 1028 488 56 NATIONALE

1273 1164 315 74 (IMPRIMÉS
1631 1183 67 35 ET
1744 1162 385 75 MANUSCRITS)

1655 1312 100 33 PAR

999 1452 356 81 JULES
1457 1451 960 62 ECORCHEVILLE

1409 1612 237 33 DOCTEUR
1688 1593 295 52 ÈS-LETTRES

729 1722 231 66 Ouvrage
1000 1722 160 65 publié
1198 1740 108 32 sous
1344 1722 42 50 le
1427 1735 259 52 patronage
1726 1724 59 48 de
1823 1720 324 52 I'ACADÉMIE
2187 1739 88 33 DES
2316 1724 370 50 BEAUX-ARTS.

718 2070 169 59 Huit
935 2070 281 60 volumes
1266 2069 195 83 grand
1510 2069 144 79 in-4
1656 2079 18 23 0
1725 2068 74 61 de
1853 2087 130 62 250
2034 2091 190 62 pages
2275 2069 267 75 chacun,
2606 2093 290 64 compre-

532 2204 145 45 nant
729 2188 110 60 dix
888 2190 171 59 mille
1110 2188 240 63 thèmes
1401 2188 76 61 de
1542 2191 311 81 musique,
1931 2205 58 44 et
2065 2213 82 36 un
2224 2190 196 82 grand
2490 2191 262 62 nombre
2822 2194 74 59 de

532 2305 364 62 fac-similés

986 2474 447 74 L'ouvrage
1479 2477 363 73 complet
1871 2497 15 41 :
1933 2477 151 62 500
2130 2478 316 62 francs.

715 2662 89 59 Le
839 2660 180 63 fonds
1053 2663 74 60 de
1162 2666 290 82 musique
1486 2667 323 74 ancienne,
1847 2668 377 60 manuscrite
2276 2684 60 44 et
2378 2667 357 85 imprimée,
2788 2671 109 83 qui

530 2799 58 40 se
637 2793 219 47 trouve
913 2803 78 39 au
1044 2780 431 87 département
1527 2784 101 61 des
1696 2785 325 85 imprimés
2081 2788 73 60 de
2215 2803 177 46 notre
2453 2788 445 85 Bibliothèque

531 2898 356 74 Nationale,
926 2902 307 60 constitue
1272 2925 80 38 un
1390 2902 189 87 dépôt
1607 2902 124 64 fort
1768 2906 346 83 important
2152 2922 58 46 et
2247 2930 225 39 encore
2509 2931 121 61 peu
2666 2933 227 39 connu.

534 3018 433 62 L'lnventaire
1006 3019 268 62 Général
1310 3023 73 60 de
1434 3024 55 60 la
1537 3024 447 85 Bibliothèque
2036 3028 164 60 avait
2247 3025 239 64 réservé
2534 3044 163 46 cette
2747 3029 151 62 série

532 3137 294 61 musicale
861 3160 159 61 pour
1047 3163 82 38 un
1159 3141 359 62 classement
1547 3141 299 62 ultérieur
1881 3166 121 61 que
2037 3146 84 60 les
2155 3145 327 63 nécessités
2509 3147 390 84 budgétaires

534 3258 241 61 avaient
794 3258 296 85 jusqu'ici
1124 3258 113 63 fait
1266 3262 303 82 ajourner.
1604 3264 204 61 Grâce
1835 3263 31 62 à
1894 3267 357 61 l'initiative
2279 3268 73 61 de
2374 3268 389 62 l'Académie
2799 3270 100 61 des

538 3376 389 61 Beaux-Arts
973 3392 60 46 et
1070 3377 75 61 de
1178 3380 54 58 la
1270 3378 240 63 Société
1550 3381 486 63 Internationale
2073 3385 75 59 de
2187 3386 329 84 Musique,
2566 3411 70 39 ce
2684 3391 215 59 travail

535 3493 417 63 considérable
987 3519 32 37 a
1052 3519 82 61 pu
1173 3498 129 61 être
1336 3502 303 82 entrepris
1674 3517 60 46 et
1771 3502 181 61 mené
1990 3503 33 61 à
2058 3503 204 62 bonne
2298 3503 105 65 fin.

902 3683 93 59 LE
1044 3702 248 43 TIRAGE
1343 3706 110 41 EST
1504 3692 232 56 LIMITÉ
1787 3710 46 39 A
1889 3710 127 42 200
2068 3711 460 42 EXEMPLAIRES.
