3121 4348
597 256 137 68 LA
799 253 776 89 GYMNASTIQUE
1644 262 657 90 RYTHMIQUE

2589 297 158 74 593

151 411 98 61 des
283 411 238 70 larmes,
559 430 80 37 ou
674 405 127 61 fuir
836 407 54 60 le
924 406 216 84 public
1177 434 14 48 ;
1230 409 82 61 du
1350 414 179 80 point
1580 415 75 60 de
1704 438 121 39 vue
1876 421 279 72 musical,
2208 443 70 39 ce
2328 439 136 46 sont
2516 428 235 80 paroles

151 504 244 61 inutiles
432 527 12 48 ;
482 501 130 59 rien
650 500 75 59 de
759 500 139 83 plus
926 499 73 61 de
1035 500 56 60 la
1126 505 426 80 composition
1604 508 150 62 n'est
1805 509 222 64 révélé.
2083 514 90 59 Le
2696 521 55 59 le

152 595 485 61 retentissement
674 592 81 59 du
794 607 133 44 mot
964 592 147 62 dans
1152 594 56 60 la
1257 595 245 83 pensée,
1540 599 151 61 n'est
1742 625 76 36 en
1871 604 128 59 rien
2052 608 395 81 comparable
2498 632 75 38 au

161 686 252 73 musical,
424 708 79 37 ou
519 686 228 82 plutôt,
766 686 82 59 les
876 701 282 67 rapports
1182 702 174 46 entre
1383 712 124 38 eux
1529 707 137 46 sont
1695 696 320 59 tellement
2045 696 275 85 éloignés
2343 724 121 59 que
2492 725 259 62 presque

152 781 149 60 nuls.
341 780 53 58 Il
428 776 131 62 faut
594 777 296 60 entendre
941 778 335 61 soi-même
1314 805 14 48 ;
1383 797 204 46 entrer
1637 790 564 77 personnellement
2252 791 146 61 dans
2446 795 56 58 le
2553 797 196 59 cercle

152 872 98 60 des
301 870 185 61 ondes
536 891 268 52 sonores,
851 868 205 61 vibrer
1106 870 76 61 de
1230 872 163 63 leurs
1443 875 342 65 vibrations
1835 902 160 60 pour
2047 884 202 58 savoir
2306 907 69 38 ce
2434 885 196 83 qu'est
2695 889 56 60 la

155 964 301 82 Musique
490 976 58 46 et
583 961 190 61 l'effet
809 961 255 84 produit
1101 985 109 61 par
1246 966 142 60 telle
1425 989 82 38 ou
1544 970 141 60 telle
1722 974 443 81 composition.

333 1056 97 59 De
465 1054 230 74 même,
730 1077 75 38 en
844 1056 80 60 G.
960 1056 77 60 R.
1079 1058 64 58 ni
1177 1058 306 76 vocables,
1509 1063 63 58 ni
1600 1064 208 60 même
1844 1067 272 81 croquis,
2152 1068 47 60 si
2236 1067 252 83 parfaits
2523 1072 196 59 soient-

150 1149 90 73 ils,
293 1169 74 39 ne
418 1162 271 68 peuvent
743 1148 236 60 donner
1029 1147 180 62 l'idée
1260 1150 75 60 de
1385 1153 58 60 la
1491 1176 308 39 succession
1849 1157 103 59 des
2004 1176 456 60 mouvements,
2528 1185 221 38 encore

152 1242 198 58 moins
400 1241 82 59 du
535 1241 214 59 travail
800 1242 234 58 mental
1086 1263 122 61 que
1260 1242 298 63 nécessite
1608 1248 133 60 leur
1791 1248 355 64 exécution.
2202 1252 52 60 Il
2304 1251 132 62 faut
2487 1256 156 72 voir,
2696 1257 55 59 le

151 1335 210 58 mieux
395 1335 180 58 serait
611 1333 73 60 de
721 1333 257 60 devenir
1011 1336 335 61 soi-même
1382 1340 406 81 rythmicien,
1825 1364 161 61 pour
2034 1345 265 81 prendre
2348 1345 177 62 l'idée
2575 1369 132 39 com-

150 1423 158 86 plète
345 1425 73 59 de
452 1425 378 61 l'admirable
865 1423 299 64 méthode
1199 1429 453 64 dalcrozienne.

333 1520 279 58 Certains
636 1520 474 83 compositeurs,
1135 1543 162 61 pour
1319 1524 169 58 aider
1510 1524 32 61 à
1564 1525 55 60 la
1642 1525 522 84 compréhension
2193 1528 75 61 de
2293 1530 160 60 leurs
2488 1553 261 52 œuvres,

151 1630 70 39 en
287 1609 273 61 donnent
626 1609 395 85 quelquefois
1087 1636 122 38 une
1275 1617 242 82 analyse
1584 1615 412 87 thématique.
2067 1619 214 61 L'idée
2346 1637 87 44 est
2499 1622 203 61 bonne
2734 1650 14 47 ;

151 1723 403 62 essayons-en.

330 1796 210 59 Avant
576 1811 174 44 toute
786 1794 207 77 chose,
1031 1820 76 37 en
1144 1798 224 61 dehors
1402 1799 76 61 de
1512 1802 56 58 la
1606 1803 80 60 G.
1730 1803 76 60 R.
1846 1817 59 46 et
1958 1802 412 84 précisément
2406 1806 147 61 dans
2588 1821 163 46 cette

155 1887 211 60 Revue
402 1888 483 60 Internationale
921 1888 75 61 de
1032 1891 331 82 Musique,
1401 1914 155 39 nous
1589 1892 417 64 formulerons
2057 1919 83 37 un
2191 1919 143 38 vœu
2367 1920 13 37 :
2434 1897 144 61 c'est
2630 1921 121 61 que

152 1980 47 58 le
230 1991 110 48 mot
362 1981 213 83 rythme
607 1981 104 60 soit
739 1981 187 61 mieux
957 1982 190 82 défini.
1189 1985 97 58 En
1323 1985 148 61 effet
1506 1986 45 60 il
1586 2003 151 67 peut
1773 1986 284 84 désigner
2089 2010 11 38 :

341 2072 51 60 i°
427 2074 90 58 Le
554 2089 406 46 mouvement
998 2097 11 38 :
1053 2076 104 61 On
1195 2076 91 60 dit
1323 2099 84 38 un
1443 2078 252 85 rythme
1730 2079 101 61 vif
1855 2095 61 45 et
1953 2083 119 78 gai.

335 2187 32 39 2
444 2166 143 60 Une
637 2169 272 58 certaine
960 2168 370 84 disposition
1390 2169 310 85 régulière
1759 2173 75 61 de
1890 2175 238 59 valeurs
2160 2196 12 38 :
2234 2175 54 59 le
2348 2174 250 84 rythme
2666 2175 81 60 du

154 2255 224 75 boléro,
415 2258 74 60 de
523 2260 56 59 la
613 2259 356 62 barcarolle.

335 2365 56 68 3°
439 2353 106 59 Un
588 2353 198 60 dessin
838 2351 366 86 mélodique
1262 2353 164 84 (voir
1474 2357 84 60 les
1610 2380 300 61 ouvrages
1961 2357 75 61 de
2089 2358 245 61 Mathis
2385 2359 220 84 Lussy)
2664 2382 83 37 un

152 2441 244 84 rythme
430 2442 308 86 thétique,
775 2447 469 83 anacrousique.

331 2549 61 66 4°
427 2537 90 60 La
551 2537 188 61 durée
775 2539 102 61 des
912 2541 240 59 valeurs
1189 2561 12 39 :
1244 2563 82 37 un
1364 2541 253 84 rythme
1652 2541 75 61 de
1763 2541 292 62 blanches
2089 2558 60 45 et
2184 2542 73 60 de
2293 2545 220 58 noires.

331 2629 163 59 C'est
529 2627 345 87 beaucoup.
914 2633 54 58 Il
1004 2633 394 82 importerait
1435 2633 75 60 de
1547 2633 285 83 préciser.

330 2721 94 60 En
466 2723 168 61 G.R.
673 2747 84 37 un
792 2724 254 84 rythme
1082 2739 88 46 est
1205 2727 62 58 la
1302 2727 142 59 série
1474 2728 96 59 des
1595 2728 240 59 valeurs
1859 2728 140 59 d'un
2023 2727 183 60 dessin
2231 2727 256 62 musical.
2527 2727 176 81 (Com-

154 2809 273 64 binaison
465 2813 100 62 des
601 2813 356 63 définitions
999 2838 30 60 3
1072 2832 59 44 et
1170 2817 91 81 4).

330 2907 150 58 Ceci
515 2907 112 74 dit,
667 2931 299 39 revenons
1001 2908 31 61 à
1068 2925 178 44 notre
1281 2908 320 65 méthode.

328 2998 171 60 Tout
535 3000 196 61 dessin
768 3001 365 85 mélodique
1167 3024 268 62 suppose
1473 3026 121 38 une
1629 3025 243 39 mesure
1916 3002 87 83 (2,
2047 3025 56 60 3,
2141 3024 41 58 4
2217 3002 225 83 temps)
2487 3002 259 83 remplie

150 3108 104 62 par
275 3090 102 61 des
401 3108 172 45 notes
601 3115 81 38 ou
705 3094 103 60 des
828 3096 255 58 silences
1106 3095 75 59 de
1205 3094 216 63 durées
1449 3096 356 61 différentes
1839 3095 335 82 (blanches,
2205 3096 218 71 noires,
2452 3094 290 82 soupirs).

326 3184 173 61 Tout
537 3185 285 61 individu
858 3189 243 58 normal
1135 3186 255 84 possède
1427 3190 103 60 des
1564 3189 135 61 bras
1735 3204 58 44 et
1836 3188 102 60 des
1973 3188 258 82 jambes.
2283 3188 54 58 Il
2387 3201 149 68 peut
2583 3185 160 61 donc

148 3292 58 39 se
239 3295 292 64 proposer
565 3278 372 85 d'indiquer,
974 3302 110 62 par
1117 3281 86 60 les
1237 3297 438 45 mouvements
1709 3281 104 60 des
1849 3281 329 72 membres,
2213 3281 84 59 les
2333 3294 200 68 temps
2569 3292 58 45 et
2662 3279 84 60 les

150 3364 223 65 durées.
415 3370 117 60 Par
566 3374 285 81 exemple
888 3397 11 37 :
938 3375 85 60 les
1059 3374 135 60 bras
1229 3373 280 62 battront
1535 3377 85 59 les
1648 3388 173 70 temps
1826 3425 15 23 ,
1871 3396 147 38 avec
2046 3373 103 60 des
2177 3387 195 68 gestes
2406 3392 336 52 convenus,

150 3459 191 63 tandis
376 3483 120 61 que
531 3466 81 59 les
636 3466 241 81 jambes
913 3481 408 68 marqueront
1356 3469 84 60 les
1473 3468 201 60 durées
1680 3516 14 25 ,
1732 3490 108 61 par
1882 3467 225 60 station
2156 3487 80 37 ou
2287 3477 454 47 mouvements.

150 3549 183 63 Etant
378 3555 202 62 donné
627 3580 69 38 ce
747 3560 252 83 rythme
1036 3582 12 37 :
1105 3566 39 71 f
1194 3565 34 68 f
1252 3566 31 71 f
1324 3562 86 60 les
1462 3561 133 60 bras
1639 3558 205 61 feront
1887 3574 217 68 quatre
2155 3570 456 58 mouvements,
2660 3556 84 60 les

147 3643 165 79 pieds
347 3645 360 86 frapperont
742 3652 54 59 le
842 3674 20 39 lerI
875 3655 35 23 er
945 3668 203 69 temps
1183 3679 16 48 ;
1237 3654 405 83 indiqueront
1693 3654 57 58 le
1796 3673 33 39 2
1835 3654 52 20 me
1930 3674 112 61 par
2093 3673 82 36 un
2226 3662 426 58 mouvement,
2687 3649 57 58 le

148 3754 171 65 corps
352 3754 224 47 restant
612 3744 422 75 stationnaire,
1072 3760 58 46 et
1167 3745 403 61 marcheront
1605 3746 84 59 les
1726 3759 202 67 temps
1968 3764 30 61 3
2038 3758 60 44 et
2135 3763 61 58 4.
