3121 4348
1522 242 79 72 S.
1677 242 70 70 I.
1817 239 127 79 M,

439 254 161 73 616

425 403 137 85 juré
597 406 55 59 le
687 402 283 62 malheur
1003 398 74 61 de
1115 398 311 70 Mazetto,
1463 393 110 84 qui
1609 389 150 62 était
1795 389 83 60 du
1914 402 156 47 reste
2105 408 85 39 un
2226 400 199 47 rustre
2458 407 166 40 assez
2673 385 344 85 malappris,

437 497 157 71 bête,
622 496 235 81 jaloux,
893 507 59 45 et
988 489 296 61 chantant
1319 497 460 48 constamment
1816 502 84 39 un
1950 493 183 70 quart
2184 478 75 61 de
2317 492 110 47 ton
2464 492 142 69 trop
2643 475 174 63 haut.
2858 479 159 68 Mais

428 588 214 83 j'avais
677 607 119 39 une
832 582 134 61 idée
1002 578 254 64 confuse
1291 600 120 61 que
1446 599 70 38 ce
1543 596 223 62 souper
1793 572 150 61 était
1973 594 121 38 une
2121 569 186 63 chose
2337 568 308 62 défendue
2679 591 163 62 pour
2876 577 139 62 moi.

618 680 89 58 La
740 675 166 61 foule
941 671 219 63 s'étant
1195 667 274 76 écoulée,
1505 670 44 58 il
1609 689 76 38 ne
1738 666 210 61 restait
1983 686 122 62 que
2140 685 152 39 mon
2326 661 167 86 père,
2530 663 85 61 les
2650 661 367 70 Comédiens

435 787 61 45 et
578 770 297 84 quelques
955 766 263 60 officiers
1298 762 73 60 de
1453 761 302 61 cavalerie
1837 759 110 82 qui
2030 759 313 59 causaient
2424 755 380 62 assidûment
2881 779 135 44 avec

439 865 76 59 M
522 864 70 23 mes
621 863 227 58 Donna
898 859 185 60 Anna
1136 870 59 46 et
1249 855 232 60 Elvire.
1529 854 73 81 Je
1657 848 246 87 profitai
1956 849 149 61 d'un
2157 863 286 47 moment
2477 850 261 83 propice
2772 863 61 45 et
2870 850 88 62 dis
2988 853 28 63 à

434 954 248 60 Zerline
701 975 11 38 :

595 1046 172 58 Vous
801 1042 236 61 m'avez
1073 1037 165 86 parlé
1275 1037 146 61 d'un
1455 1058 225 61 souper

697 1136 150 72 Oui,
886 1135 301 69 Maestro,
1221 1151 155 39 vous
1409 1128 294 61 viendrez
1783 1128 87 60 ?...

740 1225 396 82 "J'aimerais
1171 1223 165 73 bien,
1373 1222 153 60 mais
1564 1222 165 81 Papa

801 1317 151 73 Bah,
990 1331 85 45 est
1112 1338 70 38 ce
1218 1315 151 82 qu'il
1392 1314 219 82 jouera
1644 1314 58 58 le
1737 1328 177 68 tyran
1940 1312 18 60 ?

797 1410 52 59 Il
885 1432 72 37 ne
992 1423 144 44 veut
1163 1408 221 81 jamais
1420 1428 100 37 me
1554 1405 203 60 laisser

796 1503 173 60 Vous
1002 1502 222 58 voulez
1258 1499 159 61 donc
1473 1513 185 46 rester
1715 1500 130 59 seul
1903 1518 145 39 avec
2364 1496 260 84 repartit
2681 1496 56 60 la
2795 1494 220 86 perfide

434 1596 263 59 Zerline.

611 1688 72 79 Je
720 1686 227 82 rougis,
985 1706 132 39 sans
1152 1684 199 60 savoir
1385 1683 336 84 pourquoi,
1759 1697 59 46 et
1854 1679 293 85 répondis
2182 1702 163 40 assez
2382 1681 371 61 niaisement
2780 1702 11 38 :

799 1778 162 58 Mon
1002 1775 139 83 père
1177 1777 196 59 craint
1409 1797 158 61 pour
1601 1776 130 57 moi
1768 1776 83 58 les
1888 1775 338 59 tartelettes
2262 1795 123 38 aux

619 1870 136 58 Elle
790 1890 58 38 se
882 1870 117 58 mit
1035 1867 32 61 à
1101 1870 118 57 rire
1270 1884 59 43 et
1380 1889 101 38 me
1531 1866 92 60 dit
1672 1889 74 37 en
1798 1867 278 59 ricanant
2112 1889 11 37 :
2418 1867 138 59 n'en
2615 1888 174 38 auras
2846 1867 167 82 point

437 1960 459 84 d'indigestion,
932 1984 74 37 va
1032 1961 10 60 !
1160 1961 145 59 Puis
1340 1961 113 59 elle
1488 1960 113 58 alla
1638 1974 226 44 mettre
1900 1959 147 59 dans
2098 1959 56 59 la
2203 1956 362 62 confidence
2599 1960 56 58 le
2682 1961 286 60 Comman-

437 2051 170 74 deur,
661 2054 110 81 qui
824 2053 349 59 descendait
1214 2053 341 81 justement
1608 2050 73 61 de
1731 2073 106 38 son
1892 2050 192 83 grand
2138 2050 237 62 cheval.
2455 2053 276 59 Celui-ci
2786 2053 125 82 prit
2965 2054 50 60 la

437 2144 205 81 parole
678 2144 220 59 devant
934 2166 144 37 mon
1115 2142 145 83 père
1295 2158 80 59 et,
1412 2143 185 60 d'une
1632 2144 151 59 voix
1817 2165 207 59 grave,
2061 2142 155 61 émit
2253 2144 54 59 le
2343 2166 146 38 vœu
2526 2143 73 61 de
2646 2166 103 38 me
2808 2144 207 81 garder

435 2233 32 61 à
501 2256 237 61 souper.
781 2237 143 58 Don
964 2236 257 59 Ottavio
1257 2236 295 59 roucoula
1587 2234 149 63 dans
1788 2237 53 57 le
1895 2236 207 58 même
2151 2257 133 38 sens
2343 2251 60 44 et
2462 2258 160 61 pour
2678 2237 335 60 l'attendrir

435 2349 165 38 versa
636 2328 206 59 même
875 2328 54 59 le
965 2344 154 44 reste
1154 2327 100 60 des
1289 2328 218 60 larmes
1558 2328 152 83 qu'il
1761 2330 165 58 avait
1977 2327 343 84 répandues
2378 2352 77 37 au
2526 2351 19 38 i
2560 2332 17 20 r
2610 2330 184 61 Acte.
2853 2331 160 60 Mais

435 2440 146 38 mon
617 2420 143 81 père
795 2440 75 38 ne
905 2421 216 58 voulut
1158 2441 103 61 pas
1313 2441 61 38 se
1428 2421 205 58 laisser
1685 2419 237 62 fléchir.
1980 2421 208 72 Alors,
2241 2424 248 58 Zerline
2540 2420 70 62 fit
2662 2444 257 38 avancer
2965 2425 48 57 le

434 2530 175 61 corps
644 2511 73 59 de
769 2509 237 61 réserve
1041 2512 108 81 qui
1186 2510 202 61 devait
1440 2525 136 46 tout
1627 2526 317 69 emporter
1972 2535 11 37 :
2041 2514 83 58 les
2160 2512 265 63 officiers
2476 2514 83 59 du
2622 2535 29 60 5
2663 2516 16 22 e
2715 2516 296 80 Dragons.

435 2601 165 59 Mon
635 2599 164 84 père,
835 2618 182 67 ayant
1051 2604 83 58 les
1169 2601 296 63 traîneurs
1500 2603 73 59 de
1609 2604 169 60 sabre
1813 2627 75 37 en
1924 2604 282 75 horreur,
2244 2605 150 61 céda
2429 2628 163 61 pour
2618 2629 60 38 se
2714 2606 266 61 débarras-

433 2713 90 38 ser
557 2693 205 61 d'eux.
802 2694 51 59 Il
877 2694 129 81 jeta
1041 2717 83 37 un
1158 2694 217 83 regard
1409 2694 342 62 courroucé
1788 2718 100 38 sur
1924 2699 129 59 moi
2090 2713 60 45 et
2187 2721 101 37 me
2339 2700 173 60 laissa
2563 2699 334 61 tremblant
2947 2699 65 61 de

434 2805 152 61 peur
619 2800 59 44 et
713 2784 74 60 de
813 2786 149 81 joie.

2432 2893 41 88 (
2474 2900 61 57 A
2583 2895 251 89 suivre.)
