3510 4572
1340 3865 210 45 283

301 637 67 33 wie
386 637 85 34 diese
485 637 104 40 letzte,
609 637 54 34 das
677 636 195 36 Fünffache!
901 639 75 34 Und
991 649 100 24 wenn
1105 636 45 34 du
1164 637 91 33 nicht
1270 635 154 35 bezahlen

301 688 104 34 willst
424 715 65 9 ...
517 689 45 33 du
586 689 141 47 grübelst
753 689 77 35 dich
854 693 31 43 ja
904 689 156 35 förmlich
1077 689 113 33 hinein
1209 687 69 35 und
1296 687 127 35 machst

300 740 77 34 dich
404 753 64 21 nur
494 741 117 33 immer
640 741 196 47 zappeliger!
857 767 62 10 ...
954 745 86 31 Wer
1066 753 79 22 vom
1169 739 156 46 Frühling
1350 752 71 22 was

302 792 107 33 haben
426 792 85 40 will,
531 805 88 21 muss
638 793 69 33 ihm
725 792 77 34 froh
821 793 264 47 entgegengehen
1108 792 69 33 und
1195 792 92 33 nicht
1306 792 60 33 mit
1384 804 37 21 so

303 843 278 34 verdriesslichem
600 844 146 34 Gesicht!
768 871 7 7 .
797 871 7 8 .
827 872 7 6 .
875 847 84 32 Man
981 857 88 21 muss
1094 844 69 33 sich
1182 844 85 33 auch
1286 844 53 32 ein
1357 842 50 33 bis-

303 894 84 34 chen
405 894 113 35 freuen
536 895 188 36 wollen.“

377 947 51 43 Ja!
455 946 44 34 sie
525 947 89 33 hatte
638 947 121 34 Recht!
797 948 97 33 Ohne
918 948 53 33 ein
995 946 133 35 bischen
1156 953 100 39 guten
1279 945 142 40 Willen,

302 996 77 35 froh
398 1011 39 20 zu
457 999 68 33 sein
543 1023 7 9 .
572 1025 7 7 .
601 1025 8 8 .
627 1011 71 22 was
720 999 90 33 hatte
828 1012 77 20 man
927 1011 78 21 vom
1024 998 141 34 Leben!?
1200 997 88 34 Alles
1313 995 108 35 durfte

303 1049 105 33 einem
426 1049 146 33 verloren
586 1050 115 45 gehen,
720 1062 62 21 nur
796 1050 56 33 das
866 1050 91 34 nicht
965 1065 9 28 j
993 1062 62 21 nur
1069 1049 91 34 nicht
1175 1049 51 33 die
1240 1047 180 48 Fähigkeit,

302 1101 70 32 sich
390 1100 90 33 dann
498 1100 67 34 und
584 1113 101 21 wann
705 1101 88 33 noch
811 1100 115 34 freuen
944 1113 39 21 zu
1002 1100 144 34 können.
1182 1100 90 34 Aller
1285 1100 114 33 Wider-

301 1150 190 47 wärtigkeit
518 1164 75 21 zum
617 1154 107 31 Trotz.
760 1153 77 32 Und
863 1166 42 20 an
927 1152 131 34 kleinen
1080 1153 139 45 Dingen.
1257 1154 64 31 Das
1348 1164 73 21 war

301 1202 53 33 die
372 1204 118 31 Kunst.
531 1205 116 31 Grosse
662 1203 153 39 Freuden,
835 1203 88 47 gab’s
943 1204 51 33 die
1010 1204 182 46 überhaupt
1206 1202 102 34 denn?
1335 1206 85 30 Wer

301 1253 57 33 das
372 1253 148 34 verstand
540 1253 85 40 aber,
644 1253 55 33 für
713 1254 63 33 den
790 1254 62 46 gab
868 1268 31 20 es
913 1254 87 34 dann
1014 1254 222 39 tausenderlei,
1251 1254 122 33 womit
1388 1267 32 20 er

301 1305 68 32 sich
388 1305 108 32 seinen
515 1304 112 46 Alltag
644 1306 201 33 verschönen
863 1305 141 35 konnte:
1033 1307 52 33 ein
1109 1305 121 34 kleines
1250 1305 90 40 Lied,
1367 1306 53 32 ein

301 1367 75 34 paar
393 1355 258 46 Erinnerungen,
676 1357 70 33 eine
769 1357 115 45 ruhige
903 1357 121 33 Stunde
1048 1357 100 33 stiller
1166 1356 167 34 Plauderei
1357 1357 62 32 mit

299 1406 105 32 einem
428 1407 192 39 Menschen,
648 1406 62 34 den
738 1420 76 21 man
837 1407 63 34 lieb
925 1409 101 39 hatte,
1055 1409 71 32 eine
1148 1407 122 34 Stunde
1297 1421 36 20 so
1352 1434 8 7 .
1381 1434 7 7 .
1409 1434 8 7 .

299 1457 67 32 wie
384 1456 51 33 bei
453 1458 132 31 Hannie
605 1458 78 33 hier.
720 1461 113 30 Wozu
859 1459 133 34 verdarb
1015 1472 32 20 er
1065 1460 44 32 sie
1129 1460 68 33 sich
1214 1460 117 32 immer
1348 1458 70 34 und

299 1507 71 33 Hess
389 1507 93 33 nicht
500 1507 163 40 draussen,
684 1521 59 21 vor
762 1509 55 34 der
835 1511 119 38 Thüre,
975 1509 63 34 auf
1051 1510 55 33 der
1124 1513 129 35 Strasse,
1273 1508 51 35 bei
1337 1510 80 39 sich,

299 1571 69 20 was
398 1558 59 32 ihn
479 1559 110 45 quälte
613 1559 70 33 und
706 1560 96 35 trieb!
844 1564 114 31 Wozu
983 1562 163 47 schleppte
1171 1575 33 20 er
1229 1561 87 33 denn
1341 1561 76 33 alles

296 1609 117 32 immer
430 1609 161 33 hierher!?
611 1636 7 7 .
639 1636 8 8 .
668 1636 8 8 .
695 1612 50 31 Sie
763 1611 90 33 hatte
867 1613 120 34 Recht:
1007 1625 77 21 man
1101 1625 87 21 muss
1207 1613 61 33 mit
1286 1610 132 35 frohem

295 1661 126 31 Fierzen
445 1658 174 42 kommen,
644 1674 102 21 wenn
769 1663 106 33 einem
898 1676 69 20 was
992 1675 39 21 zu
1057 1666 102 44 Segen
1183 1663 133 34 werden
1341 1663 70 33 soll.

297 1710 77 33 Und
400 1710 52 33 bei
470 1711 111 34 Allem
602 1712 70 33 und
696 1712 134 35 überall.

370 1764 91 37 „Na,
478 1762 66 34 wie
565 1761 127 35 ist’s?!“
711 1763 107 34 lachte
836 1766 131 31 Hannie
989 1764 102 47 lustig
1113 1766 124 33 weiter.
1274 1764 142 40 „Willst

294 1812 46 33 du
359 1812 79 34 oder
456 1813 103 33 willst
578 1813 45 33 du
641 1815 108 33 nicht?
781 1818 84 31 Was
884 1815 170 47 gedenken
1072 1818 83 31 Euer
1174 1816 155 34 Gnaden?
1349 1842 8 8 .
1378 1842 7 8 .
1406 1841 7 9 .

293 1865 144 45 Morgen
455 1863 135 47 regnet’s
609 1865 164 34 vielleicht
791 1867 164 33 wieder!“

369 1917 41 31 Er
428 1914 68 34 hob
517 1915 62 33 den
597 1915 95 47 Kopf
705 1917 69 33 und
793 1918 57 32 sah
870 1930 40 20 zu
927 1917 51 34 ihr
997 1917 67 34 auf.

368 1967 131 32 Hannie
525 1979 63 20 sass
608 1966 63 34 auf
685 1968 105 33 ihrem
809 1969 256 44 gewöhnlichen
1084 1969 87 33 Platz
1188 1970 47 32 im
1254 1969 157 33 erhöhten

291 2015 226 35 Erkerausbau
536 2018 85 33 ihrer
640 2017 132 34 kleinen
790 2020 384 47 Mansardenwohnung.

367 2067 113 35 Heller
497 2081 141 21 warmer
656 2070 244 33 Sonnenschein
918 2070 54 47 lag
990 2072 35 31 in
1044 2071 73 33 dem
1138 2069 130 35 offenen
1286 2074 127 30 Fenster

290 2118 107 34 hinter
415 2119 52 33 ihr
485 2119 69 33 und
573 2120 112 46 spielte
703 2121 61 33 mit
783 2121 163 45 goldenen
964 2122 144 46 Ringeln
1125 2123 35 32 in
1179 2122 54 34 das
1253 2122 158 34 trauliche

290 2171 154 38 Zimmer,
459 2171 45 32 sie
518 2169 96 34 selbst
628 2172 61 32 mit
701 2172 106 33 einem
817 2173 122 33 weiten
952 2173 194 33 Lichtkranz
1155 2173 256 35 umflimmernd.

289 2222 79 32 Eine
390 2220 196 48 breitfaltige
613 2222 258 47 Plüschportiere
891 2224 181 34 umschloss
1099 2224 63 33 den
1181 2223 145 40 Ausbau,
1345 2225 66 33 wie

289 2273 53 32 ein
360 2284 125 34 grosser
504 2272 139 34 dunkler
659 2274 162 33 Rahmen.

364 2326 67 40 Jost
449 2323 115 34 zuckte
583 2324 157 47 plötzlich
758 2324 77 34 leise
853 2338 197 21 zusammen.

364 2378 65 30 Das
441 2388 72 21 war
527 2377 45 33 es!
584 2375 47 46 ja!
647 2375 174 47 leibhaftig
837 2377 68 33 und
918 2376 161 47 greifbar!
1096 2390 36 20 so
1146 2377 78 45 lang
1238 2390 32 20 er
1279 2376 130 35 denken

287 2424 143 41 konnte,
458 2434 76 38 trug
563 2439 32 21 er
619 2427 99 33 dieses
750 2427 72 33 Bild
846 2428 34 32 in
907 2428 57 33 der
987 2427 88 34 Seele
1099 2428 70 33 und
1197 2429 117 32 immer
1338 2429 69 33 und

285 2477 117 35 immer
419 2477 125 34 wieder
561 2478 89 33 hatte
669 2491 32 19 er
719 2477 144 47 gehofft,
887 2479 70 33 ihm
979 2479 173 45 irgendwo
1171 2492 40 20 zu
1228 2479 179 47 begegnen,

285 2528 154 47 obgleich
459 2541 32 20 er
508 2529 70 33 sich
595 2530 54 32 nie
666 2529 91 34 hatte
776 2529 70 34 klar
859 2530 133 34 werden
1011 2530 151 34 können:
1181 2530 44 33 ob
1244 2543 33 20 er
1291 2544 29 19 es
1336 2531 54 33 ein-

284 2579 66 33 mal
369 2580 139 45 gesehen
527 2580 78 33 oder
624 2579 44 34 ob
688 2593 31 20 er
738 2593 30 20 es
786 2594 63 21 nur
866 2585 163 42 geträumt
1042 2582 101 33 hatte.
1171 2582 80 33 Wie
1266 2582 69 32 eine
1351 2585 38 30 Er-

284 2631 164 46 innerung
462 2643 56 21 aus
531 2632 106 32 einem
651 2630 154 35 früheren
819 2632 107 33 Leben
940 2631 55 47 lag
1009 2645 30 21 es
1054 2633 35 32 in
1103 2633 101 32 seiner
1218 2635 104 36 Brust,
1336 2632 69 33 und

283 2682 89 33 noch
380 2695 60 20 vor
447 2683 112 45 wenig
565 2683 157 33 Wochen
733 2691 61 25 erst
800 2683 89 34 hatte
897 2696 31 20 er
936 2684 129 34 Hannie
1073 2683 107 35 davon
1188 2683 217 47 gesprochen:

360 2733 79 33 Eine
470 2733 101 34 lichte
602 2734 239 46 Frauengestalt
878 2732 63 36 auf
970 2734 194 34 blitzendem
1195 2734 210 46 Goldgrund,

283 2783 163 34 blühende
470 2787 111 31 Rosen
608 2785 70 33 und
700 2785 140 33 Lorbeer
866 2785 35 33 in
928 2785 54 33 der
1009 2785 200 35 winkenden
1232 2785 98 33 Hand

282 2836 120 33 wohin
419 2836 45 33 sie
489 2844 73 31 trat,
587 2845 162 38 sprossten
773 2837 114 33 weisse
906 2836 138 34 Blumen
1065 2836 62 34 auf
1145 2837 68 33 und
1231 2836 173 35 rauschten

283 2886 143 44 Quellen
445 2887 69 33 und
534 2886 144 47 klangen
696 2888 115 33 Lieder
828 2888 69 33 und
917 2888 162 33 leuchtete
1098 2888 252 33 Sonnenschein.

357 2940 149 37 Monate,
525 2938 96 34 halbe
638 2939 94 43 Jahre
750 2938 78 47 lang
845 2938 166 35 vielleicht
1029 2939 229 34 schlummerte
1277 2952 30 20 es
1333 2938 69 35 und

279 2989 90 33 hatte
392 3002 32 20 er
449 3002 30 21 es
503 3003 175 33 vergessen,
708 3003 82 33 ganz
818 2989 155 48 plötzlich
1000 2990 75 34 aber
1100 2991 133 33 tauchte
1260 3003 31 20 es
1315 2991 87 33 dann

278 3040 123 34 wieder
417 3053 61 21 vor
496 3041 72 33 ihm
588 3038 68 41 auf,
681 3041 42 33 ob
750 3053 32 21 er
807 3039 62 35 auf
887 3042 87 32 einer
1000 3042 165 32 einsamen
1182 3041 220 46 Wanderung

277 3092 48 33 im
340 3091 121 47 Gebirg
478 3105 73 21 war
569 3092 78 33 oder
661 3093 45 32 im
720 3092 188 33 lärmenden
921 3092 279 47 Strassengewühl
1214 3093 56 33 der
1284 3096 98 30 Gress-

277 3143 100 39 stadt,
397 3144 116 33 immer
536 3144 68 33 und
623 3144 117 33 immer
758 3142 79 35 kam
857 3156 30 21 es
906 3144 134 40 wieder,
1059 3144 66 33 wie
1145 3144 53 33 ein
1216 3143 89 40 Blitz,
1326 3142 55 35 auf-

276 3193 175 34 leuchtend
470 3194 67 34 und
563 3195 48 32 im
628 3195 157 33 nächsten
803 3193 211 48 Augenblick
1032 3194 123 35 wieder
1174 3194 224 40 verlöschend,

277 3245 74 33 aber
376 3246 69 33 eine
471 3244 187 35 rätselhafte
677 3246 182 33 Sehnsucht
882 3246 36 32 in
942 3246 72 33 ihm
1032 3245 170 35 weckend.
1239 3246 160 33 Wonach

275 3295 129 36 freilich
428 3306 122 24 wusste
578 3310 32 20 er
633 3297 96 33 selbst
751 3297 102 33 nicht.
889 3299 118 31 Immer
1034 3297 54 33 das
1113 3297 142 47 gleiche,
1282 3299 117 32 immer

276 3349 84 32 auch
374 3349 54 32 ein
442 3348 133 34 bischen
590 3348 124 39 anders,
730 3348 88 33 doch
832 3349 53 32 nie
899 3361 48 26 so,
963 3348 70 34 dass
1049 3361 31 21 er
1094 3361 31 21 es
1139 3348 112 34 halten
1261 3347 134 35 konnte.

273 3399 78 34 Und
370 3412 100 21 wenn
484 3412 33 21 er
531 3400 71 33 ihm
614 3399 244 46 nachgrübelte,
875 3426 55 7 ...
946 3412 32 21 er
992 3398 80 35 fand
1087 3400 122 41 nichts;
1229 3413 30 20 es
1275 3408 120 25 musste

274 3451 51 32 ein
354 3453 123 31 Traum
504 3452 68 33 sein
591 3477 8 8 .
621 3476 8 9 .
647 3476 8 9 .
683 3451 73 33 aber
783 3452 68 32 sein
878 3464 114 33 ganzes
1019 3450 108 34 Leben
1154 3452 144 33 erschien
1324 3452 71 33 ihm

273 3500 164 35 zuweilen
461 3514 63 21 nur
546 3503 66 32 wie
640 3503 53 32 ein
717 3502 174 33 Wandern
913 3502 68 33 und
1007 3503 129 32 Suchen
1162 3503 85 34 nach
1274 3503 121 33 diesem

272 3552 82 34 Bild.
396 3552 78 34 Und
500 3565 101 22 wenn
629 3566 32 21 er
687 3554 35 33 in
750 3552 203 48 skeptischen
976 3553 147 34 Stunden
1148 3554 84 34 auch
1256 3554 139 34 darüber

270 3603 107 34 lachte
395 3604 70 33 und
484 3617 30 20 es
534 3617 126 34 vergass
686 3605 46 33 im
751 3605 171 45 Gedränge
945 3605 54 33 des
1018 3607 104 45 Tages
1143 3632 63 9 ...
1236 3619 32 21 er
1286 3603 107 36 fühlte

271 3655 99 40 doch,
399 3668 31 20 es
454 3668 70 22 war
546 3656 35 32 in
605 3655 82 40 ihm,
715 3656 184 46 irgendwo,
925 3657 67 33 wie
1015 3657 71 33 eine
1105 3657 120 44 Quelle
1243 3655 62 36 auf
1319 3657 74 34 dem

1527 635 116 35 Grund
1672 637 84 33 eines
1781 639 84 36 Sees,
1892 635 70 34 und
1990 636 117 33 immer
2134 635 69 34 und
2232 634 232 40 unverlierbar,
2493 635 69 33 und
2586 636 67 32 sein

1526 700 114 34 ganzes
1660 685 152 36 Schaffen
1829 686 79 35 kam
1926 687 69 34 ihm
2015 688 157 33 mitunter
2190 700 71 27 vor,
2284 699 64 22 nur
2365 687 67 34 wie
2458 687 52 33 ein
2529 689 125 45 Drang,

1527 739 119 34 diesem
1665 738 72 34 Bild
1757 738 125 35 Gestalt
1900 752 40 20 zu
1959 738 113 48 geben.

1600 790 141 40 Einmal,
1764 792 45 45 ja!
1835 804 59 21 vor
1912 792 94 38 zehn,
2025 788 111 37 zwölf
2148 791 116 43 Jahren
2284 798 98 27 etwa.
2423 792 42 31 Er
2483 790 90 33 hatte
2592 790 61 33 mit

1524 842 103 33 seiner
1640 844 127 31 Mutter
1785 842 69 33 und
1868 843 181 34 Schwester
2068 842 94 33 einen
2177 842 140 46 Ausflug
2331 841 162 48 gemacht.
2526 844 40 31 Es
2580 854 73 22 war

1524 893 116 34 Abend
1659 894 192 46 geworden.
1884 895 49 32 Sie
1952 906 115 23 waren
2085 893 63 34 auf
2161 894 75 33 dem
2250 895 179 45 Heimweg
2448 893 68 34 und
2530 895 123 45 gingen

1524 945 143 47 hügelab
1686 945 104 33 durch
1809 946 53 33 ein
1879 944 173 36 Kornfeld.
2084 948 42 31 Er
2144 945 70 33 und
2233 946 86 33 seine
2338 945 183 34 Schwester
2538 957 113 22 waren

1523 1009 117 21 voraus
1675 997 70 33 und
1772 997 137 33 standen
1939 997 36 33 in
1997 997 56 33 der
2076 996 238 48 Thalsenkung
2340 1004 119 32 unten,
2491 997 159 33 während

1524 1048 69 33 ihre
1615 1050 126 31 Mutter
1767 1049 89 33 noch
1883 1048 86 34 oben
1996 1047 63 35 auf
2082 1048 56 34 der
2163 1049 101 33 Höhe
2290 1049 90 46 ging.
2426 1051 65 31 Das
2517 1061 72 21 war
2612 1061 37 20 so

1524 1098 143 36 ähnlich.
1721 1100 119 33 Hinter
1865 1100 52 34 ihr
1945 1100 54 33 der
2026 1100 252 34 verdammende
2305 1100 271 39 Abendhimmel,
2605 1101 44 32 sie

1522 1150 96 34 selbst
1644 1152 95 31 einen
1764 1153 122 31 Strauss
1905 1150 242 35 Waldblumen
2171 1152 36 33 in
2231 1151 57 34 der
2305 1151 99 35 Hand
2429 1152 69 33 und
2525 1164 58 21 um
2604 1152 44 33 sie

1522 1201 58 34 her
1597 1202 53 33 die
1669 1200 79 35 Luft
1766 1202 69 33 voll
1854 1202 250 34 zwitschernder
2122 1202 207 35 Schwalben.

1598 1253 76 34 Und
1692 1265 71 22 nun
1781 1254 132 33 Hannie
1931 1280 64 7 ...
2016 1255 35 32 in
2069 1255 104 32 ihrem
2187 1253 100 34 Erker
2304 1255 70 33 hier
2394 1280 35 8 ..
2450 1281 7 7 .
2478 1254 116 33 mitten
2612 1255 36 32 in

1521 1303 105 35 lauter
1640 1305 254 39 Sonnenschein,
1910 1305 67 33 und
1992 1304 63 35 auf
2065 1305 74 33 dem
2152 1307 242 45 Fenstergesims
2409 1306 56 34 das
2481 1305 166 35 blühende

1520 1355 334 40 Mandelbäumchen,
1874 1356 55 34 das
1950 1369 31 20 er
2000 1357 51 33 ihr
2068 1369 60 21 vor
2140 1359 68 32 vier
2221 1357 159 34 Wochen
2399 1370 74 20 zum
2488 1357 139 35 Geburts-

1520 1415 56 38 tag
1593 1406 177 47 geschenkt
1788 1408 98 33 hatte.
1903 1434 8 7 .
1928 1434 7 7 .
1952 1434 8 7 .

1597 1460 108 37 „Was
1737 1458 117 46 guckst
1886 1458 45 34 du
1962 1458 86 34 denn
2079 1472 37 21 so
2148 1458 228 49 merkwürdig
2383 1464 35 30 ?“
2449 1460 195 34 unterbrach

1520 1510 131 32 Hannie
1670 1510 87 32 seine
1776 1509 189 36 Gedanken.
2006 1511 50 32 Sie
2081 1510 93 35 stand
2199 1509 68 43 auf,
2295 1511 85 47 legte
2405 1511 52 34 die
2476 1511 166 40 Stickerei,

1520 1573 42 21 an
1590 1560 54 34 der
1668 1561 45 33 sie
1736 1561 166 40 arbeitete,
1931 1561 54 34 bei
2008 1562 83 33 Seite
2117 1562 70 33 und
2214 1575 61 34 zog
2299 1563 70 33 sich
2391 1564 95 33 einen
2511 1562 131 35 kleinen

1519 1611 135 33 Hocker
1672 1611 104 34 neben
1795 1612 63 33 den
1875 1613 183 39 Armstuhl,
2077 1614 35 32 in
2131 1613 75 34 dem
2225 1626 32 21 er
2275 1627 74 21 sass.

1594 1665 108 37 „Was
1721 1663 71 33 hast
1811 1663 45 33 du
1875 1663 193 49 eigentlich?
2108 1667 85 31 Was
2218 1665 42 33 ist
2279 1665 85 33 denn
2382 1665 69 34 los?
2489 1665 58 34 Ich
2565 1665 75 35 fühl

1517 1726 31 20 es
1566 1717 41 42 ja,
1627 1714 69 33 dass
1716 1722 101 26 etwas
1836 1715 92 33 nicht
1947 1715 34 33 in
2001 1715 165 47 Ordnung
2188 1717 50 32 ist.
2279 1717 88 45 Sag’s
2393 1717 103 33 doch!
2525 1718 115 32 Damit

1516 1765 64 33 wir
1606 1778 61 20 uns
1694 1766 197 45 wenigstens
1917 1766 62 33 den
1997 1767 218 46 Nachmittag
2237 1768 92 33 nicht
2352 1769 62 32 mit
2432 1772 206 43 verärgern.“

1592 1818 88 37 „Das
1696 1820 88 29 wäre
1803 1816 141 34 deshalb
1960 1818 90 33 nicht
2065 1819 106 45 nötig.
2201 1820 152 32 Hundert
2369 1819 115 34 andere
2498 1820 140 34 würden

1517 1879 30 20 es
1566 1879 97 34 sogar
1681 1866 55 34 für
1754 1868 52 32 ein
1825 1867 109 35 Glück
1952 1869 153 33 halten!“

1592 1920 41 31 Er
1660 1931 62 33 zog
1750 1919 93 33 einen
1870 1917 92 35 Brief
1983 1932 57 21 aus
2072 1920 55 33 der
2153 1921 213 33 Brusttasche.
2413 1924 38 30 Es
2479 1935 71 21 war
2580 1922 56 34 das

1515 1969 232 45 gewöhnliche
1761 1969 196 47 grau-blaue
1971 1969 326 42 Geschäftskouvert,
2312 1973 71 32 eine
2397 1971 240 48 fettgedruckte

1513 2020 104 33 Firma
1637 2020 106 35 drauf.
1794 2023 101 38 „Von
1914 2022 128 33 Konsul
2060 2022 318 35 Erdmannshöfer!“

1590 2074 90 36 „Na,
1700 2085 69 20 was
1788 2072 74 34 will
1881 2072 55 34 der
1954 2073 128 34 denn?“

1590 2123 51 32 Sie
1660 2122 63 34 las:

1589 2174 119 38 „Mein
1726 2173 97 34 lieber
1837 2173 144 35 Doktor!
2004 2201 7 7 .
2031 2201 8 7 .
2060 2202 7 8 .
2093 2188 24 20 i.
2131 2176 98 43 Juni.
2246 2202 8 7 .
2270 2202 7 7 .
2294 2178 118 32 Posten
2427 2202 53 8 ...
2500 2179 117 31 Korres-

1513 2224 188 46 pondenten
1720 2251 7 7 .
1748 2251 7 7 .
1776 2251 7 8 .
1807 2226 177 46 Komptoir
2003 2252 65 8 ...
2094 2239 39 21 zu
2158 2226 146 34 besetzen
2322 2253 66 8 ...
2417 2240 18 31 9
2457 2227 47 34 bis
2528 2241 45 31 5.
2599 2256 6 6 .
2627 2254 7 7 .

1512 2274 341 49 hundertundfünfzig
1878 2276 98 34 Mark
1995 2303 9 8 .
2022 2303 8 7 .
2051 2304 8 8 .
2100 2277 142 35 Wollen
2265 2279 49 32 Sie
2338 2279 89 33 noch
2448 2305 36 7 ..
2506 2305 7 7 .
2550 2281 56 31 Um-

1512 2326 173 46 gehendste
1705 2330 157 31 Antwort
1881 2354 8 7 .
1909 2354 8 8 .
1938 2334 33 29 .“

1588 2379 51 32 Sie
1657 2378 147 46 schwieg
1830 2380 94 32 einen
1942 2378 220 47 Augenblick,
2187 2379 148 48 überflog
2361 2381 55 33 das
2437 2382 85 33 Blatt
2546 2381 88 34 dann

1510 2429 89 33 noch
1618 2429 132 39 einmal,
1772 2429 112 35 faltete
1908 2443 31 21 es
1959 2431 35 33 in
2020 2431 86 33 seine
2125 2432 126 33 Brüche
2270 2432 68 33 und
2356 2432 85 46 legte
2461 2446 30 21 es
2510 2433 124 34 wieder

1510 2479 35 34 in
1564 2479 62 34 den
1644 2480 191 48 Umschlag.

1587 2534 90 36 „Das
1703 2532 40 32 ist
1766 2535 31 43 ja
1823 2533 72 32 sehr
1919 2531 296 48 liebenswürdig!“
2238 2542 90 38 sagte
2354 2535 45 32 sie
2423 2533 129 35 endlich
2571 2536 60 32 mit

1509 2581 111 34 leisem
1638 2585 138 44 Zögern.
1813 2584 111 39 „Aber
1943 2610 8 7 .
1971 2610 8 7 .
1999 2610 9 7 .
2027 2597 69 21 was
2115 2584 75 34 will
2208 2584 55 34 der
2282 2585 176 46 eigentlich
2475 2587 117 32 immer
2597 2589 10 31 ?
2610 2589 22 17 Cc

1585 2636 68 40 Jost
1670 2633 117 35 lachte.

1586 2685 118 38 „Mich
1737 2684 63 35 auf
1826 2686 63 33 den
1922 2686 131 33 rechten
2079 2688 91 45 Weg
2197 2686 138 47 bringen
2361 2688 69 33 und
2458 2701 40 20 zu
2526 2689 106 34 einem

1508 2734 227 35 ordentlichen
1754 2736 102 35 Beruf
1869 2737 203 34 bekehren!“

1583 2787 112 38 „Aber
1720 2787 45 34 du
1783 2787 116 35 denkst
1917 2788 88 35 doch
2028 2789 91 33 nicht
2142 2797 99 30 etwa,
2266 2789 55 33 das
2348 2791 283 33 anzunehmen?!“

1506 2836 117 48 platzte
1641 2839 45 32 sie
1704 2851 70 21 nun
1793 2840 128 38 heraus,
1940 2840 69 33 ihre
2028 2852 99 34 ganze
2141 2841 111 32 innere
2267 2843 167 45 Erregung
2448 2842 179 34 verratend.

1505 2891 108 37 „Was
1629 2890 97 33 heisst
1741 2890 86 34 denn
1841 2891 156 33 zunächst
2012 2891 72 34 das:
2100 2891 140 34 Wollen
2255 2892 51 33 Sie
2321 2893 105 33 noch?
2455 2896 55 30 Du
2525 2901 105 26 musst

1506 2940 40 33 da
1565 2940 86 33 doch
1670 2954 68 21 was
1758 2951 111 37 gesagt
1887 2942 150 33 haben?“

1582 2994 119 36 „Kann
1721 2993 83 34 sein!
1823 2994 66 33 wie
1908 3006 77 21 man
2002 3006 37 21 so
2058 2993 99 34 redet.
2199 2996 116 31 Genau
2338 2994 120 46 jedoch
2484 2996 146 33 erinnere

1504 3042 55 34 ich
1578 3043 89 33 mich
1686 3057 40 19 an
1745 3045 107 33 nichts
1872 3045 102 34 mehr.
2015 3048 40 30 Es
2074 3046 40 32 ist
2131 3048 31 43 ja
2180 3044 80 34 über
2279 3047 83 32 zwei
2381 3049 150 37 Monate,
2557 3046 72 35 dass

1505 3094 54 32 ich
1576 3095 91 32 nicht
1686 3095 73 33 dort
1777 3109 72 21 war
1866 3096 68 33 und
1955 3123 8 8 .
1984 3123 7 6 .
2012 3103 34 28 .“

1581 3144 110 40 „Aber
1710 3147 91 33 nicht
1819 3148 109 38 wahr,
1947 3159 66 22 von
2032 3147 97 33 selbst
2143 3147 89 34 kann
2246 3147 280 35 Erdmannshöfer
2541 3149 84 34 doch

1503 3196 91 33 nicht
1613 3196 121 35 darauf
1748 3196 170 42 kommen,
1939 3199 48 33 dir
2006 3199 71 33 eine
2096 3198 96 34 Stelle
2211 3199 202 34 anzubieten.
2457 3203 65 31 Das
2536 3205 89 30 wäre

1501 3250 32 43 ja
1552 3246 195 36 komisch!“

1578 3299 203 40 „Natürlich
1799 3300 105 34 nicht!
1933 3301 98 33 Doch
2051 3327 8 8 .
2078 3327 7 8 .
2107 3328 8 7 .
2135 3300 164 35 vielleicht
2317 3301 65 34 hab
2406 3303 56 33 ich
2485 3304 86 33 auch
2590 3317 37 21 so

1502 3358 102 26 etwas
1623 3359 123 39 gesagt,
1765 3352 67 34 wie
1851 3377 8 9 .
1879 3377 7 7 .
1908 3378 7 8 .
1936 3352 69 34 dass
2030 3352 53 34 ich
2108 3365 79 34 gern
2211 3354 71 32 eine
2305 3354 123 34 sichere
2444 3355 183 34 Einnahme

1500 3401 100 40 hätte,
1616 3415 58 21 um
1686 3415 56 21 aus
1757 3403 55 33 der
1823 3404 131 46 ewigen
1963 3403 323 35 Artikelschreiberei
2295 3405 329 36 herauszukommen.

1500 3455 54 31 Du
1575 3453 111 34 weisst
1701 3458 44 41 ja,
1764 3455 67 33 wie
1849 3454 52 34 die
1919 3457 102 31 Leute
2041 3454 78 34 über
2136 3457 165 33 unsereins
2316 3455 142 42 denken,
2477 3458 68 34 und
2559 3459 68 34 wie

1500 3505 44 32 sie
1562 3505 94 33 einen
1675 3504 185 48 ausfragen!
1881 3532 8 7 .
1909 3532 8 8 .
1938 3533 7 7 .
1971 3509 84 31 Man
2081 3507 90 33 hätte
2194 3509 200 45 wenigstens
2422 3509 53 34 ein
2493 3509 134 35 bischen

1500 3555 83 34 Geld
1599 3556 127 35 und...
1741 3557 201 34 schliesslich
1957 3584 31 9 ..
2005 3585 8 8 .
2028 3557 65 35 ist’s
2112 3561 30 43 ja
2162 3560 84 33 auch
2265 3559 143 40 einerlei,
2428 3561 42 33 ob
2489 3564 119 32 Korres-

1498 3607 146 46 pondent
1651 3608 35 33 in
1695 3609 86 33 einer
1790 3608 311 35 Streichholzfabrik
2110 3610 78 34 oder
2195 3612 432 35 Ausschneide-Redakteur

1497 3658 185 47 irgendwo.
1718 3660 67 33 Mit
1804 3663 106 31 Kunst
1928 3661 57 34 hat
2004 3661 71 44 das,
2095 3663 122 33 womit
2240 3664 166 33 unsereins
2430 3665 197 48 heutzutage
