3528 4572
467 982 159 68 DIE
672 982 612 71 PROZESSION

829 1099 51 29 VON
897 1099 86 29 FRANZ
1000 1099 85 29 EVERS

393 1293 110 40 War
535 1292 64 41 ein
631 1293 320 57 Maienmorgen
983 1296 76 40 auf
1087 1295 73 42 der
1191 1297 134 51 Erde;

301 1360 229 55 Hallelujah
561 1362 40 41 in
634 1361 74 41 der
739 1363 126 41 Luft.
888 1396 37 9 ..

301 1430 139 54 Vögel
464 1430 188 54 jubelten
683 1431 103 42 über
820 1432 73 41 der
925 1434 133 50 Erde;

301 1513 90 28 war
423 1499 64 41 ein
518 1500 320 56 Maienmorgen
868 1502 41 41 in
942 1502 74 42 der
1047 1504 108 41 Luft.

301 1568 140 42 Ueber
473 1568 81 43 den
585 1570 197 42 Dächern
815 1571 160 55 glomm
1008 1572 64 41 die
1104 1574 155 50 Sonne,

299 1637 84 42 und
417 1638 73 41 der
522 1639 181 41 Himmel
734 1655 90 26 war
856 1641 82 41 ein
972 1642 149 50 Glühn,

299 1707 100 41 stille
431 1708 198 42 Strassen
660 1714 209 37 träumten
901 1711 39 40 in
973 1711 73 41 der
1078 1712 143 42 Sonne

298 1783 118 35 unter
441 1777 177 56 jungem
648 1778 272 56 Birkengrün.

297 1846 99 42 Und
429 1846 65 42 die
525 1848 304 41 Birkenblätter
859 1849 197 51 zitterten,

295 1915 187 42 zitterten
513 1916 40 42 in
586 1917 96 41 dem
713 1918 137 40 vollen
882 1918 134 51 Licht;

295 1999 157 27 warme
485 1986 262 41 Osterwinde
779 1987 179 42 strichen

295 2069 69 26 um
398 2055 109 41 mein
539 2062 203 35 stummes
774 2057 233 54 Angesicht
1029 2091 7 7 .
1060 2091 8 7 .
1092 2092 7 7 .

294 2124 97 41 Und
426 2124 64 41 die
522 2125 175 55 heiligen
732 2125 189 42 Glocken
953 2126 200 56 schlagen

292 2192 99 56 lang
422 2194 85 40 und
539 2194 86 41 laut
647 2229 7 7 .
676 2228 8 8 .
707 2229 7 6 .

295 2262 85 41 und
413 2262 130 42 durch
576 2264 66 40 die
673 2264 99 41 Luft

291 2332 102 40 wird
425 2332 61 41 ihr
518 2334 96 40 Ton
647 2333 337 56 dahergetragen
1007 2368 8 7 .
1038 2368 35 8 ..

289 2401 76 41 wie
400 2401 64 42 die
495 2401 177 56 heiligen
705 2403 189 42 Glocken
925 2403 214 56 schlagen!

289 2470 85 41 und
405 2471 65 40 ich
501 2471 169 42 lausche
702 2473 40 40 in
775 2472 65 41 die
871 2473 109 50 Luft,

289 2539 64 41 die
384 2540 40 41 in
457 2541 133 40 meine
622 2542 120 40 Seele
774 2541 125 51 blaut,

288 2608 63 41 die
382 2610 40 40 in
455 2610 133 41 meine
620 2610 121 42 Seele
772 2612 117 40 flutet

286 2678 73 42 mit
389 2679 236 55 geheimem
656 2680 151 55 Klang,

285 2748 77 41 wie
395 2762 74 27 aus
502 2749 366 42 Kirchenfenstern
900 2751 117 42 flutet

283 2817 120 42 leiser
435 2817 277 57 Kindersang.

285 2887 38 40 O
356 2887 64 40 ich
451 2887 103 41 höre
587 2888 117 41 einen
740 2888 171 51 andern,

283 2956 93 40 früh
409 2956 205 56 gehörten
645 2958 107 50 Ton,

283 3025 85 41 und
400 3026 64 40 ich
496 3026 164 42 schicke
692 3028 134 41 meine
858 3028 135 50 Seele,

283 3094 133 42 meine
447 3094 141 57 bange
620 3096 121 41 Seele
772 3097 201 42 wandern

282 3163 69 42 hin
381 3178 73 27 zur
484 3165 260 43 Prozession.

1699 990 142 41 Näher
1872 990 201 41 murmeln
2105 990 131 42 schon
2267 992 85 41 und
2383 994 204 42 rauschen

1607 1059 321 42 Priesterschritt
1958 1059 86 41 und
2075 1060 271 55 Volksgebet,

1606 1128 85 42 und
1724 1128 65 42 die
1822 1135 137 35 ersten
1990 1129 174 41 Fahnen
2195 1129 213 43 bauschen

1607 1198 86 41 sich
1724 1198 56 41 im
1811 1198 143 50 Wind,
1988 1198 74 41 der
2093 1199 97 40 leise
2222 1199 119 41 weht.

1606 1266 142 41 Näher
1778 1267 116 42 ziehn
1927 1268 64 41 die
2023 1268 382 52 Weihrauchdüfte,

1605 1336 433 51 Weihrauchwolken,
2072 1337 156 41 schwül
2259 1339 84 41 und
2376 1340 177 53 schwer;

1604 1404 109 42 hoch
1744 1406 56 40 im
1830 1405 150 42 blauen
2013 1407 130 41 Glanz
2176 1407 74 41 der
2281 1409 122 41 Lüfte

1604 1481 117 49 wogt
1752 1476 64 40 ein
1847 1475 164 41 seidnes
2044 1476 301 43 Fahnenmeer.

1602 1544 158 41 Kinder
1792 1545 157 55 singen,
1983 1545 158 41 Kinder
2173 1552 165 37 streuen

1602 1619 89 35 rote
1724 1615 145 40 Rosen
1901 1615 39 40 in
1974 1614 80 41 den
2086 1617 114 54 Tag;

1603 1683 76 40 alle
1710 1683 117 41 soll’n
1860 1684 85 40 sich
1977 1684 123 41 heute
2133 1686 151 51 freuen,

1602 1751 141 41 keiner
1773 1753 68 50 sei,
1875 1752 73 42 der
1979 1753 254 44 Schmerzen
2264 1756 116 56 trag’.

1600 1821 158 41 Kinder
1789 1823 156 55 singen,
1978 1823 158 41 Kinder
2166 1824 213 53 schreiten,

1600 1890 176 41 weissen
1808 1891 347 43 Blütenschmuck
2187 1895 56 40 im
2274 1897 137 50 Haar;

1599 1959 85 41 und
1717 1959 64 41 die
1814 1961 174 42 vollsten
2020 1963 144 41 Rosen
2195 1964 152 54 gleiten

1600 2029 141 40 nieder
1773 2044 70 27 am
1873 2031 338 43 Liebfraunaltar.

1599 2098 99 41 Und
1731 2099 64 41 die
1828 2100 178 41 reinsten
2039 2102 150 40 Lieder
2220 2102 175 57 klingen,

1599 2181 67 27 wo
1702 2167 65 41 die
1799 2168 147 56 heilige
1969 2170 206 55 Jungfrau
2207 2172 149 42 thront.

1597 2236 159 42 Kinder
1786 2238 157 55 singen,
1976 2239 158 42 Kinder
2165 2241 165 56 singen;

1596 2306 84 40 und
1715 2306 64 41 die
1811 2307 155 54 goldne
1998 2309 143 42 Sonne
2172 2310 124 42 lohnt.

1686 2480 135 41 Vorm
1852 2481 120 41 Altar
2002 2483 40 40 in
2073 2483 115 40 tiefer
2220 2484 196 42 Andacht

1593 2547 122 42 knien
1747 2549 76 41 alle
1854 2549 152 43 betend
2038 2551 87 52 hin;

1593 2631 86 28 von
1712 2618 96 42 dem
1839 2620 430 55 goldgeschmückten
2301 2623 170 43 Throne

1592 2694 149 48 segnet
1774 2689 73 41 mit
1879 2690 95 42 dem
2007 2691 283 42 Gottessohne

1592 2756 59 41 sie
1685 2757 65 41 die
1781 2759 383 56 Himmelskönigin.

1591 2826 100 41 Und
1723 2826 65 41 die
1819 2828 180 41 Priester
2030 2829 120 42 stehn
2181 2830 86 41 und
2298 2831 149 55 neigen

1591 2895 76 40 still
1698 2895 62 42 ihr
1791 2897 145 54 Haupt
1959 2931 7 7 .
1988 2931 7 7 .
2018 2932 7 7 .

2068 2968 235 41 Geweihtes
2336 2970 182 41 Wasser

1589 3033 136 42 rieselt
1756 3048 86 28 von
1874 3034 81 42 den
1987 3036 348 57 Birkenzweigen,

1588 3102 146 55 sprüht
1764 3104 85 40 und
1880 3104 141 42 staubt

1588 3172 76 40 auf
1690 3172 64 41 die
1784 3174 126 40 Beter
1940 3174 141 42 seinen
2113 3176 172 52 reichen,
