3518 4572
1324 3890 210 43 339

259 639 287 48 geschwungenen
566 640 128 39 Linien,
714 641 53 33 die
785 642 65 33 wir
869 655 66 21 von
955 642 55 34 der
1029 642 122 34 Antike
1170 643 57 33 her
1245 643 142 40 kennen,

258 691 140 34 sondern
423 691 172 46 wuchtige
614 692 180 39 Gestalten,
822 694 66 33 wie
915 694 55 33 der
988 693 165 35 Verfasser
1176 695 57 33 der
1250 694 139 49 Apoka-

258 743 88 47 lypse
365 743 43 32 sie
427 742 167 47 geschaut,
615 751 103 26 treten
736 757 62 20 uns
817 753 170 38 entgegen,
1007 747 182 33 Menschen
1207 759 66 21 von
1293 746 96 34 über-

258 794 203 34 weltlichem
481 796 109 32 Maass
610 795 68 33 und
706 796 330 46 urgeschichtlichem
1067 801 103 31 Ernst.
1208 799 98 33 Auch
1338 799 51 33 die

258 844 253 41 Landschaften,
537 847 66 32 wie
624 846 51 33 die
693 848 215 33 Todteninsel
927 849 69 33 und
1016 850 55 33 der
1088 850 225 39 Prometheus,
1333 864 57 32 ge-

257 897 103 34 hören
384 897 107 33 einem
513 898 280 34 Heroenzeitalter
817 912 52 23 an.
908 903 74 31 Wo
1006 900 75 35 aber
1099 900 95 35 keine
1213 902 177 33 absonder-

257 949 85 34 liehe
356 949 143 46 Bildung
514 949 51 33 die
577 949 306 36 Aufmerksamkeit
897 951 64 34 auf
969 953 70 33 sich
1053 953 96 39 zieht,
1165 953 42 33 da
1220 952 170 35 bevölkert

257 1001 69 33 sich
354 999 56 34 der
437 1001 90 33 Hain
559 999 108 35 sofort
700 1003 61 33 mit
787 1003 318 47 Wundergestalten
1133 1005 89 33 einer
1249 1005 142 33 anderen

257 1052 106 38 Welt,
391 1053 62 32 mit
479 1055 120 37 Panen,
624 1055 195 45 Nymphen,
844 1055 257 47 Engelkindern,
1128 1056 56 33 das
1208 1059 92 31 Meer
1329 1057 62 33 mit

257 1104 158 33 Tritonen
430 1103 70 34 und
514 1104 143 40 Sirenen,
672 1107 221 45 Ungeheuern
908 1107 70 34 und
992 1107 252 47 Missgestalten.
1274 1108 117 34 Gleich

257 1155 55 34 der
342 1155 198 34 dichtenden
572 1156 173 35 Phantasie
772 1158 53 33 des
853 1158 123 34 Volkes
1005 1160 83 32 sieht
1115 1158 156 34 Böcklins
1300 1160 91 34 Geist

256 1207 109 33 hinter
389 1207 69 33 und
483 1206 80 35 über
584 1208 88 45 jeder
689 1208 243 35 Wirklichkeit
951 1212 70 33 eine
1046 1212 128 38 zweite,
1193 1224 83 21 neue
1295 1211 96 34 Welt

257 1258 69 34 voll
344 1257 200 42 neckischer,
572 1259 234 42 schalkhafter,
825 1261 182 35 harmloser
1026 1262 148 40 Gebilde,
1194 1263 72 33 eine
1283 1262 107 40 Welt,

257 1310 52 33 die
324 1311 86 33 auch
425 1310 65 34 real
505 1311 52 39 ist,
570 1311 76 33 aber
659 1312 93 34 nicht
765 1313 36 33 in
812 1313 55 34 der
877 1316 122 37 Natur,
1011 1314 140 34 sondern
1165 1314 35 33 in
1214 1314 74 34 dem
1300 1315 91 34 Geist

258 1362 54 34 der
337 1362 182 34 Menschen
547 1363 94 33 ihren
665 1365 63 32 Sitz
750 1365 69 40 hat,
843 1365 101 33 daher
972 1366 97 39 auch,
1094 1366 44 33 als
1163 1379 95 20 unsre
1283 1366 106 39 Welt,

1493 642 143 38 färben-,
1651 639 147 35 formen-
1817 641 68 34 und
1906 641 320 47 beziehungsreicher
2245 644 41 33 ist
2305 643 45 35 als
2370 644 51 34 die
2440 658 60 20 uns
2520 643 106 36 fremd

1493 692 342 50 gegenüberstehende
1864 691 252 37 Wirklichkeit.
2165 695 82 33 Hier
2276 697 70 31 tritt
2375 695 55 34 der
2461 697 165 40 Künstler,

1494 747 51 33 ein
1572 745 132 35 zweiter
1723 743 227 49 Shakespeare,
1974 758 81 34 ganz
2080 745 135 40 zurück,
2242 746 75 34 aber
2335 747 92 34 nicht
2445 747 108 35 hinter
2571 749 55 33 der

1492 800 123 37 Natur,
1634 795 141 34 sondern
1793 796 108 33 hinter
1920 797 75 33 dem
2010 797 189 46 Weltgeist,
2219 798 56 33 der
2293 811 57 21 aus
2370 798 70 34 ihm
2454 799 153 34 unmittel-

1494 849 57 34 bar
1569 862 39 21 zu
1627 860 60 22 uns
1707 847 96 34 redet.

1572 900 122 33 Ziehen
1713 900 62 32 wir
1794 899 52 33 die
1860 902 145 36 Summe,
2024 912 37 21 so
2080 901 96 32 sehen
2196 902 74 38 wir,
2285 902 66 33 wie
2370 901 170 35 deutscher
2558 903 68 33 und

1495 951 233 35 französischer
1742 951 103 38 Geist,
1861 951 52 33 ein
1925 951 87 45 jeder
2026 951 35 33 in
2076 952 102 33 seiner
2191 952 125 39 Weise,
2332 952 76 34 dem
2423 953 88 34 Ziele
2525 955 81 33 nach-

1494 1003 139 39 streben,
1660 1003 63 33 den
1750 1002 130 34 Idealen
1906 1015 131 21 unserer
2063 1003 72 33 Zeit
2163 1006 95 31 Form
2286 1004 69 33 und
2383 1005 177 34 Ausdruck
2586 1019 40 20 zu

1495 1055 119 47 geben;
1638 1054 52 33 die
1709 1056 178 31 Franzosen
1911 1053 94 34 mehr
2029 1055 84 33 nach
2137 1055 56 33 der
2216 1056 83 32 Seite
2324 1055 53 33 des
2406 1056 220 34 Geschmacks

1495 1106 69 34 und
1588 1106 56 33 der
1667 1104 236 48 Empfindung,
1930 1106 56 33 der
2009 1107 165 33 Deutsche
2200 1107 92 33 mehr
2316 1107 85 33 nach
2424 1107 56 34 der
2503 1108 108 34 inhalt-

1495 1159 120 38 liehen,
1643 1157 276 47 phantastischen,
1948 1157 290 48 philosophischen
2256 1159 84 33 Seite
2358 1159 68 33 hin.
2454 1161 33 42 Je
2506 1159 122 34 stärker

1497 1210 86 33 diese
1614 1206 251 49 Eigenschaften
1903 1213 195 44 ausgeprägt
2129 1210 145 40 werden,
2306 1223 59 20 um
2398 1223 35 20 so
2464 1212 164 33 schwerer

1495 1260 133 35 werden
1653 1261 45 32 sie
1717 1260 55 33 der
1791 1260 141 33 anderen
1952 1261 130 33 Nation
2100 1261 218 34 verständlich
2337 1261 155 45 werden;
2513 1275 58 21 um
2590 1276 36 20 so

1495 1312 226 46 nachhaltiger
1741 1311 74 33 aber
1833 1313 85 33 wird
1939 1312 54 34 der
2013 1313 147 33 Gewinn
2179 1313 80 40 sein,
2280 1313 63 33 den
2362 1313 52 34 die
2433 1313 193 47 allgemeine

1495 1364 122 34 Kultur
1635 1377 38 19 zu
1694 1371 160 25 erwarten
1872 1364 68 34 hat.

2238 1419 62 31 W.
2319 1429 68 21 von
2407 1419 143 31 Seidlitz
