3522 4572
1288 3867 213 43 329

908 929 1019 91 PLAKATKUNST

1362 1089 47 31 VON
1425 1089 63 31 HANS
1504 1089 31 31 W.
1551 1089 95 31 SINGER

865 1399 191 57 jVTOCH
1106 1395 141 40 wissen
1293 1398 61 38 die

961 1456 163 38 meisten
1138 1458 216 38 Menschen

861 1529 63 37 gar
943 1516 118 46 nicht,
1073 1516 82 38 dass
1171 1531 88 24 man
1272 1532 82 24 von

860 1576 309 39 künstlerischen
1178 1578 176 38 Plakaten

861 1636 163 51 spricht,
1059 1637 82 38 dass
1174 1652 89 24 man
1300 1639 52 37 sie

861 1697 190 46 sammelt,
1116 1698 82 38 dass
1266 1712 88 24 man

861 1756 132 38 diesen
1030 1771 148 37 ganzen
1211 1759 119 38 Kunst-

859 1816 124 51 zweig
1002 1830 49 25 zu
1071 1818 106 37 einer
1194 1818 136 40 Gleich-

861 1877 279 51 berechtigung
1154 1879 70 37 mit
1237 1879 92 38 ande-

858 1950 72 25 ren
959 1938 253 51 graphischen
1232 1940 90 36 Wer-

858 1998 76 37 ken
945 1997 173 39 erhoben
1127 1998 75 46 hat,
1270 1999 81 37 und

859 2071 40 24 es
919 2058 162 37 werden
1100 2058 123 38 schon
1242 2059 108 37 dicke

859 2117 250 50 Quartbände
1187 2119 164 37 darüber

858 2177 302 48 veröffentlicht,
1197 2178 61 38 die
1286 2180 64 36 das

859 2237 152 39 Thema
1069 2238 260 40 wissenschaft-

858 2298 76 38 lich
960 2305 187 40 erörtern,
1174 2306 147 43 womög-

858 2358 76 38 lich
947 2359 207 38 historisch
1169 2360 159 51 erschöp-

857 2418 96 38 fend
973 2418 204 39 darstellen
1195 2420 154 38 wollen.

910 2479 131 37 Damit
1084 2480 156 37 können
1281 2480 70 38 wir

859 2539 107 39 nicht
985 2538 233 39 wetteifern.
1260 2541 91 37 Wir

859 2599 265 38 beschränken
1168 2613 70 24 uns
1289 2600 70 38 auf

859 2660 79 37 den
1018 2660 199 45 Versuch,
1289 2660 61 38 die

859 2719 335 52 Hauptmomente
1216 2720 40 37 in
1284 2720 69 38 der

859 2779 207 39 schnellen
1066 2779 286 51 Entwickelung

859 2839 70 37 der
973 2839 239 38 Plakatkunst
1258 2839 75 39 fest-

858 2899 199 38 zustellen.
1152 2900 200 49 Beginnen

858 2959 71 39 wir
940 2959 69 37 mit
1018 2959 104 37 einer
1130 2959 220 51 Erklärung.

858 3020 99 37 Was
984 3020 48 37 ist
1061 3019 205 50 eigentlich
1289 3020 62 37 ein

859 3079 298 38 künstlerisches
1203 3079 146 39 Plakat?

911 3140 49 37 Es
987 3139 49 37 ist
1055 3139 185 38 zunächst
1265 3140 83 37 eine

211 3196 68 38 alte
296 3198 127 40 Sache.
461 3200 142 38 Gleich
617 3200 293 46 Naturalismus,
926 3199 174 38 Plein-air
1115 3199 82 37 und
1212 3200 45 37 all
1273 3200 78 38 den

210 3257 171 39 schönen
416 3260 175 49 Dingen,
626 3260 62 38 die
723 3260 53 37 im
812 3259 105 39 Lauf
948 3259 69 37 der
1053 3259 148 38 letzten
1237 3260 113 46 Jahre

208 3319 190 38 manchen
413 3320 113 37 Staub
540 3320 41 38 in
598 3320 67 38 der
680 3320 239 38 Kunstarena
935 3318 265 51 aufgewirbelt
1213 3318 136 49 haben,

207 3377 48 38 ist
274 3391 38 24 es
341 3379 109 38 nicht
477 3393 88 34 neu,
586 3381 174 38 sondern
780 3380 263 51 neugeboren.
1097 3379 80 36 Um
1196 3392 73 25 nur
1288 3379 62 38 ein

207 3437 160 53 Beispiel
385 3440 253 47 anzuführen,
668 3441 65 38 das
761 3440 73 39 mir
858 3440 173 38 kürzlich
1056 3438 42 38 in
1126 3438 61 38 die
1207 3440 141 38 Hände

207 3495 76 39 fiel:
299 3499 88 37 Auf
401 3499 124 39 einem
541 3501 110 46 Blatt,
668 3501 63 38 das
750 3503 135 36 Marco
900 3499 133 39 Pitteri
1050 3499 40 38 in
1106 3509 97 28 etwa
1219 3499 130 38 halber

208 3556 144 40 Grösse
373 3560 123 38 dieser
516 3561 99 38 Seite
644 3562 98 38 nach
762 3562 51 38 G.
832 3563 42 37 B.
893 3561 167 38 Piazetta
1088 3559 116 46 stach,
1229 3560 119 38 sehen

205 3617 69 38 wir
293 3619 113 38 einen
425 3621 318 51 Ruhmesgenius,
764 3622 114 38 einen
897 3622 122 37 Mann
1043 3619 69 38 mit
1130 3619 194 38 Maulbeer-

205 3679 184 50 zweigen,
406 3680 84 38 eine
506 3682 200 39 weibliche
721 3682 124 50 Figur,
865 3682 61 38 die
942 3682 115 37 einen
1069 3678 106 39 Stoff
1182 3679 165 47 abmisst,

1458 1399 81 38 und
1564 1400 61 37 die
1651 1401 140 39 Schrift
1810 1402 175 46 „Fabrica
2009 1404 38 38 di
2071 1405 118 38 Panni
2213 1406 37 37 di
2276 1407 83 37 Seta
2379 1407 218 40 d’Antonio

1458 1460 145 38 Ferrari
1620 1461 42 38 in
1676 1461 202 39 Venetia.“
1916 1463 96 38 Hier
2029 1465 125 38 haben
2171 1466 70 37 wir
2261 1466 60 37 die
2335 1467 175 39 Theorie
2530 1469 67 38 des

1457 1519 144 38 Plakats
1639 1522 236 53 verkörpert.
1938 1524 309 40 Künstlerhände
2283 1528 215 38 entwarfen
2534 1528 63 38 für

1459 1580 113 37 einen
1592 1581 426 40 Gewerbetreibenden
2039 1585 62 37 ein
2115 1586 137 46 Werk,
2274 1587 64 37 das
2358 1587 77 38 den
2453 1588 144 39 Zweck

1457 1639 65 38 hat
1556 1641 104 37 seine
1697 1642 250 51 Erzeugnisse
1981 1646 264 50 anzupreisen.
2300 1648 73 36 Die
2408 1649 168 49 Original-

1458 1700 216 51 zeichnung
1708 1702 49 38 ist
1792 1716 73 25 nur
1893 1705 161 45 Modell,
2089 1705 63 38 das
2192 1707 227 50 eigentliche
2455 1709 119 38 Kunst-

1458 1760 106 37 werk
1592 1761 132 38 bilden
1752 1761 61 38 die
1842 1764 146 38 Plakate
2017 1765 126 38 selbst.

1536 1820 137 40 Solche
1693 1822 227 50 eigentliche
1940 1825 146 38 Plakate
2109 1826 65 37 hat
2198 1840 38 24 es
2255 1827 137 38 immer
2411 1830 185 49 gegeben,

1456 1879 64 38 für
1541 1881 207 47 Gewerbe,
1769 1883 331 52 Vergnügungen,
2125 1886 203 50 politische
2349 1889 223 50 Angelegen-

1456 1940 132 38 heiten
1614 1954 36 24 u.
1672 1955 26 24 s.
1719 1957 64 23 w.:
1805 1943 105 40 doch
1937 1945 52 37 sie
2018 1945 237 39 schwanden
2283 1947 85 38 bald
2396 1961 48 25 zu
2470 1949 126 38 einem

1458 1999 189 38 Häuflein
1663 2002 219 49 gegenüber
1897 2004 90 37 dem
1997 2006 107 36 Heer
2119 2006 302 51 uneigentlicher
2436 2009 159 46 Plakate,

1458 2059 130 38 denen
1622 2060 60 38 die
1717 2062 174 38 Theorie
1924 2063 130 40 fehlte.
2109 2065 74 38 Die
2218 2068 173 38 Theorie
2424 2069 50 37 ist
2508 2069 89 38 aber

1455 2120 43 37 in
1531 2120 144 38 diesem
1712 2122 76 37 Fall
1833 2123 349 50 gleichbedeutend
2222 2127 69 38 mit
2328 2129 134 46 Kunst,
2501 2129 96 37 oder

1457 2193 114 37 sagen
1590 2182 70 36 wir
1680 2181 128 38 besser
1828 2183 70 39 mit
1916 2185 296 39 künstlerischer
2230 2187 91 38 Idee
2340 2189 81 37 und
2434 2190 140 36 Persön-

1456 2240 165 38 lichkeit.
1677 2241 73 37 Die
1780 2243 181 47 anderen,
1990 2245 64 38 das
2074 2246 108 38 Heer
2203 2248 68 36 der
2300 2249 297 48 gewöhnlichen

1456 2300 159 46 Plakate,
1634 2300 125 39 haben
1778 2302 109 39 nicht
1916 2304 166 38 dieselbe
2102 2307 494 51 Entstehungsgeschichte.

1456 2361 67 36 An
1543 2362 124 36 einem
1688 2362 233 39 berühmten
1934 2364 166 51 Beispiel
2119 2366 101 38 kann
2239 2381 87 24 man
2340 2382 38 23 es
2396 2368 201 38 erläutern.

1456 2421 81 36 Der
1571 2421 170 39 Besitzer
1780 2423 105 37 einer
1919 2436 160 37 grossen
2111 2427 250 38 Seifenfabrik
2394 2429 96 38 sieht
2531 2429 65 38 das

1458 2480 188 37 Gemälde
1677 2481 103 38 eines
1809 2483 231 39 berühmten
2059 2486 151 47 Malers,
2232 2488 63 38 das
2316 2489 62 37 ein
2397 2488 103 38 Kind
2527 2489 71 38 mit

1457 2540 263 38 Seifenblasen
1767 2543 230 51 beschäftigt
2038 2545 179 40 darstellt.
2285 2549 51 37 Er
2381 2549 105 37 kauft
2533 2549 63 38 das

1458 2600 172 46 Oelbild,
1659 2601 91 38 lässt
1777 2603 81 39 sich
1891 2604 124 39 durch
2049 2605 85 39 eine
2162 2608 322 52 lithographische
2513 2610 56 37 An-

1458 2660 88 38 stalt
1581 2660 144 52 farbige
1762 2664 381 54 Facsimile-Copien
2191 2669 70 36 mit
2300 2667 297 52 hinzugefügter

1457 2720 121 38 hirma
1607 2721 183 49 drucken,
1818 2724 82 37 und
1928 2725 103 38 diese
2057 2727 160 38 werden
2243 2742 82 24 nun
2352 2730 244 50 ausgehängt.

1457 2780 147 38 Plakate
1633 2782 87 38 sind
1750 2797 37 23 es
1806 2785 44 49 ja,
1870 2785 89 37 aber
1987 2786 108 39 nicht
2114 2787 142 47 solche,
2278 2789 60 37 die
2357 2803 88 24 man
2464 2791 110 36 künst-

1456 2840 139 39 lerisch
1625 2853 137 37 nennt,
1801 2844 105 39 denn
1939 2846 81 37 hier
2054 2848 135 37 wurde
2223 2848 61 38 die
2319 2850 276 38 künstlerische

1456 2900 178 51 Aufgabe
1668 2902 69 39 mit
1774 2904 89 38 dem
1897 2905 252 51 Oelgemälde
2185 2909 133 49 gelöst,
2353 2909 60 38 die
2446 2910 149 38 Plakate

1456 2960 86 38 sind
1587 2975 73 25 nur
1714 2965 269 39 mechanische
2028 2968 359 50 Reproduktionen.
2458 2970 138 38 Dieser

1455 3022 262 38 Unterschied
1761 3025 49 37 ist
1852 3025 63 37 ein
1955 3025 209 52 wichtiger,
2206 3029 52 36 ob
2300 3029 69 37 der
2411 3029 183 38 Künstler

1456 3080 123 39 direkt
1606 3095 90 24 zum
1724 3083 143 38 Zweck
1900 3085 68 38 der
1996 3087 175 50 Anzeige
2201 3088 62 37 ein
2290 3089 128 37 Werk
2445 3089 149 44 schafft,

1456 3141 95 38 oder
1585 3143 51 37 ob
1671 3143 138 49 irgend
1839 3145 61 37 ein
1929 3146 281 48 vorhandenes,
2239 3149 106 38 nicht
2373 3161 49 25 zu
2450 3149 144 37 diesem

1454 3201 145 37 Zweck
1634 3204 272 37 entstandenes
1935 3206 84 37 Bild
2052 3206 50 38 als
2130 3207 125 38 Plakat
2289 3208 161 38 benutzt
2483 3208 110 38 wird.

1533 3262 201 38 Letzterer
1767 3264 75 37 Art
1883 3264 86 38 sind
2007 3266 61 37 die
2103 3267 199 39 xMehrzahl
2344 3267 67 38 der
2446 3268 148 39 Plakate

1455 3320 144 52 bislang
1645 3335 189 37 gewesen.
1904 3325 140 37 Wenn
2086 3326 139 50 irgend
2276 3328 62 37 ein
2383 3328 209 38 bekanntes

1456 3382 219 37 Genrebild
1703 3382 71 38 auf
1794 3384 137 49 irgend
1959 3384 85 38 eine
2063 3387 136 37 Weise
2227 3387 40 37 in
2293 3387 222 51 Beziehung
2544 3401 48 26 zu

1454 3441 89 37 dem
1562 3443 171 37 Produkt
1761 3443 104 38 eines
1885 3444 256 39 Kaufmannes
2162 3460 48 25 zu
2239 3447 162 50 bringen
2428 3461 90 33 war,
2548 3462 43 24 so

1453 3502 134 37 wurde
1616 3515 39 24 es
1684 3502 49 37 als
1753 3503 126 38 Plakat
1907 3504 172 38 benutzt.
2123 3507 133 39 Fehlte
2286 3521 38 24 es
2353 3521 48 23 an
2425 3507 167 48 Bildern,

1453 3574 43 24 so
1525 3561 82 38 half
1627 3576 87 24 man
1741 3563 81 38 sich
1849 3563 70 39 mit
1937 3565 380 51 photographischen
2332 3566 259 41 Aufnahmen.

1531 3622 65 37 An
1625 3622 68 37 der
1727 3623 80 38 sich
1841 3623 108 37 dabei
1983 3624 282 40 einstellenden
2292 3627 301 53 Verwilderung

1453 3681 66 37 des
1548 3681 143 39 Plakats
1725 3689 100 44 trägt
1858 3683 108 39 nicht
2000 3697 43 25 so
2072 3685 85 39 sehr
2190 3685 70 39 der
2288 3687 195 40 schlechte
2513 3690 54 38 Ge-

586 3135 79 21 JULES
684 3135 110 18 CHÉRET
