2843 4203
2059 374 98 51 937

690 382 68 38 LA
791 382 250 49 MUSIQUE
1078 381 411 39 INDO-CHINOISE

44 538 206 55 cordes
284 535 73 58 de
388 534 140 57 soie.
564 534 81 58 Le
679 552 172 57 corps
881 553 62 38 se
975 535 276 72 présente
1284 534 72 56 de
1389 530 348 60 différentes
1769 526 226 71 façons,
2043 525 116 52 soit

45 619 146 72 qu'il
225 616 255 56 consiste
514 634 74 38 en
622 635 114 38 une
772 616 329 57 demi-noix
1135 618 71 54 de
1241 633 160 52 coco,
1436 613 116 57 soit
1578 630 73 37 en
1675 629 84 38 un
1785 623 278 40 morceau
2089 602 72 56 de

44 701 267 55 bambou
331 717 76 38 ou
425 718 83 37 un
528 718 278 38 morceau
826 701 73 55 de
917 698 130 57 bois
1067 698 172 57 évidé
1261 717 76 36 au
1356 703 139 49 tour
1514 700 59 51 et
1595 695 72 55 de
1689 709 70 38 10
1776 687 385 60 centimètres

48 783 72 56 de
156 780 288 73 longueur
481 798 100 38 sur
619 793 32 57 5
692 780 381 57 centimètres
1111 781 72 55 de
1223 778 308 69 diamètre,
1577 774 292 57 affectant
1910 771 81 56 du
2029 767 132 56 côté

48 865 225 71 opposé
302 864 34 53 à
363 861 151 59 celui
542 863 103 72 qui
673 869 171 66 porte
870 863 53 57 le
952 860 295 73 chevalet,
1272 861 60 55 la
1357 863 190 54 forme
1576 858 143 57 d'un
1747 854 285 75 pavillon.
2062 851 101 55 Du

48 947 132 54 côté
211 947 77 53 où
316 944 42 55 il
387 963 61 38 se
477 944 159 74 joue,
665 945 54 57 le
750 963 170 56 corps
951 950 89 51 est
1069 944 210 56 revêtu
1310 944 178 55 d'une
1517 959 155 55 peau
1704 939 71 56 de
1798 940 240 69 serpent
2062 949 101 39 sur

47 1025 256 73 laquelle
354 1043 207 56 repose
608 1027 55 55 le
712 1025 155 74 petit
918 1027 273 55 chevalet
1243 1024 72 56 de
1362 1023 153 70 bois,
1566 1016 597 60 rudimentairement

47 1107 296 74 fabriqué.
372 1109 82 56 Le
480 1109 133 56 côté
639 1110 224 73 opposé
890 1114 60 51 et
975 1112 215 52 ouvert
1215 1110 230 69 permet
1473 1123 77 37 au
1576 1101 287 56 musicien
1889 1100 73 55 de
1990 1095 139 59 dimi-

48 1207 147 38 nuer
228 1208 78 37 ou
339 1190 414 73 d'augmenter
785 1190 58 55 la
873 1189 159 55 force
1067 1190 72 55 de
1171 1206 127 36 son.
1333 1187 264 69 Lorsque
1629 1179 352 58 l'annamite
2013 1181 147 53 veut

49 1272 280 72 produire
354 1292 81 37 un
461 1291 108 39 son
593 1272 133 73 plus
753 1274 181 66 doux,
959 1272 43 53 il
1026 1269 152 56 tient
1204 1268 52 56 le
1282 1286 172 54 corps
1479 1268 82 56 du
1585 1265 202 56 violon
1812 1261 155 58 serré
1992 1265 167 51 entre

48 1352 84 57 les
153 1371 262 54 genoux;
438 1353 66 62 si,
533 1372 76 37 au
632 1350 475 70 contraire,c'est
1129 1369 82 36 un
1233 1367 108 38 son
1364 1347 142 55 clair
1528 1347 148 72 qu'il
1699 1344 187 57 désire
1909 1344 252 55 émettre

51 1433 43 56 il
117 1453 141 54 pose
282 1435 58 55 la
362 1434 184 56 caisse
570 1452 107 56 par
699 1441 154 50 terre
877 1434 76 55 où
976 1432 41 54 il
1037 1432 59 54 la
1119 1429 320 56 maintient
1464 1446 108 56 par
1591 1429 53 55 le
1668 1425 139 75 pied
1829 1424 247 75 gauche,
2100 1427 61 50 et

51 1521 214 50 tenant
289 1535 108 38 son
420 1515 202 56 violon
645 1533 230 38 comme
899 1519 171 51 notre
1093 1510 347 58 violoncelle
1469 1531 14 49 ;
1507 1509 50 55 si
1580 1509 144 55 c'est
1747 1526 75 38 en
1846 1505 315 56 marchant

52 1597 147 71 qu'il
228 1597 127 56 doit
385 1616 72 37 en
486 1597 188 71 jouer,
706 1598 147 53 dans
880 1596 85 54 les
994 1592 367 75 processions
1389 1608 109 56 par
1526 1589 290 71 exemple,
1858 1587 42 53 il
1942 1583 218 75 appuie

53 1677 58 56 la
136 1678 184 57 caisse
345 1696 100 38 sur
470 1679 57 55 la
552 1678 230 55 hanche
809 1677 245 72 gauche.

167 1762 111 53 Les
296 1759 354 56 Annamites
668 1777 59 38 se
738 1764 238 50 servent
995 1758 72 55 de
1084 1754 348 74 colophane,
1450 1757 147 54 dont
1615 1769 80 37 un
1713 1749 155 74 petit
1887 1763 278 40 morceau

52 1846 90 49 est
175 1841 273 72 toujours
480 1841 115 54 fixé
627 1858 100 38 sur
758 1839 60 55 la
861 1838 185 55 caisse
1092 1842 168 51 entre
1305 1836 84 53 les
1435 1834 226 55 cordes.
1712 1832 108 54 Ces
1865 1825 299 60 dernières

53 1928 133 50 sont
221 1924 312 54 accordées
565 1940 230 38 comme
826 1921 120 56 suit
976 1940 12 34 :

171 2483 339 55 Prévenons
536 2481 53 57 le
616 2482 223 55 lecteur
867 2482 146 71 qu'il
1041 2500 71 38 ne
1140 2479 175 74 s'agit
1342 2479 79 70 là,
1449 2497 120 37 non
1597 2495 107 54 pas
1733 2477 73 54 de
1831 2475 58 54 la
1917 2475 248 70 tonique

56 2571 59 51 et
137 2567 71 55 de
225 2565 57 54 la
301 2565 346 55 dominante
670 2566 71 53 de
1469 2568 60 51 ut
839 2565 160 55 dièze
1017 2563 251 71 majeur,
1287 2562 150 55 mais
1465 2563 73 55 de
1563 2561 60 54 la
1648 2558 255 56 seconde
1931 2562 60 50 et
2022 2557 71 55 de
2108 2556 61 54 la

56 2646 152 57 sixte
227 2648 71 55 de
315 2645 58 55 la
390 2662 233 56 gamme
641 2645 231 55 rituelle
890 2643 436 75 pentatonique
1343 2643 73 56 de
1502 2639 231 74 majeur
1755 2660 10 33 :
2123 2656 45 48 #,

61 2728 62 70 fa
147 2747 42 49 s,
381 2727 89 53 sol
604 2747 21 42 $
372 2727 103 72 qui
496 2726 297 56 constitue
816 2727 59 53 la
896 2744 234 53 gamme
1153 2723 438 75 généralement
1614 2719 329 73 employée,
1977 2718 59 56 la
2077 2721 62 51 to-

57 2808 359 74 nalité-type
438 2831 13 47 ;
470 2812 157 52 cette
646 2826 234 53 gamme
898 2812 247 67 partage
1164 2824 144 38 avec
1326 2805 139 57 celle
1484 2805 73 55 de
1652 2802 165 57 dièze
1849 2798 232 73 majeur
2110 2798 60 54 la

57 2891 211 55 faveur
293 2893 100 55 des
416 2887 318 57 musiciens
754 2890 304 72 indigènes
1082 2893 58 51 et
1164 2888 145 55 c'est
1333 2888 35 52 à
1389 2891 125 51 tort
1536 2885 183 73 qu'on
1742 2901 36 37 a
1799 2878 372 76 quelquefois

59 2972 185 56 voulu
282 2973 146 56 faire
466 2971 296 74 prévaloir
797 2972 60 55 la
895 2971 252 56 tonalité
1187 2971 71 56 de
1385 2967 200 57 bémol
1623 2966 231 72 majeur
1881 2986 14 48 ;
1935 2963 235 56 d'autre

59 3057 157 69 part,
246 3075 76 37 on
349 3073 74 36 ne
451 3053 224 56 saurait
705 3052 121 57 être
856 3052 332 57 orthodoxe
1214 3050 268 73 lorsqu'il
1510 3048 174 73 s'agit
1714 3046 460 57 d'instruments

59 3136 253 75 n'ayant
341 3155 107 53 pas
477 3137 73 56 de
578 3154 138 38 sons
744 3137 146 54 fixes
919 3153 151 54 pour
1096 3133 84 56 les
1207 3133 207 74 guider
1441 3137 60 51 et
1531 3131 71 56 de
1633 3127 317 57 musiciens
1978 3127 49 55 si
2056 3144 117 56 peu

59 3220 286 57 soucieux
374 3220 144 56 d'un
547 3217 288 74 diapason
861 3216 346 56 immuable.

178 3301 304 59 Cai-Tam.
517 3300 155 56 C'est
703 3319 115 37 une
848 3300 232 74 guitare
1112 3299 36 53 à
1177 3314 32 53 3
1241 3297 205 56 cordes
1475 3314 74 37 en
1578 3295 141 68 soie,
1751 3311 117 55 peu
1897 3292 274 68 tendues,

61 3390 254 51 courant
344 3400 100 38 sur
470 3382 53 56 le
552 3382 250 56 manche
830 3382 141 72 long
999 3382 73 55 de
1102 3396 34 40 0
1164 3398 79 36 m.
1275 3379 72 55 80
1375 3382 60 52 et
1465 3381 248 69 passant
1743 3393 99 38 sur
1870 3393 117 38 une
2016 3390 158 56 peau

62 3467 72 56 de
157 3470 238 66 serpent
420 3462 103 74 qui
545 3480 281 40 recouvre
849 3464 54 56 le
927 3480 171 55 corps
1122 3459 206 57 massif
1350 3460 72 56 de
1444 3457 131 57 bois
1599 3459 130 68 dur,
1755 3457 35 54 à
1809 3454 364 57 l'extrémité

62 3546 221 74 duquel
318 3545 139 57 elles
492 3551 138 51 sont
666 3550 275 52 retenues
976 3560 110 57 par
1120 3563 82 37 un
1239 3541 228 57 cordier
1503 3559 73 37 en
1613 3559 83 37 os.
1736 3537 437 57 L'instrument

62 3634 89 52 est
179 3629 165 56 muni
372 3629 143 56 d'un
543 3628 371 72 Capodastro
941 3645 72 38 en
1040 3644 84 52 os,
1152 3629 370 70 permettant
1550 3624 73 54 de
1649 3621 271 57 modifier
1945 3620 197 54 instan-

62 3710 310 57 tanément
402 3709 259 57 l'accord
691 3710 102 56 des
824 3709 226 70 cordes,
1080 3725 65 40 ce
1177 3705 103 75 qui
1310 3704 165 57 vient
1508 3706 36 54 à
1572 3704 173 73 point
1776 3704 36 54 à
1840 3720 82 38 un
1953 3701 190 56 instru-
