2913 4272
1269 345 260 37 MERCURE
1567 342 242 37 MUSICAL
1845 342 68 35 ET
1955 342 39 35 S.
2036 342 33 35 I.
2108 342 58 35 M.

662 353 96 50 972

662 505 169 72 après
870 522 65 37 ce
973 502 102 74 qui
1114 501 201 56 s'était
1353 499 190 72 passé,
1587 497 382 74 simplement
2008 515 153 54 pour
2199 516 96 36 me
2335 499 440 59 recommander

663 588 35 52 à
717 586 57 54 la
792 581 425 59 bienveillance
1237 581 73 54 de
1339 579 180 68 Liszt,
1551 578 103 73 qui
1683 597 95 37 me
1806 578 281 56 conseilla
2116 578 73 56 de
2218 579 158 55 m'en
2406 582 307 52 retourner
2744 585 31 54 à

666 668 164 55 Paris
866 684 150 54 pour
1051 665 293 64 l'instant,
1377 662 77 55 où
1486 661 40 54 il
1559 662 184 55 devra
1772 680 62 37 se
1870 662 212 55 rendre
2119 663 35 54 à
2191 680 108 37 son
2337 666 139 49 tour
2512 679 77 36 au
2628 679 110 41 com-

663 750 371 53 mencement
1076 742 306 56 d'octobre
1424 747 60 51 et
1527 742 142 56 d'où
1711 760 150 38 nous
1903 761 293 53 pourrons
2244 742 192 74 partir
2484 745 291 58 ensemble

662 845 149 56 pour
854 828 205 52 Rome.
1105 825 408 72 Propositions
1555 844 117 54 que
1714 844 141 38 mon
1896 827 139 71 père
2065 831 251 68 accepta
2347 827 73 55 de
2450 825 155 57 suite
2641 844 134 43 avec

662 906 484 58 reconnaissance
1174 911 61 49 et
1264 906 103 72 qui
1396 925 95 37 me
1520 907 266 56 ravirent
1823 908 241 56 au-delà
2101 910 74 54 de
2213 913 171 51 toute
2421 908 352 71 expression.

662 986 297 84 Jejevins
990 990 152 54 donc
1173 988 149 55 dans
1349 988 58 55 la
1437 988 257 74 capitale
1724 988 289 73 française
2045 1009 145 39 avec
2219 1009 142 37 mon
2392 992 156 70 père,
2581 990 102 72 qui
2710 1009 65 40 ne

659 1068 56 56 la
746 1066 359 58 connaissait
1136 1089 106 54 pas
1273 1076 61 50 et
1364 1070 102 73 qui
1498 1090 72 37 en
1601 1077 274 69 emporta
1905 1094 82 37 un
2018 1072 278 59 souvenir
2333 1072 282 56 d'autant
2653 1071 125 75 plus

659 1150 355 72 ineffaçable
1042 1170 115 53 que
1186 1171 64 37 ce
1279 1152 94 56 fut
1404 1171 106 37 son
1540 1153 91 56 fils
1660 1153 102 74 qui
1791 1153 83 56 lui
1903 1175 40 53 y
1975 1156 186 55 servit
2191 1156 75 56 de
2296 1155 267 56 cicérone
2590 1155 10 54 !

778 1232 109 56 Les
913 1232 299 73 journaux
1236 1236 124 71 m'y
1383 1237 405 55 annoncèrent
1813 1255 81 37 un
1918 1236 150 57 mois
2092 1239 135 73 plus
2252 1240 138 53 tard
2418 1235 271 58 l'arrivée
2710 1240 67 56 de

663 1315 179 54 Liszt.
888 1316 217 71 Quand
1145 1316 57 72 je
1242 1316 85 56 lui
1368 1317 300 74 présentai
1710 1338 124 38 mes
1875 1321 368 71 hommages,
2286 1319 42 55 il
2370 1338 95 36 me
2509 1320 88 56 dit
2641 1321 136 70 qu'il

663 1394 150 58 était
850 1401 399 70 accompagné
1287 1418 108 54 par
1433 1401 156 56 Mme
1628 1402 72 55 de
1739 1402 209 56 Bûlow
1984 1409 61 49 et
2082 1402 42 55 il
2161 1401 279 57 m'invita
2477 1402 263 58 immédia-

663 1482 229 51 tement
929 1482 59 51 et
1024 1480 35 53 à
1094 1479 146 57 faire
1273 1499 81 38 un
1392 1487 136 50 tour
1564 1500 146 38 avec
1745 1503 116 37 eux
1896 1504 78 37 au
2009 1484 610 72 Bois-de-Boulogne,
2656 1490 58 50 et
2747 1486 31 55 à

665 1560 279 72 déjeuner
972 1560 140 57 chez
1141 1580 66 38 sa
1235 1565 157 55 mère
1419 1564 55 57 le
1501 1564 359 58 lendemain.
1890 1568 219 55 C'était
2136 1568 276 71 indiquer
2440 1565 338 58 clairement

663 1641 146 73 qu'il
849 1659 73 38 ne
962 1660 94 38 me
1096 1644 358 57 considérait
1495 1665 107 54 pas
1642 1649 329 57 seulement
2013 1668 231 38 comme
2285 1667 81 36 un
2408 1649 184 68 élève,
2637 1649 140 56 mais

665 1722 157 58 aussi
845 1741 228 41 comme
1096 1745 80 36 un
1198 1728 416 73 compatriote,
1626 1749 76 37 ou
1716 1749 231 39 comme
1969 1750 81 37 un
2072 1733 268 55 membre
2361 1733 73 54 de
2455 1750 65 36 sa
2543 1731 231 57 famille.

666 1805 91 56 On
792 1811 143 66 peut
968 1805 337 75 s'imaginer
1338 1811 271 57 combien
1642 1813 197 72 j'étais
1874 1814 217 56 touché
2125 1833 109 55 par
2266 1833 108 37 son
2398 1813 306 55 amabilité
2723 1820 55 50 et

666 1888 270 57 combien
962 1888 15 71 j
990 1908 29 35 e
1043 1890 208 72 voyais
1277 1910 139 39 mon
1443 1895 204 56 avenir
1675 1902 134 49 tout
1835 1915 73 37 en
1932 1915 128 37 rose
2089 1899 9 53 !
2121 1909 7 8 '

783 1969 92 54 En
920 1973 321 54 attendant
1284 1973 313 72 j'assistais
1635 1983 136 49 tout
1810 1978 267 57 attendri
2114 1980 35 54 à
2186 1997 93 38 ses
2314 1978 464 73 épanchements

666 2051 298 71 paternels
995 2070 143 39 avec
1169 2072 64 38 sa
1264 2055 135 70 fille,
1429 2058 269 71 pendant
1730 2067 171 49 notre
1926 2062 365 71 promenade
2317 2062 150 54 dans
2491 2079 81 36 un
2597 2063 180 71 coupé

668 2133 71 54 de
770 2131 213 56 maître
1012 2136 182 69 qu'on
1226 2139 166 53 avait
1418 2139 109 56 mis
1552 2142 35 52 à
1611 2158 64 37 sa
1701 2140 374 74 disposition.
2106 2143 157 56 Mme
2289 2143 236 54 Cosima
2549 2144 196 71 préten-

668 2214 89 55 dit
775 2230 71 37 en
864 2213 156 57 ria.nt
1039 2215 146 73 qu'il
1203 2238 72 36 ne
1294 2218 200 57 faisait
1514 2222 154 55 beau
1686 2223 141 71 qu'à
1843 2241 177 38 cause
2037 2224 72 55 de
2126 2223 102 71 lui,
2248 2242 116 54 que
2382 2224 82 56 les
2486 2224 292 59 fontaines

671 2294 71 55 de
772 2294 58 55 la
861 2294 165 72 place
1059 2298 70 56 de
1162 2298 56 56 la
1251 2300 301 57 Concorde
1584 2304 371 57 marchaient
1987 2326 72 35 en
2092 2323 107 38 son
2230 2307 293 69 honneur;
2544 2312 59 49 et
2624 2304 99 71 lui,
2742 2307 37 53 il

667 2375 57 56 la
761 2375 243 57 câlinait
1042 2398 71 37 en
1152 2379 445 78 l'enveloppant
1636 2387 72 54 de
1747 2404 106 37 son
1891 2389 207 73 regard
2139 2388 278 72 profond,
2456 2388 155 56 voilé
2651 2392 127 53 àce

667 2465 265 50 moment
966 2479 107 55 par
1103 2462 82 55 les
1217 2464 213 56 larmes
1463 2468 71 56 de
1566 2468 57 55 la
1655 2469 132 73 plus
1820 2472 188 56 douce
2039 2470 283 58 émotion.

784 2539 49 53 Il
864 2559 71 37 ne
966 2561 60 36 se
1054 2545 289 56 montrait
1373 2566 107 52 pas
1512 2548 190 56 moins
1734 2548 344 60 affectueux
2110 2556 34 52 à
2173 2554 226 74 l'égard
2429 2554 72 55 de
2531 2572 66 37 sa
2628 2556 151 53 mère

667 2619 288 74 quoiqu'il
985 2642 39 53 y
1054 2624 84 55 ait
1178 2646 72 37 eu
1286 2629 273 55 entr'eux
1594 2650 117 38 une
1747 2633 189 71 petite
1974 2634 363 57 alternation
2370 2637 34 53 à
2435 2655 175 36 cause
2642 2637 136 54 d'un

666 2702 127 71 plat
826 2705 71 56 de
927 2707 195 56 choux
1155 2709 72 55 de
1260 2711 324 69 Bruxelles,
1623 2714 155 56 servi
1811 2719 271 70 pendant
2128 2718 52 56 le
2227 2718 302 73 déjeuner,
2570 2717 209 75 auquel

665 2780 39 58 il
734 2785 249 58 m'avait
1016 2791 228 57 convié.

781 2887 22 29 «
830 2868 166 71 Mais,
1056 2873 170 55 chère
1282 2893 263 52 maman,
1604 2886 303 49 comment
1964 2900 411 53 pouvez-vous
2432 2901 151 38 nous
2641 2882 138 56 faire

668 2948 224 57 donner
925 2968 82 38 un
1043 2961 155 49 mets
1232 2954 47 55 si
1315 2975 115 53 peu
1466 2957 340 76 distingué?
1833 2984 20 29 »

667 3033 215 69 auprès
913 3033 73 55 de
1016 3036 139 56 moi.

858 3113 156 57 C'est
1047 3136 114 53 que
1193 3125 67 48 tu
1292 3119 253 60 l'aimais
1576 3125 332 73 beaucoup,
1941 3130 206 68 quand
2178 3133 69 50 tu
2279 3131 151 54 étais
2460 3131 179 72 jeune
2666 3131 9 53 !

668 3192 68 53 fit
761 3194 154 54 Mme
939 3196 157 57 Liszt
1120 3217 72 37 en
1213 3201 335 73 rougissant
1571 3225 80 35 un
1674 3226 136 53 peu,
1835 3207 150 57 mais
2002 3227 137 37 sans
2155 3229 63 35 se
2233 3210 204 58 laisser
2454 3213 325 55 démonter.

671 3273 79 52 Et
771 3273 54 55 le
845 3296 21 27 «
892 3277 84 53 roi
1000 3281 100 53 des
1122 3282 285 71 pianistes
1433 3307 20 28 »
1476 3295 391 67 comprenant
1893 3296 170 51 toute
2083 3292 59 55 la
2163 3293 347 59 délicatesse
2534 3296 72 55 de
2629 3297 151 52 cette

668 3356 320 71 attention,
1020 3362 244 55 convint
1293 3365 299 72 gaiement
1623 3372 73 54 de
1725 3371 57 56 la
1811 3372 262 56 véracité
2103 3376 74 55 de
2206 3381 159 52 cette
2398 3377 309 56 assertion.

781 3438 263 57 Voulant
1079 3442 274 58 s'arrêter
1387 3466 73 38 en
1495 3459 170 49 route
1703 3455 35 53 à
1771 3453 292 74 plusieurs
2100 3457 284 71 endroits,
2427 3460 163 54 Liszt
2625 3466 60 50 et
2719 3474 61 38 sa

670 3516 116 57 fille
809 3521 294 71 paitiient
1127 3542 150 52 pour
1288 3530 287 58 Marseille
1593 3551 114 38 une
1725 3535 270 58 huitaine
2022 3539 71 54 de
2111 3537 168 71 jours
2293 3540 202 75 plutôt
2514 3560 115 55 que
2646 3539 132 58 moi.

670 3597 73 71 Je
770 3619 72 38 ne
870 3601 82 57 les
978 3622 41 54 y
1046 3605 275 73 rejoignis
1350 3629 115 53 que
1493 3612 53 56 le
1576 3616 71 55 16
1674 3619 263 68 octobre,
1968 3619 57 54 la
2053 3620 172 57 veille
2253 3641 74 37 ne
2355 3629 171 51 notre
2556 3624 190 56 embar-

671 3690 283 61 quement
982 3704 150 53 pour
1161 3687 500 62 Civita-Vecchia.
1707 3699 277 55 Pendant
2002 3700 85 56 les
2105 3704 317 59 trente-six
2439 3705 212 57 heures
2670 3720 110 55 que
