2913 4272
629 354 96 62 962

1238 356 260 38 MERCURE
1535 353 240 36 MUSICAL
1810 351 68 35 ET
1918 350 40 36 S.
2000 351 31 32 I.
2072 350 55 34 M.

628 534 78 38 au
746 515 157 72 sujet
944 515 72 56 de
1057 529 107 38 son
1204 510 127 54 état
1374 506 196 56 d'âme
1611 520 120 38 aux
1772 502 263 71 époques
2078 498 286 57 décisives
2407 499 72 56 de
2521 517 66 38 sa
2632 501 106 75 vie,

629 596 240 57 devient
894 614 82 37 un
1001 590 203 61 devoir
1227 606 151 55 pour
1402 585 339 73 quiconque
1766 601 35 37 a
1827 600 73 38 eu
1924 581 319 57 l'occasion
2271 583 72 55 de
2368 582 370 72 l'approcher

628 677 251 74 laquelle
922 675 162 58 Liszt
1128 690 75 37 ne
1246 670 273 72 présente
1565 665 189 73 qu'un
1801 668 318 69 argument
2168 685 12 34 :
2206 682 117 55 que
2368 663 58 57 la
2470 662 272 76 musique

629 761 102 53 des
757 759 280 71 Tsiganes
1062 753 155 56 n'est
1242 748 160 59 nulle
1429 753 139 68 part
1594 745 160 58 aussi
1781 746 296 72 complète
2105 751 61 51 et
2194 743 160 57 aussi
2383 746 359 73 développée

626 840 177 71 qu'en
845 837 281 75 Hongrie.
1171 830 136 58 Fait
1348 828 456 71 incontestable,
1846 827 152 57 mais
2039 827 104 74 qui
2185 846 75 37 ne
2300 845 289 41 concerne
2630 847 112 55 que

624 919 355 55 l'exécution
1020 919 73 54 de
1131 915 58 56 la
1230 912 124 57 dite
1392 911 294 74 musique.
1729 912 204 71 Quant
1975 911 36 53 à
2049 910 169 72 juger
2257 927 109 39 son
2407 926 257 53 essence,
2703 911 38 57 il

625 1000 194 54 aurait
858 997 146 57 fallu
1042 1015 115 55 que
1194 993 55 56 le
1287 1015 21 29 «
1333 992 86 56 roi
1460 993 101 56 des
1599 991 289 75 pianistes
1912 1013 21 27 »
1973 992 227 54 connût
2238 990 58 56 la
2333 990 219 73 langue
2589 996 61 51 et
2686 991 55 60 la

624 1080 197 73 poésie
852 1080 359 72 hongroises.
1247 1077 84 56 Or
1360 1076 55 55 le
1448 1075 403 72 compositeur
1885 1075 102 56 des

626 1164 148 56 dont
799 1161 55 57 le
879 1161 142 57 titre
1048 1157 260 75 rappelle
1334 1157 54 57 le
1415 1156 240 57 volume
1683 1159 103 54 des
2205 1156 74 56 de
2307 1157 213 55 Petrus
2548 1156 192 71 Borel,

625 1244 103 73 qui
762 1242 150 58 était
946 1242 126 56 l'un
1109 1244 74 54 de
1217 1258 91 39 ses
1344 1239 151 57 amis
1529 1239 84 55 les
1649 1239 134 75 plus
1819 1237 260 69 intimes,
2116 1255 76 37 ne
2228 1236 364 57 connaissait
2629 1256 113 55 que

624 1324 361 68 l'allemand,
1013 1324 53 56 le
1094 1321 256 71 français
1377 1327 61 50 et
1465 1320 269 70 l'italien,
1764 1339 99 37 car
1889 1320 60 54 la
1975 1319 357 73 population
2361 1320 82 56 du
2472 1320 236 72 départe-

626 1414 166 49 ment
822 1405 277 74 hongrois
1129 1406 74 55 de
1232 1405 250 72 Sopron,
1514 1405 79 55 où
1622 1402 41 55 il
1692 1402 150 56 était
1872 1404 74 53 né
1978 1420 72 37 en
2083 1402 168 68 1811,
2283 1420 74 38 ne
2387 1400 219 74 parlait
2637 1420 105 55 pas

624 1489 55 57 le
717 1486 276 74 hongrois
1034 1487 36 55 à
1109 1491 159 52 cette
1307 1486 233 71 époque
1578 1489 61 51 et
1679 1501 66 39 sa
1783 1485 160 56 mère
1983 1503 75 37 ne
2097 1481 55 57 le
2191 1481 197 57 savait
2429 1500 120 38 non
2590 1482 150 73 plus,

628 1571 169 55 étant
837 1568 409 58 autrichienne
1287 1569 73 54 de
1400 1566 308 56 naissance
1750 1568 102 68 (1).
1896 1568 82 54 Et
2020 1565 133 72 plus
2194 1566 139 56 tard
2374 1565 163 56 Liszt
2578 1565 164 58 n'eut

624 1651 215 73 jamais
882 1669 162 38 assez
1089 1651 73 55 de
1206 1648 160 58 loisir
1409 1648 59 57 ni
1514 1665 151 55 pour
1710 1650 334 71 apprendre
2088 1665 117 37 une
2248 1646 217 73 langue
2511 1646 150 56 dont
2704 1646 40 56 il

624 1731 255 75 ignorait
922 1731 327 56 forcément
1291 1730 58 55 la
1391 1730 237 67 beauté,
1673 1729 62 56 ni
1777 1748 151 53 pour
1971 1729 233 57 étudier
2246 1747 118 36 une
2406 1728 336 58 littérature

625 1814 103 74 qui
761 1815 154 55 n'est
949 1813 257 57 cultivée
1239 1832 72 36 en
1347 1813 308 68 Occident,
1692 1829 210 39 encore
1936 1810 407 74 aujourd'huil
2378 1829 117 53 que
2529 1829 109 55 par
2672 1813 72 55 de

625 1912 159 38 rares
814 1893 380 75 spécialistes.
1228 1895 359 56 Autrement
1617 1890 41 57 il
1689 1893 197 56 aurait
1918 1912 83 54 pu
2032 1910 63 37 se
2126 1891 376 69 convaincre,
2537 1909 118 55 que
2684 1890 57 59 la

626 1976 272 73 prosodie
930 1980 61 51 et
1021 1975 54 56 le
1108 1975 237 74 rythme
1377 1974 278 74 hongrois
1688 1980 107 51 ont
1830 1993 83 37 un
1946 1974 146 57 trait
2125 1992 283 39 commun
2446 1995 11 34 :
2483 1973 261 75 l'emploi

626 2058 420 73 prédominant
1081 2059 81 55 du
1194 2056 139 74 pied
1366 2055 340 57 choriambe
1744 2078 10 34 :
1782 2074 224 55 preuve
2039 2055 357 57 irrécusable
2430 2056 73 56 de
2537 2055 175 57 l'iden-

625 2138 112 57 tité
770 2140 72 55 de
873 2138 126 57 leur
1030 2136 239 75 origine.

741 2222 165 53 Dans
946 2237 94 38 ces
1080 2219 336 56 conditions
1456 2222 252 54 émettre
1747 2237 116 38 une
1903 2219 244 74 opinion
2189 2219 158 56 aussi
2388 2219 354 57 humiliante

626 2321 152 53 pour
807 2302 57 55 la
896 2300 261 74 Hongrie
1189 2300 149 57 était
1369 2302 132 72 plus
1533 2319 116 55 que
1679 2300 333 57 téméraire.
2045 2303 94 54 En
2172 2305 137 52 tout
2342 2319 99 38 cas
2472 2300 42 56 il
2544 2302 197 57 aurait

626 2380 146 59 fallu
804 2380 144 75 qu'il
986 2382 212 57 choisît
1231 2401 81 36 un
1345 2388 172 51 autre
1548 2388 268 51 moment
1849 2399 153 56 pour
2031 2383 60 56 la
2122 2382 374 75 publication
2530 2384 74 56 de
2636 2401 104 38 son

626 2463 146 57 livre
798 2486 14 48 ;
869 2481 99 38 car
1021 2481 73 38 en
1151 2464 145 71 1858
1350 2464 83 55 les
1487 2463 371 57 centralistes
1913 2463 364 58 autrichiens
2332 2464 406 75 s'occupaient

626 2543 327 74 justement
1006 2545 73 56 de
1129 2543 549 58 l'anéantissement
1731 2547 74 56 de
1856 2544 57 56 la
1966 2563 134 40 race
2152 2564 305 56 magyare,
2511 2544 229 59 celui-ci

626 2625 252 73 pouvait
901 2627 152 54 donc
1076 2643 201 55 passer
1298 2644 151 55 pour
1471 2644 81 39 un
1575 2646 263 54 ouvrage
1861 2629 354 56 commandé
2239 2647 110 55 par
2369 2629 84 55 les
2476 2627 262 57 ennemis

625 2708 159 71 jurés
830 2708 101 56 des
978 2707 314 73 Hongrois.
1340 2708 194 69 Aussi,
1581 2709 164 56 fut-il
1790 2727 137 55 reçu
1971 2727 110 57 par
2125 2727 117 38 eux
2289 2728 146 40 avec
2481 2728 81 37 un

626 2788 235 72 général
884 2794 61 50 et
969 2788 83 56 les
1076 2789 433 73 protestations
1532 2791 135 73 plus
1691 2810 78 38 ou
1794 2791 194 57 moins
2012 2792 387 56 véhémentes
2422 2797 279 68 parurent-

626 2869 136 57 elles
816 2872 268 71 pendant
1138 2890 162 38 assez
1353 2871 339 74 longtemps
1745 2892 139 38 sous
1937 2873 189 58 forme
2182 2873 299 58 d'articles
2537 2893 77 38 ou
2670 2873 70 57 de

625 2951 337 57 brochures.

741 3034 94 54 En
886 3034 222 61 réalité,
1138 3034 42 55 il
1230 3053 73 37 ne
1353 3034 295 74 s'agissait
1698 3036 57 56 là
1788 3055 117 54 que
1956 3038 74 55 de
2081 3037 295 57 satisfaire
2426 3037 58 56 la
2535 3037 203 57 vanité

626 3112 285 57 littéraire
950 3116 74 56 de
1061 3116 58 56 la
1157 3116 295 72 princesse
1493 3118 72 55 de
1606 3117 445 75 Wittgenstein,
2092 3118 104 73 qui
2236 3119 233 56 n'avait
2510 3136 228 39 aucune

629 3193 194 57 raison
855 3213 150 55 pour
1035 3197 277 74 ménager
1343 3198 57 55 la
1432 3199 431 73 susceptibilité
1895 3199 332 74 hongroise.
2262 3201 128 56 Elle
2422 3220 76 38 ne
2529 3201 208 73 voyait

632 3276 147 56 dans
823 3293 65 37 ce
931 3278 158 71 sujet
1133 3278 233 71 obscur,
1411 3299 116 53 que
1571 3300 110 39 son
1725 3285 132 54 côté
1903 3283 367 73 mystérieux
2317 3283 103 74 qui
2465 3302 63 37 se
2572 3283 165 75 prête

629 3357 570 58 merveilleusement
1240 3379 118 36 aux
1401 3362 528 75 développements
1969 3365 84 55 les
2093 3365 134 72 plus
2269 3365 368 57 fantaisistes
2677 3368 59 52 et

748 3514 62 49 (i)
844 3513 64 40 Le
931 3517 146 49 grand
1100 3517 105 50 père
1230 3519 208 48 paternel
1462 3520 56 40 de
1541 3521 127 41 Liszt
1692 3523 130 39 avait
1846 3523 229 52 vingt-six
2097 3523 189 40 enfants
2310 3525 57 39 de
2390 3524 115 40 trois
2528 3525 206 42 femmes,

627 3578 48 35 et
692 3586 51 27 sa
761 3577 121 38 mère
899 3574 117 41 était
1033 3577 44 38 la
1094 3579 222 50 septième
1334 3580 115 40 dans
1467 3594 90 28 une
1574 3583 188 48 famille,
1783 3584 243 52 composée
2046 3586 56 38 de
2121 3588 224 47 quatorze
2364 3586 201 40 enfants.
2589 3587 146 39 Etant

628 3636 69 38 fils
723 3637 186 51 unique,
937 3638 40 39 le
1003 3650 18 26 «
1040 3640 66 38 roi
1134 3641 78 38 des
1238 3641 222 51 pianistes
1480 3657 17 24 »
1524 3643 118 42 était
1668 3646 118 40 donc
1813 3659 57 28 en
1905 3647 200 52 quelque
2131 3650 124 36 sorte
2282 3648 44 38 la
2353 3648 221 51 synthèse
2612 3648 56 39 de
2693 3646 42 39 la

625 3696 122 41 force
772 3699 241 52 prolifique
1039 3700 55 40 de
1119 3713 70 28 ses
1214 3704 167 49 grands
1408 3711 200 46 parents.
