2913 4272
671 362 94 64 896

1264 375 258 35 MERCURE
1560 374 238 35 MUSICAL
1833 374 68 34 ET
1940 372 42 35 S.
2021 372 35 35 I.
2095 372 56 33 M.

673 519 145 56 Mais
861 520 53 54 le
957 522 234 52 charme
1238 519 71 53 de
1354 518 57 53 la
1455 515 268 73 musique
1766 515 465 70 cambodgienne
2278 515 185 55 réside
2508 516 240 53 surtout

672 600 146 54 dans
857 599 488 56 l'enchaînement
1383 595 250 71 logique.
1676 598 93 53 On
1808 614 38 52 y
1887 594 222 74 perçoit
2149 594 381 71 l'expression
2571 594 178 55 d'une

670 679 182 55 haute
880 678 324 56 musicalité
1232 678 100 68 qui
1360 675 113 55 sait
1501 676 340 72 s'exprimer
1868 694 71 36 en
1966 676 242 70 phrases
2236 673 513 73 caractéristiques

673 760 145 55 dont
856 759 105 55 elle
999 759 184 55 forme
1224 760 99 52 des
1362 758 322 54 ensembles
1722 758 136 56 bien
1896 756 120 69 liés,
2058 754 224 56 animés
2321 756 144 55 d'un
2503 758 148 53 bout
2714 756 35 54 à

669 839 231 67 l'autre,
938 839 80 53 du
1054 839 186 53 même
1276 836 198 73 esprit.

785 919 162 53 Nous
971 937 71 35 ne
1068 918 264 54 saurions
1357 916 197 55 mieux
1578 936 148 38 nous
1750 919 145 53 faire
1919 918 381 70 comprendre
2325 918 175 70 qu'en
2524 916 223 55 faisant

670 998 210 70 figurer
928 1016 79 35 un
1059 999 99 53 des
1206 998 269 71 préludes
1525 998 218 56 favoris
1793 998 272 54 exécutés
2117 1002 185 48 avant
2352 996 241 56 l'entrée
2645 998 100 54 des

672 1078 307 54 danseuses
1016 1098 10 33 :

675 2307 18 33 -,
750 2275 7 68 |
790 2275 75 55 Ce
900 2277 238 71 prélude
1172 2283 88 50 est
1296 2279 46 54 si
1379 2279 216 71 parfait
1630 2298 71 36 en
1738 2298 104 37 son
1877 2300 174 54 genre
2088 2302 113 52 que
2236 2284 144 55 c'est
2413 2286 33 53 à
2463 2286 171 71 peine
2697 2287 47 56 si

672 2371 147 36 nous
854 2373 355 54 apercevons
1243 2358 290 56 l'absence
1569 2360 99 54 des
1707 2362 152 53 deux
1897 2363 201 70 degrés
2116 2371 332 63 manquant
2486 2367 149 53 dans
2683 2368 59 55 la

670 2451 231 52 gamme
934 2437 428 72 pentatonique
1395 2438 101 70 qui
1529 2440 179 54 servit
1743 2443 35 51 à
1809 2443 56 52 la
1898 2443 390 71 composition
2324 2446 70 54 de
2448 2452 156 49 cette
2625 2449 80 54 mé-

669 2513 173 56 lodie.
871 2517 161 53 Nous
1060 2517 220 54 devons
1307 2519 180 55 croire
1514 2538 113 52 que
1652 2523 155 55 seule
1832 2522 325 57 l'intuition
2187 2527 78 53 du
2295 2527 162 54 Beau
2486 2545 35 35 a
2547 2529 196 55 donné

678 2612 121 37 aux
828 2595 307 56 musiciens
1166 2598 77 55 du
1275 2599 451 74 Sud-Asiatique
1756 2603 51 55 le
1837 2621 130 37 sens
2000 2606 70 54 de
2099 2606 57 53 la
2187 2608 167 69 grâce
2387 2607 355 74 mélodique.

677 2675 81 55 Le
793 2675 238 69 prélude
1069 2696 112 52 que
1218 2696 147 37 nous
1400 2697 221 37 venons
1661 2682 70 54 de
1768 2686 299 67 présenter
2103 2687 151 53 n'est
2293 2706 106 52 pas
2437 2689 232 55 réservé
2709 2692 35 52 à

672 2755 334 56 l'orchestre
1049 2758 120 55 seul
1197 2780 13 47 ;
1254 2759 37 52 il
1336 2766 87 48 est
1467 2762 325 70 également
1834 2764 320 73 interprété
2201 2786 71 35 en
2316 2769 188 55 même
2549 2776 195 66 temps

670 2853 108 52 par
799 2853 78 36 un
900 2837 200 54 chœur
1122 2838 71 55 de
1214 2839 241 55 femmes
1481 2844 92 65 (20
1597 2844 369 69 chanteuses)
1991 2846 102 71 qui
2114 2849 263 55 renforce
2401 2851 35 52 à
2456 2849 288 58 l'unisson

670 2932 93 37 ces
797 2915 239 70 phrases
1072 2918 330 70 puissantes
1439 2927 57 47 et
1533 2923 322 70 gracieuses
1893 2927 35 52 à
1962 2926 56 54 la
2055 2927 109 53 fois
2199 2933 60 50 et
2297 2929 175 55 d'une
2509 2929 48 54 si
2593 2931 152 57 belle

673 3012 207 37 venue.

783 3077 163 53 Nous
986 3077 215 56 disions
1242 3081 128 69 plus
1411 3083 146 55 haut
1597 3102 112 52 que
1748 3084 53 55 le
1844 3086 396 73 Cambodgien
2281 3089 151 56 aime
2450 3109 296 39 annoncer

670 3172 80 37 un
777 3155 196 54 thème
999 3157 141 70 qu'il
1167 3161 294 69 continue,
1489 3181 72 35 en
1586 3164 52 54 le
1665 3166 292 71 répétant,
1983 3185 135 38 sous
2145 3169 185 54 forme
2358 3172 70 53 de
2453 3172 290 57 broderie.

673 3233 75 56 Ce
788 3234 127 69 fait,
956 3253 156 37 assez
1153 3241 321 68 explicable
1512 3246 137 52 chez
1690 3247 100 53 des
1830 3247 308 56 musiciens
2178 3251 269 56 maniant
2488 3255 101 53 des
2629 3255 87 54 ins-

673 3319 291 51 truments
994 3333 239 54 propres
1265 3337 115 37 aux
1413 3322 170 56 traits
1616 3327 70 52 de
1718 3327 329 69 virtuosité,
2081 3347 35 36 a
2146 3331 94 53 été
2269 3336 309 68 remarqué
2612 3336 99 71 éga-

666 3393 220 56 lement
920 3412 77 36 au
1028 3396 160 54 Siam
1220 3403 57 48 et
1312 3401 144 54 dans
1487 3403 362 57 l'lnsulinde.
1883 3408 80 54 Le
1994 3409 316 70 répertoire
2343 3413 80 55 du
2456 3415 288 55 Gamelan

669 3474 288 55 fourmille
997 3476 69 55 de
1105 3478 171 53 traits
1314 3481 70 54 de
1421 3500 62 38 ce
1521 3503 189 53 genre.
1752 3488 82 54 Le
1870 3490 294 68 spécimen
2202 3495 388 72 cambodgien
2630 3514 115 53 que

669 3572 146 37 nous
848 3572 184 37 avons
1065 3557 179 54 choisi
1279 3561 34 52 à
1346 3578 62 37 ce
1441 3562 139 57 titre
1613 3571 88 49 est
1736 3585 204 38 encore
1973 3570 239 55 curieux
2245 3591 72 36 en
2352 3592 63 38 ce
2450 3576 147 70 qu'il
2631 3576 115 56 fait

669 3636 263 54 ressortir
962 3653 104 38 son
1098 3637 216 72 origine
1346 3642 256 58 chinoise
