2913 4272
842 313 70 37 LA
948 316 251 50 MUSIQUE
1235 322 415 42 INDO-CHINOISE

2214 342 97 49 931

188 476 23 31 «
237 459 73 54 de
328 457 22 54 1
374 456 363 60 instrument
759 468 58 49 et
839 464 146 57 c'est
1006 466 150 59 ainsi
1178 474 184 71 qu'on
1383 476 210 58 décida
1613 497 115 54 que
1747 479 54 56 le
1822 480 274 74 thap-luc
2117 504 156 40 mesu-

185 539 182 56 rerait
397 555 31 52 3
459 540 203 72 thuoc,
694 543 33 54 6
756 549 118 67 tac,
907 563 28 37 i
967 550 164 70 phan
1161 556 78 69 (3,
1282 555 71 56 61
1396 576 79 36 m.
1519 564 266 67 annam.)
1832 581 72 38 en
1943 563 291 75 longueur
2276 570 37 56 à

186 639 176 37 cause
390 623 103 54 des
522 624 108 67 361
660 625 165 56 voies
854 630 269 74 célestes;
1152 637 59 55 la
1235 638 234 73 largeur
1496 643 36 53 à
1557 643 232 57 l'avant
1816 647 181 54 serait
2027 649 73 55 de
2134 650 33 55 8
2209 658 99 51 tac

185 705 417 70 représentant
635 705 83 57 les
755 708 32 56 8
825 711 536 80 demi-trimestres,
1397 723 36 53 à
1463 723 261 58 l'arrière
1758 744 36 55 4
1829 736 95 49 tac
1974 730 333 60 seulement

182 802 79 38 en
289 790 175 51 vertu
494 788 102 54 des
625 804 37 55 4
690 807 245 42 saisons.
969 797 85 54 La
1082 798 260 59 hauteur
1368 805 74 55 de
1474 821 31 39 2
1533 812 101 51 tac
1663 810 400 72 symbolisant
2107 814 108 56 ciel
2244 823 61 50 et

185 870 174 66 terre,
398 866 82 56 les
519 870 160 55 deux
717 873 288 59 éléments
1042 880 373 75 principaux.
1457 888 205 57 Douze
1700 894 205 55 cordes
1941 896 364 72 signifiaient

181 946 85 55 les
301 949 188 56 douze
525 951 169 72 mois,
727 973 119 38 une
886 972 90 56 13e
1010 964 175 54 corde
1220 963 295 61 incarnait
1549 969 83 56 les
1668 974 218 56 années
1919 976 385 59 bissextiles.»

300 1030 51 55 Il
376 1033 284 57 convient
687 1038 35 53 à
747 1039 239 71 présent
1014 1043 341 60 d'observer
1380 1048 82 56 les
1488 1052 185 71 règles
1698 1054 310 60 suivantes
2037 1081 11 33 :
2078 1062 88 55 Ne
2194 1082 108 42 pas

181 1110 170 73 jouer
403 1113 410 62 l'instrument
867 1122 119 56 lors
1028 1145 11 34 :
1105 1128 174 56 pde
1333 1128 156 60 froid
1541 1132 231 58 intense
1820 1158 14 47 ;
1891 1155 32 39 2
1936 1151 23 25 0
2021 1143 72 55 de
2150 1148 143 68 trop

178 1195 229 71 grande
431 1197 242 57 chaleur
700 1221 13 48 ;
738 1214 65 55 30
826 1204 72 54 de
922 1208 139 69 trop
1084 1207 119 54 fort
1227 1216 145 48 vent
1400 1233 14 49 ;
1439 1226 69 57 40
1533 1216 71 54 de
1629 1216 342 73 l'approche
1990 1225 73 53 de
2079 1225 223 73 l'orage

182 1288 90 58 s°,
304 1278 71 54 de
403 1282 137 68 trop
571 1285 152 51 xorte
752 1282 159 71 pluie
938 1285 212 69 ;6°de
1176 1288 59 56 la
1260 1291 186 73 neige.
1453 1294 149 58 Mais
1630 1316 137 38 sous
1795 1318 197 40 aucun
2018 1307 277 70 prétexte

179 1376 74 35 ne
285 1359 249 55 toucher
564 1379 78 36 au
672 1363 327 70 psalterion
1028 1367 117 56 lors
1178 1371 38 53 d
1237 1390 84 35 un
1353 1374 176 70 deuil,
1565 1378 71 54 de
1665 1378 59 55 la
1753 1379 121 58 fête
1904 1385 83 54 du
2016 1387 107 69 roi,
2154 1387 116 57 lors-

179 1457 84 52 qu
287 1458 78 37 on
404 1447 90 48 est
535 1444 248 69 possédé
823 1447 70 54 de
934 1451 267 68 cupidité
1239 1458 59 50 et
1336 1454 204 74 lorsqu
1564 1477 78 36 on
1681 1479 61 36 se
1780 1471 133 48 sent
1952 1470 172 67 porté
2163 1489 135 37 vers

178 1519 60 53 la
273 1522 472 72 malhonnetete,
785 1533 186 50 avant
1009 1529 52 55 le
1099 1531 161 72 bain,
1300 1541 59 48 et
1399 1537 345 60 finalement
1781 1543 306 74 lorsqu'on
2124 1567 72 39 ne
2236 1569 61 39 se

177 1607 216 51 trouve
421 1621 108 53 pas
557 1606 224 55 devant
809 1627 83 36 un
919 1611 297 57 auditoire
1242 1614 176 74 digne
1446 1619 72 55 de
1545 1621 197 57 bonne
1769 1627 291 71 musique.

289 1684 90 55 La
408 1687 423 57 conversation
865 1696 168 50 entre
1068 1694 355 59 Du-ba-nha
1457 1705 60 49 et
1554 1702 419 79 Chung-tu-ky
2007 1712 288 57 continua

176 1764 151 56 ainsi
357 1783 211 40 encore
601 1769 257 71 quelque
889 1776 197 70 temps
1114 1796 13 48 ;
1161 1776 70 54 ils
1263 1778 227 71 prirent
1523 1782 52 55 le
1608 1785 122 69 thé,
1764 1786 54 56 le
1848 1788 219 58 burent
2101 1795 36 52 à
2167 1795 128 56 leur

173 1846 315 55 fraternité
507 1853 61 50 et
591 1849 340 58 décidèrent
954 1854 70 55 de
1034 1873 61 37 se
1105 1862 311 53 retrouver
1438 1863 149 56 dans
1606 1884 82 35 un
1710 1885 76 37 an
1808 1870 34 53 à
1861 1872 240 69 pareille
2112 1875 182 57 heure

173 1934 60 49 et
262 1946 193 38 meme
482 1931 255 54 endioit.
769 1932 354 61 Du-ba-nha
1151 1941 166 54 offrit
1348 1960 34 37 a
1409 1961 109 38 son
1546 1947 121 53 ami
1698 1964 70 39 xo
1795 1950 195 72 pièces
2021 1955 128 54 d'or
2177 1975 117 55 que

173 2027 65 36 ce
265 2009 232 56 dernier
522 2012 204 55 utilisa
752 2032 35 36 a
808 2014 22 54 1
855 2017 179 56 achat
1062 2020 71 55 de
1159 2021 177 56 livres
1364 2025 120 55 afin
1512 2027 71 55 de
1609 2031 328 71 compléter
1960 2053 94 38 ses
2082 2037 211 57 études

169 2096 63 49 et
258 2110 64 37 se
352 2097 244 51 trouver
788 2100 139 54 tard
957 2100 35 53 à
1019 2100 58 55 la
1108 2103 256 58 hauteur
1395 2108 81 55 du
1507 2112 335 57 mandarin.
1879 2115 49 54 Il
1959 2119 331 58 travaillait

172 2173 270 71 pendant
474 2173 59 56 la
563 2174 245 72 journée
840 2197 152 54 pour
1023 2200 233 41 assurer
1286 2186 53 55 le
1371 2188 142 72 pain
1547 2192 35 54 à
1613 2209 92 39 ses
1735 2195 183 56 vieux
1949 2206 246 65 parents
2228 2209 61 49 et

167 2253 336 56 consacrait
546 2254 84 56 les
673 2257 163 56 nuits
880 2262 36 52 à
954 2262 245 59 l'étude.
1249 2267 51 54 Il
1340 2288 74 36 ne
1458 2277 111 65 put
1613 2274 239 58 résister
1895 2279 36 53 à
1973 2298 64 38 ce
2079 2281 211 57 labeur

163 2334 283 73 épuisant
475 2342 60 51 et
563 2340 258 71 quelque
849 2346 197 71 temps
1075 2355 186 48 avant
1289 2350 59 54 la
1376 2354 139 54 date
1545 2359 136 52 tant
1711 2361 310 71 attendue,
2053 2362 196 77 Chung-

167 2418 181 70 tu-ky
392 2425 261 49 mourut.
704 2421 264 75 Lorsque
1014 2427 355 59 Du-ba-nha
1414 2435 246 57 arrivait
1686 2456 76 37 au
1783 2444 414 73 rendez-vous,
2246 2448 42 54 il

167 2497 202 72 apprit
406 2498 58 55 la
501 2506 157 49 mort
698 2503 72 54 de
807 2520 107 39 son
934 2507 120 54 ami
1082 2530 13 47 ;
1133 2510 42 53 il
1211 2529 59 37 se
1297 2514 197 57 rendit
1532 2534 99 38 sur
1668 2536 66 37 sa
1772 2524 205 56 tombe
2015 2533 59 48 et
2114 2530 172 55 aorès

167 2578 167 56 avoir
384 2582 218 55 chanté
651 2602 116 36 une
817 2586 265 58 dernière
1132 2592 199 73 élégie,
1383 2614 168 39 cassa
1599 2618 108 38 son
1756 2604 327 71 psaltérion
2112 2632 11 31 :
2175 2629 110 38 son

163 2660 366 57 instrument
562 2665 282 57 devenait
877 2667 211 60 inutile
1122 2674 251 73 puisque
1406 2677 54 55 le
1493 2680 125 56 seul
1650 2682 241 59 homme
1926 2690 249 59 capable
2211 2694 73 55 de

158 2743 394 72 comprendre
614 2762 67 37 sa
746 2749 272 73 musique
1082 2755 215 54 n'était
1362 2759 151 70 plus.
1582 2762 355 60 Du-ba-nha
2001 2770 283 75 s'occupa

162 2823 536 58 affectueusement
718 2829 102 54 des
836 2839 244 63 parents
1099 2836 79 55 du
1197 2836 212 57 défunt
1427 2845 58 51 et
1503 2841 82 56 les
1602 2844 206 65 soigna
1824 2865 151 44 pour
1993 2870 114 37 oue
2124 2853 157 56 leurs

160 2903 185 56 vieux
365 2906 169 72 jours
559 2906 231 58 fussent
817 2912 36 54 à
877 2912 174 56 l'abri
1075 2917 105 55 des
1204 2920 214 56 soucis.
2012 2900 19 24 1

277 3069 159 54 C'est
472 3072 72 54 de
578 3079 159 51 cette
770 3075 264 74 légende,
1070 3081 296 71 jouissant
1401 3086 179 57 d'une
1613 3109 193 54 vogue
1839 3093 441 66 incontestable

153 3150 148 56 chez
337 3151 82 55 les
455 3152 373 69 Annamites,
846 3177 115 54 que
999 3180 95 37 ces
1132 3164 259 57 derniers
1427 3168 133 57 font
1598 3173 230 57 dériver
1862 3177 84 55 les
1982 3180 297 77 principes

162 3234 72 52 de
277 3232 127 54 leur
449 3240 92 50 art
587 3239 268 56 musical.
901 3243 152 55 Mais
1096 3245 140 56 bien
1281 3248 101 54 des
1428 3251 204 58 choses
1678 3262 108 49 ont
1830 3260 97 55 été
1971 3264 306 59 modifiées

157 3312 213 72 depuis
411 3315 101 56 des
552 3316 219 59 siècles.
816 3321 43 55 C
883 3328 90 49 est
1014 3324 150 57 ainsi
1203 3345 83 54 qu
1311 3347 76 37 on
1425 3349 74 37 ne
1538 3338 300 57 construit
1877 3340 134 73 plus
2065 3347 211 72 depuis

154 3394 340 75 longtemps
534 3399 138 71 déjà
709 3401 52 55 le
799 3404 276 73 thap-luc
1114 3409 474 61 conformément
1627 3436 121 38 aux
1785 3419 363 64 indications
2201 3432 75 53 de

157 3476 293 75 Phuc-hy.
484 3480 217 72 Quand
732 3485 34 53 à
794 3485 277 74 l'encens,
1101 3489 86 56 les
1216 3493 316 59 musiciens
1560 3499 137 56 n'en
1726 3502 135 57 font
1877 3505 134 73 plus
2027 3508 245 76 l'usage,

152 3556 194 55 même
397 3578 109 53 pas
555 3563 36 53 à
640 3563 59 55 la
761 3583 161 55 cour,
977 3571 135 54 sauf
1161 3591 151 53 pour
1363 3578 286 73 quelques
1700 3601 161 39 rares
1912 3589 362 59 cérémonies

145 3636 287 68 rituelles,
458 3646 158 52 cette
640 3653 282 52 coutume
947 3657 88 49 est
1060 3653 155 56 donc
1239 3658 238 57 tombée
1502 3679 72 37 en
1599 3665 296 74 complète
1921 3671 351 60 désuétude.
