2913 4272
1063 323 177 37 FRANZ
1273 327 153 37 LISZT

2217 329 96 64 963

190 459 85 60 les
308 463 133 74 plus
475 464 358 62 hasardeux.
869 474 202 56 Parmi
1103 479 233 56 ceux-ci
1366 481 42 56 il
1438 483 107 75 n'y
1576 504 73 38 en
1682 505 36 37 a
1750 488 189 73 qu'un
1972 488 104 74 qui
2108 492 210 57 mérite

190 543 41 57 d
254 543 125 57 être
414 552 210 52 retenu
664 571 11 34 :
703 552 151 58 celui
890 558 79 55 où
1002 557 41 54 il
1078 566 90 49 est
1205 562 110 70 dit,
1352 581 117 56 que
1502 566 55 57 le
1591 568 254 74 Tsigane
1880 576 92 52 est
2007 571 311 60 tellement

187 625 242 58 assoiffé
478 631 41 57 d
541 631 452 74 indépendance
1041 641 147 72 qu'il
1234 643 85 59 lui
1367 647 230 58 sacrifie
1645 657 139 51 tout
1833 671 66 38 ce
1948 672 118 55 que
2113 655 59 57 la
2221 655 96 58 vie

187 707 261 59 civilisée
505 721 147 64 peut
711 717 84 56 lui
853 721 169 56 offrir
1082 724 339 74 d'agréable
1478 750 80 38 ou
1618 733 466 79 d'avantageux.
2147 737 169 57 Trait

186 791 272 57 national
494 794 104 73 qui
633 801 271 68 pourrait
941 804 124 56 être
1101 808 142 55 taxé
1280 811 73 54 de
1388 818 176 53 vertu
1600 821 61 50 et
1696 817 258 59 assimilé
1990 821 35 55 à
2058 820 259 58 l'amour

186 891 118 53 que
345 873 53 56 le
440 877 301 75 Hongrois
782 902 156 40 voue
979 890 35 53 à
1052 888 60 56 la
1151 888 232 75 liberté,
1426 896 48 55 si
1516 905 188 66 ayant
1745 900 95 57 été
1880 901 50 57 si
1971 905 344 57 chèrement

186 957 210 71 payée,
448 958 18 55 1
491 959 452 77 indépendance
993 971 222 58 servait
1267 994 77 37 au
1395 976 160 58 culte
1606 980 222 58 d'idées
1863 985 373 72 généreuses,
2278 989 35 54 à

184 1037 20 53 1
228 1041 559 73 accomplissement
831 1051 74 56 de
948 1053 257 73 quelque
1248 1057 176 57 tâche
1466 1061 178 56 noble
1687 1070 61 49 et
1791 1064 216 59 élevée.
2054 1067 152 58 Mais
2247 1088 68 38 ce

184 1139 40 36 n
248 1127 91 51 est
372 1123 54 55 le
458 1141 99 39 cas
589 1127 142 56 chez
763 1128 53 57 le
849 1130 253 76 Tsigane
1135 1137 259 59 d'aucun
1426 1159 151 56 pays
1612 1164 13 33 :
1651 1142 41 56 il
1723 1163 76 38 ne
1830 1147 255 74 méprise
2115 1149 168 58 l'exis-

185 1207 174 52 tence
408 1206 285 72 régulière
741 1227 117 56 que
905 1231 152 54 pour
1107 1217 254 70 pouvoir
1409 1240 268 53 paresser
1725 1227 36 55 à
1809 1245 109 40 son
1967 1229 142 70 aise,
2160 1249 152 53 pour

184 1286 256 70 pouvoir
482 1287 165 56 obéir
690 1292 418 75 aveuglement
1151 1300 37 53 à
1230 1316 92 40 ses
1364 1301 279 61 instincts
1685 1306 84 57 les
1809 1309 136 75 plus
1987 1311 128 66 bas,
2160 1333 152 54 pour

182 1368 308 74 employer
516 1387 92 39 ses
636 1371 253 61 facultés
915 1396 37 36 a
977 1377 441 75 l'exploitation
1447 1386 103 57 des
1577 1386 159 60 vices
1765 1391 73 56 de
1864 1410 109 40 son
2000 1395 308 71 prochain.

184 1450 81 54 Et
320 1469 66 38 ce
439 1451 256 58 seraient
750 1455 83 58 les
885 1464 467 67 epanchements
1405 1467 313 59 musicaux
1772 1473 145 58 d'un
1971 1476 127 56 être
2150 1476 160 59 aussi

184 1532 228 56 amoral
454 1533 103 73 qui
599 1536 442 74 suppléeraient
1083 1544 35 53 à
1159 1560 150 38 ceux
1351 1549 82 56 du
1475 1549 300 75 Hongrois
1816 1554 204 70 brave,
2063 1560 144 69 posé
2247 1565 63 52 et

184 1620 143 67 apte
356 1634 121 37 aux
505 1621 263 53 travaux
795 1619 83 57 les
905 1621 135 74 plus
1069 1624 359 61 absorbants
1456 1635 62 51 et
1545 1630 84 57 les
1656 1633 135 72 plus
1819 1634 293 75 fatigants
2138 1641 12 54 !

297 1697 191 73 Après
534 1706 161 52 cette
742 1702 312 59 excursion
1103 1706 150 56 dans
1297 1709 56 57 le
1400 1713 278 57 domaine
1725 1715 554 62 historico-ethnolo-

181 1776 197 75 gique,
415 1777 147 57 faite
596 1798 139 39 sans
763 1801 232 40 aucune
1022 1786 183 57 étude
1230 1791 323 73 préalable,
1582 1794 58 56 la
1667 1795 298 72 princesse
1993 1817 74 38 ne
2084 1801 195 72 parais-

180 1859 119 55 sait
342 1859 169 58 avoir
562 1880 118 55 que
717 1864 58 57 la
806 1867 471 74 préoccupation
1315 1874 74 56 de
1426 1875 146 57 faire
1610 1878 350 72 régulariser
1995 1899 67 38 sa
2098 1883 213 57 liaison

181 1958 146 39 avec
363 1941 183 70 Liszt,
581 1961 75 39 en
692 1944 223 58 faisant
951 1965 193 42 casser
1178 1972 109 39 son
1322 1955 264 75 mariage
1619 1975 112 55 par
1764 1959 54 60 le
1851 1979 177 56 pape.
2065 1963 246 57 Comme

180 2021 110 59 elle
331 2022 102 58 n'a
473 2026 220 71 épousé
735 2028 54 58 le
830 2028 206 74 prince
1079 2031 74 59 de
1195 2035 430 75 Wittgenstein
1667 2059 118 55 que
1827 2059 102 40 sur
1969 2044 221 58 l'ordre
2225 2048 83 57 du

180 2106 168 69 Tsar,
391 2108 109 58 elle
541 2110 255 72 pouvait
836 2114 320 70 prétendre
1198 2118 216 72 qu'elle
1456 2121 168 56 avait
1666 2124 134 56 subi
1844 2133 160 51 cette
2040 2129 271 71 pression

180 2188 226 57 morale
454 2193 36 53 à
538 2209 177 38 cause
764 2195 74 56 de
886 2194 255 74 laquelle
1188 2199 244 75 l'Eglise
1479 2222 304 53 prononce
1831 2208 377 74 quelquefois
2249 2210 59 58 la

177 2268 212 58 nullité
434 2273 145 55 dun
623 2274 283 76 mariage,
951 2278 164 57 selon
1159 2280 84 59 les
1285 2282 110 58 lois
1438 2285 385 74 canoniques.
1872 2290 161 56 Pour
2070 2292 241 57 obtenir

177 2368 66 39 ce
280 2351 272 73 résultat,
589 2355 56 57 le
680 2356 229 59 célèbre
946 2362 210 73 couple
1192 2369 349 70 transporta
1578 2387 92 38 ses
1705 2369 154 60 lares
1883 2373 37 56 à
1953 2373 194 57 Rome
2176 2397 13 34 :
2242 2391 66 42 ce

180 2433 100 57 fut
307 2433 58 57 là
392 2454 118 56 que
534 2436 60 73 je
619 2438 54 57 le
699 2439 281 75 rejoignis
1007 2462 78 38 au
1112 2445 151 57 mois
1292 2447 309 59 d'octobre
1630 2450 168 73 1864.

1210 2754 62 56 II

290 2930 403 60 L'attraction
739 2953 117 55 que
899 2937 53 57 le
999 2960 23 29 «
1047 2939 85 56 roi
1179 2942 103 56 des
1328 2942 287 75 pianistes
1639 2969 22 29 »
1708 2948 263 73 exerçait
2015 2970 102 38 sur
2161 2953 143 73 moi,

175 3010 167 58 avait
377 3032 82 38 un
492 3018 304 55 caractère
828 3019 364 70 particulier.
1230 3023 128 56 Elle
1393 3026 151 56 était
1578 3035 189 49 avant
1802 3036 137 51 tout
1973 3033 288 75 atavique
2292 3059 11 10 •

175 3110 101 39 car
323 3112 141 38 mon
511 3098 140 71 père
699 3099 375 59 m'affirmait
1122 3104 252 73 qu'avec
1422 3125 100 38 ma
1569 3111 179 70 mère,
1797 3112 71 57 ils
1916 3115 245 59 avaient
2209 3117 95 57 été

172 3177 466 72 complètement
682 3182 378 58 bouleversés
1103 3205 109 54 par
1254 3187 54 57 le
1350 3188 100 73 jeu
1494 3191 74 57 de
1611 3193 163 58 Liszt
1818 3198 207 72 quand
2067 3198 42 55 il
2151 3200 152 57 était

172 3273 159 40 venu
364 3259 36 55 à
434 3261 183 56 Pesth
650 3264 171 70 après
854 3263 83 57 les
970 3264 387 61 inondations
1390 3271 74 57 de
1499 3273 148 70 1838
1680 3294 152 54 pour
1864 3296 41 55 y
1938 3278 229 60 donner
2199 3282 104 57 des

174 3347 269 51 concerts
482 3343 74 56 de
594 3344 422 60 bienfaisance.
1059 3351 81 54 Et
1179 3351 108 57 elle
1328 3353 150 59 était
1512 3355 292 61 littéraire
1837 3362 182 70 aussi,
2048 3365 254 73 puisque

170 3419 17 73 j
218 3422 168 56 avais
416 3441 74 38 eu
516 3433 259 50 souvent
807 3428 21 56 1
850 3431 276 57 occasion
1156 3433 74 56 de
1261 3433 129 58 voir
1427 3437 142 56 chez
1606 3458 152 38 nous
1793 3442 421 78 Vôrsômarty,
2245 3446 56 57 le

171 3505 177 69 poète
396 3506 73 54 de
510 3507 58 57 la
613 3510 400 59 Renaissance
1052 3515 334 73 hongroise,
1428 3525 61 51 et
1529 3520 58 72 je
1625 3522 200 57 savais
1864 3544 110 54 par
2018 3545 165 40 cœur
2227 3529 74 57 de

170 3583 198 59 bonne
396 3587 181 58 heure
609 3590 59 55 la
694 3590 135 75 plus
858 3593 225 74 grande
1113 3595 195 75 partie
1338 3598 74 56 de
1440 3600 176 73 l'ode,
1643 3604 176 75 digne
1851 3609 145 56 d'un
2020 3609 277 72 Pindare,

167 3666 149 72 qu'il
351 3670 165 55 avait
555 3671 180 58 écrite
762 3692 153 55 pour
941 3676 162 57 Liszt
1131 3696 74 38 en
1235 3680 146 71 1843
1414 3703 12 34 :
