2913 4272
678 385 96 64 996

1289 388 260 36 MERCURE
1587 385 242 37 MUSICAL
1864 385 67 34 ET
1972 384 41 35 S.
2055 384 31 34 I.
2128 384 54 33 M.

680 547 282 57 accordée
1009 546 35 54 à
1088 542 343 57 l'orchestre
1479 541 73 56 de
1599 538 78 56 M.
1729 533 219 60 Dinicu
1996 534 363 70 (Bucarest),
2408 533 155 56 n'est
2611 540 166 68 qu'un

680 630 160 72 juste
877 628 317 69 hommage
1232 621 189 58 rendu
1458 623 35 54 à
1529 620 156 57 l'art.
1727 616 151 59 Mais
1915 614 297 77 pourquoi
2249 614 85 58 les
2371 613 312 61 musiciens
2719 623 59 57 de

683 711 171 72 lassy
890 705 436 59 n'auraient-ils
1362 703 144 71 rien,
1545 702 60 56 ni
1644 703 73 56 de
1751 701 216 68 l'Etat,
2006 697 63 58 ni
2107 700 72 55 de
2215 698 58 56 la
2310 716 335 55 commune,
2681 721 99 41 eux

682 791 103 74 qui
823 794 137 52 sont
1014 787 227 56 réduits
1282 788 35 54 à
1355 804 61 37 se
1461 791 282 67 partager
1782 781 408 58 soixante-dix
2230 781 199 56 francs
2467 797 111 56 par
2615 783 165 61 soirée

682 877 167 50 entre
900 868 291 73 vingt-six
1242 867 374 70 exécutants,
1668 866 208 72 quand
1925 863 41 55 il
2016 881 41 55 y
2109 880 34 37 a
2196 862 472 72 représentation
2716 885 65 41 au

682 954 256 54 Théâtre
969 957 23 50 ?
1018 973 22 28 »

799 1036 110 55 Les
957 1031 226 58 chaires
1234 1031 221 56 mêmes
1505 1031 80 56 du
1633 1027 455 60 Conservatoire
2136 1046 74 38 ne
2257 1032 138 51 sont
2444 1044 108 56 pas
2601 1034 181 55 toutes

682 1116 288 72 occupées
1004 1135 10 34 :
1042 1114 41 54 il
1114 1130 260 55 manque
1404 1111 103 57 des
1538 1112 244 56 maîtres
1813 1111 73 56 de
1915 1108 335 72 clarinette,
2283 1108 74 56 de
2386 1108 220 56 basson
2636 1115 56 51 et
2723 1115 59 56 de

684 1216 117 52 cor,
840 1202 60 51 et
936 1196 78 55 M.
1054 1194 277 58 Mezzetti
1368 1200 90 49 est
1493 1192 193 75 obligé
1723 1195 72 54 de
1830 1192 278 74 suppléer
2145 1192 72 56 de
2253 1209 108 38 son
2397 1190 202 57 mieux
2635 1194 33 54 à
2701 1213 81 39 ces

683 1281 394 55 instruments
1108 1276 149 56 dans
1286 1294 108 37 son
1423 1275 319 56 orchestre.

799 1361 318 66 Pourtant,
1172 1375 138 38 sous
1362 1357 58 55 la
1473 1356 289 57 direction
1816 1354 330 58 successive
2201 1356 72 55 de
2328 1356 142 55 MM.
2527 1356 258 59 Francise

686 1441 299 70 Caudella,
1030 1440 340 70 fondateur,
1414 1440 202 56 Const.
1662 1440 169 69 Gros,
1877 1439 112 56 Ed.
2036 1436 302 71 Caudélia,
2382 1437 54 58 le
2479 1439 272 57 Conserva-

684 1524 151 57 toire
867 1522 71 58 de
970 1522 171 72 lassy
1171 1540 35 37 a
1234 1520 113 56 fait
1376 1522 314 72 beaucoup
1719 1539 151 55 pour
1901 1520 292 74 répandre
2222 1519 54 56 le
2305 1520 148 72 goût
2485 1520 72 56 de
2587 1520 57 56 la
2672 1539 76 38 mu-

686 1606 166 71 sique
880 1625 14 50 ;
943 1606 78 54 M.
1072 1603 205 57 Gavril
1326 1601 327 57 Muzicesco
1702 1620 35 37 a
1784 1603 94 53 été
1925 1600 459 74 l'organisateur
2430 1600 242 58 émérite
2718 1603 68 57 du

686 1689 205 54 chœur
926 1684 448 73 métropolitain
1402 1705 12 49 ;
1451 1683 178 69 enfin,
1666 1700 77 38 on
1779 1681 127 59 doit
1942 1683 424 55 actuellement
2401 1684 36 54 à
2471 1684 78 54 M.
2588 1683 198 58 Enrico

687 1768 278 57 Mezzetti
1000 1766 345 56 l'initiative
1385 1768 102 55 des
1525 1769 270 52 concerts
1832 1764 474 73 symphoniques
2345 1770 61 51 et
2444 1764 343 59 l'exécution

686 1850 236 74 soignée
952 1850 297 57 d'œuvres
1280 1854 136 49 tant
1446 1846 320 74 classiques
1798 1865 116 54 que
1936 1845 412 75 romantiques
2372 1851 62 51 et
2458 1848 329 73 modernes;

687 1950 150 39 nous
877 1949 74 38 ne
990 1930 485 57 mentionnerons
1516 1929 74 56 ici
1630 1948 116 55 que
1785 1929 84 56 les
1910 1928 429 76 compositions
2380 1928 407 58 intéressantes

691 2014 80 55 du
802 2011 284 56 musicien
1117 2010 257 73 tchèque
1406 2010 246 56 Chovan
1681 2028 102 38 sur
1816 2011 101 55 des
1949 2011 231 55 thèmes
2213 2008 327 72 roumains,
2574 2010 185 56 orches-

688 2095 156 55 trées
879 2112 109 54 par
1023 2094 70 55 E.
1133 2093 299 56 Caudella.

805 2177 94 54 En
928 2174 302 74 province,
1263 2173 192 58 citons
1486 2173 54 57 le
1569 2173 248 58 brillant
1848 2174 222 70 succès,
2104 2175 36 55 à
2170 2174 235 70 Galatz,
2439 2175 73 56 de
2542 2173 57 56 la
2629 2175 161 73 jeune

689 2254 258 75 pianiste
973 2254 137 57 Mlle
1136 2254 183 58 Marie
1346 2254 211 72 Marin,
1585 2255 103 73 qui
1713 2273 36 37 a
1773 2255 113 57 fait
1911 2273 224 56 preuve
2161 2257 181 55 d'une
2367 2254 187 58 solide
2579 2254 180 58 virtuo-

689 2335 113 57 sité
861 2354 73 38 en
978 2335 402 75 interprétant
1432 2354 145 38 avec
1623 2337 325 57 sentiment
1994 2343 61 49 et
2100 2337 200 74 poésie
2345 2338 103 56 des
2494 2337 189 74 pièces
2726 2338 64 56 de

689 2419 187 70 Bach,
910 2417 248 75 Chopin,
1192 2418 363 71 Schumann,
1591 2419 182 70 Liszt,
1807 2438 121 38 aux
1959 2418 116 57 vifs
2108 2419 580 73 applaudissements
2721 2420 69 56 du

691 2499 270 72 high-life
989 2499 170 57 local.

2236 2581 412 58 Scripcarul.
