2913 4272
1250 343 261 40 MERCURE
1548 336 242 39 MUSICAL
1825 335 67 34 ET
1933 334 40 35 S.
2014 332 33 35 I.
2086 330 56 35 M.

644 346 97 67 976

645 516 59 51 et
725 508 125 57 leur
873 524 185 53 coupe
1082 504 35 54 à
1138 501 57 56 la.
1218 498 181 66 Liszt,
1425 492 149 57 ainsi
1598 508 116 56 que
1738 506 141 38 mon
1901 485 154 56 teint
2078 489 61 51 et
2162 482 52 55 le
2239 485 144 69 type
2408 479 74 55 de
2505 496 139 36 mon
2667 480 52 55 vi-

647 610 155 54 sage,
835 605 148 39 nous
1016 604 73 35 ne
1123 577 408 61 dissemblions
1565 592 107 53 pas
1705 570 483 73 complètement.
2224 565 95 55 En
2352 560 394 73 iappiochant

647 690 62 38 ce
737 635 110 92 fa'it
877 670 34 53 à
936 667 59 53 la
1014 663 402 56 circonstance
1444 675 116 56 que
1576 672 141 38 mon
1747 670 229 54 voyage
2001 651 35 54 à
2061 649 190 54 Rome
2279 643 312 57 s'effectua
2619 659 127 40 sous

645 771 91 38 ses
776 748 285 73 auspices,
1104 762 77 38 on
1222 761 74 37 ne
1335 739 231 58 voulait
1608 756 108 53 pas
1758 734 183 56 croire
1983 750 114 55 que
2138 729 57 73 je
2235 724 215 60 n'étais
2492 743 114 54 que
2647 742 99 39 son

647 833 179 56 élève.
859 831 80 53 Et
968 846 66 36 sa
1063 823 281 57 conduite
1373 821 300 58 vraiment
1702 816 325 76 paternelle
2059 814 34 54 à
2122 830 143 36 mon
2295 809 181 74 égard
2506 807 240 57 donnait

647 911 252 75 quelque
934 906 467 57 vraisemblance
1437 906 35 53 à
1505 907 158 52 cette
1697 899 331 75 hypothèse
2065 893 103 75 qui
2200 888 324 60 l'amusait.

722 991 322 58 N'était-ce
1070 1007 106 56 pas
1200 1007 108 55 par
1334 986 266 73 exemple
1626 986 119 53 très
1772 982 344 56 affectueux
2141 978 73 55 de
2239 993 65 37 sa
2328 977 137 70 part
2493 972 71 56 de
2590 971 157 54 venir

645 1092 93 37 me
771 1072 128 56 voir
930 1073 53 54 le
1015 1068 337 57 lendemain
1386 1068 71 56 de
1490 1071 171 51 notre
1694 1062 227 57 arrivée
1956 1062 100 55 dès
2089 1059 54 54 le
2175 1056 193 57 matin
2383 1061 23 48 ?
2434 1053 110 55 Car
2569 1058 178 65 ayant

645 1156 169 72 passé
849 1156 155 56 deux
1035 1152 162 57 nuits
1227 1151 282 56 blanches
1541 1167 98 37 sur
1670 1148 54 55 le
1755 1151 149 68 pont
1938 1146 80 54 du
2049 1145 222 53 bateau
2303 1156 151 56 pour
2486 1133 186 59 éviter
2700 1134 49 55 le

647 1237 119 56 mal
803 1239 72 54 de
912 1255 142 51 mer,
1091 1235 106 73 j'ai
1233 1235 96 54 été
1363 1232 306 56 tellement
1705 1228 226 73 fatigué
1968 1244 115 54 que
2119 1225 57 72 je
2211 1221 122 57 n'ai
2362 1237 108 55 pas
2498 1235 157 38 cesse
2684 1218 65 55 de

647 1317 221 57 dormir
894 1317 61 56 ni
983 1319 148 54 dans
1157 1316 54 56 le
1239 1332 227 55 wagon,
1485 1313 268 73 pendant
1781 1316 170 50 notre
1980 1306 182 72 trajet
2192 1297 558 63 deCivita-Vecchia

647 1402 35 54 à
711 1401 210 67 Rome,
952 1399 60 55 ni
1042 1400 147 54 dans
1218 1397 52 56 le
1299 1397 174 55 fiacre
1503 1395 322 67 lui-même,
1857 1392 149 56 dans
2034 1386 194 75 lequel
2255 1386 53 54 le
2337 1406 22 28 «
2383 1381 87 57 roi
2502 1382 102 55 des
2633 1378 88 74 pia-

648 1482 183 56 nistes
856 1504 22 29 »
905 1484 120 54 m'a
1051 1480 111 57 fait
1189 1485 235 51 monter
1451 1495 144 37 avec
1621 1476 124 55 l'un
1773 1476 71 55 de
1862 1491 90 38 ses
1970 1472 212 65 élèves,
2210 1485 189 38 venus
2427 1463 324 57 au-devant

649 1564 71 54 de
751 1562 82 56 lui
865 1564 34 54 à
929 1564 58 53 la
1018 1580 154 56 gare,
1199 1578 150 55 pour
1367 1560 343 70 m'envoyer
1741 1557 36 54 à
1806 1553 208 58 l'hôtel
2044 1552 52 55 le
2128 1551 133 74 plus
2293 1564 231 40 comme
2556 1543 39 55 il
2627 1542 123 57 faut

649 1646 70 55 de
742 1645 58 55 la
822 1665 22 29 «
861 1645 136 55 ville
1020 1642 276 58 éternelle
1315 1663 40 33 ».
1378 1640 51 58 Il
1452 1639 288 73 craignait
1764 1640 153 54 donc
1941 1654 115 54 que
2079 1633 56 73 je
2158 1651 74 37 ne
2256 1631 157 55 fusse
2437 1626 312 71 indisposé.

764 1729 76 54 Sa
866 1726 174 56 visite
1068 1725 285 56 matinale
1381 1724 72 54 fit
1481 1721 301 59 sensation
1811 1726 60 51 et
1900 1739 93 35 me
2022 1717 112 55 mit
2164 1716 144 56 d'un
2331 1711 125 58 seul
2469 1727 154 55 coup
2639 1708 113 55 très

651 1827 71 36 en
756 1809 297 56 évidence.
1090 1806 174 57 Aussi
1298 1804 234 72 étais-je
1565 1805 52 53 le
1650 1802 117 55 soir
1801 1804 36 53 à
1867 1802 60 55 la
1960 1800 161 56 table
2155 1797 205 56 d'hôte
2394 1794 54 54 le
2481 1790 171 75 point
2686 1790 66 54 de

649 1890 144 56 mire
814 1889 70 57 de
905 1895 168 51 toute
1091 1887 381 56 l'assistance.
1498 1886 101 71 J'y
1618 1885 56 55 ai
1694 1884 111 54 fait
1824 1881 514 56 immédiatement
2359 1877 103 55 des
2481 1871 245 58 relation
2733 1904 26 37 s

651 1990 77 37 on
766 1990 72 37 ne
877 1976 144 68 peut
1059 1971 133 73 plus
1231 1969 301 73 agréables
1560 1989 10 33 :
1612 1967 140 55 celle
1791 1966 81 56 du
1912 1962 302 58 conseiller
2255 1961 71 53 de
2364 1954 391 62 l'ambassade

653 2053 71 57 de
769 2055 242 67 France,
1058 2054 78 53 M.
1183 2051 663 70 Loison-d'Entragues,
1893 2048 148 54 dont
2084 2046 60 54 la
2187 2044 219 56 femme
2451 2037 149 57 était
2644 2054 110 44 une

653 2135 290 73 princesse
977 2136 72 55 de
1084 2134 411 67 Santa-Croce,
1531 2138 61 49 et
1625 2131 141 56 celle
1801 2131 71 54 de
1905 2128 141 55 Miss
2082 2128 270 66 Masters,
2387 2139 116 38 une
2539 2120 180 57 demoi-

653 2216 135 56 selle
830 2215 256 71 anglaise
1127 2215 119 53 très
1286 2213 255 55 cultivée
1581 2214 145 54 d'un
1766 2210 226 57 certain
2035 2211 104 70 âge
2180 2209 141 54 chez
2362 2202 103 75 qui
2506 2200 103 74 j'ai
2649 2200 106 60 fait

652 2298 131 72 plus
812 2299 134 53 tard
969 2298 57 54 la
1061 2295 416 57 connaissance
1514 2295 71 55 de
1620 2294 179 56 l'élite
1835 2294 73 54 de
1936 2293 59 53 la
2028 2289 227 57 colonie
2284 2285 261 75 anglaise
2572 2288 58 50 et
2658 2286 97 66 qui

653 2378 147 56 était
836 2378 295 56 d'ailleurs
1166 2378 118 54 très
1317 2376 137 56 bien
1487 2394 171 54 reçue
1692 2394 108 55 par
1832 2371 416 59 l'aristocratie
2282 2366 266 60 romaine
2583 2369 171 56 aussi.

746 2460 185 71 Après
959 2459 164 56 avoir
1152 2459 109 55 fait
1291 2460 71 54 de
1390 2459 57 55 la
1475 2456 269 74 musique
1773 2456 267 74 pendant
2069 2460 170 50 toute
2267 2453 57 54 la
2352 2449 204 68 soirée,
2585 2445 56 74 je
2670 2451 89 55 fus

654 2542 186 55 invité
889 2561 107 54 par
1044 2542 83 55 les
1176 2540 216 56 Loison
1440 2557 152 54 pour
1640 2539 52 56 le
1740 2536 338 58 lendemain
2129 2535 148 56 dans
2326 2535 125 54 leur
2501 2533 129 69 loge
2681 2534 75 56 du

654 2624 231 56 théâtre
922 2625 71 54 de
1029 2646 22 28 «
1075 2622 369 73 l'Argentina
1470 2643 20 28 »
1528 2622 76 54 où
1640 2620 166 57 avait
1843 2623 93 53 été
1973 2620 137 73 joué
2144 2618 58 56 la
2237 2615 287 76 première
2562 2613 109 57 fois
2705 2615 50 55 le

654 2724 22 30 «
701 2705 245 56 Barbier
979 2705 72 55 de
1086 2704 211 56 Séville
1324 2726 20 28 »
1379 2705 72 55 de
1487 2703 237 56 Rossini
1758 2708 60 51 et
1852 2704 79 53 où
1965 2721 76 36 on
2074 2700 54 56 le
2161 2698 259 73 rejouait
2454 2713 208 41 encore
2696 2714 60 38 ce

653 2784 220 72 soir-là,
905 2785 396 74 accompagné
1333 2785 144 56 d'un
1505 2783 202 57 ballet.
1731 2784 103 72 J'y
1863 2783 55 56 ai
1948 2783 94 56 été
2073 2782 273 72 présenté
2378 2780 142 55 àM.
2545 2778 211 56 Ernest

656 2868 265 67 Prévost,
967 2868 124 55 l'un
1137 2865 102 58 des
1283 2865 518 56 administrateurs
1846 2864 226 56 actuels
2117 2864 82 56 du
2243 2862 182 57 Canal
2474 2860 71 56 de
2591 2862 164 67 Suez,

654 2949 282 73 parquije
954 2948 221 57 mesuis
1195 2948 313 57 liéensuite
1531 2967 142 37 avec
1692 2967 138 36 mon
1848 2948 263 55 éminent
2129 2943 628 74 confrèreßourgault-

656 3032 362 72 Ducoudray
1049 3038 60 48 et
1142 3032 268 67 Samson,
1444 3030 250 72 l'exquis
1727 3029 310 70 statuaire,
2073 3028 154 56 alors
2258 3034 137 49 tous
2430 3027 157 54 deux
2620 3043 102 55 pen-

657 3110 319 58 sionnaires
1005 3114 35 54 à
1066 3112 58 56 la
1151 3112 154 56 Villa
1333 3112 259 56 Médicis.

770 3194 81 54 Le
884 3194 189 55 même
1108 3193 133 62 soir,
1265 3193 56 72 je
1354 3212 166 53 reçus
1556 3193 156 56 aussi
1740 3194 59 54 la
1827 3193 172 55 visite
2036 3193 79 55 du
2150 3191 310 57 secrétaire
2479 3192 71 54 de
2571 3192 33 52 1'

677 3273 186 55 demia
1155 3274 89 55 dei
1442 3274 216 74 Quiriti
1307 3276 103 71 qui
1463 3293 272 54 annonça
1787 3273 484 57 solennellement
2326 3293 77 36 au
2456 3293 22 28 «
2503 3277 256 52 maestro

659 3354 72 55 de
761 3354 222 56 Bertha
1007 3377 22 28 »
1058 3375 114 52 que
1203 3373 99 37 sur
1330 3357 57 54 la
1416 3357 370 72 proposition
1818 3357 71 54 de
1921 3357 180 68 Liszt,
2131 3356 41 53 il
2202 3356 167 55 avait
2399 3356 94 54 été
2524 3353 235 57 nommé

657 3436 261 54 membre
946 3437 72 54 de
1045 3442 157 51 cette
1228 3437 225 56 illustre
1481 3438 368 73 compagnie,
1880 3457 76 37 au
1984 3438 140 56 titre
2153 3438 336 73 d'étranger
2507 3434 243 57 célèbre!

659 3514 381 71 Distinction,
1079 3517 246 56 dûment
1362 3518 258 56 motivée
1658 3519 147 56 dans
1839 3540 83 35 un
1959 3519 259 73 diplôme
2253 3536 323 55 pompeux,
2613 3531 147 58 pour

656 3597 383 72 l'expédition
1062 3599 217 72 duquel
1301 3597 39 56 il
1360 3618 36 36 a
1416 3599 144 55 fallu
1581 3617 183 55 payer
1785 3601 457 56 naturellement
2263 3607 60 48 et
2345 3617 137 40 sous
2491 3601 268 71 prétexte

659 3678 72 56 de
765 3678 140 57 frais
940 3679 70 56 de
1045 3678 399 71 chancellerie,
1480 3681 57 56 la
1571 3700 225 38 somme
1833 3683 70 55 de
1938 3681 137 73 cinq
2328 3682 432 74 vulgairement
