2913 4272
1308 359 262 39 MERCURE
1605 353 240 41 MUSICAL
1879 353 70 37 ET
1987 352 44 36 S.
2069 351 35 35 I.
2144 351 55 37 M.

701 362 100 53 954

706 532 75 39 ne
802 513 227 59 saurait
1051 530 152 39 nous
1229 510 376 75 surprendre,
1627 507 104 57 des
1754 505 287 57 éléments
2066 499 403 58 autochtones
2493 497 150 57 mais
2664 502 108 58 déri-

705 601 150 51 vant
891 596 336 72 cependant
1270 592 49 56 si
1361 591 393 58 directement
1801 587 72 56 de
1914 585 61 54 la
2017 582 181 72 façon
2240 578 266 59 chinoise
2542 581 145 72 qu'il
2720 595 79 50 est

705 677 433 55 extrêmement
1172 671 243 60 difficile
1450 673 73 55 de
1559 668 257 60 démêler
1846 663 260 76 origines
2137 668 61 51 et
2231 661 403 73 adjonctions.

818 757 299 71 Ajoutons
1163 772 208 39 encore
1420 771 115 55 que
1580 753 84 55 les
1711 751 321 55 chanteurs
2079 745 340 57 annamites
2465 761 62 37 se
2573 757 225 50 servent

706 855 143 39 avec
874 836 388 75 prédilection
1286 837 73 55 de
1380 836 60 55 la
1462 833 254 58 tonalité
1740 833 73 56 de
1835 831 64 70 fa
1921 828 234 73 majeur
2180 826 313 71 (Ritsusen
2516 825 280 77 japonais)

703 917 202 56 tandis
938 935 116 55 que
1087 934 150 56 pour
1269 917 58 55 la
1360 916 272 72 musique
1664 908 481 71 instrumentale,
2177 908 56 55 le
2266 907 176 56 mode
2690 926 74 41 ma-

702 999 150 72 jeur,
884 999 288 73 (Ryosen)
1204 1004 90 50 est
1322 997 441 74 prédominant.

816 1080 108 56 Les
971 1079 422 73 Sampanniers
1440 1077 343 56 annamites.
1834 1075 52 54 Il
1932 1079 90 50 est
2067 1070 347 75 impossible
2462 1070 74 56 de
2582 1070 218 61 résister

703 1179 121 38 aux
874 1164 268 54 charmes
1185 1162 81 55 du
1299 1160 183 54 chant
1533 1160 103 56 des
1685 1155 410 75 sampanniers
2146 1152 339 57 annamites
2537 1151 148 57 dont
2730 1153 70 59 les

702 1241 236 57 lourdes
971 1241 440 57 embarcations
1429 1240 320 56 sillonnent
1782 1240 54 54 le
1871 1239 177 67 fleuve
2081 1235 290 73 parfumé,
2405 1233 61 55 la
2499 1231 208 58 rivière
2742 1239 58 54 de

705 1324 153 56 Hué.
877 1324 121 56 Dès
1022 1324 55 57 le
1102 1322 255 74 premier
1383 1321 118 56 soir
1526 1340 79 37 on
1631 1327 90 51 est
1749 1322 416 70 étrangement
2191 1316 170 56 saisis
2389 1333 108 55 par
2523 1333 97 38 ces
2644 1322 155 52 notes

703 1404 319 57 effleurant
1058 1404 156 56 l'eau
1251 1409 61 51 et
1350 1404 189 56 allant
1576 1421 62 39 se
1675 1404 212 72 perdre
1925 1419 78 37 au
2038 1399 126 57 loin
2201 1400 151 56 dans
2389 1399 59 54 la
2485 1414 314 57 campagne

703 1485 341 57 silencieuse
1077 1490 62 52 et
1171 1484 183 57 noire.
1392 1485 95 56 On
1519 1485 254 72 prétend
1806 1501 115 55 que
1954 1482 54 56 le
2042 1480 384 74 sampannier
2460 1484 61 50 et
2555 1496 67 38 sa
2655 1496 108 40 com-

703 1585 193 55 pagne
921 1568 289 54 chantent
1229 1583 151 56 pour
1399 1584 74 38 ne
1509 1565 171 72 point
1716 1562 351 59 s'endormir
2103 1566 61 51 et
2199 1561 239 56 tomber
2475 1561 37 53 à
2545 1559 175 71 l'eau,
2752 1561 48 56 la

703 1649 226 72 fatigue
975 1648 73 57 de
1091 1648 59 55 la
1194 1646 236 74 pénible
1474 1648 244 71 journée
1763 1644 288 75 tropicale
2095 1642 259 58 incitant
2401 1661 78 37 au
2525 1642 273 58 sommeil.

706 1730 149 56 Mais
888 1729 190 73 quelle
1111 1730 180 71 qu'en
1323 1728 117 55 soit
1472 1729 59 54 la
1563 1728 219 69 raison,
1815 1726 125 57 rien
1972 1725 342 57 n'enlèvera
2346 1724 54 57 le
2434 1724 211 56 cachet
2677 1725 91 71 poé-

703 1813 167 72 tique
907 1810 101 72 qui
1045 1810 217 56 adhère
1299 1810 36 55 à
1369 1828 65 38 ce
1469 1810 184 55 chant
1689 1814 312 63 nocturne,
2039 1805 318 75 monopole
2395 1808 104 54 des
2534 1804 265 57 bateliers

705 1895 72 55 de
818 1893 156 67 Hué,
1015 1890 138 56 bien
1192 1908 197 38 connu
1430 1891 103 56 des
1573 1891 346 71 Européens
1961 1888 104 73 qui
2106 1893 210 52 eurent
2357 1886 60 56 la
2456 1885 241 57 fortune
2737 1888 61 54 de

703 1974 303 72 séjourner
1045 1974 149 55 dans
1232 1971 59 56 la
1328 1971 258 74 capitale
1627 1970 329 57 annamite.
1984 1971 167 56 Nous
2172 1970 355 72 présentons
2558 1968 236 58 d'abord

701 2054 56 56 le
791 2059 166 51 texte
996 2054 72 56 de
1102 2070 66 39 ce
1204 2054 183 55 chant
1424 2053 501 73 qu'interprètent
1963 2050 532 57 alternativement
2530 2050 268 56 l'homme

703 2140 60 50 et
792 2135 60 55 la
880 2134 217 56 femme
1128 2156 11 33 :

1112 2241 127 40 Ainsi
1264 2243 117 38 donc
1404 2253 47 29 se
1476 2242 332 40 décidera-t-on
1833 2244 127 48 (mon
1984 2243 179 48 amant)

1111 2304 41 38 A
1181 2315 181 40 rompre
1391 2306 131 37 notre
1552 2304 158 39 amitié
1734 2308 17 35 ?

1112 2364 63 39 Et
1192 2364 79 51 qui
1290 2364 117 39 donc
1426 2364 156 40 s'était
1599 2364 211 52 employé
1829 2365 28 39 à
1874 2364 64 40 les
1958 2376 142 28 nouer
2119 2377 58 27 au
2197 2364 146 40 début

1111 2424 190 40 Faisant
1331 2425 115 39 ainsi
1478 2425 145 52 qu'un
1652 2425 219 52 jardinier

1111 2485 89 52 Qui
1226 2486 139 39 attire
1391 2486 63 40 les
1480 2488 224 39 branches

1110 2547 64 38 Et
1199 2547 64 38 les
1290 2548 227 39 entrelace
1540 2552 18 37 ?
