2913 4272
1314 392 260 38 MERCURE
1613 388 240 37 MUSICAL
1887 386 67 35 ET
1996 386 42 35 S.
2077 384 35 36 I.
2151 384 57 35 M.

717 403 94 50 910

721 550 164 51 ment
912 541 325 75 applicable
1262 557 76 37 au
1364 536 123 72 6/8,
1514 534 152 54 alors
1691 548 115 54 que
1834 530 147 53 dans
2005 528 59 53 la
2089 543 230 37 mesure
2347 525 34 53 à
2405 525 118 75 3/4,
2550 521 53 54 le
2631 521 145 54 musi-

724 628 125 54 cien
876 625 268 70 indigène
1171 638 72 37 ne
1271 615 224 57 saurait
1524 632 76 35 au
1642 613 157 69 juste
1841 610 250 70 laquelle
2122 608 100 53 des
2252 606 156 54 deux
2436 608 170 49 notes
2636 599 147 56 souli-

724 722 156 54 gner,
922 722 113 35 une
1073 700 110 56 fois
1222 698 57 54 la
1318 694 182 57 thesis
1539 691 295 71 marquée.
1879 690 113 53 Par
2032 688 81 54 les
2154 702 256 38 mesures
2452 681 362 57 d'orchestre

725 789 255 67 figurant
1016 783 134 71 plus
1181 780 168 65 haut,
1384 776 55 54 le
1473 775 222 54 lecteur
1732 788 144 38 aura
1911 788 80 53 pu
2028 787 60 35 se
2125 768 207 53 rendre
2367 769 239 66 compte
2644 762 72 55 de
2754 761 59 55 la

725 864 277 57 diversité
1025 864 99 53 des
1145 860 266 70 rythmes
1432 856 148 55 dans
1599 853 53 54 le
1674 851 123 56 seul
1818 868 176 54 genre
2015 851 71 54 de
2109 849 59 53 la
2189 846 270 71 musique
2483 846 34 52 à
2540 860 34 54 4
2596 849 216 65 temps.

726 945 226 55 Encore
982 939 199 57 faut-il
1211 938 233 71 ajouter
1473 950 113 55 que
1615 933 85 54 les
1730 930 311 56 musiciens
2071 925 319 74 indigènes,
2404 924 259 72 quoique
2693 922 121 54 très

726 1023 332 72 disciplinés
1087 1024 189 67 quant
1307 1018 34 53 à
1368 1014 409 74 l'application
1808 1013 71 54 de
1909 1011 58 54 la
1995 1024 249 52 mesure,
2276 1011 213 50 savent
2533 1008 282 68 apporter

725 1103 250 71 quelque
1009 1099 275 58 fantaisie
1318 1099 149 55 dans
1486 1096 53 54 le
1556 1095 254 71 rythme,
1846 1109 64 37 ce
1945 1090 102 73 qui
2081 1090 146 53 rend
2262 1086 190 56 moins
2488 1089 329 67 apparente

721 1184 61 55 la
811 1182 338 55 monotonie
1182 1182 70 54 de
1302 1182 156 52 cette
1503 1192 228 37 mesure
1788 1190 113 54 que
1944 1190 73 36 ne
2051 1170 236 55 racheté
2318 1184 109 56 pas
2475 1166 58 55 la
2563 1166 252 54 richesse

729 1265 100 55 des
860 1260 431 57 combinaisons
1323 1255 386 73 pofyphones.

838 1343 249 56 D'autre
1102 1344 155 69 part,
1291 1337 41 54 il
1347 1337 131 54 faut
1496 1333 367 57 reconnaître
1881 1349 119 38 aux
2017 1329 315 56 musiciens
2371 1330 81 53 du
2492 1324 287 59 Sud-Asia-

729 1423 166 70 tique
929 1423 204 68 (Siam,
1169 1418 355 70 Cambodge,
1559 1415 178 69 Java)
1771 1413 312 70 beaucoup
2114 1410 135 73 plus
2282 1408 351 56 d'intuition
2650 1408 134 71 ryth-

729 1503 197 74 mique
955 1504 222 70 qu'aux
1205 1498 312 57 musiciens
1547 1494 466 56 sino-anamites.
2047 1491 155 55 C'est
2232 1490 150 55 ainsi
2412 1508 118 52 que
2559 1489 142 55 chez
2729 1488 85 54 les

729 1584 346 55 Annamites
1117 1587 59 49 et
1215 1580 83 55 les
1340 1577 256 67 Chinois,
1636 1575 81 55 les
1757 1574 394 55 instruments
2192 1591 35 34 a
2267 1569 340 74 percussion
2650 1589 22 28 «
2697 1573 90 49 tra-

730 1665 244 56 vaillent
999 1686 23 28 »
1045 1663 268 70 toujours
1345 1655 294 59 ensemble
1672 1654 155 56 alors
1859 1672 113 52 que
2005 1654 140 53 chez
2178 1651 84 56 les
2293 1650 317 55 musiciens
2644 1650 136 71 préa-

728 1748 318 53 lablement
1069 1739 368 57 mentionnés
1459 1753 149 37 nous
1634 1740 346 49 constatons
2001 1751 116 38 une
2142 1731 281 58 diversité
2445 1731 132 72 plus
2615 1730 169 71 agréa-

729 1829 95 52 ble
857 1831 164 49 entre
1053 1824 82 54 les
1168 1822 386 53 instruments
1589 1832 207 54 graves
1831 1820 59 49 et
1925 1814 184 71 aigus,
2147 1831 65 36 ce
2248 1811 101 73 qui
2385 1829 255 55 suppose
2676 1811 139 55 chez

729 1908 362 56 l'exécutant
1131 1921 115 35 une
1286 1900 134 72 plus
1459 1897 218 71 grande
1719 1894 258 55 habileté
2020 1895 148 54 dans
2208 1893 54 54 le
2304 1893 364 54 maniement
2716 1893 102 54 des

733 1988 280 71 rythmes.
1056 1985 110 53 Les
1208 1984 153 54 deux
1402 1975 295 71 exemples
1737 1974 271 55 suivants
2050 1974 195 55 feront
2287 1972 269 57 ressortir
2596 1972 82 54 les
2721 1973 66 54 dé-

730 2068 160 55 fauts
919 2071 59 48 et
1007 2062 253 73 qualités
1288 2078 71 37 en
1388 2055 273 74 question
1693 2074 11 35 :

851 3398 73 53 Ce
948 3396 180 56 détail
1149 3417 34 35 a
1204 3415 106 39 son
1329 3399 369 74 importance
1721 3419 71 37 en
1815 3419 63 37 ce
1900 3402 145 71 qu'il
2055 3399 165 74 parle
2238 3419 72 37 en
2321 3400 209 57 faveur
2542 3403 80 54 du
2640 3402 150 57 senti-

738 3482 162 48 ment
945 3478 338 72 rythmique
1327 3480 140 55 chez
1510 3482 82 54 les
1637 3480 311 56 musiciens
1994 3482 437 71 cambodgiens,
2478 3483 240 54 siamois
2762 3487 58 50 et

736 3558 289 71 javanais.
1055 3559 79 55 Le
1159 3560 251 70 procédé
1437 3562 305 55 annamite
1768 3568 89 49 est
1883 3563 334 54 infiniment
2243 3564 133 70 plus
2403 3564 415 70 rudimenaire,

739 3636 131 72 plus
905 3656 226 54 paysan
1167 3639 373 57 dirons-nous
1576 3642 190 54 même
1793 3663 14 48 ;
1841 3643 42 53 il
1918 3661 71 36 en
2024 3648 89 49 est
2150 3643 302 57 d'ailleurs
2489 3644 149 55 ainsi
2674 3644 148 57 dans
