2913 4272
897 328 67 37 LA
1000 332 250 50 MUSIQUE
1287 337 416 43 INDO-CHINOISE

2265 362 28 31 q
2298 364 61 34 OI

353 1203 327 81 Beaucoup
713 1215 71 54 de
802 1234 94 38 ces
913 1220 205 56 motifs
1142 1229 107 49 ont
1273 1226 95 56 été
1392 1231 169 57 notés
1584 1236 268 69 pendant
1875 1239 84 56 les
1994 1243 335 71 représenta-

236 1291 162 52 tions
422 1291 325 60 théâtrales
772 1298 36 54 à
832 1300 387 59 Pnom-Penh
1247 1328 13 48 ;
1287 1311 307 73 expliquer
1616 1315 127 56 leur
1764 1319 417 76 signification,
2207 1344 78 37 ou
2307 1326 54 56 le

236 1377 270 50 moment
532 1375 381 76 dramatique
937 1382 174 70 qu'ils
1137 1392 137 50 sont
1298 1392 239 72 appelés
1561 1396 36 54 à
1619 1398 263 58 émailler
1899 1401 71 56 de
1985 1403 127 57 leur
2122 1406 240 58 couleur

236 1467 158 46 vive,
435 1456 181 55 seiait
654 1461 178 53 sortir
871 1462 80 56 du
969 1467 175 55 cadre
1184 1486 115 54 que
1338 1489 149 39 nous
1525 1494 152 39 nous
1713 1498 257 42 sommes
1994 1488 180 53 tracé.
2202 1489 162 57 Ou'il

235 1535 224 68 suffise,
484 1554 154 53 pour
659 1538 296 75 l'instant,
983 1545 73 56 de
1080 1550 198 53 savoir
1302 1554 175 70 qu'ils
1500 1564 136 48 sont
1660 1564 387 57 touscréésen
2070 1587 116 35 vue
2205 1569 128 55 d'ac-

235 1630 365 58 compagner
633 1621 101 55 des
766 1641 109 54 pas
908 1625 73 56 de
1014 1627 204 71 danse,
1251 1649 120 53 car,
1404 1635 113 55 fait
1550 1636 279 75 singulier
1861 1644 141 54 chez
2033 1665 82 36 un
2148 1650 216 71 peuple

236 1696 272 72 musical,
531 1700 39 53 il
595 1720 38 34 n
658 1719 42 53 y
724 1720 36 37 a
783 1723 107 53 pas
918 1706 72 56 de
1015 1710 273 74 musique
1312 1718 310 69 populaire
1646 1721 142 55 chez
1805 1723 82 56 les
1906 1726 456 74 Cambodgiens.

236 1777 134 56 Une
395 1782 370 70 explication
790 1804 164 39 assez
979 1791 301 70 précieuse
1308 1796 71 55 de
1406 1815 64 38 ce
1487 1799 115 56 fait
1619 1820 150 39 nous
1787 1804 93 56 fut
1900 1806 227 58 donnée
2154 1828 108 53 par
2286 1829 80 38 un

235 1859 104 55 des
365 1862 301 59 ministres
694 1866 72 55 de
805 1867 99 56 feu
953 1871 288 59 Norodon
1289 1876 103 73 qui
1438 1881 228 70 passait
1706 1903 151 53 pour
1895 1885 137 57 bien
2059 1892 308 55 connaître

236 1959 92 38 ses
362 1947 450 75 compatriotes,
847 1951 157 56 leurs
1039 1972 224 39 mœurs
1297 1965 60 48 et
1391 1968 335 67 coutumes,
1760 1966 126 56 leur
1920 1972 213 68 pensée
2150 1977 60 49 et
2243 1972 126 57 leur

235 2026 360 74 esthétique.
649 2031 178 56 Selon
878 2039 94 51 cet
1024 2036 261 73 homme,
1340 2040 52 56 le
1444 2043 409 77 Cambodgien
1903 2068 73 37 ne
2027 2053 236 71 conçoit
2313 2054 58 55 la

236 2109 276 73 musique
540 2111 182 73 qu'en
748 2114 259 57 relation
1035 2118 224 59 directe
1289 2139 146 40 avec
1463 2124 59 56 la
1548 2128 193 71 scène,
1769 2129 42 55 il
1839 2130 288 59 n'entend
2153 2153 109 53 pas
2287 2135 84 56 les

236 2189 230 73 séparei
530 2198 59 50 et
645 2196 214 69 goûter
912 2196 60 55 la
1028 2200 275 74 musique
1358 2223 151 53 pour
1565 2209 350 57 elle-même.
1975 2214 205 71 Quant
2248 2234 122 39 aux

238 2274 254 73 maigres
539 2293 138 38 sons
728 2278 38 55 d
791 2297 82 36 un
924 2289 420 66 ravanastron,
1373 2289 137 70 quel
1539 2308 115 53 que
1702 2292 116 55 soit
1867 2293 53 56 le
1967 2294 206 73 plaisir
2223 2298 148 72 qu'y

239 2372 220 54 prenne
479 2356 349 73 l'Anamite,
850 2360 52 56 le
924 2361 407 77 Cambodgien
1350 2369 139 56 n'en
1509 2378 145 48 veut
1674 2373 127 56 rien
1821 2377 306 56 entendre.
2153 2378 51 53 Il
2224 2384 145 51 veut

236 2438 58 54 la
337 2439 274 72 musique
658 2440 150 57 dans
851 2449 140 52 tout
1034 2445 199 59 l'éclat
1279 2450 71 55 de
1377 2469 65 37 sa
1485 2453 239 74 beauté,
1768 2473 65 38 ce
1876 2474 136 54 que,
2058 2459 163 56 selon
2263 2460 104 69 lui,

235 2520 127 57 seul
372 2541 80 38 un
464 2523 302 57 orchestre
777 2527 262 72 complet
1051 2534 146 66 peut
1222 2533 298 70 produire.
1550 2535 130 56 Une
1706 2542 171 51 autre
1903 2538 217 71 raison,
2135 2539 234 59 d'ordre

238 2604 390 72 économique
692 2612 60 49 et
798 2608 103 71 qui
944 2615 241 68 compte
1228 2614 435 59 certainement
1693 2640 12 33 :
1749 2618 84 56 les
1875 2621 277 71 produits
2196 2623 72 55 de
2309 2623 60 55 la

238 2685 254 56 lutherie
525 2688 473 73 cambodgienne
1031 2699 138 49 sont
1202 2694 120 55 fort
1355 2699 281 69 coûteux,
1672 2706 248 64 partant
1953 2701 180 59 d'une
2166 2703 168 72 acqui-

238 2768 184 56 sition
462 2768 242 58 difficile
743 2788 154 55 pour
934 2772 285 58 l'homme
1261 2775 79 58 du
1379 2784 234 68 peuple.
1655 2781 94 54 En
1790 2782 377 71 Indo-chine,
2186 2786 77 53 où
2281 2784 83 56 les

235 2849 400 57 instruments
661 2852 35 54 à
719 2853 276 72 musique
1012 2862 139 48 sont
1176 2858 35 53 à
1233 2858 110 55 bas
1369 2859 134 71 prix
1524 2861 95 80 (de
1642 2862 361 56 fabrication
2014 2863 105 72 qui
2136 2864 233 58 voisine

238 2932 299 56 d'ailleurs
548 2951 147 38 avec
704 2933 58 56 la
772 2935 304 83 pacotille)
1089 2937 52 57 le
1152 2941 215 71 peuple
1377 2947 146 66 peut
1534 2960 60 38 se
1605 2961 280 53 procurer
1895 2962 137 37 sans
2042 2963 138 54 gros
2190 2947 147 55 sacri-

236 3014 107 56 fice
371 3014 71 56 de
470 3015 142 72 quoi
640 3017 273 54 assouvir
939 3036 65 37 sa
1030 3021 241 71 passion
1298 3040 153 54 pour
1475 3023 138 56 l'art
1641 3024 102 56 des
1769 3042 157 40 sons.
1956 3027 80 56 Le
2064 3027 258 57 Cambod-

238 3095 132 74 gien
405 3102 89 49 est
530 3095 155 58 donc
720 3098 193 57 moins
949 3099 259 60 favorisé
1244 3122 114 54 que
1393 3122 108 38 son
1534 3106 206 56 cousin
1777 3108 309 55 annamite
2120 3115 61 49 et
2215 3109 41 55 il
2290 3129 76 38 ne

238 3184 144 69 peut
427 3181 276 71 qu'avoir
746 3182 58 54 la
849 3186 370 71 coquetterie
1266 3184 72 58 de
1382 3205 284 39 renoncer
1711 3189 34 55 à
1788 3195 172 50 toute
2004 3191 363 72 production

239 3261 281 58 musicale
548 3263 240 73 lorsque
817 3271 160 49 cette
1007 3266 267 57 dernière
1302 3285 74 38 ne
1404 3287 61 37 se
1492 3271 277 71 présente
1799 3290 106 53 pas
1936 3272 150 56 dans
2115 3273 220 57 d'excel-

238 3343 189 56 lentes
471 3344 362 58 conditions.
882 3348 160 55 Pour
1085 3348 155 57 clore
1284 3349 54 56 le
1382 3351 272 73 chapitre
1699 3352 72 56 de
1815 3352 58 56 la
1917 3353 255 57 mélodie
2216 3374 150 36 nous

239 3426 218 56 faisons
515 3427 199 58 suivre
771 3430 55 54 le
884 3447 278 40 morceau
1221 3433 363 57 d'orchestre
1661 3436 409 74 cambodgien,
2129 3437 237 71 prélude

238 3507 284 58 ordinaire
554 3510 100 57 des
683 3512 498 72 représentations
1213 3516 319 56 théâtrales
1562 3522 60 50 et
1652 3517 102 73 qui
1783 3523 89 50 est
1924 3536 83 37 un
2058 3518 297 73 spécimen

236 3590 73 55 de
334 3591 57 53 la
417 3591 354 73 polyphonie
799 3600 60 50 et
885 3595 399 75 polyrythmie
1312 3596 73 56 de
1430 3602 156 51 cette
1627 3598 267 73 musique
1933 3601 239 71 étrange
2213 3603 59 53 et
2319 3600 48 54 si

240 3671 465 61 délicieusement
732 3676 343 74 captivante
1103 3696 133 38 sous
1263 3678 135 58 bien
1426 3681 101 55 des
1552 3686 291 66 rapports.

2159 3819 19 16 o

2157 3836 21 6 w
