2913 4272
807 1665 240 55 Comme
1085 1663 140 56 chez
1263 1661 83 56 les
1385 1659 371 71 Annamites,
1797 1665 94 50 cet
1929 1660 363 55 instrument
2333 1664 121 51 sert
2494 1678 75 37 en
2609 1659 183 57 Chine

692 1749 236 51 surtout
981 1745 35 54 à
1066 1758 427 56 accompagner
1543 1740 82 55 les
1675 1740 449 55 interminables
2175 1740 264 55 ballades
2491 1758 116 53 que
2659 1740 133 55 font

692 1826 283 55 entendre
1008 1825 84 55 les
1125 1825 317 55 chanteurs
1477 1821 362 56 ambulants.
1877 1823 156 53 Pour
2066 1839 72 37 en
2173 1820 231 56 revenir
2438 1839 121 37 aux
2590 1821 162 56 Anna-

692 1906 194 68 mites,
904 1922 148 38 nous
1096 1906 223 55 devons
1361 1903 269 71 rappeler
1672 1901 174 72 qu'ils
1887 1901 324 55 limitèrent
2253 1900 127 56 leur
2420 1900 296 56 ambition
2759 1903 34 53 à

693 1986 122 55 être
857 1988 190 53 élèves
1091 1992 59 49 et
1192 2003 114 53 que
1350 1985 101 55 dès
1492 1984 115 53 lors
1648 1981 71 56 ils
1761 2000 72 37 ne
1875 1984 379 70 pénétrèrent
2297 1983 177 72 guère
2517 1984 148 55 dans
2707 1983 86 56 les

692 2073 216 51 secrets
937 2068 71 54 de
1033 2066 157 55 leurs
1215 2065 243 55 maîtres
1484 2063 244 56 chinois.
1757 2063 154 54 Leur
1939 2061 328 74 aspiration
2293 2080 134 39 vers
2451 2064 54 55 le
2532 2065 260 70 système

692 2148 452 71 pentatonique,
1197 2145 193 73 lequel
1442 2144 131 55 finit
1628 2160 108 56 par
1788 2144 207 71 régner
2047 2160 72 39 en
2162 2144 212 55 maître
2420 2144 370 72 despotique,

692 2228 125 54 leur
844 2228 67 53 fit
941 2227 212 71 rejeter
1181 2230 169 50 toute
1378 2229 140 51 note
1548 2224 305 71 étrangère
1882 2225 34 52 à
1941 2223 127 54 leur
2094 2240 235 55 gamme
2357 2224 291 71 tronquée
2675 2225 117 69 ;de

693 2309 58 53 là
783 2308 333 54 l'habitude
1153 2308 71 54 de
1258 2324 74 37 ne
1367 2323 107 55 pas
1510 2323 61 37 se
1606 2304 184 56 servir
1827 2305 100 55 des
1964 2305 248 55 touches
2246 2304 222 56 faisant
2507 2307 285 54 entendre

696 2390 101 54 des
829 2393 170 51 notes
1031 2404 119 38 non
1184 2387 317 72 comprises
1536 2387 148 55 dans
1715 2385 157 55 leurs
1905 2403 262 53 gammes
2202 2385 279 56 rituelles.
2519 2387 80 54 Et
2635 2392 157 49 cette

694 2486 231 54 gamme
967 2467 153 72 jouit
1164 2467 142 55 d'un
1348 2467 83 54 tel
1470 2465 256 73 prestige
1769 2467 35 52 à
1845 2482 174 38 cause
2062 2467 80 54 du
2184 2467 246 53 nombre
2474 2479 30 56 5
2550 2484 118 55 que
2708 2465 84 56 les

694 2547 351 58 Annamites
1078 2548 316 54 cherchent
1428 2548 35 53 à
1493 2548 304 53 rattacher
1828 2564 118 37 aux
1981 2545 296 56 doctrines
2311 2548 70 53 de
2418 2548 337 71 Koung-fou-

694 2637 94 47 tze
815 2651 14 48 ;
871 2629 70 53 ils
981 2633 136 51 sont
1158 2646 208 38 encore
1407 2627 192 57 d'avis
1640 2627 145 72 qu'il
1826 2627 279 55 convient
2148 2629 72 53 de
2261 2627 240 73 frapper
2542 2629 220 55 d'ostra-

694 2710 178 54 cisme
915 2709 83 55 les
1041 2712 170 52 notes
1257 2726 113 54 que
1414 2707 111 55 fait
1568 2707 408 72 inopinément
2021 2707 188 72 surgir
2251 2708 54 54 le
2350 2708 220 56 hasard
2613 2726 78 38 ou
2735 2709 58 55 la

696 2789 405 57 construction
1160 2790 71 55 de
1291 2789 422 56 l'instrument.
1776 2788 80 56 Ils
1916 2789 291 55 semblent
2267 2788 231 72 ignorer
2557 2807 116 55 que
2731 2790 61 55 ni

697 2870 335 69 Confucius,
1074 2869 61 57 ni
1177 2870 296 56 Bouddha
1512 2889 73 37 ne
1628 2870 367 55 décrétèrent
2038 2870 71 55 de
2150 2869 109 56 lois
2300 2877 361 49 concernant
2708 2872 84 54 les

694 2953 206 55 choses
929 2952 70 54 de
1026 2952 59 52 la
1112 2950 271 72 musique
1412 2968 242 55 propres
1684 2952 34 53 à
1746 2950 311 55 confirmer
2085 2950 154 55 leurs
2267 2949 160 57 idées
2457 2952 127 54 àce
2612 2950 178 73 sujet.

698 3033 192 71 Qu'on
936 3048 59 37 se
1040 3032 179 70 garde
1264 3032 296 56 d'ailleurs
1607 3033 72 55 de
1723 3030 331 58 considérer
2099 3030 60 55 la
2202 3030 284 73 première
2532 3037 141 51 note
2720 3034 72 55 de

699 3113 225 69 îhaque
966 3128 232 54 gamme
1242 3113 80 53 du
1364 3113 254 71 Dan-Ty
1661 3112 303 56 annamite
2006 3128 229 38 comme
2278 3113 414 71 représentant
2734 3113 59 55 la

698 3190 243 72 tonique
970 3192 70 53 de
1066 3208 262 54 gammes
1356 3192 310 56 mineures.
1696 3192 80 54 Le
1803 3190 286 58 musicien
2114 3190 307 58 annamite
2447 3211 75 37 ne
2548 3196 244 53 connaît

697 3288 106 55 pas
837 3272 71 57 de
941 3270 289 55 demi-ton
1262 3277 60 49 et
1353 3272 201 72 ignore
1585 3273 54 53 le
1668 3273 261 71 système
1960 3270 230 58 mineur
2222 3273 219 72 auquel
2471 3291 108 38 son
2611 3273 150 56 senti-

698 3354 163 52 ment
890 3348 245 57 musical
1162 3356 87 48 est
1277 3353 356 56 totalement
1659 3352 359 57 réfractaire.
2048 3353 166 55 Nous
2241 3370 244 39 verrons
2512 3354 133 73 plus
2670 3354 122 57 loin

697 3450 114 53 que
837 3430 189 54 même
1050 3430 58 55 la
1132 3438 213 64 quarte
1370 3438 60 50 et
1454 3434 57 55 la
1536 3434 250 57 sensible
1813 3438 136 51 sont
1976 3434 177 56 d'une
2179 3436 192 53 rareté
2396 3434 227 74 insigne
2650 3437 141 54 chez

696 3509 383 56 l'Annamite.
1117 3512 156 54 Tout
1309 3513 124 56 cela
1466 3532 150 38 nous
1651 3513 243 75 produit
1927 3513 190 56 l'effet
2151 3514 293 56 contraire
2482 3518 72 55 de
2588 3535 66 36 ce
2689 3517 103 72 qui

697 3593 140 53 chez
856 3610 148 36 nous
1023 3592 206 54 émane
1249 3594 101 56 des
1370 3596 203 54 choses
1591 3597 302 56 nouvelles
1912 3596 343 69 auxquelles
2274 3615 149 36 nous
2442 3598 349 56 rattachons

698 3672 324 54 forcément
1055 3690 116 36 une
1204 3672 127 57 idée
1365 3676 72 54 de
1469 3677 239 71 progrès
1741 3676 251 73 puisque
2025 3693 150 38 nous
2208 3676 285 57 évoluons
2528 3679 149 68 dajis
2710 3697 81 37 un
