2971 4437
100 211 84 42 880

1219 207 242 37 BRUNO'S
1537 207 253 37 WEEKLY

1095 294 205 59 Henri
1324 291 596 62 Gaudier-Brzeska

126 388 79 91 IN
245 404 23 25 a
304 389 205 50 vigorous,
550 387 31 41 if
619 384 178 54 scarcely
834 386 205 42 beautiful
1077 402 130 34 poem,
1245 385 228 51 Tennyson

218 447 222 41 maintains
466 446 156 50 stoutly
651 445 90 41 that
769 461 52 24 no
851 445 255 51 biographies
1134 445 45 41 of
1208 444 69 41 the
1303 454 171 31 masters

102 505 149 41 should
278 505 48 41 be
352 506 184 40 written.
594 504 95 41 Nor
715 519 74 26 can
817 505 32 39 it
876 504 47 40 be
950 504 184 50 gainsaid
1162 503 91 41 that
1279 502 98 51 only
1404 512 68 31 too

103 564 123 40 much
257 564 184 50 writing,
475 564 41 39 in
548 562 81 41 this
659 562 110 49 field,
802 562 31 40 is
864 563 120 39 made
1015 577 55 34 up
1101 562 45 40 of
1178 560 295 51 contemptibly

103 621 140 42 trivial
268 621 157 49 details,
451 621 69 40 the
543 631 117 41 great
683 621 196 50 majority
902 620 44 41 of
972 619 264 51 biographers
1259 619 216 50 betraying

103 680 85 41 also
214 696 23 24 a
260 696 116 34 sorry
401 689 116 32 want
541 679 44 41 of
612 679 169 50 literary
807 678 107 42 skill.
973 677 302 50 Nevertheless,
1305 677 68 41 the
1400 676 74 42 life

102 738 45 41 of
170 754 23 25 a
215 738 81 41 fine
318 739 163 49 painter
502 753 48 25 or
571 748 106 39 poet,
703 736 182 51 sculptor
907 752 48 26 or
978 752 220 34 composer,
1225 736 31 40 is
1280 736 146 40 indeed
1452 750 22 26 a

102 813 100 34 very
225 796 165 51 worthy
416 796 109 50 topic
551 795 68 42 for
645 811 51 26 an
737 795 89 41 able
865 810 100 35 pen;
1007 795 94 49 and,
1129 794 33 41 if
1204 795 33 40 it
1275 803 110 32 must
1425 793 49 41 be

102 856 176 50 granted
310 854 90 42 that
430 854 68 42 the
528 854 106 51 good
664 853 256 52 biographies
951 868 68 26 are
1050 853 96 48 few,
1178 868 68 25 are
1276 852 95 50 they
1400 861 74 31 not

103 929 152 35 among
278 913 68 41 the
369 923 107 30 most
500 912 226 51 delightful
750 912 137 50 things
911 912 42 40 in
978 910 57 42 all
1058 910 243 42 literature?
1326 910 120 42 Waiv-

103 973 72 50 ing
209 971 193 50 Boswell,
438 971 115 42 there
586 971 32 41 is
651 969 148 52 hardly
833 986 22 25 a
888 969 130 51 single
1052 984 101 36 page
1186 970 42 40 in
1263 968 211 41 Lockhart

103 1030 138 42 whose
275 1030 181 48 incision,
491 1045 48 25 or
571 1028 252 49 mutilation,
858 1028 142 42 would
1035 1038 73 31 not
1139 1031 49 37 be
1220 1040 153 28 matter
1406 1028 69 39 for

103 1089 99 50 deep
229 1098 148 41 regret,
402 1087 125 42 while
553 1103 22 25 a
600 1087 153 41 tribute
779 1086 108 52 fully
913 1101 41 26 as
979 1086 266 41 enthusiastic
1270 1086 31 40 is
1327 1085 79 41 due
1432 1094 41 32 to

104 1147 92 41 Mr.
235 1146 226 42 Mackail's
496 1146 104 41 book
634 1161 53 26 on
722 1145 196 42 William
953 1145 176 40 Morris,
1196 1144 93 48 and,
1327 1144 42 39 in
1406 1143 69 41 the

101 1205 137 42 whole
287 1204 45 42 of
381 1204 236 50 Theophile
667 1203 213 43 Gautier's
931 1202 217 52 glittering
1199 1202 80 40 and
1317 1201 157 41 diverse

102 1263 312 49 achievements,
437 1263 113 41 there
570 1278 68 26 are
659 1272 74 32 not
751 1277 124 35 many
895 1262 118 41 items
1033 1276 113 26 more
1167 1261 183 49 precious
1372 1259 101 42 than

102 1322 61 41 his
196 1321 109 41 little
337 1321 295 50 pen-portraits
664 1321 44 41 of
742 1321 156 41 certain
931 1320 45 41 of
1011 1320 61 41 his
1106 1319 366 49 contemporaries:

102 1381 255 49 Dominique
376 1380 144 50 Ingres
539 1380 80 41 and
640 1378 237 50 Delacroix,
899 1378 67 42 for
985 1379 193 48 instance,
1200 1376 117 51 Jules
1334 1376 140 42 Vabre

101 1440 80 40 and
216 1439 183 41 Celestin
432 1437 217 42 Nanteuil.
713 1437 85 42 But
828 1437 70 41 the
928 1437 142 51 genius
1100 1435 45 42 of
1178 1435 191 48 Gautier,
1404 1434 69 41 the

100 1507 85 32 tact
208 1497 45 41 of
277 1496 224 50 Lockhart,
526 1496 69 42 the
617 1496 125 50 quiet,
767 1495 175 52 scolarly
964 1495 104 50 style
1092 1495 44 41 of
1162 1495 92 40 Mr.
1282 1492 191 43 Mackail

98 1555 171 42 —these
296 1571 69 26 are
391 1555 266 50 conspicuous
684 1554 52 52 by
764 1554 107 41 their
898 1554 167 41 absence
1094 1553 110 41 from
1232 1552 67 41 the
1327 1551 73 41 life
1426 1551 46 42 of

99 1614 69 42 the
198 1614 195 50 sculptor,
428 1613 403 49 Gaudier-Brzeska,
863 1613 170 41 written
1065 1628 54 34 up
1152 1611 51 52 by
1235 1611 92 41 Mr.
1361 1611 112 40 Ezra

90 2962 162 50 Pound,
280 2963 68 40 the
372 2963 165 42 volume
563 2963 121 52 being
709 2980 23 25 a
757 2963 224 43 handsome
1005 2974 160 40 quarto,
1194 2963 131 52 nicely
1351 2963 95 42 illus-

104 3022 136 41 trated
266 3022 81 41 and
372 3022 215 50 published
613 3023 51 50 by
689 3022 70 42 the
781 3022 113 52 John
920 3024 115 40 Lane
1061 3022 227 52 Company-
1345 3022 108 42 Read-

88 3081 72 51 ing
186 3079 80 42 this
290 3080 131 50 work,
450 3080 115 42 there
592 3081 97 41 rises
716 3081 68 42 the
812 3082 246 49 temptation
1086 3092 42 30 to
1156 3097 164 34 espouse
1347 3080 87 42 Ten-

103 3139 164 51 nyson's
291 3139 179 41 attitude
495 3140 182 41 towards
703 3140 255 51 biographies
985 3141 41 40 in
1051 3140 179 51 general.

101 3198 75 35 Mr.
205 3199 176 34 Pound's
409 3198 170 42 Failings

161 3255 218 52 Certainly
403 3256 93 42 Mr.
524 3257 149 42 Pound
700 3258 94 41 does
820 3267 73 32 not
919 3257 169 42 disclose
1114 3273 51 26 an
1191 3258 139 41 undue
1356 3257 97 42 fond-

101 3330 89 27 ness
214 3315 68 41 for
306 3314 245 43 trivialities.
607 3316 84 42 But
715 3316 143 52 nearly
882 3332 120 36 every
1026 3331 101 36 page
1151 3316 44 41 of
1220 3316 61 42 his
1305 3317 173 50 writing

101 3374 33 41 is
160 3373 195 51 slipshod,
384 3375 81 41 and
493 3374 115 42 what
636 3375 32 41 is
694 3391 143 33 worse,
869 3375 112 42 these
1009 3390 120 36 pages
1158 3391 68 25 are
1254 3375 116 52 sadly
1399 3376 59 41 dis-

99 3433 174 50 jointed,
307 3448 125 37 many
464 3433 45 41 of
543 3433 111 42 them
689 3433 181 43 likewise
903 3434 241 51 containing
1177 3434 296 42 irrelevancies.

102 3491 225 52 Referring
363 3502 42 31 to
442 3492 61 41 his
538 3492 190 51 personal
765 3492 283 42 recollections
1083 3492 45 41 of
1165 3492 201 50 Gaudier,
1406 3493 71 42 the

99 3551 146 41 writer
274 3550 94 42 tells
397 3551 91 42 that
517 3550 146 43 details
693 3561 144 32 return
867 3561 43 32 to
939 3551 86 42 him
1375 3552 80 51 pell-

97 3609 113 50 mell,
243 3610 42 40 in
621 3610 80 42 and
735 3620 107 32 most
873 3610 121 42 other
1026 3610 181 50 authors,
1241 3611 95 43 who
1369 3612 104 41 have

98 3669 147 41 traded
278 3668 159 52 largely
467 3669 41 40 in
541 3668 108 43 their
679 3669 191 51 personal
901 3668 294 52 recollections,
1228 3680 111 32 must
1370 3670 104 42 have

97 3728 266 49 experienced
393 3727 162 52 exactly
583 3727 81 43 this
694 3727 214 53 difficulty.
970 3728 226 50 However,
1229 3728 119 43 think
1378 3729 96 42 how

97 3785 126 53 finely
243 3786 205 52 synthetic
468 3802 69 26 are
558 3786 115 42 those
693 3787 165 41 various
880 3786 217 52 charming
1118 3803 141 36 essays,
1284 3788 51 52 by
1359 3787 92 43 Stev-

97 3860 139 34 enson,
262 3846 41 41 in
327 3845 137 42 which
489 3845 50 42 he
564 3845 172 43 handles
761 3846 307 42 reminiscences
1092 3846 46 42 of
1164 3846 61 42 his
1250 3847 222 43 childhood

97 3905 82 42 and
215 3904 124 42 recall
372 3903 98 43 how
501 3903 211 54 infallibly
744 3905 205 51 arranged
983 3920 69 28 are
1085 3904 58 44 all
1177 3905 93 44 Mr.
1306 3905 167 52 George

1539 384 187 41 Moore's
1764 400 222 26 numerous
2024 386 379 51 autobiographical
2441 388 137 41 books.
2649 389 41 41 It
2728 389 33 41 is
2797 388 110 42 clear

1539 442 91 42 that
1659 442 223 42 Stevenson
1912 444 80 41 and
2022 444 92 41 Mr.
2145 444 167 50 Moore,
2342 445 98 41 both
2469 446 121 51 being
2618 456 92 32 true
2738 447 170 52 literary

1539 502 149 48 artists,
1716 501 130 51 began
1872 502 52 50 by
1947 502 169 51 making
2140 503 165 49 copious
2330 503 182 42 sketches
2537 505 44 40 of
2609 505 107 41 their
2741 515 164 39 matter,

1540 560 199 51 rejecting
1770 560 68 40 the
1869 560 235 49 irrelevant,
2137 562 236 50 composing
2404 562 68 41 the
2504 564 232 40 remainder
2766 564 87 42 into
2885 581 24 25 a

1540 618 166 41 definite
1735 618 147 41 whole.
1945 619 85 40 But
2061 619 93 41 Mr.
2188 620 147 41 Pound
2368 632 168 38 appears
2567 632 41 30 to
2639 621 103 42 have
2772 621 135 52 begun

1538 677 172 50 writing
1738 677 180 41 without
1948 693 79 34 any
2056 677 167 42 definite
2253 677 158 42 scheme
2441 679 41 40 in
2512 679 61 41 his
2602 680 129 48 mind,
2763 681 81 41 and
2875 681 33 41 it

1537 750 94 35 may
1655 734 47 41 be
1728 736 145 48 added,
1900 735 181 41 without
2105 737 303 49 exaggeration,
2437 737 90 41 that
2552 753 111 26 some
2688 738 125 41 hours
2840 755 68 26 are

1540 793 187 49 required
1750 803 42 30 to
1814 794 183 40 discover
2016 794 87 50 just
2123 794 117 41 what
2260 805 112 39 parts
2392 795 45 41 of
2459 795 68 42 the
2549 796 104 41 book
2676 813 67 25 are
2766 797 51 50 by
2839 797 69 42 the

1540 851 256 50 biographer,
1826 851 115 42 what
1971 862 112 40 parts
2114 853 52 50 by
2196 853 190 41 Gaudier
2415 853 177 43 himself.
2655 855 83 41 His
2766 856 143 41 letters

1540 926 67 25 are
1635 909 125 51 fairly
1785 926 235 33 numerous,
2048 910 125 42 while
2200 910 49 42 he
2275 927 86 26 was
2388 912 150 41 author
2564 912 45 41 of
2637 923 84 32 two
2749 914 160 41 critical

1539 983 140 36 essays,
1710 969 121 50 being
1858 969 121 51 given
2009 969 280 42 furthermore
2319 980 42 31 to
2391 971 217 51 recording
2637 971 61 41 his
2727 973 109 41 ideas
2867 973 41 41 in

1535 1849 262 49 note-books;
1827 1849 81 41 and
1938 1849 32 40 it
1997 1848 134 51 might
2159 1848 103 41 have
2290 1848 100 41 been
2418 1863 24 26 a
2469 1849 106 50 good
2604 1848 98 50 plan
2731 1858 43 32 to
2803 1848 105 43 have

1534 1909 121 41 made
1687 1908 111 42 these
1830 1907 197 42 different
2059 1907 138 51 things
2228 1905 45 42 of
2306 1907 62 40 his
2401 1906 68 41 the
2502 1907 86 41 real
2620 1907 108 51 body
2757 1907 47 42 of
2837 1907 70 43 the

1534 1968 117 48 book,
1680 1967 165 51 placing
1872 1966 112 42 them
2011 1965 103 49 first,
2144 1966 81 41 and
2253 1964 153 52 merely
2433 1965 333 51 supplementing
2794 1965 112 43 them

1533 2025 104 43 with
1661 2042 23 25 a
1706 2025 115 42 short
1844 2034 174 33 account
2040 2024 45 42 of
2108 2024 72 41 the
2201 2023 150 42 artists'
2376 2023 73 42 life
2474 2023 123 52 along
2620 2024 104 42 with
2749 2041 22 24 a
2795 2025 94 40 criti-

1534 2084 64 42 cal
1621 2085 123 50 study
1767 2084 45 41 of
1837 2083 61 42 his
1922 2093 163 41 output.
2141 2083 79 48 Or,
2246 2098 54 26 on
2327 2083 68 41 the
2420 2083 120 41 other
2564 2083 124 49 hand,
2716 2083 33 41 it
2773 2083 134 51 might

1534 2143 103 42 have
1659 2143 142 42 served
1824 2142 167 52 happily
2014 2152 42 31 to
2079 2142 103 41 have
2204 2142 156 50 opened
2383 2141 104 42 with
2513 2157 22 25 a
2558 2141 238 51 biography,
2820 2142 66 51 giv-

1536 2203 71 50 ing
1632 2211 98 32 next
1756 2218 24 25 a
1806 2200 160 43 critical
1990 2201 136 51 study,
2155 2200 98 41 then
2281 2201 168 50 putting
2476 2199 57 42 all
2561 2199 222 43 Gaudier's
2810 2215 97 27 own

1534 2262 190 49 writings
1743 2260 42 41 in
1805 2275 22 27 a
1845 2259 192 51 properly
2056 2258 214 43 tabulated
2291 2259 216 50 appendix,
2529 2258 247 52 embodying
2794 2258 92 42 here-

1536 2319 41 42 in
1611 2334 215 27 moreover
1860 2334 51 26 an
1946 2317 239 44 exhaustive
2219 2317 71 42 list
2321 2317 45 42 of
2402 2316 68 43 the
2504 2316 219 52 sculptor's
2756 2317 150 42 works.

1534 2378 133 49 Well,
1689 2393 42 26 as
1752 2378 94 40 Mr.
1871 2377 148 41 Pound
2041 2377 72 41 has
2133 2376 212 51 preferred
2368 2386 42 32 to
2433 2375 102 52 fling
2557 2375 139 52 things
2717 2376 126 42 down
2865 2385 43 32 at

1536 2437 186 48 random,
1753 2437 32 40 it
1813 2437 31 40 is
1872 2435 211 51 naturally
2108 2451 100 35 very
2235 2434 176 42 difficult
2440 2445 42 31 to
2512 2434 256 52 disentangle
2796 2434 111 42 from

1537 2495 69 41 the
1632 2511 117 25 maze
1778 2495 68 41 the
1874 2494 106 42 facts
2006 2494 45 41 of
2081 2493 69 42 the
2178 2493 153 42 artist's
2359 2493 86 42 life.
2504 2493 88 42 But
2619 2493 80 42 this
2729 2493 181 42 arduous

1536 2553 307 52 disentangling
1867 2554 31 40 is
1922 2569 23 25 a
1969 2553 89 41 task
2082 2552 181 51 literally
2288 2552 239 42 incumbent
2550 2567 53 26 on
2628 2552 68 41 the
2721 2552 129 41 critic.

1534 2613 39 33 A
1597 2613 242 41 Wandering
1863 2612 84 34 Life

1597 2670 96 42 One
1717 2670 43 41 of
1787 2670 69 42 the
1880 2680 107 31 most
2012 2670 243 51 interesting
2279 2668 151 52 figures
2455 2669 41 41 in
2523 2669 69 41 the
2616 2667 137 44 world
2778 2669 45 41 of
2850 2684 41 27 re-

1538 2739 94 31 cent
1665 2739 77 39 art,
1779 2729 136 41 Henri
1950 2728 405 48 Gaudier-Brzeska,
2388 2743 87 27 was
2508 2728 103 40 born
2643 2742 55 26 on
2733 2727 69 42 the
2834 2727 76 42 4th

1536 2788 45 41 of
1608 2787 198 49 October,
1839 2787 119 50 1891,
1987 2797 42 31 at
2054 2786 69 42 the
2148 2786 153 52 village
2324 2786 45 42 of
2397 2785 59 44 St.
2483 2786 105 51 Jean
2616 2786 49 42 de
2693 2786 146 52 Braye,
2867 2787 43 41 in

1539 2846 155 49 Loiret,
1728 2846 170 41 France.
1960 2846 82 41 His
2073 2845 139 41 father
2240 2860 86 27 was
2354 2844 152 51 Joseph
2538 2844 202 50 Gaudier,
2772 2861 23 25 a
2824 2860 66 26 car-

1538 2915 155 40 penter,
1724 2905 81 41 and
1835 2905 32 40 it
1894 2904 143 43 would
2066 2919 106 27 seem
2201 2903 92 42 that
2321 2904 137 41 Henri
2486 2902 180 51 himself,
2697 2919 42 26 as
2768 2919 23 26 a
2818 2904 92 51 boy,

1539 2964 132 41 added
1705 2963 69 42 the
1807 2963 181 42 Brzeska
2020 2973 42 31 to
2094 2962 62 42 his
2187 2962 189 51 parental
2408 2978 130 33 name,
2573 2962 62 41 his
2668 2977 142 27 reason
2843 2962 69 42 for

1538 3022 80 42 this
1641 3022 135 42 action
1800 3032 73 32 not
1896 3022 121 51 being
2042 3021 200 42 revealed.
2295 3020 146 44 While
2463 3020 87 42 still
2574 3021 41 41 in
2639 3021 63 41 his
2726 3031 112 31 teens
2860 3020 51 42 he

1536 3096 97 27 won
1655 3097 22 25 a
1697 3080 120 43 small
1837 3080 266 51 scholarship,
2127 3079 194 53 enabling
2340 3079 86 42 him
2448 3090 42 31 to
2512 3079 113 42 leave
2648 3079 158 43 France
2829 3080 88 42 and

1537 3155 51 36 go
1609 3149 42 32 to
1672 3139 200 49 London;
1892 3139 125 42 while
2037 3149 99 31 next
2154 3139 50 41 he
2223 3140 32 40 is
2275 3139 132 41 found
2430 3149 42 31 at
2493 3138 195 50 Orleans,
2710 3139 80 41 and
2810 3154 100 26 soon

1537 3198 229 42 afterward
1787 3198 49 42 he
1857 3198 196 41 returned
2074 3208 42 31 to
2138 3197 207 52 England,
2368 3197 114 42 there
2504 3208 42 31 to
2568 3198 164 41 become
2752 3213 23 26 a
2795 3197 117 51 pupil

1538 3267 43 32 at
1606 3273 52 25 an
1684 3267 65 32 art
1773 3257 139 41 school
1939 3257 41 41 in
2008 3256 168 43 Bristol.
2231 3256 61 42 At
2318 3256 81 42 this
2425 3256 236 42 institution
2688 3256 50 42 he
2764 3271 96 27 won
2888 3272 24 26 a

1537 3316 147 42 second
1721 3315 265 51 scholarship,
2025 3315 127 42 funds
2189 3316 192 49 requisite
2418 3315 68 41 for
2521 3314 134 43 travel
2690 3314 122 52 being
2846 3330 44 28 ac-

1537 3373 216 53 cordingly
1797 3374 143 51 placed
1987 3375 41 40 in
2074 3373 61 42 his
2180 3373 153 49 hands;
2378 3374 81 41 and
2505 3389 42 26 so
2592 3373 51 42 he
2686 3374 224 42 wandered

1534 3433 181 51 through
1735 3433 215 51 Germany
1969 3433 67 41 for
2055 3448 23 26 a
2095 3432 137 50 while,
2254 3432 97 42 then
2369 3432 171 52 settling
2558 3433 41 40 in
2620 3432 68 42 the
2708 3431 205 50 Quartier

1538 3492 125 41 Latin
1692 3493 41 40 in
1762 3492 130 41 Paris.
1951 3492 72 50 Up
2049 3491 68 41 till
2143 3507 98 26 now
2267 3491 61 41 his
2355 3492 317 50 preoccupation
2700 3491 82 42 had
2810 3492 100 41 been

1535 3551 104 42 with
1680 3551 201 50 painting,
1910 3560 73 31 not
2023 3549 233 51 sculpture;
2297 3549 75 43 but
2413 3549 201 52 chancing
2655 3560 42 32 to
2738 3561 108 32 meet
2888 3566 23 27 a

1537 3609 139 43 Czech
1700 3619 106 41 poet,
1834 3608 95 44 who
1955 3608 139 43 talked
2120 3608 352 52 enthusiastically
2495 3609 45 41 of
2566 3619 200 41 statuary,
2794 3609 89 43 Gau-

1536 3669 88 42 dier
1647 3683 87 28 was
1759 3668 180 50 inspired
1966 3678 42 31 to
2035 3683 112 37 essay
2170 3668 48 41 it.
2273 3667 109 42 This
2408 3683 85 27 was
2521 3669 42 40 in
2595 3668 119 49 1910,
2743 3669 94 48 and,
2867 3669 43 41 in

1536 3727 69 42 the
1639 3727 221 52 following
1891 3742 109 37 year,
2038 3727 137 41 Henri
2209 3737 114 32 went
2355 3742 101 26 once
2490 3742 114 26 more
2638 3737 43 31 to
2717 3727 192 50 London,

1534 3786 139 43 where
1698 3786 50 42 he
1771 3786 195 41 obtained
1992 3801 22 26 a
2039 3785 214 51 clerkship,
2280 3786 202 51 spending
2506 3785 98 53 only
2629 3786 62 41 his
2717 3786 194 52 evenings

1536 3847 81 41 and
1639 3845 188 52 holidays
1849 3845 42 41 in
1914 3845 69 42 the
2004 3845 179 50 practice
2207 3845 81 42 and
2311 3845 124 50 study
2457 3844 45 42 of
2526 3855 78 32 art.
2660 3845 42 41 It
2726 3845 31 42 is
2780 3845 105 42 mani-

1535 3905 81 42 fest
1648 3904 92 43 that
1773 3904 50 42 he
1856 3904 169 42 entered
2059 3901 107 45 alike
2199 3904 88 41 into
2321 3904 177 50 practice
2531 3904 82 42 and
2647 3904 124 52 study
2804 3904 105 43 with
