2971 4437
1201 231 242 38 BRUNO'S
1519 228 253 40 WEEKLY

83 240 84 44 876

81 336 301 67 Builders
413 335 74 64 of
518 335 116 62 the
666 333 241 64 World

498 428 31 40 it
562 427 32 41 is
628 426 94 50 they
755 424 84 42 laid
873 424 85 41 him

242 491 25 17 ■*-
353 486 149 41 Under
526 485 69 40 the
618 483 252 42 moonwhite
896 483 143 40 daisies

223 544 72 42 See
331 544 67 40 the
433 543 234 50 crumbling
700 542 222 41 headstone

220 602 97 41 The
345 602 156 41 sunken
531 601 221 41 headstone

223 659 252 51 Crumbling
498 670 41 30 to
564 659 136 50 decay.

223 776 134 42 Great
381 791 85 26 was
491 775 61 41 his
578 774 109 41 fame

219 835 100 40 And
344 843 115 42 great
483 833 61 40 his
568 847 184 26 renown.

223 894 69 40 He
317 893 31 40 is
372 892 115 51 lying
510 906 96 26 now

223 951 150 42 Under
395 950 69 41 the
489 950 143 41 daisies

224 1009 149 42 Under
398 1008 68 41 the
493 1017 125 32 asters
645 1007 81 40 and
753 1005 68 42 the
846 1005 167 51 waving
1039 1018 167 37 grasses.

223 1125 115 41 Read
363 1124 44 41 of
431 1124 61 41 his
516 1133 206 41 greatness

224 1183 192 41 Chiseled
444 1182 103 42 with
577 1181 196 41 reverend
800 1179 133 42 hands

224 1241 73 42 On
329 1241 68 41 the
428 1254 132 37 mossy
590 1239 223 41 headstone
843 1252 98 27 now

224 1299 252 50 Crumbling
506 1308 42 31 to
579 1297 136 51 decay.

225 1416 115 42 Read
370 1415 44 41 of
445 1414 61 41 his
538 1423 207 42 greatness

224 1475 49 40 In
296 1489 76 26 one
395 1472 143 50 simple
561 1472 82 41 line
666 1472 32 40 it
720 1472 32 40 is
774 1484 150 27 carven

357 1531 184 41 founded
577 1529 158 48 Peoria,

810 1586 109 41 Tom
947 1585 167 50 Sleeper

84 1681 262 61 Mother
371 1679 130 62 and
526 1679 135 61 Son

80 1775 161 34 Mother

84 1836 73 80 D
174 1832 43 43 O
242 1848 81 36 you
348 1847 63 26 see
438 1832 91 41 that
554 1830 70 42 old
650 1844 166 28 woman
842 1838 74 32 out
943 1828 115 42 there
1084 1826 105 45 with
1214 1826 128 43 white
1367 1825 94 42 hair

231 1892 80 41 and
348 1889 181 51 friendly
564 1888 117 42 face?
748 1888 94 41 Her
876 1887 104 42 dark
1013 1886 155 41 clothes
1203 1901 68 26 are
1305 1894 75 33 out
1413 1884 46 42 of

84 1950 163 42 fashion
274 1950 81 41 and
381 1949 74 41 her
478 1948 132 42 hands
636 1948 96 41 bear
760 1947 220 50 testimony
1006 1945 92 41 that
1124 1945 68 41 she
1218 1953 112 32 must
1354 1943 104 41 have

85 2009 106 42 done
218 2007 279 43 considerable
522 2007 119 42 work
667 2021 110 26 some
805 2006 98 40 time
931 2020 89 35 ago.
1080 2003 79 42 She
1185 2002 113 42 looks
1326 2002 82 41 like
1437 2017 23 26 a

85 2067 190 52 peaceful
309 2066 190 42 farmer's
531 2065 101 42 wife
664 2065 96 42 who
795 2079 113 26 came
941 2073 43 31 to
1020 2062 69 41 the
1123 2063 82 50 city
1239 2071 41 31 to
1315 2061 144 41 attend

84 2126 170 42 church.
317 2158 8 9 .
389 2158 8 8 .
454 2124 85 42 But
564 2124 80 41 this
667 2138 166 27 woman
859 2123 32 41 is
915 2121 260 45 surrounded
1200 2120 52 51 by
1277 2119 68 41 the
1370 2118 91 42 first

87 2185 171 41 citizens
289 2184 45 41 of
367 2183 68 42 the
468 2192 188 42 country.
718 2181 97 42 The
847 2190 180 42 greatest
1060 2194 151 36 among
1243 2178 69 42 the
1344 2187 117 42 great

87 2243 125 43 touch
234 2242 73 42 her
329 2242 213 42 toil-worn
564 2240 111 42 hand
697 2239 104 43 with
825 2254 228 27 reverence.
1108 2237 209 43 Scientists
1340 2236 121 42 listen

87 2301 165 53 eagerly
283 2312 42 30 to
358 2317 120 35 every
509 2300 119 42 word
660 2299 92 41 that
783 2298 69 42 the
882 2297 71 43 old
985 2297 97 51 lady
1113 2307 144 38 utters,
1291 2311 42 26 as
1363 2294 33 42 if
1429 2296 33 40 it

85 2376 111 26 were
221 2376 111 25 some
358 2359 99 51 long
482 2358 146 42 looked
656 2358 68 41 for
748 2357 188 42 wisdom.
992 2355 76 42 All
1094 2370 163 27 women
1284 2354 95 42 look
1405 2369 56 35 up

86 2429 43 32 to
153 2419 74 41 her
249 2418 115 42 filled
388 2417 104 43 with
517 2417 250 41 admiration
792 2416 81 41 and
897 2416 87 51 just
1009 2431 23 25 a
1056 2414 109 41 little
1190 2414 61 40 bit
1273 2413 45 41 of
1343 2427 117 36 envy.

88 2510 9 10 .
161 2510 9 9 .
233 2510 9 9 .
302 2477 269 41 Admiration
604 2475 168 42 follows
803 2474 74 41 her
907 2474 213 41 wherever
1152 2472 69 43 she
1253 2487 94 36 goes
1380 2472 81 40 and

85 2552 113 26 some
226 2536 79 51 day
331 2535 122 42 when
481 2535 70 41 she
579 2535 84 41 dies
691 2549 24 26 a
743 2532 167 43 funeral
938 2532 229 51 procession
1195 2530 91 43 will
1314 2529 149 43 follow

87 2595 75 41 her
183 2595 86 40 bier
291 2609 41 26 as
353 2594 32 41 if
406 2594 69 41 she
496 2592 81 42 had
600 2592 99 42 been
722 2592 70 41 the
813 2606 129 36 queen
964 2590 44 42 of
1030 2606 24 26 a
1075 2589 176 43 faithful
1272 2599 189 41 country.

89 2653 94 42 Her
204 2668 119 27 name
344 2651 90 44 will
456 2652 145 50 spread
625 2650 56 43 all
702 2665 99 28 over
822 2650 70 41 the
912 2649 150 43 world.

148 2712 79 42 She
247 2712 33 42 is
301 2711 68 41 the
390 2710 163 42 mother
572 2710 46 41 of
640 2726 23 25 a
684 2719 117 42 great
822 2724 110 26 man.

87 2771 85 35 The
198 2771 82 35 Son

180 2829 43 41 O
251 2844 81 36 you
361 2844 62 26 see
453 2827 92 42 that
572 2841 140 38 young
739 2841 97 27 man
866 2841 100 26 over
993 2825 115 42 there
1136 2823 186 52 walking
1350 2823 115 52 shyly

237 2888 41 40 in
312 2887 179 41 solitude
524 2901 54 27 on
612 2886 61 41 his
706 2900 96 27 own
836 2899 94 37 way
962 2884 105 42 with
1101 2884 213 42 downcast
1347 2882 118 53 eyes?

89 2945 216 53 Everyone
325 2945 96 42 who
444 2961 130 34 passes
595 2944 86 41 him
703 2943 115 42 looks
839 2954 44 31 at
903 2943 85 41 him
1011 2942 304 52 wonderingly*
1366 2943 74 40 Per-

87 3004 102 51 haps
219 3004 104 43 with
356 3021 22 24 a
409 3004 109 41 little
550 3004 59 40 bit
640 3002 44 42 of
717 3018 117 36 envy,
868 3012 82 32 too.
1013 3002 85 41 But
1129 3001 50 42 he
1208 3010 180 41 suspects
1420 3001 43 41 in

88 3079 123 35 every
247 3063 89 42 face
372 3062 98 52 only
506 3063 99 52 pity,
643 3061 193 51 thinking
872 3061 95 51 they
1003 3060 96 42 look
1133 3059 106 43 with
1275 3076 23 25 a
1334 3069 129 32 secret

87 3122 120 51 irony
230 3138 111 34 upon
366 3121 62 42 his
452 3121 130 51 glory,
608 3120 138 43 which
770 3119 273 43 overwhelms
1068 3118 99 42 him.
1229 3152 10 8 .

148 3181 50 41 In
223 3180 61 42 his
306 3180 159 42 marble
487 3179 140 51 palace
651 3178 50 42 he
725 3178 112 42 locks
860 3178 69 42 the
954 3178 121 42 doors
1098 3177 45 42 of
1166 3176 64 43 his
1251 3176 214 43 chambers

89 3240 82 41 and
197 3239 85 51 idly
307 3239 162 41 dreams
494 3238 125 42 about
644 3237 69 42 the
738 3237 74 42 life
836 3237 138 42 which
1000 3237 32 42 is
1057 3236 62 41 his
1143 3251 110 35 own,
1280 3236 61 42 his
1364 3251 101 36 very

86 3313 111 34 own,
226 3297 138 43 which
392 3297 50 41 he
470 3296 165 42 himself
665 3296 113 42 lives.
839 3296 70 41 He
938 3295 163 43 dreams
1283 3310 24 27 a
1334 3295 127 50 quiet,

87 3357 225 42 unnoticed
341 3356 74 41 life
444 3356 180 41 without
652 3355 132 51 glory,
814 3354 182 43 without
1027 3353 91 43 that
1147 3353 168 42 terrible
1345 3352 118 53 glory

85 3414 138 43 which
246 3415 72 42 has
340 3415 127 42 burnt
489 3415 42 40 in
553 3414 86 41 him
663 3413 56 42 all
742 3413 90 42 that
854 3429 86 26 was
963 3413 62 41 his
1047 3427 109 28 own.
1208 3412 158 43 Which
1390 3412 72 41 has

87 3474 121 41 made
230 3474 85 41 him
337 3473 175 51 nothing
534 3473 74 41 but
630 3472 69 42 the
720 3472 122 52 ghost
861 3472 45 42 of
930 3488 23 25 a
975 3481 117 42 great
1115 3487 131 26 name.
1309 3504 9 10 .
1381 3504 9 9 .
1454 3504 9 8 .

148 3532 70 42 He
238 3533 32 41 is
290 3532 68 42 the
378 3547 72 26 son
470 3532 45 41 of
536 3547 23 26 a
578 3542 116 40 great
714 3546 110 27 man.

935 3589 115 41 Cat's
1071 3589 103 41 Paw

83 3680 141 62 The
254 3681 388 61 Star-Gazer

83 3779 24 38 ¥
159 3774 120 44 AST
307 3775 131 52 night,
468 3791 53 26 on
550 3775 62 42 his
639 3790 93 36 way
761 3774 121 42 home
910 3774 50 42 he
988 3775 141 50 passed
1159 3789 51 27 an
1239 3774 70 43 old
1337 3785 127 32 street

137 3840 10 21 1
216 3835 157 41 vender
404 3833 97 43 who
532 3848 87 28 was
651 3833 211 51 presiding
892 3848 99 26 over
1024 3848 23 26 a
1081 3832 211 52 telescope.
1354 3833 110 42 This

81 3909 91 28 was
215 3904 44 31 at
300 3891 320 53 Twenty-third
664 3890 136 44 Street
843 3892 82 41 and
969 3890 118 43 Fifth
1129 3890 210 45 Avenue./
1391 3892 72 42 He

82 3952 166 44 walked
269 3952 65 50 by,
355 3951 76 42 but
451 3949 110 44 after
580 3965 23 28 a
624 3949 85 43 few
727 3959 109 41 steps
855 3949 50 42 he
927 3950 151 42 turned
1099 3949 114 44 back.
1267 3951 70 42 He
1358 3965 103 37 gave

1521 327 68 41 the
1625 325 71 42 old
1735 340 97 26 man
1870 340 23 26 a
1931 334 169 40 quarter
2136 324 46 41 of
2222 340 22 25 a
2282 323 147 42 dollar.
2498 322 98 43 The
2634 323 71 42 old
2745 322 146 43 fellow

1521 384 186 42 fumbled
1734 382 67 42 for
1825 382 67 42 the
1917 382 167 51 change,
2110 383 80 40 and
2215 382 125 42 while
2364 382 50 40 he
2437 397 86 27 was
2549 382 125 50 doing
2697 396 56 35 so,
2778 382 110 40 said:

1974 441 157 41 Rather
2159 440 249 51 reluctantly
2435 440 69 42 the
2528 454 140 37 young
2694 456 95 24 man
2818 440 71 41 did

1521 516 54 26 so.
1629 501 69 40 He
1719 499 142 42 would
1884 499 102 42 have
2008 499 210 50 preferred
2242 498 89 41 first
2355 509 41 30 to
2418 498 103 41 have
2544 499 61 40 his
2627 499 155 49 change
2804 497 86 42 safe

1521 560 41 40 in
1590 559 124 41 hand.

1578 616 141 41 There
1741 631 86 26 was
1849 616 111 49 quite
1983 631 22 25 a
2027 615 113 51 large
2161 625 85 32 star
2267 614 155 42 visible.
2478 614 40 41 It
2542 614 144 42 looked
2711 614 80 41 like
2813 629 78 27 our

1521 690 122 26 moon
1677 675 75 40 but
1784 675 158 40 seemed
1976 671 169 53 slightly
2178 671 197 51 lopsided.
2440 673 70 40 He
2542 688 86 26 was
2660 673 231 50 pondering

1521 733 187 42 whether
1733 732 68 41 the
1826 732 69 41 old
1922 731 144 41 fellow
2090 731 142 41 would
2260 741 143 31 return
2430 741 42 31 to
2499 731 85 41 him
2610 741 69 32 ten
2706 741 111 31 cents
2843 746 48 26 or

1521 791 156 41 fifteen.
1742 790 260 41 Meanwhile
2035 790 68 40 the
2136 790 231 50 proprietor
2397 789 45 41 of
2475 789 69 41 the
2577 788 198 51 telescope
2805 803 86 28 was

1522 849 236 50 explaining
1787 849 90 40 that
1907 848 67 41 the
2003 857 85 32 star
2116 863 84 26 was
2229 847 68 41 the
2325 847 140 50 planet
2493 847 188 50 Jupiter;
2712 848 79 40 and
2822 846 69 42 the

1521 923 139 35 young
1691 922 96 26 man
1822 906 129 51 began
1986 917 41 29 to
2062 906 182 49 perceive
2277 905 91 41 that
2401 906 32 40 it
2465 921 86 26 was
2585 915 72 31 not
2691 902 197 54 lopsided,

1522 966 113 41 those
1661 981 108 26 were
1797 965 67 40 the
1890 965 141 50 smoky
2058 964 128 41 bands
2214 964 90 40 that
2331 964 49 41 he
2406 979 97 33 saw,
2533 965 80 40 and
2641 964 114 40 there
2782 979 109 27 were

1523 1023 67 41 the
1618 1024 218 41 attendant
1862 1038 143 26 moons
2006 1023 157 40 —four
2188 1023 44 40 of
2260 1022 132 41 them!

1579 1082 60 40 At
1668 1081 91 41 first
1787 1081 49 41 he
1863 1097 86 25 was
1978 1096 212 26 overcome
2219 1080 104 42 with
2353 1097 22 25 a
2405 1080 154 51 feeling
2586 1080 45 41 of
2662 1096 100 33 awe,
2792 1080 98 41 then

1522 1140 49 41 he
1598 1155 86 26 was
1712 1138 250 52 frightened.
2022 1139 40 40 It
2088 1155 87 25 was
2203 1155 40 25 as
2272 1139 157 51 though
2457 1139 50 40 he
2535 1139 116 40 stood
2680 1154 53 25 on
2763 1139 128 49 tiptoe

1523 1208 41 31 at
1593 1198 68 40 the
1689 1198 100 50 edge
1816 1197 44 41 of
1890 1198 67 43 the
1985 1197 135 41 world
2150 1198 80 40 and
2259 1197 145 50 might,
2435 1207 42 32 at
2505 1212 78 35 any
2610 1197 171 48 minute,
2813 1196 78 42 fall

1522 1256 59 40 off
1609 1256 79 41 and
1716 1265 68 41 get
1810 1255 79 41 lost
1912 1256 45 40 in
1985 1255 90 41 that
2101 1255 222 51 shimmery
2349 1254 197 42 blueness.
2606 1256 96 47 But,
2733 1255 108 41 after
2869 1271 24 25 a

1521 1315 139 50 steady
1681 1329 112 35 gaze,
1817 1314 49 41 he
1888 1324 70 40 got
1979 1313 61 42 his
2062 1313 179 41 balance.
2295 1313 71 41 He
2386 1329 53 25 no
2461 1313 144 51 longer
2627 1313 79 41 felt
2726 1329 164 35 uneasy.

1523 1373 71 40 He
1627 1372 80 41 had
1740 1371 79 42 left
1852 1372 80 41 this
1964 1372 110 40 little
2107 1371 118 52 globe
2258 1372 105 41 with
2397 1372 51 40 its
2482 1382 84 31 two
2601 1371 68 41 for
2701 1387 23 25 a
2758 1371 133 41 nickel

1521 1430 142 51 people
1695 1431 80 41 and
1806 1445 85 27 was
1921 1431 245 50 wandering
2197 1429 180 52 through
2410 1430 67 41 the
2509 1430 195 41 heavens!
2765 1429 127 42 Then

1521 1488 214 51 suddenly,
1765 1488 74 42 but
1865 1504 100 35 very
1992 1488 155 51 quietly
2176 1489 81 40 and
2285 1488 209 51 seriously,
2524 1488 74 41 but
2626 1487 264 52 confidently,

1521 1547 50 41 he
1594 1546 146 42 looked
1764 1547 87 40 into
1876 1546 68 41 the
1969 1562 88 35 eyes
2079 1546 44 41 of
2150 1546 68 41 the
2243 1546 134 42 Great
2403 1547 19 40 I
2446 1546 98 41 Am.
2601 1546 70 41 He
2694 1561 86 27 saw
2804 1546 88 42 into

1523 1604 70 42 the
1627 1604 245 44 illimitable.
1936 1604 127 44 Time
2098 1605 81 41 and
2216 1604 127 50 Space
2378 1604 75 42 fell
2488 1604 110 41 from
2634 1604 85 41 him
2754 1604 80 42 like
2870 1620 23 26 a

1523 1663 228 50 shrouding
1783 1673 202 40 garment.
2051 1663 70 41 He
2154 1663 172 50 grasped
2361 1673 42 31 at
2437 1663 80 41 and
2553 1662 67 41 for
2654 1678 22 26 a
2709 1672 184 31 moment

1522 1721 108 49 held,
1655 1721 68 41 the
1746 1720 181 44 Infinite.

1580 1779 125 41 Then
1733 1779 49 41 he
1809 1779 146 41 looked
1984 1795 128 35 away.

1582 1838 70 41 He
1674 1837 81 42 had
1780 1847 84 32 two
1888 1838 111 41 coins
2023 1837 138 41 thrust
2184 1837 86 41 into
2295 1837 62 41 his
2380 1837 124 41 hand.
2557 1837 202 42 Without
2782 1836 92 43 look-

1524 1896 71 51 ing
1625 1905 42 32 at
1698 1896 111 40 them
1840 1896 50 40 he
1921 1896 155 41 started
2108 1895 253 42 homeward.
2421 1895 143 42 When
2597 1895 49 41 he
2677 1894 81 42 had
2791 1910 104 36 gone

1526 1964 85 31 two
1642 1953 138 42 blocks
1811 1953 50 42 he
1892 1953 130 52 began
2055 1953 200 51 fearfully
2286 1964 42 30 to
2359 1954 173 41 wonder
2563 1953 115 42 what
2709 1968 86 27 was
2827 1953 68 42 the

1524 2012 122 41 value
1676 2012 45 41 of
1753 2012 114 41 those
1898 2013 124 40 coins.
2245 2011 213 50 perhaps/'
2491 2011 50 42 he
2573 2011 191 51 thought,

1525 2070 70 41 old
1623 2086 96 25 man
1747 2086 87 26 was
1862 2086 22 25 a
1911 2070 203 50 magician
2142 2086 48 25 or
2218 2070 232 50 something
2478 2070 81 40 and
2587 2085 103 35 gave
2718 2086 64 25 me
2811 2080 85 32 two

1525 2129 128 50 pieces
1676 2128 45 41 of
1940 2129 70 40 He
2034 2128 97 41 took
2156 2127 68 42 the
2248 2143 148 35 money
2418 2138 74 31 out
2517 2128 81 41 and
2622 2127 52 52 by
2699 2127 68 43 the
2791 2127 107 53 light

1526 2187 44 40 of
1593 2187 68 41 the
1682 2197 124 31 street
1828 2187 111 50 lamp
1961 2202 86 26 saw
2069 2187 90 41 that
2182 2187 32 41 it
2234 2202 99 34 was,
2356 2186 144 42 fifteen
2523 2187 247 41 cents—but
2789 2188 109 49 good

1526 2244 167 52 money!

1580 2303 97 42 The
1696 2303 119 52 night
1831 2319 87 26 was
1935 2303 111 42 chill.
2098 2303 69 42 He
2185 2303 163 42 walked
2368 2302 172 52 rapidly,
2561 2303 181 42 without
2761 2301 138 52 effort,

1528 2361 50 41 he
1606 2363 156 40 seemed
1792 2372 42 30 to
1862 2362 48 40 be
1938 2362 191 50 treading
2155 2377 53 25 on
2238 2362 73 40 air.

1588 2419 79 42 She
1690 2421 156 49 opened
1873 2420 69 41 the
1966 2420 103 41 door
2093 2420 67 41 for
2185 2420 98 49 him,
2309 2420 142 50 saying
2476 2419 90 41 that
2591 2419 62 41 his
2678 2435 88 35 eyes
2791 2435 111 26 were

1529 2477 152 52 bright,
1709 2478 186 51 brighter
1920 2478 100 41 than
2047 2477 124 42 stars!
2230 2478 70 41 He
2326 2477 98 52 only
2448 2477 158 42 smiled.
2663 2477 136 42 Their
2824 2478 79 51 boy

1529 2552 86 26 was
1644 2536 145 51 asleep.
1847 2535 96 43 The
1971 2552 97 26 man
2098 2536 146 42 looked
2274 2545 42 32 at
2345 2536 85 41 him
2460 2536 67 41 for
2556 2551 22 26 a
2605 2546 185 31 moment
2818 2537 82 41 and

1530 2594 147 52 fondly
1704 2595 177 41 realized
1910 2595 91 41 that
2026 2595 50 41 he
2101 2594 143 42 would
2272 2610 97 25 soon
2397 2595 47 40 be
2470 2594 197 51 walking.
2725 2594 126 41 Then
2879 2611 23 25 a

1533 2653 154 51 feeling
1717 2653 148 42 almost
1895 2653 45 42 of
1971 2654 120 49 panic
2121 2668 113 26 came
2265 2668 110 35 upon
2406 2653 86 41 him
2524 2653 80 42 and
2637 2653 50 41 he
2717 2653 110 42 cried
2859 2663 43 32 to

1530 2709 187 44 himself:
1820 2721 111 32 must
1956 2726 99 28 earn
2080 2727 114 26 more
2471 2744 9 9 .
2544 2743 8 9 .
2614 2745 11 13 ,

1587 2769 170 52 To-day
1780 2770 50 41 he
1853 2770 71 41 did
1949 2770 133 41 better
2104 2769 119 42 work
2247 2769 100 42 than
2373 2769 68 41 for
2464 2769 133 42 weeks
2622 2780 91 40 past
2737 2770 80 41 and
2843 2780 41 31 to-

1531 2827 119 52 night
1675 2828 50 42 he
1750 2829 33 41 is
1808 2828 193 51 thinking
2013 2843 9 27 :

1645 2885 119 54 Tha;t
1787 2886 69 42 old
1882 2886 144 42 fellow
2048 2886 90 42 sold
2161 2902 65 26 me
2249 2888 59 40 all
2333 2889 89 39 that
2448 2886 68 41 for
2539 2896 68 32 ten
2632 2886 132 42 cents!

1644 2945 96 49 Yet,
1782 2945 19 41 I
1839 2945 81 41 had
1959 2955 42 31 to
2037 2955 76 41 pay
2154 2962 64 34 my
2258 2961 143 34 money
2441 2944 140 42 before
2622 2945 17 41 I
2680 2944 123 43 could
2841 2961 63 26 see

1759 3006 225 48 anything!

1909 3062 172 42 Charles
2108 3061 187 42 Gorham
2320 3061 178 50 Barney,
2522 3061 64 42 Jr.

1528 3154 200 35 Jefferson
1754 3154 159 35 Market
1940 3154 141 35 Prison

1658 3210 253 43 TV/HAT
1937 3212 146 41 crimes
2108 3211 148 42 within
2284 3211 111 43 these
2421 3212 143 43 horrid
2590 3211 121 44 walls

1684 3270 22 23 *
1719 3276 16 17 *
1827 3269 129 42 More
1982 3269 120 43 fierce
2129 3271 81 41 and
2236 3270 83 42 vile
2345 3270 100 42 than
2473 3270 114 43 those
2615 3270 68 42 for
2709 3270 137 44 which

1668 3325 161 53 Society
1857 3327 124 43 exiles
2009 3328 75 42 her
2110 3328 159 51 hapless
2297 3344 97 26 ones

1665 3383 72 43 To
1762 3385 81 42 this
1869 3387 102 41 dark
1996 3386 126 51 place,
2150 3402 68 27 are
2245 3387 105 42 done
2377 3387 52 52 by
2453 3387 122 52 night

1665 3443 179 52 Against
1874 3444 110 42 these
2013 3460 110 26 same
2152 3445 322 43 unfortunates?

1666 3559 119 52 Why
1811 3561 33 40 is
1871 3560 69 43 the
1966 3560 138 43 velvet
2131 3561 120 52 night
2277 3561 93 43 shot

1665 3618 127 42 With
1820 3618 69 42 the
1918 3618 186 44 frenzied
2133 3635 174 27 screams
2333 3620 46 42 of
2408 3622 190 41 tortured
2627 3621 192 43 women?

1586 3711 58 35 To
1670 3711 50 35 be
1745 3712 321 35 misunderstood
2090 3712 54 43 by
2167 3713 69 34 the
2262 3727 148 22 masses
2436 3716 32 33 is
2493 3728 112 21 more
2631 3715 272 43 disagreeable

1527 3768 104 37 than
1644 3776 43 29 to
1707 3770 50 35 be
1777 3770 257 36 understood.
2072 3771 33 34 If
2124 3771 68 35 the
2213 3785 149 23 masses
2383 3773 161 42 destroy
2566 3773 66 42 big
2653 3773 134 43 things
2808 3773 96 44 they

1529 3841 70 21 are
1623 3834 42 29 at
1689 3827 101 37 least
1815 3829 167 42 sincere,
2009 3829 73 35 but
2105 3829 31 35 if
2159 3830 96 42 they
2280 3830 123 35 adore
2427 3831 111 34 them
2563 3832 96 42 they
2683 3845 70 22 are
2779 3832 122 43 lying.

1528 3885 85 36 The
1632 3893 206 37 contempt
1858 3887 43 35 of
1918 3886 69 36 the
2007 3900 149 23 masses
2176 3902 76 21 can
2272 3902 155 30 convey
2447 3889 130 36 honor
2596 3897 43 28 to
2659 3904 25 21 a
2703 3904 107 27 man.
2832 3891 73 35 but

1528 3944 103 35 their
1648 3958 229 30 reverence,
1896 3959 134 22 never.
