2855 4036
2604 3902 19 34 I

624 1476 664 97 Gobineau
1355 1492 124 84 et
1540 1479 541 117 Wagner

246 1715 101 57 Un
403 1714 119 58 soir
572 1712 72 58 de
695 1733 67 37 ce
815 1712 153 80 qu'il
1020 1714 267 78 appelait
1339 1735 104 37 son
1565 1714 348 84 pèlerinage
1951 1731 277 46 terrestre
2358 1720 271 60 Richard

63 1805 275 80 Wagner
373 1819 102 43 eut
516 1824 114 36 une
667 1803 347 80 apparition
1049 1824 11 37 :
1100 1804 42 57 il
1179 1819 324 43 rencontra
1538 1828 80 36 un
1658 1828 256 58 penseur
1950 1810 107 79 qui
2093 1806 251 63 modifia
2382 1810 216 82 profon-

63 1893 246 61 dément
360 1895 82 59 les
495 1894 330 57 directions
876 1893 73 58 de
1000 1916 105 36 son
1159 1897 395 80 intelligence
1589 1913 59 42 et
1686 1898 72 58 de
1792 1921 60 35 sa
1888 1899 332 60 sensibilité
2255 1923 10 36 :
2325 1903 40 57 il
2402 1918 230 43 connut

63 2008 117 36 une
218 1984 243 61 volonté
500 1987 106 78 qui
642 1985 300 80 s'empara
977 1985 72 58 de
1085 1988 53 56 la
1174 1987 225 59 sienne.

247 2078 103 57 Un
385 2078 120 57 soir
540 2076 71 58 de
649 2097 68 37 ce
755 2076 148 81 qu'il
940 2078 266 79 appelait
1243 2076 345 82 également
1624 2100 105 38 son
2217 2099 275 44 terrestre
2580 2086 53 57 le

61 2182 206 45 comte
303 2168 72 58 de
413 2167 325 59 Gobineau
776 2182 103 44 eut
915 2189 118 37 une
1069 2171 346 77 apparition
1453 2191 12 36 :
1505 2171 42 57 il
1583 2187 322 44 rencontra
1941 2195 81 36 un
2058 2175 126 57 être
2228 2176 103 79 qui
2384 2196 108 60 par
2527 2196 104 38 son

60 2259 291 58 affection
418 2275 57 42 et
543 2280 105 37 son
717 2257 456 60 enthousiasme
1240 2259 396 60 bienveillant
1706 2261 338 84 développa
2119 2266 80 57 les
2275 2266 358 59 sentiments

61 2349 500 81 chevaleresques
596 2365 59 42 et
690 2349 210 58 nobles
935 2349 71 58 de
1042 2370 58 38 sa
1136 2351 408 79 personnalité
1582 2368 57 42 et
1676 2354 221 58 l'ancra
1932 2354 144 59 dans
2111 2377 87 38 ses
2248 2359 385 57 convictions

63 2440 531 81 philosophiques.

243 2533 203 57 Telles
496 2548 134 42 sont
682 2533 80 56 les
815 2530 160 59 deux
1020 2533 268 57 versions
1323 2533 73 57 de
1430 2534 55 57 la
1521 2551 320 42 rencontre
1878 2537 80 57 du
1996 2539 297 57 musicien
2332 2539 302 59 allemand

65 2623 275 58 Richard
371 2623 278 80 Wagner
685 2638 57 42 et
774 2623 79 56 du
883 2622 337 81 diplomate
1257 2622 369 82 philosophe
1662 2623 257 83 français
1949 2643 204 44 comte
2182 2629 71 58 de
2284 2631 347 58 Gobineau.

247 2803 87 59 Ce
371 2801 94 60 fut
503 2803 266 80 pendant
804 2802 219 60 l'hiver
1057 2803 71 59 de
1176 2803 163 82 1876
1378 2826 120 59 que
1533 2826 58 38 se
1626 2827 168 59 passa
1845 2824 93 42 cet
1974 2806 384 76 événement,
2411 2812 221 79 auquel

61 2896 56 57 la
153 2895 267 79 critique
455 2895 338 57 allemande
829 2894 242 58 attache
1108 2915 118 37 une
1260 2896 228 79 grande
1537 2897 404 79 importance.
1983 2900 114 57 Les
2148 2899 216 59 heures
2415 2902 182 56 triom-

63 2985 209 83 phales
327 2985 71 57 de
456 2985 309 81 Bayreuth
821 2988 283 55 venaient
1160 2986 71 57 de
1283 2986 261 80 prendre
1597 2985 85 60 fin
1719 3012 11 34 :
1771 2990 277 80 Wagner
2082 2991 159 57 avait
2275 3013 80 35 vu
2392 2989 240 61 réaliser

60 3099 103 37 son
219 3098 211 37 œuvre
482 3076 71 58 de
604 3078 301 57 musicien
957 3078 71 56 de
1079 3078 54 56 la
1182 3075 181 81 façon
1414 3079 53 56 la
1518 3079 133 80 plus
1688 3078 376 82 magnifique
2091 3106 13 45 ;
2142 3103 100 37 sur
2276 3103 79 36 un
2396 3080 235 60 théâtre

61 3165 169 61 élevé
268 3189 73 35 au
394 3165 149 59 haut
587 3167 70 57 de
693 3168 54 56 la
783 3168 222 57 colline
1041 3168 210 71 sainte,
1354 3168 249 58 l'abîme
1638 3172 311 78 mystique
2048 3173 238 57 laissant
2322 3170 309 83 échapper

61 3261 84 57 les
180 3258 351 58 harmonies
567 3257 245 72 sacrées,
850 3259 37 56 1'
1301 3261 160 58 avait
1511 3258 95 60 été
1657 3261 332 81 interprété
2041 3262 144 60 dans
2234 3285 59 37 sa
2344 3264 285 79 copieuse

63 3347 315 84 intégrité.

248 3438 178 60 Lassé
478 3462 107 59 par
634 3442 83 57 les
750 3438 261 83 fatigues
1062 3441 73 58 de
1185 3441 163 58 deux
1397 3442 223 59 saisons
1654 3445 363 57 successives
2052 3443 71 59 de
2158 3442 382 83 répétitions,
2576 3446 55 57 le

61 3531 223 60 maître
341 3551 60 37 se
459 3532 263 79 reposait
775 3530 29 59 à
868 3532 204 57 Rome
1121 3534 263 78 lorsque,
1420 3549 223 42 venant
1695 3532 329 60 d'escorter
2067 3536 367 79 l'empereur
2485 3536 146 57 dom

65 3623 197 59 Pedro
299 3621 143 59 dans
479 3644 80 36 un
595 3643 235 60 voyage
865 3644 74 36 en
978 3624 238 70 Russie,
1253 3625 53 56 le
1343 3638 203 43 comte
1606 3624 71 58 de
1716 3624 324 59 Gobineau
2076 3648 36 58 y
2165 3647 185 59 passa,
2402 3642 57 43 et
2510 3628 119 57 s'en

64 3713 94 59 fut
195 3713 216 58 rendre
445 3714 177 57 visite
658 3736 73 35 au
769 3713 217 59 maître
1023 3714 150 58 dont
1207 3713 287 59 l'auréole
1530 3713 30 59 à
1597 3736 67 36 ce
1700 3730 279 45 moment
2015 3714 146 61 était
2198 3719 166 79 quasi
2403 3718 225 59 divine.
