2855 4036
1273 263 62 70 S.
1405 263 54 70 I.
1532 263 106 70 M.

170 292 101 69 3°

163 442 99 38 sur
309 421 85 57 les
443 418 400 59 instruments
893 414 32 60 à
977 416 230 71 cordes,
1259 416 43 58 si
1357 436 67 37 ce
1476 414 150 59 n'est
1679 435 121 58 que
1835 413 600 83 Quaresmeprenant
2469 417 160 58 avait
2677 417 56 58 le

163 510 270 61 nombril
539 529 247 39 comme
822 530 119 37 une
977 508 181 59 vielle
1269 506 118 80 (IV
1431 506 103 80 31)
1577 520 60 44 et
1673 525 119 61 que
1831 504 281 80 Panurge
2148 527 155 59 pour
2336 506 151 59 faire
2521 506 212 59 danser

163 602 101 60 des
314 598 220 61 mariés
641 600 143 57 loua
821 620 81 36 un
936 600 258 78 aveugle
1230 598 106 82 qui
1373 597 133 59 leur
1541 596 240 58 sonnait
1816 595 55 57 la
1906 610 145 44 note
2085 616 100 38 sur
2218 617 59 37 sa
2309 597 179 59 vielle
2618 597 116 59 Cet

160 695 374 58 instrument
584 689 148 59 était
784 687 133 82 déjà
967 687 210 61 tombé
1233 687 464 83 probablement
1748 708 75 36 au
1878 686 223 58 niveau
2154 684 80 60 où
2290 708 151 38 nous
2489 689 55 57 le
2599 709 103 37 ren-

161 798 291 46 controns
485 780 395 75 aujourd'hui
917 780 145 60 dans
1096 781 296 57 certaines
1430 780 341 81 provinces.

1369 1006 37 38 &
1496 1006 38 37 *

353 1151 115 57 Les
503 1150 403 57 instruments
940 1146 32 58 à
992 1160 145 44 vent
1175 1159 307 67 occupent
1518 1166 119 37 une
1670 1145 173 80 place
1878 1145 138 80 plus
2041 1143 399 80 importante.
2469 1142 88 58 La
2590 1139 147 61 flûte

167 1258 59 43 et
285 1241 56 58 la
396 1260 365 38 cornemuse
813 1240 282 56 tiennent
1151 1237 57 57 la
1264 1236 124 58 tête
1447 1250 58 44 et
1561 1235 286 58 Rabelais
1903 1255 153 38 nous
2113 1233 202 59 donne
2374 1231 32 60 à
2459 1254 67 37 ce
2583 1232 154 80 sujet

169 1334 297 80 quelques
493 1329 369 59 indications
889 1349 100 38 sur
1014 1329 85 58 les
1125 1343 324 43 coutumes
1477 1326 73 57 de
1575 1324 305 82 l'époque.
1913 1322 335 61 L'histoire
2276 1322 100 60 des
2403 1321 335 61 chicanous

168 1447 76 37 en
280 1438 87 44 est
399 1423 345 58 l'occasion.
785 1420 168 59 C'est
987 1421 55 56 le
1077 1419 299 80 Seigneur
1409 1418 73 58 de
1519 1416 230 60 Basché
1784 1416 110 82 qui
1929 1416 163 80 parle
2130 1437 11 36 :
2248 1415 174 58 Vous
2455 1415 252 80 pareille-

168 1529 194 58 ment,
385 1512 262 59 Trudon
682 1510 174 80 (ainsi
884 1510 182 59 estoit
1101 1506 253 61 nommé
1390 1529 106 38 son
1532 1505 466 80 tabourinneur)
2040 1527 183 61 soyez
2254 1527 38 60 y
2328 1526 147 38 avec
2510 1518 228 46 vostres

167 1606 179 59 flutte
380 1620 58 44 et
474 1604 237 59 tabour.
808 1603 53 57 Il
895 1602 199 80 s'agit,
1130 1621 79 38 on
1245 1600 124 58 s'en
1405 1600 282 58 souvient
1722 1599 82 59 du
1830 1599 325 59 simulacre
2177 1597 183 58 d'une
2388 1594 350 61 cérémonie

168 1697 75 60 de
297 1697 290 79 mariage,
622 1693 265 81 laquelle
922 1692 375 81 comportait
1348 1691 157 58 donc
1558 1689 534 71 habituellement,
2143 1689 43 58 il
2234 1686 131 61 faut
2413 1688 56 57 le
2519 1688 218 71 croire,

167 1790 57 57 la
276 1786 148 60 flûte
478 1801 59 43 et
589 1786 58 57 le
699 1783 289 60 tambour
1180 1795 60 44 et
1293 1782 135 80 plus
1491 1781 128 58 loin
1670 1801 151 38 nous
1886 1778 339 60 entendons
2273 1778 467 59 effectivement

241 1926 58 12 ...
329 1876 262 60 Trudon
628 1896 221 38 sonner
883 1874 73 59 de
988 1875 57 57 la
1078 1872 196 71 flutte,
1312 1872 197 59 battre
1543 1893 108 38 son
1687 1870 306 73 tabourin,
2022 1868 267 60 chascun
2323 1870 140 71 rire,
2492 1882 184 46 etc....

173 1970 104 60 On
313 1981 285 46 retrouve
631 1968 83 57 ici
748 1985 248 40 comme
1031 1964 303 58 d'ailleurs
1368 1984 72 37 en
1477 1962 299 80 plusieurs
1809 1975 198 45 autres
2032 1960 272 58 endroits
2339 1959 402 81 l'expression

247 2079 221 40 sonner
589 2056 148 59 d'un
789 2058 371 57 instrument
1203 2053 84 80 (et
1321 2074 124 37 non
1552 2053 180 78 jouer
1847 2072 246 39 comme
2126 2049 460 79 actuellement)
2630 2050 108 80 qui

169 2167 88 44 est
292 2149 400 81 l'équivalent
729 2148 73 60 de
835 2147 257 59 l'italien
1219 2145 291 70 Suonare,
1548 2144 225 58 Sonare
1894 2143 416 80 s'appliquant
2357 2163 121 37 aux
2511 2141 197 59 instru-

169 2255 201 47 ments
404 2241 32 58 à
469 2253 145 45 vent
649 2253 60 45 et
743 2237 32 59 à
809 2237 212 59 archet
1057 2262 14 47 ;
1110 2257 78 37 on
1223 2235 269 80 appelait
1533 2232 229 83 parfois
1865 2233 326 58 Suonatori
2291 2233 83 58 les
2409 2232 331 58 musiciens

168 2333 239 60 italiens
442 2332 108 80 qui
574 2331 282 80 jouaient
892 2328 462 59 d'instruments
1387 2340 201 45 autres
1623 2346 120 60 que
1776 2326 57 58 le
1859 2324 226 59 clavier
2215 2337 60 45 et
2300 2324 56 58 la
2455 2323 221 59 Sonate

168 2425 151 59 était
353 2445 120 37 une
509 2420 174 83 pièce
718 2421 75 58 de
829 2420 285 80 musique
1149 2416 274 61 destinée
1456 2439 123 37 aux
1611 2416 234 71 violon,
1880 2416 192 58 violes
2107 2429 116 45 etc.

352 2515 89 58 La
474 2512 150 60 flûte
658 2511 151 60 dont
843 2531 155 38 nous
1033 2530 186 39 avons
1252 2530 83 37 vu
1368 2510 56 57 le
1537 2506 214 61 Grand
1787 2507 363 80 Gargantua
2252 2525 60 38 se
2346 2505 207 71 servir,
2591 2505 149 58 celle

167 2605 73 60 de
366 2605 297 58 Alemant
781 2616 60 45 et
892 2601 151 59 celle
1167 2599 32 59 à
1249 2620 34 57 9
1321 2614 180 44 trouz
1627 2595 277 84 apparaît
1945 2618 218 38 encore
2200 2616 118 39 une
2352 2594 116 61 fois
2505 2594 144 59 dans
2682 2595 56 57 le

170 2698 186 59 Livre
391 2696 94 60 IV
530 2694 133 81 (62)
894 2694 56 57 le
1001 2713 222 38 suzeau
1274 2689 157 61 croît
1485 2690 136 80 plus
1670 2709 221 38 canore
1925 2703 60 43 et
2021 2689 134 80 plus
2191 2700 138 68 apte
2364 2707 77 38 au
2480 2685 106 80 jeu
2639 2685 102 60 des

165 2787 203 61 fluttes
404 2808 74 37 en
512 2807 149 60 pays
695 2784 228 81 onquel
956 2783 55 58 le
1048 2782 187 59 chant
1269 2782 103 58 des
1407 2802 146 60 coqs
1588 2802 75 37 ne
1697 2780 180 59 serait
1913 2801 188 58 ouy...

352 2879 86 58 La
473 2874 233 61 famille
742 2874 100 60 des
878 2873 129 60 bois
1042 2873 149 58 n'est
1226 2893 105 60 pas
1364 2873 340 57 seulement
1740 2867 380 85 représentée
2155 2890 107 59 par
2295 2868 83 58 les
2411 2865 176 61 flûtes
2624 2888 11 37 :
2682 2868 56 57 le

167 2968 289 61 hautbois
511 2990 39 58 y
615 2964 113 61 fait
794 2986 119 37 une
978 2964 351 80 apparition
1489 3009 55 13 ...
1586 2963 79 57 Et
1724 2963 83 56 les
1863 2959 476 82 complanissant
2397 2980 75 37 en
2530 2958 211 59 claires

168 3061 336 83 garrigues,
540 3072 60 45 et
635 3057 184 59 belles
854 3053 289 74 bruières,
1172 3055 219 80 jouant
1425 3053 102 59 des
1560 3051 345 82 haulxboys
1950 3066 59 43 et
2044 3048 327 84 préparant
2416 3051 84 58 les
2549 3048 192 83 sièges

167 3173 158 61 pour
358 3151 56 59 la
450 3150 174 58 nuict
661 3147 80 60 du
766 3149 394 80 jugement...
1266 3144 126 81 (111
1438 3144 85 80 3).
1586 3144 54 57 Il
1674 3156 86 46 est
1796 3144 256 58 curieux
2087 3141 75 58 de
2200 3141 136 58 voir
2384 3141 259 58 associer
2686 3141 55 58 le

168 3240 289 61 hautbois
508 3239 32 58 à
588 3236 367 61 l'évocation
1002 3235 150 60 d'un
1198 3234 237 59 tableau
1472 3234 304 80 religieux
1809 3246 59 45 et
1901 3232 127 58 l'on
2064 3253 75 37 ne
2172 3245 150 67 peut
2356 3230 386 82 s'empêcher

169 3333 75 59 de
307 3352 221 61 songer
583 3352 76 37 au
723 3329 189 58 vieux
968 3326 168 61 Noël
1283 3325 319 80 villatique
1750 3323 539 59 universellement
2346 3343 226 51 connu,
2633 3321 108 82 qui

168 3423 278 84 présente
471 3423 57 58 la
554 3420 207 60 même
782 3419 384 60 association.
1195 3418 300 58 Pourtant
1520 3417 55 58 le
1603 3414 240 61 tableau
1877 3411 240 83 évoqué
2153 3427 86 45 est
2273 3410 124 62 fort
2431 3411 310 74 différent,

168 3530 61 45 et
263 3516 44 57 il
341 3514 180 59 serait
549 3513 134 81 plus
710 3509 321 61 conforme
1057 3508 32 60 à
1114 3508 331 60 l'Ecriture
1472 3528 121 61 que
1618 3508 55 57 le
2197 3503 95 61 fut
2320 3502 421 83 accompagné

169 3606 75 59 de
277 3606 56 58 la
368 3617 359 69 trompette,
762 3602 173 58 voire
970 3601 73 59 de
1076 3601 56 58 la
1166 3598 439 83 sacqueboutte
1642 3619 118 60 que
1795 3596 101 59 des
1993 3593 344 84 haulxboys

353 3696 117 58 Les
495 3695 402 59 instruments
923 3690 32 61 à
981 3706 146 45 vent
1152 3711 60 38 se
1240 3687 382 83 complètent
1650 3709 220 38 encore
1892 3686 83 60 du
2000 3685 304 82 flageolet,
2328 3707 122 51 car,
2482 3683 119 82 (IV
2630 3685 104 81 31)
