2855 4036
651 357 501 71 RABELAIS
1218 357 134 71 ET
1416 357 137 68 LA
1616 354 467 84 MUSIQUE

2546 377 93 73 35

77 510 372 58 civilisation
515 508 234 80 aiguise
812 508 252 83 l'esprit,
1133 522 174 45 notre
1373 503 163 84 gaîté
1596 520 86 44 est
1741 504 203 58 moins
2002 503 454 75 déboutonnée,
2513 507 137 80 plus

80 600 258 59 discrète
372 615 59 44 et
467 601 112 57 elle
614 600 266 59 s'exerce
926 615 257 46 souvent
1233 620 101 38 sur
1384 597 102 59 des
1606 597 384 80 quiproquos
2112 597 136 81 plus
2295 596 246 82 fragiles
2590 612 59 46 et

80 692 205 59 même
334 692 203 59 moins
585 691 558 60 invraisemblables
1193 711 120 60 que
1365 709 157 38 ceux
1573 687 73 59 de
1690 686 302 60 Rabelais.
2033 687 100 59 On
2173 704 144 66 peut
2353 690 204 58 même
2592 710 58 38 se

78 783 332 59 demander
444 784 47 58 si
525 798 162 44 cette
724 781 163 83 gaîté
926 785 151 57 n'est
1120 803 101 61 pas
1271 780 339 60 seulement
1663 799 117 37 une
1830 775 199 61 forme
2080 779 74 58 de
2204 795 173 43 notre
2427 783 192 80 scepti-

78 875 211 70 cisme,
343 875 317 59 tellement
713 875 111 59 elle
875 889 86 45 est
1012 870 325 61 différente
1389 869 74 60 de
1515 870 54 57 la
1628 889 203 61 grosse
1873 868 128 80 joie
2061 871 270 79 gauloise
2389 871 148 60 dont
2596 874 54 57 la

81 967 287 81 musique
418 964 111 60 fait
580 963 399 82 allègrement
1030 965 81 58 les
1159 962 164 72 frais,
1375 982 249 38 comme
1674 981 154 38 nous
1877 981 230 39 venons
2157 962 73 58 de
2264 963 52 57 le
2353 964 295 80 rappeler.

81 1058 211 59 Certes
327 1078 78 39 on
442 1056 223 61 chante
702 1078 221 37 encore
956 1078 74 37 au
1068 1054 272 83 quartier
1373 1053 152 58 latin
1561 1067 58 43 et
1655 1049 31 61 à
1726 1052 425 58 Montmartre
2202 1053 99 60 des
2354 1053 299 61 chansons

80 1150 151 58 dont
266 1151 55 57 le
357 1147 221 61 refrain
618 1164 219 44 trouve
872 1169 107 38 son
1017 1145 241 60 modèle
1294 1145 146 59 dans
1473 1146 56 57 le
1564 1145 71 58 L.
1676 1145 56 57 V
1778 1142 123 83 (ch.
1943 1143 61 82 6)
2044 1165 12 38 :

867 1275 72 52 Ils
971 1274 112 53 s'en
1115 1274 343 72 repentiront
1487 1272 303 54 don-daine
1822 1272 10 54 !

865 1353 72 53 Ils
970 1353 110 53 s'en
1112 1352 344 73 repentiront
1486 1350 255 55 don-don
1775 1350 9 54 !

265 1490 169 58 Mais
467 1489 203 81 lequel
706 1489 72 57 de
814 1508 106 38 nos
955 1485 307 61 confrères
1291 1506 168 39 osera
1494 1484 241 61 s'écrier
1766 1506 12 37 :

729 1580 101 60 Un
885 1593 199 46 motet
1134 1593 345 44 entonnons
1516 1578 12 59 !
1689 1574 105 65 Où
1841 1592 87 45 est
1982 1599 147 37 mon
2166 1593 384 46 entonnouer
2634 1580 19 60 ?

92 1672 54 81 (ï
179 1669 84 84 5-)

268 1762 191 62 Hélas
496 1763 10 62 !
572 1764 105 59 Un
732 1777 197 44 motet
988 1763 155 58 n'est
1201 1763 135 81 plus
1392 1762 331 59 l'occasion
1783 1760 72 61 de
1914 1762 139 72 rire,
2113 1762 62 58 ni
2236 1760 73 60 de
2364 1759 152 61 faire
2575 1783 82 37 un

84 1854 355 61 calembour
482 1877 12 37 :
556 1854 428 60 demandez-le
1040 1854 206 83 plutôt
1310 1852 32 61 à
1409 1875 159 38 ceux
1633 1854 108 82 qui
1801 1853 295 60 distillent
2155 1854 56 58 la
2274 1853 383 84 polyphonie

84 1946 339 61 médiévale
472 1961 60 46 et
580 1947 362 59 renaissante
989 1966 182 62 parce
1218 1946 191 81 qu'on
1445 1947 131 57 leur
1610 1967 32 37 a
1677 1945 89 59 dit
1925 1946 81 58 tel
2055 1946 55 58 le
2145 1945 327 58 laboureur
2507 1943 30 60 à
2573 1966 84 38 ses

84 2037 237 63 enfants
478 2039 191 81 qu'un
706 2035 193 63 trésor
933 2054 87 44 est
1055 2036 188 61 caché
1281 2036 225 61 dedans
1536 2039 85 58 ?...

1937 2183 79 59 A.
2072 2183 404 59 Machabey.
