2855 4036
723 268 528 74 L'ORIGINE
1317 268 137 69 DE
1521 268 134 69 LA
1721 268 461 84 MUSIQUE

2637 294 93 70 25

164 419 309 61 s'efforcer
507 419 424 82 d'accomplir.
971 421 87 58 Le
1110 418 239 61 célèbre
1386 418 325 71 Whistler,
1748 415 32 60 à
1815 419 107 79 qui
1973 440 77 37 on
2088 423 230 57 vantait
2356 423 101 58 des
2510 438 231 66 aspects

167 526 137 44 tout
353 510 219 82 pareils
623 508 29 61 à
705 532 159 38 ceux
899 512 73 57 de
1009 532 86 37 ses
1131 509 303 71 tableaux,
1472 505 290 83 répondit
1799 528 11 37 :
1921 509 147 71 Oui,
2111 510 104 80 j'ai
2262 513 323 81 remarqué
2623 534 118 60 que

164 603 56 58 la
256 617 214 43 nature
526 601 198 60 faisait
778 603 212 57 mieux
1025 602 215 81 depuis
1275 599 268 82 quelque
1581 613 219 66 temps.
1919 602 90 57 Ce
2059 602 151 59 n'est
2266 625 102 59 pas
2402 606 338 57 seulement

167 714 119 38 une
352 692 267 60 boutade
685 693 348 80 d'ironique
1098 691 256 80 orgueil.
1428 691 178 56 Ceux
1672 689 109 79 qui
1847 705 107 43 ont
2013 691 101 59 des
2177 715 163 59 yeux
2399 716 155 60 pour
2606 696 135 57 voir

167 799 396 66 remarquent
600 806 119 59 que
753 785 55 58 la
845 799 234 56 nature,
1109 781 213 81 depuis
1350 781 298 79 quelques
1682 778 242 75 années,
1955 804 261 38 renonce
2252 783 32 59 à
2313 808 94 36 ces
2443 785 297 59 couchers

167 874 72 59 de
276 876 170 57 soleil
483 876 107 80 qui
625 875 498 81 impatientaient
1161 871 192 58 Oscar
1390 868 232 60 Wilde.
1664 870 133 58 Elle
1833 893 159 36 cesse
2026 872 272 60 d'imiter
2346 877 81 58 les
2474 877 266 80 peintres

167 966 72 57 de
280 966 481 60 Fontainebleau
798 980 57 43 et
891 965 247 58 devient
1195 961 545 81 impressionniste.
1799 964 133 57 Elle
1987 965 232 58 retarde
2255 990 12 46 ;
2322 968 42 58 il
2411 966 131 61 faut
2591 968 120 58 l'ex-

168 1078 174 38 cuser
379 1079 10 37 :
431 1058 112 58 elle
578 1079 32 36 a
647 1070 128 45 tant
812 1055 30 59 à
878 1054 150 60 faire
1068 1054 9 57 !

352 1148 282 58 L'artiste
668 1162 87 43 est
789 1148 53 57 le
880 1145 307 80 magicien
1225 1142 73 58 de
1333 1143 55 57 la
1430 1140 242 74 beauté,
1710 1143 294 82 puisqu'il
2040 1166 32 35 a
2105 1148 124 56 seul
2279 1148 54 57 le
2369 1149 263 79 pouvoir
2666 1148 72 58 de

167 1260 152 38 nous
372 1241 55 55 la
478 1239 213 57 rendre
728 1236 272 60 sensible.
1042 1237 89 57 La
1183 1234 284 80 musique
1524 1234 151 59 n'est
1728 1257 102 60 pas
1881 1234 357 84 privilégiée
2277 1260 12 36 :
2340 1256 136 42 tous
2507 1241 83 57 les
2623 1253 117 45 arts

164 1345 136 44 sont
337 1331 342 80 magiques,
731 1329 152 58 mais
935 1328 56 57 le
1043 1323 287 81 sortilège
1366 1346 38 60 y
1439 1340 87 44 est
1564 1327 200 60 moins
1799 1342 294 66 apparent
2140 1328 117 60 s'ils
2302 1331 55 57 le
2406 1329 334 59 traduisent

168 1441 105 60 par
325 1421 83 57 les
460 1418 226 60 formes
720 1418 257 59 usuelles
1013 1416 73 58 de
1138 1417 56 56 la
1247 1429 234 47 nature.
1524 1416 98 57 De
1675 1417 56 59 là
1782 1439 97 38 ces
1931 1415 353 83 fréquentes
2319 1421 423 57 accointances

165 1526 171 45 entre
394 1512 53 58 la
502 1511 201 81 magie
757 1525 59 43 et
869 1511 84 57 les
1005 1523 138 57 arts,
1199 1506 570 81 particulièrement
1822 1511 137 57 l'art
2007 1510 372 61 immatériel
2432 1511 101 59 des
2586 1531 152 40 sons.

168 1604 169 57 Mais
394 1604 55 56 la
499 1603 204 78 magie
753 1623 74 35 ne
877 1601 130 57 leur
1057 1613 86 44 est
1195 1619 103 60 pas
1348 1597 363 64 antérieure.
1767 1601 102 60 On
1918 1623 75 37 ne
2049 1618 146 66 peut
2246 1604 329 57 concevoir
2623 1623 118 37 une

165 1690 226 61 société
446 1693 295 57 humaine
794 1712 131 38 sans
959 1704 140 57 arts,
1136 1710 104 60 pas
1292 1690 135 80 plus
1462 1691 226 80 qu'une
1743 1690 228 61 société
2026 1714 130 38 sans
2203 1694 259 80 langage
2498 1714 80 37 ou
2613 1713 129 38 sans

167 1783 318 60 industrie.
525 1783 103 60 On
680 1797 148 67 peut
864 1780 330 60 concevoir
1231 1802 119 37 une
1385 1780 228 61 société
1665 1803 131 40 sans
1848 1784 225 81 magie.
2114 1785 100 59 Au
2265 1785 122 59 lieu
2444 1806 118 59 que
2611 1783 130 58 l'art

165 1876 116 58 soit
319 1897 80 36 un
436 1896 96 37 cas
582 1874 357 82 particulier
973 1872 73 58 de
1096 1873 56 57 la
1202 1873 227 79 magie,
1466 1876 108 78 qui
1623 1876 112 57 sait
1771 1877 47 57 si
1852 1877 55 56 la
1943 1877 204 80 magie
2187 1877 151 58 n'est
2390 1897 103 60 pas
2529 1897 77 37 un
2647 1895 95 38 cas

169 1967 355 81 particulier
581 1966 73 58 de
710 1966 134 58 l'art
879 1967 18 57 ?
960 1964 89 59 La
1108 1962 217 61 beauté
1388 1964 388 61 multiforme
1828 1982 60 43 et
1940 1989 130 38 sans
2128 1990 148 37 nom
2327 1989 119 59 que
2496 1966 248 59 l'artiste

167 2058 280 80 poursuit
482 2079 58 37 se
577 2058 201 70 serait,
814 2076 159 62 pour
1007 2056 262 57 certains
1303 2058 216 79 esprits
1575 2058 133 80 plus
1764 2060 308 80 grossiers,
2110 2057 321 61 concrétée
2479 2080 71 36 en
2589 2058 152 58 êtres

165 2149 279 59 distincts
479 2149 178 81 qu'ils
691 2146 341 84 essayèrent
1066 2146 416 81 d'interpeller
1517 2147 404 82 séparément.
1962 2152 89 58 Ce
2087 2165 136 45 sont
2262 2149 55 59 là
2355 2149 99 59 des
2490 2149 216 59 conclu-

164 2240 161 58 sions
391 2253 201 44 toutes
658 2239 333 59 contraires
1056 2235 30 60 à
1152 2238 178 57 celles
1392 2238 74 58 de
1528 2240 99 58 M.
1692 2241 377 59 Combarieu
2106 2267 13 45 ;
2189 2243 139 57 elles
2394 2240 347 81 s'inspirent

165 2330 343 82 cependant
544 2330 75 59 de
653 2352 86 38 ses
775 2349 371 60 remarques.
1206 2329 87 57 Le
1349 2332 282 57 meilleur
1684 2330 176 83 éloge
1896 2334 191 80 qu'on
2144 2334 201 80 puisse
2397 2330 148 60 faire
2599 2330 142 59 d'un

165 2422 174 70 livre,
379 2420 142 60 c'est
559 2422 154 80 qu'il
750 2420 202 60 donne
988 2417 31 59 à
1056 2439 230 60 penser.

2075 2516 190 57 Louis
2316 2516 244 57 Laloy.
