<?xml version="1.0" encoding="UTF-8"?>
<alto xmlns:xsi="http://www.w3.org/2001/XMLSchema-instance" xmlns="http://www.loc.gov/standards/alto/ns-v2#" xsi:schemaLocation="http://www.loc.gov/standards/alto/ns-v2# http://www.loc.gov/standards/alto/alto-v2.0.xsd" xmlns:xlink="http://www.w3.org/1999/xlink">
	<Description>
		<MeasurementUnit>mm10</MeasurementUnit>
		<sourceImageInformation>
			<fileName>//fileserver7/IN2/Princeton/Batch3/bmtnabh/1913/09/15_01/00000111.tif</fileName>
		</sourceImageInformation>
		<OCRProcessing ID="OCRPROCESSING_1">
			<preProcessingStep>
				<processingSoftware>
					<softwareCreator>CCS Content Conversion Specialists GmbH, Germany</softwareCreator>
					<softwareName>CCS docWORKS</softwareName>
					<softwareVersion>6.6-1.18</softwareVersion>
				</processingSoftware>
			</preProcessingStep>
			<ocrProcessingStep>
				<processingSoftware>
					<softwareCreator>ABBYY (BIT Software), Russia</softwareCreator>
					<softwareName>FineReader</softwareName>
					<softwareVersion>10.0</softwareVersion>
				</processingSoftware>
			</ocrProcessingStep>
		</OCRProcessing>
	</Description>
	<Styles>
		<TextStyle ID="TXT_0" FONTSIZE="28" FONTFAMILY="Times New Roman"/>
		<TextStyle ID="TXT_1" FONTSIZE="23" FONTFAMILY="Times New Roman"/>
		<TextStyle ID="TXT_2" FONTSIZE="21" FONTFAMILY="Times New Roman"/>
		<TextStyle ID="TXT_3" FONTSIZE="21" FONTFAMILY="Times New Roman" FONTSTYLE="italics"/>
		<TextStyle ID="TXT_4" FONTSIZE="14" FONTFAMILY="Times New Roman"/>
		<TextStyle ID="TXT_5" FONTSIZE="14" FONTFAMILY="Times New Roman" FONTSTYLE="italics"/>
		<ParagraphStyle ID="PAR_CENTER" ALIGN="Center"/>
		<ParagraphStyle ID="PAR_RIGHT" ALIGN="Right"/>
		<ParagraphStyle ID="PAR_BLOCK" ALIGN="Block"/>
		<ParagraphStyle ID="PAR_LEFT" ALIGN="Left"/>
	</Styles>
	<Layout>
		<Page ID="P32" PHYSICAL_IMG_NR="32" HEIGHT="4036" WIDTH="2855" PC="0.891">
			<TopMargin ID="P32_TM00001" HPOS="0" VPOS="0" WIDTH="2855" HEIGHT="304"/>
			<LeftMargin ID="P32_LM00001" HPOS="0" VPOS="304" WIDTH="131" HEIGHT="3538"/>
			<RightMargin ID="P32_RM00001" HPOS="2737" VPOS="304" WIDTH="118" HEIGHT="3538"/>
			<BottomMargin ID="P32_BM00001" HPOS="0" VPOS="3842" WIDTH="2855" HEIGHT="194"/>
			<PrintSpace ID="P32_PS00001" HPOS="131" VPOS="304" WIDTH="2606" HEIGHT="3538">
				<TextBlock ID="P32_TB00001" HPOS="719" VPOS="304" WIDTH="1442" HEIGHT="88" STYLEREFS="TXT_0 PAR_CENTER">
					<TextLine ID="P32_TL00001" HPOS="720" VPOS="304" WIDTH="1441" HEIGHT="88">
						<String ID="P32_ST00001" HPOS="720" VPOS="304" WIDTH="506" HEIGHT="71" CONTENT="RABELAIS" WC="1.00" CC="00004000"/>
						<SP ID="P32_SP00001" HPOS="1226" VPOS="375" WIDTH="63"/>
						<String ID="P32_ST00002" HPOS="1289" VPOS="307" WIDTH="138" HEIGHT="68" CONTENT="ET" WC="0.85" CC="20"/>
						<SP ID="P32_SP00002" HPOS="1427" VPOS="375" WIDTH="63"/>
						<String ID="P32_ST00003" HPOS="1490" VPOS="309" WIDTH="135" HEIGHT="69" CONTENT="LA" WC="1.00" CC="00"/>
						<SP ID="P32_SP00003" HPOS="1625" VPOS="378" WIDTH="66"/>
						<String ID="P32_ST00004" HPOS="1691" VPOS="307" WIDTH="470" HEIGHT="85" CONTENT="MUSIQUE" WC="0.99" CC="0500004"/>
						<SP ID="P32_SP00004" HPOS="2161" VPOS="392" WIDTH="0"/>
					</TextLine>
				</TextBlock>
				<TextBlock ID="P32_TB00002" HPOS="2625" VPOS="337" WIDTH="103" HEIGHT="72" STYLEREFS="TXT_1 PAR_RIGHT">
					<TextLine ID="P32_TL00002" HPOS="2625" VPOS="338" WIDTH="101" HEIGHT="70">
						<String ID="P32_ST00005" HPOS="2625" VPOS="338" WIDTH="37" HEIGHT="46" CONTENT="2" WC="0.32" CC="6"/>
						<SP ID="P32_SP00005" HPOS="2662" VPOS="384" WIDTH="21"/>
						<String ID="P32_ST00006" HPOS="2683" VPOS="338" WIDTH="43" HEIGHT="70" CONTENT="9" WC="0.78" CC="2"/>
					</TextLine>
				</TextBlock>
				<TextBlock ID="P32_TB00003" HPOS="133" VPOS="452" WIDTH="2604" HEIGHT="3114" STYLEREFS="TXT_2 PAR_BLOCK">
					<TextLine ID="P32_TL00003" HPOS="331" VPOS="452" WIDTH="2402" HEIGHT="87">
						<String ID="P32_ST00007" HPOS="331" VPOS="454" WIDTH="170" HEIGHT="59" CONTENT="Mais" WC="0.98" CC="0530"/>
						<SP ID="P32_SP00006" HPOS="501" VPOS="513" WIDTH="37"/>
						<String ID="P32_ST00008" HPOS="538" VPOS="475" WIDTH="119" HEIGHT="60" CONTENT="que" WC="0.98" CC="310"/>
						<SP ID="P32_SP00007" HPOS="657" VPOS="535" WIDTH="36"/>
						<String ID="P32_ST00009" HPOS="693" VPOS="452" WIDTH="242" HEIGHT="86" CONTENT="signifie" WC="0.99" CC="00110770"/>
						<SP ID="P32_SP00008" HPOS="935" VPOS="538" WIDTH="36"/>
						<String ID="P32_ST00010" HPOS="971" VPOS="455" WIDTH="155" HEIGHT="61" CONTENT="chez" WC="0.99" CC="0500"/>
						<SP ID="P32_SP00009" HPOS="1126" VPOS="538" WIDTH="34"/>
						<String ID="P32_ST00011" HPOS="1160" VPOS="456" WIDTH="35" HEIGHT="59" CONTENT="1'" WC="0.94" CC="10"/>
						<SP ID="P32_SP00010" HPOS="1195" VPOS="538" WIDTH="40"/>
						<String ID="P32_ST00012" HPOS="1235" VPOS="465" WIDTH="37" HEIGHT="23" CONTENT='"' WC="0.91" CC="0"/>
						<SP ID="P32_SP00011" HPOS="1272" VPOS="538" WIDTH="29"/>
						<String ID="P32_ST00013" HPOS="1301" VPOS="456" WIDTH="409" HEIGHT="60" CONTENT="Abstracteur" WC="0.76" CC="24020603060"/>
						<SP ID="P32_SP00012" HPOS="1710" VPOS="538" WIDTH="34"/>
						<String ID="P32_ST00014" HPOS="1744" VPOS="458" WIDTH="75" HEIGHT="58" CONTENT="de" WC="0.97" CC="00"/>
						<SP ID="P32_SP00013" HPOS="1819" VPOS="538" WIDTH="36"/>
						<String ID="P32_ST00015" HPOS="1855" VPOS="460" WIDTH="217" HEIGHT="79" CONTENT="quinte" WC="0.98" CC="660013"/>
						<SP ID="P32_SP00014" HPOS="2072" VPOS="539" WIDTH="35"/>
						<String ID="P32_ST00016" HPOS="2107" VPOS="483" WIDTH="239" HEIGHT="38" CONTENT="essence" WC="1.00" CC="0000200"/>
						<SP ID="P32_SP00015" HPOS="2346" VPOS="539" WIDTH="31"/>
						<String ID="P32_ST00017" HPOS="2377" VPOS="463" WIDTH="30" HEIGHT="20" CONTENT='"' WC="0.96" CC="0"/>
						<SP ID="P32_SP00016" HPOS="2407" VPOS="539" WIDTH="42"/>
						<String ID="P32_ST00018" HPOS="2449" VPOS="464" WIDTH="53" HEIGHT="57" CONTENT="le" WC="0.74" CC="50"/>
						<SP ID="P32_SP00017" HPOS="2502" VPOS="539" WIDTH="37"/>
						<String ID="P32_ST00019" HPOS="2539" VPOS="478" WIDTH="194" HEIGHT="46" CONTENT="terme" WC="1.00" CC="30000"/>
					</TextLine>
					<TextLine ID="P32_TL00004" HPOS="144" VPOS="545" WIDTH="2589" HEIGHT="89">
						<String ID="P32_ST00020" HPOS="144" VPOS="553" WIDTH="39" HEIGHT="23" CONTENT='"' WC="0.65" CC="3" STYLEREFS="TXT_3"/>
						<SP ID="P32_SP00018" HPOS="183" VPOS="576" WIDTH="37"/>
						<String ID="P32_ST00021" HPOS="220" VPOS="545" WIDTH="356" HEIGHT="60" CONTENT="monochorde" WC="0.76" CC="1505004006" STYLEREFS="TXT_3"/>
						<SP ID="P32_SP00019" HPOS="576" VPOS="605" WIDTH="36"/>
						<String ID="P32_ST00022" HPOS="612" VPOS="546" WIDTH="35" HEIGHT="22" CONTENT='"' WC="0.36" CC="6"/>
						<SP ID="P32_SP00020" HPOS="647" VPOS="605" WIDTH="26"/>
						<String ID="P32_ST00023" HPOS="673" VPOS="548" WIDTH="18" HEIGHT="58" CONTENT="?" WC="0.54" CC="4"/>
						<SP ID="P32_SP00021" HPOS="691" VPOS="606" WIDTH="41"/>
						<String ID="P32_ST00024" HPOS="732" VPOS="568" WIDTH="79" HEIGHT="38" CONTENT="on" WC="0.83" CC="30"/>
						<SP ID="P32_SP00022" HPOS="811" VPOS="606" WIDTH="35"/>
						<String ID="P32_ST00025" HPOS="846" VPOS="549" WIDTH="181" HEIGHT="60" CONTENT="serait" WC="0.99" CC="010005"/>
						<SP ID="P32_SP00023" HPOS="1027" VPOS="609" WIDTH="34"/>
						<String ID="P32_ST00026" HPOS="1061" VPOS="549" WIDTH="259" HEIGHT="58" CONTENT="d'abord" WC="0.99" CC="6050500"/>
						<SP ID="P32_SP00024" HPOS="1320" VPOS="609" WIDTH="27"/>
						<String ID="P32_ST00027" HPOS="1347" VPOS="546" WIDTH="171" HEIGHT="63" CONTENT="tenté" WC="0.98" CC="10307"/>
						<SP ID="P32_SP00025" HPOS="1518" VPOS="609" WIDTH="38"/>
						<String ID="P32_ST00028" HPOS="1556" VPOS="549" WIDTH="370" HEIGHT="60" CONTENT="d'admettre" WC="1.00" CC="0060000501"/>
						<SP ID="P32_SP00026" HPOS="1926" VPOS="609" WIDTH="35"/>
						<String ID="P32_ST00029" HPOS="1961" VPOS="552" WIDTH="155" HEIGHT="81" CONTENT="qu'il" WC="0.99" CC="00041"/>
						<SP ID="P32_SP00027" HPOS="2116" VPOS="633" WIDTH="36"/>
						<String ID="P32_ST00030" HPOS="2152" VPOS="554" WIDTH="175" HEIGHT="80" CONTENT="s'agit" WC="0.99" CC="000525"/>
						<SP ID="P32_SP00028" HPOS="2327" VPOS="634" WIDTH="28"/>
						<String ID="P32_ST00031" HPOS="2355" VPOS="554" WIDTH="74" HEIGHT="60" CONTENT="de" WC="1.00" CC="00"/>
						<SP ID="P32_SP00029" HPOS="2429" VPOS="634" WIDTH="34"/>
						<String ID="P32_ST00032" HPOS="2463" VPOS="555" WIDTH="240" HEIGHT="61" CONTENT="l'instru" SUBS_TYPE="HypPart1" SUBS_CONTENT="l'instrument" WC="0.99" CC="61210500"/>
						<HYP HPOS="2703" VPOS="555" WIDTH="30" CONTENT="-"/>
					</TextLine>
					<TextLine ID="P32_TL00005" HPOS="143" VPOS="635" WIDTH="2588" HEIGHT="94">
						<String ID="P32_ST00033" HPOS="143" VPOS="653" WIDTH="174" HEIGHT="45" CONTENT="ment" SUBS_TYPE="HypPart2" SUBS_CONTENT="l'instrument" WC="0.98" CC="0141"/>
						<SP ID="P32_SP00030" HPOS="317" VPOS="698" WIDTH="52"/>
						<String ID="P32_ST00034" HPOS="369" VPOS="638" WIDTH="72" HEIGHT="58" CONTENT="de" WC="1.00" CC="00"/>
						<SP ID="P32_SP00031" HPOS="441" VPOS="698" WIDTH="56"/>
						<String ID="P32_ST00035" HPOS="497" VPOS="635" WIDTH="241" HEIGHT="63" CONTENT="théorie" WC="0.99" CC="0670000"/>
						<SP ID="P32_SP00032" HPOS="738" VPOS="698" WIDTH="47"/>
						<String ID="P32_ST00036" HPOS="785" VPOS="638" WIDTH="151" HEIGHT="61" CONTENT="dont" WC="0.98" CC="0350"/>
						<SP ID="P32_SP00033" HPOS="936" VPOS="699" WIDTH="54"/>
						<String ID="P32_ST00037" HPOS="990" VPOS="640" WIDTH="44" HEIGHT="59" CONTENT="il" WC="0.77" CC="22"/>
						<SP ID="P32_SP00034" HPOS="1034" VPOS="699" WIDTH="52"/>
						<String ID="P32_ST00038" HPOS="1086" VPOS="656" WIDTH="88" HEIGHT="43" CONTENT="est" WC="0.98" CC="301"/>
						<SP ID="P32_SP00035" HPOS="1174" VPOS="699" WIDTH="54"/>
						<String ID="P32_ST00039" HPOS="1228" VPOS="640" WIDTH="287" HEIGHT="80" CONTENT="question" WC="1.00" CC="04002000"/>
						<SP ID="P32_SP00036" HPOS="1515" VPOS="720" WIDTH="51"/>
						<String ID="P32_ST00040" HPOS="1566" VPOS="639" WIDTH="156" HEIGHT="60" CONTENT="chez" WC="1.00" CC="0000"/>
						<SP ID="P32_SP00037" HPOS="1722" VPOS="720" WIDTH="49"/>
						<String ID="P32_ST00041" HPOS="1771" VPOS="640" WIDTH="82" HEIGHT="59" CONTENT="les" WC="1.00" CC="000"/>
						<SP ID="P32_SP00038" HPOS="1853" VPOS="720" WIDTH="54"/>
						<String ID="P32_ST00042" HPOS="1907" VPOS="657" WIDTH="243" HEIGHT="46" CONTENT="auteurs" WC="0.99" CC="0430340"/>
						<SP ID="P32_SP00039" HPOS="2150" VPOS="720" WIDTH="51"/>
						<String ID="P32_ST00043" HPOS="2201" VPOS="646" WIDTH="80" HEIGHT="58" CONTENT="du" WC="0.97" CC="00"/>
						<SP ID="P32_SP00040" HPOS="2281" VPOS="720" WIDTH="54"/>
						<String ID="P32_ST00044" HPOS="2335" VPOS="649" WIDTH="396" HEIGHT="80" CONTENT="moyen-âge," WC="0.99" CC="0350330024"/>
					</TextLine>
					<TextLine ID="P32_TL00006" HPOS="145" VPOS="727" WIDTH="2587" HEIGHT="92">
						<String ID="P32_ST00045" HPOS="145" VPOS="727" WIDTH="201" HEIGHT="61" CONTENT="Boèce" WC="0.59" CC="60750"/>
						<SP ID="P32_SP00041" HPOS="346" VPOS="788" WIDTH="52"/>
						<String ID="P32_ST00046" HPOS="398" VPOS="751" WIDTH="74" HEIGHT="37" CONTENT="en" WC="1.00" CC="00"/>
						<SP ID="P32_SP00042" HPOS="472" VPOS="788" WIDTH="52"/>
						<String ID="P32_ST00047" HPOS="524" VPOS="729" WIDTH="125" HEIGHT="60" CONTENT="tête" WC="0.99" CC="1020"/>
						<SP ID="P32_SP00043" HPOS="649" VPOS="789" WIDTH="32"/>
						<String ID="P32_ST00048" HPOS="681" VPOS="753" WIDTH="15" HEIGHT="49" CONTENT=";" WC="0.65" CC="3"/>
						<SP ID="P32_SP00044" HPOS="696" VPOS="802" WIDTH="52"/>
						<String ID="P32_ST00049" HPOS="748" VPOS="731" WIDTH="346" HEIGHT="81" CONTENT="cependant" WC="0.99" CC="205030023"/>
						<SP ID="P32_SP00045" HPOS="1094" VPOS="812" WIDTH="52"/>
						<String ID="P32_ST00050" HPOS="1146" VPOS="732" WIDTH="55" HEIGHT="57" CONTENT="la" WC="1.00" CC="00"/>
						<SP ID="P32_SP00046" HPOS="1201" VPOS="812" WIDTH="49"/>
						<String ID="P32_ST00051" HPOS="1250" VPOS="728" WIDTH="184" HEIGHT="83" CONTENT="façon" WC="0.98" CC="56200"/>
						<SP ID="P32_SP00047" HPOS="1434" VPOS="812" WIDTH="51"/>
						<String ID="P32_ST00052" HPOS="1485" VPOS="731" WIDTH="151" HEIGHT="58" CONTENT="dont" WC="0.99" CC="0103"/>
						<SP ID="P32_SP00048" HPOS="1636" VPOS="812" WIDTH="51"/>
						<String ID="P32_ST00053" HPOS="1687" VPOS="752" WIDTH="74" HEIGHT="37" CONTENT="en" WC="1.00" CC="00"/>
						<SP ID="P32_SP00049" HPOS="1761" VPOS="812" WIDTH="55"/>
						<String ID="P32_ST00054" HPOS="1816" VPOS="733" WIDTH="167" HEIGHT="79" CONTENT="parle" WC="1.00" CC="40000"/>
						<SP ID="P32_SP00050" HPOS="1983" VPOS="812" WIDTH="53"/>
						<String ID="P32_ST00055" HPOS="2036" VPOS="734" WIDTH="283" HEIGHT="63" CONTENT="Rabelais" WC="0.98" CC="40006638"/>
						<SP ID="P32_SP00051" HPOS="2319" VPOS="812" WIDTH="36"/>
						<String ID="P32_ST00056" HPOS="2355" VPOS="760" WIDTH="98" HEIGHT="35" CONTENT="me" WC="1.00" CC="00"/>
						<SP ID="P32_SP00052" HPOS="2453" VPOS="812" WIDTH="34"/>
						<String ID="P32_ST00057" HPOS="2487" VPOS="755" WIDTH="178" HEIGHT="64" CONTENT="porte" WC="1.00" CC="00000"/>
						<SP ID="P32_SP00053" HPOS="2665" VPOS="819" WIDTH="37"/>
						<String ID="P32_ST00058" HPOS="2702" VPOS="738" WIDTH="30" HEIGHT="61" CONTENT="à" WC="0.30" CC="6"/>
					</TextLine>
					<TextLine ID="P32_TL00007" HPOS="143" VPOS="821" WIDTH="2590" HEIGHT="89">
						<String ID="P32_ST00059" HPOS="143" VPOS="822" WIDTH="198" HEIGHT="58" CONTENT="croire" WC="0.99" CC="000107"/>
						<SP ID="P32_SP00054" HPOS="341" VPOS="880" WIDTH="35"/>
						<String ID="P32_ST00060" HPOS="376" VPOS="821" WIDTH="156" HEIGHT="81" CONTENT="qu'il" WC="0.99" CC="06200"/>
						<SP ID="P32_SP00055" HPOS="532" VPOS="902" WIDTH="35"/>
						<String ID="P32_ST00061" HPOS="567" VPOS="836" WIDTH="87" HEIGHT="46" CONTENT="est" WC="0.98" CC="104"/>
						<SP ID="P32_SP00056" HPOS="654" VPOS="902" WIDTH="54"/>
						<String ID="P32_ST00062" HPOS="708" VPOS="825" WIDTH="285" HEIGHT="78" CONTENT="question" WC="0.99" CC="05003003"/>
						<SP ID="P32_SP00057" HPOS="993" VPOS="903" WIDTH="54"/>
						<String ID="P32_ST00063" HPOS="1047" VPOS="822" WIDTH="81" HEIGHT="58" CONTENT="du" WC="0.76" CC="04"/>
						<SP ID="P32_SP00058" HPOS="1128" VPOS="903" WIDTH="1100"/>
						<String ID="P32_ST00064" HPOS="2228" VPOS="821" WIDTH="396" HEIGHT="72" CONTENT="manicordion^" WC="0.71" CC="002307001838" STYLEREFS="TXT_3"/>
						<String ID="P32_ST00065" HPOS="1626" VPOS="822" WIDTH="372" HEIGHT="61" CONTENT="instrument" WC="0.99" CC="3405010164"/>
						<SP ID="P32_SP00059" HPOS="2624" VPOS="903" WIDTH="-573"/>
						<String ID="P32_ST00066" HPOS="2051" VPOS="847" WIDTH="160" HEIGHT="40" CONTENT="assez" WC="1.00" CC="00000"/>
						<SP ID="P32_SP00060" HPOS="2624" VPOS="903" WIDTH="-354"/>
						<String ID="P32_ST00067" HPOS="2270" VPOS="830" WIDTH="289" HEIGHT="80" CONTENT="primitif," WC="0.99" CC="031035341"/>
						<SP ID="P32_SP00061" HPOS="2624" VPOS="910" WIDTH="-15"/>
						<String ID="P32_ST00068" HPOS="2609" VPOS="832" WIDTH="124" HEIGHT="59" CONTENT="mal" WC="0.96" CC="063"/>
					</TextLine>
					<TextLine ID="P32_TL00008" HPOS="143" VPOS="913" WIDTH="2588" HEIGHT="91">
						<String ID="P32_ST00069" HPOS="143" VPOS="934" WIDTH="207" HEIGHT="38" CONTENT="connu" WC="0.98" CC="01543"/>
						<SP ID="P32_SP00062" HPOS="350" VPOS="972" WIDTH="36"/>
						<String ID="P32_ST00070" HPOS="386" VPOS="934" WIDTH="243" HEIGHT="52" CONTENT="encore," WC="0.99" CC="0601001"/>
						<SP ID="P32_SP00063" HPOS="629" VPOS="986" WIDTH="37"/>
						<String ID="P32_ST00071" HPOS="666" VPOS="915" WIDTH="155" HEIGHT="58" CONTENT="mais" WC="1.00" CC="0020"/>
						<SP ID="P32_SP00064" HPOS="821" VPOS="986" WIDTH="34"/>
						<String ID="P32_ST00072" HPOS="855" VPOS="916" WIDTH="108" HEIGHT="79" CONTENT="qui" WC="0.97" CC="053"/>
						<SP ID="P32_SP00065" HPOS="963" VPOS="995" WIDTH="37"/>
						<String ID="P32_ST00073" HPOS="1000" VPOS="913" WIDTH="112" HEIGHT="60" CONTENT="dût" WC="0.97" CC="025"/>
						<SP ID="P32_SP00066" HPOS="1112" VPOS="995" WIDTH="35"/>
						<String ID="P32_ST00074" HPOS="1147" VPOS="935" WIDTH="60" HEIGHT="37" CONTENT="se" WC="1.00" CC="00"/>
						<SP ID="P32_SP00067" HPOS="1207" VPOS="995" WIDTH="34"/>
						<String ID="P32_ST00075" HPOS="1241" VPOS="934" WIDTH="327" HEIGHT="61" CONTENT="propager," WC="1.00" CC="001000001"/>
						<SP ID="P32_SP00068" HPOS="1568" VPOS="995" WIDTH="38"/>
						<String ID="P32_ST00076" HPOS="1606" VPOS="935" WIDTH="144" HEIGHT="38" CONTENT="avec" WC="1.00" CC="0000"/>
						<SP ID="P32_SP00069" HPOS="1750" VPOS="995" WIDTH="39"/>
						<String ID="P32_ST00077" HPOS="1789" VPOS="913" WIDTH="101" HEIGHT="60" CONTENT="des" WC="0.99" CC="003"/>
						<SP ID="P32_SP00070" HPOS="1890" VPOS="995" WIDTH="41"/>
						<String ID="P32_ST00078" HPOS="1931" VPOS="916" WIDTH="548" HEIGHT="77" CONTENT="transformations," WC="1.00" CC="5006000000415300"/>
						<SP ID="P32_SP00071" HPOS="2479" VPOS="995" WIDTH="28"/>
						<String ID="P32_ST00079" HPOS="2507" VPOS="922" WIDTH="224" HEIGHT="82" CONTENT="jusque" WC="0.99" CC="513050"/>
					</TextLine>
					<TextLine ID="P32_TL00009" HPOS="143" VPOS="1004" WIDTH="2592" HEIGHT="71">
						<String ID="P32_ST00080" HPOS="143" VPOS="1023" WIDTH="133" HEIGHT="40" CONTENT="vers" WC="0.99" CC="0040"/>
						<SP ID="P32_SP00072" HPOS="276" VPOS="1063" WIDTH="34"/>
						<String ID="P32_ST00081" HPOS="310" VPOS="1006" WIDTH="55" HEIGHT="57" CONTENT="le" WC="0.81" CC="30"/>
						<SP ID="P32_SP00073" HPOS="365" VPOS="1063" WIDTH="47"/>
						<String ID="P32_ST00082" HPOS="412" VPOS="1005" WIDTH="72" HEIGHT="58" CONTENT="16" WC="1.00" CC="00"/>
						<String ID="P32_ST00083" HPOS="491" VPOS="1005" WIDTH="52" HEIGHT="22" CONTENT="me" STYLE="superscript" WC="0.66" CC="42"/>
						<SP ID="P32_SP00074" HPOS="543" VPOS="1063" WIDTH="31"/>
						<String ID="P32_ST00084" HPOS="574" VPOS="1004" WIDTH="201" HEIGHT="61" CONTENT="siècle." WC="0.99" CC="0080003"/>
						<SP ID="P32_SP00075" HPOS="775" VPOS="1065" WIDTH="41"/>
						<String ID="P32_ST00085" HPOS="816" VPOS="1006" WIDTH="101" HEIGHT="60" CONTENT="On" WC="0.66" CC="06"/>
						<SP ID="P32_SP00076" HPOS="917" VPOS="1066" WIDTH="40"/>
						<String ID="P32_ST00086" HPOS="957" VPOS="1020" WIDTH="218" HEIGHT="43" CONTENT="trouve" WC="0.99" CC="200212"/>
						<SP ID="P32_SP00077" HPOS="1175" VPOS="1066" WIDTH="33"/>
						<String ID="P32_ST00087" HPOS="1208" VPOS="1005" WIDTH="56" HEIGHT="57" CONTENT="le" WC="1.00" CC="00"/>
						<SP ID="P32_SP00078" HPOS="1264" VPOS="1066" WIDTH="37"/>
						<String ID="P32_ST00088" HPOS="1301" VPOS="1020" WIDTH="195" HEIGHT="43" CONTENT="terme" WC="1.00" CC="00000"/>
						<SP ID="P32_SP00079" HPOS="1496" VPOS="1066" WIDTH="394"/>
						<String ID="P32_ST00089" HPOS="1890" VPOS="1004" WIDTH="12" HEIGHT="28" CONTENT="1" STYLE="superscript" WC="0.34" CC="6"/>
						<SP ID="P32_SP00080" HPOS="1902" VPOS="1066" WIDTH="53"/>
						<String ID="P32_ST00090" HPOS="1955" VPOS="1007" WIDTH="143" HEIGHT="61" CONTENT="dans" WC="0.98" CC="0630"/>
						<SP ID="P32_SP00081" HPOS="2098" VPOS="1068" WIDTH="47"/>
						<String ID="P32_ST00091" HPOS="2145" VPOS="1032" WIDTH="80" HEIGHT="36" CONTENT="un" WC="0.67" CC="51"/>
						<SP ID="P32_SP00082" HPOS="2225" VPOS="1068" WIDTH="49"/>
						<String ID="P32_ST00092" HPOS="2274" VPOS="1027" WIDTH="167" HEIGHT="44" CONTENT="texte" WC="0.99" CC="00041"/>
						<SP ID="P32_SP00083" HPOS="2441" VPOS="1071" WIDTH="36"/>
						<String ID="P32_ST00093" HPOS="2477" VPOS="1014" WIDTH="81" HEIGHT="58" CONTENT="du" WC="1.00" CC="00"/>
						<SP ID="P32_SP00084" HPOS="2558" VPOS="1072" WIDTH="46"/>
						<String ID="P32_ST00094" HPOS="2604" VPOS="1034" WIDTH="72" HEIGHT="41" CONTENT="12" WC="0.98" CC="00"/>
						<String ID="P32_ST00095" HPOS="2683" VPOS="1016" WIDTH="52" HEIGHT="22" CONTENT="me" STYLE="superscript" WC="0.61" CC="43"/>
					</TextLine>
					<TextLine ID="P32_TL00010" HPOS="141" VPOS="1094" WIDTH="2590" HEIGHT="85">
						<String ID="P32_ST00096" HPOS="141" VPOS="1094" WIDTH="183" HEIGHT="61" CONTENT="siècle" WC="0.99" CC="047030"/>
						<SP ID="P32_SP00085" HPOS="324" VPOS="1155" WIDTH="38"/>
						<String ID="P32_ST00097" HPOS="362" VPOS="1119" WIDTH="12" HEIGHT="36" CONTENT=":" WC="0.98" CC="0"/>
						<SP ID="P32_SP00086" HPOS="374" VPOS="1155" WIDTH="54"/>
						<String ID="P32_ST00098" HPOS="428" VPOS="1112" WIDTH="57" HEIGHT="43" CONTENT="et" WC="0.91" CC="01"/>
						<SP ID="P32_SP00087" HPOS="485" VPOS="1155" WIDTH="54"/>
						<String ID="P32_ST00099" HPOS="539" VPOS="1096" WIDTH="298" HEIGHT="82" CONTENT="quelques" WC="0.99" CC="06300600"/>
						<SP ID="P32_SP00088" HPOS="837" VPOS="1178" WIDTH="50"/>
						<String ID="P32_ST00100" HPOS="887" VPOS="1110" WIDTH="245" HEIGHT="45" CONTENT="auteurs" WC="0.99" CC="0430200"/>
						<SP ID="P32_SP00089" HPOS="1132" VPOS="1178" WIDTH="51"/>
						<String ID="P32_ST00101" HPOS="1183" VPOS="1110" WIDTH="259" HEIGHT="66" CONTENT="pensent" WC="1.00" CC="0020000"/>
						<SP ID="P32_SP00090" HPOS="1442" VPOS="1178" WIDTH="53"/>
						<String ID="P32_ST00102" HPOS="1495" VPOS="1096" WIDTH="153" HEIGHT="80" CONTENT="qu'il" WC="0.99" CC="00013"/>
						<SP ID="P32_SP00091" HPOS="1648" VPOS="1178" WIDTH="49"/>
						<String ID="P32_ST00103" HPOS="1697" VPOS="1117" WIDTH="60" HEIGHT="38" CONTENT="se" WC="0.95" CC="00"/>
						<SP ID="P32_SP00092" HPOS="1757" VPOS="1178" WIDTH="53"/>
						<String ID="P32_ST00104" HPOS="1810" VPOS="1113" WIDTH="288" HEIGHT="66" CONTENT="rapporte" WC="0.99" CC="04001420"/>
						<SP ID="P32_SP00093" HPOS="2098" VPOS="1179" WIDTH="51"/>
						<String ID="P32_ST00105" HPOS="2149" VPOS="1099" WIDTH="31" HEIGHT="60" CONTENT="à" WC="0.31" CC="6"/>
						<SP ID="P32_SP00094" HPOS="2180" VPOS="1179" WIDTH="50"/>
						<String ID="P32_ST00106" HPOS="2230" VPOS="1124" WIDTH="79" HEIGHT="36" CONTENT="un" WC="0.76" CC="22"/>
						<SP ID="P32_SP00095" HPOS="2309" VPOS="1179" WIDTH="56"/>
						<String ID="P32_ST00107" HPOS="2365" VPOS="1105" WIDTH="243" HEIGHT="59" CONTENT="ancêtre" WC="0.99" CC="0300400"/>
						<SP ID="P32_SP00096" HPOS="2608" VPOS="1179" WIDTH="42"/>
						<String ID="P32_ST00108" HPOS="2650" VPOS="1105" WIDTH="81" HEIGHT="59" CONTENT="du" WC="0.88" CC="02"/>
					</TextLine>
					<TextLine ID="P32_TL00011" HPOS="141" VPOS="1187" WIDTH="2589" HEIGHT="88">
						<String ID="P32_ST00109" HPOS="141" VPOS="1187" WIDTH="369" HEIGHT="60" CONTENT="clavicorde." WC="0.86" CC="04000024003"/>
						<SP ID="P32_SP00097" HPOS="510" VPOS="1247" WIDTH="72"/>
						<String ID="P32_ST00110" HPOS="582" VPOS="1187" WIDTH="175" HEIGHT="59" CONTENT="Chez" WC="0.98" CC="0503"/>
						<SP ID="P32_SP00098" HPOS="757" VPOS="1247" WIDTH="69"/>
						<String ID="P32_ST00111" HPOS="826" VPOS="1187" WIDTH="283" HEIGHT="59" CONTENT="Rabelais" WC="1.00" CC="10003002"/>
						<SP ID="P32_SP00099" HPOS="1109" VPOS="1247" WIDTH="65"/>
						<String ID="P32_ST00112" HPOS="1174" VPOS="1187" WIDTH="44" HEIGHT="58" CONTENT="il" WC="0.85" CC="02"/>
						<SP ID="P32_SP00100" HPOS="1218" VPOS="1247" WIDTH="66"/>
						<String ID="P32_ST00113" HPOS="1284" VPOS="1187" WIDTH="277" HEIGHT="81" CONTENT="apparaît" WC="1.00" CC="00000003"/>
						<SP ID="P32_SP00101" HPOS="1561" VPOS="1268" WIDTH="66"/>
						<String ID="P32_ST00114" HPOS="1627" VPOS="1187" WIDTH="165" HEIGHT="59" CONTENT="deux" WC="0.98" CC="0304"/>
						<SP ID="P32_SP00102" HPOS="1792" VPOS="1268" WIDTH="64"/>
						<String ID="P32_ST00115" HPOS="1856" VPOS="1187" WIDTH="119" HEIGHT="62" CONTENT="fois" WC="0.99" CC="0020"/>
						<SP ID="P32_SP00103" HPOS="1975" VPOS="1268" WIDTH="59"/>
						<String ID="P32_ST00116" HPOS="2034" VPOS="1212" WIDTH="11" HEIGHT="37" CONTENT=":" WC="0.72" CC="2"/>
						<SP ID="P32_SP00104" HPOS="2045" VPOS="1268" WIDTH="72"/>
						<String ID="P32_ST00117" HPOS="2117" VPOS="1198" WIDTH="37" HEIGHT="24" CONTENT='"' WC="1.00" CC="0"/>
						<SP ID="P32_SP00105" HPOS="2154" VPOS="1268" WIDTH="55"/>
						<String ID="P32_ST00118" HPOS="2209" VPOS="1240" WIDTH="56" HEIGHT="13" CONTENT="..." WC="0.96" CC="333"/>
						<SP ID="P32_SP00106" HPOS="2265" VPOS="1268" WIDTH="40"/>
						<String ID="P32_ST00119" HPOS="2305" VPOS="1194" WIDTH="253" HEIGHT="81" CONTENT="Auquel" WC="0.99" CC="035131"/>
						<SP ID="P32_SP00107" HPOS="2558" VPOS="1275" WIDTH="65"/>
						<String ID="P32_ST00120" HPOS="2623" VPOS="1218" WIDTH="107" HEIGHT="38" CONTENT="son" WC="1.00" CC="000"/>
					</TextLine>
					<TextLine ID="P32_TL00012" HPOS="149" VPOS="1278" WIDTH="2582" HEIGHT="83">
						<String ID="P32_ST00121" HPOS="149" VPOS="1278" WIDTH="127" HEIGHT="81" CONTENT="(des" WC="1.00" CC="1000"/>
						<SP ID="P32_SP00108" HPOS="276" VPOS="1359" WIDTH="25"/>
						<String ID="P32_ST00122" HPOS="301" VPOS="1278" WIDTH="249" HEIGHT="72" CONTENT="flacons," WC="0.99" CC="22000700"/>
						<SP ID="P32_SP00109" HPOS="550" VPOS="1359" WIDTH="26"/>
						<String ID="P32_ST00123" HPOS="576" VPOS="1281" WIDTH="200" HEIGHT="80" CONTENT="pintes" WC="1.00" CC="000300"/>
						<SP ID="P32_SP00110" HPOS="776" VPOS="1361" WIDTH="23"/>
						<String ID="P32_ST00124" HPOS="799" VPOS="1278" WIDTH="145" HEIGHT="81" CONTENT="etc.)" WC="0.99" CC="04040"/>
						<SP ID="P32_SP00111" HPOS="944" VPOS="1361" WIDTH="37"/>
						<String ID="P32_ST00125" HPOS="981" VPOS="1279" WIDTH="42" HEIGHT="57" CONTENT="il" WC="0.79" CC="21"/>
						<SP ID="P32_SP00112" HPOS="1023" VPOS="1361" WIDTH="29"/>
						<String ID="P32_ST00126" HPOS="1052" VPOS="1278" WIDTH="348" HEIGHT="60" CONTENT="tressailloit" WC="0.82" CC="230000430050"/>
						<SP ID="P32_SP00113" HPOS="1400" VPOS="1361" WIDTH="28"/>
						<String ID="P32_ST00127" HPOS="1428" VPOS="1292" WIDTH="58" HEIGHT="44" CONTENT="et" WC="0.75" CC="04"/>
						<SP ID="P32_SP00114" HPOS="1486" VPOS="1361" WIDTH="28"/>
						<String ID="P32_ST00128" HPOS="1514" VPOS="1279" WIDTH="360" HEIGHT="60" CONTENT="lui-mesme" WC="0.86" CC="045300000"/>
						<SP ID="P32_SP00115" HPOS="1874" VPOS="1361" WIDTH="35"/>
						<String ID="P32_ST00129" HPOS="1909" VPOS="1302" WIDTH="59" HEIGHT="38" CONTENT="se" WC="0.85" CC="02"/>
						<SP ID="P32_SP00116" HPOS="1968" VPOS="1361" WIDTH="28"/>
						<String ID="P32_ST00130" HPOS="1996" VPOS="1281" WIDTH="252" HEIGHT="62" CONTENT="bressoit" WC="0.82" CC="04000630"/>
						<SP ID="P32_SP00117" HPOS="2248" VPOS="1361" WIDTH="24"/>
						<String ID="P32_ST00131" HPOS="2272" VPOS="1306" WIDTH="74" HEIGHT="37" CONTENT="en" WC="1.00" CC="00"/>
						<SP ID="P32_SP00118" HPOS="2346" VPOS="1361" WIDTH="31"/>
						<String ID="P32_ST00132" HPOS="2377" VPOS="1284" WIDTH="354" HEIGHT="63" CONTENT="dodelinant" WC="1.00" CC="0000053020"/>
					</TextLine>
					<TextLine ID="P32_TL00013" HPOS="140" VPOS="1368" WIDTH="2591" HEIGHT="88">
						<String ID="P32_ST00133" HPOS="140" VPOS="1371" WIDTH="74" HEIGHT="58" CONTENT="de" WC="1.00" CC="00"/>
						<SP ID="P32_SP00119" HPOS="214" VPOS="1429" WIDTH="34"/>
						<String ID="P32_ST00134" HPOS="248" VPOS="1372" WIDTH="57" HEIGHT="57" CONTENT="la" WC="0.81" CC="30"/>
						<SP ID="P32_SP00120" HPOS="305" VPOS="1429" WIDTH="36"/>
						<String ID="P32_ST00135" HPOS="341" VPOS="1385" WIDTH="172" HEIGHT="57" CONTENT="teste," WC="1.00" CC="000000"/>
						<SP ID="P32_SP00121" HPOS="513" VPOS="1442" WIDTH="458"/>
						<String ID="P32_ST00136" HPOS="971" VPOS="1391" WIDTH="152" HEIGHT="38" CONTENT="mono" WC="0.98" CC="0612" STYLEREFS="TXT_3"/>
						<SP ID="P32_SP00122" HPOS="1123" VPOS="1442" WIDTH="5"/>
						<String ID="P32_ST00137" HPOS="1128" VPOS="1371" WIDTH="132" HEIGHT="58" CONTENT="chor" WC="0.83" CC="0060" STYLEREFS="TXT_3"/>
						<SP ID="P32_SP00123" HPOS="1260" VPOS="1442" WIDTH="1"/>
						<String ID="P32_ST00138" HPOS="1261" VPOS="1369" WIDTH="192" HEIGHT="60" CONTENT="disant" WC="0.99" CC="023300" STYLEREFS="TXT_3"/>
						<SP ID="P32_SP00124" HPOS="1453" VPOS="1442" WIDTH="-391"/>
						<String ID="P32_ST00139" HPOS="1062" VPOS="1368" WIDTH="103" HEIGHT="60" CONTENT="des" WC="1.00" CC="000"/>
						<SP ID="P32_SP00125" HPOS="1453" VPOS="1442" WIDTH="-254"/>
						<String ID="P32_ST00140" HPOS="1199" VPOS="1368" WIDTH="282" HEIGHT="84" CONTENT="doigtz..." WC="0.81" CC="000033421"/>
						<SP ID="P32_SP00126" HPOS="1481" VPOS="1452" WIDTH="41"/>
						<String ID="P32_ST00141" HPOS="1522" VPOS="1369" WIDTH="147" HEIGHT="83" CONTENT='"(I' WC="0.24" CC="700"/>
						<SP ID="P32_SP00127" HPOS="1669" VPOS="1452" WIDTH="172"/>
						<String ID="P32_ST00142" HPOS="1841" VPOS="1372" WIDTH="102" HEIGHT="60" CONTENT="On" WC="0.72" CC="13"/>
						<SP ID="P32_SP00128" HPOS="1943" VPOS="1452" WIDTH="39"/>
						<String ID="P32_ST00143" HPOS="1982" VPOS="1395" WIDTH="99" HEIGHT="37" CONTENT="me" WC="1.00" CC="00"/>
						<SP ID="P32_SP00129" HPOS="2081" VPOS="1452" WIDTH="34"/>
						<String ID="P32_ST00144" HPOS="2115" VPOS="1374" WIDTH="383" HEIGHT="82" CONTENT="pardonnera" WC="1.00" CC="0600100000"/>
						<SP ID="P32_SP00130" HPOS="2498" VPOS="1456" WIDTH="36"/>
						<String ID="P32_ST00145" HPOS="2534" VPOS="1378" WIDTH="72" HEIGHT="59" CONTENT="de" WC="0.99" CC="00"/>
						<SP ID="P32_SP00131" HPOS="2606" VPOS="1456" WIDTH="51"/>
						<String ID="P32_ST00146" HPOS="2657" VPOS="1401" WIDTH="74" HEIGHT="37" CONTENT="ne" WC="0.78" CC="40"/>
					</TextLine>
					<TextLine ID="P32_TL00014" HPOS="140" VPOS="1458" WIDTH="2591" HEIGHT="93">
						<String ID="P32_ST00147" HPOS="140" VPOS="1484" WIDTH="105" HEIGHT="61" CONTENT="pas" WC="1.00" CC="000"/>
						<SP ID="P32_SP00132" HPOS="245" VPOS="1545" WIDTH="54"/>
						<String ID="P32_ST00148" HPOS="299" VPOS="1461" WIDTH="362" HEIGHT="84" CONTENT="reproduire" WC="1.00" CC="0000301210"/>
						<SP ID="P32_SP00133" HPOS="661" VPOS="1545" WIDTH="51"/>
						<String ID="P32_ST00149" HPOS="712" VPOS="1463" WIDTH="57" HEIGHT="58" CONTENT="la" WC="1.00" CC="00"/>
						<SP ID="P32_SP00134" HPOS="769" VPOS="1545" WIDTH="56"/>
						<String ID="P32_ST00150" HPOS="825" VPOS="1458" WIDTH="82" HEIGHT="63" CONTENT="fin" WC="0.93" CC="773"/>
						<SP ID="P32_SP00135" HPOS="907" VPOS="1545" WIDTH="56"/>
						<String ID="P32_ST00151" HPOS="963" VPOS="1461" WIDTH="74" HEIGHT="60" CONTENT="de" WC="0.81" CC="03"/>
						<SP ID="P32_SP00136" HPOS="1037" VPOS="1545" WIDTH="52"/>
						<String ID="P32_ST00152" HPOS="1089" VPOS="1462" WIDTH="57" HEIGHT="57" CONTENT="la" WC="0.57" CC="53"/>
						<SP ID="P32_SP00137" HPOS="1146" VPOS="1545" WIDTH="56"/>
						<String ID="P32_ST00153" HPOS="1202" VPOS="1460" WIDTH="221" HEIGHT="83" CONTENT="phrase" WC="1.00" CC="050000"/>
						<SP ID="P32_SP00138" HPOS="1423" VPOS="1545" WIDTH="45"/>
						<String ID="P32_ST00154" HPOS="1468" VPOS="1484" WIDTH="12" HEIGHT="37" CONTENT=":" WC="0.45" CC="5"/>
						<SP ID="P32_SP00139" HPOS="1480" VPOS="1545" WIDTH="58"/>
						<String ID="P32_ST00155" HPOS="1538" VPOS="1463" WIDTH="263" HEIGHT="59" CONTENT="certains" WC="1.00" CC="00021010"/>
						<SP ID="P32_SP00140" HPOS="1801" VPOS="1545" WIDTH="57"/>
						<String ID="P32_ST00156" HPOS="1858" VPOS="1462" WIDTH="341" HEIGHT="83" CONTENT="fragments" WC="1.00" CC="030000310"/>
						<SP ID="P32_SP00141" HPOS="2199" VPOS="1545" WIDTH="58"/>
						<String ID="P32_ST00157" HPOS="2257" VPOS="1467" WIDTH="74" HEIGHT="59" CONTENT="de" WC="1.00" CC="00"/>
						<SP ID="P32_SP00142" HPOS="2331" VPOS="1545" WIDTH="54"/>
						<String ID="P32_ST00158" HPOS="2385" VPOS="1476" WIDTH="346" HEIGHT="75" CONTENT="mosaïques" WC="1.00" CC="000400002"/>
					</TextLine>
					<TextLine ID="P32_TL00015" HPOS="141" VPOS="1552" WIDTH="2590" HEIGHT="89">
						<String ID="P32_ST00159" HPOS="141" VPOS="1555" WIDTH="257" HEIGHT="82" CONTENT="perdent" WC="1.00" CC="0000002"/>
						<SP ID="P32_SP00143" HPOS="398" VPOS="1637" WIDTH="67"/>
						<String ID="P32_ST00160" HPOS="465" VPOS="1569" WIDTH="173" HEIGHT="44" CONTENT="toute" WC="0.98" CC="20530"/>
						<SP ID="P32_SP00144" HPOS="638" VPOS="1637" WIDTH="66"/>
						<String ID="P32_ST00161" HPOS="704" VPOS="1552" WIDTH="218" HEIGHT="61" CONTENT="beauté" WC="0.99" CC="200407"/>
						<SP ID="P32_SP00145" HPOS="922" VPOS="1637" WIDTH="66"/>
						<String ID="P32_ST00162" HPOS="988" VPOS="1569" WIDTH="60" HEIGHT="43" CONTENT="et" WC="0.95" CC="00"/>
						<SP ID="P32_SP00146" HPOS="1048" VPOS="1637" WIDTH="67"/>
						<String ID="P32_ST00163" HPOS="1115" VPOS="1569" WIDTH="176" HEIGHT="44" CONTENT="toute" WC="0.98" CC="51500"/>
						<SP ID="P32_SP00147" HPOS="1291" VPOS="1637" WIDTH="66"/>
						<String ID="P32_ST00164" HPOS="1357" VPOS="1552" WIDTH="418" HEIGHT="84" CONTENT="signification" WC="0.99" CC="0103289404101"/>
						<SP ID="P32_SP00148" HPOS="1775" VPOS="1637" WIDTH="67"/>
						<String ID="P32_ST00165" HPOS="1842" VPOS="1556" WIDTH="312" HEIGHT="81" CONTENT="lorsqu'on" WC="0.99" CC="250005000"/>
						<SP ID="P32_SP00149" HPOS="2154" VPOS="1637" WIDTH="82"/>
						<String ID="P32_ST00166" HPOS="2236" VPOS="1560" WIDTH="83" HEIGHT="58" CONTENT="les" WC="0.97" CC="602"/>
						<SP ID="P32_SP00150" HPOS="2319" VPOS="1637" WIDTH="65"/>
						<String ID="P32_ST00167" HPOS="2384" VPOS="1559" WIDTH="208" HEIGHT="82" CONTENT="sépare" WC="0.99" CC="080003"/>
						<SP ID="P32_SP00151" HPOS="2592" VPOS="1641" WIDTH="66"/>
						<String ID="P32_ST00168" HPOS="2658" VPOS="1562" WIDTH="73" HEIGHT="59" CONTENT="de" WC="0.81" CC="03"/>
					</TextLine>
					<TextLine ID="P32_TL00016" HPOS="139" VPOS="1644" WIDTH="2591" HEIGHT="87">
						<String ID="P32_ST00169" HPOS="139" VPOS="1646" WIDTH="378" HEIGHT="60" CONTENT="l'ensemble." WC="0.99" CC="42230003334"/>
						<SP ID="P32_SP00152" HPOS="517" VPOS="1706" WIDTH="61"/>
						<String ID="P32_ST00170" HPOS="578" VPOS="1646" WIDTH="104" HEIGHT="59" CONTENT="Au" WC="0.82" CC="03"/>
						<SP ID="P32_SP00153" HPOS="682" VPOS="1706" WIDTH="38"/>
						<String ID="P32_ST00171" HPOS="720" VPOS="1646" WIDTH="187" HEIGHT="59" CONTENT="Livre" WC="1.00" CC="03000"/>
						<SP ID="P32_SP00154" HPOS="907" VPOS="1706" WIDTH="48"/>
						<String ID="P32_ST00172" HPOS="955" VPOS="1645" WIDTH="94" HEIGHT="58" CONTENT="IV" WC="0.70" CC="05"/>
						<SP ID="P32_SP00155" HPOS="1049" VPOS="1706" WIDTH="55"/>
						<String ID="P32_ST00173" HPOS="1104" VPOS="1644" WIDTH="122" HEIGHT="81" CONTENT="(ch." WC="0.98" CC="0054"/>
						<SP ID="P32_SP00156" HPOS="1226" VPOS="1725" WIDTH="60"/>
						<String ID="P32_ST00174" HPOS="1286" VPOS="1645" WIDTH="137" HEIGHT="83" CONTENT="63)," WC="0.87" CC="0500"/>
						<SP ID="P32_SP00157" HPOS="1423" VPOS="1728" WIDTH="37"/>
						<String ID="P32_ST00175" HPOS="1460" VPOS="1646" WIDTH="271" HEIGHT="83" CONTENT="pendant" WC="0.99" CC="0060072"/>
						<SP ID="P32_SP00158" HPOS="1731" VPOS="1729" WIDTH="38"/>
						<String ID="P32_ST00176" HPOS="1769" VPOS="1669" WIDTH="121" HEIGHT="61" CONTENT="que" WC="0.98" CC="050"/>
						<SP ID="P32_SP00159" HPOS="1890" VPOS="1730" WIDTH="38"/>
						<String ID="P32_ST00177" HPOS="1928" VPOS="1649" WIDTH="371" HEIGHT="82" CONTENT="Pantagruel" WC="1.00" CC="0900000400"/>
						<SP ID="P32_SP00160" HPOS="2299" VPOS="1731" WIDTH="36"/>
						<String ID="P32_ST00178" HPOS="2335" VPOS="1654" WIDTH="395" HEIGHT="58" CONTENT="sommeillait" WC="1.00" CC="00004103064"/>
					</TextLine>
					<TextLine ID="P32_TL00017" HPOS="139" VPOS="1735" WIDTH="2592" HEIGHT="88">
						<String ID="P32_ST00179" HPOS="139" VPOS="1744" WIDTH="38" HEIGHT="25" CONTENT='"' WC="0.82" CC="1"/>
						<SP ID="P32_SP00161" HPOS="177" VPOS="1769" WIDTH="41"/>
						<String ID="P32_ST00180" HPOS="218" VPOS="1786" WIDTH="57" HEIGHT="13" CONTENT="..." WC="0.96" CC="433"/>
						<SP ID="P32_SP00162" HPOS="275" VPOS="1799" WIDTH="40"/>
						<String ID="P32_ST00181" HPOS="315" VPOS="1735" WIDTH="350" HEIGHT="61" CONTENT="Eusthènes" WC="0.79" CC="010068020"/>
						<SP ID="P32_SP00163" HPOS="665" VPOS="1799" WIDTH="34"/>
						<String ID="P32_ST00182" HPOS="699" VPOS="1758" WIDTH="96" HEIGHT="38" CONTENT="sus" WC="0.98" CC="040"/>
						<SP ID="P32_SP00164" HPOS="795" VPOS="1799" WIDTH="36"/>
						<String ID="P32_ST00183" HPOS="831" VPOS="1758" WIDTH="119" HEIGHT="38" CONTENT="une" WC="0.97" CC="430"/>
						<SP ID="P32_SP00165" HPOS="950" VPOS="1799" WIDTH="50"/>
						<String ID="P32_ST00184" HPOS="1000" VPOS="1738" WIDTH="232" HEIGHT="80" CONTENT="longue" WC="0.99" CC="405000"/>
						<SP ID="P32_SP00166" HPOS="1232" VPOS="1818" WIDTH="52"/>
						<String ID="P32_ST00185" HPOS="1284" VPOS="1739" WIDTH="400" HEIGHT="58" CONTENT="couleuvrine" WC="0.82" CC="06030500030"/>
						<SP ID="P32_SP00167" HPOS="1684" VPOS="1818" WIDTH="41"/>
						<String ID="P32_ST00186" HPOS="1725" VPOS="1739" WIDTH="202" HEIGHT="80" CONTENT="jouait" WC="0.98" CC="237025"/>
						<SP ID="P32_SP00168" HPOS="1927" VPOS="1819" WIDTH="52"/>
						<String ID="P32_ST00187" HPOS="1979" VPOS="1740" WIDTH="102" HEIGHT="60" CONTENT="des" WC="0.97" CC="033"/>
						<SP ID="P32_SP00169" HPOS="2081" VPOS="1819" WIDTH="45"/>
						<String ID="P32_ST00188" HPOS="2126" VPOS="1742" WIDTH="215" HEIGHT="81" CONTENT="doigtz" WC="0.85" CC="042001"/>
						<SP ID="P32_SP00170" HPOS="2341" VPOS="1823" WIDTH="47"/>
						<String ID="P32_ST00189" HPOS="2388" VPOS="1764" WIDTH="246" HEIGHT="38" CONTENT="comme" WC="0.99" CC="01900"/>
						<SP ID="P32_SP00171" HPOS="2634" VPOS="1823" WIDTH="51"/>
						<String ID="P32_ST00190" HPOS="2685" VPOS="1745" WIDTH="46" HEIGHT="59" CONTENT="si" WC="1.00" CC="00"/>
					</TextLine>
					<TextLine ID="P32_TL00018" HPOS="136" VPOS="1827" WIDTH="2596" HEIGHT="90">
						<String ID="P32_ST00191" HPOS="136" VPOS="1828" WIDTH="160" HEIGHT="62" CONTENT="feust" WC="0.83" CC="00602"/>
						<SP ID="P32_SP00172" HPOS="296" VPOS="1890" WIDTH="37"/>
						<String ID="P32_ST00192" HPOS="333" VPOS="1851" WIDTH="81" HEIGHT="38" CONTENT="un" WC="0.70" CC="50"/>
						<SP ID="P32_SP00173" HPOS="414" VPOS="1890" WIDTH="361"/>
						<String ID="P32_ST00193" HPOS="775" VPOS="1827" WIDTH="168" HEIGHT="62" CONTENT="monocliordion." WC="0.67" CC="12410466100726" STYLEREFS="TXT_3"/>
						<String ID="P32_ST00194" HPOS="944" VPOS="1828" WIDTH="59" HEIGHT="21" CONTENT='"' WC="0.44" CC="5"/>
						<SP ID="P32_SP00174" HPOS="1003" VPOS="1890" WIDTH="1"/>
						<String ID="P32_ST00195" HPOS="1004" VPOS="1829" WIDTH="103" HEIGHT="59" CONTENT="Il" WC="0.63" CC="51"/>
						<SP ID="P32_SP00175" HPOS="1107" VPOS="1890" WIDTH="1"/>
						<String ID="P32_ST00196" HPOS="1108" VPOS="1827" WIDTH="197" HEIGHT="61" CONTENT="semble" WC="0.99" CC="000350"/>
						<SP ID="P32_SP00176" HPOS="1305" VPOS="1890" WIDTH="35"/>
						<String ID="P32_ST00197" HPOS="1340" VPOS="1828" WIDTH="160" HEIGHT="61" CONTENT="donc" WC="0.99" CC="0230"/>
						<SP ID="P32_SP00177" HPOS="1500" VPOS="1890" WIDTH="37"/>
						<String ID="P32_ST00198" HPOS="1537" VPOS="1829" WIDTH="138" HEIGHT="60" CONTENT="bien" WC="0.96" CC="3537"/>
						<SP ID="P32_SP00178" HPOS="1675" VPOS="1890" WIDTH="42"/>
						<String ID="P32_ST00199" HPOS="1717" VPOS="1853" WIDTH="120" HEIGHT="60" CONTENT="que" WC="0.97" CC="060"/>
						<SP ID="P32_SP00179" HPOS="1837" VPOS="1913" WIDTH="39"/>
						<String ID="P32_ST00200" HPOS="1876" VPOS="1832" WIDTH="285" HEIGHT="59" CONTENT="Rabelais" WC="0.99" CC="07003633"/>
						<SP ID="P32_SP00180" HPOS="2161" VPOS="1913" WIDTH="28"/>
						<String ID="P32_ST00201" HPOS="2189" VPOS="1834" WIDTH="224" HEIGHT="59" CONTENT="veuille" WC="0.99" CC="0064001"/>
						<SP ID="P32_SP00181" HPOS="2413" VPOS="1913" WIDTH="36"/>
						<String ID="P32_ST00202" HPOS="2449" VPOS="1833" WIDTH="283" HEIGHT="84" CONTENT="désigner" WC="0.99" CC="07020603"/>
					</TextLine>
					<TextLine ID="P32_TL00019" HPOS="136" VPOS="1921" WIDTH="1397" HEIGHT="82">
						<String ID="P32_ST00203" HPOS="136" VPOS="1922" WIDTH="294" HEIGHT="60" CONTENT="l'ancêtre" WC="0.99" CC="700004300"/>
						<SP ID="P32_SP00182" HPOS="430" VPOS="1982" WIDTH="36"/>
						<String ID="P32_ST00204" HPOS="466" VPOS="1921" WIDTH="150" HEIGHT="59" CONTENT="dont" WC="0.99" CC="0050"/>
						<SP ID="P32_SP00183" HPOS="616" VPOS="1982" WIDTH="40"/>
						<String ID="P32_ST00205" HPOS="656" VPOS="1922" WIDTH="40" HEIGHT="57" CONTENT="il" WC="0.74" CC="40"/>
						<SP ID="P32_SP00184" HPOS="696" VPOS="1982" WIDTH="35"/>
						<String ID="P32_ST00206" HPOS="731" VPOS="1937" WIDTH="87" HEIGHT="43" CONTENT="est" WC="0.98" CC="004"/>
						<SP ID="P32_SP00185" HPOS="818" VPOS="1982" WIDTH="38"/>
						<String ID="P32_ST00207" HPOS="856" VPOS="1922" WIDTH="286" HEIGHT="81" CONTENT="question" WC="0.99" CC="05005243"/>
						<SP ID="P32_SP00186" HPOS="1142" VPOS="2003" WIDTH="37"/>
						<String ID="P32_ST00208" HPOS="1179" VPOS="1922" WIDTH="137" HEIGHT="80" CONTENT="plus" WC="0.98" CC="0370"/>
						<SP ID="P32_SP00187" HPOS="1316" VPOS="2003" WIDTH="46"/>
						<String ID="P32_ST00209" HPOS="1362" VPOS="1921" WIDTH="171" HEIGHT="61" CONTENT="haut." WC="0.96" CC="69604"/>
					</TextLine>
					<TextLine ID="P32_TL00020" HPOS="323" VPOS="2011" WIDTH="2404" HEIGHT="89">
						<String ID="P32_ST00210" HPOS="323" VPOS="2015" WIDTH="88" HEIGHT="58" CONTENT="Ce" WC="1.00" CC="00"/>
						<SP ID="P32_SP00188" HPOS="411" VPOS="2073" WIDTH="55"/>
						<String ID="P32_ST00211" HPOS="466" VPOS="2013" WIDTH="150" HEIGHT="59" CONTENT="n'est" WC="0.98" CC="74006"/>
						<SP ID="P32_SP00189" HPOS="616" VPOS="2073" WIDTH="68"/>
						<String ID="P32_ST00212" HPOS="684" VPOS="2011" WIDTH="309" HEIGHT="62" CONTENT="d'ailleurs" WC="1.00" CC="0200210021"/>
						<SP ID="P32_SP00190" HPOS="993" VPOS="2073" WIDTH="60"/>
						<String ID="P32_ST00213" HPOS="1053" VPOS="2034" WIDTH="104" HEIGHT="61" CONTENT="pas" WC="1.00" CC="000"/>
						<SP ID="P32_SP00191" HPOS="1157" VPOS="2095" WIDTH="69"/>
						<String ID="P32_ST00214" HPOS="1226" VPOS="2013" WIDTH="53" HEIGHT="59" CONTENT="le" WC="0.74" CC="50"/>
						<SP ID="P32_SP00192" HPOS="1279" VPOS="2095" WIDTH="68"/>
						<String ID="P32_ST00215" HPOS="1347" VPOS="2015" WIDTH="125" HEIGHT="58" CONTENT="seul" WC="0.98" CC="3060"/>
						<SP ID="P32_SP00193" HPOS="1472" VPOS="2095" WIDTH="66"/>
						<String ID="P32_ST00216" HPOS="1538" VPOS="2016" WIDTH="376" HEIGHT="58" CONTENT="instrument" WC="0.99" CC="4040040061"/>
						<SP ID="P32_SP00194" HPOS="1914" VPOS="2095" WIDTH="78"/>
						<String ID="P32_ST00217" HPOS="1992" VPOS="2016" WIDTH="150" HEIGHT="60" CONTENT="dont" WC="0.98" CC="0170"/>
						<SP ID="P32_SP00195" HPOS="2142" VPOS="2095" WIDTH="66"/>
						<String ID="P32_ST00218" HPOS="2208" VPOS="2017" WIDTH="43" HEIGHT="57" CONTENT="il" WC="0.83" CC="03"/>
						<SP ID="P32_SP00196" HPOS="2251" VPOS="2095" WIDTH="76"/>
						<String ID="P32_ST00219" HPOS="2327" VPOS="2020" WIDTH="117" HEIGHT="57" CONTENT="soit" WC="0.98" CC="0045"/>
						<SP ID="P32_SP00197" HPOS="2444" VPOS="2095" WIDTH="65"/>
						<String ID="P32_ST00220" HPOS="2509" VPOS="2018" WIDTH="167" HEIGHT="82" CONTENT="parlé" WC="0.99" CC="00007"/>
						<SP ID="P32_SP00198" HPOS="2676" VPOS="2100" WIDTH="40"/>
						<String ID="P32_ST00221" HPOS="2716" VPOS="2043" WIDTH="11" HEIGHT="36" CONTENT=":" WC="0.53" CC="4"/>
					</TextLine>
					<TextLine ID="P32_TL00021" HPOS="136" VPOS="2105" WIDTH="2591" HEIGHT="82">
						<String ID="P32_ST00222" HPOS="136" VPOS="2106" WIDTH="238" HEIGHT="61" CONTENT="l'heure" WC="0.99" CC="0052440"/>
						<SP ID="P32_SP00199" HPOS="374" VPOS="2167" WIDTH="53"/>
						<String ID="P32_ST00223" HPOS="427" VPOS="2128" WIDTH="119" HEIGHT="59" CONTENT="que" WC="1.00" CC="000"/>
						<SP ID="P32_SP00200" HPOS="546" VPOS="2187" WIDTH="54"/>
						<String ID="P32_ST00224" HPOS="600" VPOS="2107" WIDTH="364" HEIGHT="79" CONTENT="Gargantua" WC="0.99" CC="005003260"/>
						<SP ID="P32_SP00201" HPOS="964" VPOS="2187" WIDTH="55"/>
						<String ID="P32_ST00225" HPOS="1019" VPOS="2107" WIDTH="342" HEIGHT="57" CONTENT="consacrait" WC="0.99" CC="0382000913"/>
						<SP ID="P32_SP00202" HPOS="1361" VPOS="2187" WIDTH="55"/>
						<String ID="P32_ST00226" HPOS="1416" VPOS="2105" WIDTH="31" HEIGHT="59" CONTENT="à" WC="0.27" CC="7"/>
						<SP ID="P32_SP00203" HPOS="1447" VPOS="2187" WIDTH="54"/>
						<String ID="P32_ST00227" HPOS="1501" VPOS="2128" WIDTH="106" HEIGHT="38" CONTENT="son" WC="1.00" CC="001"/>
						<SP ID="P32_SP00204" HPOS="1607" VPOS="2187" WIDTH="53"/>
						<String ID="P32_ST00228" HPOS="1660" VPOS="2106" WIDTH="330" HEIGHT="61" CONTENT="éducation" WC="0.99" CC="700094700"/>
						<SP ID="P32_SP00205" HPOS="1990" VPOS="2187" WIDTH="53"/>
						<String ID="P32_ST00229" HPOS="2043" VPOS="2110" WIDTH="295" HEIGHT="58" CONTENT="musicale" WC="0.99" CC="00110063"/>
						<SP ID="P32_SP00206" HPOS="2338" VPOS="2187" WIDTH="51"/>
						<String ID="P32_ST00230" HPOS="2389" VPOS="2109" WIDTH="149" HEIGHT="61" CONTENT="était" WC="0.97" CC="73044"/>
						<SP ID="P32_SP00207" HPOS="2538" VPOS="2187" WIDTH="51"/>
						<String ID="P32_ST00231" HPOS="2589" VPOS="2111" WIDTH="138" HEIGHT="60" CONTENT="bien" WC="0.98" CC="2107"/>
					</TextLine>
					<TextLine ID="P32_TL00022" HPOS="138" VPOS="2196" WIDTH="2590" HEIGHT="87">
						<String ID="P32_ST00232" HPOS="138" VPOS="2196" WIDTH="328" HEIGHT="85" CONTENT="employée" WC="0.99" CC="30040470"/>
						<SP ID="P32_SP00208" HPOS="466" VPOS="2281" WIDTH="39"/>
						<String ID="P32_ST00233" HPOS="505" VPOS="2219" WIDTH="11" HEIGHT="38" CONTENT=":" WC="0.77" CC="2"/>
						<SP ID="P32_SP00209" HPOS="516" VPOS="2281" WIDTH="52"/>
						<String ID="P32_ST00234" HPOS="568" VPOS="2205" WIDTH="37" HEIGHT="24" CONTENT='"' WC="0.36" CC="6"/>
						<SP ID="P32_SP00210" HPOS="605" VPOS="2281" WIDTH="30"/>
						<String ID="P32_ST00235" HPOS="635" VPOS="2220" WIDTH="77" HEIGHT="37" CONTENT="au" WC="1.00" CC="00"/>
						<SP ID="P32_SP00211" HPOS="712" VPOS="2281" WIDTH="38"/>
						<String ID="P32_ST00236" HPOS="750" VPOS="2197" WIDTH="218" HEIGHT="82" CONTENT="regard" WC="1.00" CC="020000"/>
						<SP ID="P32_SP00212" HPOS="968" VPOS="2281" WIDTH="36"/>
						<String ID="P32_ST00237" HPOS="1004" VPOS="2197" WIDTH="101" HEIGHT="60" CONTENT="des" WC="1.00" CC="000"/>
						<SP ID="P32_SP00213" HPOS="1105" VPOS="2281" WIDTH="36"/>
						<String ID="P32_ST00238" HPOS="1141" VPOS="2199" WIDTH="402" HEIGHT="58" CONTENT="instruments" WC="0.99" CC="60022600440"/>
						<SP ID="P32_SP00214" HPOS="1543" VPOS="2281" WIDTH="37"/>
						<String ID="P32_ST00239" HPOS="1580" VPOS="2199" WIDTH="74" HEIGHT="58" CONTENT="de" WC="0.80" CC="04"/>
						<SP ID="P32_SP00215" HPOS="1654" VPOS="2281" WIDTH="35"/>
						<String ID="P32_ST00240" HPOS="1689" VPOS="2200" WIDTH="328" HEIGHT="81" CONTENT="musicque" WC="0.84" CC="05040030"/>
						<SP ID="P32_SP00216" HPOS="2017" VPOS="2281" WIDTH="36"/>
						<String ID="P32_ST00241" HPOS="2053" VPOS="2201" WIDTH="44" HEIGHT="57" CONTENT="il" WC="0.56" CC="62"/>
						<SP ID="P32_SP00217" HPOS="2097" VPOS="2281" WIDTH="36"/>
						<String ID="P32_ST00242" HPOS="2133" VPOS="2203" WIDTH="204" HEIGHT="80" CONTENT="aprint" WC="0.79" CC="000065"/>
						<SP ID="P32_SP00218" HPOS="2337" VPOS="2283" WIDTH="37"/>
						<String ID="P32_ST00243" HPOS="2374" VPOS="2200" WIDTH="30" HEIGHT="60" CONTENT="à" WC="0.34" CC="6"/>
						<SP ID="P32_SP00219" HPOS="2404" VPOS="2283" WIDTH="26"/>
						<String ID="P32_ST00244" HPOS="2430" VPOS="2201" WIDTH="181" HEIGHT="82" CONTENT="jouer" WC="0.98" CC="35600"/>
						<SP ID="P32_SP00220" HPOS="2611" VPOS="2283" WIDTH="36"/>
						<String ID="P32_ST00245" HPOS="2647" VPOS="2204" WIDTH="81" HEIGHT="59" CONTENT="du" WC="1.00" CC="00"/>
					</TextLine>
					<TextLine ID="P32_TL00023" HPOS="135" VPOS="2288" WIDTH="2593" HEIGHT="83">
						<String ID="P32_ST00246" HPOS="135" VPOS="2291" WIDTH="124" HEIGHT="72" CONTENT="lue," WC="0.99" CC="0003"/>
						<SP ID="P32_SP00221" HPOS="259" VPOS="2363" WIDTH="37"/>
						<String ID="P32_ST00247" HPOS="296" VPOS="2289" WIDTH="73" HEIGHT="60" CONTENT="de" WC="1.00" CC="00"/>
						<SP ID="P32_SP00222" HPOS="369" VPOS="2363" WIDTH="33"/>
						<String ID="P32_ST00248" HPOS="402" VPOS="2289" WIDTH="369" HEIGHT="82" CONTENT="l'espinette," WC="0.77" CC="130093203300"/>
						<SP ID="P32_SP00223" HPOS="771" VPOS="2371" WIDTH="38"/>
						<String ID="P32_ST00249" HPOS="809" VPOS="2289" WIDTH="74" HEIGHT="58" CONTENT="de" WC="1.00" CC="00"/>
						<SP ID="P32_SP00224" HPOS="883" VPOS="2371" WIDTH="33"/>
						<String ID="P32_ST00250" HPOS="916" VPOS="2290" WIDTH="58" HEIGHT="57" CONTENT="la" WC="0.88" CC="20"/>
						<SP ID="P32_SP00225" HPOS="974" VPOS="2371" WIDTH="35"/>
						<String ID="P32_ST00251" HPOS="1009" VPOS="2288" WIDTH="211" HEIGHT="82" CONTENT="harpe," WC="0.99" CC="500040"/>
						<SP ID="P32_SP00226" HPOS="1220" VPOS="2371" WIDTH="25"/>
						<String ID="P32_ST00252" HPOS="1245" VPOS="2289" WIDTH="74" HEIGHT="58" CONTENT="de" WC="1.00" CC="00"/>
						<SP ID="P32_SP00227" HPOS="1319" VPOS="2371" WIDTH="34"/>
						<String ID="P32_ST00253" HPOS="1353" VPOS="2290" WIDTH="56" HEIGHT="57" CONTENT="la" WC="0.96" CC="00"/>
						<SP ID="P32_SP00228" HPOS="1409" VPOS="2371" WIDTH="34"/>
						<String ID="P32_ST00254" HPOS="1443" VPOS="2288" WIDTH="177" HEIGHT="61" CONTENT="flutte" WC="0.72" CC="440350"/>
						<SP ID="P32_SP00229" HPOS="1620" VPOS="2371" WIDTH="36"/>
						<String ID="P32_ST00255" HPOS="1656" VPOS="2289" WIDTH="73" HEIGHT="60" CONTENT="de" WC="1.00" CC="00"/>
						<SP ID="P32_SP00230" HPOS="1729" VPOS="2371" WIDTH="28"/>
						<String ID="P32_ST00256" HPOS="1757" VPOS="2290" WIDTH="297" HEIGHT="60" CONTENT="Alemant" WC="0.71" CC="0324350"/>
						<SP ID="P32_SP00231" HPOS="2054" VPOS="2371" WIDTH="37"/>
						<String ID="P32_ST00257" HPOS="2091" VPOS="2308" WIDTH="57" HEIGHT="42" CONTENT="et" WC="0.77" CC="04"/>
						<SP ID="P32_SP00232" HPOS="2148" VPOS="2371" WIDTH="38"/>
						<String ID="P32_ST00258" HPOS="2186" VPOS="2290" WIDTH="31" HEIGHT="61" CONTENT="à" WC="0.63" CC="3"/>
						<SP ID="P32_SP00233" HPOS="2217" VPOS="2371" WIDTH="39"/>
						<String ID="P32_ST00259" HPOS="2256" VPOS="2313" WIDTH="34" HEIGHT="58" CONTENT="9" WC="0.53" CC="4"/>
						<SP ID="P32_SP00234" HPOS="2290" VPOS="2371" WIDTH="40"/>
						<String ID="P32_ST00260" HPOS="2330" VPOS="2308" WIDTH="199" HEIGHT="57" CONTENT="trouz," WC="0.96" CC="020000"/>
						<SP ID="P32_SP00235" HPOS="2529" VPOS="2371" WIDTH="38"/>
						<String ID="P32_ST00261" HPOS="2567" VPOS="2294" WIDTH="72" HEIGHT="58" CONTENT="de" WC="1.00" CC="00"/>
						<SP ID="P32_SP00236" HPOS="2639" VPOS="2371" WIDTH="36"/>
						<String ID="P32_ST00262" HPOS="2675" VPOS="2297" WIDTH="53" HEIGHT="57" CONTENT="la" WC="0.58" CC="80"/>
					</TextLine>
					<TextLine ID="P32_TL00024" HPOS="136" VPOS="2380" WIDTH="1305" HEIGHT="82">
						<String ID="P32_ST00263" HPOS="136" VPOS="2383" WIDTH="165" HEIGHT="58" CONTENT="viole" WC="1.00" CC="00030"/>
						<SP ID="P32_SP00237" HPOS="301" VPOS="2441" WIDTH="36"/>
						<String ID="P32_ST00264" HPOS="337" VPOS="2397" WIDTH="58" HEIGHT="43" CONTENT="et" WC="0.84" CC="03"/>
						<SP ID="P32_SP00238" HPOS="395" VPOS="2441" WIDTH="37"/>
						<String ID="P32_ST00265" HPOS="432" VPOS="2380" WIDTH="74" HEIGHT="60" CONTENT="de" WC="0.86" CC="02"/>
						<SP ID="P32_SP00239" HPOS="506" VPOS="2441" WIDTH="33"/>
						<String ID="P32_ST00266" HPOS="539" VPOS="2383" WIDTH="56" HEIGHT="57" CONTENT="la" WC="0.86" CC="20"/>
						<SP ID="P32_SP00240" HPOS="595" VPOS="2441" WIDTH="35"/>
						<String ID="P32_ST00267" HPOS="630" VPOS="2382" WIDTH="466" HEIGHT="78" CONTENT="sacqueboutte." WC="0.90" CC="0000000002242"/>
						<SP ID="P32_SP00241" HPOS="1096" VPOS="2460" WIDTH="41"/>
						<String ID="P32_ST00268" HPOS="1137" VPOS="2380" WIDTH="30" HEIGHT="21" CONTENT='"' WC="0.35" CC="6"/>
						<SP ID="P32_SP00242" HPOS="1167" VPOS="2460" WIDTH="46"/>
						<String ID="P32_ST00269" HPOS="1213" VPOS="2382" WIDTH="51" HEIGHT="77" CONTENT="(I" WC="0.79" CC="40"/>
						<SP ID="P32_SP00243" HPOS="1264" VPOS="2460" WIDTH="43"/>
						<String ID="P32_ST00270" HPOS="1307" VPOS="2380" WIDTH="134" HEIGHT="82" CONTENT="23)." WC="0.77" CC="2303"/>
					</TextLine>
					<TextLine ID="P32_TL00025" HPOS="323" VPOS="2472" WIDTH="2404" HEIGHT="85">
						<String ID="P32_ST00271" HPOS="323" VPOS="2474" WIDTH="52" HEIGHT="59" CONTENT="Il" WC="0.89" CC="02"/>
						<SP ID="P32_SP00244" HPOS="375" VPOS="2533" WIDTH="51"/>
						<String ID="P32_ST00272" HPOS="426" VPOS="2476" WIDTH="153" HEIGHT="57" CONTENT="n'est" WC="0.98" CC="32405"/>
						<SP ID="P32_SP00245" HPOS="579" VPOS="2533" WIDTH="60"/>
						<String ID="P32_ST00273" HPOS="639" VPOS="2474" WIDTH="136" HEIGHT="82" CONTENT="plus" WC="1.00" CC="0000"/>
						<SP ID="P32_SP00246" HPOS="775" VPOS="2556" WIDTH="61"/>
						<String ID="P32_ST00274" HPOS="836" VPOS="2473" WIDTH="286" HEIGHT="81" CONTENT="question" WC="0.99" CC="00005605"/>
						<SP ID="P32_SP00247" HPOS="1122" VPOS="2556" WIDTH="56"/>
						<String ID="P32_ST00275" HPOS="1178" VPOS="2472" WIDTH="72" HEIGHT="59" CONTENT="de" WC="1.00" CC="00"/>
						<SP ID="P32_SP00248" HPOS="1250" VPOS="2556" WIDTH="58"/>
						<String ID="P32_ST00276" HPOS="1308" VPOS="2473" WIDTH="384" HEIGHT="58" CONTENT="monocorde" WC="1.00" CC="020000000"/>
						<SP ID="P32_SP00249" HPOS="1692" VPOS="2556" WIDTH="52"/>
						<String ID="P32_ST00277" HPOS="1744" VPOS="2474" WIDTH="155" HEIGHT="59" CONTENT="mais" WC="0.98" CC="0060"/>
						<SP ID="P32_SP00250" HPOS="1899" VPOS="2556" WIDTH="51"/>
						<String ID="P32_ST00278" HPOS="1950" VPOS="2482" WIDTH="37" HEIGHT="24" CONTENT='"' WC="0.70" CC="2"/>
						<SP ID="P32_SP00251" HPOS="1987" VPOS="2556" WIDTH="36"/>
						<String ID="P32_ST00279" HPOS="2023" VPOS="2474" WIDTH="370" HEIGHT="83" CONTENT="d'espinette" WC="0.88" CC="00030040040"/>
						<SP ID="P32_SP00252" HPOS="2393" VPOS="2557" WIDTH="38"/>
						<String ID="P32_ST00280" HPOS="2431" VPOS="2476" WIDTH="31" HEIGHT="21" CONTENT='"' WC="0.37" CC="6"/>
						<SP ID="P32_SP00253" HPOS="2462" VPOS="2557" WIDTH="34"/>
						<String ID="P32_ST00281" HPOS="2496" VPOS="2502" WIDTH="13" HEIGHT="47" CONTENT=";" WC="0.90" CC="0"/>
						<SP ID="P32_SP00254" HPOS="2509" VPOS="2557" WIDTH="53"/>
						<String ID="P32_ST00282" HPOS="2562" VPOS="2492" WIDTH="60" HEIGHT="45" CONTENT="et" WC="0.66" CC="33"/>
						<SP ID="P32_SP00255" HPOS="2622" VPOS="2557" WIDTH="50"/>
						<String ID="P32_ST00283" HPOS="2672" VPOS="2479" WIDTH="55" HEIGHT="56" CONTENT="la" WC="0.52" CC="09"/>
					</TextLine>
					<TextLine ID="P32_TL00026" HPOS="136" VPOS="2561" WIDTH="2592" HEIGHT="87">
						<String ID="P32_ST00284" HPOS="136" VPOS="2566" WIDTH="167" HEIGHT="58" CONTENT="viole" WC="0.99" CC="01003"/>
						<SP ID="P32_SP00256" HPOS="303" VPOS="2624" WIDTH="35"/>
						<String ID="P32_ST00285" HPOS="338" VPOS="2564" WIDTH="149" HEIGHT="60" CONTENT="n'est" WC="0.98" CC="62040"/>
						<SP ID="P32_SP00257" HPOS="487" VPOS="2624" WIDTH="38"/>
						<String ID="P32_ST00286" HPOS="525" VPOS="2586" WIDTH="104" HEIGHT="61" CONTENT="pas" WC="1.00" CC="000"/>
						<SP ID="P32_SP00258" HPOS="629" VPOS="2647" WIDTH="34"/>
						<String ID="P32_ST00287" HPOS="663" VPOS="2584" WIDTH="224" HEIGHT="39" CONTENT="encore" WC="0.99" CC="060070"/>
						<SP ID="P32_SP00259" HPOS="887" VPOS="2647" WIDTH="35"/>
						<String ID="P32_ST00288" HPOS="922" VPOS="2561" WIDTH="290" HEIGHT="61" CONTENT="détrônée" WC="0.98" CC="07316660"/>
						<SP ID="P32_SP00260" HPOS="1212" VPOS="2647" WIDTH="37"/>
						<String ID="P32_ST00289" HPOS="1249" VPOS="2585" WIDTH="106" HEIGHT="61" CONTENT="par" WC="1.00" CC="000"/>
						<SP ID="P32_SP00261" HPOS="1355" VPOS="2647" WIDTH="36"/>
						<String ID="P32_ST00290" HPOS="1391" VPOS="2564" WIDTH="53" HEIGHT="58" CONTENT="le" WC="1.00" CC="00"/>
						<SP ID="P32_SP00262" HPOS="1444" VPOS="2647" WIDTH="36"/>
						<String ID="P32_ST00291" HPOS="1480" VPOS="2564" WIDTH="211" HEIGHT="59" CONTENT="violon" WC="0.99" CC="020202"/>
						<SP ID="P32_SP00263" HPOS="1691" VPOS="2647" WIDTH="39"/>
						<String ID="P32_ST00292" HPOS="1730" VPOS="2587" WIDTH="10" HEIGHT="36" CONTENT=":" WC="0.82" CC="1"/>
						<SP ID="P32_SP00264" HPOS="1740" VPOS="2647" WIDTH="56"/>
						<String ID="P32_ST00293" HPOS="1796" VPOS="2586" WIDTH="154" HEIGHT="37" CONTENT="nous" WC="0.97" CC="6250"/>
						<SP ID="P32_SP00265" HPOS="1950" VPOS="2647" WIDTH="53"/>
						<String ID="P32_ST00294" HPOS="2003" VPOS="2587" WIDTH="75" HEIGHT="37" CONTENT="ne" WC="1.00" CC="00"/>
						<SP ID="P32_SP00266" HPOS="2078" VPOS="2647" WIDTH="36"/>
						<String ID="P32_ST00295" HPOS="2114" VPOS="2587" WIDTH="233" HEIGHT="55" CONTENT="voyons" WC="0.99" CC="006000"/>
						<SP ID="P32_SP00267" HPOS="2347" VPOS="2647" WIDTH="35"/>
						<String ID="P32_ST00296" HPOS="2382" VPOS="2567" WIDTH="346" HEIGHT="81" CONTENT="apparaître" WC="1.00" CC="0000006203"/>
					</TextLine>
					<TextLine ID="P32_TL00027" HPOS="138" VPOS="2655" WIDTH="2588" HEIGHT="86">
						<String ID="P32_ST00297" HPOS="138" VPOS="2679" WIDTH="68" HEIGHT="38" CONTENT="ce" WC="1.00" CC="00"/>
						<SP ID="P32_SP00268" HPOS="206" VPOS="2717" WIDTH="36"/>
						<String ID="P32_ST00298" HPOS="242" VPOS="2657" WIDTH="242" HEIGHT="60" CONTENT="dernier" WC="1.00" CC="0000033"/>
						<SP ID="P32_SP00269" HPOS="484" VPOS="2717" WIDTH="36"/>
						<String ID="P32_ST00299" HPOS="520" VPOS="2679" WIDTH="122" HEIGHT="61" CONTENT="que" WC="0.97" CC="052"/>
						<SP ID="P32_SP00270" HPOS="642" VPOS="2740" WIDTH="31"/>
						<String ID="P32_ST00300" HPOS="673" VPOS="2678" WIDTH="134" HEIGHT="38" CONTENT="vers" WC="0.99" CC="0120"/>
						<SP ID="P32_SP00271" HPOS="807" VPOS="2740" WIDTH="47"/>
						<String ID="P32_ST00301" HPOS="854" VPOS="2674" WIDTH="165" HEIGHT="62" CONTENT="1550" WC="0.48" CC="3556"/>
						<SP ID="P32_SP00272" HPOS="1019" VPOS="2740" WIDTH="38"/>
						<String ID="P32_ST00302" HPOS="1057" VPOS="2655" WIDTH="146" HEIGHT="59" CONTENT="dans" WC="0.98" CC="0064"/>
						<SP ID="P32_SP00273" HPOS="1203" VPOS="2740" WIDTH="33"/>
						<String ID="P32_ST00303" HPOS="1236" VPOS="2657" WIDTH="56" HEIGHT="57" CONTENT="le" WC="0.85" CC="20"/>
						<SP ID="P32_SP00274" HPOS="1292" VPOS="2740" WIDTH="52"/>
						<String ID="P32_ST00304" HPOS="1344" VPOS="2664" WIDTH="36" HEIGHT="22" CONTENT='"' WC="0.69" CC="3"/>
						<SP ID="P32_SP00275" HPOS="1380" VPOS="2740" WIDTH="36"/>
						<String ID="P32_ST00305" HPOS="1416" VPOS="2657" WIDTH="181" HEIGHT="57" CONTENT="Tiers" WC="0.99" CC="45000"/>
						<SP ID="P32_SP00276" HPOS="1597" VPOS="2740" WIDTH="35"/>
						<String ID="P32_ST00306" HPOS="1632" VPOS="2657" WIDTH="187" HEIGHT="57" CONTENT="Livre" WC="0.98" CC="51004"/>
						<SP ID="P32_SP00277" HPOS="1819" VPOS="2740" WIDTH="38"/>
						<String ID="P32_ST00307" HPOS="1857" VPOS="2656" WIDTH="31" HEIGHT="20" CONTENT='"' WC="0.24" CC="7"/>
						<SP ID="P32_SP00278" HPOS="1888" VPOS="2740" WIDTH="61"/>
						<String ID="P32_ST00308" HPOS="1949" VPOS="2656" WIDTH="123" HEIGHT="81" CONTENT="(ch." WC="0.97" CC="3172"/>
						<SP ID="P32_SP00279" HPOS="2072" VPOS="2740" WIDTH="43"/>
						<String ID="P32_ST00309" HPOS="2115" VPOS="2657" WIDTH="105" HEIGHT="81" CONTENT="26)" WC="0.86" CC="003"/>
						<SP ID="P32_SP00280" HPOS="2220" VPOS="2740" WIDTH="64"/>
						<String ID="P32_ST00310" HPOS="2284" VPOS="2666" WIDTH="35" HEIGHT="23" CONTENT='"' WC="1.00" CC="0"/>
						<SP ID="P32_SP00281" HPOS="2319" VPOS="2740" WIDTH="41"/>
						<String ID="P32_ST00311" HPOS="2360" VPOS="2707" WIDTH="55" HEIGHT="11" CONTENT="..." WC="0.97" CC="440"/>
						<SP ID="P32_SP00282" HPOS="2415" VPOS="2740" WIDTH="39"/>
						<String ID="P32_ST00312" HPOS="2454" VPOS="2661" WIDTH="137" HEIGHT="80" CONTENT="plus" WC="0.99" CC="0040"/>
						<SP ID="P32_SP00283" HPOS="2591" VPOS="2741" WIDTH="36"/>
						<String ID="P32_ST00313" HPOS="2627" VPOS="2683" WIDTH="99" HEIGHT="36" CONTENT="me" WC="1.00" CC="00"/>
					</TextLine>
					<TextLine ID="P32_TL00028" HPOS="135" VPOS="2746" WIDTH="2588" HEIGHT="86">
						<String ID="P32_ST00314" HPOS="135" VPOS="2750" WIDTH="182" HEIGHT="82" CONTENT="plaist" WC="0.93" CC="000003"/>
						<SP ID="P32_SP00284" HPOS="317" VPOS="2832" WIDTH="50"/>
						<String ID="P32_ST00315" HPOS="367" VPOS="2750" WIDTH="56" HEIGHT="57" CONTENT="le" WC="0.77" CC="40"/>
						<SP ID="P32_SP00285" HPOS="423" VPOS="2832" WIDTH="51"/>
						<String ID="P32_ST00316" HPOS="474" VPOS="2770" WIDTH="105" HEIGHT="38" CONTENT="son" WC="1.00" CC="000"/>
						<SP ID="P32_SP00286" HPOS="579" VPOS="2832" WIDTH="54"/>
						<String ID="P32_ST00317" HPOS="633" VPOS="2747" WIDTH="72" HEIGHT="60" CONTENT="de" WC="1.00" CC="00"/>
						<SP ID="P32_SP00287" HPOS="705" VPOS="2832" WIDTH="50"/>
						<String ID="P32_ST00318" HPOS="755" VPOS="2749" WIDTH="56" HEIGHT="58" CONTENT="la" WC="0.94" CC="10"/>
						<SP ID="P32_SP00288" HPOS="811" VPOS="2832" WIDTH="50"/>
						<String ID="P32_ST00319" HPOS="861" VPOS="2749" WIDTH="277" HEIGHT="80" CONTENT="rustique" WC="0.99" CC="46032025"/>
						<SP ID="P32_SP00289" HPOS="1138" VPOS="2832" WIDTH="52"/>
						<String ID="P32_ST00320" HPOS="1190" VPOS="2769" WIDTH="364" HEIGHT="38" CONTENT="cornemuse" WC="0.99" CC="200700700"/>
						<SP ID="P32_SP00290" HPOS="1554" VPOS="2832" WIDTH="52"/>
						<String ID="P32_ST00321" HPOS="1606" VPOS="2769" WIDTH="119" HEIGHT="60" CONTENT="que" WC="0.97" CC="070"/>
						<SP ID="P32_SP00291" HPOS="1725" VPOS="2832" WIDTH="50"/>
						<String ID="P32_ST00322" HPOS="1775" VPOS="2750" WIDTH="83" HEIGHT="57" CONTENT="les" WC="1.00" CC="000"/>
						<SP ID="P32_SP00292" HPOS="1858" VPOS="2832" WIDTH="50"/>
						<String ID="P32_ST00323" HPOS="1908" VPOS="2746" WIDTH="474" HEIGHT="64" CONTENT="fredonnemens" WC="0.92" CC="000005000010"/>
						<SP ID="P32_SP00293" HPOS="2382" VPOS="2832" WIDTH="45"/>
						<String ID="P32_ST00324" HPOS="2427" VPOS="2751" WIDTH="102" HEIGHT="59" CONTENT="des" WC="1.00" CC="000"/>
						<SP ID="P32_SP00294" HPOS="2529" VPOS="2832" WIDTH="34"/>
						<String ID="P32_ST00325" HPOS="2563" VPOS="2752" WIDTH="160" HEIGHT="72" CONTENT="luez," WC="0.94" CC="01020"/>
					</TextLine>
					<TextLine ID="P32_TL00029" HPOS="136" VPOS="2838" WIDTH="2590" HEIGHT="82">
						<String ID="P32_ST00326" HPOS="136" VPOS="2841" WIDTH="240" HEIGHT="73" CONTENT="rebecz," WC="0.95" CC="0000020"/>
						<SP ID="P32_SP00295" HPOS="376" VPOS="2914" WIDTH="37"/>
						<String ID="P32_ST00327" HPOS="413" VPOS="2855" WIDTH="60" HEIGHT="43" CONTENT="et" WC="0.90" CC="01"/>
						<SP ID="P32_SP00296" HPOS="473" VPOS="2914" WIDTH="33"/>
						<String ID="P32_ST00328" HPOS="506" VPOS="2841" WIDTH="241" HEIGHT="57" CONTENT="violons" WC="0.99" CC="0413040"/>
						<SP ID="P32_SP00297" HPOS="747" VPOS="2914" WIDTH="34"/>
						<String ID="P32_ST00329" HPOS="781" VPOS="2840" WIDTH="298" HEIGHT="80" CONTENT="auliques." WC="0.77" CC="053104103"/>
						<SP ID="P32_SP00298" HPOS="1079" VPOS="2920" WIDTH="36"/>
						<String ID="P32_ST00330" HPOS="1115" VPOS="2839" WIDTH="35" HEIGHT="21" CONTENT='"' WC="0.26" CC="7"/>
						<SP ID="P32_SP00299" HPOS="1150" VPOS="2920" WIDTH="57"/>
						<String ID="P32_ST00331" HPOS="1207" VPOS="2839" WIDTH="284" HEIGHT="58" CONTENT="Rabelais" WC="1.00" CC="03000020"/>
						<SP ID="P32_SP00300" HPOS="1491" VPOS="2920" WIDTH="36"/>
						<String ID="P32_ST00332" HPOS="1527" VPOS="2840" WIDTH="164" HEIGHT="58" CONTENT="avait" WC="0.99" CC="00005"/>
						<SP ID="P32_SP00301" HPOS="1691" VPOS="2920" WIDTH="37"/>
						<String ID="P32_ST00333" HPOS="1728" VPOS="2840" WIDTH="160" HEIGHT="58" CONTENT="donc" WC="1.00" CC="0000"/>
						<SP ID="P32_SP00302" HPOS="1888" VPOS="2920" WIDTH="34"/>
						<String ID="P32_ST00334" HPOS="1922" VPOS="2838" WIDTH="123" HEIGHT="60" CONTENT="fort" WC="0.99" CC="0220"/>
						<SP ID="P32_SP00303" HPOS="2045" VPOS="2920" WIDTH="37"/>
						<String ID="P32_ST00335" HPOS="2082" VPOS="2840" WIDTH="142" HEIGHT="60" CONTENT="bien" WC="0.98" CC="1600"/>
						<SP ID="P32_SP00304" HPOS="2224" VPOS="2920" WIDTH="36"/>
						<String ID="P32_ST00336" HPOS="2260" VPOS="2843" WIDTH="133" HEIGHT="58" CONTENT="saisi" WC="0.99" CC="00105"/>
						<SP ID="P32_SP00305" HPOS="2393" VPOS="2920" WIDTH="38"/>
						<String ID="P32_ST00337" HPOS="2431" VPOS="2843" WIDTH="55" HEIGHT="58" CONTENT="le" WC="0.68" CC="60"/>
						<SP ID="P32_SP00306" HPOS="2486" VPOS="2920" WIDTH="35"/>
						<String ID="P32_ST00338" HPOS="2521" VPOS="2864" WIDTH="171" HEIGHT="38" CONTENT="carac" SUBS_TYPE="HypPart1" SUBS_CONTENT="caractère" WC="1.00" CC="05000"/>
						<HYP HPOS="2692" VPOS="2864" WIDTH="34" CONTENT="-"/>
					</TextLine>
					<TextLine ID="P32_TL00030" HPOS="135" VPOS="2929" WIDTH="2587" HEIGHT="84">
						<String ID="P32_ST00339" HPOS="135" VPOS="2930" WIDTH="130" HEIGHT="62" CONTENT="tère" SUBS_TYPE="HypPart2" SUBS_CONTENT="caractère" WC="0.97" CC="4800"/>
						<SP ID="P32_SP00307" HPOS="265" VPOS="2992" WIDTH="54"/>
						<String ID="P32_ST00340" HPOS="319" VPOS="2932" WIDTH="73" HEIGHT="58" CONTENT="de" WC="1.00" CC="00"/>
						<SP ID="P32_SP00308" HPOS="392" VPOS="2992" WIDTH="53"/>
						<String ID="P32_ST00341" HPOS="445" VPOS="2933" WIDTH="56" HEIGHT="57" CONTENT="la" WC="0.60" CC="43"/>
						<SP ID="P32_SP00309" HPOS="501" VPOS="2992" WIDTH="49"/>
						<String ID="P32_ST00342" HPOS="550" VPOS="2932" WIDTH="289" HEIGHT="80" CONTENT="musique" WC="0.99" CC="0300080"/>
						<SP ID="P32_SP00310" HPOS="839" VPOS="3012" WIDTH="54"/>
						<String ID="P32_ST00343" HPOS="893" VPOS="2930" WIDTH="74" HEIGHT="59" CONTENT="de" WC="1.00" CC="00"/>
						<SP ID="P32_SP00311" HPOS="967" VPOS="3012" WIDTH="51"/>
						<String ID="P32_ST00344" HPOS="1018" VPOS="2945" WIDTH="161" HEIGHT="44" CONTENT="cette" WC="0.99" CC="00050"/>
						<SP ID="P32_SP00312" HPOS="1179" VPOS="3012" WIDTH="51"/>
						<String ID="P32_ST00345" HPOS="1230" VPOS="2929" WIDTH="265" HEIGHT="84" CONTENT="époque," WC="0.99" CC="7040000"/>
						<SP ID="P32_SP00313" HPOS="1495" VPOS="3013" WIDTH="55"/>
						<String ID="P32_ST00346" HPOS="1550" VPOS="2930" WIDTH="108" HEIGHT="82" CONTENT="qui" WC="0.99" CC="002"/>
						<SP ID="P32_SP00314" HPOS="1658" VPOS="3013" WIDTH="51"/>
						<String ID="P32_ST00347" HPOS="1709" VPOS="2929" WIDTH="170" HEIGHT="75" CONTENT="était," WC="0.99" CC="500540"/>
						<SP ID="P32_SP00315" HPOS="1879" VPOS="3013" WIDTH="49"/>
						<String ID="P32_ST00348" HPOS="1928" VPOS="2932" WIDTH="198" HEIGHT="59" CONTENT="disent" WC="0.99" CC="010160"/>
						<SP ID="P32_SP00316" HPOS="2126" VPOS="3013" WIDTH="50"/>
						<String ID="P32_ST00349" HPOS="2176" VPOS="2934" WIDTH="81" HEIGHT="57" CONTENT="les" WC="0.98" CC="400"/>
						<SP ID="P32_SP00317" HPOS="2257" VPOS="3013" WIDTH="51"/>
						<String ID="P32_ST00350" HPOS="2308" VPOS="2932" WIDTH="414" HEIGHT="73" CONTENT="esthéticiens," WC="1.00" CC="0025636000000"/>
					</TextLine>
					<TextLine ID="P32_TL00031" HPOS="136" VPOS="3023" WIDTH="1692" HEIGHT="61">
						<String ID="P32_ST00351" HPOS="136" VPOS="3033" WIDTH="38" HEIGHT="23" CONTENT='"' WC="0.72" CC="2"/>
						<SP ID="P32_SP00318" HPOS="174" VPOS="3056" WIDTH="31"/>
						<String ID="P32_ST00352" HPOS="205" VPOS="3024" WIDTH="472" HEIGHT="60" CONTENT="bourdonnante" WC="1.00" CC="000001000440"/>
						<SP ID="P32_SP00319" HPOS="677" VPOS="3084" WIDTH="33"/>
						<String ID="P32_ST00353" HPOS="710" VPOS="3023" WIDTH="31" HEIGHT="23" CONTENT='"' WC="0.27" CC="7"/>
						<SP ID="P32_SP00320" HPOS="741" VPOS="3084" WIDTH="38"/>
						<String ID="P32_ST00354" HPOS="779" VPOS="3038" WIDTH="58" HEIGHT="43" CONTENT="et" WC="0.65" CC="06"/>
						<SP ID="P32_SP00321" HPOS="837" VPOS="3084" WIDTH="37"/>
						<String ID="P32_ST00355" HPOS="874" VPOS="3045" WIDTH="123" HEIGHT="36" CONTENT="non" WC="0.97" CC="303"/>
						<SP ID="P32_SP00322" HPOS="997" VPOS="3084" WIDTH="38"/>
						<String ID="P32_ST00356" HPOS="1035" VPOS="3024" WIDTH="186" HEIGHT="57" CONTENT="claire" WC="0.99" CC="040510"/>
						<SP ID="P32_SP00323" HPOS="1221" VPOS="3084" WIDTH="35"/>
						<String ID="P32_ST00357" HPOS="1256" VPOS="3045" WIDTH="249" HEIGHT="36" CONTENT="comme" WC="0.99" CC="00601"/>
						<SP ID="P32_SP00324" HPOS="1505" VPOS="3084" WIDTH="35"/>
						<String ID="P32_ST00358" HPOS="1540" VPOS="3024" WIDTH="57" HEIGHT="57" CONTENT="la" WC="0.88" CC="20"/>
						<SP ID="P32_SP00325" HPOS="1597" VPOS="3084" WIDTH="35"/>
						<String ID="P32_ST00359" HPOS="1632" VPOS="3024" WIDTH="196" HEIGHT="59" CONTENT="nôtre." WC="0.98" CC="053903"/>
					</TextLine>
					<TextLine ID="P32_TL00032" HPOS="324" VPOS="3113" WIDTH="2401" HEIGHT="86">
						<String ID="P32_ST00360" HPOS="324" VPOS="3117" WIDTH="169" HEIGHT="58" CONTENT="Dans" WC="0.98" CC="3070"/>
						<SP ID="P32_SP00326" HPOS="493" VPOS="3175" WIDTH="50"/>
						<String ID="P32_ST00361" HPOS="543" VPOS="3116" WIDTH="54" HEIGHT="58" CONTENT="le" WC="0.84" CC="02"/>
						<SP ID="P32_SP00327" HPOS="597" VPOS="3175" WIDTH="52"/>
						<String ID="P32_ST00362" HPOS="649" VPOS="3123" WIDTH="40" HEIGHT="23" CONTENT='"' WC="0.28" CC="7"/>
						<SP ID="P32_SP00328" HPOS="689" VPOS="3175" WIDTH="39"/>
						<String ID="P32_ST00363" HPOS="728" VPOS="3117" WIDTH="202" HEIGHT="63" CONTENT="Quart" WC="0.99" CC="30051"/>
						<SP ID="P32_SP00329" HPOS="930" VPOS="3180" WIDTH="52"/>
						<String ID="P32_ST00364" HPOS="982" VPOS="3116" WIDTH="188" HEIGHT="58" CONTENT="Livre" WC="1.00" CC="00010"/>
						<SP ID="P32_SP00330" HPOS="1170" VPOS="3180" WIDTH="37"/>
						<String ID="P32_ST00365" HPOS="1207" VPOS="3114" WIDTH="32" HEIGHT="22" CONTENT='"' WC="0.32" CC="6"/>
						<SP ID="P32_SP00331" HPOS="1239" VPOS="3180" WIDTH="62"/>
						<String ID="P32_ST00366" HPOS="1301" VPOS="3113" WIDTH="122" HEIGHT="81" CONTENT="(ch." WC="0.97" CC="3062"/>
						<SP ID="P32_SP00332" HPOS="1423" VPOS="3194" WIDTH="56"/>
						<String ID="P32_ST00367" HPOS="1479" VPOS="3114" WIDTH="59" HEIGHT="79" CONTENT="6)" WC="0.79" CC="04"/>
						<SP ID="P32_SP00333" HPOS="1538" VPOS="3194" WIDTH="60"/>
						<String ID="P32_ST00368" HPOS="1598" VPOS="3136" WIDTH="154" HEIGHT="38" CONTENT="nous" WC="0.98" CC="5050"/>
						<SP ID="P32_SP00334" HPOS="1752" VPOS="3194" WIDTH="35"/>
						<String ID="P32_ST00369" HPOS="1787" VPOS="3130" WIDTH="295" HEIGHT="45" CONTENT="trouvons" WC="1.00" CC="30120000"/>
						<SP ID="P32_SP00335" HPOS="2082" VPOS="3194" WIDTH="34"/>
						<String ID="P32_ST00370" HPOS="2116" VPOS="3137" WIDTH="222" HEIGHT="38" CONTENT="encore" WC="1.00" CC="000302"/>
						<SP ID="P32_SP00336" HPOS="2338" VPOS="3194" WIDTH="36"/>
						<String ID="P32_ST00371" HPOS="2374" VPOS="3139" WIDTH="69" HEIGHT="36" CONTENT="ce" WC="1.00" CC="00"/>
						<SP ID="P32_SP00337" HPOS="2443" VPOS="3194" WIDTH="35"/>
						<String ID="P32_ST00372" HPOS="2478" VPOS="3139" WIDTH="247" HEIGHT="60" CONTENT="passage" WC="0.99" CC="0800000"/>
					</TextLine>
					<TextLine ID="P32_TL00033" HPOS="144" VPOS="3205" WIDTH="2579" HEIGHT="87">
						<String ID="P32_ST00373" HPOS="144" VPOS="3208" WIDTH="66" HEIGHT="79" CONTENT="(il" WC="0.97" CC="440"/>
						<SP ID="P32_SP00338" HPOS="210" VPOS="3287" WIDTH="37"/>
						<String ID="P32_ST00374" HPOS="247" VPOS="3222" WIDTH="85" HEIGHT="45" CONTENT="est" WC="0.98" CC="004"/>
						<SP ID="P32_SP00339" HPOS="332" VPOS="3287" WIDTH="38"/>
						<String ID="P32_ST00375" HPOS="370" VPOS="3208" WIDTH="282" HEIGHT="80" CONTENT="question" WC="1.00" CC="00402200"/>
						<SP ID="P32_SP00340" HPOS="652" VPOS="3288" WIDTH="39"/>
						<String ID="P32_ST00376" HPOS="691" VPOS="3206" WIDTH="82" HEIGHT="60" CONTENT="du" WC="0.72" CC="05"/>
						<SP ID="P32_SP00341" HPOS="773" VPOS="3288" WIDTH="35"/>
						<String ID="P32_ST00377" HPOS="808" VPOS="3221" WIDTH="266" HEIGHT="45" CONTENT="mouton" WC="0.99" CC="003013"/>
						<SP ID="P32_SP00342" HPOS="1074" VPOS="3288" WIDTH="38"/>
						<String ID="P32_ST00378" HPOS="1112" VPOS="3227" WIDTH="119" HEIGHT="61" CONTENT="que" WC="1.00" CC="000"/>
						<SP ID="P32_SP00343" HPOS="1231" VPOS="3288" WIDTH="36"/>
						<String ID="P32_ST00379" HPOS="1267" VPOS="3220" WIDTH="147" HEIGHT="44" CONTENT="veut" WC="0.98" CC="0046"/>
						<SP ID="P32_SP00344" HPOS="1414" VPOS="3288" WIDTH="35"/>
						<String ID="P32_ST00380" HPOS="1449" VPOS="3205" WIDTH="251" HEIGHT="61" CONTENT="acheter" WC="0.99" CC="6060005"/>
						<SP ID="P32_SP00345" HPOS="1700" VPOS="3288" WIDTH="36"/>
						<String ID="P32_ST00381" HPOS="1736" VPOS="3206" WIDTH="310" HEIGHT="82" CONTENT="Panurge)" WC="0.73" CC="60460003"/>
						<SP ID="P32_SP00346" HPOS="2046" VPOS="3288" WIDTH="36"/>
						<String ID="P32_ST00382" HPOS="2082" VPOS="3230" WIDTH="11" HEIGHT="37" CONTENT=":" WC="0.41" CC="5"/>
						<SP ID="P32_SP00347" HPOS="2093" VPOS="3288" WIDTH="42"/>
						<String ID="P32_ST00383" HPOS="2135" VPOS="3215" WIDTH="37" HEIGHT="24" CONTENT='"' WC="0.84" CC="1"/>
						<SP ID="P32_SP00348" HPOS="2172" VPOS="3288" WIDTH="27"/>
						<String ID="P32_ST00384" HPOS="2199" VPOS="3208" WIDTH="127" HEIGHT="59" CONTENT="Des" WC="0.99" CC="100"/>
						<SP ID="P32_SP00349" HPOS="2326" VPOS="3288" WIDTH="21"/>
						<String ID="P32_ST00385" HPOS="2347" VPOS="3207" WIDTH="271" HEIGHT="85" CONTENT="boyaulx" WC="0.89" CC="0060000"/>
						<SP ID="P32_SP00350" HPOS="2618" VPOS="3292" WIDTH="28"/>
						<String ID="P32_ST00386" HPOS="2646" VPOS="3230" WIDTH="77" HEIGHT="37" CONTENT="on" WC="0.69" CC="06"/>
					</TextLine>
					<TextLine ID="P32_TL00034" HPOS="134" VPOS="3297" WIDTH="2591" HEIGHT="83">
						<String ID="P32_ST00387" HPOS="134" VPOS="3297" WIDTH="127" HEIGHT="62" CONTENT="fera" WC="0.95" CC="7509"/>
						<SP ID="P32_SP00351" HPOS="261" VPOS="3359" WIDTH="51"/>
						<String ID="P32_ST00388" HPOS="312" VPOS="3299" WIDTH="259" HEIGHT="59" CONTENT="chordes" WC="0.88" CC="2500000"/>
						<SP ID="P32_SP00352" HPOS="571" VPOS="3359" WIDTH="47"/>
						<String ID="P32_ST00389" HPOS="618" VPOS="3299" WIDTH="72" HEIGHT="58" CONTENT="de" WC="1.00" CC="00"/>
						<SP ID="P32_SP00353" HPOS="690" VPOS="3359" WIDTH="51"/>
						<String ID="P32_ST00390" HPOS="741" VPOS="3300" WIDTH="242" HEIGHT="58" CONTENT="violons" WC="0.99" CC="0403050"/>
						<SP ID="P32_SP00354" HPOS="983" VPOS="3359" WIDTH="50"/>
						<String ID="P32_ST00391" HPOS="1033" VPOS="3314" WIDTH="60" HEIGHT="44" CONTENT="et" WC="0.52" CC="53"/>
						<SP ID="P32_SP00355" HPOS="1093" VPOS="3359" WIDTH="50"/>
						<String ID="P32_ST00392" HPOS="1143" VPOS="3297" WIDTH="240" HEIGHT="83" CONTENT="harpes," WC="0.99" CC="6050000"/>
						<SP ID="P32_SP00356" HPOS="1383" VPOS="3380" WIDTH="52"/>
						<String ID="P32_ST00393" HPOS="1435" VPOS="3299" WIDTH="320" HEIGHT="81" CONTENT="lesquelles" WC="1.00" CC="5200000300"/>
						<SP ID="P32_SP00357" HPOS="1755" VPOS="3380" WIDTH="50"/>
						<String ID="P32_ST00394" HPOS="1805" VPOS="3314" WIDTH="132" HEIGHT="43" CONTENT="tant" WC="0.98" CC="0060"/>
						<SP ID="P32_SP00358" HPOS="1937" VPOS="3380" WIDTH="52"/>
						<String ID="P32_ST00395" HPOS="1989" VPOS="3297" WIDTH="358" HEIGHT="61" CONTENT="chèrement" WC="1.00" CC="036000021"/>
						<SP ID="P32_SP00359" HPOS="2347" VPOS="3380" WIDTH="38"/>
						<String ID="P32_ST00396" HPOS="2385" VPOS="3323" WIDTH="78" HEIGHT="35" CONTENT="on" WC="0.74" CC="05"/>
						<SP ID="P32_SP00360" HPOS="2463" VPOS="3380" WIDTH="35"/>
						<String ID="P32_ST00397" HPOS="2498" VPOS="3300" WIDTH="227" HEIGHT="59" CONTENT="vendra" WC="0.99" CC="035000"/>
					</TextLine>
					<TextLine ID="P32_TL00035" HPOS="135" VPOS="3389" WIDTH="1961" HEIGHT="84">
						<String ID="P32_ST00398" HPOS="135" VPOS="3414" WIDTH="249" HEIGHT="38" CONTENT="comme" WC="1.00" CC="00000"/>
						<SP ID="P32_SP00361" HPOS="384" VPOS="3452" WIDTH="35"/>
						<String ID="P32_ST00399" HPOS="419" VPOS="3393" WIDTH="47" HEIGHT="58" CONTENT="si" WC="0.88" CC="02"/>
						<SP ID="P32_SP00362" HPOS="466" VPOS="3452" WIDTH="36"/>
						<String ID="P32_ST00400" HPOS="502" VPOS="3389" WIDTH="230" HEIGHT="62" CONTENT="fussent" WC="0.99" CC="0500070"/>
						<SP ID="P32_SP00363" HPOS="732" VPOS="3452" WIDTH="35"/>
						<String ID="P32_ST00401" HPOS="767" VPOS="3390" WIDTH="261" HEIGHT="60" CONTENT="chordes" WC="0.81" CC="2630000"/>
						<SP ID="P32_SP00364" HPOS="1028" VPOS="3452" WIDTH="35"/>
						<String ID="P32_ST00402" HPOS="1063" VPOS="3391" WIDTH="74" HEIGHT="57" CONTENT="de" WC="1.00" CC="00"/>
						<SP ID="P32_SP00365" HPOS="1137" VPOS="3452" WIDTH="38"/>
						<String ID="P32_ST00403" HPOS="1175" VPOS="3391" WIDTH="311" HEIGHT="59" CONTENT="Munican" WC="0.67" CC="0773004"/>
						<SP ID="P32_SP00366" HPOS="1486" VPOS="3452" WIDTH="38"/>
						<String ID="P32_ST00404" HPOS="1524" VPOS="3413" WIDTH="79" HEIGHT="37" CONTENT="ou" WC="0.55" CC="53"/>
						<SP ID="P32_SP00367" HPOS="1603" VPOS="3452" WIDTH="38"/>
						<String ID="P32_ST00405" HPOS="1641" VPOS="3391" WIDTH="73" HEIGHT="59" CONTENT="de" WC="1.00" CC="00"/>
						<SP ID="P32_SP00368" HPOS="1714" VPOS="3452" WIDTH="36"/>
						<String ID="P32_ST00406" HPOS="1750" VPOS="3393" WIDTH="280" HEIGHT="80" CONTENT="Aquilie." WC="0.87" CC="00400014"/>
						<SP ID="P32_SP00369" HPOS="2030" VPOS="3473" WIDTH="34"/>
						<String ID="P32_ST00407" HPOS="2064" VPOS="3393" WIDTH="32" HEIGHT="21" CONTENT='"' WC="0.83" CC="1"/>
					</TextLine>
					<TextLine ID="P32_TL00036" HPOS="323" VPOS="3480" WIDTH="2404" HEIGHT="85">
						<String ID="P32_ST00408" HPOS="323" VPOS="3484" WIDTH="89" HEIGHT="58" CONTENT="Ni" WC="0.66" CC="51"/>
						<SP ID="P32_SP00370" HPOS="412" VPOS="3542" WIDTH="34"/>
						<String ID="P32_ST00409" HPOS="446" VPOS="3484" WIDTH="305" HEIGHT="80" CONTENT="Panurge," WC="0.95" CC="20000001"/>
						<SP ID="P32_SP00371" HPOS="751" VPOS="3564" WIDTH="27"/>
						<String ID="P32_ST00410" HPOS="778" VPOS="3484" WIDTH="59" HEIGHT="57" CONTENT="ni" WC="0.72" CC="13"/>
						<SP ID="P32_SP00372" HPOS="837" VPOS="3564" WIDTH="35"/>
						<String ID="P32_ST00411" HPOS="872" VPOS="3483" WIDTH="395" HEIGHT="80" CONTENT="Pantagruel," WC="0.99" CC="00648004470"/>
						<SP ID="P32_SP00373" HPOS="1267" VPOS="3564" WIDTH="30"/>
						<String ID="P32_ST00412" HPOS="1297" VPOS="3484" WIDTH="58" HEIGHT="55" CONTENT="ni" WC="0.58" CC="80"/>
						<SP ID="P32_SP00374" HPOS="1355" VPOS="3564" WIDTH="35"/>
						<String ID="P32_ST00413" HPOS="1390" VPOS="3480" WIDTH="184" HEIGHT="61" CONTENT="Frère" WC="0.99" CC="00700"/>
						<SP ID="P32_SP00375" HPOS="1574" VPOS="3564" WIDTH="21"/>
						<String ID="P32_ST00414" HPOS="1595" VPOS="3483" WIDTH="115" HEIGHT="80" CONTENT="jan" WC="0.59" CC="704"/>
						<SP ID="P32_SP00376" HPOS="1710" VPOS="3564" WIDTH="30"/>
						<String ID="P32_ST00415" HPOS="1740" VPOS="3504" WIDTH="74" HEIGHT="37" CONTENT="ne" WC="0.81" CC="30"/>
						<SP ID="P32_SP00377" HPOS="1814" VPOS="3564" WIDTH="37"/>
						<String ID="P32_ST00416" HPOS="1851" VPOS="3504" WIDTH="155" HEIGHT="40" CONTENT="nous" WC="0.96" CC="8360"/>
						<SP ID="P32_SP00378" HPOS="2006" VPOS="3564" WIDTH="35"/>
						<String ID="P32_ST00417" HPOS="2041" VPOS="3504" WIDTH="73" HEIGHT="37" CONTENT="en" WC="0.89" CC="02"/>
						<SP ID="P32_SP00379" HPOS="2114" VPOS="3564" WIDTH="38"/>
						<String ID="P32_ST00418" HPOS="2152" VPOS="3483" WIDTH="197" HEIGHT="59" CONTENT="disent" WC="0.98" CC="003165"/>
						<SP ID="P32_SP00380" HPOS="2349" VPOS="3564" WIDTH="38"/>
						<String ID="P32_ST00419" HPOS="2387" VPOS="3483" WIDTH="340" HEIGHT="82" CONTENT="davantage" WC="1.00" CC="000930000"/>
					</TextLine>
				</TextBlock>
				<TextBlock ID="P32_TB00004" HPOS="131" VPOS="3664" WIDTH="2596" HEIGHT="178" STYLEREFS="TXT_4 PAR_LEFT">
					<TextLine ID="P32_TL00037" HPOS="252" VPOS="3668" WIDTH="2473" HEIGHT="56">
						<String ID="P32_ST00420" HPOS="252" VPOS="3668" WIDTH="9" HEIGHT="23" CONTENT="1" STYLE="superscript" WC="0.32" CC="6"/>
						<SP ID="P32_SP00381" HPOS="261" VPOS="3691" WIDTH="37"/>
						<String ID="P32_ST00421" HPOS="298" VPOS="3669" WIDTH="246" HEIGHT="41" CONTENT="Geschichte" WC="0.77" CC="0000650640"/>
						<SP ID="P32_SP00382" HPOS="544" VPOS="3710" WIDTH="22"/>
						<String ID="P32_ST00422" HPOS="566" VPOS="3671" WIDTH="67" HEIGHT="39" CONTENT="des" WC="0.97" CC="610"/>
						<SP ID="P32_SP00383" HPOS="633" VPOS="3710" WIDTH="24"/>
						<String ID="P32_ST00423" HPOS="657" VPOS="3669" WIDTH="123" HEIGHT="40" CONTENT="Klavi" WC="0.78" CC="01027"/>
						<SP ID="P32_SP00384" HPOS="780" VPOS="3710" WIDTH="26"/>
						<String ID="P32_ST00424" HPOS="806" VPOS="3671" WIDTH="149" HEIGHT="39" CONTENT="Kords." WC="0.85" CC="005003"/>
						<SP ID="P32_SP00385" HPOS="955" VPOS="3710" WIDTH="26"/>
						<String ID="P32_ST00425" HPOS="981" VPOS="3669" WIDTH="258" HEIGHT="51" CONTENT="Gœhlinger." WC="0.59" CC="0370857133"/>
						<SP ID="P32_SP00386" HPOS="1239" VPOS="3720" WIDTH="27"/>
						<String ID="P32_ST00426" HPOS="1266" VPOS="3672" WIDTH="63" HEIGHT="37" CONTENT="De" WC="0.57" CC="53"/>
						<SP ID="P32_SP00387" HPOS="1329" VPOS="3720" WIDTH="22"/>
						<String ID="P32_ST00427" HPOS="1351" VPOS="3669" WIDTH="102" HEIGHT="55" CONTENT="plus," WC="0.98" CC="00706"/>
						<SP ID="P32_SP00388" HPOS="1453" VPOS="3724" WIDTH="26"/>
						<String ID="P32_ST00428" HPOS="1479" VPOS="3671" WIDTH="66" HEIGHT="38" CONTENT="des" WC="0.98" CC="120"/>
						<SP ID="P32_SP00389" HPOS="1545" VPOS="3724" WIDTH="23"/>
						<String ID="P32_ST00429" HPOS="1568" VPOS="3685" WIDTH="196" HEIGHT="36" CONTENT="ouvrages" WC="0.99" CC="06530700"/>
						<SP ID="P32_SP00390" HPOS="1764" VPOS="3724" WIDTH="31"/>
						<String ID="P32_ST00430" HPOS="1795" VPOS="3671" WIDTH="68" HEIGHT="40" CONTENT="des" WC="1.00" CC="000"/>
						<SP ID="P32_SP00391" HPOS="1863" VPOS="3724" WIDTH="38"/>
						<String ID="P32_ST00431" HPOS="1901" VPOS="3675" WIDTH="47" HEIGHT="35" CONTENT="i6" WC="0.71" CC="50"/>
						<String ID="P32_ST00432" HPOS="1954" VPOS="3676" WIDTH="37" HEIGHT="15" CONTENT="me" STYLE="superscript" WC="0.58" CC="34"/>
						<SP ID="P32_SP00392" HPOS="1991" VPOS="3724" WIDTH="32"/>
						<String ID="P32_ST00433" HPOS="2023" VPOS="3681" WIDTH="39" HEIGHT="30" CONTENT="et" WC="0.98" CC="00"/>
						<SP ID="P32_SP00393" HPOS="2062" VPOS="3724" WIDTH="32"/>
						<String ID="P32_ST00434" HPOS="2094" VPOS="3671" WIDTH="132" HEIGHT="40" CONTENT="même" WC="0.98" CC="5320"/>
						<SP ID="P32_SP00394" HPOS="2226" VPOS="3724" WIDTH="37"/>
						<String ID="P32_ST00435" HPOS="2263" VPOS="3676" WIDTH="91" HEIGHT="44" CONTENT="17™" WC="0.44" CC="448"/>
						<SP ID="P32_SP00395" HPOS="2354" VPOS="3724" WIDTH="29"/>
						<String ID="P32_ST00436" HPOS="2383" VPOS="3670" WIDTH="116" HEIGHT="40" CONTENT="siècle" WC="0.98" CC="043064"/>
						<SP ID="P32_SP00396" HPOS="2499" VPOS="3724" WIDTH="34"/>
						<String ID="P32_ST00437" HPOS="2533" VPOS="3672" WIDTH="124" HEIGHT="38" CONTENT="citent" WC="0.99" CC="064030"/>
						<SP ID="P32_SP00397" HPOS="2657" VPOS="3724" WIDTH="32"/>
						<String ID="P32_ST00438" HPOS="2689" VPOS="3670" WIDTH="36" HEIGHT="41" CONTENT="le" WC="0.64" CC="33"/>
					</TextLine>
					<TextLine ID="P32_TL00038" HPOS="132" VPOS="3728" WIDTH="2590" HEIGHT="56">
						<String ID="P32_ST00439" HPOS="132" VPOS="3730" WIDTH="253" HEIGHT="40" CONTENT="monocorde" WC="0.99" CC="005345501"/>
						<SP ID="P32_SP00398" HPOS="385" VPOS="3770" WIDTH="33"/>
						<String ID="P32_ST00440" HPOS="418" VPOS="3743" WIDTH="162" HEIGHT="26" CONTENT="comme" WC="1.00" CC="00000"/>
						<SP ID="P32_SP00399" HPOS="580" VPOS="3770" WIDTH="34"/>
						<String ID="P32_ST00441" HPOS="614" VPOS="3744" WIDTH="55" HEIGHT="24" CONTENT="un" WC="0.69" CC="60"/>
						<SP ID="P32_SP00400" HPOS="669" VPOS="3770" WIDTH="33"/>
						<String ID="P32_ST00442" HPOS="702" VPOS="3730" WIDTH="248" HEIGHT="38" CONTENT="instrument" WC="1.00" CC="2000400000"/>
						<SP ID="P32_SP00401" HPOS="950" VPOS="3770" WIDTH="31"/>
						<String ID="P32_ST00443" HPOS="981" VPOS="3730" WIDTH="49" HEIGHT="38" CONTENT="de" WC="0.52" CC="90"/>
						<SP ID="P32_SP00402" HPOS="1030" VPOS="3770" WIDTH="33"/>
						<String ID="P32_ST00444" HPOS="1063" VPOS="3730" WIDTH="187" HEIGHT="52" CONTENT="musique" WC="0.99" CC="0014391"/>
						<SP ID="P32_SP00403" HPOS="1250" VPOS="3782" WIDTH="33"/>
						<String ID="P32_ST00445" HPOS="1283" VPOS="3728" WIDTH="203" HEIGHT="49" CONTENT="véritable," WC="0.99" CC="0345800216"/>
						<SP ID="P32_SP00404" HPOS="1486" VPOS="3782" WIDTH="26"/>
						<String ID="P32_ST00446" HPOS="1512" VPOS="3739" WIDTH="37" HEIGHT="29" CONTENT="et" WC="0.61" CC="24"/>
						<SP ID="P32_SP00405" HPOS="1549" VPOS="3782" WIDTH="33"/>
						<String ID="P32_ST00447" HPOS="1582" VPOS="3744" WIDTH="103" HEIGHT="25" CONTENT="nous" WC="0.99" CC="0300"/>
						<SP ID="P32_SP00406" HPOS="1685" VPOS="3782" WIDTH="32"/>
						<String ID="P32_ST00448" HPOS="1717" VPOS="3730" WIDTH="186" HEIGHT="39" CONTENT="donnent" WC="0.99" CC="0000008"/>
						<SP ID="P32_SP00407" HPOS="1903" VPOS="3782" WIDTH="32"/>
						<String ID="P32_ST00449" HPOS="1935" VPOS="3732" WIDTH="66" HEIGHT="38" CONTENT="des" WC="0.99" CC="030"/>
						<SP ID="P32_SP00408" HPOS="2001" VPOS="3782" WIDTH="33"/>
						<String ID="P32_ST00450" HPOS="2034" VPOS="3728" WIDTH="139" HEIGHT="42" CONTENT="détails" WC="0.99" CC="0207440"/>
						<SP ID="P32_SP00409" HPOS="2173" VPOS="3782" WIDTH="33"/>
						<String ID="P32_ST00451" HPOS="2206" VPOS="3745" WIDTH="67" HEIGHT="24" CONTENT="sur" WC="1.00" CC="000"/>
						<SP ID="P32_SP00410" HPOS="2273" VPOS="3782" WIDTH="21"/>
						<String ID="P32_ST00452" HPOS="2294" VPOS="3745" WIDTH="39" HEIGHT="24" CONTENT="sa" WC="1.00" CC="00"/>
						<SP ID="P32_SP00411" HPOS="2333" VPOS="3782" WIDTH="24"/>
						<String ID="P32_ST00453" HPOS="2357" VPOS="3740" WIDTH="200" HEIGHT="30" CONTENT="structure" WC="0.99" CC="296056040"/>
						<SP ID="P32_SP00412" HPOS="2557" VPOS="3782" WIDTH="26"/>
						<String ID="P32_ST00454" HPOS="2583" VPOS="3732" WIDTH="53" HEIGHT="52" CONTENT="(p." WC="0.96" CC="432"/>
						<SP ID="P32_SP00413" HPOS="2636" VPOS="3784" WIDTH="26"/>
						<String ID="P32_ST00455" HPOS="2662" VPOS="3742" WIDTH="60" HEIGHT="27" CONTENT="Ex." WC="1.00" CC="000"/>
					</TextLine>
					<TextLine ID="P32_TL00039" HPOS="131" VPOS="3788" WIDTH="882" HEIGHT="54">
						<String ID="P32_ST00456" HPOS="131" VPOS="3788" WIDTH="208" HEIGHT="41" CONTENT="Marinait" WC="0.99" CC="00202345" STYLEREFS="TXT_5"/>
						<SP ID="P32_SP00414" HPOS="339" VPOS="3829" WIDTH="21"/>
						<String ID="P32_ST00457" HPOS="360" VPOS="3808" WIDTH="12" HEIGHT="20" CONTENT=":" WC="0.39" CC="6" STYLEREFS="TXT_5"/>
						<SP ID="P32_SP00415" HPOS="372" VPOS="3829" WIDTH="21"/>
						<String ID="P32_ST00458" HPOS="393" VPOS="3790" WIDTH="59" HEIGHT="38" CONTENT="La" WC="0.82" CC="30"/>
						<SP ID="P32_SP00416" HPOS="452" VPOS="3829" WIDTH="23"/>
						<String ID="P32_ST00459" HPOS="475" VPOS="3789" WIDTH="132" HEIGHT="53" CONTENT="prima" WC="0.98" CC="03601"/>
						<SP ID="P32_SP00417" HPOS="607" VPOS="3842" WIDTH="23"/>
						<String ID="P32_ST00460" HPOS="630" VPOS="3798" WIDTH="113" HEIGHT="44" CONTENT="parte" WC="0.98" CC="00663"/>
						<SP ID="P32_SP00418" HPOS="743" VPOS="3842" WIDTH="23"/>
						<String ID="P32_ST00461" HPOS="766" VPOS="3799" WIDTH="74" HEIGHT="29" CONTENT="etc." WC="0.99" CC="4000"/>
						<SP ID="P32_SP00419" HPOS="840" VPOS="3842" WIDTH="32"/>
						<String ID="P32_ST00462" HPOS="872" VPOS="3791" WIDTH="141" HEIGHT="49" CONTENT="1587)." WC="0.52" CC="668501"/>
					</TextLine>
				</TextBlock>
			</PrintSpace>
		</Page>
	</Layout>
</alto>
