2855 4036
672 294 531 74 L'ORIGINE
1266 297 138 71 DE
1470 299 134 69 LA
1670 297 470 84 MUSIQUE

2586 326 96 70 23

123 443 169 60 Dans
357 442 370 82 l'antiquité,
794 447 197 58 l'utile
1057 470 32 35 a
1153 447 275 80 toujours
1485 444 96 61 été
1640 446 350 59 l'armature
2047 449 190 59 solide
2294 451 81 58 du
2442 451 172 61 beau.

306 534 160 59 Rien
503 533 73 60 de
630 536 133 80 plus
807 536 184 80 juste,
1029 538 46 59 si
1111 560 68 37 ce
1214 540 151 57 n'est
1420 540 55 57 le
1510 538 323 59 contraire.
1873 538 380 83 L'antiquité
2308 562 32 38 a
2385 542 215 81 ignoré
2635 545 55 58 la

121 625 180 80 grâce
353 625 220 58 inutile
609 625 81 58 du
743 625 254 75 bibelot,
1033 649 221 38 encore
1305 628 186 80 qu'on
1546 649 75 37 ne
1670 625 181 61 sache
1904 642 137 66 trop
2092 628 30 60 à
2159 634 148 78 quoi
2355 635 333 79 pouvaient

120 716 189 58 servir
342 716 82 58 les
459 730 316 47 statuettes
812 717 71 59 de
918 719 306 80 Tanagra,
1261 720 64 57 ni
1359 719 83 58 les
1476 716 457 62 innombrables
1965 716 293 85 figurines
2294 725 107 79 qui
2450 725 81 58 les
2581 739 107 46 ont

120 804 326 84 précédées
480 806 216 82 depuis
730 807 83 60 les
850 823 199 67 temps
1082 810 83 57 les
1200 810 135 80 plus
1369 806 317 84 primitifs,
1725 809 62 57 ni
1824 810 202 58 même
2060 811 83 59 les
2176 810 283 64 fusaïoles
2493 838 79 36 ou
2606 818 82 57 les

120 895 327 83 ptétendus
498 898 216 59 bâtons
748 899 74 58 de
870 899 546 60 commandement
1453 900 107 80 qui
1612 898 307 59 abondent
1955 900 145 61 dans
2147 904 82 58 les
2262 903 240 62 fouilles
2553 905 102 82 pré-

120 985 391 84 historiques.
551 988 381 82 L'antiquité
969 989 336 81 n'ignorait
1363 1009 104 60 pas
1501 989 204 59 moins
1738 989 55 59 la
1829 992 259 58 tristesse
2125 992 72 59 de
2232 1015 108 38 nos
2375 995 314 60 machines

121 1079 131 80 qui,
289 1100 129 38 sans
454 1079 105 59 nul
609 1081 170 57 souci
816 1079 72 59 de
922 1101 153 38 nous
1123 1081 211 80 plaire,
1373 1079 302 60 résolvent
1712 1102 81 37 un
1843 1079 315 83 problème
2195 1084 71 59 de
2304 1084 381 84 mécanique.

122 1168 81 59 Et
239 1169 46 59 si
322 1169 199 59 l'utile
555 1168 148 60 était
738 1171 351 58 l'armature
1124 1168 81 60 du
1241 1169 175 73 beau,
1452 1171 54 58 le
1543 1171 154 58 beau
1732 1169 148 60 était
1931 1172 266 60 l'excuse
2244 1175 445 81 indispensable

121 1258 74 60 de
248 1260 214 58 l'utile.
521 1261 117 57 Les
689 1262 135 79 plus
870 1258 286 60 humbles
1203 1261 315 60 ustensiles
1564 1260 228 61 étaient
1847 1260 174 61 ornés
2053 1288 12 45 ;
2121 1265 83 57 les
2257 1267 133 79 plus
2436 1289 254 58 pauvres

121 1347 405 75 chaumières,
564 1349 285 60 décorées
883 1351 74 58 de
1005 1350 202 61 reliefs
1258 1374 80 37 ou
1373 1352 72 59 de
1500 1354 314 80 peintures
1849 1378 14 45 ;
1915 1355 83 57 les
2045 1354 193 59 tribus
2271 1356 83 60 les
2389 1357 135 80 plus
2557 1379 100 38 sau-

118 1462 204 58 vages,
381 1441 45 59 si
494 1441 139 57 elles
697 1441 238 59 n'usent
1001 1463 104 60 pas
1166 1441 83 59 du
1307 1442 312 60 vêtement
1686 1442 278 83 pudique
2030 1465 81 37 ou
2174 1460 374 66 protecteur,
2618 1470 72 37 ne

121 1545 341 68 manquent
513 1552 104 61 pas
652 1530 30 60 à
719 1553 57 37 se
826 1553 175 60 parer
1037 1533 72 58 de
1152 1534 258 71 colliers,
1447 1534 72 58 de
1571 1534 314 74 bracelets,
1922 1535 359 74 d'anneaux,
2319 1536 371 82 d'aigrettes,

120 1637 58 43 et
215 1623 282 63 utilisent
525 1623 203 58 même
781 1624 55 57 la
889 1622 236 61 surface
1161 1624 74 59 de
1287 1625 131 59 leur
1453 1647 177 60 corps
1679 1648 158 59 pour
1886 1648 37 60 y
1960 1641 240 44 tatouer
2238 1628 83 58 les
2355 1629 230 80 images
2619 1629 72 60 de

118 1713 132 57 leur
285 1710 294 61 fantaisie.
620 1714 90 57 La
743 1710 196 61 vérité
974 1728 87 45 est
1099 1736 118 58 que
1252 1714 146 60 dans
1430 1717 84 58 les
1550 1731 202 66 temps
1785 1717 246 58 anciens
2083 1718 55 59 la
2172 1718 215 59 notion
2423 1718 268 61 d'utilité

120 1817 58 43 et
207 1803 149 59 celle
385 1802 72 60 de
484 1802 240 74 beauté,
751 1826 119 58 que
898 1821 174 43 notre
1100 1804 373 83 dialectique
1501 1804 226 84 sépare,
1753 1822 134 43 sont
1917 1804 241 64 mêlées.
2187 1808 168 60 C'est
2381 1812 312 79 pourquoi

120 1895 43 57 il
212 1893 149 60 n'est
416 1915 104 60 pas
554 1895 72 58 de
661 1893 226 61 société
939 1895 294 61 humaine
1285 1895 80 61 où
1419 1897 132 60 l'art
1605 1920 74 36 ne
1730 1920 363 37 commence
2127 1921 72 36 en
2239 1901 203 58 même
2493 1916 200 66 temps

121 2005 119 60 que
275 1985 364 61 l'industrie.
672 1985 333 61 L'homme
1042 1989 108 80 qui
1185 1989 55 58 le
1274 1989 268 81 premier
1575 1987 188 60 frotta
1799 1989 163 59 deux
1997 1990 320 60 bâtonnets
2355 2013 155 59 pour
2543 1990 150 61 faire

108 2075 191 81 jaillir
349 2077 54 58 le
457 2075 101 61 feu
595 2077 110 60 dut
757 2079 83 58 les
893 2076 389 83 agrémenter
1334 2102 75 36 au
1463 2081 202 59 moins
1701 2080 73 60 de
1810 2081 297 82 quelques
2158 2083 292 59 incisions
2491 2083 162 82 symé-

120 2168 231 80 triques
388 2189 10 37 :
438 2189 75 37 en
548 2165 87 62 foi
672 2168 71 58 de
780 2170 149 79 quoi
981 2191 153 38 nous
1169 2170 232 59 collons
1452 2192 220 38 encore
1707 2170 102 60 des
1843 2173 306 78 vignettes
2197 2175 337 57 souriantes
2573 2196 120 36 aux

120 2255 161 63 faces
315 2259 74 59 de
424 2281 108 38 nos
567 2258 195 61 boîtes
798 2260 720 83 d'allumettes-bougies.

304 2349 282 60 Certains
612 2371 298 60 ouvrages
937 2352 73 58 de
1045 2352 130 58 l'art
1205 2367 107 43 ont
1339 2349 95 61 été
1462 2351 321 82 appliqués
1810 2351 30 59 à
1866 2353 101 59 des
1995 2375 211 59 usages
2234 2354 417 82 domestiques
2675 2380 14 47 ;

120 2439 264 60 d'autres
437 2439 31 59 à
521 2439 102 60 des
675 2437 111 62 fins
840 2442 340 80 magiques.
1236 2445 89 55 Ce
1371 2443 238 57 dernier
1655 2465 97 37 cas
1804 2445 166 57 est-il
2020 2445 158 58 celui
2228 2445 101 58 des
2379 2446 312 80 peintures

120 2532 403 59 souterraines
555 2535 18 56 ?
633 2532 162 59 Rien
850 2554 74 37 ne
977 2533 53 58 le
1086 2555 252 58 prouve.
1378 2533 103 60 On
1532 2532 256 83 allègue,
1843 2536 41 56 il
1934 2550 86 43 est
2065 2537 150 70 vrai,
2253 2537 253 80 qu'elles
2555 2551 135 45 sont

118 2620 238 84 placées
390 2644 75 37 en
501 2622 101 59 des
652 2624 274 58 retraites
963 2622 283 61 obscures
1282 2621 78 61 où
1414 2625 104 57 nul
1567 2625 216 79 regard
1837 2646 71 37 ne
1957 2626 83 59 les
2082 2627 256 79 pouvait
2374 2627 264 59 admirer
2674 2653 14 47 ;

121 2712 146 60 c'est
327 2734 119 59 que
504 2726 247 68 partout
809 2714 243 58 ailleurs
1109 2715 250 57 l'action
1415 2712 334 83 prolongée
1807 2715 73 58 de
1937 2716 56 57 la
2050 2714 258 61 lumière
2365 2718 84 57 les
2498 2738 32 37 a
2578 2715 112 62 fait

120 2803 379 82 disparaître.
558 2805 49 57 Il
658 2826 32 36 a
742 2804 141 58 bien
918 2803 168 73 fallu,
1138 2827 158 59 pour
1343 2805 83 59 les
1462 2820 215 56 tracer,
1715 2806 268 80 quelque
2018 2828 225 61 moyen
2280 2805 361 83 d'éclairage
2672 2834 14 47 ;

120 2894 83 59 les
239 2894 284 60 hommes
559 2894 102 59 des
695 2895 293 80 premiers
1023 2895 139 82 âges
1195 2897 242 58 avaient
1473 2895 99 59 des
1607 2895 244 60 torches
1886 2921 13 47 ;
1956 2918 118 37 une
2110 2898 138 57 salle
2284 2897 72 58 de
2392 2895 180 61 festin
2609 2920 81 36 ou

122 2986 74 58 de
247 2983 282 75 réunion,
579 2983 259 62 décorée
889 2987 73 58 de
1019 2984 270 84 fresques
1348 2988 106 80 qui
1508 2988 289 59 sortaient
1852 2987 72 58 de
1981 2987 258 60 l'ombre
2304 2987 30 60 à
2392 2989 53 58 la
2503 2988 186 60 clarté

122 3091 335 43 mouvante
493 3076 100 59 des
645 3076 296 72 flammes,
998 3078 97 59 n'a
1147 3080 131 55 rien
1313 3077 619 72 d'invraisemblable,
1967 3078 205 59 même
2218 3077 30 60 à
2296 3076 286 84 l'époque
2618 3080 73 58 de

121 3167 56 59 la
231 3167 197 81 pierre
482 3166 218 61 taillée.
739 3168 108 59 S'il
897 3190 75 37 en
1023 3182 85 45 est
1143 3170 174 70 ainsi,
1369 3171 52 56 le
1473 3170 313 80 sculpteur
1821 3170 127 80 qui,
2002 3170 134 80 plus
2177 3168 151 73 tard,
2366 3168 195 60 dressa
2608 3171 83 57 les

122 3257 332 84 premières
488 3259 234 81 effigies
771 3260 102 58 des
922 3260 207 71 dieux,
1165 3261 195 59 aurait
1410 3261 117 59 mis
1572 3283 75 37 au
1696 3261 228 59 service
1960 3260 72 58 de
2080 3260 58 58 la
2187 3261 259 80 religion
2484 3283 80 37 un
2601 3276 89 44 art

123 3349 135 81 déjà
291 3347 218 61 formé.
550 3350 89 58 Le
676 3351 324 71 musicien,
1035 3373 75 37 au
1147 3353 324 71 contraire,
1506 3350 94 60 fut
1636 3349 103 61 dès
1773 3373 86 38 ses
1909 3353 296 80 premiers
2257 3353 174 58 essais
2465 3350 158 61 voué
2660 3351 31 59 à

121 3441 57 59 la
212 3440 224 80 magie.
475 3440 121 59 Lui
645 3441 168 59 a-t-il
863 3455 339 68 appartenu
1238 3463 130 38 sans
1402 3440 235 61 réserve
1688 3455 291 68 pourtant
2016 3443 17 57 ?
2074 3441 55 59 Il
2163 3457 85 44 est
2287 3443 228 80 permis
2550 3441 140 60 d'en

123 3532 242 71 douter,
402 3533 260 80 puisque
696 3533 83 58 les
814 3533 399 60 civilisations
1246 3534 84 57 les
1365 3534 201 59 moins
1599 3532 291 61 avancées
1926 3555 152 38 nous
2116 3548 335 59 montrent,
2488 3532 31 59 à
2554 3533 136 60 côté

125 3622 101 60 des
280 3623 433 72 incantations,
748 3622 264 60 d'autres
1066 3624 115 59 airs
1233 3624 397 80 simplement
1684 3622 261 61 destinés
1998 3622 30 60 à
2082 3624 54 58 la
2191 3624 179 58 danse
2425 3646 78 36 ou
2557 3623 31 59 à
2637 3626 56 57 la

123 3713 256 81 requête
413 3713 296 60 d'amour.
769 3715 170 58 Mais
991 3728 242 46 surtout
1287 3716 42 57 il
1362 3712 130 61 faut
1528 3736 354 58 remarquer
1917 3715 188 79 qu'un
2153 3715 185 59 chant
2374 3716 316 78 magique,
