2352 4409
752 336 321 52 BRUNO'S
1169 339 325 52 WEEKLY

2039 351 91 43 421

186 437 117 50 The
358 437 221 62 Sunday
631 438 293 53 afternoon
977 449 231 52 concert,
1264 459 102 36 one
1419 445 62 51 of
1533 448 90 51 the
1674 466 161 45 many
1885 449 213 52 humani-

120 503 174 49 tarian
339 501 342 55 innovations
731 506 104 51 Mr.
883 506 263 51 Sherman
1190 510 96 50 has
1329 519 95 52 put
1466 511 114 52 into
1626 515 173 59 effect,
1843 515 46 52 is
1936 517 195 52 loDked

121 567 244 51 forward
416 575 54 43 to
525 569 214 62 eagerly
786 571 64 61 by
907 571 88 51 the
1051 572 247 52 detained
1352 575 365 63 immigrants;
1772 580 105 52 this
1929 581 45 52 is
2028 599 102 34 one

118 649 153 33 more
313 632 164 61 proof
518 633 119 52 that
677 635 184 61 music,
905 636 143 60 good
1090 637 184 61 music,
1320 638 138 52 finds
1503 657 30 33 a
1578 641 157 60 quick
1780 661 254 43 repsonse
2075 645 56 51 in

116 697 90 51 the
249 697 154 52 heart
443 699 61 51 of
549 711 161 49 evefry
753 701 198 50 human
993 701 174 62 being,
1211 720 132 33 even
1386 703 46 50 if
1476 706 66 49 he
1585 707 207 53 doesn't
1833 711 161 51 know
2039 712 87 50 the

117 760 259 52 technical
426 764 250 62 meaning
724 764 60 52 of
833 765 144 51 what
1025 767 66 49 he
1139 767 157 52 hears
1345 769 106 50 and
1500 769 62 51 of
1613 772 145 51 what
1806 774 212 61 appeals
2070 783 54 43 to

114 826 126 50 him.

120 923 132 49 This
287 924 220 50 Week's
543 927 438 49 Performances.

181 1004 52 50 A
271 1004 159 61 piano
471 1005 186 51 recital
695 1008 70 60 by
804 1007 137 52 Miss
987 1007 172 52 Sarah
1203 1008 245 63 Shapiro,
1490 1028 30 35 a
1561 1028 184 47 young
1785 1014 156 54 artist
1981 1017 147 52 from

115 1069 344 62 Waterbury,
506 1071 183 59 Conn.,
734 1071 108 51 will
883 1074 65 50 be
988 1082 97 43 not
1127 1073 127 62 only
1294 1074 318 64 interesting
1655 1094 57 35 as
1757 1096 67 34 an
1867 1079 232 64 interpre-

115 1132 170 51 tation
329 1134 61 49 of
437 1151 149 35 some
628 1135 61 52 of
731 1136 90 51 the
861 1138 118 50 best
1019 1138 173 52 music
1232 1138 62 52 of
1336 1139 432 63 Rachmaninoff,
1811 1143 61 52 of
1918 1144 210 63 Chopin

115 1200 104 48 and
273 1198 60 51 of
389 1200 375 62 Mendelsohn,
816 1202 95 51 but
962 1220 70 34 on
1084 1211 227 45 account
1362 1205 62 51 of
1476 1206 97 50 her
1626 1206 216 62 playing
1896 1209 89 52 for
2036 1210 92 51 the

112 1263 118 51 first
277 1263 127 51 time
450 1265 192 52 before
690 1284 29 33 a
767 1267 177 61 public
991 1267 256 52 audience
1296 1268 384 63 compositions
1733 1272 61 51 of
1844 1273 96 51 her
1987 1291 137 36 own.

117 1327 137 52 Miss
301 1328 230 62 Shapiro
576 1329 43 52 is
661 1329 199 52 known
906 1348 56 35 as
1007 1350 31 31 a
1082 1341 217 43 concert
1341 1334 157 50 artist
1540 1334 54 51 in
1637 1336 96 50 her
1776 1337 160 51 home
1980 1346 148 43 town

109 1393 96 51 but
238 1394 194 52 wishes
464 1404 54 42 to
551 1404 150 42 enter
732 1414 143 44 upon
908 1414 31 35 a
969 1398 137 52 New
1137 1399 154 51 York
1324 1416 198 35 career.

182 1508 134 52 Mrs.
361 1508 118 51 Lila
525 1508 204 54 Collins
772 1510 111 52 will
927 1511 121 62 sing
1905 1519 71 60 by
2020 1519 71 49 De-

111 1574 197 60 bussey
705 1577 70 60 by
821 1576 224 62 Homer,
1092 1579 106 51 and
1875 1583 71 60 by
1988 1583 105 52 Wil-

113 1656 112 43 son,
266 1657 57 33 as
366 1656 29 34 a
435 1639 254 52 selection
729 1642 62 51 of
830 1642 96 51 her
965 1643 295 61 repertoire
1297 1662 132 44 very
1467 1646 187 62 highly
1692 1648 338 61 appreciated
2070 1649 54 50 in

111 1704 90 49 the
239 1705 156 50 West
435 1706 105 49 and
579 1706 89 51 the
709 1706 208 51 Middle
954 1709 171 60 West,
1167 1708 179 52 where
1387 1710 93 51 she
1520 1712 45 53 is
1607 1712 345 52 well-known
1994 1732 57 34 as
2094 1731 30 33 a

111 1778 216 42 concert
377 1770 195 61 singer.
656 1773 259 60 Recently
964 1774 93 51 she
1108 1790 148 36 came
1307 1775 132 52 East
1491 1778 104 49 and
1646 1776 97 52 her
1794 1794 328 46 appearance

108 1835 106 49 this
257 1836 148 50 week
447 1836 54 50 in
544 1837 90 50 the
675 1837 247 51 Thimble
965 1839 235 53 Theatre
1242 1841 110 50 will
1392 1842 64 50 be
1499 1842 96 50 her
1637 1842 120 52 first
1799 1851 224 54 attempt
2064 1853 57 41 to

109 1916 233 43 conquer
379 1901 89 49 the
507 1901 136 52 New
678 1903 154 51 York
866 1903 191 61 public.

173 2011 237 51 Richard
454 2013 62 52 T.
558 2014 66 51 D.
668 2014 158 61 Stott,
869 2032 29 33 a
940 2024 217 43 concert
1198 2016 180 63 singer
1423 2018 89 50 for
1555 2037 147 33 some
1745 2020 129 51 time
1917 2020 43 52 is
2003 2037 87 44 pre-

108 2075 193 62 paring
343 2076 89 52 for
474 2095 32 33 a
544 2094 184 35 career
769 2079 52 50 in
863 2079 135 62 light
1038 2080 223 52 musical
1302 2082 226 63 comedy
1576 2084 324 62 (operetta),
1943 2085 179 51 where

107 2142 69 50 he
214 2142 108 50 will
357 2143 137 50 have
530 2160 30 33 a
596 2145 198 50 chance
830 2152 54 45 to
922 2147 68 50 do
1025 2147 132 51 both
1194 2146 215 63 singing
1444 2148 104 51 and
1586 2148 244 63 dancing.
1903 2150 218 59 Among

107 2206 91 50 the
239 2208 251 51 numbers
532 2208 54 50 in
629 2208 84 53 his
755 2211 294 59 repertoire
1094 2212 90 49 for
1225 2212 106 51 this
1374 2213 149 50 week
1566 2230 106 43 are,
1840 2214 86 59 du,
1970 2213 151 51 Mein

108 2270 212 51 Holdefr
786 2275 70 60 by
889 2277 257 59 Wagner,
1816 2279 71 60 by
1928 2278 57 51 C.
2026 2278 96 51 01-

108 2344 112 42 cott
250 2339 105 48 and
389 2336 197 52 Ernest
617 2338 63 52 R.
713 2338 133 61 Ball,
879 2340 106 51 and
1134 2339 149 63 Song
1316 2340 61 52 of
1646 2343 70 61 by
1748 2341 147 53 Lord
1931 2341 191 63 Henry

111 2400 291 53 Somerset.

113 2544 202 90 The
385 2546 281 108 Story
723 2547 105 88 of
888 2546 300 91 Oscar
1231 2547 377 90 Wilde's
1672 2550 205 89 Life
1937 2552 185 88 and

113 2655 568 109 Experience
738 2663 93 84 in
894 2660 421 108 Reading
1374 2662 290 87 Gaol*

112 2783 79 61 By
218 2783 110 51 His
358 2782 243 54 Warder.

129 2863 392 62 (Continued).

360 2945 127 63 only
516 2945 121 53 task
666 2947 183 52 Wilde
879 2964 112 36 was
1023 2956 95 54 put
1146 2957 57 43 to
1235 2966 110 35 was
1376 2957 56 44 to
1465 2958 83 43 act
1581 2967 56 34 as
1673 2949 447 55 'schoolmaster's

116 3011 248 60 orderly,'
408 3011 174 50 which
628 3029 109 35 was
783 3013 52 49 in
882 3014 87 50 the
1012 3023 191 41 nature
1247 3014 61 50 of
1354 3032 32 33 a
1428 3024 152 52 great
1623 3014 275 62 privilege,
1946 3017 90 50 for
2083 3017 39 48 it

116 3085 179 42 meant
339 3076 116 52 that
498 3079 67 49 he
607 3080 159 50 could
811 3080 128 50 take?
979 3080 196 60 charge
1221 3081 61 50 of
1329 3083 89 48 the
1462 3083 169 49 books
1681 3084 102 48 and
1832 3100 67 44 go
1947 3083 174 52 round

112 3141 131 51 with
289 3142 143 51 them
478 3151 56 43 to
581 3145 155 49 other
781 3145 289 61 prisoners,
1114 3146 211 51 besides
1372 3147 104 50 hav
1484 3147 7 23 :
1500 3164 73 44 ng
1617 3147 91 51 the
1753 3147 122 63 pick
1921 3147 60 52 of
2031 3150 89 49 the

113 3207 276 51 literature
432 3208 89 51 for
558 3208 237 54 himself.
870 3211 230 60 Strange
1139 3227 58 36 as
1236 3211 41 52 it
1313 3230 124 43 may
1473 3230 141 34 seem
1654 3212 345 64 considering
2035 3213 82 54 his

115 3272 221 62 literary
362 3276 140 59 bent,
531 3276 66 49 he
629 3276 166 50 failed
826 3285 54 44 to
912 3277 324 61 accomplish
1266 3287 130 43 eveta
1427 3279 105 51 this
1564 3281 120 49 task
1716 3279 378 65 satisfactorily-

456 3342 65 52 he
563 3343 273 49 remained
879 3343 52 49 in
974 3344 82 50 his
1099 3344 98 51 cell
1236 3345 255 60 occupied
1532 3347 129 49 with
1703 3347 84 51 his
1827 3348 185 60 books,
2056 3347 63 53 of

113 3405 174 51 which
334 3405 54 50 in
435 3406 82 50 his
563 3408 99 49 cell
708 3408 66 51 he
819 3409 106 50 had
972 3427 29 32 a
1046 3409 147 61 large
1242 3410 201 60 supply,
1494 3410 297 62 consisting
1835 3413 61 51 of
1946 3413 174 61 poetic

111 3472 180 51 works
330 3474 103 48 and
478 3471 213 64 foreign
731 3475 238 51 authors.
1046 3476 85 52 On
1171 3475 83 53 his
1293 3478 140 50 table
1473 3494 110 36 was
1623 3478 198 62 always
1863 3497 31 34 a
1932 3497 150 36 manu-

112 3536 164 62 script
315 3539 142 50 book
457 3537 173 54 full
670 3539 62 52 of
772 3539 219 63 writing
1029 3541 55 51 in
1128 3560 147 33 some
1320 3541 216 62 foreign
1576 3544 543 61 languageFrench

168 3652 59 48 */
272 3669 88 33 am
405 3652 254 52 indebted
704 3653 98 75 for
851 3655 105 52 this
1001 3661 150 57 story
1200 3664 52 44 to
1302 3656 108 53 Mr.
1461 3657 219 52 Patrick
1730 3658 58 53 F.
1835 3660 281 62 Madigan,

99 3716 122 49 who
278 3718 98 50 has
431 3717 86 51 the
574 3719 247 61 original,
873 3721 56 49 in
984 3721 87 51 the
1125 3722 365 62 handwriting
1547 3723 64 57 of
1666 3723 173 51 Oscar
1895 3725 221 53 Wilde's

99 3780 229 61 warder,
368 3783 107 49 and
514 3783 114 52 also
676 3784 86 51 the
807 3791 102 44 two
954 3787 361 59 manuscripts
1354 3787 309 51 mentioned
1703 3788 55 51 in
1804 3788 105 53 this
1948 3797 167 56 story.
