2352 4409
186 308 94 44 414

816 308 322 55 BRUNO'S
1232 312 327 52 WEEKLY

193 410 210 88 God
466 411 244 89 Save
770 415 161 88 the
996 418 285 107 King!

843 540 54 50 in
944 542 218 61 agonies
1210 543 61 52 of
1320 543 127 52 Hell

457 608 117 52 The
618 611 282 52 volunteer
950 613 144 52 from
1143 616 199 51 Dublin
1393 618 109 51 fell.

326 672 117 52 The
480 674 117 51 lead
632 684 119 45 tore
787 678 150 62 hotly
971 688 53 42 at
1058 679 82 52 his
1177 682 199 62 gaping
1414 684 130 61 lung

323 738 54 50 A
415 739 287 65 withering
740 744 160 52 thirst
938 747 205 50 choked
1183 748 145 51 thick
1366 750 81 51 his
1488 750 318 63 blackening
1844 759 213 55 tongue.

323 846 126 52 And
489 857 102 52 yet,
633 851 155 49 when
831 851 133 52 later
1007 852 54 50 in
1103 853 89 51 the
1233 855 103 62 day

322 912 154 62 They
518 914 172 52 found
734 917 89 49 the
864 918 202 61 muddy
1105 919 121 51 hole
1270 921 52 49 in
1366 922 174 51 which
1582 923 66 51 he
1691 923 98 61 lay,

325 976 87 51 He
450 978 190 53 smiled
675 998 69 44 up
781 990 53 42 at
871 983 87 49 the
999 999 231 45 surgeon
1268 994 55 42 at
1357 987 82 50 his
1478 987 128 52 side.

553 1062 63 35 or
889 1048 66 50 he
997 1048 330 62 questioned,
1372 1050 125 52 then
1541 1053 66 52 he
1652 1054 137 51 died.

1501 1117 137 51 Tom
1678 1119 221 61 Sleeper

180 1236 297 91 Lions'
521 1240 296 89 Roars

170 1363 79 60 By
287 1364 67 52 D.
387 1365 189 62 Molby

566 1447 98 50 ER
695 1464 101 35 one
829 1447 43 52 is
905 1458 94 41 out
1032 1449 52 50 in
1121 1468 31 33 a
1182 1450 130 52 kind
1346 1452 60 53 of
1441 1454 179 51 desert
1653 1464 241 54 country,
1931 1466 53 42 at
2017 1459 167 61 night,

304 1516 177 51 where
529 1517 150 51 there
727 1535 90 34 are
865 1536 148 35 some
1062 1521 136 52 lions
1248 1524 104 49 and
1400 1541 103 33 one
1550 1525 61 51 of
1659 1525 146 52 them
1855 1527 44 52 is
1950 1530 234 61 roaring,

173 1596 102 34 one
318 1581 45 51 is
407 1581 161 62 likely
610 1591 54 42 to
709 1592 90 52 get
841 1583 145 61 quite
1029 1601 31 34 a
1107 1586 185 61 fright.
1368 1588 56 50 If
1469 1590 90 50 the
1602 1590 109 50 lion
1757 1607 154 37 roars
1955 1611 57 37 as
2058 1593 126 52 loud

173 1662 57 34 as
272 1645 69 50 he
380 1662 112 44 can,
534 1665 102 34 one
676 1665 97 34 can
815 1649 130 50 hear
986 1649 111 51 him
1138 1668 31 33 a
1211 1652 129 62 long
1379 1671 161 44 ways.
1615 1656 146 52 How
1804 1657 102 61 far,
1950 1659 235 61 depends

173 1725 69 35 on
274 1710 144 51 what
446 1710 131 52 kind
611 1710 61 52 of
705 1729 32 35 a
766 1712 154 63 night
951 1713 40 52 it
1022 1713 43 53 is
1097 1715 105 52 and
1235 1733 70 34 on
1335 1717 242 52 whether
1608 1719 69 52 he
1707 1719 45 53 is
1784 1720 136 54 back
1950 1722 55 52 in
2039 1739 146 36 some

172 1774 121 54 hills
330 1793 62 33 or
426 1775 44 52 is
507 1794 69 33 on
611 1778 91 50 the
740 1778 144 53 fronj
926 1779 63 52 of
1025 1797 117 35 one.
1212 1781 55 50 If
1304 1781 42 52 it
1379 1781 44 54 is
1459 1800 31 35 a
1525 1784 142 51 clear
1701 1785 156 62 night
1893 1788 104 51 and
2034 1788 151 52 there

171 1839 43 52 is
263 1856 31 35 a
337 1858 161 34 moon
545 1844 105 49 and
695 1842 89 51 the
827 1842 110 52 lion
981 1844 44 52 is
1072 1845 254 63 standing
1367 1864 69 35 on
1481 1865 32 33 a
1556 1849 131 50 rock
1730 1850 118 52 that
1892 1851 152 54 looks
2091 1861 94 44 out

171 1921 129 34 over
335 1921 30 34 a
397 1906 188 62 valley,
622 1906 90 52 the
746 1908 202 51 sounds
984 1908 109 52 will
1127 1927 69 45 go
1232 1912 209 51 several
1476 1912 151 54 miles
1662 1915 193 52 before
1892 1916 124 62 they
2052 1926 133 53 stop.

236 1969 115 51 The
392 1987 192 34 reason
625 1972 66 49 he
730 1988 97 35 can
868 1990 126 34 roar
1036 1974 125 51 loud
1203 1974 43 52 is
1291 1977 115 49 that
1445 1977 81 51 his
1568 1978 133 50 neck
1740 1978 45 52 is
1824 1979 93 61 big
1955 1983 104 49 and
2101 1982 81 50 his

168 2034 154 51 vocal
359 2037 157 52 cords
554 2053 90 37 are
683 2044 189 55 strong
907 2040 104 49 and
1048 2039 83 51 his
1170 2040 149 53 chest
1354 2042 286 61 powerful.
1710 2044 178 52 When
1927 2046 66 50 he
2030 2063 152 36 roars

169 2100 105 50 and
321 2100 89 51 the
454 2101 189 51 efchoes
689 2119 151 34 come
882 2104 149 58 back,
1075 2105 66 50 he
1182 2104 189 53 knows
1415 2108 117 51 that
1573 2108 67 51 he
1683 2109 96 51 has
1824 2126 162 45 every
2029 2112 155 49 other

169 2164 199 52 animal
407 2164 89 53 for
531 2166 153 52 miles
721 2169 209 51 around
967 2170 187 51 scared
1192 2188 58 33 :.o
1286 2171 103 51 bad
1426 2171 116 52 that
1577 2173 67 50 he
1680 2174 139 51 can't
1855 2190 171 37 move.
2095 2174 90 52 He

168 2228 48 52 is
378 2230 132 63 king
545 2232 63 51 of
646 2232 178 54 beasts
862 2233 106 51 and
1010 2233 68 53 he
1114 2242 172 47 wants
1324 2236 145 51 them
1509 2245 55 43 to
1601 2237 161 52 know
1801 2239 56 50 it.
1930 2240 125 51 And
2096 2241 88 51 the

168 2294 299 54 vibrations
510 2296 53 51 in
605 2296 83 52 his
732 2297 149 52 chest
925 2300 104 50 and
1071 2298 90 52 the
1203 2298 247 54 firmness
1494 2300 53 52 in
1592 2301 82 53 his
1719 2302 112 62 legs
1874 2303 160 64 bring
2071 2305 113 50 him

167 2359 89 51 the
290 2360 380 54 conciousness
708 2362 62 52 of
804 2362 83 53 his
923 2381 198 44 power.

232 2424 179 53 Whefn
450 2427 69 50 he
558 2443 155 36 roars
751 2427 107 52 this
900 2446 132 43 way,
1072 2429 68 50 he
1179 2428 184 53 makes
1405 2429 89 52 the
1535 2430 172 52 Earth
1747 2432 225 52 tremble
2012 2434 172 52 under

165 2487 84 53 his
291 2489 124 62 feet,
457 2508 62 34 or
558 2490 46 51 if
644 2491 65 51 he
750 2491 44 52 is
835 2509 70 34 on
948 2510 30 33 a
1019 2494 142 60 rock,
1203 2493 43 52 it
1283 2494 115 61 jars
1437 2495 90 51 the
1568 2496 145 50 rock.
1785 2496 118 52 The
1942 2498 155 62 night
2134 2499 45 51 is

167 2554 82 52 his
285 2556 104 50 and
423 2556 91 51 the
545 2556 122 52 hills
703 2574 91 34 are
827 2557 98 61 his,
962 2559 105 50 and
1102 2559 66 50 he
1202 2560 142 53 rules
1381 2560 144 51 them
1561 2561 130 51 with
1727 2561 81 52 his
1848 2579 141 34 roar.

150 2697 234 56 Prithee,
410 2698 81 49 To
514 2698 169 50 What
717 2700 287 58 Purpose?

170 2776 193 85 THE
400 2779 245 61 speckled
683 2780 104 49 hen
826 2779 52 52 in
918 2780 90 51 the
1044 2781 135 52 back
1214 2782 134 61 yard
1390 2784 283 62 scratches,
1719 2784 168 62 feeds,
1927 2787 106 51 and
2071 2785 111 63 lays

302 2866 66 35 an
412 2866 101 46 egg
551 2851 174 51 which
768 2851 42 52 is
854 2851 244 52 destined
1140 2862 56 44 to
1237 2855 219 53 become
1498 2874 29 32 a
1571 2856 247 60 speckled
1860 2857 103 52 hen
2005 2857 177 54 which

171 2914 53 50 in
278 2917 89 48 the
411 2917 135 50 back
593 2918 132 59 yard
777 2918 284 54 scratches,
1115 2920 167 59 feefds,
1334 2921 105 51 and
1488 2921 112 60 lays
1651 2939 66 34 an
1767 2940 103 44 egg
1916 2923 174 52 which
2137 2925 45 52 is

169 2981 245 52 destined
467 2989 56 44 to
572 2983 219 51 become
844 3000 29 33 a
928 2983 248 61 speckled
1229 2984 103 51 hen
1385 2986 173 50 which
1614 2987 52 49 in
1722 2987 87 51 the
1861 2988 135 52 back
2047 2989 134 60 yard

172 3047 285 61 scratches,
509 3047 165 62 feeds,
725 3049 104 50 and
878 3049 112 60 lays
1041 3067 66 33 an
1157 3067 102 44 egg
1305 3052 174 49 which
1529 3050 43 52 is
1642 3092 251 12 ....
1962 3069 67 36 an
2084 3071 98 45 egg

162 3152 15 13 .
247 3152 12 11 .
327 3152 12 14 .
406 3114 217 51 become
690 3155 13 12 .
770 3155 12 11 .
851 3155 11 12 .
932 3115 153 52 feeds
1154 3156 13 12 .
1238 3156 13 12 .
1319 3156 10 11 .
1400 3116 263 62 .speckled
1732 3158 251 14 ....

1473 3199 137 52 Tom
1652 3199 222 63 Sleeper

171 3321 56 49 A
253 3321 206 50 Dream

175 3401 88 52 IN
304 3402 205 52 heaven
550 3418 32 36 a
622 3401 356 54 white-robed
1019 3403 156 64 angel
1217 3404 107 52 laid
1367 3404 149 54 aside
1555 3406 84 53 his
1681 3406 133 63 harp
1856 3410 121 57 and,
2020 3410 166 63 going

295 3481 56 45 to
393 3473 91 55 the
523 3473 162 64 Lord,
727 3473 131 65 said,
1189 3478 26 50 I
1257 3478 180 52 would
1479 3478 142 65 sleep

237 3539 275 64 Tenderly
567 3540 230 64 smiling,
854 3540 90 54 the
1000 3542 282 63 Almighty
1335 3544 218 62 replied,
1748 3547 45 53 is

234 3606 87 54 On
357 3608 119 53 that
509 3608 252 60 morning
796 3625 31 35 a
865 3606 144 55 child
1045 3627 109 35 was
1189 3610 153 52 born.

1323 3676 137 52 Karl
1494 3678 78 53 M.
1609 3676 280 55 Sherman.
