2352 4409
821 338 322 52 BRUNO'S
1238 339 327 51 WEEKLY

187 345 94 41 420

255 443 137 50 Tom
428 442 231 61 Sleeper,
693 442 344 52 well-known
1072 451 56 45 to
1161 443 90 51 the
1285 443 217 53 readers
1536 445 63 51 of
1632 446 148 51 these
1815 464 176 43 pages,
2027 447 43 50 is
2105 446 72 50 liv-

189 513 91 55 ing
312 517 54 41 at
396 518 216 50 present
642 509 54 49 in
729 509 90 50 the
853 508 264 51 seclusion
1152 511 59 49 of
1246 511 89 49 the
1368 512 135 50 New
1535 512 189 60 Jersey
1756 511 305 52 mountains
2097 515 104 49 and

183 572 176 62 plains
404 573 104 51 and
554 572 125 62 only
721 573 178 61 rarely
941 574 258 51 descends
1243 583 57 42 to
1345 576 89 49 the
1478 576 213 60 regions
1738 577 61 49 of
1846 595 99 31 our
1989 577 205 59 village.

190 639 87 48 He
316 639 94 48 has
451 639 271 60 promised
769 639 88 50 for
896 639 89 50 the
1025 657 129 32 near
1197 639 183 52 future
1421 658 30 32 a
1493 640 106 51 few
1639 642 60 49 of
1740 642 82 52 his
2146 642 50 48 in

444 701 174 52 which
655 719 92 34 are
783 703 168 60 really
983 720 165 45 gems,
1187 713 80 43 set
1302 705 54 50 in
1392 704 461 62 platinum—even
1891 706 204 60 though
2133 705 65 50 he

185 766 184 51 claims
402 767 116 51 that
548 767 218 63 nobody
796 767 212 52 outside
1042 767 63 52 of
1139 769 220 52 himself
1390 770 190 51 knows
1613 770 138 51 their
1787 770 110 49 real
1933 770 264 61 meaning.

254 864 115 48 The
409 863 343 52 Candlestick
788 864 285 61 Tearoom,
1111 864 146 62 right
1293 866 208 51 around
1538 866 94 51 the
1666 883 189 34 corner
1896 865 147 53 from
2081 865 116 51 The

185 927 248 51 Thimble
476 929 248 61 Theatre,
767 929 95 52 has
903 937 95 53 put
1037 946 118 35 new
1196 930 192 52 shades
1431 948 69 34 on
1545 930 70 51 all
1656 930 66 52 its
1765 930 215 52 candles
1982 945 215 37 —some

180 1010 133 43 very
352 992 318 64 interesting
708 993 313 52 silhouettes
1060 993 176 52 which
1275 995 127 50 look
1437 1011 134 45 very
1606 995 160 52 much
1804 995 106 54 like
1949 993 113 55 life.

190 1118 385 89 Charles
603 1118 409 90 Edison's
1035 1119 284 89 Little
1339 1120 426 89 Thimble
1785 1123 412 90 Theatre

186 1245 52 45 A
263 1243 389 49 Performance
687 1245 89 47 On
811 1243 127 49 Ellis
974 1243 180 49 Island

184 1322 74 83 T
263 1322 109 50 HE
407 1324 248 50 Thimble
689 1325 237 51 Theatre
959 1332 142 44 went
1136 1341 31 35 a
1200 1325 268 63 traveling
1502 1326 103 52 last
1638 1327 164 52 week.
1871 1327 118 54 The
2025 1329 170 53 entire

311 1396 268 49 ensemble
622 1395 61 52 of
730 1397 102 48 last
876 1396 271 62 Saturday
1187 1396 154 62 night
1387 1397 256 54 followed
1688 1416 67 35 an
1799 1400 284 53 invitation
2130 1402 62 51 of

179 1461 143 49 chief
376 1462 158 58 clerk,
583 1461 280 61 Augustus
915 1461 280 61 Sherman,
1244 1463 61 51 of
1356 1463 134 52 Ellis
1539 1465 198 60 Island,
1787 1467 105 50 and
1942 1467 251 61 repeated

176 1523 99 53 the
310 1524 381 64 performance
736 1524 91 52 for
867 1525 92 51 the
997 1527 198 51 benefit
1234 1525 62 54 of
1338 1528 89 51 the
1468 1528 336 61 immigrants
1848 1531 250 52 detained
2141 1538 53 43 at

178 1599 219 53 present
435 1607 70 35 011
543 1590 135 52 Ellis
719 1590 199 52 Island.
989 1592 159 50 More
1187 1592 127 50 than
1356 1593 128 51 four
1523 1594 246 51 hundred
1808 1613 136 42 men,
1986 1614 208 33 women

178 1658 105 48 and
322 1656 239 50 children
603 1656 145 50 from
786 1658 70 48 all
891 1665 148 52 parts
1077 1656 61 51 of
1177 1658 89 49 the
1305 1658 172 50 world
1519 1658 226 53 listened
1783 1668 56 44 to
1877 1660 91 52 the
2005 1661 186 60 music,

178 1719 105 52 this
317 1719 384 52 international
734 1720 265 62 language
1032 1720 63 52 of
1129 1721 333 52 humankind
1497 1722 174 52 which
1707 1724 138 52 finds
1879 1724 69 53 its
1985 1743 119 43 way
2137 1734 55 43 to

178 1785 153 49 heart
366 1787 104 48 and
507 1786 119 51 soul
660 1786 106 51 and
797 1802 111 37 was
942 1786 252 52 reflected
1227 1786 55 52 in
1314 1787 90 51 the
1439 1787 148 53 faces
1623 1788 62 52 of
1721 1788 71 51 all
1826 1790 154 52 those
2013 1793 179 50 whom

176 1851 88 48 the
308 1851 197 49 United
550 1851 175 50 States
767 1851 90 49 did
896 1859 96 42 not
1031 1852 254 49 welcome
1322 1859 57 44 to
1417 1852 97 51 her
1554 1853 203 52 shores.
1830 1854 179 51 There
2048 1872 143 33 were

175 1914 371 51 well-dressed
593 1932 121 32 men
758 1915 105 49 and
910 1932 209 33 women
1167 1915 60 51 of
1276 1915 278 51 Northern
1603 1918 217 61 Europe
1869 1919 146 61 right
2060 1931 132 40 next

174 1988 56 42 to
261 1980 89 48 the
382 1979 262 54 mannish,
677 1980 245 51 hard-set
955 1980 146 51 faces
1134 1981 62 50 of
1229 1980 234 52 Russian
1495 1992 223 50 peasant
1749 2002 224 33 women.
2041 1984 150 52 Next

174 2050 59 44 to
287 2060 30 34 a
371 2051 364 45 countenance
790 2060 145 46 upon
988 2044 175 52 which
1215 2061 111 36 was
1379 2045 215 52 written
1647 2047 90 51 the
1789 2047 289 63 simplicity
2130 2050 62 51 of

178 2107 148 52 mind
373 2117 80 43 sat
499 2126 29 33 a
573 2126 124 33 man
741 2110 180 50 whom
964 2127 106 45 you
1115 2110 180 52 would
1338 2119 97 43 not
1478 2112 135 51 wish
1658 2121 56 42 to
1759 2122 141 42 meet
1943 2122 53 44 at
2038 2113 155 63 night

176 2174 52 49 in
263 2191 30 33 a
326 2174 134 50 dark
716 2176 178 48 There
927 2186 146 39 were?
1101 2176 151 51 hosts
1288 2176 61 51 of
1383 2176 256 62 children,
1676 2178 52 50 in
1765 2178 70 51 all
1871 2196 142 44 ages.
2083 2181 106 49 Mr.

175 2237 267 52 Sherman
482 2227 285 73 explained
805 2239 118 51 that
962 2256 148 35 some
1149 2239 61 52 of
1251 2239 82 52 his
1375 2240 222 61 charges
1639 2242 106 49 had
1784 2244 133 49 been
1958 2244 230 51 ordered

175 2304 258 60 deported
479 2320 57 35 as
583 2304 86 50 far
712 2304 135 51 back
891 2322 57 34 as
994 2305 244 61 eighteen
1286 2307 215 50 months
1548 2324 117 43 ago,
1709 2309 95 50 but
1848 2326 68 34 on
1962 2320 226 40 account

175 2367 61 51 of
277 2369 92 49 the*
402 2378 216 52 present
658 2370 285 61 European
983 2370 404 61 complications
1426 2380 144 42 most
1608 2373 59 49 of
1709 2373 89 50 the
1836 2374 189 51 orders
2066 2390 93 35 can-

173 2441 95 42 not
307 2434 65 49 be
415 2432 210 52 carried
668 2441 109 45 out.
856 2434 117 50 The
1015 2434 187 62 people
1246 2451 143 36 seem
1431 2436 178 61 happy
1650 2437 105 50 and
1799 2440 286 48 contented
2128 2455 59 34 as

173 2498 157 50 much
376 2515 57 34 as
479 2500 125 59 they
647 2515 98 34 can
791 2508 189 51 expect
1025 2510 54 40 to
1124 2501 78 58 be,
1248 2500 130 50 with
1423 2501 91 51 the
1558 2501 340 62 uncertainty
1942 2503 61 51 of
2048 2503 139 51 their

176 2562 113 51 fate
331 2563 266 61 hovering
639 2564 172 51 above?
849 2563 140 52 their
1034 2564 182 52 heads.

237 2627 117 52 The
396 2627 221 62 Sunday
655 2628 292 53 afternoon
987 2638 243 43 concerts
1270 2647 91 34 are
1399 2630 125 51 held
1563 2630 52 51 in
1657 2648 31 33 a
1724 2632 244 61 building
2006 2632 181 52 whose

175 2693 105 49 size
320 2693 43 49 is
404 2693 202 50 similar
645 2703 53 40 to
740 2695 115 50 that
894 2694 61 51 of
998 2712 67 33 an
1106 2712 232 43 armory.
1409 2695 120 52 The
1568 2695 264 53 acoustics
1873 2715 91 33 are
2005 2698 182 50 rather

174 2757 119 63 bad,
331 2759 96 50 but
463 2759 89 50 the
592 2759 256 50 audience
886 2776 109 35 was
1034 2776 132 45 very
1202 2760 360 61 appreciative
1601 2762 106 51 and
1746 2762 94 51 the
1874 2764 182 51 artists
2099 2764 89 51 did

175 2821 140 52 their
344 2823 117 51 best
491 2831 55 43 to
581 2823 105 51 add
717 2841 31 33 a
782 2823 107 52 few
919 2823 242 63 pleasant
1190 2825 166 50 hours
1388 2834 57 43 to
1477 2826 90 51 the
1599 2826 131 52 lives
1764 2827 61 50 of
1859 2827 147 51 these
2039 2844 148 44 poor,

171 2887 347 62 involuntary
548 2888 265 52 residents
848 2889 61 51 of
942 2889 89 50 the
1065 2889 200 51 Island.
1332 2889 304 63 Especially
1666 2892 94 51 the
1792 2892 141 51 Irish
1968 2892 216 51 Ballads

176 2971 137 44 sung
347 2955 69 60 by
452 2954 137 51 Miss
626 2954 192 51 Foster
853 2957 106 48 and
994 2955 90 51 the
1124 2954 118 52 folk
1280 2973 166 43 songs
1482 2958 70 58 by
1587 2955 139 53 Miss
1765 2957 179 52 Edens
1984 2958 204 51 evoked

174 3018 90 49 the
300 3019 328 51 enthusiasm
665 3019 60 51 of
762 3020 89 49 the
886 3018 263 52 listeners.
1220 3020 104 51 Mr.
1363 3020 238 52 Keeler's
1642 3020 281 51 recitation
1962 3022 60 52 of
2058 3023 104 49 chil-

174 3082 176 53 dren's
396 3100 184 45 poems
626 3084 104 51 and
774 3102 230 44 nursery
1048 3085 229 60 rhymes,
1326 3085 129 51 with
1503 3084 83 53 his
1633 3085 249 62 phonetic
1926 3086 232 63 interpre-

173 3149 170 50 tation
385 3149 61 50 of
487 3150 200 51 sounds
728 3150 127 49 dear
894 3157 54 44 to
988 3150 87 49 the
1116 3168 118 34 ears
1275 3150 61 52 of
1375 3151 89 50 the
1505 3151 133 50 little
1679 3169 143 40 ones,
1863 3151 174 51 which
2079 3152 81 51 evi-

174 3215 181 59 dently
406 3222 139 43 must
585 3216 197 49 Lethe
828 3232 143 36 same
1018 3216 69 49 all
1133 3234 128 31 over
1308 3216 88 49 the
1441 3216 187 60 world,
1672 3216 259 61 gathered
1978 3216 207 52 around

173 3279 109 50 him
319 3278 132 62 girls
487 3281 101 49 and
627 3281 131 61 boys
795 3281 122 50 who
954 3282 212 49 wanted
1204 3282 128 49 each
1371 3282 125 49 time
1534 3281 113 61 just
1684 3300 29 33 a
1751 3282 135 51 little
1921 3282 79 52 bit
2037 3298 147 36 more

174 3344 105 50 and
319 3344 81 51 his
439 3344 280 52 recitation
759 3345 169 51 lasted
965 3345 145 61 quite
1148 3347 187 59 longer
1374 3347 126 49 than
1536 3347 106 49 had
1680 3348 132 49 been
1851 3347 268 52 intended.

240 3409 117 51 The
392 3422 216 39 concert
642 3428 68 33 on
747 3410 87 51 the
870 3411 269 50 Diamond
1178 3411 141 59 Disc,
1355 3428 30 33 a
1421 3410 253 52 selection
1709 3411 61 51 of
1807 3413 237 61 operatic
2080 3411 105 52 airs

171 3474 55 50 in
284 3474 206 52 several
545 3475 307 62 languages,
910 3476 91 51 old
1055 3477 191 59 hymns
1303 3476 104 50 and
1463 3476 225 59 chorals,
1746 3477 296 51 concluded
2098 3477 89 51 the

167 3557 273 44 program.
513 3542 51 50 It
597 3559 109 34 was
741 3540 249 62 amusing
1026 3550 55 43 to
1116 3542 173 51 watch
1323 3541 89 52 the
1449 3541 137 53 little
1619 3559 130 35 ones
1788 3544 182 50 seated
2008 3541 52 52 in
2097 3542 90 52 the

170 3606 122 51 first
339 3624 142 34 rows
531 3608 100 49 and
683 3616 213 42 nearest
945 3617 53 41 to
1051 3606 87 52 the
1189 3607 336 52 instrument.
1608 3607 153 61 They
1810 3608 168 50 didn't
2025 3607 162 52 know

173 3671 181 50 where
395 3672 90 51 the
526 3671 177 53 voices
748 3673 103 50 and
896 3673 87 50 the
1025 3672 169 52 music
1234 3688 148 35 came
1426 3671 145 53 from
1613 3673 105 51 and
1761 3672 42 51 it
1844 3672 44 52 is
1934 3672 253 52 doubtful

173 3734 47 51 if
279 3735 142 51 their
486 3744 233 52 parents,
787 3737 175 50 whom
1028 3737 126 61 they
1215 3735 315 63 questioned
1595 3737 386 62 wonderingly,
2048 3753 140 36 were

169 3800 119 53 able
330 3809 57 46 to
430 3801 124 64 give
595 3819 32 36 a
668 3819 195 46 proper
907 3818 226 39 answer.
