2352 4409
793 326 324 57 BRUNO'S
1211 334 327 55 WEEKLY

2079 353 92 45 413

223 422 127 52 And
384 424 176 53 Death
593 432 308 52 answered:

231 487 113 50 'I'll
381 507 94 44 say
506 493 230 64 nothing
767 496 114 61 just
914 507 118 55 yet;
1070 501 73 52 let
1176 502 125 53 Life
1336 508 184 60 putin
1557 527 30 35 a
1625 513 151 51 word
1817 513 89 52 for

231 559 119 45 And
388 559 90 46 the
519 559 207 61 Knight
765 564 263 61 suddenly
1066 584 111 35 saw
1216 568 126 53 Life
1381 574 252 63 standing
1671 577 180 52 beside
1892 579 138 61 him;
2077 582 92 51 she

166 633 104 34 was
311 635 29 33 a
382 623 185 49 robust
607 626 104 49 and
751 629 356 53 red-cheeked
1148 633 94 52 but
1281 638 424 59 expressionless
1746 662 226 35 woman.

223 689 125 44 And
395 689 94 48 she
532 689 170 61 began
748 699 54 43 to
848 709 94 44 say
985 696 130 51 such
1157 699 195 52 brazen
1398 703 104 50 and
1547 706 238 61 ungodly
1828 709 181 62 things
2055 713 114 52 that

158 755 89 42 tne
287 751 176 60 brave,
504 757 284 50 invincible
832 757 208 64 Knight
1079 764 277 63 trembled,
1398 770 104 48 and
1544 771 155 50 made
1741 772 151 54 haste
1934 784 54 43 to
2032 794 136 41 open

160 819 89 41 the
286 819 113 45 cell.
2066 819 30 20 *

226 875 172 52 Death
456 889 142 42 went
649 887 268 51 out—and
969 904 120 35 men
1143 892 171 61 began
1367 902 56 44 to
1478 894 84 54 die
1615 915 132 35 once
1802 915 164 39 more.
2052 906 117 52 The

158 949 209 52 Knight
407 949 219 48 himself
673 950 120 51 died
835 953 155 49 when
1032 955 84 51 his
1154 957 131 52 time
1326 976 148 35 came
1475 964 172 50 —and
1689 965 66 51 he
1797 968 113 50 told
1953 987 68 34 no
2066 988 102 33 one

157 1021 142 44 upon
346 1009 89 48 the
480 1012 151 49 earth
677 1015 144 51 what
866 1016 115 52 that
1027 1021 438 65 expressionless,
1511 1026 196 52 brazen
1754 1048 226 42 woman,
2029 1034 139 56 Life,

156 1072 107 48 had
302 1076 113 47 said
452 1081 57 44 to
543 1076 128 55 h.m.

1046 1161 206 46 London.

163 1248 361 94 Balkan
566 1256 349 91 Stories

161 1356 118 51 The
310 1360 117 49 End

326 1430 116 52 Our
777 1453 30 34 a
852 1438 237 55 Turkish
1135 1443 178 52 officer
1357 1447 116 53 said
1517 1457 55 44 to
1616 1468 99 46 me,
1917 1457 135 52 have
2095 1473 71 36 no

391 1570 179 52 where
605 1573 69 50 do
707 1592 108 44 you
851 1578 137 61 bury
1052 1617 176 16 ...

217 1632 371 66 Interrupting
623 1655 90 46 my
749 1642 246 59 question
1032 1645 66 51 he
1136 1647 146 53 said:

251 1696 116 52 Our
404 1703 187 59 people
630 1720 91 35 are
762 1707 198 62 always
1000 1710 122 52 shot
1160 1730 63 33 or
1261 1713 147 62 hung
1445 1720 331 52 somewhere

155 1777 268 52 Bakshish

152 1847 146 85 QN
337 1851 89 50 the
462 1853 254 65 morning
750 1856 61 52 of
849 1876 89 43 my
975 1861 291 62 departure?
1301 1866 146 53 from
1487 1870 443 67 Constantinople
1969 1880 25 49 I
2032 1895 136 46 gave

279 1923 89 48 the
401 1924 155 50 letter
590 1929 200 50 carrier
824 1932 121 51 who
980 1934 107 51 had
1119 1937 234 64 brought
1386 1959 89 45 my
1508 1943 183 56 letters
1728 1947 196 61 during
1957 1967 89 41 my
2080 1970 58 33 so-

150 2002 163 43 journ
358 1989 141 61 here,
538 1992 118 50 half
697 2011 30 34 a
765 1997 247 52 medshid
1049 2016 59 37 as
1146 2017 33 36 a
1216 2002 93 63 tip.

216 2051 63 50 In
317 2053 90 50 the
445 2055 293 53 aftefrnoon
776 2077 31 34 a
844 2078 126 34 man
1008 2079 149 37 came
1193 2084 72 45 up
1303 2077 57 44 to
1398 2088 86 34 me
1522 2074 106 51 and
1672 2075 146 54 said:
2028 2081 134 60 lord,

150 2120 24 43 i
213 2131 84 35 am
337 2134 31 34 a
407 2128 247 55 stranger
693 2130 56 44 to
785 2143 124 43 you.
980 2129 123 53 You
1143 2148 165 35 never
1346 2136 245 52 received
1632 2155 33 36 a
1703 2141 275 63 telegram.
2056 2147 108 52 But

147 2196 122 45 may
311 2191 38 42 it
387 2186 177 58 please
602 2205 108 43 you
749 2197 55 44 to
843 2191 160 52 know
1044 2196 115 51 that
1197 2197 24 50 I
1263 2215 87 34 am
1389 2201 90 52 the
1520 2202 278 65 telegraph
1837 2224 327 46 messenger.

150 2253 132 54 May
313 2256 41 42 it
386 2253 179 56 please
595 2270 108 43 you
738 2262 55 43 to
826 2256 162 52 know
1022 2260 117 50 that
1172 2261 42 52 it
1247 2280 110 35 was
1393 2282 71 45 up
1497 2275 57 44 to
1588 2286 87 33 me
1708 2279 56 43 to
1801 2272 201 54 deliver
2037 2275 104 52 tele-

148 2327 182 43 grams
364 2322 55 42 to
448 2333 121 43 you,
604 2318 43 48 if
682 2321 130 49 such
842 2322 106 51 had
980 2326 132 49 been
1146 2328 243 52 receive'd
1427 2332 89 50 for
1547 2351 106 42 you
1686 2335 54 50 in
1774 2355 103 33 our
1911 2341 163 51 office.
2140 2342 26 50 I

150 2392 62 35 su
203 2441 51 27 .„
294 2397 36 40 y
357 2383 177 48 would
565 2383 137 53 have
727 2387 234 61 brought
992 2390 143 50 them
1164 2401 55 43 to
1247 2412 105 43 you
1384 2406 142 43 most
1555 2401 228 61 quickly.
1816 2404 23 49 I
1868 2403 161 53 know
2057 2425 108 42 you

152 2448 104 41 will
290 2448 64 45 be
387 2454 116 51 just
534 2449 106 48 and
673 2467 106 43 you
814 2451 109 51 will
957 2462 95 43 not
1087 2456 152 50 harm
1277 2477 31 33 a
1342 2477 122 34 man
1502 2463 122 52 who
1662 2465 95 52 has
1795 2467 199 63 always
2030 2472 132 50 been

146 2522 56 32 re
207 2539 38 58 *n
288 2573 25 24 j
438 2528 151 35 serve
623 2531 68 44 y°
697 2533 33 33 u
748 2555 12 21 »
862 2529 196 42 cannot
1091 2521 66 51 be
1190 2522 212 55 blamed
1437 2526 118 54 that
1591 2530 30 50 I
1654 2529 140 54 have
1826 2549 165 37 never
2027 2536 132 53 been

147 2578 169 45 called
368 2592 145 45 upon
562 2586 57 43 to
668 2581 64 49 be
783 2582 62 51 of
898 2585 204 56 service
1150 2595 56 44 to
1256 2608 123 43 you.
1464 2594 25 49 I
1543 2601 92 46 too
1687 2597 224 54 deserve
1961 2600 118 53 half
2129 2619 32 36 a

143 2638 263 52 medshid.

144 2717 370 62 Montenegro

147 2795 36 85 J
189 2786 43 50 T
280 2785 46 53 is
374 2787 196 63 widely
614 2790 198 53 known
861 2795 146 52 what
1054 2814 66 34 an
1169 2799 320 67 interesting
1536 2823 121 47 way
1705 2806 150 67 King
1903 2812 260 55 Nicholas

276 2874 134 35 once
442 2859 158 54 knew
633 2869 56 45 to
722 2871 94 55 get
848 2865 128 53 hold
1011 2867 63 54 of
1107 2870 119 52 half
1262 2889 29 34 a
1327 2874 206 53 million
1568 2878 53 52 in
1660 2881 166 61 ready
1863 2884 142 52 cash.
2076 2885 87 51 He

144 2930 117 43 sent
308 2941 32 33 a
387 2928 208 50 trusted
645 2946 122 33 man
816 2940 57 43 to
920 2933 183 53 Triest
1149 2937 321 65 addressing
1516 2951 56 45 to
1621 2945 111 51 him
1781 2949 381 61 continuously

141 2989 176 58 postal
359 3006 196 47 money
595 2996 189 51 ordefrs
833 2997 143 51 from
1023 3001 228 62 Cetinje.
1328 3006 117 51 The
1488 3012 210 50 trusted
1743 3030 126 33 man
1915 3016 245 52 received

138 3064 252 49 payment
435 3059 89 47 for
566 3059 83 54 his
693 3077 196 46 money
928 3064 189 54 orders
1160 3066 54 52 in
1257 3068 89 52 the
1388 3071 263 54 Austrian
1693 3085 123 52 post
1856 3078 150 55 office
2048 3081 108 52 and

144 3121 253 49 returned
445 3121 158 51 home
649 3125 129 51 with
824 3129 90 50 the
958 3130 126 51 cash
1130 3139 57 45 to
1233 3134 90 52 the
1370 3135 168 54 Black
1586 3139 334 57 Mountains.
2010 3144 151 63 King

143 3187 258 49 Nicholas
462 3203 164 35 never
685 3190 334 55 reimbursed
1078 3196 91 51 the
1226 3198 265 54 Austrian
1549 3205 178 59 postal
1784 3218 372 51 government,

153 3254 121 45 lhis
311 3254 217 55 episode
564 3256 194 50 caused
793 3273 31 34 a
858 3260 144 58 good
1041 3261 119 51 deal
1196 3262 61 51 of
1295 3264 111 52 talk
1440 3267 164 53 about
1637 3270 95 52 the?
1761 3274 177 58 postal
1972 3275 156 52 condi-

139 3325 141 39 tions
316 3331 51 33 in
405 3318 376 63 Montenegro.

205 3378 202 52 Before
448 3383 24 47 I
511 3383 101 51 left
654 3384 87 52 for
782 3387 213 63 Cetinje
1033 3408 89 44 my
1165 3391 209 56 friends
1414 3397 166 52 asked
1619 3417 84 33 me
1741 3411 95 43 not
1875 3412 55 43 to
1972 3405 184 62 forget

138 3448 56 43 to
229 3448 158 57 bring
419 3448 134 49 back
588 3448 395 66 Montenegran
1018 3464 222 54 postage
1279 3467 199 54 stamps
1515 3462 63 52 of
1614 3464 71 50 all
1723 3466 433 57 denominations

139 3514 23 42 I
213 3514 155 46 could
415 3520 89 52 get
550 3514 127 51 hold
721 3515 80 52 of.
878 3519 78 51 At
999 3520 90 52 the
1135 3532 123 52 post
1301 3525 152 52 office
1497 3527 63 53 of
1610 3529 212 64 Cetinje
1872 3533 89 52 the
2009 3535 147 53 clerk

136 3588 135 44 gave
315 3593 83 33 me
443 3585 199 55 stamps
685 3579 52 50 in
781 3582 89 51 the
913 3585 430 56 denominations
1390 3593 61 49 of
1496 3610 115 45 one,
1657 3601 123 55 two,
1825 3598 149 52 three
2034 3600 103 51 five

136 3645 87 43 ten
266 3641 104 49 and
414 3650 202 56 twenty
656 3645 182 54 heller.
1094 3652 193 55 should
1328 3674 107 43 you
1478 3657 114 54 also
1635 3660 136 53 wish
1816 3671 199 55 stamps
2062 3665 90 53 for

137 3708 124 55 nfty
310 3708 167 48 heller
525 3725 192 47 apiece,
800 3712 66 51 he
914 3715 130 62 said,
1279 3721 106 49 will
1433 3723 138 51 have
1619 3732 54 43 to
1720 3744 69 44 go
1839 3746 68 43 up
1957 3739 53 42 to
2060 3732 90 50 the

133 3772 183 56 palace
351 3774 103 48 and
495 3791 85 33 see
616 3777 87 49 the
737 3777 147 63 king.
952 3781 120 54 The
1106 3783 320 62 fifty-heller
1465 3796 198 56 stamps
1703 3809 91 35 are
1830 3793 160 62 being
2023 3796 128 59 kept

133 3850 53 32 m
233 3840 103 47 His
384 3840 284 61 Majesty's
711 3844 208 60 private
964 3848 124 51 cash

130 3914 168 60 After
332 3920 84 49 the
453 3925 232 48 German
725 3925 62 61 of
818 3926 156 51 Roda
1007 3930 174 61 Roda,
1216 3932 63 60 by
1316 3933 174 51 Guido
1524 3935 203 55 Bruno.
