2603 3660
2429 3536 68 54 87

85 2007 71 29 Den
174 2004 212 32 restaurerede
404 2004 76 31 løve.

340 2188 1144 97 KOLOSSALLØVEN
1578 2190 228 89 FRA
1882 2188 366 91 HAMA

89 2424 24 58 I
137 2440 237 39 AARENE
395 2438 216 40 1931-1938
628 2437 158 49 foretog
803 2451 47 25 en
868 2434 131 41 dansk
1018 2433 230 51 expedition

86 2502 129 39 under
237 2500 148 40 ledelse
411 2500 40 39 af
479 2501 71 37 Dr.
580 2498 156 40 Harald
761 2496 163 51 Ingholt
952 2496 296 49 udgravninger

88 2563 62 39 for
169 2560 361 51 Carlsbergfondet
544 2562 13 37 i
574 2560 78 39 den
668 2558 155 51 syriske
839 2557 56 51 by
911 2559 143 37 Hama.
1073 2555 174 40 Medens

90 2623 48 40 de
166 2624 121 39 første
322 2623 72 39 fire
421 2622 246 49 kampagner
695 2621 225 38 fortrinsvis
951 2633 69 24 var
1051 2615 196 50 helligede

89 2684 85 40 dels
198 2684 277 50 aflejringerne
501 2683 61 38 fra
583 2679 328 45 middelalderen,
938 2679 84 39 dels
1046 2677 49 40 de
1121 2676 126 50 gamle

89 2744 454 45 broncealderkulturer,
583 2741 269 41 udforskedes
884 2740 98 39 ide
1020 2740 71 38 fire
1124 2738 124 39 sidste

89 2809 90 37 især
201 2806 199 50 byhøjens
426 2804 297 50 sydøsthjørne,
746 2802 100 39 hvor
870 2801 69 39 der
962 2815 70 24 var
1055 2801 131 37 ruiner
1209 2799 40 38 af

91 2875 37 32 et
153 2875 101 32 stort
279 2867 130 49 anlæg
433 2867 61 38 fra
520 2866 86 37 10-8
630 2863 104 40 aarh.
762 2864 26 38 112.
814 2863 60 45 C.,
900 2877 47 24 en
968 2861 60 39 tid
1052 2863 13 37 i
1086 2859 162 40 hvilken

93 2930 132 38 Hama
258 2927 167 50 spillede
454 2942 47 24 en
530 2924 208 51 betydelig
768 2923 109 40 rolle.
910 2922 108 39 Flere
1048 2935 126 35 gange
1210 2935 39 23 er

90 2989 106 50 byen
221 2996 136 31 nævnt
381 2990 13 37 i
420 2988 68 39 det
514 2985 142 40 Gamle
682 2986 270 42 Testamente;
981 2981 178 40 saaledes
1183 2980 44 39 be-

91 3058 118 32 rettes
227 3050 71 39 der
314 3050 62 38 for
393 3047 190 50 exempel,
601 3053 39 32 at
656 3048 121 47 Kong
795 3046 90 37 To'i
902 3044 40 39 af
960 3045 133 37 Hama
1110 3041 139 39 sendte

91 3113 61 36 sin
177 3126 73 23 søn
275 3112 132 47 Joram
432 3109 92 38 med
545 3106 319 51 lykønskninger
888 3119 53 34 og
964 3118 117 35 gaver
1102 3101 44 40 til
1168 3103 54 37 Da-

91 3172 69 39 vid
181 3174 12 36 i
213 3171 217 49 anledning
449 3170 40 39 af
511 3169 150 39 dennes
680 3169 76 47 sejr
776 3181 94 23 over
888 3180 47 24 en
954 3164 244 48 nabofyrste.

143 3234 63 38 De
228 3239 156 32 nævnte
405 3233 144 43 ruiner,
573 3229 68 39 der
665 3227 148 40 strakte
837 3228 61 47 sig
919 3240 92 24 over
1037 3231 37 32 et
1098 3238 53 24 ca.
1180 3223 69 37 160

99 3296 34 33 X
146 3295 70 37 100
236 3309 41 23 m
297 3300 101 32 stort
418 3291 103 40 areal
541 3305 52 35 og
614 3288 183 40 dannede
822 3287 77 39 den
921 3284 193 51 egentlige
1137 3284 112 47 borg,

94 3370 66 24 var
179 3354 247 49 grupperede
447 3368 66 24 om
533 3368 47 23 en
600 3351 124 40 aaben
744 3348 116 50 plads
883 3347 87 49 (fig.
996 3345 57 49 1):
1075 3344 95 39 mod
1190 3351 62 31 øst

1347 2448 47 23 en
1423 2439 82 32 stor
1533 2430 273 51 portbygning
1829 2430 91 39 med
1947 2437 134 32 taarne
2109 2444 52 35 og
2184 2436 195 42 vagtrum,
2403 2427 94 40 mod

1347 2493 169 39 nordøst
1535 2499 37 32 et
1592 2491 156 50 tempel,
1767 2491 96 38 mod
1884 2498 86 31 vest
1989 2506 47 23 en
2055 2489 153 40 mindre
2228 2489 270 50 portbygning

1349 2554 92 38 med
1467 2553 150 39 lokaler
1643 2552 44 40 til
1717 2551 227 51 tjenerskab
1975 2566 52 35 og
2053 2550 96 39 mod
2175 2550 77 49 syd
2285 2557 37 32 et
2346 2549 151 50 palads.

1347 2614 106 39 Mod
1477 2613 102 40 nord
1603 2613 158 40 fandtes
1785 2614 119 48 ingen
1930 2613 132 37 ruiner
2086 2611 40 39 af
2150 2610 239 50 betydning;
2416 2625 62 23 saa-

1348 2675 129 39 danne
1505 2674 80 40 kan
1613 2673 185 49 muligvis
1829 2672 134 40 endnu
1990 2687 151 34 gemme
2170 2673 61 47 sig
2257 2670 89 39 ide
2373 2670 108 39 tilstø-

1348 2736 129 39 dende
1506 2734 257 50 uudgravede
1791 2735 143 48 partier
1960 2733 40 39 af
2024 2732 188 50 byhøjen,
2239 2747 89 23 men
2356 2731 48 39 de
2429 2730 69 39 har

1347 2811 140 35 næppe
1511 2803 121 31 været
1652 2794 132 50 særlig
1805 2801 115 31 store.
1945 2796 79 36 Paa
2047 2793 77 38 den
2147 2792 124 39 aabne
2293 2791 115 50 plads
2431 2806 67 23 var

1349 2858 69 39 der
1444 2872 47 24 en
1517 2854 370 50 friluftshelligdom
1913 2853 91 40 med
2030 2860 37 32 et
2088 2853 136 38 bassin
2250 2867 52 34 og
2325 2859 40 31 to
2391 2851 107 44 altre,

1347 2918 141 39 hvoraf
1510 2917 68 39 det
1599 2931 70 24 ene
1690 2931 67 23 var
1780 2916 143 38 formet
1945 2930 86 23 som
2054 2929 46 23 en
2121 2921 111 31 trone
2255 2912 242 49 (velsagtens

1349 2985 107 32 ment
1490 2993 87 23 som
1609 2992 47 23 en
1689 2975 256 50 gudetrone),
1979 2990 52 34 og
2064 2976 11 36 i
2108 2973 246 49 tilknytning
2384 2971 114 40 hertil

1347 3038 185 49 muligvis
1564 3053 47 23 en
1641 3036 154 40 mindre
1824 3036 191 48 bygning.

1400 3099 256 49 Indgangene
1679 3097 44 39 til
1746 3097 48 38 de
1817 3095 228 49 forskellige
2066 3094 223 50 bygninger
2310 3108 68 24 var
2403 3093 95 38 efter

1347 3160 131 39 tidens
1503 3159 93 38 skik
1618 3157 179 50 prydede
1820 3156 90 38 med
1931 3156 239 48 løvefigurer
2194 3154 39 38 af
2255 3153 127 39 basalt
2407 3152 68 49 (do-

1349 3220 120 48 lerit),
1487 3219 110 39 halvt
1615 3221 12 36 i
1644 3218 122 45 relief,
1784 3217 84 38 idet
1885 3231 90 24 man
1998 3215 147 39 derved
2165 3213 241 40 forestillede
2427 3215 71 47 sig,

1349 3289 39 31 at
1410 3281 147 49 dyrene
1581 3278 170 50 vogtede
1778 3278 121 38 døren
1921 3276 44 39 til
1987 3276 131 43 huset;
2142 3290 89 23 men
2255 3274 170 38 foruden
2450 3273 48 38 de

1349 3340 234 40 indmurede
1607 3338 107 39 løver
1735 3353 68 24 var
1824 3337 68 39 der
1913 3351 76 33 paa
2009 3351 47 24 en
2078 3335 98 38 smal
2198 3342 164 31 terrasse
2385 3334 113 37 foran
