2603 3660
95 208 105 35 gøre,
225 207 52 34 og
301 207 66 22 om
392 193 60 36 sin
479 189 240 48 Udvikling,
744 203 53 33 og
823 187 79 39 han
933 200 162 34 spørger
1121 182 133 49 stadig

96 257 61 46 sig
182 253 95 45 selv,
302 268 67 22 om
392 251 79 39 han
496 250 71 39 har
592 256 107 42 taget
724 248 80 49 fejl.
832 247 117 40 Taler
974 261 91 23 man
1091 244 45 39 til
1161 243 93 40 ham

94 330 65 23 om
180 314 99 39 hans
303 311 278 45 Berømmelse,
604 325 131 24 svarer
757 309 91 45 han,
871 315 39 32 at
933 306 203 40 Samtiden
1159 304 94 40 ikke

94 375 78 39 kan
188 375 125 48 afsige
331 373 76 39 den
424 372 179 48 endelige
621 372 120 37 Dom.
759 368 123 40 Hvad
901 368 79 39 han
999 367 92 39 med
1110 365 143 40 Glæde

93 436 70 39 har
187 435 245 38 konstateret
531 431 92 45 han,
652 430 69 39 der
748 431 48 38 74
823 429 86 39 Aar
935 427 170 50 gammel
1132 426 121 40 maler

96 497 48 39 de
166 503 142 43 yngste
332 494 184 45 Billeder,
537 508 91 23 man
651 491 151 39 kender
895 506 51 29 er,
968 497 40 31 at
1030 488 69 40 der
1121 487 132 40 findes

95 574 47 23 en
167 572 55 34 ny
247 557 258 43 Generation,
532 568 46 24 en
605 552 208 49 Ungdom,
844 551 69 39 der
943 566 39 23 er
1007 548 183 51 optændt
1215 549 40 39 af

95 619 250 49 Begejstring
364 617 61 38 for
445 615 197 39 Maleriet.
665 615 94 37 Han
780 612 158 45 ønsker,
959 619 38 31 at
1016 610 214 39 Arkitektu-

94 695 68 23 ren
189 681 91 47 igen
305 677 54 39 vil
386 684 88 41 tage
502 675 186 40 Maleriet
714 676 13 36 i
755 675 119 47 Brug.
903 675 253 36 Mæcenerne
1183 671 73 38 bør

96 756 87 23 som
205 742 12 36 i
239 739 181 49 tidligere
445 737 122 39 Tider
590 742 119 33 støtte
734 737 255 37 Kunstnerne
1013 732 77 40 ved
1116 732 120 39 Bestil-

96 805 137 48 linger,
253 805 102 47 siger
374 802 90 38 han.
486 803 62 37 De
569 815 88 24 maa
675 799 155 39 bestille
851 798 188 39 Malerier
1059 812 93 23 over
1175 797 55 37 Dø-

95 881 104 29 rene,
216 863 292 40 Loftsmalerier
525 877 51 34 og
587 860 297 50 Vægmalerier,
902 859 148 39 derved
1067 860 124 47 tjener
1209 857 48 38 de

96 928 183 37 Kunsten
300 924 121 39 bedre
446 923 77 39 end
545 922 77 40 ved
644 929 40 33 at
705 921 207 50 spekulere
935 935 75 34 paa
1032 918 200 40 Kunstbør-

96 989 85 37 sen!
203 986 142 40 Under
363 1001 71 23 vor
454 984 261 50 Spadseretur
735 984 61 37 for
815 990 57 31 tre
894 983 114 47 Dage
1029 980 114 39 siden
1164 995 69 34 gen-

95 1056 71 41 tog
178 1048 91 45 han,
284 1054 39 33 at
338 1046 223 39 Kubismen
576 1045 70 39 har
663 1044 87 39 haft
768 1050 82 33 stor
865 1059 53 33 og
932 1042 161 50 gavnlig
1109 1040 123 50 Betyd-

96 1111 97 47 ning
213 1110 61 38 for
296 1108 49 39 de
366 1107 166 45 Malere,
555 1106 69 38 der
646 1104 169 40 allerede
836 1103 130 40 havde
989 1104 104 38 faaet
1115 1110 36 31 et
1171 1117 64 34 per-

99 1170 148 49 sonligt
276 1170 140 48 Sprog,
446 1168 52 39 da
528 1167 48 39 de
606 1166 135 39 mødte
772 1165 90 45 den,
891 1180 91 23 men
1012 1171 39 32 at
1081 1163 77 40 den
1187 1163 71 39 har

95 1238 121 33 været
232 1230 164 48 uheldig
413 1230 61 38 for
491 1228 104 46 dem,
613 1228 69 38 der
698 1226 178 40 voksede
898 1241 52 34 op
971 1240 177 24 sammen
1165 1224 92 39 med

97 1292 89 40 den.
212 1293 61 37 De
298 1306 104 33 unge
425 1290 66 39 løb
515 1304 122 35 ogsaa
661 1304 46 23 en
731 1295 82 32 stor
837 1287 142 39 Risiko
1002 1286 78 39 ved
1105 1293 38 32 at
1165 1285 91 40 ville

96 1353 204 49 efterligne
320 1351 202 39 Bonnard.
544 1351 94 39 Som
655 1349 172 40 Vollard
847 1348 140 50 sagde:
1009 1350 120 36 »Han
1151 1363 39 23 er
1210 1362 47 24 en

96 1422 83 32 stor
202 1416 203 36 Kunstner
428 1428 52 33 og
503 1427 47 24 en
573 1419 82 32 stor
678 1412 267 43 Læremester,
971 1423 91 25 men
1089 1409 84 38 kun
1196 1409 62 38 for

96 1478 104 45 dem,
218 1477 69 40 der
305 1484 103 32 staar
425 1491 76 34 paa
517 1475 209 39 Tærsklen
743 1475 44 38 til
806 1474 83 39 selv
906 1481 39 32 at
961 1473 105 39 blive
1086 1473 104 38 det.«

1399 180 191 39 Bonnard
1610 179 71 40 har
1702 181 119 47 ingen
1844 177 174 45 Ordner,
2040 192 52 34 og
2112 176 79 39 han
2215 191 38 24 er
2275 175 94 39 ikke
2391 174 90 40 Med-

1348 242 77 39 lem
1442 242 40 39 af
1499 243 163 37 Institut
1680 240 48 39 de
1746 242 157 36 France.
1925 240 76 37 For
2022 238 116 49 nogle
2156 236 223 40 Maaneder
2397 236 114 38 siden

1348 302 91 40 blev
1456 302 80 39 han
1555 301 190 40 anmodet
1764 316 66 23 om
1848 307 40 32 at
1905 299 101 39 male
2026 314 48 23 en
2093 298 132 39 Mand
2246 299 40 38 af
2305 297 77 39 den
2402 295 92 41 aller-

1348 370 143 33 største
1514 362 242 50 Betydning.
1778 363 95 37 Han
1894 360 181 39 svarede:
2099 361 97 47 »Jeg
2216 358 122 40 stiller
2359 358 84 38 kun
2465 372 47 24 en

1350 424 238 49 Betingelse,
1603 439 53 33 og
1671 423 68 39 det
1754 438 50 30 er,
1820 429 38 32 at
1872 424 65 47 jeg
1950 421 54 39 vil
2022 421 99 38 have
2142 421 84 38 Lov
2239 419 45 40 til
2299 427 39 32 at
2351 419 144 39 tilintet-

1350 501 92 34 gøre
1464 485 182 45 Billedet,
1667 484 83 39 selv
1769 499 66 23 om
1854 482 211 39 Modellen
2086 497 39 23 er
2145 481 155 39 tilfreds
2321 480 92 39 med
2435 480 79 45 det,

1349 547 88 39 hvis
1454 548 66 48 jeg
1536 545 94 39 ikke
1649 560 39 24 er
1707 544 104 40 det.«

1401 612 94 38 Han
1517 626 38 23 er
1579 611 175 48 omgivet
1776 609 40 38 af
1835 608 74 39 alle
1929 609 84 38 sine
2033 608 178 37 Motiver
2231 621 53 33 og
2303 607 119 47 siger:
2444 605 70 48 Jeg

1351 687 94 34 gaar
1467 671 56 39 ud
1547 687 52 33 og
1623 685 60 24 ser
1707 685 75 34 paa
1808 669 90 39 dem
1922 684 53 34 og
1998 683 71 34 gør
2093 667 117 49 nogle
2236 664 279 52 Optegnelser,

1351 749 52 33 og
1420 748 68 24 saa
1505 747 92 34 gaar
1613 734 64 47 jeg
1693 731 119 49 hjem,
1830 746 53 33 og
1900 730 61 39 før
1977 732 65 47 jeg
2060 731 108 47 giver
2185 730 82 47 mig
2284 727 44 39 til
2346 734 39 32 at
2402 726 114 45 male,

1350 795 202 48 overvejer
1569 795 66 48 jeg
1653 792 171 39 Billedet
1842 807 53 34 og
1913 791 199 38 drømmer
2131 805 65 23 om
2220 789 78 39 det.
2322 790 95 37 Han
2435 795 81 31 tror

1352 855 94 39 ikke
1470 869 87 35 paa,
1581 861 39 32 at
1644 856 214 36 Farvernes
1885 852 128 39 Glans
2038 867 52 33 og
2116 853 118 46 Pragt
2257 850 169 49 betyder
2451 863 67 25 saa

1351 923 141 42 meget.
1525 918 104 37 Hvis
1660 930 92 23 man
1783 913 154 40 malede
1968 913 85 39 kun
2084 912 91 39 med
2209 909 282 51 Sommerfugle-

1351 980 150 47 vinger,
1521 976 107 40 vilde
1651 975 172 39 Billedet
1844 974 136 50 opløse
2003 976 61 47 sig
2084 976 12 36 i
2117 974 157 38 Luften.
2298 974 94 37 Han
2415 974 102 47 siger

1354 1054 133 35 ogsaa,
1512 1045 40 32 at
1574 1037 204 39 Malerens
1805 1038 133 37 Kunst
1964 1051 38 24 er
2028 1043 39 31 at
2091 1035 157 49 opdage
2276 1033 242 40 Skønheden

1354 1116 52 34 og
1425 1101 64 38 faa
1510 1099 122 40 andre
1653 1098 44 39 til
1717 1105 40 32 at
1776 1113 93 34 gøre
1892 1097 67 39 det
1980 1111 160 25 samme.

1406 1163 94 37 Han
1521 1160 54 40 vil
1596 1160 94 39 ikke
1713 1159 119 49 sælge
1855 1160 83 37 sine
1962 1157 184 40 Billeder.
2169 1159 71 47 Jeg
2260 1155 130 40 havde
2413 1162 106 43 taget

1355 1238 47 24 en
1420 1222 188 40 Veninde
1627 1221 104 45 med,
1752 1220 69 39 der
1839 1219 106 40 vilde
1964 1219 105 38 købe
2089 1226 37 31 et
2145 1219 39 38 af
2202 1217 104 46 ham,
2328 1233 90 23 men
2441 1217 78 39 han

1353 1284 92 39 blev
1465 1283 78 39 ude
1566 1283 40 39 af
1627 1284 60 47 sig
1708 1282 83 38 selv
1811 1281 78 39 ved
1910 1280 181 40 Tanken.

1407 1349 82 38 Om
1517 1349 171 37 Matisse
1719 1346 143 39 sender
1890 1347 65 48 jeg
1985 1344 70 50 dig
2084 1360 47 23 en
2160 1343 173 45 Artikel,
2364 1358 87 23 som
2482 1357 38 24 er

1356 1409 158 40 skrevet
1534 1409 40 38 af
1597 1424 47 23 en
1666 1408 40 39 af
1726 1409 105 37 mine
1853 1409 174 36 Venner.
2050 1407 170 37 Matisse
2245 1420 39 24 er
2306 1405 62 38 for
2390 1403 130 39 Tiden

1355 1470 186 48 alvorligt
1562 1485 86 33 syg.
1674 1470 81 38 Det
1777 1484 39 24 er
1840 1484 47 23 en
1910 1466 313 50 Leversygdom,
2245 1466 79 39 han
2346 1465 100 39 lider
2470 1466 50 38 af.

2402 1542 118 22 NANA

937 2917 98 31 Nana
1051 2915 143 40 forlader
1209 2915 173 32 Bonnards
1404 2915 83 31 Hus.
