2603 3660
137 3550 68 54 62

1649 3579 100 27 JENS
1772 3578 166 24 AUGUST
1961 3578 168 22 SCHADE

308 120 361 106 TRE
772 109 1339 117 KÆLLINGEDIGTE

1299 367 28 54 1

535 488 77 41 Du
633 486 212 50 liderlige
868 483 219 51 Kælling,
1111 492 108 29 som
1242 479 111 41 med
1376 474 289 43 Trofasthed

536 550 130 40 laver
689 547 102 40 min
814 545 146 50 Kaffe,
983 553 143 41 suger
1149 541 102 40 min
1272 543 128 38 sorte
1423 535 118 52 The,

536 609 170 40 lokker
729 608 100 50 mig
851 606 53 40 til
927 609 48 37 at
995 605 148 50 kysse
1164 601 96 51 Dig
1284 611 63 40 og
1369 599 155 40 klæde
1548 595 95 52 Dig
1665 605 160 39 nøgen
1849 591 53 41 af

536 682 83 30 saa
644 671 104 39 hele
771 668 95 41 Din
890 667 112 51 Sjæl
1025 665 217 52 springer
1265 660 325 43 blomstrende
1613 657 64 41 ud
1700 667 109 29 som
1834 657 45 38 et
1901 652 199 42 levende
2123 649 254 41 Rosenbed

538 771 52 42 af
608 773 91 39 den
721 774 130 38 sorte
873 769 119 52 Jord
1086 768 78 39 Du
1187 776 50 30 er
1258 765 78 39 vel
1360 764 91 39 den
1474 762 174 39 værste
1671 759 174 48 Luder,

538 836 81 38 der
642 832 297 51 nogensinde
964 830 87 40 har
1074 831 140 48 gaaet
1235 837 91 41 paa
1352 826 92 38 den
1469 822 152 43 vakre
1644 821 118 51 Jord

538 906 90 41 paa
650 897 51 37 to
724 895 115 38 Ben.
863 892 117 41 Men
1003 901 117 29 naar
1141 888 79 40 Du
1242 898 90 41 paa
1352 886 83 39 fire
1458 883 191 41 kravler

539 968 64 40 og
623 955 144 40 beder
790 953 101 52 mig
913 952 136 53 piske
1073 950 95 40 Din
1191 948 185 52 Bagdel
1398 958 85 28 saa
1505 944 232 41 rosenrød

539 1070 108 29 som
670 1055 535 53 Kærlighedsblomster
1299 1052 60 38 da
1383 1061 48 28 er
1454 1048 79 41 Du
1561 1048 92 40 den
1676 1044 220 41 hvideste
1920 1041 170 52 Engel,

539 1131 110 29 som
672 1117 298 52 nogensinde
994 1116 88 39 har
1103 1113 131 51 fløjet
1256 1112 16 39 i
1293 1109 191 42 Luften.
1508 1108 89 52 Jeg
1620 1108 156 39 elsker
1799 1104 96 51 Dig

541 1192 101 29 mer
665 1180 93 40 end
782 1180 91 38 den
896 1176 150 41 runde
1070 1175 130 52 Jord,
1223 1184 108 29 som
1355 1184 84 28 saa
1461 1170 273 41 straalende
1762 1165 199 42 skinner

541 1243 15 39 i
579 1243 372 48 Solnedgangen
974 1250 89 41 paa
1086 1237 123 40 Dine
1232 1236 115 40 røde
1370 1234 191 39 Kinder.

1303 1336 41 57 2

238 1458 60 40 Se
321 1457 264 52 svingende
609 1456 210 51 Stjerner
840 1455 111 40 med
974 1452 151 53 Spræl
1149 1462 64 40 og
1234 1451 112 39 med
1370 1447 93 41 Fut

237 1523 178 37 roterer
437 1530 108 29 som
569 1517 363 40 Saltomortaler

240 1579 53 41 af
308 1580 156 51 Engle
489 1590 62 40 og
574 1579 302 46 Mennesker,
900 1588 108 29 som
1031 1575 88 40 har
1141 1573 154 40 Krudt

240 1654 63 41 og
325 1643 95 40 Liv
443 1641 15 41 i
480 1641 134 41 Røve
638 1651 63 41 og
724 1640 158 41 Haler.

240 1744 20 41 I
282 1743 351 51 Hor-Salonen,
656 1743 126 41 hvor
805 1742 268 50 Kællingen
1096 1739 86 41 sad

242 1817 64 39 og
327 1805 193 51 tjattede
545 1805 91 39 ned
659 1804 15 39 i
697 1801 166 42 Theen

242 1869 108 38 med
374 1866 263 52 brandgule
660 1865 122 52 Øjne
806 1876 84 29 saa
913 1864 208 50 ligeglad

244 1940 62 39 og
329 1928 221 52 sjaskede
572 1927 174 52 Dugen
769 1927 110 39 med
903 1926 169 48 Skeen,

246 2031 81 40 der
350 2030 195 51 slynger
566 2041 66 28 nu
654 2029 185 50 Djævle
863 2029 56 38 de
942 2026 226 42 to-Alens
1192 2025 104 39 Ben

245 2104 109 29 som
376 2091 365 52 Leverpostejer
763 2091 110 39 med
896 2088 268 50 bævrende,

245 2154 204 40 kvabset
471 2152 101 52 Sky
595 2151 54 41 af
665 2153 79 38 det
765 2153 185 38 reneste
972 2161 111 29 rene

245 2214 415 51 Drømme-Suppe
684 2224 81 29 om
788 2210 212 51 Tæerne,

1315 2312 38 55 3

1526 1458 84 30 saa
1633 1446 107 40 hele
1762 1443 262 41 Kolbøtten
2047 1441 143 39 kører
2213 1439 145 40 rundt

1526 1509 56 38 de
1606 1505 187 54 Djævle
1817 1516 64 39 og
1902 1503 159 51 Engle
2085 1513 48 28 er
2157 1500 102 51 mig

1525 1582 62 39 og
1610 1566 283 51 Kællingen,
1916 1575 109 29 som
2048 1564 111 39 med
2182 1560 268 51 Hundehyl

1525 1631 202 41 rasende
1746 1629 135 40 bider
1903 1626 102 51 mig

1529 1745 62 40 og
1613 1731 118 41 flaar
1754 1729 101 42 min
1879 1729 190 51 Skjorte
2093 1725 72 42 fra
2188 1725 174 41 Enden
2386 1724 53 40 af

1529 1806 137 30 mens
1690 1794 272 50 Stjernerne
1986 1790 220 41 sælsomt
2227 1787 141 41 sitrer

1529 1858 15 40 i
1566 1855 421 42 Damebuksernes
2011 1850 336 50 indholdsrige

1530 1918 124 51 Sjæl,
1679 1927 108 29 som
1811 1913 230 42 elektrisk
2063 1912 182 40 knitrer

1530 2022 112 51 Lyn
1665 2031 90 41 paa
1776 2018 112 51 Lyn
1911 2016 15 41 i
1949 2016 88 41 mit
2060 2016 166 51 Hjerte
2249 2015 94 49 ind,

1531 2095 84 29 saa
1638 2082 226 51 Kroppen
1886 2077 247 52 vellystigt
2156 2077 226 39 svulmer

1533 2156 63 39 og
1620 2143 149 41 dirrer
1792 2142 95 40 hen
1911 2151 108 30 som
2043 2151 60 28 en
2124 2137 294 49 Luftballon,

1534 2217 137 30 mens
1695 2204 271 52 Stjernerne
1991 2203 180 39 dovent
2192 2200 166 39 ulmer.

644 2429 78 39 Du
744 2427 203 50 sledske,
970 2425 198 52 snedige
1192 2424 220 50 Kælling,
1435 2434 110 29 som
1568 2422 111 40 med
1703 2419 188 52 Smiger

645 2488 269 42 overfalder
936 2487 96 41 Din
1054 2499 127 39 unge
1206 2486 164 49 Herre,
1393 2496 109 29 som
1525 2483 194 41 bunden

644 2552 54 41 til
720 2552 96 39 Din
840 2551 129 50 Seng
992 2551 109 39 med
1124 2548 163 52 tykke,
1312 2546 120 41 laste
1456 2547 171 39 Baand

646 2613 52 40 af
716 2612 276 50 Kærlighed
1086 2610 114 40 ikke
1224 2610 98 38 kan
1343 2608 102 40 rive
1468 2606 76 53 sig
1566 2608 75 39 løs

649 2714 69 42 fra
740 2714 95 51 Dig
858 2713 15 41 i
895 2712 239 52 Evighed,
1158 2711 82 40 din
1263 2709 184 42 frække
1470 2707 113 53 Tøs,

647 2788 112 29 men
782 2788 110 28 maa
915 2778 139 37 stuve
1077 2773 100 52 Kys
1201 2784 90 40 paa
1313 2772 101 52 Kys

647 2849 110 31 som
781 2838 174 39 Sække
978 2835 82 41 ind
1082 2834 16 40 i
1121 2845 59 29 en
1209 2834 238 39 Skibslast

649 2900 82 41 ind
754 2900 15 39 i
792 2900 76 39 sin
890 2899 168 39 Mund.
1080 2897 79 40 Du
1181 2896 166 41 kalder
1369 2895 117 40 ham
1508 2895 166 51 »glade
1696 2892 185 52 Neger«

651 3000 329 42 »Krokodille«
1003 2999 246 52 »Juletræ«
1272 3009 64 39 og
1359 2998 313 40 »brændende
1698 2995 365 48 Himmelrum«,

649 3062 332 42 »Chokolade«
1006 3061 363 50 »Kransekage«
1393 3070 63 41 og
1479 3059 243 39 »Verdens
1750 3056 218 52 dejligste
1990 3055 279 48 Hummer«,

650 3136 109 29 som
781 3123 133 41 bider
936 3122 96 51 Dig
1054 3122 15 39 i
1091 3121 185 40 Enden.
1300 3121 93 39 Det
1416 3131 143 39 synes
1583 3118 80 41 Du
1690 3128 50 30 er
1762 3117 177 52 dejligt.

651 3186 136 50 »Dog
810 3197 110 28 maa
945 3184 91 40 den
1056 3193 130 29 være
1209 3182 133 40 lille«.
1366 3182 89 51 Jeg
1478 3182 142 39 hører
1643 3179 258 52 Fuglefløjt

652 3287 16 41 i
691 3288 91 40 den
805 3286 164 52 tidlige
995 3286 216 49 Morgen,
1229 3286 81 49 jeg
1334 3295 50 29 er
1407 3283 79 52 gal
1508 3281 54 42 af
1578 3282 290 51 Kærlighed,

652 3361 86 29 saa
754 3351 81 49 jeg
858 3348 127 51 siger
1008 3347 103 39 »Du
1134 3346 137 50 evige
1294 3346 232 50 Morgen«
1550 3344 107 40 »Du
1679 3343 235 50 Sommer,

654 3423 109 29 som
785 3410 52 42 vi
859 3409 117 42 altid
998 3409 68 40 vil
1088 3418 189 41 vaagne
1301 3407 54 40 til

655 3471 102 41 min
778 3470 207 50 Kælling
1008 3480 64 40 og
1088 3469 83 51 jeg
1263 3468 55 40 til
1342 3466 239 52 Fuglenes
1606 3464 333 53 Strengespil.«
