2603 3660
100 3531 72 52 44

107 124 58 44 de
184 121 175 47 Vaser?
378 121 191 46 Sikkert
585 120 123 51 ikke,
729 120 145 44 skønt
891 119 60 44 de
969 134 52 29 er
1037 118 145 45 skøre
1204 130 58 44 og

105 199 196 45 maaske
317 197 111 45 ikke
448 197 127 45 uden
594 196 164 44 videre
775 207 113 45 gaar
905 209 117 30 over
1036 195 14 43 i
1068 193 167 58 Evighe-

105 277 107 43 den.
246 276 95 43 Der
371 273 265 45 indtræffer
668 272 165 57 farlige
869 271 290 44 Situationer
1187 271 75 44 for

105 352 126 54 dem,
256 351 79 44 det
352 362 86 45 gør
454 350 87 44 der
559 361 142 45 ogsaa
720 348 14 44 i
754 362 135 31 smaa
910 360 60 44 og
992 347 270 56 skrøbelige

105 426 494 56 Porcellænsfigurers
628 425 221 57 nydelige
879 423 86 46 Liv
993 436 60 43 og
1082 423 180 45 hvilket

104 503 143 46 andet
270 503 107 45 Stof
394 502 162 45 kunde
581 516 110 29 man
714 500 158 45 tænke
894 501 68 56 sig
982 500 110 44 dem
1112 498 42 46 i?
1173 500 89 44 Det

103 583 172 42 værste
302 578 191 57 Øjeblik
518 592 52 31 er
595 577 98 46 nok
721 591 118 30 naar
856 576 157 45 Vasen
1040 580 130 53 tages
1196 576 65 44 ud

104 657 51 43 af
166 656 186 53 Ovnen,
369 670 113 29 men
501 654 181 45 saadan
698 668 52 30 er
766 653 78 45 det
858 653 75 45 vel
950 652 112 46 med
1081 653 64 43 alt
1163 652 98 46 Liv.

105 733 135 43 Disse
254 731 150 45 Vaser
415 731 103 45 skal
536 729 110 46 ikke
659 729 119 46 køre
791 731 13 43 i
820 728 187 46 Droske
1026 729 116 45 eller
1153 743 82 31 ven-

104 809 84 45 des
209 823 61 42 op
293 820 59 44 og
369 807 108 53 ned,
491 806 50 57 ja
562 807 65 44 du
648 821 109 29 maa
776 806 128 57 knap
923 804 99 46 nok
1040 820 110 30 røre
1168 806 92 44 ved

103 886 125 44 dem.
255 884 69 45 De
350 883 103 46 skal
479 887 99 41 staa
606 883 122 45 stille
749 883 14 43 i
786 882 163 46 tusind
974 883 96 43 Aar
1092 894 61 44 og
1171 882 68 44 for-

107 961 190 57 urolige.

165 1038 93 44 Paa
272 1035 156 45 Trods
441 1035 52 45 af
503 1039 45 41 at
566 1039 145 54 netop
725 1035 80 45 det
820 1034 327 57 usædvanlige
1161 1035 99 58 Syn

103 1113 170 44 skulde
302 1115 205 41 stemme
531 1110 282 46 Tilskueren
839 1110 333 58 opmærksom
1201 1123 60 45 og

104 1188 286 57 modtagelig
415 1203 52 29 er
491 1188 87 44 der
599 1188 141 56 ingen
766 1202 108 30 som
899 1188 135 56 rigtig
1058 1187 181 45 fortroli-

101 1279 82 43 ger
207 1265 70 57 sig
302 1265 112 45 med
443 1265 130 45 disse
598 1264 296 46 næbbesatte
918 1277 60 44 og
1001 1264 234 46 faretruen-

103 1342 58 45 de
187 1342 160 54 Vaser,
377 1342 145 45 skønt
547 1342 60 44 de
634 1355 52 31 er
710 1355 59 31 en
797 1340 183 57 ganske
1008 1340 155 57 logisk
1191 1342 48 44 Vi-

103 1418 291 44 dereførelse
411 1418 52 44 af
476 1418 94 44 den
589 1416 226 59 spirende
832 1416 97 55 Stil,
947 1416 146 46 Stilen
1110 1422 46 39 et
1171 1418 91 44 Par

104 1494 124 57 Uger
250 1494 173 46 henne.
449 1494 69 44 De
538 1494 145 57 ligger
703 1507 143 44 ogsaa
867 1493 142 45 klods
1031 1509 62 43 op
1115 1494 53 44 af
1183 1494 79 44 det

100 1575 106 41 rent
230 1571 240 58 smagløse
493 1571 124 45 hvor
640 1585 81 31 saa
747 1574 156 53 meget
926 1571 52 44 af
993 1571 80 45 det
1093 1570 169 46 bedste

101 1648 155 57 ligger.
293 1648 69 44 De
395 1663 52 29 er
481 1646 282 56 uklassiske,
796 1648 318 57 paagaaende,
1148 1648 112 44 kald

101 1724 112 44 dem
240 1723 283 58 hysteriske,
542 1723 51 57 ja
620 1724 127 44 hvad
773 1724 62 44 vil
861 1723 112 45 ikke
999 1738 61 30 en
1086 1724 147 46 Freun-

101 1800 168 44 dianer
293 1800 165 44 kunne
485 1801 75 43 faa
588 1801 63 45 ud
679 1801 52 43 af
753 1800 141 46 dem?
919 1801 103 56 Dog
1051 1801 185 46 udstraa-

100 1877 70 44 ler
198 1877 60 44 de
286 1891 59 30 en
368 1876 299 59 Viljestyrke,
692 1891 107 31 som
829 1877 62 45 vil
921 1877 124 45 ende
1074 1877 113 45 med
1216 1881 46 42 at

100 1952 187 58 besejre
317 1952 60 45 de
408 1954 320 56 vrangvillige.
763 1954 69 44 De
862 1952 104 46 skal
998 1954 111 44 ikke
1140 1968 92 31 sam-

101 2030 266 56 menlignes
405 2030 110 44 med
554 2034 142 53 noget
733 2031 157 53 andet,
931 2030 199 46 maaske
1166 2031 94 45 end

101 2105 111 44 ikke
237 2105 290 46 bedømmes
552 2120 108 31 som
689 2106 169 46 Kunst.
886 2107 69 45 De
979 2106 201 46 tilhører
1201 2121 60 31 en

101 2182 276 46 dæmonisk
401 2184 211 45 Familie.

161 2260 85 56 Jeg
265 2260 135 44 fandt
416 2272 186 45 engang
620 2261 12 43 i
653 2261 100 44 min
772 2261 133 44 Have
922 2264 46 41 et
984 2261 248 58 Edderkop-

101 2336 202 57 pespind
335 2336 123 44 nede
489 2337 192 45 mellem
715 2337 471 56 Hindbærbuskene,
1216 2342 46 41 et

101 2411 295 46 meterbredt
416 2412 353 59 Kniplingssejl,
789 2427 107 31 som
921 2413 190 46 duvede
1130 2415 15 43 i
1167 2413 94 46 den

100 2504 81 28 raa
213 2488 502 57 Septembermorgen,
745 2493 137 54 tungt
909 2491 53 43 af
987 2491 118 56 Dug.
1134 2491 128 46 Naar

101 2565 93 44 den
218 2566 111 44 lette
353 2566 122 44 Vind
499 2570 80 53 tog
595 2567 14 43 i
630 2567 199 57 Spindet
848 2567 80 45 løb
949 2567 86 46 der
1051 2582 60 31 en
1130 2581 106 44 regn-

100 2641 250 45 buefarvet
378 2642 70 44 Ild
476 2642 94 44 hen
595 2657 117 31 over
735 2643 93 55 det,
852 2659 108 30 som
987 2659 81 30 om
1095 2645 78 44 det
1196 2645 50 44 fil-

100 2717 188 44 trerede
308 2717 287 58 Morgenens
620 2719 151 45 første
790 2719 194 55 Straale,
1004 2732 60 45 og
1086 2719 147 46 Edder-

101 2793 192 59 koppen
317 2794 116 45 kom
460 2796 210 52 farende,
696 2797 94 44 den
814 2797 136 46 visne
975 2797 286 57 Mandsling,

101 2869 77 45 for
206 2874 45 40 at
279 2885 51 30 se
359 2886 82 29 om
472 2872 87 44 der
585 2887 87 29 var
700 2877 142 52 noget
870 2877 46 41 at
945 2873 118 45 lave.
1095 2873 167 45 Denne

101 2946 474 47 diamantbestrøede
590 2949 296 57 Fluefanger,
903 2965 81 30 saa
998 2951 193 57 simpelt
1203 2963 59 45 og

101 3023 312 57 selvfølgeligt
441 3024 190 54 formet,
656 3040 83 30 saa
767 3026 242 57 skrøbelig
1039 3038 59 45 og
1121 3042 112 42 upaa-

101 3103 136 52 agtet,
258 3100 221 45 forekom
500 3102 97 56 mig
615 3106 44 40 at
675 3117 129 29 være
822 3102 406 47 Fuldkommenhe-

101 3175 94 45 den
220 3177 114 53 selv,
359 3191 59 30 en
443 3178 283 57 overmodig
744 3179 412 57 Tilkendegivelse
1178 3180 14 44 i
1216 3184 45 41 et

101 3253 235 56 uanseligt
359 3253 296 46 Halvmørke
673 3254 52 45 af
739 3255 240 46 Naturens
999 3255 259 47 Ødselhed.

100 3328 85 57 Jeg
213 3329 217 45 erindrer
457 3329 111 45 ikke
599 3334 45 41 at
675 3335 143 51 noget
849 3332 293 45 Kunstværk
1173 3333 89 44 har

1357 117 125 56 givet
1505 113 230 47 stærkere
1754 113 289 45 Resonnans
2062 113 13 44 i
2094 126 81 32 saa
2196 116 155 52 meget
2371 112 51 43 af
2436 112 85 45 mit

1359 192 115 45 Sind
1498 206 91 43 paa
1611 205 89 30 een
1726 190 145 56 Gang.
1898 190 136 43 Dette
2059 188 151 59 Spind
2234 202 87 31 var
2343 202 60 30 en
2431 187 61 46 dæ-

1357 268 197 45 monisk
1577 268 134 55 Ting.

1420 343 139 46 Hvad
1596 343 189 45 udløste
1818 357 67 29 nu
1920 342 160 44 denne
2113 339 202 59 paniske
2349 339 145 46 Nerve-

1357 418 354 59 kortslutning?
1735 420 70 44 De
1827 417 216 47 samlede
2067 416 456 57 Omstændigheder

1357 497 225 56 samtidig
1606 496 89 52 vel,
1724 511 60 29 en
1811 497 275 56 potenseret
2117 493 403 57 Modtagelighed:

1356 574 94 45 den
1497 573 161 57 tidlige
1704 580 257 38 ensomme
2009 571 215 56 Morgen,
2269 571 61 44 de
2376 569 147 46 sidste

1357 651 271 45 smeltende
1670 649 250 54 Hindbær,
1962 648 184 46 Nettets
2187 647 239 46 Størrelse
2465 660 58 43 og

1357 727 232 57 Bygning,
1614 741 108 30 som
1744 737 177 46 sprang
1938 726 14 43 i
1972 724 187 56 Øjnene
2178 724 128 45 fordi
2326 723 80 44 det
2423 723 77 57 tyk-

1356 803 60 44 ke
1432 803 263 56 dugslagne
1711 802 149 57 Spind
1874 816 87 30 var
1973 801 158 45 blevet
2144 801 203 57 ligesom
2362 814 60 31 en
2437 799 86 45 Del

1356 879 52 46 af
1416 879 94 45 den
1524 878 282 57 bestandige
1818 878 211 55 Verden;
2055 891 59 44 og
2131 892 82 32 saa
2227 877 190 56 endelig
2429 877 94 44 den

1356 957 320 57 nævenyttige
1702 954 276 59 Edderkop,
2005 954 172 46 Døden
2203 954 116 54 selv,
2346 953 150 46 Menin-

1355 1046 89 44 gen
1469 1032 113 45 med
1608 1032 78 45 det
1709 1032 121 44 hele.

1418 1110 168 45 Første
1610 1109 134 56 Gang
1761 1108 79 57 jeg
1863 1122 82 30 saa
1971 1108 160 46 Stelen
2156 1107 112 44 med
2291 1107 201 44 Hamura-

1355 1185 75 46 bis
1454 1184 306 58 indhuggede
1777 1184 102 46 Lov
1896 1185 14 43 i
1933 1184 192 46 Louvre
2146 1184 159 44 havde
2316 1183 80 57 jeg
2415 1184 84 43 For-

1356 1263 305 44 nemmelsen
1685 1262 52 45 af
1754 1267 45 39 at
1824 1267 100 40 staa
1949 1277 118 30 over
2089 1262 77 45 for
2188 1265 44 41 et
2258 1262 265 44 Fænomen

1356 1354 107 31 som
1492 1339 97 44 helt
1613 1338 226 57 unddrog
1862 1339 70 56 sig
1944 1338 287 57 Vurdering,
2252 1336 160 46 endda
2431 1336 94 46 den

1356 1420 233 42 nærmest
1624 1415 189 57 lignede
1849 1430 60 31 en
1948 1419 103 42 sort
2086 1415 232 56 afhugget
2356 1415 171 56 Finger

1357 1493 112 45 med
1496 1494 131 56 Negl.
1655 1493 169 44 Denne
1850 1493 123 45 Stele
1999 1491 167 46 kunde
2192 1491 113 45 ikke
2330 1491 195 58 bringes

1356 1570 14 45 i
1384 1569 314 58 Tilknytning
1716 1569 49 44 til
1784 1573 144 52 noget
1947 1583 108 30 som
2075 1568 124 45 helst
2219 1568 142 45 ellers
2377 1568 150 44 kendt

1356 1660 61 45 og
1441 1646 300 55 assimileret,
1766 1645 94 46 den
1888 1646 108 45 stod
2022 1646 99 45 helt
2142 1646 137 45 alene
2302 1645 197 58 indkaps-

1357 1724 64 44 let
1437 1723 14 44 i
1470 1738 60 29 en
1551 1723 208 57 mystisk
1771 1723 133 44 Aura
1921 1723 54 43 af
1990 1721 305 57 uafvendelig
2306 1721 217 46 Visdom.

1359 1801 103 45 Den
1492 1800 158 46 havde
1679 1800 200 57 ligesom
1914 1799 357 58 Spindelvævet
2293 1799 113 45 med
2432 1799 94 45 den

1357 1876 221 57 dødelige
1604 1876 199 57 Hensigt
1825 1890 60 29 en
1912 1875 285 47 Dimension
2224 1876 188 45 udover
2432 1876 93 45 den

1357 1952 403 59 haandgribelige.
1787 1952 156 46 Andet
1966 1952 165 46 kunde
2155 1968 114 29 man
2293 1952 149 58 lægge
2465 1968 60 29 en

1359 2031 265 45 Maalestok
1655 2045 103 43 paa,
1787 2031 98 45 ofte
1916 2031 94 45 den
2043 2035 177 41 største
2249 2031 86 45 der
2366 2045 86 31 var
2481 2035 46 39 at

1356 2107 146 55 finde,
1528 2120 59 44 og
1604 2107 81 57 jeg
1708 2107 246 45 foreholdt
1978 2107 152 57 aldrig
2152 2111 158 52 noget,
2335 2106 87 46 der
2442 2123 85 29 var

1357 2185 80 44 det
1460 2185 149 52 værd,
1631 2185 101 44 min
1756 2184 292 57 Beundring.
2071 2184 111 44 Men
2201 2184 91 45 ved
2315 2184 144 45 Siden
2480 2184 50 44 af

1359 2261 296 46 Hamurabis
1691 2261 225 57 Lovsøjle
1948 2261 111 46 blev
2090 2262 146 56 alting
2264 2261 234 58 besynder-

1356 2337 61 57 lig
1445 2337 285 57 ligegyldigt.
1758 2338 87 45 Det
1873 2352 86 31 var
1985 2337 95 46 den
2109 2338 266 55 stærkeste,
2403 2342 124 41 mest

1356 2415 492 57 gennemtrængende
1863 2415 248 45 Genstand
2128 2431 113 29 man
2255 2416 167 44 kunde
2436 2416 69 44 for-

1356 2506 212 39 nemme,
1608 2506 59 29 en
1704 2491 183 46 saadan
1921 2491 140 46 Aand
2097 2492 52 45 af
2178 2492 80 45 det
2295 2492 138 57 Dybe
2467 2505 60 44 og

1359 2568 171 57 Fjerne
1558 2568 109 45 stod
1695 2568 65 46 ud
1789 2568 70 46 fra
1890 2568 108 46 den.
2025 2570 18 44 I
2075 2570 137 44 Kraft
2240 2570 53 44 af
2315 2571 60 44 sit
2404 2570 92 44 Bud-

1357 2645 121 45 skab
1509 2657 61 45 og
1597 2646 74 44 sin
1695 2646 129 44 vilde
1853 2646 87 54 Ro,
1965 2647 15 43 i
2005 2647 136 45 Kraft
2165 2647 52 45 af
2235 2646 61 46 de
2319 2647 206 55 Tanker,

1357 2722 88 44 der
1472 2722 90 44 har
1587 2726 107 52 søgt
1716 2722 135 44 imod
1877 2722 94 46 den
1996 2736 61 44 og
2080 2723 61 45 de
2165 2723 137 57 Øjne,
2329 2723 88 45 der
2438 2722 89 46 har

1357 2798 148 45 hvilet
1533 2813 89 42 paa
1651 2798 109 55 den,
1791 2799 14 44 i
1835 2799 136 45 Kraft
1992 2801 54 43 af
2065 2799 305 46 Herskerens
2394 2815 107 30 over-

1357 2876 266 57 ordentlige
1648 2876 134 57 Vilje,
1807 2891 109 30 som
1935 2877 113 46 talte
2066 2878 225 56 igennem
2313 2878 109 54 den,
2441 2893 86 30 var

1357 2952 94 44 den
1479 2952 295 54 dæmonisk;
1803 2966 60 44 og
1891 2954 95 45 den
2013 2970 86 30 var
2125 2954 124 46 skøn
2277 2956 127 44 fordi
2431 2954 94 46 den

1356 3043 87 30 var
1465 3028 291 56 dæmonisk,
1782 3029 111 46 ikke
1918 3032 248 46 omvendt.
2174 3057 57 4 —

1417 3106 87 55 Jeg
1530 3121 54 29 er
1610 3106 114 45 inde
1752 3122 91 42 paa
1873 3108 130 45 disse
2033 3109 274 54 svævende,
2338 3108 157 46 inkom-

1356 3182 311 45 mensurable
1702 3183 355 58 Forestillinger
2089 3186 76 44 for
2193 3186 95 57 dog
2316 3189 47 41 at
2391 3186 101 44 kom-

1356 3272 78 30 me
1464 3258 112 44 med
1606 3273 60 31 en
1697 3259 134 57 Slags
1862 3260 287 59 Forklaring
2177 3277 89 43 paa
2293 3263 80 44 det
2400 3263 100 44 ufor-

1356 3334 216 57 klarlige;
1601 3335 112 46 ikke
1744 3337 76 44 for
1848 3342 47 39 at
1926 3338 143 46 albue
2100 3339 99 56 mig
2230 3339 124 46 frem
2384 3341 50 44 til
2464 3354 59 30 en
