2603 3660
93 3528 68 53 42

446 245 341 99 DEN
863 237 868 107 SPIRENDE
1803 237 354 102 STIL

1270 478 69 57 Af

1019 602 222 45 AXEL
1302 600 277 46 SALTO

101 788 162 62 HVIS
294 818 112 29 man
434 814 199 46 spørger
656 802 108 57 mig,
789 802 203 44 hvorfor
1008 800 80 58 jeg
1112 799 141 57 idelig

94 882 186 44 skriver
303 894 80 31 om
409 879 97 57 mig
529 879 101 45 selv
651 891 59 44 og
736 878 237 46 forklarer
990 878 132 57 Ting,
1142 892 107 30 som

94 957 182 45 sikkert
304 955 128 45 uden
464 954 277 57 Pegetinger
765 969 52 31 er
841 954 165 56 yderst
1036 954 63 45 let
1124 954 108 43 fatte-

94 1034 102 56 lige,
216 1048 80 31 saa
322 1032 94 44 kan
434 1032 80 55 jeg
535 1030 102 45 kun
661 1046 156 30 svare:
844 1030 125 45 fordi
991 1030 79 45 det
1093 1044 163 31 morer

94 1110 97 56 mig
211 1113 46 41 at
277 1108 172 46 skrive.
475 1108 88 44 Det
588 1122 163 30 morer
770 1108 97 56 mig
887 1107 192 58 simpelt
1096 1107 94 44 hen
1209 1110 47 41 at

93 1189 135 42 sætte
242 1185 99 45 Ord
359 1198 219 32 sammen
599 1184 48 44 til
665 1184 279 57 Sætninger,
958 1184 199 56 ligesom
1173 1183 80 44 det

94 1278 164 29 morer
270 1261 151 45 andre
434 1265 47 41 at
492 1261 118 45 rafle
623 1261 112 45 med
747 1260 281 57 Tærninger
1039 1260 116 46 eller
1166 1273 87 44 gaa

94 1354 88 42 paa
210 1338 208 44 Bakken.
444 1338 71 56 Og
539 1336 103 46 skal
667 1352 112 29 man
804 1336 162 46 skrive
989 1352 81 30 om
1095 1340 156 54 noget,

93 1430 52 31 er
166 1415 78 45 det
266 1414 321 57 nærliggende
608 1418 47 40 at
671 1414 160 46 skrive
849 1429 81 31 om
952 1414 70 57 sig
1039 1414 115 54 selv,
1174 1413 80 44 det

93 1507 52 30 er
162 1493 89 56 lige
268 1491 64 55 til,
352 1491 79 45 det
449 1494 164 42 eneste
629 1505 113 31 man
759 1490 198 57 virkelig
972 1490 185 45 kender
1173 1505 54 30 no-

93 1571 74 54 get
195 1582 98 30 om.
318 1568 89 44 Det
435 1582 164 30 morer
624 1568 147 44 altsaa
801 1579 59 44 og
887 1566 65 45 alt
978 1582 54 29 er
1053 1566 127 57 godt.
1212 1565 41 46 »I

94 1644 158 45 Kunst
279 1644 95 44 kan
402 1644 142 56 ingen
571 1644 147 44 Alvor
743 1644 172 44 hævde
942 1644 82 56 sig,
1053 1642 198 46 Glæden

93 1736 52 30 er
173 1721 88 45 her
287 1720 93 46 den
411 1720 202 46 sikreste
643 1721 192 45 Fører«.
867 1721 71 45 En
969 1720 285 46 Keramiker

93 1813 89 42 paa
200 1796 236 46 Fabriken
454 1797 145 56 sagde
614 1797 129 58 igaar
756 1797 300 58 fortrydeligt
1071 1797 50 45 til
1137 1797 113 58 mig:

100 1874 93 44 »De
211 1877 129 41 staar
347 1872 54 58 jo
421 1885 60 45 og
497 1874 171 56 leger«.
685 1874 70 53 Ja,
774 1874 86 44 der
878 1874 88 44 har
982 1874 47 44 vi
1048 1872 97 46 det!
1166 1874 88 44 Det

93 1965 85 31 var
191 1954 143 54 netop
348 1950 180 46 saadan
536 1950 80 57 jeg
632 1951 108 45 stod
755 1964 58 44 og
827 1951 79 45 lod
925 1951 137 46 Leret
1074 1955 179 41 smutte

94 2026 192 44 mellem
309 2026 248 57 Fingrene,
576 2026 208 57 Arbejde
803 2040 59 44 og
882 2027 94 57 Leg
992 2043 87 29 var
1095 2026 159 46 blevet

93 2107 87 49 eet,
202 2102 200 59 Lykken
422 2103 15 45 i
458 2119 58 29 en
536 2103 292 46 Nøddeskal.
851 2105 16 44 I
888 2105 158 44 denne
1065 2105 188 57 oplagte

94 2180 251 57 Stemning
367 2180 136 44 fandt
520 2180 79 57 jeg
623 2196 87 42 paa
735 2185 44 40 at
801 2185 134 42 sætte
955 2182 138 56 lange
1114 2181 137 44 Horn

93 2270 89 43 paa
199 2255 223 53 Vaserne,
441 2271 60 29 en
520 2256 308 56 Besoluthed,
848 2271 106 32 som
971 2257 170 57 gjorde
1157 2257 97 56 mig

93 2332 153 45 baade
265 2332 285 57 betænkelig
568 2346 59 43 og
646 2333 221 58 fornøjet.
883 2333 86 58 Jeg
986 2333 155 46 vidste
1160 2333 94 58 dog

96 2408 109 45 med
229 2410 97 55 mig
346 2410 100 44 selv
464 2413 47 41 at
531 2410 94 44 den
649 2410 99 57 Dag
765 2425 86 30 var
869 2410 86 45 der
972 2410 105 45 sket
1095 2415 155 53 noget.

157 2486 95 44 Der
277 2501 51 29 er
354 2486 167 44 blandt
548 2487 156 46 Saltos
732 2487 180 57 Stentøj
942 2504 59 29 en
1030 2488 223 57 Kategori

94 2577 107 31 som
216 2562 92 57 jeg,
329 2562 77 46 for
420 2567 45 41 at
481 2578 128 30 være
627 2567 102 42 stor
743 2580 89 42 paa
849 2565 91 54 det,
958 2565 168 44 kalder
1147 2565 81 44 »ud-

94 2638 94 45 ført
210 2638 15 43 i
249 2638 93 45 den
367 2639 227 56 spirende
618 2639 128 46 Stil«.
774 2641 67 43 Da
867 2639 128 46 disse
1015 2641 207 57 Stykker
1239 2641 14 44 i

94 2714 139 46 deres
248 2714 81 46 Idé
343 2716 226 45 adskiller
580 2717 68 57 sig
661 2717 178 46 aldeles
850 2718 246 56 væsenligt
1109 2718 69 45 fra
1194 2718 59 45 de

93 2791 150 44 andre
262 2792 333 44 ornamentale
615 2793 300 52 Karakterer,
934 2794 63 45 vil
1011 2793 80 57 jeg
1108 2807 146 43 gerne

94 2868 89 44 tale
204 2868 83 44 lidt
305 2883 80 29 om
408 2868 125 46 dem.
552 2869 100 46 Den
671 2871 168 44 riflede
858 2883 58 45 og
935 2871 92 44 den
1044 2871 180 58 knoppe-

94 2944 60 45 de
168 2944 166 45 Manér
350 2944 176 57 bygger
539 2946 184 45 direkte
737 2962 86 43 paa
839 2947 241 45 Naturens
1094 2959 128 45 mang-

94 3019 177 57 foldige
289 3034 134 31 smaa
442 3020 351 59 underfundige
812 3023 337 55 Enkeltheder,
1164 3038 87 43 paa

96 3097 318 57 Erindringen
451 3112 83 30 om
573 3098 285 47 Kastaniens
895 3100 196 58 piggede
1124 3100 126 55 Skal,

94 3188 79 29 om
200 3173 373 57 Agernskaalen,
600 3174 314 60 Eukalyptus,
940 3177 170 54 Olden,
1136 3178 89 44 Ana-

94 3264 88 31 nas
209 3263 59 43 og
298 3250 448 57 Muslingeskallens
773 3253 188 57 Rifling,
989 3253 106 46 hvis
1126 3254 103 45 Prin-

94 3325 74 55 cip
201 3327 282 45 indsmeltes
515 3342 108 30 som
656 3343 59 29 en
746 3329 362 46 unaturalistisk
1140 3346 111 29 men

1345 798 318 58 genkendelig
1681 797 242 45 Funktion
1938 797 13 44 i
1970 795 308 46 Keramiken.
2293 795 86 56 Jeg
2396 795 120 45 føler

1348 877 96 56 mig
1475 875 88 45 her
1594 874 259 46 solidarisk
1885 874 112 45 med
2036 873 215 46 Bernard
2284 872 188 58 Palissy
2502 873 13 44 i

1350 953 102 44 min
1483 952 165 45 Glæde
1668 966 118 30 over
1806 950 130 46 disse
1958 950 243 45 Naturens
2224 949 290 55 Elementer,

1352 1044 113 31 men
1489 1028 248 47 anvender
1754 1027 112 45 dem
1891 1027 301 45 anderledes.
2215 1027 102 44 Den
2339 1027 152 57 spiren-

1352 1105 58 46 de
1425 1105 83 46 Stil
1521 1104 223 46 derimod
1758 1103 155 45 hviler
1925 1103 111 44 ikke
2049 1118 89 43 paa
2152 1101 237 47 isolerede
2405 1101 91 59 lagt-

1350 1183 204 57 tagelser
1578 1183 52 44 af
1653 1183 200 56 Frugter
1880 1193 61 44 og
1969 1179 281 58 Konkyljer.
2278 1180 102 45 Den
2410 1179 87 46 skil-

1348 1259 113 46 drer
1485 1274 60 29 en
1578 1258 286 57 Bevægelse,
1891 1272 61 30 en
1977 1256 179 46 Vækst.
2181 1256 88 46 Det
2297 1272 53 29 er
2374 1256 120 45 saale-

1349 1336 84 46 des
1451 1336 94 45 den
1563 1334 389 60 knopskydende
1969 1334 127 46 Gren
2115 1348 109 32 som
2239 1334 154 44 bliver
2406 1334 83 44 den-

1348 1428 61 30 ne
1437 1413 109 44 Stils
1573 1410 358 47 naturalistiske
1956 1410 289 55 Forbillede,
2270 1410 214 46 Grounde-

1348 1494 84 49 ret,
1457 1494 47 41 at
1527 1489 88 46 der
1637 1504 53 31 er
1712 1493 46 40 et
1781 1488 138 45 indre
1945 1489 115 44 Pres
2085 1488 13 44 i
2121 1488 228 58 Tingene,
2374 1491 145 54 noget

1347 1571 209 52 trænger
1578 1566 70 56 sig
1671 1580 90 43 paa
1785 1580 106 31 som
1918 1565 64 46 vil
2007 1565 79 46 ud.
2111 1565 97 44 Paa
2228 1565 95 44 den
2347 1564 171 45 Maade

1347 1658 53 30 er
1413 1642 86 46 der
1518 1642 164 45 udført
1696 1641 161 54 Vaser,
1872 1642 87 45 der
1973 1642 199 58 ligesom
2191 1645 130 42 staar
2333 1653 60 45 og
2406 1640 84 46 vok-

1348 1734 79 30 ser
1451 1734 89 43 paa
1569 1720 175 51 Stedet,
1771 1719 80 45 det
1876 1719 181 58 brydes
2083 1720 14 43 i
2121 1719 129 52 dem,
2275 1730 60 45 og
2359 1717 159 46 denne

1350 1796 360 59 Bevægelighed
1735 1796 13 45 i
1770 1796 182 46 Vasens
1979 1796 137 46 Sider
2138 1809 89 44 gør
2248 1809 146 44 ogsaa
2417 1795 77 46 Gla-

1348 1888 146 30 suren
1513 1872 216 52 levende,
1745 1874 99 44 idet
1860 1874 94 44 den
1974 1874 184 57 tvinges
2177 1872 51 46 til
2246 1876 47 41 at
2312 1872 207 45 fortætte

1348 1950 70 57 sig
1436 1950 115 44 eller
1569 1950 103 57 vige
1693 1950 230 46 udenom.
1946 1950 175 46 Derfor
2135 1950 179 57 bruger
2326 1949 81 58 jeg
2422 1952 73 42 net-

1348 2041 62 43 op
1436 2026 180 57 Stentøj
1643 2026 50 44 til
1712 2026 131 46 disse
1867 2027 218 45 Motiver.

1411 2105 89 44 Det
1514 2105 157 57 spirer
1684 2105 149 44 altsaa
1851 2105 330 57 foraarsagtigt
2199 2105 65 44 ud
2281 2105 52 44 af
2345 2103 171 55 Vasen,

1348 2181 133 44 Livet
1502 2185 208 53 trænger
1730 2182 70 56 sig
1820 2196 105 43 paa,
1946 2196 113 31 men
2082 2182 246 45 hvornaar
2349 2181 104 46 skal
2473 2181 46 44 vi

1348 2257 197 45 standse
1569 2257 256 46 Væksten?
1850 2257 17 46 I
1894 2258 169 45 Haven
2090 2257 158 46 folder
2272 2257 163 46 Kviste
2459 2270 60 44 og

1350 2333 148 46 Blade
1518 2335 70 56 sig
1610 2335 63 44 ud
1697 2335 52 44 af
1766 2335 207 54 Grenen,
1992 2349 62 44 og
2072 2335 46 45 vi
2135 2335 179 45 skaber
2325 2335 54 57 jo
2398 2335 14 44 i
2431 2335 59 45 Na-

1348 2415 168 42 turens
1550 2411 152 56 Aand,
1739 2413 205 46 medens
1975 2413 157 46 Vasen
2168 2413 89 45 har
2290 2413 74 45 sin
2399 2425 119 46 egen

1350 2488 113 45 Lov.
1484 2488 99 45 Lad
1603 2504 55 30 os
1678 2490 61 44 da
1759 2490 125 57 følge
1903 2490 93 45 den
2018 2490 257 58 übændige
2295 2490 124 45 Vaar
2436 2505 83 30 saa

1348 2565 129 55 langt
1500 2565 79 44 det
1602 2580 53 30 er
1678 2566 183 57 muligt.
1886 2566 101 45 Lad
2011 2567 95 44 den
2130 2567 228 57 spirende
2384 2567 135 44 Kraft

1348 2641 99 45 slaa
1476 2642 64 44 ud
1568 2642 49 44 til
1643 2643 91 45 alle
1761 2643 151 54 Sider,
1937 2645 47 44 vi
2011 2645 220 57 forsøger
2257 2648 47 41 at
2326 2657 86 45 gaa
2436 2658 83 32 saa

1348 2718 129 57 langt
1500 2719 113 45 med
1637 2719 46 46 vi
1707 2725 89 50 tør,
1822 2725 147 54 netop
1993 2736 81 30 saa
2098 2722 131 57 langt
2252 2726 47 40 at
2323 2722 168 44 Forhol-

1349 2794 79 45 det
1444 2796 196 44 mellem
1660 2796 186 47 Vasens
1867 2797 158 46 Kerne
2049 2811 60 44 og
2134 2798 225 46 Kraftens
2380 2798 138 45 Horn

1348 2871 112 45 ikke
1483 2872 228 47 kommer
1735 2874 65 45 ud
1824 2874 54 45 af
1895 2874 252 59 Ligevægt,
2167 2874 180 47 saadan
2372 2881 44 39 at
2439 2876 80 44 det

1348 2948 107 46 hele
1480 2949 119 46 føles
1625 2951 226 58 naturligt
1874 2952 12 44 i
1912 2951 278 47 Materialet.
2217 2953 89 45 Det
2330 2952 189 46 kræver

1348 3039 58 30 en
1429 3024 188 46 haarfin
1644 3027 368 47 Fornemmelse
2035 3029 14 44 i
2074 3028 442 60 Fingerspidserne,

1348 3102 60 44 da
1430 3102 79 44 det
1532 3107 146 54 netop
1701 3118 53 31 er
1777 3104 80 45 det
1881 3106 149 44 sidste
2054 3106 95 45 lille
2170 3107 232 56 »længere
2424 3106 87 45 ud«

1349 3179 87 45 der
1469 3179 217 57 betinger
1719 3180 368 49 Kunstværkets
2119 3184 265 57 afgørende
2420 3184 74 45 Dri-

1348 3257 201 56 stighed.
1577 3257 87 44 Det
1691 3262 128 40 staar
1842 3272 61 44 og
1926 3259 155 46 falder
2104 3276 88 42 paa
2217 3276 61 29 en
2303 3260 189 46 Millime-

1347 3335 85 44 ter.
1455 3333 63 44 Er
1537 3333 264 47 Materialet
1818 3335 322 47 overbelastet
2157 3338 14 43 i
2190 3338 129 46 disse
2339 3338 154 56 spiren-
