2603 3660
123 3533 68 54 56

122 280 299 118 DEN
512 277 201 120 NY
792 267 707 125 REALISME

564 619 83 68 Af
658 617 222 55 Fernand
902 621 146 64 Léger

122 887 182 58 HVER
325 901 260 50 Kunstepoke
605 900 70 39 har
694 902 51 37 sit
764 900 193 48 Særpræg
976 912 52 34 og
1047 903 103 32 staar
1164 908 102 24 mere

117 964 90 39 eller
227 963 152 39 mindre
400 965 13 37 i
434 961 121 40 Gæld
574 961 44 39 til
638 960 198 40 Fortiden.
861 960 101 38 Man
986 971 176 35 reagerer
1181 955 63 39 her-

117 1024 109 40 imod
249 1024 90 39 eller
358 1024 212 38 fortsætter
590 1021 50 40 ad
660 1036 147 24 samme
829 1021 121 37 Linie.

170 1087 61 38 De
256 1086 216 48 primitives
499 1083 195 39 Realisme
722 1097 38 24 er
785 1080 93 40 ikke
905 1080 77 39 den
1009 1094 146 24 samme
1183 1092 87 24 som

118 1148 325 42 Renaissancens,
469 1159 51 35 og
547 1143 224 40 Delacroix'
798 1157 39 24 er
864 1139 222 41 diametralt
1111 1137 159 40 modsat

119 1210 147 47 Ingres.

166 1270 81 36 Det
261 1284 38 22 er
314 1266 169 49 umuligt
497 1273 39 32 at
550 1264 170 40 forklare
735 1263 164 40 hvorfor
915 1278 51 33 og
981 1260 193 40 hvordan.
1187 1261 81 37 Det

117 1329 248 38 fornemmes.
392 1329 68 47 Og
481 1325 274 49 Forklaringer
783 1324 181 39 risikerer
990 1329 40 33 at
1052 1320 215 51 forplumre

118 1390 178 48 Tingene
321 1404 103 23 mere
452 1387 77 39 end
555 1394 40 32 at
620 1385 150 50 oplyse.
797 1386 100 38 Men
930 1383 67 40 det
1025 1383 123 49 ligger
1178 1382 90 44 fast,

117 1458 38 32 at
170 1450 68 39 der
251 1449 93 40 ikke
359 1449 132 39 findes
506 1464 46 23 en
566 1447 137 50 typisk
719 1445 201 46 Skønhed,
935 1460 47 24 en
996 1444 132 49 højere
1145 1442 100 39 Skøn-

118 1511 91 45 hed,
243 1526 86 23 som
361 1509 106 40 vilde
501 1508 133 40 kunne
668 1509 103 48 tjene
806 1522 88 23 som
927 1507 222 42 Rettesnor,
1184 1518 86 24 som

120 1572 224 48 Grundlag,
369 1586 87 23 som
479 1567 332 52 Udgangspunkt
833 1568 62 38 for
920 1564 350 50 Sammenligning.

120 1635 82 37 Der
220 1648 38 24 er
275 1632 93 40 ikke
386 1638 131 42 noget,
536 1630 69 40 der
623 1632 108 47 giver
750 1629 76 39 den
846 1626 202 41 skabende
1068 1628 203 37 Kunstner

119 1696 83 37 Lov
220 1694 56 45 til,
296 1708 92 24 naar
406 1692 78 40 han
503 1692 83 39 faar
604 1690 169 40 Tvivlen
791 1692 13 37 i
823 1691 50 37 sit
892 1690 152 48 Hjerte,
1064 1694 39 32 at
1121 1686 149 40 klamre

119 1758 62 46 sig
200 1755 44 40 til
266 1770 46 23 en
334 1753 179 50 tidligere
536 1752 177 40 Periode.
738 1753 93 37 Han
852 1765 89 24 maa
962 1748 110 39 finde
1094 1750 61 47 sig
1176 1748 12 38 i
1210 1748 61 37 sin

120 1816 181 39 Skæbne.
322 1817 81 37 Det
423 1830 38 24 er
481 1814 77 39 den
578 1820 103 32 store
701 1810 241 41 Ensomhed.

171 1879 80 37 Det
279 1878 149 37 Drama
454 1875 70 39 har
551 1873 72 40 alle
651 1872 244 40 Mennesker
923 1871 168 49 oplevet,
1118 1884 87 24 som
1233 1884 39 24 er

121 1938 112 40 dømt
251 1937 45 39 til
316 1944 38 32 at
374 1936 178 50 opfinde,
573 1934 122 40 skabe
717 1949 52 34 og
788 1933 245 39 konstruere.

171 1998 209 39 Skolernes
400 1996 82 50 Fejl
501 2011 38 24 er
558 2002 39 33 at
614 1995 98 39 have
732 1993 110 40 villet
859 1999 150 43 oprette
1029 1999 37 32 et
1084 1989 186 41 Hierarki

119 2060 62 38 for
202 2058 224 39 Kvaliteten
450 2056 98 50 (den
570 2055 206 41 italienske
799 2056 264 37 Renaissance
1086 2053 60 38 for
1171 2051 75 39 Eks-

121 2119 145 50 empel)
278 2137 7 27 ;
313 2119 66 39 det
398 2134 39 24 er
458 2117 266 49 uforsvarligt.

169 2180 224 40 Realismen
407 2179 151 45 skifter,
573 2178 106 40 fordi
694 2180 253 37 Kunstneren
961 2178 104 38 lever
1079 2179 12 37 i
1106 2176 146 40 forskel-

120 2242 76 49 lige
217 2240 169 51 Epoker,
406 2242 13 37 i
440 2247 36 32 et
496 2247 71 42 nyt
586 2239 119 50 Miljø
727 2254 52 34 og
798 2241 12 36 i
832 2254 45 24 en
899 2239 127 39 almen
1047 2238 200 39 Tankever-

122 2303 89 45 den,
228 2317 85 24 som
328 2301 212 39 behersker
557 2315 52 35 og
623 2300 203 39 indvirker
842 2314 75 35 paa
931 2299 99 39 hans
1047 2299 134 39 Aand.

169 2367 55 37 Vi
238 2365 70 39 har
323 2367 12 37 i
351 2372 37 32 et
401 2364 109 40 halvt
524 2363 294 40 Aarhundrede
833 2364 103 38 levet
950 2366 12 36 i
979 2378 47 24 en
1042 2362 138 51 yderst
1194 2364 59 38 fro-

122 2426 69 49 dig
214 2426 92 45 Tid,
329 2428 61 47 rig
411 2440 74 35 paa
509 2424 314 50 videnskabelig,
848 2424 203 39 filosofisk
1076 2439 53 34 og
1152 2423 121 40 social

122 2486 236 49 Udvikling.
386 2488 80 37 Det
489 2486 82 45 har,
593 2493 82 31 tror
698 2488 76 46 jeg,
798 2484 181 40 bevirket
1007 2484 77 40 den
1113 2500 56 34 ny
1196 2486 50 37 Re-

120 2547 148 45 alisme,
296 2547 68 39 der
390 2562 38 24 er
454 2546 200 49 temmelig
680 2545 208 50 forskellig
910 2547 59 38 fra
993 2545 73 40 alle
1090 2545 180 50 tidligere

120 2608 200 48 billedlige
341 2607 302 49 Forestillinger.

172 2670 81 38 Det
279 2684 39 24 er
345 2670 357 48 Impressionisten,
729 2668 69 39 der
823 2667 71 40 har
921 2667 148 40 »brudt
1095 2668 178 49 Linjen«.

122 2731 95 37 Især
237 2730 199 44 Cezanne;
457 2729 48 39 de
522 2729 188 39 moderne
728 2728 152 40 Malere
897 2728 70 40 har
986 2728 103 49 fulgt
1106 2729 96 40 efter
1221 2743 51 34 og

121 2790 274 49 understreget
419 2790 255 49 Frigørelsen.
699 2792 54 37 Vi
776 2789 70 39 har
870 2790 155 49 frigjort
1047 2792 150 37 Farven
1221 2804 51 34 og

123 2851 76 38 den
217 2850 260 50 geometriske
493 2853 126 37 Form.
637 2852 81 37 Det
731 2850 69 39 har
816 2850 153 39 erobret
985 2850 174 39 Verden.
1180 2851 91 38 Den

123 2926 54 35 ny
209 2912 195 38 Realisme
440 2911 70 39 har
538 2911 264 49 fuldstændig
828 2910 212 40 behersket
1070 2911 48 39 de
1148 2911 123 39 sidste

122 2971 201 40 halvtreds
339 2972 96 45 Aar,
451 2972 130 39 saavel
596 2974 12 37 i
625 2971 332 46 Staffelibilleder,
974 2987 87 24 som
1077 2974 11 37 i
1107 2971 142 40 dekora-

122 3034 56 37 tiv
196 3034 133 37 Kunst
345 3047 74 34 paa
440 3033 143 39 Gaden
604 3048 52 34 og
675 3035 12 37 i
708 3034 177 38 Husene.

172 3098 54 37 Vi
242 3112 38 23 er
294 3098 12 37 i
322 3096 123 40 Stand
459 3096 45 40 til
518 3104 39 32 at
571 3096 121 40 skabe
708 3112 52 35 og
773 3097 263 50 virkeliggøre
1053 3104 36 32 et
1104 3105 71 42 nyt
1189 3096 64 39 kol-

123 3157 140 39 lektivt
289 3157 250 49 Vægmaleri.
568 3160 55 37 Vi
649 3165 135 32 venter
811 3157 84 40 kun
922 3172 75 35 paa
1026 3158 77 39 den
1131 3157 143 39 sociale

125 3220 39 36 U
169 3218 192 49 dvikling.

173 3281 86 37 Vor
278 3279 118 49 Smag
414 3294 52 34 og
483 3294 114 23 vores
616 3279 252 39 Traditioner
887 3294 92 34 gaar
997 3279 146 49 tilbage
1162 3279 44 39 til
1227 3279 47 39 de

123 3342 194 46 primitive
334 3355 52 33 og
400 3339 186 49 folkelige
603 3341 223 37 Kunstnere
843 3340 61 38 før
920 3341 304 37 Renaissancen.

1417 892 81 37 Det
1513 904 39 25 er
1567 889 60 39 fra
1641 889 307 42 Renaissancen,
1964 892 39 32 at
2018 884 207 40 Maleriets
2243 882 261 40 Individualis-

1366 967 61 24 me
1451 958 197 37 stammer,
1672 964 52 34 og
1745 950 66 47 jeg
1832 954 82 32 tror
1937 946 107 45 ikke,
2069 945 68 39 det
2159 944 80 39 kan
2262 958 104 25 være
2390 943 44 39 til
2457 958 46 23 no-

1366 1028 75 33 gen
1461 1014 127 47 Nytte
1608 1017 39 32 at
1665 1025 40 24 se
1724 1009 45 39 til
1788 1008 78 39 den
1887 1007 105 45 Side,
2011 1006 88 39 hvis
2118 1008 40 37 vi
2176 1004 147 40 ønsker
2342 1011 39 32 at
2399 1003 106 40 virke-

1366 1073 150 49 liggøre
1542 1087 53 34 og
1620 1071 120 49 forny
1766 1076 36 33 et
1827 1068 177 49 nutidigt
2029 1066 212 40 kollektivt
2267 1081 52 34 og
2345 1064 184 50 folkeligt

1366 1132 254 51 Vægmaleri.

1415 1198 132 38 Vores
1568 1195 80 39 Tid
1670 1210 38 23 er
1729 1196 61 48 rig
1809 1208 77 35 paa
1907 1193 100 45 Stof,
2029 1193 101 38 først
2150 1207 53 33 og
2223 1191 204 39 fremmest
2447 1190 61 50 pla-

1367 1258 114 45 stisk,
1502 1257 69 39 der
1591 1256 79 40 kan
1692 1255 130 39 skaffe
1844 1270 44 23 os
1910 1253 284 39 Elementerne.

1418 1329 99 37 Men
1541 1326 271 50 ulykkeligvis
1842 1325 83 39 faar
1950 1324 141 40 Folket
2114 1323 94 39 ikke
2237 1322 143 40 Glæde
2404 1322 124 45 heraf,

1369 1388 52 40 da
1446 1388 48 40 de
1518 1404 76 33 nye
1618 1387 144 39 sociale
1784 1385 352 49 Forudsætninger
2157 1383 93 40 ikke
2272 1399 39 24 er
2331 1383 45 40 til
2397 1382 130 40 Stede.

1418 1462 71 47 Jeg
1510 1459 54 39 vil
1587 1473 140 25 nævne
1751 1457 175 40 Fritiden
1950 1482 13 4 -
1989 1457 299 49 Organisation,
2312 1454 216 49 Mulighed

1368 1522 62 38 for
1451 1520 125 40 Fritid
1598 1520 62 39 for
1681 1518 251 51 Arbejderne
1955 1543 13 4 -
1992 1517 68 40 det
2082 1532 52 31 er,
2156 1524 81 32 tror
2258 1518 77 47 jeg,
2359 1515 67 40 det
2446 1517 63 47 vig-

1367 1585 117 47 tigste
1508 1581 134 39 Punkt
1663 1583 12 36 i
1699 1579 106 40 dette
1830 1581 179 38 Causeri.
2032 1578 73 40 Alt
2128 1578 203 48 afhænger
2356 1576 113 49 deraf
2487 1609 40 6 ...

1420 1654 62 37 De
1497 1651 100 40 Folk
1613 1666 87 24 som
1713 1651 83 39 selv
1809 1650 87 39 hele
1912 1651 144 48 Dagen
2070 1651 185 47 igennem
2270 1647 260 50 frembringer

1368 1712 389 50 Fabriksgenstande
1773 1714 12 37 i
1799 1727 91 24 rene
1906 1713 154 43 Farver,
2074 1712 12 38 i
2102 1709 214 41 afsluttede
2332 1711 171 43 Former,
2519 1710 11 37 i

1369 1776 200 47 nøjagtige
1602 1772 126 46 Maal,
1758 1772 71 40 har
1861 1771 169 40 allerede
2060 1770 169 40 erkendt
2260 1770 49 39 de
2338 1769 191 50 virkelige

1369 1834 190 50 plastiske
1577 1833 233 40 Elementer.
1832 1832 84 40 Ide
1935 1832 189 50 folkelige
2147 1830 291 41 Danselokaler
2456 1832 56 38 fin-

1371 1896 69 39 der
1455 1910 92 24 man
1562 1894 320 51 Flyvepropeller
1899 1909 87 24 som
2003 1894 224 39 Ornament
2243 1907 75 35 paa
2334 1894 195 47 Væggen.

1369 1957 92 39 Alle
1481 1972 120 34 synes
1623 1956 68 39 det
1710 1971 38 24 er
1765 1955 148 46 smukt,
1930 1971 52 34 og
1999 1955 106 39 disse
2126 1953 200 51 Propeller
2344 1969 39 24 er
2401 1959 130 43 meget

1369 2025 69 32 tæt
1456 2018 107 49 opad
1581 2019 105 37 visse
1706 2016 190 40 moderne
1919 2016 246 50 Skulpturer.

1421 2089 83 38 Der
1519 2087 87 40 skal
1621 2087 93 40 ikke
1730 2095 130 43 meget
1874 2087 57 47 til,
1946 2094 39 33 at
2001 2087 48 40 de
2067 2086 99 40 Folk
2182 2086 99 40 føler
2296 2102 53 34 og
2364 2087 169 38 forstaar

1371 2149 77 39 den
1467 2165 76 34 nye
1563 2149 211 46 Realisme,
1793 2164 87 24 som
1898 2148 71 40 har
1988 2151 61 37 sin
2069 2148 243 49 Oprindelse
2331 2150 12 36 i
2364 2147 67 40 det
2450 2162 54 23 mo-

1371 2210 120 40 derne
1516 2212 83 44 Liv,
1622 2213 13 36 i
1660 2211 87 39 dets
1771 2209 155 51 stadige
1951 2211 269 43 Fænomener,
2244 2211 12 37 i
2281 2207 250 51 Indflydelse

1370 2272 59 39 fra
1451 2271 414 40 fabriksfremstillede
1888 2287 51 34 og
1962 2270 263 50 geometriske
2250 2269 249 45 Genstande,
2521 2271 12 37 i

1371 2348 47 24 en
1440 2333 266 50 Ombytning,
1725 2332 100 39 hvor
1847 2331 315 50 Indbildningen
2182 2347 54 34 og
2256 2331 67 39 det
2342 2330 189 50 virkelige

1370 2394 171 50 krydses
1561 2409 52 35 og
1631 2393 254 46 indblandes,
1903 2408 91 24 men
2013 2392 99 40 hvor
2131 2407 92 25 man
2241 2392 71 39 har
2331 2391 203 40 fordrevet

1371 2455 36 39 al
1423 2454 160 40 litterær
1599 2470 52 35 og
1666 2454 266 40 beskrivende
1951 2453 342 45 Sentimentalitet,
2311 2453 37 40 al
2366 2454 140 38 Drama-

1371 2516 71 46 tik,
1466 2532 87 23 som
1576 2516 163 39 hævder
1763 2515 122 40 andre
1909 2515 182 50 poetiske
2117 2515 91 39 eller
2232 2514 183 40 litterære
2441 2515 69 38 Ret-

1371 2577 245 50 ningslinjer.

1423 2649 91 39 Den
1527 2648 191 39 moderne
1733 2647 252 46 Arkitektur,
2001 2647 69 39 der
2084 2646 97 40 kom
2194 2646 45 40 til
2252 2646 165 40 Verden
2433 2660 75 25 sam-

1369 2725 91 23 men
1480 2709 93 39 med
1595 2709 66 39 det
1681 2708 190 40 moderne
1893 2708 158 46 Maleri,
2073 2710 109 48 giver
2204 2708 91 39 dem
2316 2706 217 50 Mulighed

1371 2770 63 38 for
1456 2785 47 24 en
1524 2769 221 46 Eksistens,
1769 2769 70 40 der
1862 2785 39 23 er
1922 2769 188 49 uendelig
2129 2768 122 40 bedre
2274 2784 52 34 og
2346 2783 104 25 mere
2474 2783 38 24 ra-

1371 2831 135 45 tionel,
1525 2831 77 39 end
1620 2833 12 37 i
1649 2830 182 50 tidligere
1849 2830 252 40 Arkitektur.

1421 2901 372 39 Kommuneskolen
1818 2904 12 36 i
1852 2901 186 50 Villejuif
2060 2902 40 39 af
2120 2901 143 39 André
2286 2902 144 47 Lurgat
2454 2915 52 24 me-

1372 2978 69 24 ner
1456 2966 65 47 jeg
1538 2978 38 24 er
1595 2970 37 32 et
1648 2962 99 50 godt
1764 2962 224 51 Eksempel.

1424 3036 83 37 Der
1524 3049 38 24 er
1576 3034 132 39 blevet
1723 3033 217 50 Mulighed
1956 3035 63 38 for
2035 3042 37 32 et
2088 3034 121 39 andet
2225 3035 72 38 Liv
2313 3034 62 38 for
2390 3032 120 51 Arbej-

1374 3095 119 39 derne
1510 3095 77 39 ved
1606 3095 48 39 de
1672 3102 40 32 to
1730 3102 104 33 store
1852 3096 117 48 Ting,
1987 3110 87 25 som
2090 3097 39 37 vi
2146 3095 80 39 kan
2243 3094 121 40 takke
2381 3094 35 39 le
2436 3095 73 38 Cor-

1371 3156 133 40 busier
1520 3157 77 38 for:
1616 3157 92 38 Den
1724 3171 91 24 rene
1831 3158 98 37 Mur
1945 3171 52 35 og
2013 3157 131 48 Lyset.
2162 3158 101 37 Man
2281 3156 87 39 skal
2385 3156 147 38 forstaa

1374 3224 39 32 at
1432 3216 155 51 betjene
1609 3219 60 48 sig
1691 3216 124 47 deraf,
1835 3216 120 40 holde
1977 3218 41 38 af
2039 3217 67 39 det
2127 3232 53 35 og
2199 3216 94 40 ikke
2314 3216 153 40 trække
2490 3231 43 24 os

1372 3277 150 50 bagud,
1540 3277 78 40 ved
1637 3285 38 32 at
1693 3280 211 47 paatvinge
1924 3293 44 23 os
1990 3277 146 46 Klude,
2156 3279 170 48 Tapeter
2346 3293 53 35 og
2417 3277 117 39 malet

1375 3341 116 45 Papir
1505 3340 59 38 fra
1583 3340 106 38 1900.
