3479 4424
1672 145 107 52 407

113 295 144 48 sehen
300 295 207 56 Zuaven,
557 307 50 34 so
649 290 106 51 dass
797 290 73 51 die
922 288 305 53 Gesellschaft
1270 287 80 51 des
1401 290 286 52 frankfurter

111 374 227 50 Theaters
384 372 84 50 mit
507 370 196 67 eigenen
733 371 196 50 Kräften
960 368 112 53 325
1106 368 361 69 Vorstellungen
1507 371 177 50 lieferte

113 454 80 67 (im
226 454 193 66 vorigen
449 451 144 50 Jahre
625 448 149 69 305).

230 535 170 47 Davon
444 548 160 33 waren
647 528 113 51 280
799 528 62 49 im
902 527 334 52 Abonnement
1278 528 95 50 und
1524 546 160 33 ausser

1266 587 7 9 s

115 611 354 58 Abonnement,
510 626 50 33 so
605 608 105 51 dass
745 607 74 50 die
849 606 315 53 Abonnenten
1206 607 73 52 30
1324 608 360 69 Vorstellungen

112 691 135 50 mehr
277 690 241 51 erhielten.

229 789 52 48 In
310 786 159 51 diesen
501 784 111 53 325
647 784 461 52 Theater-Abenden
1138 785 197 51 wurden
1367 784 236 68 gegeben:

317 865 107 52 120
454 864 330 52 verschiedene
813 865 172 50 Stücke
1124 865 79 67 (im
1230 884 36 32 v.
1296 868 42 48 J.
1376 866 125 66 118)

348 945 73 50 49
609 981 19 21 „
814 944 163 67 Opern
1120 942 17 69 (
1178 984 17 21 „
1283 984 18 18 „
1414 945 91 66 51)

353 1022 68 51 18
612 1061 18 19 „
816 1024 257 67 Singspiele
1117 1024 15 67 (
1174 1063 18 20 „
1278 1063 19 19 „
1449 1022 51 69 6)

108 1120 273 35 zusammen
412 1103 95 49 also
545 1100 106 52 187
684 1104 327 49 verschiedene
1040 1105 173 50 Stücke
1245 1104 94 49 und
1369 1104 181 67 Opern.

230 1212 48 47 In
310 1209 92 51 den
430 1210 320 50 sämmüichen
780 1210 361 68 Vorstellungen
1174 1209 193 51 wurden
1400 1209 241 69 gegeben:

592 1288 106 52 133
732 1290 94 50 Mal
864 1290 183 67 Opern,

626 1369 72 51 55
775 1409 19 20 „
861 1370 276 68 Singspiele,

626 1447 72 52 43
775 1489 19 17 „
864 1448 287 69 Tragödien,

628 1527 67 52 31
778 1567 19 21 „
865 1529 319 66 Schauspiele,

595 1607 108 49 144
780 1647 19 19 „
866 1608 273 67 Lustspiele.

233 1687 103 49 Von
379 1685 89 50 den
498 1685 206 50 Stücken
747 1685 196 51 wurden
979 1687 67 51 18
1090 1704 105 32 zum
1239 1694 153 44 ersten
1421 1688 125 48 Male
1585 1685 93 51 und

126 1767 58 48 15
217 1782 93 33 neu
339 1764 245 51 einstudirt
615 1765 226 68 gegeben.

231 1845 105 49 Von
365 1844 90 50 den
485 1845 163 66 Opern
677 1845 95 49 und
795 1845 291 68 Singspielen
1117 1844 195 51 wurden
1340 1845 27 50 7
1396 1863 103 32 zum
1524 1853 153 43 ersten

111 1924 123 50 Male
263 1924 97 50 und
391 1924 28 48 7
455 1942 91 32 neu
571 1924 243 50 einstudirt
835 1925 237 68 gegeben:
1103 1927 108 48 Don
1228 1927 230 67 Pasquale
1476 1925 51 68 (5
1545 1927 132 66 Mal),

113 2004 97 48 Der
239 2004 259 48 Trovatore
529 2002 50 67 (5
612 2003 131 67 Mal),
792 2004 337 50 Weibertreue
1161 2003 103 66 (von
1298 2007 54 48 G.
1383 2005 226 60 Schmidt,
1642 2005 31 51 3

108 2080 134 68 Mal),
278 2083 97 48 Das
407 2083 202 48 Concert
637 2099 72 32 am
741 2083 123 49 Hofe
896 2082 50 66 (3
979 2083 131 67 Mal),
1152 2085 101 47 Der
1280 2084 312 51 Unsichtbare
1623 2084 45 66 (1

112 2163 131 65 Mal),
299 2163 101 48 Der
430 2160 369 51 Actienbudiker
830 2163 91 63 (10
954 2162 131 67 Mal),
1142 2164 535 51 Tannhäuser-Parodie

111 2257 87 32 von
229 2240 201 66 Nestroy
459 2239 95 50 und
583 2239 175 50 Binder
789 2239 89 67 (12
911 2239 113 67 Mal)
1058 2259 42 32 u.
1132 2258 33 33 s.
1197 2258 57 33 w.

229 2337 107 49 Von
365 2336 90 50 den
484 2337 206 49 Stücken
733 2337 97 49 und
859 2338 289 68 Singspielen
1193 2356 160 33 waren
1391 2339 74 51 40
1495 2341 152 49 Ueber-

107 2422 254 61 setzungen
400 2416 97 49 und
529 2417 71 49 95
634 2417 184 51 Werke
859 2418 241 66 folgender
1148 2417 249 52 deutscher
1434 2421 243 49 Autoren:

110 2496 198 66 Angely,
352 2496 300 58 Bauernfeld,
701 2496 225 58 Benedix,
979 2498 84 48 Ch.
1094 2497 373 61 Birch-Pfeiffer,
1518 2500 155 59 Blum,

108 2574 308 66 Brachvogel,
471 2574 381 60 Deinhardstein,
910 2576 278 61 Feldmann,
1246 2578 174 59 Genee,
1473 2578 202 60 Görner,

108 2654 172 58 Göthe,
311 2653 246 60 Gutzkow,
587 2656 307 58 Hallenstein,
927 2657 158 58 Halm,
1118 2657 316 60 Hackländer,
1475 2658 200 60 Hersch,

107 2732 225 61 llolbein,
361 2734 174 58 Holtei,
565 2734 162 59 Holm,
757 2734 189 60 IfTiand,
978 2736 205 59 Kalisch,
1214 2737 163 58 Kleist,
1415 2737 259 60 Kotzebue,

108 2811 181 59 Laube,
318 2812 209 58 Lebrun,
557 2812 223 60 Lederer,
809 2814 211 67 Lessing,
1051 2814 158 59 Malsz,
1237 2816 192 58 Maltitz,
1457 2817 217 67 Nestroy,

107 2892 143 57 Plötz,
300 2892 208 49 Prinzess
538 2911 86 30 von
656 2893 222 59 Sachsen,
932 2894 205 59 Puttlitz,
1193 2894 173 60 Räder,
1423 2897 250 67 Raupach,

106 2971 212 58 Schiller,
337 2972 231 66 Schlegel,
592 2972 180 61 Scholz,
792 2973 189 68 Töpfer,
1006 2974 382 60 Weissenthurn,
1413 2974 262 54 Wilhelmi.

231 3076 105 48 Von
366 3076 90 50 den
487 3077 338 66 aufgeführten
855 3080 164 66 Opern
1048 3096 163 35 waren

427 3156 71 50 22
530 3174 86 32 von
647 3156 254 51 deutschen
934 3159 348 66 Componisten,

432 3235 66 48 12
569 3274 17 18 „
652 3236 316 50 französichen
1101 3277 17 18 „

431 3314 67 49 15
568 3353 18 19 „
648 3314 333 59 italiänischen,
1011 3315 95 49 und
1134 3334 127 33 zwar
1291 3335 85 32 von

106 3394 269 48 Beethoven
405 3392 52 60 2,
489 3394 184 49 Flotow
699 3392 51 59 3,
783 3394 147 49 Gluck
963 3396 44 56 1,
1038 3396 230 51 Kreutzer
1294 3396 52 61 3,
1377 3399 221 64 Lortzing
1623 3397 54 59 9,

106 3471 330 51 Mendelssohn
468 3472 52 59 2,
550 3471 277 67 Meyerbeer
858 3472 50 60 6,
939 3474 181 49 Mozart
1156 3475 66 51 15
1250 3474 126 67 (Don
1392 3476 142 59 Juan,
1559 3477 87 47 Ent-

107 3551 231 67 führung,
367 3552 192 68 Figaro,
582 3554 146 55 Titus,
752 3552 342 68 Zauberflöte),
1124 3555 212 51 Schmidt
1362 3555 52 60 3,
1444 3556 155 67 Spohr
1625 3554 52 61 3,

110 3631 219 66 Wagner
358 3632 53 59 4,
442 3631 186 51 Weber
657 3631 33 50 6
720 3632 124 59 Mal;

220 3710 155 51 Adam
407 3711 50 60 6,
488 3711 166 52 Auber
689 3711 87 61 14,
817 3714 242 50 Boieldieu
1091 3717 51 58 4,
1193 3715 258 52 Gherubini
1489 3715 31 49 9
1556 3716 87 64 (Me-

102 3789 89 49 dea
224 3790 25 48 7
286 3790 131 67 Mal),
450 3791 175 69 Halevy
661 3792 47 59 1,
738 3792 160 50 Mehul
931 3792 31 52 3
996 3795 121 57 Mal;

220 3871 164 50 Beliini
417 3872 51 54 6,
496 3871 232 52 Donizetti
766 3872 86 61 19,
893 3874 180 50 Rossini
1108 3875 49 58 £j,
1199 3875 214 74 Spontini
1446 3874 52 62 3,
1533 3872 142 52 Verdi

106 3947 30 51 5
168 3947 109 52 Mal.

1926 317 1223 54 Tages-
3149 317 1 54 und
3149 317 1 54 Unterhaltungs-Blatt.

1841 405 182 38 JfaLolii.
2069 409 48 36 In
2148 405 67 38 der
2252 410 212 36 zweiten
2496 410 173 37 Soiree
2712 413 80 37 für
2827 413 405 42 Kammermusik
3272 432 61 25 am

1761 466 59 41 14.
1862 468 36 36 d.
1928 469 93 37 Mts.
2064 469 140 37 hörten
2249 470 72 36 wir
2362 473 63 34 ein
2470 473 257 38 allerliebstes
2773 475 181 46 Quartett
2997 479 40 37 in
3257 492 75 26 von

1758 532 192 49 Haydn,
1979 534 102 35 dann
2111 534 70 35 das
2211 532 268 40 Clavier-Trio
2506 537 38 36 in
2677 537 74 49 Op.
2778 539 49 38 7(1
2855 540 65 38 Nr.
2952 540 38 48 2,
3022 555 76 24 von
3126 544 179 39 Beetho-

1758 606 103 33 ven,
1909 595 61 36 die
1998 595 314 36 Ciavierstimme
2342 607 76 24 von
2446 597 126 37 Herrn
2600 598 335 41 Musik-Director
2963 603 202 38 Franck
3196 617 115 38 vorge-

1759 659 150 46 tragen,
1940 657 80 35 und
2048 669 87 25 zum
2166 658 163 37 Schluss
2361 658 70 36 das
2460 658 177 44 Quintett
2667 662 73 48 Op.
2769 662 48 39 87
2849 664 41 36 in
2921 666 28 34 B
2980 678 73 24 von
3084 668 217 38 Mendels-

1761 719 137 37 sohn.
1956 719 126 38 Unser
2111 720 180 45 Quartett
2322 722 148 35 erfreut
2505 722 99 45 jetzt
2641 725 141 36 wieder
2810 727 123 36 durch
2962 729 60 36 ein
3052 730 280 38 vortreffliches

1759 782 348 47 Zusammenspiel,
2148 782 147 37 schöne
2324 784 249 47 Auffassung
2604 785 76 34 und
2708 789 253 47 vorzügliche
2990 791 175 38 Technik
3196 796 39 35 in
3265 794 67 38 der

1758 842 257 48 Ausführung
2036 843 66 36 der
2124 845 199 37 einzelnen
2343 845 191 37 Stimmen
2577 846 102 36 Herr
2697 846 318 43 Concertmeister
3044 854 285 49 Grunwald,

1759 906 68 36 der
1854 918 49 24 an
1933 907 144 35 diesem
2106 907 161 37 Abende
2299 908 60 36 die
2389 912 102 32 erste
2520 909 156 36 Violine
2707 911 151 48 spielte,
2888 913 151 40 leistete
3067 920 38 34 in
3137 920 85 35 Ton
3250 923 80 35 und

1759 967 97 36 eben
1884 979 44 26 so
1955 969 40 34 in
2023 968 257 47 glänzendem
2308 969 58 36 als
2394 969 40 34 in
2464 969 370 38 ausdrucksvollem
2862 974 186 50 Vortrage
3071 981 238 45 Ausgezeich-

1757 1031 120 33 netes.
1927 1030 74 36 Die
2028 1030 131 37 Krone
2206 1030 66 37 des
2303 1030 159 37 Abends
2509 1044 80 24 war
2630 1033 63 36 die
2719 1034 261 51 Ausführung
3019 1040 66 36 des
3114 1040 218 42 herrlichen

1758 1090 152 48 Adagio
1938 1092 40 35 in
2007 1091 85 36 dem
2121 1091 415 38 Mendelssohn'schen
2567 1094 192 49 Quintett,
2804 1108 112 26 wozu
2956 1104 233 35 namentlich
3227 1108 105 36 auch

1759 1152 69 37 der
1868 1152 147 38 schöne
2042 1155 171 48 Vortrag
2255 1155 66 36 der
2350 1156 367 38 Violoncell-Partie
2761 1158 123 38 durch
2924 1161 123 39 Herrn
3076 1167 29 33 B
3147 1167 186 41 Breuer

1755 1214 169 49 beitrug.
1979 1216 126 35 Herrn
2130 1217 333 37 Musik-Director
2491 1218 202 37 Franck
2735 1221 141 36 einmal
2919 1224 143 39 wieder
3105 1240 47 24 zu
3196 1230 119 39 hören

1757 1288 81 25 war
1865 1278 62 34 ein
1955 1278 307 37 willkommener
2290 1279 153 36 Genuss
2460 1292 9 33 ;
2517 1279 91 37 dass
2638 1293 41 24 er
2707 1283 106 35 seine
2840 1287 144 44 Partie,
3036 1288 59 37 die
3124 1290 206 41 besonders

1757 1339 53 34 im
1838 1339 143 35 letzten
2013 1339 115 37 Satze
2157 1341 78 35 ein'
2251 1340 90 36 sehr
2375 1340 169 37 sicheres
2591 1343 78 35 und
2712 1343 113 38 dabei
2855 1346 122 37 feines
3008 1349 106 47 Spiel
3142 1353 187 49 verlangt,

1757 1402 70 35 mit
1854 1401 291 38 Meisterschaft
2175 1407 175 43 vortrug,
2378 1405 175 35 versteht
2581 1405 84 37 sich
2694 1417 76 26 von
2799 1409 135 39 selbst.
2964 1411 134 48 Gegen
3128 1414 60 36 die
3220 1416 83 38 Com-

1755 1464 169 46 position
1962 1464 101 36 lässt
2105 1464 84 36 sich
2229 1464 189 37 Manches
2458 1477 142 37 sagen;
2646 1468 72 36 wie
2755 1468 246 49 begeisternd
3032 1476 131 35 würde
3193 1487 39 26 es
3263 1481 74 34 auf

1758 1525 100 36 alle
1888 1525 176 39 Zuhörer
2092 1527 160 44 wirken,
2294 1539 110 25 wenn
2435 1528 140 36 einmal
2606 1529 140 37 wieder
2770 1533 74 34 auf
2867 1533 255 41 Beethoven's
3168 1544 161 35 erstes

1754 1588 121 35 Werk
1905 1589 341 47 zurückgegriffen
2274 1590 81 34 und
2385 1590 106 37 eines
2521 1603 75 24 von
2625 1591 73 37 den
2730 1594 124 37 Trio's
2893 1608 73 25 aus
3008 1599 223 39 demselben
3259 1607 71 33 mit

1753 1650 260 38 vollendetem
2042 1652 171 47 Vortrag
2242 1652 319 49 wiedergegeben
2590 1655 156 37 würde!

1833 1717 60 34 Im
1917 1715 190 35 nächsten
2136 1715 493 38 Gesellschafts-Concerte
2674 1729 62 25 am
2778 1720 223 51 Dinstag
3043 1725 92 37 den
3177 1726 63 39 21.
3286 1731 23 36 d

1753 1774 112 41 Mts.
1893 1777 152 35 werden
2075 1778 69 34 wir
2172 1778 72 34 den
2269 1777 127 37 hohen
2413 1777 154 38 Genuss
2591 1779 141 47 haben,
2764 1781 71 37 den
2855 1783 291 42 berühmtesten
3169 1790 135 39 Violon-

1753 1838 176 37 cellisten
1959 1838 66 37 der
2053 1839 245 50 Gegenwart,
2329 1840 125 37 Herrn
2486 1842 211 47 Servais,
2727 1856 50 24 zu
2804 1845 134 40 hören.

1832 1964 24 24 *
1884 1965 374 39 Paclerborss.
2314 1966 112 37 Auch
2458 1967 61 37 bei
2547 1980 73 25 uns
2650 1969 153 38 besteht
2843 1971 62 37 die
2931 1974 262 52 Einrichtung
3221 1981 104 37 eines

1754 2030 310 36 Musik-Vereins
2095 2030 57 35 als
2180 2028 274 50 geschlossene
2483 2031 276 49 Gesellschaft,
2803 2036 75 34 wie
2924 2037 38 35 in
3001 2037 190 42 Munster.
3248 2044 80 38 Der

1754 2092 144 35 Verein
1927 2092 67 35 hat
2020 2092 39 34 in
2089 2092 145 35 diesem
2265 2092 151 37 Winter
2443 2093 143 37 bereits
2616 2094 81 37 drei
2717 2096 187 36 Concerte
2930 2101 187 45 gegeben.
3147 2105 58 34 Im
3234 2106 76 37 letz-

1754 2158 65 32 ten
1847 2152 90 48 (den
1957 2152 61 41 10.
2036 2153 34 37 d.
2088 2153 111 47 Mts.)
2229 2154 139 36 hörten
2399 2155 71 36 wir
2498 2155 61 36 die
2589 2157 175 36 Sinfonie
2792 2159 39 34 in
2862 2158 152 38 Es-dur
3042 2174 74 25 von
3144 2164 182 48 Haydn

1755 2215 80 36 und
1879 2215 62 36 die
1970 2215 222 37 Ouvertüre
2216 2216 65 36 Nr.
2314 2212 24 40 3
2366 2218 40 34 in
3135 2216 127 36 C-dur
2605 2230 76 24 von
2723 2220 154 37 Niels
2907 2221 164 47 Gade;
3119 2238 91 25 vom
3251 2229 50 37 Ge-

1757 2277 235 36 sammtelior
2032 2277 225 47 Haydn's
2302 2277 190 40 Cantate:
2540 2280 106 43 „Des
2676 2280 167 37 Staubes
2879 2284 92 35 eitle
3238 2301 91 27 vom

1755 2339 261 37 Männerchor
2044 2345 114 30 unter
2185 2339 180 37 Anderen
2408 2341 70 35 das
2507 2341 195 37 Waldlied
2743 2343 72 36 mit
2850 2345 236 50 Begleitung
3128 2361 74 25 von
3244 2355 82 35 vier

1754 2403 175 36 Hörnern
1959 2402 78 34 und
2064 2402 180 35 Posaune
2275 2413 72 24 aus
2374 2403 44 36 B.
2450 2402 323 38 Schumann's
2801 2406 104 45 „Der
2925 2408 102 37 Kose

1753 2466 126 46 einige
1908 2464 265 47 Sologesänge
2201 2464 64 36 für
2294 2465 127 36 Tenor
2449 2465 80 35 und
2557 2466 85 35 eine
2666 2465 135 47 Elegie
2829 2469 63 34 für
2923 2469 61 37 die
3014 2472 206 49 Trompete
3249 2488 77 27 von

1753 2527 43 40 C.
1827 2526 288 37 Volweiler
2235 2526 139 48 Einige
2403 2527 109 47 Tage
2543 2527 137 36 vorher
2707 2527 92 37 liess
2822 2530 82 34 sich
2934 2531 84 37 hier
3046 2535 82 36 eine
3158 2536 143 49 Sopran-

1753 2591 194 47 sängerin,
1978 2590 186 35 Fräulein
2192 2590 313 37 Bernardine
2536 2591 281 47 Biermann,
2848 2595 71 34 mit
2947 2596 143 38 Beifall
3118 2599 135 44 hören.

1833 2715 287 39 Weimar«
2150 2715 169 37 Richard
2340 2717 169 47 Wagner
2538 2717 67 36 hat
2634 2718 179 37 kürzlich
2843 2734 75 24 von
2949 2724 87 36 dem
3060 2727 266 51 Grossherzog

1752 2791 75 23 von
1856 2780 174 36 Weimar
2058 2780 60 34 die
2147 2779 346 37 schmeichelhafte
2520 2781 226 49 Einladung
2783 2785 190 46 erhalten,
3017 2790 132 36 seinen
3177 2792 146 48 Opern-

1753 2841 165 46 Cyklus,
1961 2842 109 47 „Der
2098 2842 102 45 Ring
2229 2842 65 35 der
2654 2856 70 24 zur
2752 2846 254 50 Aufführung
3050 2863 50 23 zu
3145 2853 175 48 bringen,

1752 2903 80 35 und
1861 2915 40 24 es
1929 2904 53 35 ist
2009 2903 82 35 ihm
2116 2903 177 36 diesfalls
2322 2903 61 36 die
2401 2903 217 49 Erbauung
2641 2907 102 34 eines
2769 2908 159 46 eigenen
2952 2911 199 48 Theaters,
3181 2927 43 25 so
3255 2918 70 36 wie

1755 2966 60 36 die
1832 2966 281 47 Aufbringung
2142 2964 66 37 der
2235 2966 279 36 eminentesten
2535 2966 330 48 Gesangeskräfte
2888 2974 246 45 zugesichert
3158 2980 165 38 worden.

2671 3030 178 45 (Münch.
2881 3034 363 54 Theater-Album.)

1832 3151 341 40 Fraifthfürl
2203 3164 52 27 st.
2286 3154 76 36 J?l.
2394 3155 121 35 Unter
2545 3155 72 36 den
2648 3157 247 40 zahlreichen
2919 3161 226 50 Concerten,
3178 3168 143 38 weicht

1752 3215 83 35 sich
1865 3216 39 34 in
1933 3228 177 24 unserem
2139 3216 292 37 benachbarten
2456 3216 79 36 und
2556 3218 341 48 kunstgebildeten
2918 3223 142 39 Hanau
3080 3228 39 35 in
3141 3235 181 33 neuester

1752 3276 85 36 Zeit
1867 3277 61 35 die
1954 3278 140 36 Hände
2122 3279 167 40 reichen,
2321 3278 181 36 erwähne
2531 3279 63 35 ich
2624 3280 210 39 besonders
2865 3286 59 35 ein
2956 3298 48 24 zu
3027 3289 106 35 Ende
3157 3292 138 36 Novem-

1750 3339 89 36 bers
1869 3340 229 47 gegebenes,
2130 3340 86 37 weil
2246 3352 41 24 es
2316 3342 73 33 mir
2418 3340 256 48 Gelegenheit
2701 3344 98 48 gibt,
2841 3347 61 35 ein
2940 3348 143 49 junges
3114 3352 141 37 Talent
3283 3357 40 34 in

1751 3401 62 35 die
1841 3401 318 36 Oeffentlichkeit
2187 3402 265 35 einzuführen.
2496 3402 84 35 Wir
2609 3402 129 37 haben
2768 3416 40 25 es
2837 3406 84 36 hier
2951 3411 70 32 mit
3050 3410 66 37 der
3147 3412 46 39 16
3254 3413 65 39 17-

1745 3463 186 47 jährigen
1961 3463 167 37 Tochter
2166 3465 105 33 eines
2309 3464 40 34 in
2376 3463 141 35 Hanau
2547 3465 208 46 allgemein
2792 3469 254 45 geschätzten
3074 3473 169 48 Bürgers
3273 3488 50 24 zu

1750 3526 113 45 thun,
1893 3526 161 45 welche,
2083 3528 40 33 in
2154 3526 196 47 Stuttgart
2378 3526 304 47 herangebildet,
2716 3540 80 24 nun
2825 3532 39 33 in
2891 3531 84 37 ihre
3004 3534 225 38 Vaterstadt
3257 3550 45 24 zu-

1750 3588 282 47 rückgekehrt,
2063 3589 141 36 bereits
2234 3589 40 34 in
2303 3589 96 34 zwei
2423 3588 212 36 Concerten
2658 3592 69 33 mit
2747 3592 271 46 allgemeinem
3043 3597 165 38 Beifalle
3238 3604 65 33 auf-

1751 3655 177 43 getreten
1955 3651 63 35 ist.
2066 3651 96 35 Was
2190 3649 186 37 Fräulein
2405 3650 191 36 Louise
2625 3651 152 49 Krug,
2811 3664 42 25 so
2884 3655 122 36 heisst
3035 3670 140 26 unsere
3199 3662 125 49 junge

1751 3714 126 43 Muse,
1907 3712 208 37 besonders
2146 3711 259 43 auezeichnet,
2440 3712 52 34 ist
2519 3712 60 35 ihr
2606 3715 176 34 äusserst
2809 3719 137 44 netter,
2977 3720 215 48 perlender,
3221 3723 104 46 aber,

1752 3789 60 24 wo
1842 3788 39 23 es
1910 3776 85 46 gilt,
2026 3776 101 34 auch
2156 3774 154 47 rapider
2338 3773 212 47 Anschlag,
2582 3775 168 36 welches
2780 3778 102 35 wohl
2912 3780 59 35 als
3003 3781 61 37 die
3094 3785 225 37 technische

1754 3838 229 46 Grundlage
2012 3838 96 35 aller
2136 3837 236 35 Virtuosität
2401 3837 129 46 gelten
2561 3837 124 44 kann;
2737 3838 114 37 dabei
2888 3841 96 37 aber
3013 3848 226 35 entwickelt
3269 3851 54 32 sie

1754 3905 86 35 eine
1867 3901 173 36 Freiheit
2068 3899 79 36 und
2176 3899 233 46 Intelligenz
2441 3899 66 36 des
2537 3901 246 46 Ausdrucks,
2823 3905 149 37 welche
3002 3910 91 33 weit
3122 3910 93 35 über
3241 3909 82 37 ihre

1753 3966 124 35 Jahre
1905 3963 137 48 gehen.
2071 3961 72 36 Ein
2170 3962 153 34 tieferes
2352 3961 186 36 Erfassen
2566 3963 236 38 classischer
2824 3965 322 52 Compositionen,
3178 3971 145 37 welche

1756 4029 57 35 sie
1841 4027 136 35 immer
2005 4022 185 45 vorzieht,
2230 4023 103 35 kann
2364 4027 80 31 erst
2470 4024 70 34 mit
2569 4025 67 35 der
2664 4034 223 38 genaueren
2917 4030 307 37 Bekanntschaft
3251 4044 46 25 un-

1757 4100 104 26 serer
1888 4086 299 38 musicalischen
2216 4084 170 36 Grössen
2421 4086 80 35 und
2539 4086 224 51 überhaupt
2799 4092 73 34 mit
2899 4091 84 36 dem
3010 4093 130 35 Leben
3170 4093 153 49 erlangt

1757 4149 164 38 werden.
1952 4148 150 46 Genug,
2134 4145 89 37 dass
2253 4145 96 36 alles
2378 4145 182 37 Material
2587 4159 50 25 zu
2664 4150 107 35 einer
2799 4152 141 46 geistig
2968 4155 236 44 potenzirten
3235 4152 63 37 Pia-

1757 4214 118 38 nistin
1904 4211 124 37 bereit
2054 4209 95 48 liegt
2176 4208 81 38 und
2285 4210 84 35 eine
2397 4208 242 40 bedeutende
2656 4212 178 37 Zukunft
2860 4214 228 47 verspricht.
3120 4215 73 36 Um
3222 4218 100 35 mich
