2997 4203
1348 167 63 70 S.
1480 167 53 69 I.
1604 166 107 71 M.

270 198 107 63 44

267 330 88 43 pas
388 316 69 46 les
492 315 233 59 préparer
758 315 300 45 résolument
1091 311 28 48 à
1153 316 130 43 cette
1319 312 127 46 belle
1481 313 201 44 mission
1717 315 50 42 et
1800 312 70 45 les
1903 326 160 32 armer
2097 312 408 59 intelligemment
2529 324 126 44 pour
2679 311 129 43 cette

262 392 121 46 lutte
402 395 17 43 ?
447 393 248 60 Pourquoi
720 407 61 31 ne
805 407 88 45 pas
917 393 181 45 diviser
1122 406 56 31 ce
1203 393 185 44 torrent
1411 395 113 54 trop
1548 390 254 45 abondant
1827 405 62 30 en
1921 390 269 45 canalisant
2222 405 78 30 ses
2332 388 157 47 ondes
2522 387 122 45 dans
2677 386 131 46 deux

267 471 265 44 directions
557 470 284 45 différentes
860 472 18 43 ?
907 471 245 58 Pourquoi
1178 485 61 30 ne
1264 485 88 43 pas
1376 468 137 46 créer
1537 470 131 44 deux
1693 466 245 61 diplômes
1962 468 237 59 distincts,
2219 467 100 46 l'un
2338 481 126 45 pour
2483 479 262 31 consacrer
2764 463 44 45 la

266 547 186 59 grande
485 546 253 47 virtuosité
772 548 393 54 transcendante,
1202 547 171 45 l'autre
1409 561 123 43 pour
1567 545 213 45 certifier
1813 546 69 44 les
1923 543 248 61 capacités
2206 543 371 61 pédagogiques
2614 541 63 46 de
2717 555 91 30 son

266 623 223 46 titulaire.
529 626 69 44 Le
634 639 312 45 programme
979 625 162 45 actuel
1175 625 89 45 des
1298 639 240 31 concours
1574 623 63 46 de
1673 623 148 59 piano
1857 626 72 42 est
1965 623 208 59 hybride
2208 627 48 41 et
2291 637 63 30 ne
2388 635 188 46 prouve
2610 620 120 44 rien.
2770 617 40 44 Il

267 705 255 54 comporte
546 716 96 31 une
666 701 237 60 épreuvre
929 702 61 47 de
1014 702 184 45 lecture
1222 701 28 47 à
1273 716 91 31 vue
1390 702 82 60 qui
1496 715 63 30 en
1592 701 161 44 fausse
1787 697 98 47 très
1919 705 207 40 souvent
2161 700 69 44 les
2265 698 224 47 résultats
2525 701 47 40 et
2606 697 124 44 dont
2763 694 47 45 la

267 781 316 56 suppression
624 781 244 57 s'impose.
913 781 40 44 Il
988 785 74 40 est
1098 795 111 29 sans
1250 778 178 46 intérêt
1468 780 63 45 de
1570 780 160 44 savoir
1769 778 150 60 qu'un
1960 778 197 43 brillant
2194 777 279 46 technicien
2511 776 66 45 du
2613 773 194 57 clavier,

267 856 207 58 capable
511 858 62 43 de
611 857 191 46 donner
838 858 89 46 des
964 856 398 58 interprétations
1399 856 354 47 éblouissantes
1794 870 63 30 ou
1898 853 330 57 émouvantes,
2271 858 75 42 est
2380 858 116 56 apte
2536 868 65 31 ou
2642 866 99 30 non
2782 849 28 46 à

267 931 267 48 déchiffrer
557 935 412 45 instantanément
992 936 180 44 devant
1195 950 66 29 un
1286 936 241 44 auditoire
1550 935 194 45 attentif
1767 933 237 61 quelques
2023 947 216 31 mesures
2257 933 286 45 biscornues
2569 947 9 40 ;
2600 945 124 30 nous
2743 929 67 45 lui

267 1011 273 43 accordons
564 1011 264 44 volontiers
851 1011 46 45 le
922 1012 104 44 doit
1051 1012 63 43 de
1138 1011 277 45 s'assimiler
1438 1011 268 45 lentement
1730 1015 50 40 et
1802 1008 162 46 même
1998 1007 335 60 péniblement
2368 1009 69 45 les
2473 1022 193 32 œuvres
2691 1006 117 59 qu'il

267 1101 117 30 aura
407 1084 28 47 à
457 1086 293 59 interpréter
774 1103 188 44 pourvu
985 1103 95 45 que
1104 1088 44 45 le
1172 1086 201 47 résultat
1396 1089 95 44 soit
1515 1089 232 45 heureux.
1771 1088 76 54 Et,
1875 1088 62 45 de
1961 1086 173 54 même,
2161 1086 34 44 il
2219 1100 122 31 nous
2365 1087 211 57 importe
2595 1100 98 43 peu
2712 1097 96 47 que

267 1163 44 46 le
336 1164 130 45 futur
489 1166 281 58 professeur
794 1167 62 44 de
882 1181 89 30 nos
995 1167 191 44 enfants
1209 1167 68 44 ait
1299 1169 360 42 correctement
1680 1163 115 61 joué
1825 1166 71 44 les
2219 1164 62 45 de
2305 1163 304 46 Glazounow
2633 1163 39 45 si
2704 1163 106 45 rien

267 1256 62 30 ne
353 1256 124 30 nous
499 1257 186 43 prouve
709 1258 77 30 ses
809 1242 247 60 capacités
1080 1244 354 58 enseignantes.
1465 1244 212 60 Puisque
1700 1243 45 46 le
1771 1243 374 46 Conservatoire
2169 1256 63 30 ne
2261 1241 159 45 forme
2445 1242 365 58 pratiquement

268 1319 181 59 qu'une
473 1319 200 47 énorme
699 1321 223 59 majorité
946 1322 63 44 de
1044 1321 316 58 professeurs,
1399 1322 118 58 qu'il
1543 1323 66 43 ait
1645 1322 46 43 la
1724 1318 195 62 loyauté
1954 1321 63 44 de
2053 1321 202 44 devenir
2289 1333 95 31 une
2412 1319 154 45 Ecole
2590 1317 220 46 normale

268 1409 126 44 pour
428 1397 404 59 l'enseignement
874 1399 61 45 de
972 1399 46 44 la
1054 1399 237 60 musique.
1334 1401 63 43 Et
1434 1398 170 46 n'allez
1645 1413 88 43 pas
1772 1412 77 31 me
1893 1398 105 45 dire
2039 1412 95 44 que
2176 1398 47 43 la
2256 1396 226 58 jeunesse
2517 1396 293 44 ambitieuse

268 1472 305 59 mépriserait
607 1490 57 30 ce
699 1473 217 60 diplôme
950 1491 112 30 sans
1084 1476 156 58 gloire
1263 1492 9 29 :
1297 1476 71 45 les
1391 1479 263 55 avantages
1678 1474 278 46 immédiats
1979 1474 147 45 d'une
2150 1474 115 45 telle
2290 1474 283 45 distinction
2599 1474 211 43 seraient

267 1549 330 46 inestimables
623 1554 47 42 et
694 1567 89 29 son
808 1553 213 58 prestige
1045 1550 303 60 dépasserait
1382 1553 97 44 vite
1514 1552 126 44 celui
1665 1553 62 44 de
1752 1556 139 41 notre
1914 1550 161 46 actuel
2100 1550 109 59 prix
2234 1550 64 45 de
2322 1552 162 58 piano,
2510 1550 82 60 qui
2618 1549 78 45 n'a
2721 1564 89 44 pas

267 1628 109 57 plus
400 1628 261 47 d'autorité
684 1630 252 60 artistique
960 1646 96 44 que
1080 1629 289 47 d'efficacité
1393 1632 237 57 pratique.

399 1705 94 45 Les
517 1705 179 46 classes
720 1707 63 44 de
807 1707 161 52 chant,
995 1705 203 60 d'opéra
1222 1710 48 41 et
1294 1707 455 58 d'opéra-comique
1766 1708 285 43 continuent
2074 1703 28 48 à
2128 1707 224 44 marcher
2369 1703 28 48 à
2420 1703 390 61 l'arrière-garde

270 1782 62 44 de
355 1782 196 45 l'armée
592 1784 245 45 musicale.
883 1783 343 46 Indifférentes
1249 1782 28 47 à
1301 1783 280 46 l'évolution
1620 1783 275 61 esthétique
1936 1783 378 60 d'aujourd'hui,
2359 1783 118 44 elles
2519 1783 291 46 demeurent

267 1858 170 47 fidèles
483 1859 27 46 à
551 1877 64 28 un
652 1860 128 46 idéal
819 1863 204 43 lointain
1063 1865 49 42 et
1148 1860 312 60 rétrospectif
1496 1863 122 44 dont
1654 1862 47 44 la
1745 1860 225 60 puérilité
2012 1860 310 46 déconcerte.
2366 1862 102 44 Des
2514 1858 296 62 règlements

267 1935 235 47 surannés
527 1935 224 49 enlèvent
776 1942 103 42 tout
903 1938 325 60 signification
1252 1954 94 30 aux
1371 1937 285 47 différentes
1691 1938 237 60 épreuves
1955 1957 7 25 :
2001 1939 43 45 le
2069 1953 241 31 concours
2336 1939 62 45 de
2422 1939 151 45 chant
2596 1939 79 45 n'a
2700 1939 110 57 plus

267 2014 180 58 qu'une
492 2014 360 58 spécialisation
899 2014 237 48 théâtrale
1169 2019 113 55 trop
1327 2014 174 47 étroite
1547 2020 50 41 et
1641 2017 70 44 les
1750 2031 242 30 concours
2031 2014 203 60 d'opéra
2270 2020 48 41 et
2352 2014 458 61 d'opéra-comique

267 2090 288 47 demeurent
579 2093 87 44 des
691 2108 239 30 concours
965 2093 63 44 de
1052 2094 148 43 chant
1226 2091 239 60 déguisés.
1504 2094 70 44 La
1598 2094 295 44 convention
1927 2093 46 45 la
1997 2094 109 57 plus
2129 2094 296 44 lamentable
2458 2107 250 44 gouverne
2740 2094 70 46 les

266 2166 138 47 ébats
430 2169 62 44 de
516 2183 81 32 ces
621 2169 155 46 futurs
812 2169 145 47 héros
981 2170 227 59 lyriques.
1249 2170 94 45 Les
1367 2169 269 46 directeurs
1672 2170 62 45 de
1769 2184 89 31 nos
1884 2170 212 57 grandes
2131 2168 172 47 scènes
2338 2170 258 46 musicales
2632 2174 86 41 ont
2741 2187 69 43 pu

266 2249 260 55 constater,
553 2248 66 43 du
643 2246 117 45 haut
784 2246 62 45 de
870 2248 46 44 la
939 2246 112 59 loge
1075 2248 66 43 du
1165 2246 121 60 jury,
1313 2260 96 46 que
1432 2248 130 44 leurs
1585 2248 372 57 pensionnaires
1981 2248 64 44 de
2070 2248 197 44 demain
2302 2246 105 46 leur
2441 2250 369 56 apporteraient

267 2323 62 44 de
353 2321 285 60 singulières
662 2325 320 57 conceptions
1007 2324 63 44 de
1092 2324 107 46 l'art
1225 2325 304 59 dramatique
1555 2329 47 41 et
1636 2323 160 47 même
1820 2324 474 61 mélo-dramatique.
2331 2325 129 46 Tout
2483 2330 76 41 est
2582 2324 29 47 à
2634 2326 176 47 refaire

266 2399 122 44 dans
424 2399 105 46 leur
565 2399 262 47 éducation
865 2401 62 45 de
967 2400 45 46 la
1052 2398 148 48 scène
1237 2404 49 42 et
1321 2401 70 45 les
1432 2405 203 41 travaux
1669 2401 365 58 post-scolaires
2075 2405 166 41 seront
2280 2415 124 45 pour
2441 2417 95 30 eux
2572 2404 71 44 les
2679 2404 131 46 seuls

267 2474 236 47 éléments
527 2476 63 46 de
612 2476 265 46 formation
899 2476 310 47 réellements
1232 2479 155 44 utiles.
1426 2480 80 45 Un
1531 2480 109 57 prix
1664 2479 63 44 de
1752 2479 162 56 chant,
1941 2476 457 63 d'opéra-comique
2422 2493 64 32 ou
2510 2479 203 60 d'opéra
2737 2485 73 42 est

267 2552 193 46 devenu
483 2569 65 29 un
571 2554 175 58 simple
770 2555 236 46 certificat
1029 2556 288 59 d'aptitude,
1344 2572 66 29 un
1434 2558 170 44 brevet
1628 2555 315 47 élémentaire
1966 2573 10 29 :
2002 2556 71 45 les
2097 2555 173 47 études
2294 2555 240 47 sérieuses
2558 2572 214 31 commen-

268 2634 172 40 ceront
463 2631 156 57 après.
659 2633 94 43 Les
788 2630 264 48 nécessités
1087 2633 63 44 de
1174 2633 45 45 la
1254 2633 120 46 lutte
1399 2648 124 43 pour
1557 2634 46 44 la
1626 2634 76 44 vie
1736 2633 280 59 obligeront
2051 2633 247 45 d'ailleurs
2332 2634 70 45 les
2436 2639 321 42 concurrents
2780 2634 30 48 à

268 2720 240 45 regagner
531 2709 310 57 rapidement
864 2710 44 44 le
932 2713 160 55 temps
1117 2710 169 58 perdu.

398 2786 79 43 Ne
501 2785 198 58 parlons
723 2800 88 43 pas
835 2787 67 45 du
925 2801 242 32 concours
1192 2789 63 44 de
1280 2789 158 45 Rome
1460 2806 8 28 :
1504 2789 34 44 il
1573 2804 27 29 a
1635 2786 165 48 donné
1833 2787 98 46 lieu
1965 2790 130 43 cette
2129 2787 157 46 année
2321 2804 63 30 au
2417 2789 125 58 petit
2575 2789 235 47 scandale

270 2862 217 45 habituel
506 2880 10 28 :
544 2864 46 44 le
614 2869 292 40 concurrent
931 2864 252 47 couronné
1207 2881 86 42 par
1319 2866 43 46 le
1385 2867 110 60 jury
1519 2867 89 46 des
1635 2866 263 46 musiciens
1932 2880 28 31 a
1994 2865 92 58 été,
2112 2866 46 46 le
2192 2867 295 58 lendemain,
2512 2865 174 48 évincé
2721 2884 89 43 par

268 2939 46 44 la
338 2939 224 58 majorité
586 2939 379 59 incompétente.
995 2942 110 45 Une
1128 2942 94 45 fois
1246 2942 62 45 de
1333 2944 110 57 plus
1466 2944 70 45 les
1560 2958 244 44 graveurs,
1830 2944 218 58 peintres
2072 2946 49 42 et
2144 2944 288 59 sculpteurs,
2459 2944 123 45 forts
2616 2945 64 44 de
2704 2945 106 46 leur

270 3019 219 55 nombre,
515 3021 86 42 ont
625 3016 136 47 cassé
784 3017 162 47 l'arrêt
971 3020 86 44 des
1081 3021 371 59 compositeurs.
1481 3022 137 45 Dans
1653 3035 81 31 ces
1768 3021 282 45 conditions
2083 3020 104 47 leur
2219 3021 185 46 lauréat
2439 3020 227 61 échappe
2700 3021 28 48 à
2764 3024 46 45 la

268 3096 206 58 critique
498 3096 246 46 musicale.
772 3096 126 45 Mais
922 3110 64 32 on
1010 3111 51 31 se
1086 3097 245 47 demande
1354 3099 163 59 quelle
1541 3099 303 45 satisfaction
1872 3099 184 45 morale
2091 3102 118 56 peut
2243 3097 241 61 éprouver
2517 3100 46 46 le
2597 3101 213 47 titulaire

270 3171 116 46 d'un
410 3174 110 57 prix
543 3174 123 43 ainsi
690 3171 212 47 décerné
926 3176 48 42 et
998 3176 243 58 pourquoi
1265 3175 71 46 les
1359 3176 247 45 membres
1631 3176 62 45 de
1717 3175 233 46 l'lnstitut
1973 3176 217 46 formant
2211 3176 47 46 la
2282 3177 188 45 section
2495 3176 63 46 de
2583 3179 227 61 musique

270 3250 285 44 continuent
592 3247 28 48 à
661 3264 195 45 essuyer
894 3254 79 41 cet
1011 3250 181 47 affront
1231 3252 180 46 annuel
1444 3268 64 29 au
1553 3252 98 45 lieu
1686 3252 63 45 de
1783 3252 188 45 refuser
2006 3252 63 46 de
2103 3251 160 61 siéger
2295 3256 50 42 et
2380 3252 64 46 de
2477 3252 169 47 laisser
2680 3255 130 47 leurs

270 3323 246 61 collègues
540 3327 215 45 discuter
778 3328 128 45 seuls
930 3342 95 32 une
1051 3330 226 58 question
1301 3327 63 48 où
1388 3330 46 44 la
1458 3331 225 58 musique
1707 3328 123 46 n'est
1854 3330 110 58 plus
1988 3344 62 31 en
2075 3344 145 33 cause
2244 3332 18 45 ?

2053 3444 204 52 Emile
2291 3444 389 54 Vuillermoz
