2997 4203
1383 207 66 70 3*
1515 205 56 72 I*
1637 203 112 73 Nlt

306 238 106 73 54

310 364 259 45 devinrent
592 361 63 44 de
679 360 109 59 plus
813 372 61 31 en
908 357 110 60 plus
1041 356 275 46 nombreux
1341 356 48 43 et
1413 352 374 47 enthousiastes.
1812 348 144 46 Aussi
1981 345 173 47 fidèles
2177 358 97 47 que
2311 343 337 57 circonspects
2673 342 76 56 (ce
2774 338 86 60 qui

307 431 74 43 est
404 427 257 56 beaucoup
697 423 141 57 dire),
862 423 74 45 les
960 419 248 63 Lyonnais
1242 416 328 48 n'oublièrent
1592 431 89 44 pas
1716 416 45 44 le
1794 413 220 59 Quatuor
2050 411 170 58 Capet.
2248 407 129 59 Qu'il
2412 421 124 31 nous
2570 404 290 46 reviennent

307 488 192 50 bientôt
522 506 10 30 :
557 489 33 45 il
613 505 31 36 y
667 503 29 29 a
719 502 116 32 aura
858 485 134 47 foule
1017 498 126 43 pour
1166 483 288 46 l'entendre.

2588 535 53 44 L.
2669 534 56 45 A.

441 684 255 45 ROUEN.
731 709 64 8 —
830 682 140 46 Nous
992 694 153 33 avons
1169 694 117 42 reçu
1309 680 46 44 la
1378 679 142 45 lettre
1544 677 221 46 suivante
1794 692 9 28 :

2156 788 188 57 Rouen,
2372 784 59 48 17
2455 784 109 61 Juin
2593 781 137 49 1914.

701 865 251 45 Monsieur
975 863 46 44 le
1050 861 272 58 Directeur,

447 971 136 43 Dans
606 968 47 45 le
687 964 206 47 numéro
926 966 63 45 de
1023 964 46 45 la
1103 964 47 45 S.
1180 964 35 45 I.
1243 963 67 44 M.
1347 977 123 43 paru
1504 962 45 44 le
1589 962 54 45 15
1681 959 132 57 avril,
1849 958 48 58 je
1921 957 59 44 lis
2012 969 114 31 sous
2149 955 47 45 la
2219 954 233 59 rubrique
2528 952 69 43 La
2625 949 239 46 Province

319 1034 174 46 Rouen
571 1033 71 44 les
665 1032 155 58 lignes
844 1032 244 43 suivantes
1112 1025 223 61 publiées
1357 1042 113 30 sans
1505 1028 260 57 signature,
1792 1024 122 43 mais
1948 1021 122 45 dont
2103 1020 207 43 l'auteur
2334 1021 72 42 est
2441 1015 145 46 facile
2611 1013 28 48 à
2663 1015 203 45 deviner

317 1113 126 44 pour
465 1100 108 43 tont
595 1096 186 46 lecteur
805 1094 259 46 rouennais
1089 1109 11 29 :

498 1162 70 45 La
607 1162 209 45 Gamme
915 1160 139 44 Nous
1089 1171 153 32 avons
1277 1156 47 46 le
1361 1160 162 54 regret
1559 1155 248 58 d'ignorer
1857 1155 129 42 cette
2024 1147 240 47 Société...

340 1225 189 47 déclaré
753 1227 32 43 d
841 1225 210 44 'ailleurs
1308 1223 277 45 n'admettre
1906 1236 88 45 que
2127 1222 78 43 des
2325 1223 173 56 compte
2716 1221 172 43 rendus

449 1293 107 56 Que
589 1293 140 42 votre
766 1287 388 60 correspondant
1189 1300 123 30 nous
1347 1286 183 57 ignore,
1571 1298 103 31 mes
1709 1282 268 45 excellents
2015 1279 385 45 collaborateurs
2437 1279 48 42 et
2523 1274 113 52 moi,
2664 1273 121 46 c'est
2810 1286 57 30 ce

321 1355 121 46 dont
466 1368 122 32 nous
612 1368 123 31 nous
759 1352 318 45 consolerons
1100 1348 250 47 aisément.
1375 1348 230 46 L'estime
1629 1362 98 46 que
1750 1345 195 46 veulent
1971 1344 114 44 bien
2105 1355 124 32 nous
2253 1340 239 46 accorder
2514 1353 79 30 ses
2617 1334 253 48 confrères

320 1434 124 32 nous
467 1419 144 44 suffit.

452 1484 127 43 Mais
603 1496 57 31 ce
695 1495 95 46 que
814 1481 48 59 je
896 1495 61 29 ne
992 1480 66 44 lui
1093 1479 284 58 permettrai
1413 1491 102 45 pas,
1540 1476 120 46 c'est
1697 1476 62 45 de
1797 1474 303 44 m'attribuer
2133 1470 347 58 gratuitement
2517 1467 71 46 les
2629 1468 242 44 sornettes

322 1547 117 61 qu'il
462 1547 66 43 lui
552 1547 121 59 plait
696 1546 302 57 d'imaginer.

451 1613 54 60 Je
527 1612 67 44 lui
627 1625 191 44 oppose
857 1625 62 29 en
956 1608 118 46 effet
1096 1623 66 30 un
1201 1604 219 49 démenti
1443 1604 188 47 formel.
1656 1606 180 59 Jamais
1863 1597 4 76 :
1876 1604 47 58 je
1958 1602 95 44 n'ai
2094 1604 117 42 tenu
2234 1597 29 48 à
2297 1612 247 46 personne
2579 1597 71 44 les
2686 1608 185 46 propos

324 1675 231 46 ridicules
578 1674 119 60 qu'il
721 1688 80 32 me
825 1672 153 59 prête.

453 1740 150 45 Votre
628 1740 164 45 bonne
815 1739 84 53 foi,
937 1738 253 45 Monsieur
1211 1736 46 45 le
1295 1736 271 55 Directeur,
1604 1749 28 29 a
1656 1731 79 47 été
1758 1733 228 58 surprise,
2012 1730 74 46 s'il
2121 1744 122 31 vous
2277 1729 121 58 plait
2432 1726 248 45 d'ailleurs
2715 1722 158 46 d'être

326 1802 178 49 éclairé
527 1819 81 29 sur
632 1804 70 44 les
728 1804 201 44 dessous
954 1802 63 45 de
1040 1801 47 45 la
1110 1814 274 44 campagne
1408 1814 96 44 que
1529 1796 142 47 mène
1695 1801 170 42 contre
1891 1797 99 45 moi
2014 1799 137 40 votre
2175 1792 394 59 correspondant
2593 1789 278 58 rouennais,

327 1869 34 44 il
382 1882 121 31 vous
526 1881 109 31 sera
658 1866 144 46 facile
827 1866 62 44 de
912 1880 120 30 vous
1050 1865 283 58 renseigner
1356 1861 179 61 auprès
1559 1863 63 44 de
1644 1876 87 31 vos
1751 1857 250 50 confrères
2020 1860 68 44 du
2160 1856 201 62 Journal
2384 1856 63 46 de
2475 1856 174 44 Rouen
2721 1867 65 31 ou
2810 1852 64 44 de

381 1933 46 45 la
452 1931 239 59 Dépêche
715 1932 63 44 de
804 1932 174 43 Rouen

456 1998 54 58 Je
533 2009 121 32 vous
689 1997 119 56 prie,
848 1994 252 45 Monsieur
1133 1993 45 46 le
1206 1993 271 52 Directeur,
1515 1990 63 46 de
1613 1990 114 45 bien
1761 1989 204 54 vouloir,
2001 1984 395 48 conformément
2419 1982 29 48 à
2471 1984 47 45 la
2551 1984 66 45 loi
2644 1983 62 44 de
2735 1980 138 55 1881,

329 2059 185 47 insérer
537 2062 46 43 la
607 2059 227 57 présente
860 2058 210 58 réponse
1105 2073 62 29 en
1191 2056 160 47 même
1375 2056 142 59 place
1540 2059 50 42 et
1613 2070 61 31 en
1711 2053 185 47 mêmes
1921 2050 272 48 caractères
2217 2065 97 46 que
2338 2050 203 46 l'article
2566 2050 122 43 dans
2714 2046 162 63 lequel

332 2126 9 7 •
350 2126 9 17 j
397 2126 8 7 •
443 2124 12 13 /
468 2128 6 9 i
496 2124 12 13 f
569 2126 9 6 «
621 2123 11 13 f

327 2129 16 56 j
364 2140 46 31 ai
433 2129 80 42 ete
534 2139 116 31 vise.

461 2190 66 44 Et
550 2204 62 30 en
635 2191 269 56 regrettant
927 2186 215 46 d'entrer
1177 2186 64 46 de
1279 2187 128 43 cette
1444 2182 216 47 manière
1699 2185 113 58 (que
1846 2183 49 59 je
1931 2182 96 45 n'ai
2065 2195 89 44 pas
2189 2180 205 56 choisie)
2420 2194 64 30 en
2518 2180 206 56 rapport
2758 2190 121 32 avec

330 2257 137 42 votre
491 2253 256 46 estimable
773 2253 182 57 Revue,
979 2252 48 58 je
1050 2266 121 31 vous
1195 2251 107 58 prie
1326 2248 223 60 d'agréer
1572 2248 295 45 l'assurance
1891 2247 62 44 de
1977 2260 81 30 ma
2081 2242 364 48 considération
2471 2239 292 61 distinguée.

2254 2322 58 44 D.
2343 2321 278 44 HAELLING

623 2369 8 12 #

2084 2387 260 44 Directeur
2368 2385 64 45 de
2455 2385 47 45 la
2525 2384 224 46 Gamme.

462 2524 197 46 CAEN.
683 2549 65 7 —
773 2523 365 45 L'Association
1166 2523 254 58 artistique
1453 2521 90 45 des
1576 2519 183 59 grands
1783 2520 225 43 concerts
2043 2517 243 45 Caennais
2309 2530 29 31 a
2362 2514 166 47 donné
2564 2517 129 42 cette
2718 2514 163 44 saison

339 2589 284 54 1913-1914,
649 2603 95 29 une
768 2586 126 46 série
918 2589 88 43 des
1030 2590 240 54 concerts,
1296 2586 82 60 qui
1403 2590 172 41 eurent
1597 2585 45 44 le
1667 2584 108 58 plus
1798 2582 158 59 grand
1980 2580 185 47 succès.

466 2655 68 43 Le
560 2651 180 47 comité
763 2651 55 46 fit
839 2652 149 59 appel
1012 2650 28 47 à
1065 2652 68 45 M.
1158 2652 222 56 Georges
1406 2651 204 57 Rabani,
1637 2664 124 44 pour
1785 2648 182 57 diriger
1991 2661 83 30 ces
2097 2646 115 44 bien
2238 2660 219 31 connues
2492 2643 391 46 manifestations

335 2718 153 46 d'Art.
517 2717 310 46 L'orchestre
852 2717 62 44 de
938 2721 140 40 notre
1102 2717 295 44 association
1422 2716 101 59 (qui
1548 2717 198 54 compte
1774 2711 311 59 aujourd'hui
2114 2711 110 58 plus
2259 2711 62 44 de
2347 2709 62 46 80
2433 2708 305 57 exécutants)
2765 2711 119 55 peut

335 2783 118 44 aller
477 2782 63 44 de
565 2782 105 57 pair
693 2794 118 31 avec
835 2780 72 45 les
929 2780 277 45 orchestres
1229 2779 71 45 les
1323 2779 109 59 plus
1457 2777 198 59 réputés
1680 2778 61 44 de
1766 2789 91 31 nos
1879 2775 213 59 grandes
2125 2774 138 46 villes
2292 2775 64 45 de
2390 2774 236 58 province
2649 2791 9 27 :
2696 2773 32 42 il
2763 2787 30 29 a
2827 2770 58 46 sû

336 2845 262 61 conquérir
631 2849 109 41 tous
773 2845 70 45 les
877 2845 215 56 lauriers,
1117 2848 50 42 et
1190 2848 141 42 notre
1366 2841 97 49 cité
1498 2841 246 61 peut-être
1778 2839 118 47 fière
1931 2840 186 45 d'avoir
2158 2838 132 47 enfin
2328 2855 65 30 un
2429 2838 159 59 grand
2630 2838 255 45 orchestre

336 2910 375 61 symphonique,
753 2910 149 57 digne
941 2910 63 43 de
1029 2924 52 29 sa
1103 2907 280 60 réputation
1406 2909 254 58 artistique
1684 2909 48 43 et
1755 2905 63 44 de
1841 2919 78 30 ses
1942 2902 302 47 universités.

468 2975 96 44 Les
587 2973 190 46 solistes
802 2973 87 45 des
912 2975 226 43 concerts
1161 2972 161 45 furent
1347 2973 107 56 (par
1477 2972 145 45 ordre
1647 2967 368 61 alphabétique)
2045 2985 10 28 :

466 3039 55 44 M
527 3038 41 28 lle
589 3039 159 55 Arcos,
786 3038 61 45 de
881 3036 201 59 l'Opéra
1106 3037 254 60 Comique,
1399 3038 68 43 M.
1505 3034 275 58 Coulibœuf,\
1820 3033 331 53 clarinettiste,
2189 3034 52 44 M
2245 3033 43 27 1Ie
2311 3033 220 45 Daumas
2535 3067 9 23 ,
2582 3032 63 44 de
2669 3029 216 60 l'Opéra,

374 3105 69 44 M.
581 3100 569 54 Chanoine-Davranches,
1151 3102 18 44 des
1197 3104 226 42 concerts
1467 3102 322 53 Lamoureux,
1815 3098 53 43 M
1871 3103 52 22 me
2428 3098 90 43 des
2559 3100 228 41 concerts
2823 3095 64 45 de

341 3166 359 58 Monte-Carlo,
1149 3166 66 45 M.
1215 3165 180 59 Heerschmann,
1396 3165 307 60 baryton,
2625 3165 67 43 M.
2809 3164 83 57 Lefe
1722 3161 370 55 violoncelliste,
2624 3160 263 59 organiste,

341 3234 68 43 M.
434 3230 239 60 Rodolphe
695 3230 304 44 Plamondon
1004 3266 9 22 ,
1051 3230 64 44 de
1148 3227 215 61 l'Opéra,
1388 3230 67 44 M.
1481 3225 198 48 Honoré
1697 3226 129 45 Snell
1830 3262 9 20 ,
1873 3226 88 45 des
1989 3226 240 46 Concerts
2253 3226 237 55 Colonne,
2516 3226 53 43 M
2572 3225 40 27 Ue
2635 3222 253 47 Matacha-

344 3296 328 47 Trouhanowa
677 3332 9 20 ,
712 3295 61 44 de
799 3295 212 59 l'Opéra,
1036 3295 67 45 M.
1136 3295 237 58 Vergriete,
1410 3295 222 57 pianiste,
1669 3292 53 45 M
1724 3297 53 21 me
1816 3291 499 55 Wurmser-Delcourt,
2352 3291 267 58 harpiste...
2644 3290 58 45 ils
2725 3288 165 46 furent

341 3366 111 40 tous
476 3358 98 46 très
597 3357 138 47 fétés.

474 3424 138 45 Nous
636 3437 210 44 croyons
869 3422 170 45 inutile
1064 3423 62 44 de
1149 3420 239 47 décerner
1412 3422 89 45 des
1524 3422 236 57 louanges
1783 3417 28 47 à
1834 3433 96 31 une
1953 3419 114 46 telle
2092 3418 194 60 pléiade
2311 3419 258 46 d'artistes.
2603 3417 129 58 Qu'il
2767 3431 125 31 nous

344 3488 164 47 suffise
547 3488 64 44 de
645 3488 264 44 remercier
935 3488 67 43 M.
1030 3486 203 46 Besnier
1256 3486 152 45 l'actif
1436 3484 254 61 président
1723 3484 62 44 de
1820 3484 340 58 l'association,
2187 3499 124 45 pour
2335 3484 46 46 la
2404 3485 77 43 vie
2506 3486 134 42 toute
2666 3481 226 47 nouvelle

345 3553 118 60 qu'il
486 3567 29 30 a
548 3567 56 30 su
637 3551 185 45 infuser
844 3549 28 48 à
895 3565 95 31 une
1015 3549 182 49 société
1222 3553 83 58 qui
1330 3565 62 32 ne
1416 3549 284 48 demandait
1723 3545 113 63 qu'à
1859 3546 293 61 s'épanouir.

2610 3625 59 46 G.
2709 3625 53 47 P.
