2997 4203
671 169 119 67 LE
866 149 478 89 CONGRÈS
1407 169 135 69 DE
1608 169 132 69 LA
1804 167 66 74 S.
1910 169 54 69 I.
2004 167 107 71 M.

2552 192 96 69 23

123 341 150 37 nous
323 338 150 38 nous
521 338 300 59 avançons
854 341 130 37 vers
1019 319 188 60 Louis
1242 319 164 59 XIII
1444 333 57 45 et
1538 341 149 37 nous
1720 341 38 58 y
1792 319 269 57 arrivons
2094 338 144 38 avec
2280 319 375 79 Bouzignac,

123 407 328 59 découvert
492 407 156 80 jadis
697 428 106 60 par
857 409 201 59 Henri
1109 408 311 69 Quittard.
1459 409 89 57 Le
1843 407 72 59 de
1957 408 281 80 Josquin,
2272 408 82 57 ici
2403 428 254 60 presque

122 500 271 78 antique,
430 520 149 37 nous
628 496 166 62 force
845 498 32 60 à
925 501 359 81 poursuivre
1334 500 239 58 ailleurs
1621 513 171 45 notre
1840 497 371 83 promenade
2257 496 31 61 à
2323 511 222 46 travers
2576 498 84 59 les

122 586 226 62 siècles.

710 679 32 59 à
791 681 55 59 la
894 682 140 59 salle
1086 684 273 68 Gaveau,
1396 677 77 61 où
1524 681 55 57 la
1626 681 198 60 Schola
1871 680 65 58 de
1967 681 65 57 St
2064 677 171 60 Louis
2268 700 152 37 nous
2453 680 205 57 attend

122 792 144 36 avec
301 793 80 35 un
417 792 392 59 programme
837 771 296 60 d'œuvres
1161 773 71 57 de
1259 773 54 57 la
1344 771 419 71 Renaissance,
1795 790 390 61 programme
2211 767 410 61 malheureuse-

125 875 167 44 ment
327 859 207 61 réalisé
569 883 107 58 par
710 861 101 59 des
845 883 251 61 moyens
1131 861 72 59 de
1236 859 265 72 fortune,
1538 875 59 45 et
1631 861 301 59 d'ailleurs
1967 859 140 58 hors
2140 859 74 58 de
2246 860 57 57 la
2351 881 275 59 responsa-

123 949 171 60 bilité
322 950 81 60 du
431 950 254 83 congrès
710 954 19 57 ?
769 953 604 81 Accepterons-nous
1399 952 372 58 l'invitation
1800 952 71 58 de

123 1039 79 61 où
238 1044 53 56 la
327 1044 282 80 musique
645 1042 380 82 huguenotte
1061 1043 78 57 du
1176 1043 154 58 XVI
1336 1044 17 19 e
1386 1041 176 60 siècle
1598 1058 143 45 veut
1777 1063 149 37 nous
1961 1042 224 58 retenir
2233 1041 218 59 durant
2500 1041 161 58 deux

122 1133 255 79 longues
426 1132 237 74 heures,
700 1148 58 45 et
809 1155 149 37 nous
1001 1146 290 57 montrer,
1327 1154 136 36 sous
1496 1133 55 57 la
1585 1132 292 60 conduite
1913 1132 72 58 de
2022 1132 98 58 M.
2153 1132 255 80 Expert,
2444 1131 216 81 qu'elle

764 2528 842 47 D
1606 2528 32 47 ans
1649 2528 21 47 la
1681 2528 74 47 galerie
1766 2528 31 47 des
1808 2528 63 47 glaces
1882 2528 10 47 a
1903 2528 106 47 Versailles

2309 2525 60 41 Cl.
2472 2524 117 41 Excelsior.

125 2667 153 59 aussi
314 2688 32 37 a
370 2662 146 83 joué
551 2686 106 37 son
694 2666 123 57 rôle
852 2665 143 60 dans
1028 2664 362 59 l'évolution
1426 2662 276 83 générale
1733 2665 17 57 ?
1790 2665 103 58 Ou
1920 2662 140 60 bien
2089 2662 577 82 obliquerons-nous

126 2779 128 37 vers
287 2756 266 60 l'Orient
587 2755 32 60 à
653 2758 55 57 la
742 2758 154 57 suite
930 2756 80 59 du
1048 2756 376 82 prestigieux
1462 2754 147 59 Père
1646 2756 305 70 Komitas,
1988 2756 106 79 qui
2130 2775 150 37 nous
2314 2751 271 61 entraîne
2634 2751 32 60 à

124 2848 36 58 Y
165 2846 162 83 église
779 2845 71 60 de
884 2848 56 57 la
973 2868 105 37 rue
1106 2848 148 77 Jean
1293 2845 246 80 Goujon
1578 2846 17 58 ?
1635 2844 87 60 Là
1755 2843 215 61 s'élève
2018 2866 75 36 en
2141 2841 235 61 fumées
2425 2863 241 39 sonores

127 2961 116 37 une
278 2937 394 61 insaisissable
706 2935 284 74 mélodie,
1026 2937 197 59 tandis
1258 2959 119 59 que
1411 2937 159 58 deux
1607 2937 166 71 voix,
1809 2934 30 60 à
1873 2937 55 58 la
1965 2949 211 69 quarte
2205 2957 77 37 ou
2312 2933 30 60 à
2369 2935 53 59 la
2450 2934 213 81 quinte

125 3028 341 60 s'efforcent
502 3027 72 58 de
609 3028 54 57 la
697 3028 224 57 retenir
955 3048 99 38 sur
1087 3042 173 43 terre.

306 3120 116 58 Les
457 3118 442 82 Congressistes
934 3132 105 45 ont
1073 3120 52 57 le
1161 3118 187 59 choix
1383 3142 14 46 ;
1434 3132 80 57 et,
1550 3117 144 58 dans
1726 3118 55 57 le
1816 3117 205 72 doute,
2058 3117 69 58 ils
2154 3117 269 58 assistent
2451 3113 32 60 à
2510 3127 155 46 tout.

127 3210 101 58 On
277 3210 83 58 les
408 3210 131 58 voit
588 3207 32 60 à
668 3208 55 58 la
772 3206 474 82 représentation
2473 3207 193 61 d'Otel
1603 3229 118 58 que
1773 3208 99 59 M.
1928 3208 202 58 Henri
2183 3206 212 58 Russel
2445 3205 152 58 tient
2633 3202 30 60 à

126 3300 231 58 donner
391 3321 74 37 en
499 3301 131 57 leur
663 3297 281 61 honneur
990 3321 75 37 au
1098 3297 267 61 Théâtre
1416 3299 101 58 des
1566 3296 572 84 Champs-Elysées,
2172 3319 145 37 avec
2352 3310 198 44 toutes
2585 3296 81 57 les

125 3389 212 61 étoiles
371 3390 71 60 de
476 3387 252 84 l'Opéra
762 3389 71 58 de
870 3391 245 57 Boston.

308 3480 101 59 On
455 3481 82 59 les
582 3480 272 81 aperçoit
899 3478 31 59 à
976 3480 54 57 la
1077 3480 153 59 Salle
1266 3479 210 72 Erard,
1513 3501 72 35 au

126 3570 298 82 organisé,
465 3568 194 84 dirigé
694 3583 58 46 et
788 3569 287 61 alimenté
1109 3592 108 62 par
1255 3572 98 58 M.
1392 3569 250 83 Elpidio
1680 3570 258 60 Pereira.
