2997 4203
272 148 35 68 8

1347 150 64 69 S.
1481 150 52 69 I.
1602 150 106 69 M.

448 299 113 57 Les
617 295 236 61 séances
910 298 71 58 de
1047 299 210 57 travail
1323 295 497 62 commencèrent
1870 298 251 59 aussitôt
2157 323 14 47 ;
2231 299 139 57 elles
2427 295 370 84 occupèrent

266 389 191 57 matin
492 403 58 43 et
585 387 376 81 après-midi,
1008 390 80 58 les
1122 389 92 57 six
1260 390 287 79 premiers
1590 389 186 79 jours.
1802 387 11 26 1
1854 389 99 59 On
2001 403 280 45 trouvera
2315 388 142 60 dans
2509 390 82 58 les

270 479 75 58 du
534 482 212 76 Congres
747 479 73 58 leur
879 495 245 66 compte
1177 481 189 57 rendu
1421 481 221 58 officiel
1691 493 58 45 et
1798 481 277 81 l'analyse
2141 478 276 60 détaillée
2475 479 72 59 de
2601 493 196 46 toutes

265 571 80 56 les
397 571 557 58 communications
1003 571 105 80 qui
1158 592 37 60 y
1235 568 204 61 furent
1495 568 354 83 présentées,
1900 571 235 58 tableau
2171 570 364 59 d'ensemble
2582 570 72 59 de
2705 591 92 38 ces

268 657 283 61 réunions
616 658 279 63 érudites.
962 662 183 57 Deux
1210 662 368 79 organismes
1641 661 295 71 distincts,
2000 660 428 59 fonctionnant
2495 658 272 84 parallèle-

269 764 188 57 ment,
494 751 324 59 assuraient
851 752 54 58 la
940 752 95 56 vie
1070 752 489 80 musicologique
1596 751 79 59 du
1713 750 272 81 Congrès
2015 773 12 37 :
2071 752 83 58 les
2254 752 259 58 sections
2611 765 58 45 et
2718 751 79 59 les

346 841 422 57 commissions
934 843 116 55 Les
1114 843 257 57 sections
1428 863 58 37 se
1558 843 414 57 contentaient
2051 841 371 59 d'accueillir
2483 843 81 57 les
2627 862 128 36 com-

270 931 428 73 munications,
735 930 71 59 de
842 931 228 58 donner
1106 953 117 36 aux
1257 945 265 46 orateurs
1563 931 319 60 l'occasion
1934 931 71 59 de
2056 929 364 85 développer
2471 931 326 60 librement

2272 2406 60 38 Cl.
2365 2406 192 39 Excelsior

691 2455 1696 47 Les
2390 2455 43 47 Congressistes
2436 2455 20 47 devant
2459 2455 23 47 l'Hôtel
2485 2455 10 47 des
2498 2455 33 47 Ingénieurs
2534 2455 20 47 Civils

691 2533 101 47 ou
842 2533 101 47 se
993 2533 354 47 tinrent
1397 2533 152 47 les
1599 2533 353 47 Séances
2002 2533 101 47 de
2153 2533 354 47 travail

266 2710 56 43 et
359 2695 469 80 publiquement
880 2699 155 57 leurs
1089 2696 193 61 thèses
1329 2721 78 36 ou
1459 2701 70 57 de
1580 2701 264 59 discuter
1901 2702 173 59 celles
2132 2702 71 59 de
2260 2705 157 57 leurs
2474 2702 322 83 collègues.

269 2787 114 56 Les
411 2786 441 71 commissions,
877 2809 69 36 au
987 2790 318 71 contraire,
1335 2790 431 81 s'imposaient,
1790 2793 126 57 loin
1952 2793 78 57 du
2069 2793 207 80 public
2311 2809 59 43 et
2405 2794 177 58 d'une
2621 2794 177 81 façon

269 2889 410 66 permanente,
717 2898 116 36 une
868 2876 177 60 tâche
1081 2878 365 61 résolument
1483 2883 279 78 pratique
1798 2907 13 44 ;
1863 2883 140 57 elles
2047 2883 399 81 s'efforçaient
2481 2884 71 58 de
2589 2885 211 59 rendre

266 2965 243 59 efficace
559 2967 53 55 le
659 2969 187 76 grand
886 2968 206 58 labeur
1141 2969 78 59 du
1257 2973 210 56 travail
1502 2973 447 71 international,
1986 2974 71 57 de
2103 2975 378 59 coordonner
2519 2977 55 57 le
2618 2975 182 82 passé,

268 3055 367 79 d'organiser
683 3055 250 60 l'avenir
969 3080 10 36 :
1032 3061 139 57 elles
1219 3058 225 75 furent,
1495 3082 73 37 en
1619 3083 80 36 un
1751 3078 151 56 mot,
1939 3063 71 59 de
2058 3063 315 61 véritables
2413 3064 387 63 laboratoires

268 3147 536 79 musicologiques.

448 3290 377 59 Sections
856 3312 15 38 :
954 3292 113 57 Les
1138 3293 256 58 sections
1450 3315 75 36 au
1590 3293 254 60 nombre
1909 3295 71 58 de
2044 3295 139 60 huit
2241 3320 57 36 se
2356 3297 444 82 spécialisèrent

268 3379 142 57 dans
443 3378 323 58 l'Histoire
800 3378 270 81 profane,
1112 3382 324 60 l'Histoire
1483 3384 335 80 religieuse,
1873 3386 428 83 l'Esthétique,
2356 3388 444 84 l'Ethnologie,

393 3504 9 21 1
444 3506 153 42 Citons
632 3516 94 32 tout
752 3506 393 57 particulièrement
1171 3525 82 27 une
1281 3510 155 43 Séance
1460 3510 73 45 des
1557 3511 92 58 plus
1672 3511 224 55 curieuses,
1921 3514 75 58 qui
2023 3530 39 27 se
2086 3515 85 43 tint
2197 3516 20 44 à
2241 3516 38 42 la
2305 3515 239 56 Sorbonne,
2569 3518 38 43 le
2631 3518 98 54 soir,
2757 3530 42 33 et

265 3570 103 44 dans
392 3571 182 61 laquelle
598 3571 38 42 le
660 3583 141 31 savant
828 3572 40 41 D
875 3579 7 17 l
882 3579 5 5 '
912 3574 191 56 Marage,
1129 3574 94 43 aidé
1247 3574 53 43 de
1326 3576 108 42 films
1459 3576 357 59 impressionants,
1841 3594 107 28 nous
1972 3591 169 32 montra
2165 3581 38 43 la
2229 3583 102 43 Voix
2353 3584 179 43 humaine
2552 3599 47 28 en
2622 3586 135 42 action.
