5364 7282
5003 6978 57 42 65

288 66 306 72 Umfang
631 72 210 58 zwölf
878 74 246 56 Seiten

4084 96 464 71 Einzelbezug
4631 103 88 56 40
4795 101 302 69 Pfennig

316 227 1578 746 DER
2083 227 2953 773 STURM

313 1054 1675 162 WOCHENSCHRIFT
2070 1043 359 180 FÜR
2524 1067 758 163 KULTUR
3397 1081 400 149 UND
3905 1088 305 149 DIE
4312 1067 745 183 KÜNSTE

437 1406 257 48 Redaktion
726 1409 90 41 und
850 1407 179 54 Verlag:
1063 1409 148 44 Berlin
1236 1409 56 44 W
1313 1410 28 44 9
1374 1411 9 52 /
1419 1410 271 45 Potsdamer
1712 1412 159 44 Straße
1905 1414 49 42 18

439 1490 332 55 Fernsprecher
792 1494 107 42 Amt
920 1492 190 44 Lützow
1140 1495 112 42 4443
1286 1496 10 52 /
1328 1496 466 51 Anzeigenannahme
1816 1498 138 42 durch

618 1577 86 42 den
736 1576 162 52 Verlag
929 1579 88 41 und
1052 1580 236 43 sämtliche
1320 1581 454 44 Annoncenbureaus

3439 1422 439 54 Vierteljahrsbezug
3913 1426 92 51 1,50
4037 1428 129 43 Mark
4217 1432 15 53 /
4261 1432 403 56 ;Halbjahrsbezug
4701 1437 28 41 3
4768 1437 130 44 Mark
4940 1439 10 53 /

3440 1506 309 54 Jahresbezug
3778 1508 98 51 6,—
3910 1509 129 44 Mark
4067 1519 15 45 /
4116 1514 70 42 bei
4209 1515 127 44 freier
4358 1517 264 58 Zustellung
4655 1522 9 51 /
4697 1521 226 53 Anzeigen-

3442 1594 118 53 preis
3606 1594 67 42 für
3718 1596 70 42 die
3835 1594 359 54 fünfgespaltene
4237 1599 396 55 Nonpareillezeile
4668 1605 55 42 60
4760 1605 193 52 Pfennig

2195 1443 382 55 Herausgeber
2637 1450 104 42 und
2804 1449 395 45 Schriftleiter:

2193 1531 176 81 HER
2376 1533 332 78 WARTH
2779 1536 210 72 WAL
3004 1538 192 70 DEN

293 1769 367 80 DRITTER
706 1771 486 79 JAHRGANG

2402 1779 307 79 BERLIN
2760 1783 194 69 JUNI
3007 1788 157 64 1912

4365 1791 413 81 NUMMER
4831 1794 256 78 1131114

279 1965 443 97 Inhalt:

883 1975 169 51 Franz
1079 1977 173 51 Marc:
1284 1975 149 51 Ideen
1462 1977 123 51 über
1602 1975 537 59 Ausstellungswesen
2178 1975 34 64 /
2232 1978 173 55 Alfred
2435 1982 210 51 Döblin:
2678 1982 105 51 Der
2811 1984 270 50 schwarze
3109 1985 244 56 Vorhang
3372 1982 173 62 /Else
3582 1990 460 51 Lasker-Schüler:
4071 1989 171 50 Briefe
4269 1994 126 45 nach
4423 1992 287 58 Norwegen
4733 1992 32 61 /
4786 1997 135 49 Fritz
4947 1999 100 49 Hüb-

883 2072 113 39 ner:
1038 2060 89 49 Ein
1169 2060 433 61 Lyriker/Egon
1643 2061 193 61 Löwy:
1878 2061 107 50 Der
2014 2063 284 58 Philosoph
2322 2063 113 63 /H.
2459 2067 80 49 W.
2551 2085 13 34 :
2601 2067 163 52 Kunst
2813 2070 73 49 als
2928 2072 136 55 Spiel
3128 2075 100 46 und
3267 2068 91 51 Stil
3382 2070 31 63 /
3435 2075 128 49 Curt
3597 2073 381 49 Seidel-Turin:
4022 2075 75 47 La
4139 2087 132 35 voce
4291 2073 34 63 /
4347 2077 175 52 Hanns
4564 2080 149 51 Bolz:
4757 2077 338 62 Zeichnung/

282 2143 176 57 Georg
495 2144 249 58 Tappert:
784 2146 537 56 Originalholzschnitt
1342 2146 33 61 /
1397 2148 239 52 Wilhelm
1673 2149 280 58 Morgner:
2004 2151 552 56 Originalholzschnitt.

232 6832 284 81 Hanns
577 6830 224 80 Bolz:
861 6858 72 55 Le
966 6869 127 48 père
1127 6863 271 54 tranquille
1431 6857 32 61 /
1497 6858 309 60 Zeichnung.
