3276 4417
3119 4299 68 34 565

88 96 106 38 deutet,
234 88 87 35 nicht
360 85 88 35 ohne
487 84 80 34 dass
607 83 70 35 ihre
716 85 238 35 Grausamkeit
992 88 58 35 ihn

88 155 104 31 immer
220 141 121 37 wieder
371 138 184 34 enttäuscht
586 139 71 33 und
688 138 158 34 abstösst.
892 140 47 33 Er
969 142 65 32 assi-

87 202 107 36 miliert
220 198 46 33 sie
292 197 34 32 in
353 194 105 32 einem
487 192 145 33 Prozess
659 193 228 42 fortgesetzter
914 194 116 34 Enttäu-

85 257 170 38 schungen.
310 249 61 33 Die
413 245 252 43 Masslosigkeit
704 247 109 33 seiner
854 247 195 43 Absichten,

83 313 48 33 die
167 305 152 39 Idealität,
357 301 51 33 die
446 299 241 44 Leidenschaft,
723 301 32 42 ja
792 300 59 34 der
886 301 145 34 Selbstbe-

84 369 78 35 trug,
203 359 50 33 die
291 357 83 33 Welt
411 355 85 32 nach
536 355 125 32 seinem
701 354 96 34 Bilde
835 355 131 34 formen
1006 367 42 22 zu

83 420 134 35 können,
245 412 46 33 sie
318 419 65 25 nur
409 408 106 34 durch
543 409 71 32 sich
642 419 43 23 zu
712 409 242 42 rechtfertigen,
970 409 79 34 sind

83 473 62 33 ihm
172 468 140 43 gemäss.
356 464 61 32 Die
445 461 190 44 tragischen
666 462 169 34 Gestalten
865 463 59 33 der
953 463 80 33 ikari-

80 525 91 35 schen
205 519 180 43 Jünglinge
416 519 102 31 treten
552 517 33 34 in
619 517 91 43 jeder
741 517 206 34 Generation
980 527 68 23 von

82 587 106 29 neuem
223 575 130 39 hervor,
388 581 68 23 von
491 570 64 35 den
590 571 261 42 ergreifendsten
888 571 141 33 Dichtun-

81 643 57 34 gen
164 630 127 33 erfasst:
322 627 52 32 ein
402 625 154 34 Werther
583 625 71 34 und
683 625 94 33 Niels
807 625 126 43 Lyhne.
976 625 72 33 Das

84 687 100 35 Leben
209 683 150 41 erzeugte
385 680 53 33 die
453 679 172 43 Tragödie
639 680 161 33 Heinrich
827 689 67 24 von
912 679 134 36 Kleists.

80 743 90 33 Diese
184 734 131 45 Jugend
330 735 41 33 ist
402 734 204 42 totgeweiht.
653 734 74 33 Den
747 733 174 34 Idealisten
954 733 76 34 über-

82 796 56 34 lebt
169 792 57 33 der
257 788 175 44 Skeptiker.

160 847 65 32 Der
256 844 108 33 Mann
395 842 56 34 hat
481 842 133 38 Qualen
645 842 70 33 und
745 841 301 42 Enttäuschungen

76 900 179 41 bestanden,
288 898 99 34 deren
402 898 72 42 jede
500 898 72 33 eine
587 896 133 35 Wunde
747 897 202 43 geschlagen
980 897 67 43 hat,

80 958 48 33 die
152 956 148 40 langsam
327 952 156 33 vernarbt
509 952 51 41 ist,
588 950 91 34 nicht
705 950 90 34 ohne
821 951 96 33 einen
944 950 102 34 leisen

79 1010 155 39 Schmerz,
266 1008 72 32 eine
371 1005 108 42 Frage
509 1007 75 31 statt
615 1005 90 33 einer
739 1004 169 43 Antwort,
941 1004 86 35 Zwei-

80 1066 34 32 fel
149 1064 70 32 statt
256 1059 249 42 Verzweiflung
542 1070 43 23 zu
625 1058 231 35 hinterlassen.
910 1059 46 33 Er
993 1058 56 35 hat

78 1119 47 34 die
159 1117 142 34 Schauer
338 1114 57 33 des
432 1113 156 35 Sterbens
624 1113 159 44 physisch
820 1113 71 34 und
927 1113 123 43 geistig

78 1169 266 45 vorempfunden,
373 1169 64 34 den
464 1168 202 43 Untergang
691 1178 68 24 von
785 1167 241 42 Ueberzeugun-

77 1237 68 34 gen,
179 1225 60 33 das
273 1221 167 37 Scheitern
475 1233 68 23 von
579 1222 179 42 Gefühlen,
795 1221 65 35 den
894 1221 154 34 Wechsel

77 1291 59 24 von
169 1279 209 42 Neigungen,
413 1277 53 33 die
498 1276 289 43 Veränderungen
820 1277 58 33 des
912 1276 135 43 Urteils,

77 1335 47 34 die
172 1331 248 42 Vieldeutigkeit
476 1331 159 33 sittlicher
686 1330 145 44 Begriffe
883 1330 163 35 erfahren.

80 1390 125 41 Körper
234 1387 69 34 und
332 1385 95 35 Geist
455 1387 149 32 mussten
635 1385 70 34 sich
734 1395 44 24 an
807 1385 54 33 die
888 1384 143 34 verschie-

77 1445 99 34 denen
217 1441 141 36 Klimate
399 1441 58 33 der
496 1440 248 34 menschlichen
785 1439 171 34 Zustände
995 1448 36 33 ge-

78 1498 138 34 wöhnen
242 1495 71 34 und
338 1496 45 33 im
409 1494 276 35 fortwährenden
710 1494 153 34 Wechsel
889 1504 68 24 von
983 1493 43 34 Ge-

77 1554 115 41 lingen,
227 1551 173 41 Ertragen,
437 1548 264 44 Sichverbergen
736 1548 70 35 und
840 1548 208 34 -offenbaren

78 1606 154 35 bestehen.
280 1604 63 34 Die
374 1603 257 43 Beweglichkeit
663 1603 58 34 der
753 1602 135 44 Jugend
919 1602 131 34 verliert

77 1660 75 42 sich,
186 1660 63 33 wie
283 1658 53 34 die
368 1658 201 44 geflügelten
606 1658 277 33 Pflanzensamen
917 1656 132 34 endlich

77 1714 169 43 irgendwo
280 1713 119 34 ruhen.
450 1713 46 33 Es
531 1713 71 42 gilt,
640 1722 43 24 zu
718 1712 163 33 wurzeln.
933 1711 115 33 Durch

77 1768 202 44 gesammelte
305 1768 202 42 Spannkraft
531 1767 89 34 wird
646 1767 58 34 der
728 1766 154 34 fühlbare
910 1765 148 43 Mangel*

77 1834 36 23 an
146 1825 150 31 äusserer
328 1821 245 43 Veränderung
607 1823 127 32 ersetzt.
783 1820 267 43 Standfestigkeit

78 1878 36 33 ist
145 1877 59 33 das
240 1876 234 36 Kennzeichen
509 1875 107 34 dieses
649 1874 212 43 Charakters,
896 1875 59 33 der
989 1874 61 33 das

78 1932 143 41 Erleben,
252 1931 53 33 die
331 1931 195 42 Ereignisse
552 1931 90 33 nicht
670 1929 94 34 mehr
791 1929 164 42 aufsucht,
971 1938 59 23 son-

77 1987 75 34 dern
187 1987 163 40 erwartet,
386 1985 90 33 nicht
511 1985 58 33 mit
604 1984 102 34 ihnen
741 1983 195 42 davonjagt,
973 1992 58 24 son-

77 2041 76 33 dern
190 2042 34 32 in
261 2039 91 34 ihrer
393 2040 95 32 Mitte
526 2039 158 33 verharrt.
739 2038 71 43 „En
849 2037 120 42 vivant,
1009 2046 40 24 en

78 2097 114 40 voyant
219 2095 47 33 les
294 2094 164 41 hommes,
488 2094 22 32 il
537 2093 79 42 faut,
646 2102 64 33 que
737 2093 29 32 le
793 2102 101 24 coeur
921 2101 35 23 se
983 2091 49 33 bri-

70 2159 43 31 se,
143 2160 44 23 ou
202 2160 35 23 se
443 2147 232 43 (Champfort)
707 2147 99 33 Diese
834 2146 214 42 Verhärtung

77 2202 107 42 bringt
220 2201 71 34 eine
329 2200 62 34 Art
427 2211 67 23 von
531 2200 177 34 Passivität
743 2199 59 33 mit
838 2198 81 34 sich.
969 2198 80 34 Wer

77 2256 123 33 möchte
225 2255 52 33 die
302 2255 198 42 Bedeutung
526 2255 59 33 der
609 2254 214 43 Neigungen,
851 2254 52 33 die
931 2252 116 34 Macht

77 2310 54 33 der
171 2310 163 41 Instinkte,
375 2309 53 33 die
465 2309 195 33 Herrschaft
698 2308 58 33 des
795 2307 151 42 Willens,
985 2306 63 34 alle

77 2363 286 43 Veranlassungen
404 2363 58 34 der
505 2362 156 35 Aktivität
701 2362 89 34 noch
837 2361 190 35 herbeiwün-

77 2418 104 42 schen,
219 2418 57 33 der
311 2420 115 31 immer
461 2418 124 33 wieder
620 2427 42 24 an
698 2417 71 33 ihre
803 2416 157 34 Grenzen
995 2425 36 33 ge-

77 2473 109 34 mahnt
218 2473 130 34 wurde!
400 2472 63 33 Die
499 2472 156 33 Aktivität
688 2472 42 32 ist
762 2472 75 41 jetzt
871 2480 88 33 ganz
993 2470 56 33 auf

77 2526 49 33 die
161 2526 168 43 Fähigkeit
364 2526 57 33 des
456 2527 137 32 inneren
628 2525 172 42 Erlebens,
835 2524 59 33 des
928 2524 101 33 Erken-

77 2591 89 32 nens,
195 2581 91 34 nicht
313 2580 56 34 auf
399 2581 60 34 das
487 2580 122 42 Sagen,
639 2579 149 34 sondern
817 2578 56 33 auf
900 2578 62 33 das
990 2578 40 32 Er-

76 2636 126 33 widern
238 2636 192 40 verwiesen,
468 2634 59 33 der
563 2633 94 34 Geist
692 2634 42 31 ist
769 2643 43 23 zu
847 2634 91 31 einer
973 2632 63 33 fein-

75 2691 70 32 sten
171 2690 106 41 Wage
303 2689 58 32 der
388 2688 275 42 Erscheinungen
690 2686 183 44 geworden
900 2686 71 34 und
996 2685 36 34 be-

75 2744 124 32 stimmt
238 2744 48 31 sie
324 2743 58 32 mit
421 2743 89 32 einer
548 2742 239 33 annähernden
827 2740 222 44 Objektivität.

77 2798 62 33 Die
174 2797 158 34 Antwort
365 2796 56 35 auf
453 2796 94 43 jeden
581 2798 157 31 äusseren
774 2795 124 34 Anreiz
931 2794 121 43 erfolgt

78 2851 132 42 lebhaft,
240 2851 88 34 doch
358 2851 88 33 ohne
475 2850 63 34 den
570 2850 107 33 Mann
706 2860 115 23 ausser
850 2849 71 34 sich
948 2848 103 33 selbst

78 2918 41 22 zu
159 2907 153 41 bringen.
366 2905 71 33 Das
477 2905 155 33 Erlebnis
670 2905 59 42 gilt
767 2914 65 23 nur
870 2903 94 34 mehr
1003 2903 50 33 als

78 2961 51 33 ein
172 2959 181 35 Anschein.
409 2959 68 33 Der
520 2959 108 33 Mann
668 2961 102 30 erntet
816 2958 52 33 die
912 2957 141 34 Früchte

78 3016 105 32 seiner
223 3015 162 42 einstigen
427 3012 232 43 Niederlagen.
715 3013 155 32 Ehemals
911 3012 141 33 bestand

79 3071 86 32 seine
196 3069 142 33 Freiheit
366 3070 33 31 in
427 3067 169 43 Hingabe,
625 3068 75 42 jetzt
726 3068 34 33 in
788 3066 58 34 der
874 3065 179 44 Wahrung

78 3125 105 33 seines
214 3125 117 33 Selbst.
378 3123 71 33 Das
481 3122 127 33 Pathos
640 3121 58 33 der
729 3121 134 42 Jugend
893 3121 57 42 lag
979 3119 56 34 dar-

82 3178 41 40 in,
157 3178 78 33 dass
267 3179 48 32 sie
347 3177 53 33 die
434 3178 113 41 eigene
583 3175 94 36 Kraft
710 3175 71 33 und
814 3174 53 33 die
899 3173 58 33 der
990 3173 42 34 Ge-

74 3232 149 34 samtheit
263 3232 150 34 verkehrt
453 3231 208 33 einschätzte.
718 3230 70 32 Das
830 3229 125 33 Pathos
995 3229 58 33 des

84 3286 151 41 Mannes,
266 3286 58 33 des
355 3285 186 43 Skeptikers
571 3285 78 41 liegt
679 3284 34 32 in
744 3283 75 33 dem
849 3283 132 33 Wissen
997 3292 57 23 um

81 3339 50 33 die
167 3341 91 32 letzte
296 3339 194 36 Ohnmacht
527 3339 80 33 aller
644 3335 217 36 selbstischen
900 3337 153 42 Energie,

75 3395 50 32 die
157 3393 202 44 gleichwohl
392 3395 50 33 als
475 3394 52 33 die
560 3394 129 42 einzige
724 3391 330 43 Lebenswürdigkeit

82 3448 197 42 empfunden
320 3448 98 34 wird.
475 3448 63 33 Die
592 3446 205 42 unbedingte
847 3445 206 41 Bewegung,

82 3501 57 33 das
169 3502 227 34 vorwaltende
426 3500 159 35 Handeln
617 3501 58 33 der
707 3499 135 43 Jugend
873 3501 81 32 setzt
983 3500 73 32 eine

82 3563 38 24 so
155 3556 134 42 sichere,
326 3557 64 33 wie
425 3556 123 33 falsche
585 3554 70 35 und
690 3553 167 43 einfältige
893 3553 164 42 Wertung

85 3618 62 24 von
178 3610 165 43 Richtung
371 3610 71 34 und
472 3610 71 33 Ziel
572 3619 136 31 voraus,
740 3608 53 33 die
821 3607 233 41 verharrende,

85 3661 242 37 beobachtende
361 3664 93 36 Ruhe
487 3664 59 33 der
579 3663 134 44 Skepsis
747 3664 41 31 ist
821 3662 106 33 durch
961 3662 95 33 einen

85 3716 148 43 langsam
269 3719 197 41 erwachten,
505 3719 107 34 zähen
654 3717 137 34 Instinkt
828 3716 53 33 für
918 3715 62 34 das
1016 3716 28 42 je-

85 3770 127 43 weilige
241 3771 293 44 Gegenargument
564 3772 149 43 bedingt.
759 3770 55 35 An
844 3770 96 35 Stelle
969 3770 89 33 einer

84 3823 169 36 Wahrheit
287 3829 99 31 treten
420 3826 177 43 vielfältige
631 3825 338 44 Gegenwahrheiten,
1005 3823 53 34 die

85 3876 199 48 Gesinnung
316 3881 34 33 in
385 3880 161 34 Dialektik
580 3880 194 34 verfeinern.
822 3879 63 33 Die
921 3878 116 34 Leiden-

85 3930 110 44 schaft,
232 3932 59 35 das
326 3933 251 43 Temperament
611 3934 78 33 sind
722 3944 68 24 von
826 3934 58 33 der
918 3932 118 42 Gefolg-

86 3984 100 35 schaft
210 3988 89 32 einer
324 3988 170 33 einzelnen
524 3988 73 33 Idee
623 3988 84 34 oder
732 3987 190 43 Handlung
947 3988 90 41 losge-

82 4038 84 34 zählt
202 4041 69 33 und
308 4041 148 43 gehören
505 4043 35 32 in
588 4043 72 33 eine
699 4042 151 42 Freiheit,
900 4041 54 34 die
1002 4041 36 34 be-

87 4093 129 34 rauscht
251 4095 58 33 der
342 4096 137 44 eigenen
516 4096 231 43 Bestimmung
783 4097 77 32 inne
874 4094 99 42 wird,
989 4095 52 33 völ-

87 4142 44 43 lig
162 4146 56 33 der
251 4147 290 43 Argumentation.
590 4149 128 33 Früher
749 4149 131 33 mochte
910 4158 78 24 man
1021 4149 34 33 in

89 4196 55 34 der
178 4200 82 34 Welt
296 4203 184 41 mitspielen
518 4203 69 33 und
625 4203 151 41 unterlag
814 4202 74 33 dem
925 4212 131 32 ganzen

1140 90 166 34 Schicksal
1345 91 57 33 des
1441 91 231 42 dargestellten
1710 92 210 35 Charakters.
1972 94 85 41 Jetzt
2070 104 31 24 er-

1140 144 97 33 blickt
1275 154 77 23 man
1392 144 61 34 das
1491 145 195 34 Geschehen
1726 147 49 32 als
1813 147 195 34 Zuschauer
2046 148 70 34 und

1138 197 87 34 lenkt
1255 207 35 23 es
1321 208 42 23 an
1395 198 65 34 den
1493 199 149 34 Drähten
1673 199 58 34 der
1763 200 151 42 zugleich
1946 202 152 42 imaginie-

1138 251 125 34 renden
1305 251 70 34 und
1415 252 236 34 überraschten
1695 254 172 33 Dialektik.
1923 255 81 33 Dies
2043 256 73 42 gibt

1138 306 93 32 einen
1270 305 205 43 Vorsprung
1512 307 59 33 des
1608 307 186 43 Skeptikers
1830 318 63 23 vor
1930 308 89 43 jeder
2055 309 62 34 Tat

1138 358 106 34 durch
1282 358 53 34 die
1370 360 271 43 Vorwegnahme
1677 362 80 32 aller
1794 362 90 33 ihrer
1919 362 176 42 Unzuläng-

1138 412 181 43 lichkeiten,
1354 423 62 24 vor
1446 415 106 42 jedem
1588 414 189 35 Abschluss
1809 416 107 33 durch
1948 416 53 33 die
2032 416 63 33 Vor-

1139 466 198 42 wegnahme
1378 467 58 34 des
1476 468 259 42 Gegeneinfalls,
1776 480 63 23 vor
1879 469 58 33 der
1980 469 117 34 Leiden-

1138 520 106 35 schaft
1270 522 106 33 durch
1403 522 53 33 die
1484 522 232 45 Antizipation
1743 523 89 34 ihrer
1846 523 266 43 Enttäuschung.

1138 574 68 33 Der
1245 575 168 43 Skeptiker
1451 576 90 34 führt
1579 578 59 33 mit
1676 578 104 33 lauter
1818 577 298 42 Enttäuschungen

1137 630 113 33 seinen
1279 630 176 34 Haushalt.
1500 630 76 34 Nur
1604 631 122 42 glaube
1755 641 77 23 man
1862 630 59 33 ihn
1949 631 90 33 nicht
2053 640 62 24 vor

1136 683 246 44 Verbitterung,
1399 685 213 43 Empörung,
1629 685 104 42 Zorn,
1765 684 158 35 Abscheu
1952 684 160 35 bewahrt.

1138 736 93 35 Aber
1260 748 35 23 er
1324 739 109 33 macht
1462 748 62 25 aus
1554 739 112 34 diesen
1698 738 312 42 Notwendigkeiten
2025 739 91 32 seine

1133 793 193 35 Freiheiten.
1371 795 77 33 Von
1476 795 59 33 der
1564 794 212 43 Bedingtheit
1805 794 80 33 alles
1900 793 214 34 Geschehens

1137 846 217 34 tausendfach
1389 847 161 44 gefesselt,
1586 847 84 33 lernt
1705 857 35 23 er
1774 846 83 34 eben
1893 847 47 32 sie
1975 846 121 43 gebrau-

1137 901 93 42 chen,
1268 903 34 33 in
1338 903 58 32 der
1430 901 193 35 Ohnmacht
1658 901 58 34 des
1754 901 129 33 Lebens
1931 900 53 33 die
2022 900 94 36 Kraft

1136 957 108 33 seiner
1280 955 276 44 Anschauungen
1589 957 184 42 geniessen.
1823 955 63 33 Die
1921 953 126 43 Macht,
2064 953 52 35 die

1137 1010 74 34 dem
1237 1011 139 42 Tätigen
1403 1011 34 34 in
1464 1011 122 33 diesem
1611 1011 125 33 kurzen
1764 1009 110 34 Leben
1900 1009 61 33 das
1985 1009 130 41 einzige

1137 1065 165 33 sichtbare
1335 1065 96 33 Mass
1461 1066 108 33 seiner
1598 1063 262 35 Persönlichkeit
1890 1063 106 42 bietet,
2027 1062 89 34 wird

1136 1119 244 41 verinnerlicht,
1422 1119 243 42 durchgeistigt
1705 1117 106 34 durch
1851 1117 72 33 eine
1962 1116 152 43 zugleich

1136 1174 202 42 entsagende
1370 1174 71 33 und
1472 1173 124 34 wieder
1627 1173 190 42 grossartig
1848 1170 269 35 ausschreitende

1139 1227 229 42 Bewusstheit,
1404 1227 53 33 die
1491 1227 53 33 ihr
1578 1227 174 33 Erkennen
1787 1227 58 33 mit
1879 1226 127 33 keinem
2040 1225 76 33 Tun

1138 1282 214 35 vertauschen
1387 1282 142 33 möchte.
1579 1282 70 33 Das
1685 1280 175 34 heroische
1896 1279 126 34 Pathos
2058 1278 59 34 des

1137 1336 185 42 Skeptikers
1354 1336 78 42 liegt
1464 1336 109 41 darin,
1606 1336 80 33 dass
1717 1345 35 23 er
1783 1334 124 33 seinem
1939 1333 176 34 Erkennen

1138 1390 52 34 die
1220 1390 137 42 Würde,
1391 1390 81 33 Lust
1501 1390 70 33 und
1600 1389 198 42 Bedeutung
1827 1388 58 33 der
1914 1387 200 41 Handlung,

1138 1444 70 35 und
1239 1454 94 25 zwar
1364 1454 61 24 aus
1456 1444 133 43 eigener
1623 1442 412 35 Machtvollkommenheit
2048 1450 51 24 ver-

1138 1499 87 34 leiht.
1275 1499 82 33 Eine
1395 1498 152 42 Illusion,
1582 1498 54 33 die
1669 1507 62 24 vor
1766 1497 59 33 der
1860 1494 256 43 Enttäuschung

1138 1554 172 43 geschützt
1338 1554 52 41 ist,
1420 1552 76 34 weil
1524 1554 47 31 sie
1598 1552 71 33 sich
1698 1552 88 33 ihrer
1814 1550 132 34 bedient
1974 1549 70 34 und
2072 1559 44 24 an

1138 1608 54 34 ihr
1216 1609 117 32 immer
1347 1607 125 34 wieder
1496 1610 113 31 erneut
1623 1606 98 34 wird.
1750 1605 106 34 Dabei
1872 1604 77 44 geht
1963 1603 136 34 schliess-

1137 1662 65 34 lich
1237 1662 101 34 selbst
1373 1661 59 34 der
1464 1661 98 34 Wille
1597 1670 42 24 zu
1674 1660 158 43 positiver
1869 1657 228 43 Lebensgestal-

1139 1719 82 40 tung
1251 1714 153 36 lächelnd
1433 1717 106 32 unter.
1582 1715 83 33 Eine
1695 1714 211 41 Erkenntnis,
1938 1712 53 33 die
2020 1712 95 33 ihren

1140 1771 214 33 köstlichsten
1382 1769 109 35 Anteil
1517 1769 58 34 der
1601 1770 101 32 Beute
1726 1768 123 43 gerade
1873 1777 62 23 aus
1960 1766 58 33 der
2033 1766 62 33 Tor-

1140 1825 73 42 heit,
1246 1825 63 33 den
1343 1825 192 40 Irrtümern,
1567 1823 59 33 der
1655 1823 116 33 immer
1801 1819 315 36 wiederkehrenden

1140 1879 124 35 Schuld
1303 1879 116 41 erhält,
1462 1877 130 33 möchte
1632 1876 53 34 die
1731 1876 203 33 schwersten
1979 1873 139 45 Mängel

1140 1934 88 34 nicht
1258 1935 136 39 missen,
1426 1931 100 35 deren
1556 1932 47 32 sie
1634 1930 127 41 bedarf,
1792 1940 58 23 um
1879 1928 70 33 sich
1980 1929 34 33 in
2047 1927 52 33 Lei-

1139 1988 63 34 den
1232 1987 70 34 und
1333 1986 80 34 Lust
1441 1997 42 23 zu
1510 1995 172 25 erneuern.
1726 1985 53 33 Sie
1805 1982 119 36 würde
1952 1982 54 33 die
2033 1982 63 33 Tor-

1138 2042 66 34 heit
1244 2041 194 41 erschaffen,
1481 2050 99 24 wenn
1620 2041 47 31 sie
1707 2038 91 34 nicht
1838 2036 173 42 bestünde,
2054 2036 62 33 das

1138 2095 168 36 Schlechte
1340 2105 174 32 erzeugen,
1552 2104 56 23 um
1643 2091 71 35 sich
1750 2092 147 34 darüber
1931 2101 42 23 zu
2007 2091 92 32 erzür-

1138 2161 75 31 nen,
1242 2150 61 34 das
1317 2148 272 43 Unzulängliche
1614 2147 185 41 aufziehen,
1828 2156 56 23 um
1911 2144 64 34 den
1990 2143 126 34 Traum

1138 2204 58 34 der
1225 2203 302 34 Vollkommenheit
1556 2212 43 24 zu
1627 2201 142 33 erleben.
1813 2200 77 34 Sein
1921 2197 122 35 Leiden
2058 2208 40 22 un-

1138 2261 47 31 ter
1210 2258 43 33 all
1281 2257 59 34 der
1366 2255 313 43 Widerwärtigkeit,
1708 2253 183 35 Schwäche
1916 2252 72 34 und
2015 2251 82 33 Narr-

1138 2314 65 33 heit
1234 2313 73 43 gibt
1339 2313 75 33 dem
1447 2310 168 44 Skeptiker
1647 2309 61 33 das
1740 2310 78 41 gute
1851 2307 111 42 Recht,
1996 2307 47 32 sie
2075 2316 43 22 zu

1138 2367 151 43 bejahen,
1318 2366 43 34 da
1389 2376 34 23 er
1450 2375 62 24 aus
1538 2365 114 33 seinen
1680 2364 245 42 Empörungen
1952 2363 72 31 sein
2050 2361 50 33 ein-

1138 2424 92 41 ziges
1263 2421 109 34 Glück
1405 2420 142 42 schöpft.
1599 2419 84 32 Man
1716 2417 78 34 hört
1827 2418 47 32 oft
1907 2415 53 34 die
1991 2415 109 33 theore-

1138 2476 82 34 tisch
1260 2474 199 43 gerichteten
1501 2473 119 33 Aerzte
1658 2470 255 42 anschuldigen,
1954 2469 79 34 dass
2071 2469 48 33 sie

1140 2531 82 33 über
1256 2530 74 33 dem
1363 2528 175 33 Erkennen
1572 2526 58 33 des
1663 2526 123 33 Uebels
1819 2524 118 34 dessen
1970 2523 150 42 Heilung

1138 2594 188 33 vergessen.
1372 2583 70 32 Das
1474 2583 42 32 ist
1546 2580 70 34 ihre
1648 2580 144 43 Skepsis.
1840 2578 62 33 Die
1936 2577 183 36 Krankheit

1140 2639 41 32 ist
1208 2638 98 43 ewig,
1336 2637 53 33 die
1417 2636 142 33 Arzenei
1587 2635 109 33 macht
1723 2635 95 32 einen
1846 2632 171 33 einzelnen
2047 2631 70 33 Fall

1140 2695 59 40 gut
1257 2691 69 33 Der
1357 2690 169 42 Skeptiker
1557 2690 56 32 hat
1645 2699 43 24 an
1721 2688 74 33 dem
1829 2686 180 43 erledigten
2042 2684 58 34 Ein-

1140 2745 108 34 zelfall
1288 2745 113 33 weiter
1441 2744 73 33 kein
1559 2744 167 32 Interesse.
1782 2742 47 33 So
1868 2740 136 34 werden
2044 2738 72 42 Tat,

1141 2799 178 42 Wirkung,
1354 2798 109 35 Ruhm
1496 2797 70 34 und
1601 2796 115 34 Macht
1747 2805 108 33 gegen
1887 2794 63 34 den
1983 2794 137 34 Genuss

1141 2854 58 34 des
1237 2853 204 41 Erkennens,
1480 2861 107 33 gegen
1625 2850 64 34 den
1728 2850 77 35 Reiz
1844 2848 58 33 der
1939 2848 70 33 sich
2048 2848 57 32 stei-

1140 2907 149 44 gernden
1328 2907 71 33 und
1435 2916 54 23 am
1527 2904 241 43 Widerspruch
1806 2904 70 33 sich
1915 2902 204 34 belebenden

1141 2961 174 42 Dialektik,
1354 2970 106 36 gegen
1499 2960 53 33 die
1589 2959 118 33 weiten
1747 2957 181 34 Ausblicke
1964 2956 60 33 der
2062 2955 38 33 Er-

1140 3016 158 41 fahrung,
1330 3015 128 33 Freude
1485 3013 88 34 wird
1601 3022 106 33 gegen
1735 3012 111 41 Trost,
1876 3010 109 34 Glück
2012 3019 106 33 gegen

1141 3071 177 41 Genügen,
1355 3069 79 42 Sieg
1467 3078 108 32 gegen
1611 3065 94 37 Ruhe
1740 3065 247 43 drangegeben.
2039 3064 82 33 Eine

1141 3121 310 44 leidenschaftliche,
1493 3121 226 42 unbegrenzte
1759 3119 224 42 Betrachtung
2022 3118 99 33 kennt

1142 3179 116 33 keinen
1288 3176 151 35 Wunsch
1467 3175 105 42 mehr,
1602 3175 49 33 als
1681 3174 70 33 sich
1781 3173 112 33 selbst.
1938 3173 99 32 Diese
2067 3172 51 33 bei

1141 3232 229 43 gesammelter
1398 3231 94 35 Kraft
1517 3229 178 34 scheinbar
1719 3238 57 23 um
1801 3238 42 23 so
1855 3226 244 43 widerspruchs-

1141 3286 123 33 vollere
1303 3285 103 41 Ruhe,
1447 3285 107 33 dieser
1592 3283 115 42 eifrige
1748 3282 230 41 Müssiggang
2018 3280 101 42 (nach

1137 3339 175 34 Nietzsche
1348 3340 80 33 aller
1464 3339 224 43 Psychologie
1725 3337 165 42 Anfang),
1928 3335 69 33 dies
2032 3337 70 31 stän-

1143 3394 77 42 dige
1253 3392 240 35 Sichfreireden
1527 3392 70 34 und
1631 3389 274 41 Sichlosdenken,
1941 3388 89 33 diese
2044 3388 62 33 Stei-

1142 3457 133 33 gerung
1300 3448 58 32 des
1382 3447 162 43 geistigen
1559 3445 146 41 Gehörs,
1732 3445 58 33 des
1815 3441 304 45 psychologischen

1145 3501 164 43 Gesichts,
1348 3501 106 32 dieses
1489 3500 171 42 gelassene
1696 3499 152 33 Schauen
1884 3498 35 32 in
1954 3496 63 33 alle
2055 3493 44 35 Ab-

1143 3554 133 44 gründe
1315 3554 58 33 der
1412 3554 155 33 Existenz
1607 3553 114 42 bringt
1759 3553 72 32 eine
1869 3549 253 44 eigentümliche

1144 3608 176 35 Heiterkeit
1357 3609 132 32 hervor.
1542 3608 114 42 „Beim
1695 3605 142 35 Anblick
1874 3605 80 33 alles
1991 3603 129 40 dessen,

1145 3673 71 24 was
1246 3663 56 33 auf
1331 3662 58 33 der
1418 3662 85 33 Welt
1531 3661 200 41 vorkommt,
1763 3661 124 32 müsste
1916 3657 205 34 schliesslich

1140 3718 85 34 auch
1264 3717 58 34 der
1360 3718 132 42 grösste
1534 3714 275 35 Menschenfeind
1848 3714 100 33 heiter
1987 3712 135 34 werden

1147 3772 69 34 und
1244 3771 149 34 Heraklit
1420 3780 62 24 vor
1510 3769 131 34 Lachen
1876 3765 243 44 (Champfort).

1146 3826 69 33 Der
1253 3826 144 40 Humor,
1439 3824 53 33 die
1530 3825 78 41 gute
1649 3822 114 34 Laune
1800 3822 58 33 des
1898 3820 223 41 Scharfsinns,

1146 3880 62 33 das
1236 3879 106 34 durch
1372 3878 53 33 die
1452 3877 157 34 treffende
1639 3876 162 33 Dialektik
1830 3874 194 42 befriedigte
2052 3872 70 34 und

1145 3933 132 33 befreite
1309 3932 123 34 Gemüt
1463 3933 42 32 ist
1537 3931 53 33 die
1622 3929 281 45 Entschädigung
1935 3928 57 33 des
2025 3928 78 43 Skep-

1145 3987 110 41 tikers,
1289 3987 64 33 wie
1385 3986 88 33 denn
1507 3986 58 33 der
1597 3985 136 32 Humor
1765 3984 45 33 im
1844 3982 142 35 Grunde
2018 3982 87 33 häufi-

1145 4049 59 34 ger
1230 4040 54 33 ein
1312 4039 178 42 Ergebnis,
1519 4039 50 32 als
1596 4039 72 32 eine
1695 4037 97 34 Gabe
1819 4038 50 32 ist.

1233 4094 47 33 So
1315 4094 150 33 verharrt
1502 4092 59 34 der
1596 4092 168 43 Skeptiker
1800 4090 118 42 kräftig
1955 4089 56 34 auf
2048 4089 74 33 dem

1144 4148 184 42 tragenden
1356 4147 196 41 Erdboden,
1582 4146 169 34 durchaus
1778 4145 131 43 geistig,
1938 4143 79 34 aber
2031 4142 90 34 nicht

1145 4202 175 40 eigentlich
1372 4201 184 41 spekulativ
1609 4221 41 3 —
1702 4200 149 42 müssige
1903 4197 216 43 Spekulation

2204 96 91 33 Hasst
2323 106 35 23 er
2387 96 49 33 als
2465 95 269 43 Tatsachengeist
2762 96 65 32 wie
2855 96 94 33 einen
2979 94 142 35 Urfeind
3135 94 4 44 <
3139 115 41 5 —

2205 150 71 33 und
2300 149 68 34 hält
2392 149 70 34 sich
2486 159 68 23 von
2580 150 112 31 seinen
2717 149 158 33 nächsten
2900 148 182 34 Gefahren:
3102 148 75 34 dem

2204 204 181 41 Zynismus
2422 202 69 34 und
2530 202 58 33 der
2629 202 122 42 Mystik
2789 204 34 32 in
2860 204 112 41 gutem
3012 201 165 34 Abstand.

2204 257 46 32 Er
2287 256 88 34 wird
2413 256 224 35 unversehens
2674 257 52 32 ein
2766 256 141 42 Beispiel
2945 256 54 33 für
3035 258 145 40 getroste

2208 310 290 41 Lebensführung,
2535 318 71 24 was
2641 308 181 42 allerdings
2856 310 52 32 ein
2946 309 142 34 Lächeln
3123 309 38 34 ab-

2203 365 119 41 nötigt,
2356 363 88 34 denn
2476 363 60 33 das
2568 363 106 33 Genie
2705 362 58 33 des
2795 362 192 35 Erkennens
3019 364 41 33 ist
3090 363 90 34 nicht

2204 418 134 33 lernbar
2371 418 70 33 und
2476 418 58 33 der
2568 416 245 35 unvertretbare
2848 417 91 32 Wert
2973 416 57 33 der
3064 417 96 33 Erfah-

2204 481 89 32 rung
2323 472 76 41 liegt
2429 481 64 24 nur
2522 471 83 34 eben
2635 471 44 32 im
2710 470 166 33 Erleiden.

2293 525 56 32 Bei
2378 525 60 33 der
2466 525 127 33 kleinen
2625 524 140 34 Auslese
2793 523 59 33 der
2879 523 141 42 Geister,
3050 523 53 33 die
3117 532 62 24 aus

2204 579 74 33 dem
2318 578 220 34 unendlichen
2578 578 154 33 Erleiden
2771 578 88 33 diese
2897 577 130 42 geniale
3064 576 97 34 Erfah-

2203 642 89 33 rung
2326 633 115 33 ziehen
2476 632 69 34 und
2579 632 61 33 das
2674 630 155 35 Erleiden
2863 630 58 34 der
2955 630 224 34 Wirklichkeit

2204 697 43 23 zu
2274 687 105 33 ihrem
2406 687 108 33 Glück
2540 687 150 41 machen,
2718 687 41 32 ist
2784 686 61 33 das
2871 684 99 35 Werk
2996 684 59 33 der
3081 684 79 42 Skep-

2203 740 80 33 tiker
2310 740 96 33 leicht
2434 752 44 22 zu
2507 740 222 34 überblicken.
2777 739 178 41 Intensität,
2986 738 91 34 nicht
3093 736 84 36 Aus'

2203 793 172 42 dehnung,
2415 793 228 43 Verdichtung
2681 804 42 23 zu
2761 794 89 32 einer
2887 793 196 42 komplexen
3121 792 40 34 Es-

2203 858 80 24 senz
2317 847 126 33 kommt
2477 847 68 33 ihm
2580 849 35 32 in
2650 847 86 34 allen
2770 849 113 31 seinen
2919 846 261 41 Aeusserungen

2203 912 53 23 zu.
2309 900 68 34 Auf
2413 902 61 33 das
2509 902 86 32 reale
2633 901 121 42 Leben,
2791 901 162 42 Umgang
2988 901 58 32 mit
3086 900 71 32 Men-

2203 956 111 41 schen,
2349 953 242 44 Beobachtung
2624 955 58 33 der
2716 954 281 41 Leidenschaften,
3030 953 129 42 Ergrün-

2204 1008 94 43 dung
2328 1019 67 23 von
2427 1009 101 33 Sitten
2558 1009 70 33 und
2659 1008 327 34 Gemütszuständen
3015 1007 144 42 angewie-

2204 1073 69 32 sen,
2311 1063 41 33 ist
2387 1061 89 35 diese
2514 1061 61 34 Art
2611 1062 58 34 der
2705 1062 225 43 Betrachtung
2964 1062 71 32 eine
3069 1061 93 43 glück-

2204 1117 83 33 liche
2324 1117 70 33 und
2431 1117 129 42 einzige
2600 1116 184 43 Mischung
2820 1127 68 23 von
2925 1115 255 34 künstlerischer

2205 1171 159 43 Synthese
2415 1171 71 33 und
2536 1170 170 34 kritischer
2759 1169 155 43 Analyse.
2974 1169 70 33 Das
3096 1167 83 44 „Als

2204 1227 135 33 Ganzes
2535 1224 60 34 das
2624 1224 63 34 den
2718 1224 158 35 Künstler
2904 1223 181 41 ausmacht,
3101 1222 79 42 liegt

2204 1280 86 34 auch
2319 1279 75 33 dem
2425 1278 152 35 Schaffen
2607 1278 58 34 des
2696 1277 185 44 Skeptikers
2910 1275 187 44 zugrunde,
3128 1275 53 34 die

2207 1333 145 43 Analyse
2378 1333 73 43 gibt
2477 1343 65 23 nur
2569 1333 53 33 die
2652 1331 160 34 Methode
2839 1331 59 34 der
2924 1330 253 43 Verarbeitung.

2206 1388 68 33 Der
2307 1387 261 34 darstellerische
2605 1387 126 42 Impuls
2763 1387 59 33 des
2855 1385 252 42 Erkennenden,
3123 1385 45 33 sei-

2199 1453 40 24 ne
2274 1442 181 42 Fähigkeit,
2491 1441 192 42 Analogien
2715 1451 43 23 zu
2789 1442 141 40 wittern,
2963 1441 218 33 unerwartete

2204 1495 288 34 Verwandtschaft
2525 1495 237 43 aufzuspüren,
2796 1493 148 43 geheime
2980 1493 127 34 Motive
3140 1503 42 23 zu

2204 1550 182 42 entlocken,
2423 1550 53 33 ein
2511 1548 214 42 vieldeutiges
2760 1547 155 34 Erlebnis
2949 1558 43 23 zu
3026 1546 139 35 vereinfa-

2206 1604 92 42 chen,
2328 1605 53 33 ein
2410 1603 179 34 scheinbar
2616 1602 194 43 einfältiges,
2840 1602 121 42 geistig
2989 1611 43 23 zu
3061 1599 100 35 durch-

2206 1658 160 42 leuchten,
2398 1657 71 34 und
2498 1667 67 24 von
2594 1656 86 33 allen
2710 1656 107 33 Seiten
2846 1654 172 35 strahlend
3047 1664 43 23 zu
3120 1653 47 33 zei-

2204 1722 76 33 gen,
2311 1712 110 33 macht
2449 1712 73 42 jede
2551 1710 242 43 Beobachtung
2823 1709 58 34 des
2910 1708 186 44 Skeptikers
3126 1717 38 24 zu-

2197 1768 219 42 gleichgültig
2451 1766 71 35 und
2559 1764 261 43 überraschend;
2861 1766 34 32 in
2911 1763 57 34 der
2982 1763 198 43 ungelösten

2206 1820 223 42 Verbindung
2464 1821 59 32 mit
2561 1819 74 34 dem
2672 1818 166 43 täglichen
2878 1817 119 42 Leben,
3036 1817 35 32 in
3107 1815 75 33 dem

2205 1874 290 36 unwillkürlichen
2532 1873 194 34 Aufsuchen
2759 1872 58 33 der
2850 1872 187 40 Probleme,
3070 1871 36 32 in
3138 1870 30 33 al-

2205 1930 52 33 len
2286 1930 108 32 realen
2424 1928 193 34 Zuständen
2645 1926 88 35 wird
2762 1926 59 34 der
2849 1924 208 44 unleugbare
3070 1924 93 33 künst-

2205 1983 139 34 lerische
2394 1983 184 42 Ursprung
2628 1982 59 33 der
2736 1979 180 35 seelischen
2967 1978 218 44 Disposition

2206 2038 155 41 deutlich,
2396 2037 53 33 die
2483 2036 63 34 den
2580 2036 168 43 Skeptiker
2779 2035 175 33 bestimmt.
3005 2032 91 33 Aber
3130 2031 53 34 die

2207 2091 229 42 Auswertung
2471 2091 106 33 dieses
2615 2088 171 35 Materials
2820 2088 169 45 geschieht
3022 2086 144 34 beschrei-

2206 2145 99 43 bend,
2343 2143 90 36 nicht
2467 2142 195 45 gestaltend,
2699 2142 111 34 indem
2846 2142 61 33 das
2942 2140 242 35 Unmittelbare

2207 2201 58 33 des
2304 2199 188 35 Eindrucks
2530 2197 182 44 gleichsam
2751 2196 217 43 abgedämpft
3005 2194 89 33 wird
3132 2193 53 34 bis

2207 2254 57 34 auf
2289 2254 89 33 seine
2406 2253 176 33 Elemente.
2612 2251 133 33 Diesem
2759 2248 278 44 eigentümlichen
3052 2246 109 35 Schwe-

2207 2307 185 35 bezustand
2444 2305 168 35 zwischen
2664 2303 233 35 aesthetischer
2949 2301 235 42 Anschauung

2208 2362 70 34 und
2317 2361 162 34 ethischer
2521 2359 271 42 Formulierung,
2835 2357 168 34 zwischen
3043 2355 125 34 künstle-

2201 2417 125 34 rischer
2375 2416 160 34 Intuition
2585 2414 72 34 und
2706 2413 236 44 gedanklicher
2984 2411 196 41 Auflösung

2208 2470 157 35 verdankt
2406 2469 53 33 die
2499 2467 182 44 skeptische
2724 2466 219 41 Aeusserung
2988 2465 94 33 ihren

2207 2523 274 36 nachahmlichen
2521 2521 181 35 Charakter
2742 2521 89 33 einer
2880 2518 181 34 treffenden
3105 2516 60 35 Ant-

2208 2581 97 39 wort,
2341 2578 53 33 die
2427 2577 85 34 nach
2547 2577 105 33 einem
2686 2575 227 34 Goethischen
2947 2574 97 33 Wort
3077 2573 107 32 einem

2208 2633 174 34 lieblichen
2418 2632 109 35 Kusse
2558 2630 130 43 gleicht.
2736 2629 48 33 So
2814 2630 133 41 spotten
2979 2627 102 33 selbst
3113 2627 73 42 jene

2208 2686 240 43 Schöpfungen
2485 2684 58 34 des
2578 2681 207 46 skeptischen
2822 2683 140 41 Geistes,
3001 2681 53 33 die
3089 2681 96 33 einen

2201 2744 71 32 rein
2311 2740 261 35 künstlerischen
2614 2738 178 34 Ausdruck
2831 2737 156 43 gewählt,
3028 2737 59 32 mit
3125 2735 59 33 der

2203 2795 210 34 reizvollsten
2464 2794 142 34 Willkür
2655 2792 89 44 jeder
2797 2791 258 43 geschlossenen
3099 2790 62 33 Dar-

2208 2850 155 41 stellung,
2392 2849 64 33 wie
2483 2850 85 31 etwa
2596 2846 129 34 Sternes
2754 2843 274 45 „Empfindsame

2210 2904 96 33 Auch
2344 2903 53 33 die
2432 2902 119 33 Werke
2587 2900 58 33 der
2980 2898 204 41 unterliegen

2207 2958 140 34 zumeist
2382 2956 58 34 der
2474 2953 308 36 formauflösenden
2817 2952 207 44 skeptischen
3061 2951 123 42 Laune,

2208 3011 110 34 wobei
2356 3010 58 33 der
2450 3010 135 33 Humor
2622 3010 83 31 etwa
2742 3007 49 33 als
2827 3003 258 45 überwiegende
3121 3005 42 33 Ge-

2208 3065 223 41 fühlsenergie
2467 3072 62 25 zur
2565 3062 200 41 Gestaltung
2801 3060 70 34 und
2907 3061 71 32 rein
3014 3059 155 34 künstleri-

2208 3119 97 34 schen
2337 3118 347 40 Zusammenfassung
2713 3116 58 33 der
2787 3114 235 43 Anschauung
3051 3112 133 43 drängt,

2210 3173 50 33 bei
2302 3173 105 32 einem
2448 3170 173 34 endlichen
2663 3170 77 42 Sieg
2780 3169 58 32 des
2879 3168 194 33 Erkennens
3113 3167 71 34 und

2211 3225 283 34 Durchschauens
2519 3225 80 33 aber
2623 3224 71 33 sich
2720 3233 78 24 zum
2813 3223 98 41 Witz,
2938 3232 61 23 zur
3024 3222 159 41 launigen

2209 3280 69 34 und
2311 3279 187 35 abstrakten
2532 3278 182 42 Wendung
2747 3278 58 33 des
2837 3278 133 33 Wortes
3001 3276 51 33 als
3084 3275 82 34 höch-

2208 3337 71 31 sten
2311 3335 111 33 Restes
2451 3332 209 43 verflüchtigt
2691 3332 68 42 (bei
2791 3332 83 41 Jean
2906 3330 113 43 Paul).
3062 3330 47 33 So
3139 3339 32 23 er-

2209 3388 154 33 scheinen
2392 3387 53 33 die
2472 3386 224 45 Uebergänge
2723 3396 78 23 vom
2829 3385 167 43 Skeptiker
3022 3394 78 23 zum
3116 3384 46 33 Hu-

2209 3442 171 39 moristen,
2418 3441 64 33 wie
2519 3440 54 33 die
2608 3450 78 23 vom
2724 3438 256 35 betrachtenden
3018 3447 77 24 zum
3133 3446 36 33 ge-

2210 3496 183 34 staltenden
2422 3493 168 43 Künstler,
2616 3504 79 24 vom
2719 3493 170 34 männlich
2915 3492 167 34 irdischen
3107 3501 79 24 zum

2210 3549 198 43 mystischen
2442 3548 112 34 Geiste
2587 3548 146 34 überaus
2765 3550 71 31 zart
2868 3546 173 43 abgestuft.

2298 3603 63 33 Die
2396 3603 101 33 Form
2530 3602 57 33 der
2618 3601 180 34 treffenden
2832 3600 166 41 Antwort,
3030 3599 91 34 nicht
3151 3600 35 32 in

2211 3658 58 33 der
2294 3657 246 43 allzuknappen
2568 3657 155 42 Fassung
2748 3657 58 33 des
2831 3654 177 43 Spruches,
3035 3653 149 34 sondern

2210 3712 34 32 in
2286 3711 58 33 der
2384 3710 207 43 glücklichen
2631 3711 234 31 momentanen
2907 3707 214 43 Eingebung,
3152 3707 34 33 in

2211 3765 142 33 welcher
2380 3765 62 33 alle
2469 3763 257 35 zuströmenden
2754 3763 241 41 Erwägungen
3022 3761 53 33 die
3101 3761 68 33 Viel-

2211 3819 159 42 seitigkeit
2398 3819 58 33 des
2483 3817 155 33 erhellten
2667 3817 177 33 Problems
2871 3818 160 39 verraten,
3058 3816 53 34 ein
3139 3815 32 33 di-

2211 3873 199 42 alogischer,
2446 3872 130 33 nahezu
2611 3871 238 33 dramatischer
2882 3869 182 34 Charakter
3098 3869 89 33 einer

2210 3927 33 33 in
2278 3927 88 33 ihrer
2399 3925 188 35 Wesenheit
2620 3923 232 34 verlautenden
2886 3924 162 41 geistigen
3082 3923 87 33 Situa-

2211 3981 70 33 tion
2311 3979 108 33 macht
2450 3979 52 33 die
2533 3978 229 43 Aphorismen
2793 3988 43 22 zu
2867 3978 64 33 den
2961 3976 206 43 hauptsächli-

2211 4034 79 34 chen
2334 4034 148 32 Mittlern
2520 4032 58 34 der
2616 4031 206 44 skeptischen
2862 4031 216 42 Darstellung
3116 4031 71 34 und

2210 4088 73 42 gibt
2307 4087 101 34 ihnen
2434 4086 52 33 die
2511 4086 153 42 zugleich
2690 4085 89 33 klare
2792 4085 70 33 und
2877 4085 203 33 unheimlich
3095 4085 72 33 weit-

2203 4142 182 42 tragenden
2420 4141 322 41 Lebensstimmung,
2773 4140 54 34 die
2856 4141 83 33 über
2968 4139 104 43 jedem
3087 4139 98 33 Wort

2210 4196 94 33 einen
2337 4195 211 40 ungeahnten
2579 4192 170 36 Horizont
2780 4193 149 34 eröffnet.
