3171 4572
1502 450 111 51 Das
1646 445 257 54 Lesebuch

618 458 97 60 110

618 673 216 56 Dichter
860 672 112 55 eine
1001 665 229 66 Haltung
1256 663 350 60 abzutrotzen,
1640 658 83 56 die
1753 656 108 57 sich
1890 675 133 35 zwar
2051 652 144 57 nicht
2228 651 95 55 mit
2350 651 80 54 ihr
2455 649 352 62 identifiziert,

616 751 121 56 aber
767 751 51 53 in
850 741 410 71 ungefährlicher
1293 739 197 66 Sphäre
1531 736 110 56 sich
1677 733 120 64 hält,
1839 733 52 55 in
1931 729 251 57 sublimer
2217 727 411 63 Unnahbarkeit,
2666 727 141 57 dann

616 826 220 58 entsteht
879 823 106 61 das,
1027 842 100 32 was
1174 841 117 32 man
1340 814 363 58 Klassizismus
1744 823 182 42 nennt.
1979 807 136 57 Stoff
2152 807 110 54 und
2303 804 165 57 Trieb
2510 804 118 56 sind
2669 803 138 58 noch

618 907 177 53 immer
834 899 80 56 die
953 896 256 68 gleichen!
1270 893 157 56 Denn
1474 915 116 31 man
1634 887 124 57 muß
1797 885 110 58 sich
1947 885 140 55 einer
2129 882 220 57 Realität
2389 882 271 56 erbarmen
2713 882 97 56 mit

615 999 179 48 ganzer
832 973 167 62 Seele,
1042 995 147 33 wenn
1232 993 117 33 man
1392 969 71 55 sie
1503 969 53 54 in
1597 967 112 54 eine
1748 963 380 57 vollkommene
2170 959 201 57 Gestalt
2424 959 222 67 bringen
2685 958 122 62 will,

618 1056 104 56 und
764 1073 115 36 man
912 1049 220 56 erbarmt
1173 1046 106 57 sich
1314 1066 96 34 nur
1444 1065 165 35 armer
1642 1042 206 56 Wesen.
1907 1038 58 57 In
2001 1037 209 57 solchen
2247 1035 183 57 Zeiten
2464 1035 203 56 wendet
2698 1033 112 58 sich

618 1134 87 55 das
737 1131 236 54 irritierte
1002 1126 266 55 Gewissen
1298 1123 88 55 des
1416 1119 243 57 Dichters
1689 1115 258 60 durchaus
1977 1114 118 57 dem
2123 1113 279 57 Ausdruck
2429 1136 83 42 zu,
2540 1134 56 33 er
2623 1113 187 54 nimmt

619 1209 171 55 seinen
825 1204 245 57 Schmerz
1110 1202 107 54 und
1258 1199 176 55 seinen
1471 1194 196 69 Kampf
1697 1194 90 56 der
1820 1192 135 57 Welt
1997 1214 110 45 weg
2138 1192 110 55 und
2277 1190 351 57 konzentriert
2660 1188 151 57 beide

618 1284 85 57 auf
743 1286 108 54 sein
884 1280 170 58 Werk.
1108 1279 107 55 Das
1256 1277 72 54 im
1369 1273 310 58 ehrlichsten
1716 1270 159 57 Falle!
1932 1269 142 57 Aber
2114 1269 83 56 die
2238 1266 277 59 klassische
2551 1266 261 56 Literatur

618 1359 205 68 entgeht
875 1359 132 55 ihrer
1046 1354 165 57 Strafe
1263 1352 164 62 nicht,
1470 1352 71 54 sie
1582 1348 125 57 wird
1749 1346 167 58 durch
1956 1345 145 57 ihren
2144 1345 344 57 Platonismus
2544 1344 267 66 zugrunde

619 1438 265 67 gerichtet.
944 1434 85 57 Sie
1077 1433 210 66 beginnt
1326 1430 82 55 die
1451 1427 246 57 Gesichte
1739 1424 168 57 durch
1950 1424 155 57 Ideen
2161 1447 63 32 zu
2277 1437 254 48 ersetzen,
2572 1421 86 56 die
2711 1444 68 32 un-

621 1513 319 57 mittelbaren
991 1507 433 67 Lebendigkeiten
1479 1501 163 59 durch
1684 1500 427 57 Abstraktionen!
2173 1500 110 56 Das
2338 1498 144 57 heißt
2534 1498 142 62 aber,
2731 1496 82 56 ihr

621 1593 121 65 liegt
775 1589 168 56 nichts
976 1587 142 57 mehr
1152 1609 82 32 am
1265 1584 228 56 Herzen!
1536 1580 206 56 Ebenso
1776 1580 94 56 wie
1902 1580 121 56 dem
2059 1576 497 59 hochentwickelten
2594 1575 218 57 Kultur-

623 1668 350 59 Individuum,
1006 1664 88 56 das
1133 1660 163 59 durch
1329 1658 305 58 Wohlstand
1676 1655 256 69 gesichert
1973 1656 86 64 ist,
2091 1654 170 56 nichts
2304 1653 147 57 mehr
2490 1677 83 31 am
2608 1653 203 54 Herzen

620 1747 136 64 liegt,
781 1745 131 55 denn
940 1766 52 33 es
1020 1739 280 69 empfindet
1320 1738 81 56 die
1432 1734 260 58 heißesten
1716 1734 196 67 Fragen
1941 1754 100 34 nur
2069 1731 328 59 dialektisch!
2427 1730 110 57 Aus
2567 1729 246 57 welchem

623 1820 251 56 Grunde?
925 1818 107 54 Aus
1075 1815 164 64 Kälte,
1279 1838 90 32 aus
1410 1810 365 64 Lebensferne,
1816 1834 93 32 aus
1956 1808 520 67 Interesselosigkeit!

715 1898 207 54 Diesem
963 1893 255 58 Schicksal
1258 1890 211 67 entgeht
1508 1890 84 55 die
1626 1888 264 57 Literatur
1930 1886 194 56 kleiner
2156 1885 189 56 Völker
2384 1884 140 63 eher,
2557 1905 151 35 wenn
2741 1884 74 54 sie

624 1973 142 55 nicht
804 1973 107 55 rein
961 1968 294 71 provinziell
1302 1969 84 62 ist,
1439 1966 110 57 und
1602 1965 204 57 soferne
1860 1965 141 56 diese
2043 1962 191 56 Völker
2285 1961 295 67 überhaupt
2632 1960 184 67 geistig

624 2065 179 52 potent
842 2050 131 56 sind.
1033 2048 208 55 Warum
1282 2044 340 57 beeinflussen
1664 2042 85 56 die
1790 2040 312 58 nordischen
2130 2039 193 58 Völker
2364 2040 95 56 seit
2490 2037 104 58 fast
2625 2037 190 66 vierzig

621 2126 186 66 Jahren
849 2149 54 33 so
950 2122 135 58 stark
1131 2124 82 54 die
1260 2119 333 70 europäische
1635 2117 278 65 Literatur,
1955 2119 95 54 wie
2090 2116 335 59 vermochten
2479 2116 72 55 sie
2603 2138 73 39 es,
2731 2115 84 54 die

623 2202 259 68 gewaltige
921 2199 465 58 Sonnenfinsternis
1434 2199 139 54 eines
1615 2195 309 68 Strindberg
1975 2194 513 66 hervorzubringen?
2547 2191 266 56 Antwort!

623 2280 87 56 Sie
743 2303 164 33 waren
949 2277 161 58 durch
1151 2276 145 57 keine
1336 2275 273 57 klassische
1642 2272 418 69 Vergangenheit
2100 2271 198 57 erblich
2341 2270 234 63 belastet,
2608 2270 85 56 die
2733 2269 84 55 die

625 2356 210 57 Glieder
874 2356 132 56 ihrer
1044 2354 228 69 Sprache
1319 2352 198 57 höfisch
1565 2352 111 56 und
1715 2351 132 57 allzu
1889 2349 324 58 verbindlich
2261 2346 241 70 gemacht
2544 2346 158 57 hätte.

626 2432 106 56 Das
764 2430 562 70 politisch-moralische
1355 2429 403 68 Temperament
1790 2427 93 56 der
1916 2426 292 57 Franzosen
2242 2425 86 56 hat
2360 2423 133 58 nach
2526 2423 92 56 der
2650 2422 136 56 Revo-

626 2510 178 62 lution,
845 2509 107 55 und
994 2507 254 59 vielleicht
1288 2506 155 58 schon
1485 2507 52 55 in
1579 2507 100 56 den
1723 2503 469 69 Enzyklopädisten
2234 2503 179 56 seinen
2450 2501 369 57 Klassizismus

628 2585 368 57 überwunden.
1054 2582 275 68 Jedenfalls
1369 2583 268 56 erstanden
1688 2582 108 56 ihm
1838 2583 72 54 im
1952 2582 210 65 vorigen
2203 2578 350 68 Jahrhundert
2595 2576 224 57 Männer

629 2663 91 55 wie
764 2662 254 62 Flaubert,
1058 2660 141 64 Zola,
1240 2661 315 57 Baudelaire.
1609 2658 185 58 Einem
1834 2658 195 69 großen
2070 2657 152 64 Volk,
2262 2657 102 56 den
2410 2656 224 62 Russen,
2678 2653 141 57 blieb

629 2740 91 56 der
762 2738 359 56 Klassizismus
1162 2752 209 52 erspart.
1432 2737 70 56 So
1541 2737 241 57 scheinen
1823 2761 53 31 es
1917 2735 126 57 bloß
2083 2736 85 56 die
2209 2733 305 57 Deutschen
2568 2755 64 33 zu
2688 2733 129 61 sein,

629 2816 83 54 die
760 2813 400 57 fortlaborieren.
1201 2813 401 68 Wohlgemerkt!
1665 2813 169 57 Unter
1863 2812 369 57 Klassizismus
2265 2810 206 57 werden
2516 2807 111 57 hier
2674 2807 147 57 nicht

630 2892 82 55 die
753 2890 333 64 „Klassiker“
1129 2892 300 55 verstanden
1469 2892 107 56 und
1616 2890 284 69 bekämpft,
1943 2890 225 55 sondern
2209 2887 85 57 die
2335 2884 354 69 Anschauung
2728 2886 93 56 des

629 2970 217 64 Bürgers
882 2991 98 34 von
1015 2966 274 63 Literatur,
1322 2990 147 33 wenn
1503 2990 52 33 er
1587 2970 92 53 mit
1721 2970 170 54 einem
1932 2967 249 67 gewissen
2223 2963 418 57 eitelindolenten
2675 2961 147 58 Blick

628 3046 82 54 die
740 3044 307 58 Cottaschen
1076 3044 174 56 Bände
1279 3043 167 57 hinter
1476 3046 117 54 dem
1621 3044 124 58 Glas
1772 3047 168 55 seines
1969 3041 479 61 Bücherschrankes
2478 3055 236 42 mustert.

630 3122 108 55 Der
778 3121 149 57 Geist
967 3122 66 56 ist
1072 3121 159 57 selbst
1279 3121 52 56 in
1386 3122 138 56 einer
1574 3122 347 67 Zwangslage,
1966 3122 94 56 der
2112 3142 56 35 er
2222 3118 205 67 erlegen
2482 3119 84 64 ist,
2614 3117 208 66 wichtig

629 3220 182 45 genug,
853 3197 100 57 daß
995 3198 70 56 du
1107 3198 108 55 und
1255 3197 83 56 ich
1380 3199 175 54 seinen
1596 3198 196 57 Schutz
1836 3199 92 56 mit
1968 3198 120 56 dem
2123 3197 149 56 Tode
2316 3193 269 58 bezahlen.
2638 3193 69 56 Es
2755 3194 69 55 ist

629 3274 119 56 aber
780 3274 144 58 nicht
963 3298 64 32 zu
1068 3273 239 67 leugnen,
1342 3272 99 57 daß
1472 3297 54 33 es
1554 3277 181 65 gerade
1763 3277 93 56 der
1886 3276 367 57 Klassizismus
2280 3273 85 62 ist,
2394 3273 92 56 der
2512 3272 86 56 die
2625 3272 199 66 Bürger

632 3375 97 33 von
771 3353 89 55 der
891 3352 166 67 Angst
1099 3373 90 35 vor
1228 3351 120 57 dem
1383 3351 176 57 Geiste
1598 3353 151 57 erlöst
1792 3354 106 58 hat.
1955 3352 303 57 Wodurch?
2313 3349 69 57 Es
2425 3372 115 45 mag
2581 3349 93 56 der
2705 3351 119 53 eine

632 3428 121 56 oder
790 3431 184 54 andere
1018 3427 198 57 Genius
1255 3428 114 55 eine
1411 3427 315 58 Konzession
1767 3431 52 54 in
1860 3431 169 55 seiner
2069 3428 235 66 Haltung
2344 3425 241 69 gemacht
2636 3424 186 64 haben,

633 3505 242 56 wodurch
915 3505 84 56 die
1038 3504 264 59 Autorität
1354 3505 112 56 eine
1507 3505 175 56 Stütze
1721 3507 248 68 empfing.
2030 3507 109 56 Der
2178 3504 159 57 Pöbel
2392 3504 87 56 hat
2531 3503 154 57 dafür
2737 3503 84 55 ein

633 3580 333 58 unendliches
1000 3580 320 69 Feingefühl.
1362 3580 66 56 Er
1455 3596 156 42 atmet
1637 3582 105 58 auf.
1781 3583 154 58 Denn
1963 3582 248 59 wodurch
2244 3582 169 66 einzig
2445 3602 56 34 er
2531 3580 84 56 die
2645 3578 179 58 Größe

634 3669 201 55 erträgt,
874 3659 66 55 ist
978 3659 89 55 der
1108 3659 132 56 stille
1281 3658 176 63 Trost,
1500 3658 82 56 bei
1621 3659 117 56 dem
1777 3683 52 35 er
1870 3662 109 56 sich
2020 3659 251 59 innerlich
2313 3659 84 56 die
2439 3658 188 57 Hände
2665 3657 156 57 reibt:

635 3732 185 63 „Auch
869 3733 199 57 Goethe
1119 3737 69 56 ist
1241 3735 83 55 ein
1373 3734 301 57 Schwein!“
1734 3737 108 56 Der
1893 3737 369 58 intellektuelle
2313 3733 511 68 Mittelstandspöbel

635 3809 154 56 selbst
828 3810 179 64 erhält,
1048 3814 108 56 und
1195 3812 145 57 nicht
1377 3814 116 66 jene
1531 3827 94 42 tun
1664 3837 74 39 es,
1780 3815 81 56 die
1899 3814 258 57 Autorität
2211 3814 107 75 (die
2370 3809 454 61 bureaukratische

637 3886 105 56 und
784 3886 80 56 die
903 3889 512 66 wissenschaftliche)
1455 3889 88 57 auf
1583 3889 161 57 ihrem
1773 3890 229 60 Throne.
2044 3893 67 56 Er
2150 3906 82 43 tut
2272 3914 77 41 so,
2392 3889 115 58 weil
2556 3911 53 35 er
2662 3886 162 59 fühlt:
