3075 4572
530 425 72 58 68

977 425 175 54 Svend
1184 424 230 67 Borberg
1464 438 21 27 *
1541 424 204 51 Traum
1784 423 112 52 und
1941 422 362 53 Wirklichkeit

526 628 288 72 Wolken.
884 627 108 73 Ich
1028 644 171 65 sagte
1232 657 79 39 zu
1336 625 243 85 Arago:
1615 624 177 81 „Das
1828 623 74 70 Ei
1936 623 305 80 schwebt,
2277 624 97 69 bis
2410 624 111 70 der
2549 624 200 84 Vogel

526 722 495 71 herauskommt.
1071 721 173 69 Aber
1278 719 112 71 der
1415 718 201 85 Vogel
1651 722 80 66 ist
1763 717 183 71 darin
1980 716 135 71 und
2148 716 160 72 wird
2350 718 178 70 nicht
2567 718 184 84 lange

524 815 110 71 auf
665 815 137 71 sich
835 831 236 53 warten
1114 813 273 70 lassen.“
1439 811 209 82 Arago
1696 809 217 86 ergriff
1959 812 208 67 meine
2218 808 228 73 beiden
2496 809 251 83 Hände,

526 909 109 69 sah
670 907 171 71 mich
883 910 140 67 eine
1048 906 201 71 Weile
1281 907 118 69 mit
1438 903 424 72 leuchtenden
1888 902 227 84 Augen
2148 933 81 40 an
2270 903 137 72 und
2450 903 117 70 rief
2605 935 146 41 aus:

526 1001 201 82 „Und
776 1032 79 39 an
906 1000 148 71 dem
1090 999 178 85 Tage
1315 999 118 71 soll
1470 999 174 70 Gaea
1677 997 244 70 Demos
1970 1015 281 65 genannt
2298 999 449 70 werden!...“

524 1094 120 70 Ein
670 1094 181 71 tiefes
879 1094 215 72 Wort!
1147 1091 175 72 Gaea
1348 1091 115 70 soll
1491 1091 243 69 Demos
1762 1108 279 65 genannt
2065 1089 289 70 werden!
2403 1090 127 70 Die
2554 1119 197 54 ganze

524 1187 167 71 Erde
717 1187 118 72 soll
872 1190 102 69 ein
1004 1187 165 72 Volk
1192 1184 275 73 werden.
1521 1184 134 70 Der
1686 1182 184 72 Geist
1895 1182 113 71 der
2034 1182 288 71 Zukunft
2347 1182 151 83 geht
2525 1185 225 68 immer

520 1282 233 70 wieder
785 1281 113 71 auf
938 1311 162 41 neue
1133 1278 502 81 Entdeckungen
1677 1307 133 51 aus,
1846 1276 113 71 der
1992 1274 274 73 Mensch
2299 1295 165 64 wagt
2505 1278 137 69 sich
2685 1279 64 68 in

521 1376 410 70 unbekannte
955 1372 273 71 Weiten.
1279 1371 126 68 Die
1432 1368 186 82 Erde,
1655 1370 111 71 auf
1796 1370 113 69 der
1933 1371 115 68 wir
2072 1370 98 69 bis
2196 1371 151 82 jetzt
2375 1368 376 85 Gefangene

521 1498 231 51 waren,
802 1470 158 68 wird
1001 1497 80 39 zu
1122 1467 207 69 einem
1358 1462 241 71 Garten
1634 1462 119 71 der
1783 1464 248 69 Freude
2063 1462 275 71 werden.
2389 1464 135 69 Das
2549 1464 161 71 Welt-

522 1589 173 42 meer
742 1560 159 70 wird
958 1589 126 41 von
1142 1561 172 68 einer
1371 1555 240 71 andern
1664 1555 500 72 Unendlichkeit
2219 1559 358 80 verdrängt,
2637 1555 113 71 der

522 1653 275 71 Mensch
845 1650 161 73 wird
1056 1653 101 68 ein
1212 1650 198 83 Vogel
1460 1649 134 70 und
1642 1649 181 70 mehr
1880 1649 88 71 als
2020 1648 146 71 das:
2234 1651 102 68 ein
2385 1649 366 70 denkender

521 1747 220 84 Vogel,
778 1748 104 69 ein
913 1744 201 71 Adler
1145 1747 119 67 mit
1297 1745 174 68 einer
1505 1742 181 71 Seele
1703 1749 14 63 I

614 1841 134 70 Das
786 1838 332 71 Luftmeer
1151 1837 227 84 gehört
1410 1837 112 68 der
1556 1834 432 71 Menschheit.
2040 1833 135 70 Der
2208 1833 274 72 Mensch
2518 1837 232 66 nimmt

521 1937 136 68 sein
701 1935 338 81 Eigentum
1084 1933 63 68 in
1190 1931 230 70 Besitz.
1472 1928 85 70 Er
1598 1930 213 69 macht
1852 1930 136 68 sich
2030 1927 284 71 wirklich
2356 1958 146 39 zum
2539 1928 210 70 Herrn

522 2029 113 70 der
652 2026 188 73 Welt,
878 2024 178 71 über
1081 2022 125 71 den
1226 2022 336 84 Häuptern
1589 2022 113 70 der
1720 2019 359 72 Menschen
2106 2021 235 69 wölbte
2369 2021 133 70 sich
2529 2020 221 71 früher

522 2124 140 66 eine
715 2120 238 70 Ironie:
1002 2119 113 70 das
1171 2143 235 56 grosse,
1461 2114 297 81 „offene“
1811 2113 412 71 Himmelzelt
2270 2140 128 44 war
2454 2116 140 68 eine
2642 2144 72 52 ge-

524 2213 359 71 schlossene
902 2210 160 80 Tür,
1090 2209 109 70 auf
1225 2208 113 70 der
1363 2206 104 72 die
1486 2208 216 71 Worte
1720 2205 301 71 standen:
2050 2205 307 80 „Eintritt
2374 2206 375 70 verboten“.

522 2306 188 72 Wohl
747 2307 236 70 konnte
1015 2302 112 72 das
1165 2300 300 84 Fernglas
1498 2300 104 70 die
1637 2299 483 83 Entfernungen
2154 2330 273 49 messen,
2462 2300 151 70 aber
2646 2299 104 71 die

522 2400 259 69 Strecke
814 2398 199 70 selbst
1035 2394 219 72 wurde
1288 2398 103 66 nie
1424 2425 147 39 zum
1601 2394 229 70 Reisen
1865 2393 284 70 benutzt.
2201 2392 164 84 Jetzt
2399 2396 82 67 ist
2512 2424 66 38 es
2604 2422 109 41 vor-

524 2494 101 69 bei
658 2495 118 66 mit
817 2490 149 71 dem
1000 2487 408 74 Widerstand
1441 2519 125 39 von
1608 2487 188 70 oben.
1848 2486 136 70 Der
2021 2486 213 82 Riegel
2280 2488 80 66 ist
2401 2486 310 82 zurückge-

524 2585 302 80 schoben,
855 2584 112 70 der
991 2582 276 72 Mensch
1292 2582 159 69 wird
1479 2612 68 39 so
1571 2582 146 68 weit
1745 2579 402 83 Vordringen,
2175 2580 116 68 wie
2326 2607 65 41 er
2424 2609 80 39 zu
2537 2598 213 50 atmen

525 2706 275 53 vermag.
860 2676 135 69 Der
1047 2673 283 71 Himmel
1381 2675 80 67 ist
1505 2675 64 67 in
1622 2675 203 67 seiner
1866 2702 240 52 ganzen
2140 2670 446 84 Ausdehnung
2636 2673 113 68 der

525 2770 166 71 Erde
724 2773 102 68 ein
833 2768 375 73 verleibt...
1268 2773 129 70 Oie
1410 2798 215 65 ganze
1651 2770 163 70 Grde
1838 2778 158 61 wird
2016 2779 98 60 ein
2148 2770 174 70 djofic
2349 2777 242 62 werden
2613 2775 134 60 ...“

1623 2927 35 35 *

620 3047 128 71 Für
781 3046 103 70 die
916 3047 306 82 wenigen,
1260 3042 103 71 die
1405 3045 175 68 nicht
1623 3042 470 85 grundsätzlich
2120 3045 281 81 dagegen
2430 3043 164 79 sind,
2623 3042 127 71 daß

524 3173 147 39 man
722 3141 158 70 über
929 3140 103 69 die
1063 3137 431 72 Verhältnisse
1543 3136 386 80 nachdenke,
1968 3140 80 66 ist
2081 3167 63 39 es
2195 3136 554 71 außerordentlich

524 3234 330 79 lehrreich,
882 3230 218 71 diesen
1126 3230 171 70 Brief
1325 3230 218 72 Victor
1570 3229 225 84 Hugos
1822 3231 149 82 jetzt
1999 3259 79 40 zu
2103 3229 194 80 lesen,
2324 3259 100 40 wo
2451 3228 86 71 50
2566 3228 185 85 Jahre

524 3328 274 71 darüber
832 3353 357 56 vergangen
1223 3324 164 80 sind,
1423 3325 171 80 jetzt,
1631 3353 97 41 wo
1762 3324 114 69 der
1902 3323 341 84 Weltkrieg
2277 3341 129 50 rast
2437 3325 136 70 und
2617 3324 132 69 ihm

524 3421 227 83 gerade
800 3418 103 70 die
938 3417 527 72 Luftmaschinen
1517 3419 139 68 eine
1706 3446 157 53 ganz
1913 3414 352 71 besondere
2300 3413 450 72 Grausamkeit

525 3513 319 71 verliehen
880 3511 239 71 haben!

619 3605 169 71 Muß
820 3634 147 41 man
995 3602 178 71 nicht
1197 3602 273 70 darüber
1496 3620 287 61 staunen,
1811 3601 126 71 daß
1961 3601 219 70 Victor
2206 3600 192 85 Hugo
2425 3631 72 39 so
2521 3601 189 69 außer-

525 3699 355 71 ordentlich
908 3696 421 83 scharfsinnig
1353 3696 135 70 und
1514 3696 393 83 gleichzeitig
1924 3727 70 38 so
2021 3695 367 84 grenzenlos
2417 3696 146 69 naiv
2578 3722 126 42 war
2721 3700 29 62 ?

526 3790 131 71 Mit
704 3793 240 70 wahrer
990 3789 348 71 Genialität
1387 3788 170 71 stellt
1598 3788 192 83 Hugo
1832 3789 110 68 das
1969 3788 295 69 Problem
2308 3786 141 71 auf:
2482 3786 267 71 Wolken

526 3885 155 72 oder
705 3884 221 83 Vogel,
969 3884 113 71 der
1124 3882 221 71 Ballon
1387 3882 155 69 oder
1583 3883 103 70 die
1731 3879 506 86 Flugmaschine.
2291 3879 229 71 Genial
2563 3882 82 67 ist
2685 3911 66 38 es
