3110 4572
917 434 237 52 Theodor
1187 429 234 53 Däubler
1471 443 22 27 *
1545 429 92 52 An
1669 429 92 51 das
1793 428 262 52 Sternbild

2514 422 70 59 93

376 640 224 72 Durch
633 635 249 85 Pilgern
917 631 160 71 wird
1108 630 113 69 der
1254 627 205 71 Stand
1492 627 113 69 der
1638 626 258 70 Sonnen
1931 626 108 70 auf
2043 626 254 84 gebaut.

377 736 134 70 Der
546 729 189 83 Gang
767 727 111 70 der
913 725 227 70 Sterne
1174 722 240 71 kündet
1449 720 318 71 irdischen
1803 717 319 74 Verbleib.

1480 880 35 37 *

386 1012 91 71 Im
510 1006 122 72 Tal
671 1006 158 71 über
864 1003 125 71 den
1023 997 520 76 Fischerdörfern
1578 994 308 72 rauschen
1920 994 164 71 hohe
2114 993 268 70 Bäume:

383 1103 127 70 Die
542 1098 251 70 Häuser
823 1097 119 69 mit
974 1094 125 72 den
1130 1094 246 83 spitzen
1412 1087 278 72 Giebeln
1726 1087 297 70 scheinen
2054 1086 120 68 mir
2207 1115 77 39 zu
2316 1086 213 69 beten.

387 1195 107 72 Ich
528 1221 137 54 wag
698 1221 64 40 es
797 1190 197 78 nicht,
1030 1219 80 38 an
1143 1187 274 69 fromme
1450 1180 284 73 Schläfer
1767 1178 133 70 laut
1933 1180 506 71 heranzutreten:

384 1285 183 74 Mein
590 1284 193 72 helles
797 1282 243 70 Sinnen
1059 1280 155 68 liebt
1230 1277 295 73 verzückt
1536 1272 318 79 Gestirne,
1874 1271 213 69 Sturm
2107 1270 132 70 und
2259 1270 331 70 Schäume.

386 1379 139 71 Wie
551 1378 165 69 hoch
741 1375 106 70 die
871 1374 242 82 Wogen
1141 1371 187 84 gehn,
1357 1369 106 71 die
1488 1367 173 69 Böen
1689 1376 251 60 türmen
1966 1362 133 69 sich
2126 1361 160 69 nach
2311 1360 283 71 Norden.

386 1473 111 71 Als
530 1472 190 69 weise
755 1468 252 84 Könige
1040 1467 184 68 ziehn
1257 1464 161 70 auch
1451 1461 106 70 die
1591 1459 227 71 Sterne
1851 1486 148 40 zum
2033 1453 217 71 Zenit:

389 1567 108 68 Sie
527 1563 228 71 wollen
790 1563 188 69 einen
1011 1557 115 71 tief
1162 1555 466 87 versprochnen
1662 1549 462 72 Wunderstern
2157 1547 328 83 erspähen.

389 1657 187 71 Doch
593 1685 99 39 wo
708 1661 31 63 ?
776 1654 86 70 Ist
881 1682 109 40 aus
1011 1651 148 70 dem
1173 1646 300 73 Walfisch
1492 1647 112 68 her
1620 1643 107 70 die
1743 1639 328 74 Botschaft
2086 1667 121 41 uns
2227 1637 329 85 geworden
2571 1642 31 62 ?

391 1750 189 71 Noch
612 1747 185 71 tiefer
830 1747 88 69 im
955 1746 334 69 Kentaur?
1322 1740 123 71 Wo
1475 1738 320 70 Antinous
1831 1737 151 81 jetzt
2018 1735 218 68 kniet?

395 1845 94 70 Im
523 1840 220 74 Schoß
777 1840 112 68 der
924 1836 412 84 Cassiopeja?
1404 1832 228 70 Sterne
1666 1828 253 70 werden
1953 1828 110 69 ihn
2100 1823 146 72 bald
2281 1823 222 69 sehen!

392 1935 189 70 Doch
613 1933 163 69 auch
809 1933 67 68 in
910 1961 122 39 uns
1068 1930 172 70 ward
1275 1955 164 41 neue
1472 1924 133 70 Not
1637 1952 143 39 ums
1817 1920 166 72 hohe
2015 1916 286 71 Wunder
2335 1915 196 70 wach.

393 2028 126 70 Die
550 2025 360 71 Menschen
944 2023 230 71 führen
1210 2020 253 82 Kriege,
1498 2016 242 70 suchen
1771 2013 195 71 selbst
2000 2013 96 67 ihr
2133 2009 398 82 Ungemach,

397 2119 131 70 Um
562 2121 136 69 sich
732 2119 199 78 nicht,
967 2113 305 80 wartend,
1309 2114 223 80 eignen
1571 2107 289 69 Glühens
1896 2136 80 39 zu
2009 2103 355 70 erwehren:

395 2211 184 71 Mein
607 2209 162 73 Gott
802 2211 88 67 im
918 2206 305 80 Himmel,
1259 2204 103 70 laß
1395 2203 148 70 dein
1568 2199 121 70 Tal
1724 2201 102 67 ein
1861 2196 223 71 beßres
2112 2193 161 72 Volk
2307 2192 301 84 gebären!

397 2306 210 77 Vater,
643 2303 107 84 gib
792 2301 254 84 Europa
1079 2301 103 67 ein
1218 2298 401 82 begeistertes
1657 2289 414 73 Geschlecht!

400 2396 256 71 Eröffne
690 2397 65 68 in
790 2395 111 70 der
936 2390 378 86 Schöpfung
1346 2387 110 71 der
1492 2385 496 81 Beseeligungen
2025 2378 295 83 Quellen.

401 2490 135 71 Wir
569 2491 254 69 können
856 2516 122 41 uns
1013 2485 175 70 nicht
1224 2499 235 52 retten:
1492 2505 192 44 unser
1717 2476 249 69 Brauch
2000 2475 81 67 ist
2115 2469 378 86 ungerecht:

401 2582 211 80 Vater,
647 2611 172 53 zeige
851 2580 147 70 dich
1032 2607 88 38 im
1154 2575 164 73 Volk
1350 2603 78 41 an
1461 2569 444 72 unbefleckten
1941 2565 261 70 Stellen.

402 2676 118 69 Wo
555 2676 144 69 sind
732 2674 102 69 die
870 2674 256 77 Rassen,
1162 2668 104 71 für
1298 2669 102 69 ein
1433 2664 273 83 Morgen
1741 2658 303 87 siegreich
2079 2657 387 83 vorgeboren
2481 2659 28 62 ?

403 2767 61 71 0
482 2768 186 79 Herr,
696 2796 118 41 wie
839 2784 238 63 traurig
1101 2761 144 71 sind
1271 2787 113 44 wir
1409 2757 137 80 alle,
1585 2752 472 86 selbstgequält.
2084 2751 212 68 Drum
2314 2744 303 73 schlecht.

407 2862 87 69 Ist
527 2862 174 69 diese
732 2857 433 79 Menschheit,
1200 2871 166 52 trotz
1398 2851 110 71 des
1544 2848 309 71 Heilands
1888 2843 335 89 Opfertod,
2261 2841 327 71 verloren?

407 2954 182 70 Mein
623 2954 201 84 Jesus,
859 2982 119 39 wie
1012 2946 367 86 begreiflich
1412 2944 146 69 sind
1591 2941 104 71 die
1732 2941 212 70 hohen
1980 2933 563 74 Himmelslehren:

407 3045 136 73 Wir
575 3046 230 70 sollten
840 3043 154 71 bloß
1027 3043 113 69 der
1174 3039 218 70 Eltern
1431 3034 358 75 Vorurteile
1822 3034 273 68 nimmer
2128 3029 217 69 hören.

410 3137 105 71 Sie
547 3138 260 70 fordern
840 3139 112 69 das
988 3134 353 76 Gewissen,
1378 3157 190 43 unser
1602 3128 150 71 Blut
1785 3126 104 69 für
1921 3121 235 70 falsche
2189 3118 241 69 Ehren:

409 3229 190 71 Doch
633 3233 82 69 ist
745 3229 108 71 die
878 3227 247 72 Schuld
1159 3256 65 39 in
1258 3253 154 41 uns:
1446 3250 113 43 wir
1593 3222 201 68 lassen
1832 3247 121 41 uns
1988 3214 164 71 noch
2178 3212 125 68 fort
2329 3210 293 69 betören:

414 3322 209 72 Unser
654 3323 212 79 Vater,
903 3322 113 69 der
1049 3321 89 68 du
1172 3319 126 69 bist
1332 3346 89 40 im
1459 3312 307 80 Himmel,
1803 3311 105 83 gib
1941 3337 120 41 uns
2095 3305 233 77 Söhne,

412 3413 125 72 Die
570 3434 126 52 erst
729 3416 104 70 die
867 3412 217 70 Eltern
1117 3408 235 73 wieder
1383 3408 231 78 heben,
1651 3434 182 42 wenn
1869 3403 89 69 sie
1990 3430 64 39 es
2089 3394 358 78 verdienen.

415 3505 156 72 Und
602 3526 163 54 trotz
798 3506 153 74 dem
981 3502 384 80 Vaterfluch,
1402 3500 110 71 der
1546 3499 248 71 Mütter
1825 3490 524 86 Angstgestöhne,

415 3599 151 72 Sich
599 3600 310 71 aufraffen
943 3628 113 41 aus
1092 3596 200 70 ihrem
1331 3595 129 79 Ich,
1497 3620 123 44 nur
1652 3590 168 77 dich,
1859 3586 181 76 Herr,
2076 3613 79 38 zu
2190 3577 408 74 vernehmen.

415 3690 124 73 Die
565 3720 161 44 neue
748 3694 193 71 Rasse
957 3692 247 69 kommt
1230 3718 88 40 im
1337 3685 203 80 Geist,
1569 3714 124 44 von
1719 3680 272 73 tiefstem
2013 3675 186 71 Licht
2225 3671 403 76 beschienen,

416 3784 131 73 Vor
579 3815 237 42 unsern
851 3784 262 71 Söhnen
1146 3782 263 71 wanken
1442 3780 115 69 wir
1590 3774 233 73 zurück
1856 3773 115 68 wie
2004 3769 231 69 scheue
2270 3764 338 76 Schemen,

421 3876 70 71 In
525 3878 296 73 höchster
853 3877 156 80 Not,
1045 3876 173 70 mein
1253 3872 182 80 Gott,
1472 3871 104 71 laß
1611 3869 118 70 alle
1765 3862 354 76 Vorfahren
2152 3859 405 71 beschämen.
