3165 4572
575 423 75 60 88

1213 426 219 67 Georges
1462 426 263 52 Duhamel
1775 440 22 31 *
1850 427 104 51 Die
1987 427 178 53 Gnade

580 627 111 71 Sie
724 626 266 71 machen
1026 627 122 67 mir
1181 627 142 69 eine
1357 626 268 71 Freude.
1663 626 155 71 Und
1851 626 225 71 wollen
2103 626 129 80 Sie,
2269 625 181 81 bitte,
2484 626 164 71 auch
2674 626 125 71 den

583 719 403 71 Kameraden
1019 719 241 69 welche
1291 720 389 70 anbieten?“

674 812 218 69 Leiser
926 829 157 52 setzt
1117 839 68 42 er
1218 811 228 73 hinzu:

675 904 258 81 ,»Sehen
967 905 110 70 Sie
1111 904 124 72 mal
1270 924 189 51 unter
1492 906 170 69 mein
1695 905 166 69 Bett.
1914 903 214 72 Dahin
2162 903 138 83 lege
2331 904 105 70 ich
2469 903 170 81 alles,
2674 934 126 41 was

580 1027 149 39 man
787 998 125 68 mir
969 998 285 70 schenkt.
1308 998 200 70 Nicht
1555 997 192 80 wahr,
1808 1027 65 39 es
1931 998 80 67 ist
2061 1026 80 39 zu
2190 995 166 71 viel?
2403 997 109 69 Ich
2546 997 255 69 schäme

580 1089 173 71 mich
788 1089 251 71 dessen.
1092 1091 84 69 Es
1211 1089 144 73 sind
1388 1091 162 71 auch
1583 1089 238 71 welche
1854 1091 155 78 hier,
2046 1089 205 70 denen
2278 1120 147 39 man
2460 1117 108 56 gar
2593 1091 208 69 nichts

579 1183 157 83 gibt,
773 1183 137 70 und
943 1181 107 71 die
1082 1183 167 71 doch
1285 1183 137 70 ihre
1455 1182 225 71 Pflicht
1714 1201 183 65 getan
1933 1181 205 71 haben
2171 1211 204 55 genau
2423 1213 71 39 so
2524 1185 120 67 wie
2676 1182 121 80 ich,

580 1277 137 69 und
750 1276 106 70 die
889 1276 245 84 tapfere
1167 1276 303 71 Soldaten
1507 1276 207 70 sind.“

675 1369 74 70 In
785 1369 114 70 der
932 1369 147 80 Tat,
1116 1399 65 40 es
1215 1369 203 84 liegen
1454 1369 160 71 viele
1646 1369 243 84 tapfere
1921 1367 304 72 Soldaten
2268 1367 89 69 im
2391 1366 212 80 Saale;
2654 1367 150 70 aber

581 1491 151 40 man
769 1461 110 72 hat
913 1491 123 42 nur
1063 1464 142 69 eine
1232 1464 241 81 einzige
1496 1460 541 71 Militärmedaille
2063 1460 338 80 verliehen,
2429 1460 136 70 und
2589 1460 216 83 Anger

581 1554 111 70 hat
726 1555 92 69 sie
851 1555 405 70 bekommen.
1308 1554 119 70 Ein
1464 1555 296 83 richtiges
1797 1555 146 70 Fest
1977 1555 107 70 hat
2109 1585 149 40 man
2284 1554 135 70 ihm
2446 1553 223 71 daraus
2695 1583 72 52 ge-

581 1647 238 81 macht,
873 1647 138 70 und
1060 1647 106 70 die
1216 1647 404 71 Kameraden
1671 1648 207 70 haben
1911 1677 113 41 aus
2061 1647 228 71 vollem
2324 1647 251 70 Herzen
2608 1646 193 71 daran

580 1740 531 83 teiigenommen;
1171 1740 191 81 denn,
1416 1771 68 38 so
1543 1740 613 71 unwahrscheinlich
2206 1740 111 69 das
2375 1738 217 83 klingt,
2659 1738 144 70 kein

579 1832 280 71 Mensch
889 1834 80 68 ist
994 1832 111 70 auf
1127 1832 216 83 Anger
1370 1832 441 83 eifersüchtig!
1846 1832 289 73 Welches
2152 1831 317 72 Wunder!
2504 1831 119 71 Wo
2646 1832 159 83 gäbe

583 1955 66 40 es
685 1926 186 69 einen
908 1924 289 81 Fürsten,
1235 1924 115 70 der
1381 1925 183 69 keine
1599 1924 240 71 Neider
1873 1924 213 71 hätte?

678 2018 156 80 ,,Sie
882 2018 205 82 gehen
1138 2016 196 70 schon
1352 2023 98 73 ?“,
1488 2035 136 65 sagt
1654 2016 234 83 Anger.
1964 2019 238 79 ,,Dann
2251 2046 188 53 sagen
2472 2015 111 70 Sie
2615 2015 186 81 doch,

583 2110 180 80 bitte,
818 2109 162 70 auch
1016 2109 150 70 dem
1202 2108 237 71 Groult
1502 2128 193 65 guten
1731 2110 158 84 Tag.
1987 2109 85 70 Er
2104 2112 81 67 ist
2234 2138 163 42 zwar
2444 2112 102 67 ein
2596 2108 166 82 Quer-

580 2203 178 85 kopf,
795 2204 152 70 aber
980 2231 66 42 er
1080 2202 157 71 liebt
1268 2202 106 71 die
1409 2203 534 70 Konversation.“

1682 2364 33 37 *

675 2481 216 84 Anger
948 2483 107 69 hat
1112 2484 123 67 mir
1293 2485 184 67 einen
1536 2483 286 69 Hinweis
1879 2483 304 82 gegeben.
2236 2481 108 69 Ich
2400 2481 211 70 werde
2665 2483 141 67 eine

583 2573 322 85 Zigarette
932 2575 119 69 mit
1072 2573 233 75 Groult
1333 2574 297 71 rauchen.
1662 2574 154 70 Und
1844 2603 113 42 vor
1980 2574 185 71 allem
2190 2571 211 73 werde
2425 2574 103 70 ich
2557 2571 249 86 Gregor

581 2667 346 71 besuchen.

679 2758 235 71 Groult
947 2759 159 70 wird
1140 2758 337 84 eigentlich
1512 2759 177 70 nicht
1722 2789 156 53 ganz
1911 2757 521 84 vernachlässigt;
2467 2786 68 41 er
2580 2758 82 69 ist
2701 2759 100 69 ein

581 2851 291 84 Original
914 2852 137 70 und
1093 2852 102 69 ein
1237 2852 671 84 Widerspruchsgeist.
1952 2852 160 69 Man
2154 2852 166 81 zeigt
2361 2851 110 68 ihn
2535 2851 119 68 wie
2701 2852 102 70 ein

581 2945 498 82 merkwürdiges
1113 2945 183 71 Tier:
1332 2973 66 42 er
1430 2945 326 70 bekommt
1790 2945 215 70 seinen
2030 2942 212 70 Anteil
2276 2974 80 39 an
2383 2941 420 72 Geschenken

581 3039 139 70 und
754 3071 79 39 an
870 3038 336 82 Fürsorge.

674 3132 175 69 Aber
881 3162 113 39 um
1032 3130 250 83 Gregor
1315 3130 323 70 kümmert
1671 3129 133 70 sich
1840 3128 331 80 niemand;
2223 3157 68 42 er
2324 3145 184 53 starrt
2546 3129 109 70 auf
2702 3129 104 70 die

581 3224 230 80 Wand,
862 3222 160 72 wird
1074 3224 230 68 immer
1351 3251 303 54 magerer,
1707 3222 135 70 und
1893 3251 123 42 nur
2062 3220 113 70 der
2211 3219 147 73 Tod
2392 3220 245 72 scheint
2670 3222 133 71 sich

581 3317 110 71 für
722 3318 112 69 ihn
867 3349 81 39 zu
984 3318 463 69 interessieren.

677 3411 109 70 Du
837 3410 177 71 sollst
1064 3408 179 71 nicht
1293 3408 273 80 sterben,
1604 3406 279 84 Gregor!
1943 3407 109 70 Ich
2086 3406 283 71 schwöre
2403 3435 64 41 es
2500 3407 118 80 dir,
2677 3407 127 70 daß

584 3504 103 68 ich
722 3504 149 71 dich
906 3504 102 69 bei
1044 3505 124 67 mir
1200 3500 340 71 festhalten
1572 3500 229 81 werde,
1837 3497 127 74 daß
1997 3499 101 72 ich
2133 3500 118 68 mit
2283 3499 99 69 dir
2414 3497 206 74 leiden
2669 3499 135 71 und

581 3594 190 70 deine
819 3595 321 71 schlechte
1188 3595 225 69 Laune
1460 3591 290 84 demütig
1798 3610 284 65 ertragen
2131 3591 228 71 werde.
2410 3594 100 70 Da
2560 3591 88 73 du
2681 3623 82 39 un-

584 3688 316 84 glücklich
959 3690 127 70 bist
1141 3688 108 71 für
1305 3688 142 68 eine
1503 3716 196 54 ganze
1731 3685 186 82 Welt,
1976 3716 71 40 so
2082 3684 177 72 sollst
2306 3684 88 72 du
2425 3686 378 83 wenigstens

583 3780 180 73 nicht
795 3780 188 72 allein
1017 3779 413 87 unglücklich
1465 3780 168 70 sein!

680 3873 107 73 Ihr
819 3894 192 63 guten
1049 3876 271 78 Damen,
1357 3872 106 71 die
1496 3872 100 71 ihr
1625 3900 229 44 unsere
1884 3869 465 75 Verwundeten
2376 3871 268 72 besucht
2668 3871 135 71 und
