3586 4478
1795 138 107 51 110

223 297 154 35 neuen
407 281 428 51 Concert-Vereine
866 283 211 63 beweist,
1117 285 104 49 dass
1252 283 74 50 die
1357 283 233 66 gebildete
1619 285 171 66 Menge

226 360 82 52 das
340 361 267 49 Bedürfniss
637 362 125 50 eines
801 362 211 51 höheren
1051 363 349 51 musicalischen
1433 363 251 59 Genusses,
1727 366 65 48 als

227 440 239 68 derjenige
509 442 70 56 ist,
623 441 89 49 den
758 441 81 51 das
884 443 256 66 glänzende
1182 443 225 66 Solospiel
1453 442 153 51 bieten
1652 446 142 56 kann,

230 521 139 58 fühlt,
411 520 93 49 und
537 520 86 49 wie
655 521 108 48 sehr
793 521 82 49 das
908 522 175 51 Gefühl
1116 523 77 49 für
1220 522 156 50 diesen
1411 522 181 50 Genuss
1624 525 170 49 bereits

230 600 201 50 erstarkt
459 600 73 57 ist,
561 601 118 65 zeigt
708 601 127 49 nicht
866 602 123 50 bloss
1021 603 73 49 die
1120 602 183 50 Freude
1332 602 81 50 des
1437 602 270 51 Publicums
1737 621 57 33 an

230 678 168 68 Haydn
440 678 93 50 und
564 681 287 58 Beethoven,
895 682 202 50 sondern
1143 682 118 50 auch
1305 682 73 48 die
1409 683 270 50 Aufnahme
1709 700 85 33 von

232 758 216 51 Werken
481 760 88 48 wie
599 760 72 48 die
702 761 267 49 Sinfonieen
1014 780 84 32 von
1130 761 348 60 Mendelssohn,
1522 763 73 49 die
1637 763 160 50 zweite

231 838 129 50 Suite
384 855 86 33 von
495 838 234 60 Lachner,
746 840 68 67 ja,
838 841 254 49 theilweise
1115 841 141 49 selbst
1280 842 179 66 einiger
1487 842 310 51 sinfonischen

233 917 134 51 Sätze
391 935 85 32 von
500 918 272 50 Schumann
858 921 168 56 Musik,
1058 921 72 47 die
1160 921 117 48 noch
1312 937 80 32 vor
1413 921 114 50 zehn
1554 922 66 49 bis
1643 939 124 33 zwan-

232 997 70 66 zig
323 997 178 50 Jahren
527 997 87 50 den
637 1000 215 49 Parisern
878 1001 70 48 ein
975 1001 170 50 Gräuel
1172 1017 216 49 gewesen
1414 1006 138 46 wäre.
1583 1002 215 50 Nehmen

235 1077 85 48 wir
350 1077 154 56 hinzu,
537 1077 104 50 dass
670 1096 47 32 es
748 1096 78 33 vor
852 1081 148 48 Allem
1032 1080 74 49 die
1131 1081 183 50 Werke
1338 1081 247 50 deutscher
1607 1082 192 50 Meister

232 1155 119 57 sind,
383 1156 178 49 welche
593 1157 153 50 diesen
773 1158 319 67 Umschwung
1121 1160 253 49 veranlasst
1403 1161 170 56 haben,
1604 1178 49 33 so
1684 1161 86 50 kön-

235 1252 90 33 nen
351 1236 86 48 wir
459 1236 176 58 hoffen,
665 1237 103 50 dass
793 1238 80 49 mit
896 1238 83 50 der
1003 1240 100 49 Zeit
1132 1240 83 48 der
1239 1241 144 56 Geist,
1413 1240 83 49 der
1525 1242 44 47 in
1601 1259 200 32 unseren

237 1315 451 50 Orchesterwerken
712 1316 94 51 lebt
830 1317 94 48 und
950 1318 142 58 webt,
1115 1318 87 50 den
1229 1320 290 49 Geschmack
1544 1320 84 51 der
1653 1322 119 49 Fran-

237 1411 136 33 zosen
419 1396 118 48 auch
584 1396 79 48 für
703 1414 162 48 grosse
898 1398 306 50 Vocalwerke
1251 1400 90 48 und
1385 1400 410 51 Oratorienmusik

240 1475 315 66 empfänglich
589 1476 193 49 machen
818 1477 171 50 werde.
1046 1479 161 49 Damit
1237 1479 56 48 ist
1323 1480 123 48 nicht
1479 1489 182 57 gesagt,
1698 1480 104 49 dass

241 1570 47 33 es
310 1553 124 50 nicht
457 1555 117 48 auch
594 1553 114 69 jetzt
732 1556 119 48 noch
870 1557 228 50 Stimmen
1124 1557 134 66 gebe,
1284 1560 175 48 welche
1483 1559 72 50 die

257 1631 261 52 allemande
520 1633 65 49 als
612 1633 317 51 Verderberin
955 1636 78 50 des
1065 1636 149 50 feinen
1527 1639 274 53 betrachten

240 1711 94 49 und
364 1711 88 55 den
475 1712 275 69 Untergang
782 1713 79 51 des
892 1715 338 52 französischen
1265 1717 306 50 Kunstsinnes
1601 1719 118 49 eben
1751 1735 50 32 so

236 1791 333 66 vorhersagen,
600 1793 87 49 wie
711 1811 81 32 vor
818 1795 193 67 dreissig
1041 1795 67 49 bis
1139 1797 166 65 vierzig
1327 1799 176 48 Jahren
1529 1815 84 33 von
1646 1800 131 48 litera-

237 1870 180 49 rischen
450 1872 295 50 Autoritäten
791 1873 84 50 der
903 1876 276 66 Untergang
1214 1875 84 49 der
1327 1877 164 50 Poesie
1531 1877 87 50 den
1652 1879 120 49 Fran-

238 1966 135 33 zosen
404 1951 279 67 geweissagt
713 1953 181 59 wurde,
931 1955 162 49 sobald
1124 1956 66 48 sie
1219 1955 234 67 beginnen
1484 1957 214 59 würden,
1728 1957 74 50 die

238 2030 289 66 Ungeheuer
894 2030 81 68 [les
931 2032 244 68 monstres)
1176 2035 161 67 Shakespeare
1338 2036 43 50 und
1411 2036 195 51 Schiller
1634 2055 55 33 zu
1720 2037 53 51 be-

240 2108 245 51 wundern.
993 2129 12 19 *

363 2187 166 51 Neben
572 2187 88 52 den
712 2194 245 62 grösseren
1004 2191 471 53 Concert-Instituten
1531 2195 148 49 florirt
1728 2195 73 49 die

240 2267 405 60 Kammermusik,
675 2268 143 51 deren
848 2270 157 51 Markt
1035 2272 208 50 wirklich
1284 2274 231 50 überfüllt
1557 2291 113 33 war.
1728 2276 74 48 Da

245 2347 308 50 wetteiferten
584 2347 74 51 die
688 2348 198 51 Vereine
925 2368 86 31 von
1042 2351 187 57 Gouffe,
1273 2354 323 59 Lamoureux,
1640 2354 161 50 Alfred

241 2426 213 60 Holmes,
485 2428 313 67 Armingaud,
828 2430 202 59 Maurin,
1061 2434 116 47 Paul
1211 2434 207 49 Bernard
1450 2451 43 33 u.
1525 2451 34 33 s.
1590 2450 76 46 w.,
1707 2434 95 50 und

240 2505 44 49 in
318 2506 107 49 fünf
449 2507 107 48 sehr
584 2507 256 51 besuchten
871 2510 251 66 Sitzungen
1167 2511 73 50 die
1280 2512 249 51 Gebrüder
1559 2514 169 50 Müller
1756 2515 45 49 in

238 2583 314 69 Verbindung
584 2587 81 48 mit
696 2587 127 50 Frau
851 2588 438 69 Szarvady-Clauss.

360 2666 88 48 Die
473 2666 249 51 Gebrüder
744 2668 169 50 Müller
942 2668 152 51 haben
1126 2672 283 49 namentlich
1439 2672 45 50 in
1515 2674 87 48 den
1635 2672 167 51 beiden

242 2751 151 43 ersten
438 2745 253 67 Sitzungen
735 2749 485 50 ausserordentlichen
1256 2751 165 66 Erfolg
1465 2751 201 67 gehabt;
1709 2754 62 48 Zu-

246 2826 343 66 sammenspiel,
633 2826 102 50 Ton
765 2827 96 50 und
891 2829 208 66 Vortrag
1131 2830 195 48 wurden
1357 2830 118 51 über
1506 2832 109 49 alles
1647 2831 156 50 bisher

249 2901 209 51 Gehörte
487 2903 228 59 erhoben,
1293 2902 85 61 „ils
1520 2903 178 54 etaient

477 3020 12 21 y
492 2982 87 50 wie
600 2983 94 50 sich
718 2983 72 51 die
1282 2983 195 54 Gazette
1478 2989 124 57 ausdrückte;
1619 2990 63 48 sie
1712 2990 93 49 traf

243 3060 148 50 damit
414 3062 87 50 den
528 3062 269 51 wirklichen
821 3066 256 60 Eindruck,
1101 3067 89 50 den
1212 3067 83 51 das
1319 3069 224 59 Quartett
1564 3070 83 49 der
1670 3070 105 49 deut-

242 3140 141 49 schen
416 3141 222 51 Künstler
678 3142 198 51 machte.
932 3145 76 49 Sie
1051 3154 151 43 traten
1243 3147 85 50 auf
1361 3149 105 49 mit:
1497 3149 222 59 Quartett
1756 3149 45 49 in

241 3216 190 66 D-dur,
464 3221 91 66 Op.
580 3220 72 52 20
684 3222 80 50 Nr.
796 3223 52 56 4,
877 3240 84 33 von
994 3226 187 67 Haydn,
1211 3226 225 61 Quartett
1465 3244 88 34 von
1578 3229 51 49 F.
1652 3227 118 51 Schu-

242 3297 106 51 bert
377 3301 81 48 mit
481 3300 89 50 den
595 3301 303 51 Variationen
922 3303 61 50 im
1011 3305 232 59 Andante,
1273 3306 80 50 das
1378 3307 132 50 einen
1533 3309 158 49 Sturm
1717 3324 86 33 von

241 3378 209 68 Applaus
481 3389 201 58 erregte,
722 3382 93 50 und
848 3382 104 51 dem
985 3385 111 49 Trio
1125 3386 43 48 in
1400 3404 86 33 von
1517 3387 285 60 Beethoven,

238 3457 47 50 in
317 3460 224 49 welchem
574 3461 127 50 Frau
729 3462 232 69 Szarvady
992 3464 72 49 die
1096 3465 363 51 Clavier-Partie
1488 3467 177 66 spielte.
1710 3467 89 49 Die

240 3537 164 51 zweite
431 3538 191 69 Sitzung
666 3540 192 52 brachte
901 3544 70 48 ein
1005 3544 223 59 Quartett
1270 3561 86 35 von
1394 3546 288 50 Dittersdorf
1720 3546 83 50 mit

240 3616 329 52 allerliebstem
621 3620 177 58 Finale,
843 3622 306 51 Beethoven's
1192 3624 441 50 Trio-Variationen
1681 3625 121 49 über

250 3695 107 58 „Ich
402 3696 78 49 bin
522 3696 82 51 der
642 3698 256 51 Schneider
1247 3702 404 61 Violin-Quartett
1679 3705 44 49 in

237 3791 86 33 von
354 3776 290 60 Schumann,
688 3777 432 64 Clavier-Quartett
1148 3782 44 50 in
1223 3782 190 52 H-moll
1446 3800 87 34 von
1564 3784 204 50 Mendels-

236 3855 131 49 sohn.
398 3856 97 49 Das
518 3857 396 52 Schumannsche
937 3861 225 60 Quartett
1186 3864 153 48 wollte
1370 3864 60 49 im
1458 3864 185 50 Ganzen
1672 3865 127 49 nicht

236 3933 132 50 recht
396 3936 197 65 packen,
622 3937 259 59 Einzelnes,
913 3941 87 50 wie
1025 3941 71 50 die
1121 3944 160 48 zweite
1308 3944 239 49 Variation
1578 3944 61 49 im
1661 3944 108 49 zwei-

233 4019 79 44 ten
336 4013 150 59 Satze,
511 4016 164 51 wurde
698 4019 367 64 ausgezeichnet.
1091 4021 132 50 Noch
1249 4022 210 65 weniger
1480 4022 205 68 behagte
1708 4022 91 51 den

235 4092 217 51 Parisern
482 4095 71 51 ein
580 4096 222 60 Quartett
824 4115 86 33 von
933 4100 42 49 J.
1000 4100 130 61 Raff,
1150 4101 90 67 Op.
1270 4100 96 61 77;
1397 4101 213 69 dagegen
1634 4102 164 51 wurde

236 4170 81 52 das
349 4172 319 54 Clavier-Trio
697 4176 46 50 in
1327 4176 72 63 D,
876 4177 91 67 Op.
1005 4177 89 61 70,
1135 4180 94 51 und
1259 4180 74 52 die
1364 4181 434 61 Violin-Quartette

1898 285 93 66 Op.
2018 283 71 51 59
2124 283 97 50 und
2253 283 104 51 127
2392 301 87 35 von
2509 286 264 50 Beethoven
2806 287 83 49 mit
2918 289 325 64 allgemeinem
3267 290 195 51 Beifalle

1898 365 381 66 aufgenommen.
2312 365 87 49 Ein
2427 365 223 61 Quartett
2673 382 85 34 von
2785 367 51 49 F.
2862 367 148 50 Hiller
3043 369 91 49 und
3166 370 72 48 ein
3270 369 194 50 anderes

1898 461 87 33 von
2018 443 214 51 Damcke
2263 445 162 49 hatten
2457 446 132 50 einen
2621 463 154 34 sueces
2801 441 220 57 d'estime.
3083 450 88 48 Die
3201 450 153 49 Kritik
3384 450 81 49 der

1898 523 165 50 letzten
2096 523 374 67 Aufführungen
2509 526 167 66 sprach
2716 526 93 50 sich
2850 526 120 50 über
3013 526 82 51 das
3133 527 147 51 öftere
3309 530 129 49 Ritar-

1898 602 158 52 dando
2082 603 94 50 und
2202 605 325 49 Accelerando
2557 623 107 41 aus;
2697 607 213 49 wiewohl
2941 609 63 48 sie
3035 606 131 51 darin
3199 609 101 49 eine
3331 610 111 49 aller-

1898 682 135 68 dings
2071 682 175 51 schöne
2277 683 482 67 Eigentümlichkeit
2796 685 79 49 des
2905 686 257 66 Vortrages
3205 686 85 50 der
3331 687 107 51 deut-

1897 762 142 50 schen
2071 763 224 49 Künstler
2325 763 309 58 anerkannte,
2676 783 50 31 so
2766 765 108 49 fand
2919 767 65 49 sie
3022 766 118 50 doch
3172 766 211 51 dasselbe
3412 785 55 32 zu

1900 842 161 68 häufig
2085 844 298 64 angewandt.
2422 844 99 49 Von
2546 845 100 49 hier
2669 845 101 49 sind
2790 845 72 49 die
2886 846 249 50 Gebrüder
3158 847 170 49 Müller
3347 849 118 48 nach

1901 922 133 50 Basel
2079 939 275 49 gegangen:
2396 922 99 50 ihre
2536 924 133 49 letzte
2710 925 190 66 Sitzung
2947 925 107 49 fand
3097 943 73 31 am
3223 925 84 51 15.
3338 927 125 49 März

1901 1004 145 55 Statt;
2068 1002 45 49 in
2138 1002 247 50 derselben
2408 1004 191 66 spielten
2623 1004 65 49 sie
2712 1005 83 48 mit
2819 1006 123 48 Frau
2961 1006 231 67 Szarvady
3215 1006 80 50 das
3314 1006 121 60 Quin-

1901 1087 86 44 tett
2016 1099 85 32 von
2133 1081 271 51 Schumann
2436 1084 43 48 in
3129 1081 88 63 Es,
2646 1084 200 48 welches
2879 1086 219 65 gewaltig
3134 1085 333 68 durchschlug,

1903 1161 96 50 und
2032 1160 321 51 Bruchstücke
2397 1179 82 33 aus
2514 1162 461 60 Violin-Quartetten
3024 1181 85 32 von
3153 1165 168 67 Haydn
3364 1165 78 67 (un-

1903 1241 325 50 nachahmlich
2253 1242 141 50 schön
2420 1242 73 49 die
2512 1242 301 50 Variationen
2838 1244 84 49 auf
2951 1245 142 57 „Gott
3116 1245 178 49 erhalte
3319 1246 149 50 Franz

1905 1320 87 51 den
2013 1318 200 68 Kaiser),
2231 1321 235 50 Schubert
2490 1322 92 49 und
2599 1322 277 50 Rubinstein
2895 1321 244 69 [Andante
3153 1339 84 35 con
3251 1322 213 69 sordini).

2023 1401 138 48 Trotz
2187 1401 119 48 allen
2331 1401 88 48 den
2444 1410 266 57 genannten
2743 1402 93 49 und
2867 1404 228 49 manchen
3121 1420 85 33 von
3232 1405 87 48 mir
3341 1405 127 49 nicht

1903 1479 273 49 erwähnten
2207 1480 234 49 Matineen
2489 1480 91 49 und
2625 1481 193 50 Soireen
2862 1482 93 64 gab
2996 1499 45 32 es
3081 1482 118 50 doch
3242 1484 43 48 in
3317 1484 150 49 dieser

1903 1559 163 49 Saison
2110 1559 120 49 noch
2275 1560 102 49 eine
2419 1576 51 33 so
2513 1578 161 49 grosse
2705 1562 170 66 Menge
2905 1579 85 33 von
3022 1562 172 50 Privat-
3206 1562 259 51 Concerten

1905 1637 228 50 einzelner
2161 1639 264 57 Virtuosen,
2457 1640 88 48 wie
2573 1640 64 48 sie
2668 1641 85 48 seit
2775 1641 175 50 Jahren
2982 1641 125 50 nicht
3131 1641 133 50 mehr
3288 1642 58 50 da
3370 1660 63 33 wa-

1902 1734 107 40 ren;
2041 1717 57 50 da
2127 1719 65 48 sie
2222 1717 147 50 dieses
2392 1720 94 48 Mal
2517 1719 73 49 die
2620 1721 91 48 alte
2734 1720 274 67 Erfahrung
3035 1722 118 49 noch
3180 1721 170 51 einmal
3382 1740 54 48 ge-

1903 1797 158 50 macht
2091 1797 173 59 haben,
2296 1799 103 49 dass
2430 1799 136 49 dabei
2597 1801 150 48 nichts
2776 1818 53 31 zu
2860 1802 265 65 gewinnen,
3156 1802 63 49 als
3251 1802 103 49 eine
3377 1802 58 49 Er-

1905 1876 237 66 wähnung
2170 1877 125 49 ihres
2324 1879 207 48 Namens
2570 1879 43 48 in
2645 1880 131 49 Paris
2814 1880 85 49 auf
2923 1881 405 65 Anschlagzetteln
3371 1881 92 50 und

1902 1956 45 50 in
1978 1957 278 66 Zeitungen,
2288 1959 122 48 wohl
2442 1957 115 51 aber
2587 1959 118 49 Geld
2734 1976 55 32 zu
2820 1960 224 49 verlieren
3068 1961 72 57 ist,
3170 1978 49 31 so
3244 1961 117 48 wird
3385 1961 80 50 das

1902 2036 229 50 vielleicht
2161 2037 79 49 für
2269 2036 74 51 die
2369 2037 210 50 Zukunft
2608 2039 332 50 abschrecken.
2987 2040 89 49 Die

1901 2116 119 50 zette
2046 2112 222 55 musicale
2305 2117 340 50 veröffentlicht
2681 2119 85 49 seit
2803 2120 180 48 Januar
3006 2119 109 67 jede
3147 2120 188 51 Woche
3364 2121 100 50 eine

1905 2195 279 51 Uebersicht
2222 2195 84 51 der
2344 2196 384 67 angekündigten
2770 2197 251 59 Concerte;
3071 2199 64 48 sie
3164 2199 154 66 ergibt
3346 2219 36 30 z.
3412 2200 51 51 B.

1903 2274 63 49 im
2000 2274 215 50 Februar
2259 2275 79 48 für
2377 2275 74 49 die
2493 2282 120 44 erste
2648 2276 186 52 Woche
2876 2276 51 58 8,
2973 2277 78 49 für
3079 2277 74 50 die
3182 2279 162 49 zweite
3378 2279 87 58 10,

1906 2354 79 48 für
2009 2352 73 51 die
2105 2354 137 49 dritte
2273 2354 85 57 15,
2391 2355 79 48 für
2496 2355 73 49 die
2593 2356 141 50 vierte
2764 2356 93 58 14;
2890 2356 79 50 für
2998 2356 73 50 die
3101 2364 121 43 erste
3251 2359 61 48 im
3337 2359 126 49 März

1911 2432 85 59 15,
2028 2434 77 48 für
2136 2432 72 51 die
2236 2434 161 49 zweite
2433 2434 69 50 14
2535 2453 44 34 u.
2609 2451 34 33 s.
2669 2453 57 33 w.
2758 2435 151 51 Dabei
2940 2436 99 50 sind
3069 2454 89 32 nur
3187 2436 73 51 die
3284 2437 155 50 Sitzun-

1902 2529 90 49 gen
2033 2512 82 51 der
2159 2512 120 51 oben
2320 2521 268 60 genannten
2635 2515 451 61 Quartett-Vereine
3128 2516 94 50 und
3262 2516 74 51 die
3365 2517 75 50 Pri-

1901 2592 331 51 vat-Concerte
2249 2594 278 63 gerechnet;
2557 2594 74 50 die
2654 2595 277 51 abonnirten
2955 2596 512 52 Orchester-Concerte

1903 2670 98 51 sind
2034 2672 127 50 nicht
2190 2673 132 49 darin
2354 2672 245 67 begriffen.

3212 2675 52 50 B.
3295 2676 50 50 P.

2309 2913 345 57 Theater
2712 2915 77 55 in
2847 2914 212 57 Köln.

2447 3053 189 49 (Schluss.
2679 3055 41 39 S.
2748 3056 65 38 Nr.
2846 3053 78 52 13.)

2020 3152 89 51 Die
2140 3154 133 50 letzte
2296 3156 292 51 Märzwoche
2618 3157 82 51 hat
2726 3159 121 49 noch
2874 3160 302 50 Beethoven'»

1903 3232 94 50 und
2032 3234 238 50 Gounod's
2556 3237 229 68 gebracht
2825 3239 83 49 mit
2946 3240 220 50 Fräulein
3196 3239 263 67 Tietjens

1902 3312 66 49 als
1996 3312 216 51 Leonore
2241 3314 93 50 und
2366 3316 329 66 Margarethe;
2726 3317 289 50 dazwischen
3048 3317 180 51 Verdi's
3255 3319 175 58 „Trova-

2093 3392 44 50 in
2169 3395 223 49 welchem
2424 3395 224 52 ebenfalls
2678 3397 72 50 ein
2776 3399 129 57 Gast,
2937 3397 217 50 Fräulein
3177 3399 282 66 Langlois

1902 3486 104 35 vom
2037 3471 279 52 Hoftheater
2357 3491 56 32 zu
2453 3474 310 58 Wiesbaden,
2795 3476 72 50 die
2905 3476 216 51 Leonore
3161 3493 129 51 sang.
3349 3477 110 51 Wir

1900 3551 100 50 sind
2032 3551 43 50 in
2107 3551 82 51 der
2209 3554 154 49 Kritik
2394 3554 88 50 den
2505 3555 408 67 Vergleichungen
2938 3556 126 50 nicht
3086 3556 125 57 hold,
3242 3556 122 51 denn
3394 3557 65 50 sie

1900 3630 299 51 verschieben
2239 3631 89 51 den
2366 3632 316 69 Standpunkt,
2724 3651 85 33 von
2852 3635 222 49 welchem
3116 3653 83 33 aus
3237 3654 107 32 man
3375 3635 84 51 der

1898 3709 343 52 Individualität
2270 3711 79 51 des
2371 3714 245 49 Künstlers
2637 3714 263 67 Rechnung
2930 3721 165 61 tragen
3126 3731 140 35 muss.
3298 3716 135 49 Trotz-

1900 3787 106 51 dem
2046 3789 115 49 wird
2207 3808 47 31 es
2296 3791 169 51 immer
2505 3792 278 51 interessant
2827 3794 202 58 bleiben,
3071 3794 73 51 die
3171 3795 287 66 Leistungen

1900 3883 185 52 grosser
2113 3870 221 51 Künstler
2373 3872 45 49 in
2456 3871 327 52 bedeutenden
2824 3874 165 51 Rollen
3032 3874 153 51 neben
3232 3874 225 51 einander

1897 3965 53 32 zu
1981 3949 178 58 stellen,
2199 3968 90 31 nur
2319 3951 132 50 sollte
2481 3969 108 33 man
2620 3952 64 50 sie
2721 3952 126 51 nicht
2883 3954 119 49 nach
3032 3952 106 53 dem
3170 3952 288 53 Maassstabe

1898 4043 200 43 messen,
2122 4027 87 51 den
2234 4045 108 34 man
2366 4046 85 33 von
2477 4030 152 51 einem
2651 4030 126 51 Ideal
2804 4031 268 60 hernimmt,
3095 4032 58 51 da
3176 4031 84 51 der
3281 4034 147 49 Künst-

1897 4106 66 51 ler
1995 4105 105 52 dem
2131 4109 208 50 Kritiker
2382 4110 276 66 gegenüber
2696 4110 118 52 doch
2855 4129 73 34 am
2960 4112 136 51 Ende
3134 4111 118 52 eben
3293 4129 51 34 so
3374 4112 54 51 be-

1897 4186 201 67 rechtigt
2124 4187 74 61 ist,
2227 4187 74 52 die
2331 4189 214 52 absolute
2575 4190 258 68 Gültigkeit
2855 4191 132 67 jenes
3008 4191 151 52 Ideals
3180 4210 53 32 zu
3258 4191 168 52 bezwei-
