3586 4478
1681 110 104 51 109

112 261 188 52 Winter
322 261 150 49 neben
499 262 180 50 Messen
706 278 85 34 von
818 261 258 52 Cherubini
1106 259 95 49 vier
1233 258 66 50 bis
1330 258 129 50 sechs
1491 258 181 50 Messen

107 360 87 32 von
220 341 99 49 hier
341 341 229 51 lebenden
597 342 332 67 Componisten
954 341 185 66 gehört,
1171 337 59 51 da
1258 338 74 50 die
1357 338 173 50 Kirche
1552 336 122 50 noch

108 422 81 50 das
221 421 174 66 einzige
427 421 168 51 Gebiet
623 422 70 57 ist,
738 422 80 50 das
848 421 94 49 sich
975 421 142 56 nicht,
1150 419 86 49 wie
1266 418 72 50 die
1369 417 273 67 Opernthea-

107 510 86 49 ter,
225 501 87 49 den
343 502 416 66 zeitgenössischen
783 502 234 66 jüngeren
1043 502 300 55 Tonsetzern,
1377 498 176 50 welche
1576 497 96 49 sich

107 583 43 47 in
194 585 248 62 grösseren
475 583 216 50 Werken
736 581 273 56 versuchen,
1053 579 299 51 verschliesst.
1412 579 67 49 Im
1512 577 132 66 Allge-

107 662 184 50 meinen
338 662 208 66 gehören
590 661 125 49 diese
759 661 333 67 Componisten
1135 677 85 31 von
1266 657 405 51 Kirchenstücken

107 741 99 49 hier
244 760 53 30 zu
336 742 277 67 denjenigen
646 741 258 56 Musikern,
941 739 74 51 die
1056 741 78 48 für
1168 738 74 50 die
1274 739 153 49 Kunst
1465 755 79 31 um
1589 737 83 49 der

107 822 151 48 Kunst
289 822 152 50 willen
482 821 230 58 arbeiten,
757 820 94 50 und
891 821 44 49 in
975 837 50 33 so
1065 821 101 48 fern
1210 818 248 51 verdienen
1488 817 65 49 sie
1584 817 87 51 alle

105 901 240 66 Achtung,
390 917 134 32 wenn
566 901 120 48 auch
728 900 100 49 ihre
866 901 182 49 Namen
1095 898 147 50 durch
1291 897 82 50 das
1418 897 252 50 Cultiviren

104 982 127 48 einer
260 999 51 30 so
341 987 186 42 ernsten
561 980 391 66 Musik-Gattung
990 981 146 48 selten
1167 995 80 33 zur
1277 977 206 66 Geltung
1512 977 45 48 in
1589 976 83 49 der

105 1060 206 66 hiesigen
350 1060 266 49 Musikwelt
646 1060 236 50 kommen.
927 1061 149 48 Einen
1107 1058 83 50 der
1220 1057 282 65 tüchtigsten
1535 1063 137 42 unter

105 1141 160 56 ihnen,
314 1140 242 49 Charles
595 1141 227 66 Manry,
867 1141 79 48 hat
975 1140 81 48 der
1087 1137 103 51 Tod
1219 1154 53 31 zu
1307 1136 188 67 Anfang
1525 1134 147 51 dieses

100 1221 168 49 Jahres
298 1220 339 66 dahingerafft;
683 1221 65 48 als
778 1221 243 56 Dilettant,
1065 1218 84 51 der
1199 1216 326 68 ursprünglich
1566 1216 105 49 dem

104 1300 438 50 Advocatenstande
573 1300 276 67 angehörte,
895 1300 186 64 begann
1123 1316 50 32 er
1213 1296 318 51 musicalische
1562 1297 81 48 Stu-

105 1381 123 62 dien,
260 1380 141 49 deren
428 1381 164 66 Erfolg
622 1381 97 48 sein
744 1381 168 48 Talent
941 1380 147 49 durch
1121 1376 336 52 künstlerische
1482 1374 162 51 Ausbil-

105 1458 129 69 dung
265 1460 167 59 erhob,
462 1477 50 32 so
542 1460 104 49 dass
677 1477 67 40 er,
776 1458 148 51 durch
956 1458 263 68 glückliche
1242 1461 188 46 äussere
1454 1455 189 50 Verhält-

105 1541 120 49 nisse
254 1541 46 49 in
331 1540 358 66 unabhängiger
714 1540 144 66 Lage,
890 1540 94 48 sich
1017 1556 116 48 ganz
1164 1538 82 50 der
1277 1536 248 51 Tonkunst
1556 1535 85 49 wid-

108 1627 122 42 mete
261 1618 96 51 und
387 1620 285 49 namentlich
702 1620 45 48 in
780 1618 82 50 der
893 1618 318 68 Composition
1242 1634 86 31 von
1361 1616 182 49 Messen
1575 1613 95 51 und

107 1698 205 51 anderen
338 1698 270 68 geistlichen
632 1698 247 66 Gesängen
899 1698 95 50 sich
1018 1697 337 51 auszeichnete.
1387 1696 108 48 Sein
1519 1693 153 50 bestes

112 1780 151 50 Werk
306 1780 56 49 ist
402 1780 103 49 eine
543 1796 160 50 grosse
747 1778 334 65 dreistimmige
1112 1778 150 50 Messe
1294 1777 77 47 für
1399 1776 112 57 Soli,
1544 1775 127 49 Chor

108 1858 94 51 und
240 1860 274 56 Orchester,
559 1858 177 50 welche
778 1866 153 42 zuerst
982 1856 146 52 1860
1175 1856 92 51 und
1312 1853 194 51 seitdem
1551 1853 120 51 noch

108 1940 216 50 mehrere
354 1940 122 49 Male
508 1938 277 68 aufgeführt
815 1937 193 51 worden
1037 1938 72 50 ist.

226 2018 103 51 Von
373 2018 89 50 den
500 2035 193 49 grossen
725 2017 475 51 Concert-Instituten
1243 2015 155 50 haben
1441 2015 74 50 die
1547 2015 93 50 Con-

104 2098 511 51 servatoire-Concerte
656 2096 94 52 und
781 2097 74 51 die
1673 2096 1 53 C
1441 2111 88 36 von
1561 2096 83 49 Pas-

107 2177 170 67 deloup
306 2178 102 50 ihre
432 2177 370 66 Aufführungen
828 2177 86 50 wie
945 2178 44 49 in
1017 2177 92 50 den
1139 2176 191 66 vorigen
1350 2176 178 49 Jahren
1559 2175 89 50 fort-

107 2265 189 61 gesetzt,
327 2257 136 51 beide
503 2257 82 50 mit
616 2256 326 51 wachsendem
971 2256 242 66 Zudrang,
1257 2271 50 33 so
1340 2255 103 49 dass
1473 2253 74 51 die
1578 2255 62 50 Ge-

105 2337 234 51 sellschaft
381 2336 82 52 der
507 2345 224 49 ersteren,
776 2354 77 33 um
898 2336 89 49 den
1025 2336 233 49 zahllosen
1290 2335 281 66 Aspiranten
1615 2351 56 32 zu

107 2417 105 51 dem
244 2417 313 67 privilegirten
589 2416 164 49 Kreise
783 2416 83 49 der
893 2415 142 52 haute
1063 2413 123 54 volee
1223 2413 84 51 der
1335 2413 336 51 Musikkenner

209 2496 125 51 denn
363 2497 79 48 für
472 2496 134 51 einen
635 2496 188 51 solchen
853 2496 83 66 gilt
959 2495 136 67 jeder
1125 2493 254 51 Abonnent
1501 2493 170 50 Zutritt

107 2596 53 32 zu
192 2577 304 59 verschaffen,
533 2577 102 50 eine
675 2576 163 51 zweite
869 2576 147 49 Reihe
1058 2592 86 32 von
1177 2575 262 50 Concerten
1469 2573 201 51 eröffnet

108 2657 94 50 hat.
232 2657 107 50 Ihre
361 2657 312 66 Programme
695 2655 163 50 ändert
888 2653 124 51 diese
1036 2652 305 52 Gesellschaft
1371 2652 298 51 bekanntlich

108 2737 153 66 wenig
291 2736 114 49 oder
434 2752 87 51 gar
560 2736 143 57 nicht,
748 2751 162 34 woran
952 2735 64 49 sie
1062 2733 176 50 meiner
1280 2733 227 66 Meinung
1549 2732 118 51 nach

108 2817 150 51 Recht
279 2816 130 58 thut;
433 2816 121 49 denn
578 2816 63 49 sie
665 2815 262 50 constituirt
950 2813 95 51 sich
1069 2812 211 51 dadurch
1307 2813 64 50 als
1394 2812 75 51 die
1492 2813 150 66 eigent-

108 2897 117 50 liche
249 2896 292 51 Vertreterin
568 2895 207 49 wirklich
799 2895 269 50 classischer
1091 2892 171 59 Musik,
1294 2891 94 51 und
1412 2892 104 51 dass
1539 2892 127 50 solch

107 2977 72 50 ein
211 2976 183 49 Institut
424 2976 79 49 für
526 2976 129 49 Paris
678 2975 306 64 nothwendig
1015 2973 72 58 ist,
1115 2972 156 51 dürfte
1295 2971 121 51 wohl
1448 2989 86 33 von
1558 2972 84 50 Nie-

108 3055 218 52 mandem
366 3057 252 65 geläugnet
658 3053 202 51 werden.
917 3052 176 52 Sobald
1138 3051 212 52 dasselbe
1392 3051 114 51 aber
1549 3051 121 49 auch

108 3136 82 50 mit
220 3133 82 53 der
335 3135 151 51 Musik
532 3151 146 33 neuer
722 3132 97 51 und
853 3140 220 43 neuester
1102 3132 173 50 Schule
1314 3147 59 35 an
1402 3149 55 31 zu
1487 3130 156 67 experi-

107 3215 228 51 mentiren
368 3215 151 66 fängt,
560 3231 49 33 so
648 3213 55 50 ist
733 3229 48 34 es
811 3212 83 50 mit
922 3212 107 50 dem
1064 3211 229 51 Einflüsse
1322 3210 84 50 der
1436 3210 236 50 Autorität

107 3295 85 51 auf
214 3293 91 51 den
335 3293 291 51 Geschmack
658 3292 171 51 vorbei.
861 3291 250 51 Trotzdem
1144 3297 127 60 wagt
1299 3290 193 58 freilich,
1524 3288 146 52 dieses

108 3375 312 51 Grundsatzes
446 3375 298 66 ungeachtet,
773 3372 118 51 auch
917 3372 124 50 diese
1065 3371 305 51 Gesellschaft
1392 3371 142 57 nicht,
1562 3377 110 42 stets

108 3455 44 49 in
195 3453 91 50 den
331 3452 407 52 aufzuführenden
772 3451 216 52 Werken
1027 3451 74 49 ein
1133 3450 179 50 Ganzes
1354 3466 54 32 zu
1457 3448 215 68 bringen,

109 3550 97 34 was
236 3532 119 51 doch
387 3533 81 50 das
498 3542 122 41 erste
642 3531 319 52 Erforderniss
985 3531 127 49 einer
1135 3528 276 51 classiscben
1435 3528 237 66 Richtung

107 3615 86 57 ist;
223 3614 96 50 und
348 3630 137 34 wenn
514 3614 120 50 auch
664 3614 74 50 die
767 3612 267 51 Sinfonieen
1065 3612 216 48 meistens
1310 3626 117 51 ganz
1457 3610 215 66 gegeben

109 3694 210 59 werden,
348 3710 51 33 so
430 3692 220 51 kommen
675 3692 119 51 doch
825 3692 121 51 auch
975 3691 142 51 selbst
1147 3707 86 34 von
1263 3690 157 49 diesen
1449 3688 223 50 zuweilen

109 3791 90 32 nur
230 3774 287 66 Fragmente
547 3790 97 38 vor,
675 3772 94 50 und
797 3789 59 33 an
888 3771 309 65 Aufführung
1228 3767 326 67 vollständiger
1578 3767 63 50 Vo-

110 3852 234 51 calwerke
373 3852 57 50 ist
458 3851 205 51 vollends
693 3851 125 51 nicht
847 3869 55 32 zu
932 3850 198 51 denken.

228 3934 53 48 In
312 3931 236 52 dieselben
580 3931 301 67 Fussstapfen
913 3948 123 33 muss
1067 3928 119 51 auch
1213 3927 261 68 Pasdeloup
1506 3934 168 52 treten,

112 4029 135 34 wenn
288 4030 51 33 er
377 4012 97 50 sein
504 4012 245 51 Publicum
791 4010 212 52 dauernd
1032 4010 164 51 fesseln
1241 4008 94 50 und
1377 4011 297 64 vergrössern

110 4092 111 57 will,
264 4109 90 33 nur
396 4092 104 50 dass
545 4109 49 33 er
639 4091 122 51 dann
806 4090 96 51 und
946 4106 137 33 wann
1116 4087 183 52 Werke
1342 4087 84 50 der
1468 4104 206 33 neueren

113 4171 253 52 deutschen
397 4172 206 59 Meister,
644 4172 86 50 wie
759 4190 36 32 z.
825 4172 51 50 B.
909 4188 88 33 von
1035 4170 289 58 Schumann,
1364 4167 173 67 bringt,
1580 4165 94 52 und

1775 258 167 50 zuletzt
1984 275 141 50 sogar
2163 276 86 33 von
2283 258 233 67 Wagner,
2553 280 35 30 z.
2621 262 50 48 B.
2716 261 74 51 die
2822 262 488 53 Tannbäuser-Ouver-

1775 346 107 40 ture
1914 337 92 49 und
2038 338 80 51 das
2149 338 213 67 Vorspiel
2393 356 53 32 zu
2476 338 290 70 Lohengrin,
2812 342 210 51 letzteres
3061 342 121 51 ohne
3222 345 120 49 allen

1774 417 180 66 Erfolg.
2013 419 95 50 Das
2142 418 442 67 Fragmentarische
2627 430 127 57 wagt
2796 439 50 31 er
2890 421 116 51 aber
3045 423 120 50 auch
3198 423 143 60 nicht,

1773 515 87 33 von
1902 498 158 50 seinen
2102 501 341 65 Programmen
2488 499 416 53 auszuschliessen:
2951 503 84 49 wir
3073 502 159 51 finden
3264 505 83 49 auf

1773 577 141 51 ihnen
1952 596 35 32 z.
2020 578 51 50 B.
2103 578 218 51 Andante
2366 578 93 50 und
2499 579 283 51 Intermezzo
2831 597 82 33 aus
2956 581 82 51 der
3081 583 132 50 Suite
3255 601 86 33 von

1777 657 149 49 Franz
1949 657 217 51 Lachner
2197 657 100 67 (das
2319 657 220 51 Andante
2570 658 102 50 liess
2702 659 111 58 kalt,
2843 661 82 49 das
2956 662 280 51 Intermezzo
3266 681 50 32 er-

1773 745 133 59 regte
1935 738 310 50 stürmischen
2278 738 201 66 Beifall),
2521 738 184 69 Adagio
2744 739 94 50 und
2879 742 213 50 Menuett
3120 760 83 32 aus
3232 743 107 52 dem

1774 817 217 60 Quintett
2022 818 90 66 Op.
2146 817 74 51 34
2250 835 85 33 von
2370 818 184 52 Weber
2584 817 106 69 (von
2720 820 84 49 der
2834 821 254 49 Clarinette
3118 822 97 50 solo
3246 822 95 52 und

1771 897 324 50 sämmtlichen
2149 898 533 50 Saiten-Instrumenten
2730 900 372 68 vorgetragen!),
3153 901 186 68 Adagio

1774 976 95 49 und
1900 976 200 51 Scherzo
2130 993 82 34 aus
2243 977 82 50 der
2354 977 207 51 Sinfonie
2854 996 85 33 von
2963 981 56 48 A.
3045 980 297 60 Rubinstein,

1773 1057 369 51 Mendelssohn's
2188 1057 285 50 Canzonetta
2522 1074 83 34 aus
2649 1058 105 50 dem
2801 1060 406 60 Violin-Quartett
3248 1062 93 67 Op.

1780 1136 108 51 112
1914 1134 106 69 (von
2043 1137 322 50 sämmtlichen
2393 1137 223 66 Geigern)
2641 1156 42 32 u.
2707 1155 35 33 s.
2768 1156 58 33 w.
2851 1140 77 49 Ich
2953 1140 109 49 darf
3078 1140 115 50 aber
3217 1143 125 49 nicht

1773 1232 264 50 vergessen,
2060 1234 54 31 zu
2136 1216 270 57 erwähnen,
2438 1216 103 49 dass
2563 1218 266 68 Pasdeloup
2860 1218 44 50 in
2936 1220 151 49 einem
3120 1220 82 49 der
3231 1222 84 50 letz-

1773 1303 76 42 ten
1895 1296 230 51 Concerte
2169 1296 72 51 die
2285 1297 160 50 zweite
2484 1297 168 51 Suite
2696 1315 85 33 von
2828 1300 50 49 F.
2908 1300 272 50 Lachner
3222 1319 117 49 ganz

1774 1376 194 51 brachte
2000 1377 93 48 und
2126 1376 145 51 damit
2300 1377 132 50 einen
2464 1394 190 49 grossen
2687 1377 164 69 Erfolg
2881 1380 199 49 erzielte.

1892 1457 67 48 Im
1991 1456 149 51 Laufe
2172 1456 78 51 des
2283 1457 212 50 Winters
2528 1457 80 50 hat
2647 1457 95 50 sich
2774 1458 119 50 noch
2923 1458 73 50 ein
3028 1476 185 48 grosser
3243 1461 62 51 Or-

1771 1535 383 50 chester-Verein
2199 1535 223 67 gebildet,
2466 1535 73 50 die
2578 1533 182 55 Societe
2794 1536 411 71 philharmonique
3218 1559 11 39 ;
3273 1543 64 49 sie

1770 1613 57 50 ist
1857 1623 92 41 erst
1978 1632 152 50 gegen
2163 1615 132 50 Ende
2324 1615 84 50 der
2436 1615 164 50 Saison
2629 1616 236 49 öffentlich
2906 1617 293 67 aufgetreten
3243 1620 96 50 und

1773 1695 80 49 hat
1882 1696 118 48 noch
2033 1696 98 48 drei
2156 1695 231 50 Concerte
2417 1696 61 48 im
2504 1692 170 70 Cirque
2701 1695 57 50 de
2786 1695 374 72 l'lmperatrice,
3191 1698 116 52 eben-

1774 1773 99 51 falls
1897 1775 235 66 Sonntags
2156 1792 79 32 um
2259 1775 32 49 2
2319 1776 117 56 Uhr,
2461 1776 86 48 wie
2572 1776 81 49 das
2673 1776 355 52 Conservatoire
3053 1777 94 51 und
3167 1778 144 51 Pasde-

1771 1855 130 66 loup,
1918 1855 228 66 gegeben.
2177 1855 108 49 Ihre
2301 1855 311 67 Einrichtung
2636 1853 173 52 beruht
2826 1856 85 51 auf
2926 1856 107 52 dem
3052 1858 183 68 Princip
3255 1858 84 51 der

1773 1935 315 50 Association:
2113 1935 208 66 Mitglied
2346 1933 80 52 des
2446 1936 278 49 Orchesters
2751 1936 116 51 wird
2892 1954 106 34 man
3024 1937 146 51 durch
3194 1940 115 49 Stim-

1774 2013 344 52 menmehrheit
2135 2013 82 52 der
2235 2015 616 68 General-Versammlung,
2867 2032 87 35 von
2972 2017 83 50 der
3073 2017 264 53 Einnahme

1775 2093 191 51 werden
1994 2102 152 42 zuerst
2175 2093 73 50 die
2278 2093 363 51 Mitwirkenden
2672 2095 93 49 und
2796 2095 75 50 die
2901 2096 308 67 allgemeinen
3242 2098 64 50 Ko-

1773 2181 99 42 sten
1904 2172 200 61 bezahlt,
2133 2172 84 51 der
2241 2173 320 51 Ueberschuss
2592 2173 204 68 getheilt.
2828 2175 274 68 Dirigenten
3132 2176 101 51 sind
3264 2178 73 50 ein

1775 2255 125 49 Herr
1923 2255 175 57 Placet,
2128 2255 73 49 ein
2224 2255 236 66 tüchtiger
2484 2253 653 64 Theater-Orchester-Chef,
3162 2257 79 50 für
3264 2257 73 52 die

1771 2333 375 59 Instrumental-,
2177 2333 124 50 Herr
2332 2332 213 51 Armand
2577 2333 155 51 Cheve
2771 2335 80 49 für
2888 2333 73 52 die
2993 2335 346 62 Vocal-Partie,

1773 2412 120 51 denn
1925 2413 73 50 ein
2031 2412 127 51 Chor
2186 2413 82 50 soll
2300 2420 110 43 stets
2441 2412 279 51 mitwirken.
2779 2415 97 49 Das
2907 2415 402 66 Eröffnungs-Pro-

1770 2509 184 50 gramm
1981 2492 194 51 brachte
2199 2493 305 50 Beethoven's
2525 2491 185 53 C-moll-
2716 2493 226 60 Sinfonie,
2961 2495 221 52 Weber's
3208 2496 97 51 Obe-

1771 2572 399 59 ron-Ouverture,
2220 2572 133 50 einen
2386 2572 127 50 Chor
2553 2589 86 34 von
2672 2573 312 59 Bortnianski,
3025 2575 88 50 den
3151 2576 185 49 Marsch

1773 2652 81 50 mit
1885 2651 127 51 Chor
2041 2669 84 33 aus
2154 2652 106 50 dem
2291 2652 321 50 Tannhäuser.
2655 2653 179 50 Berlioz
2865 2653 93 50 und
2989 2656 215 49 mehrere
3233 2674 69 33 mu-

1770 2731 238 51 sicalische
2037 2731 335 51 Notabilitäten
2404 2749 157 33 waren
2593 2738 137 44 unter
2760 2732 88 50 den
2878 2733 261 51 Zuhörern.

1891 2811 286 51 Ausserdem
2221 2811 175 68 spricht
2438 2829 106 33 man
2575 2829 87 33 von
2704 2812 127 51 einer
2860 2813 175 50 vierten
3066 2813 239 52 Unterneh-

1771 2907 164 50 mung,
1973 2891 72 51 bei
2078 2891 203 51 welcher
2310 2891 81 51 das
2420 2891 254 51 Orchester
2704 2891 82 51 der
2814 2909 193 49 grossen
3038 2893 133 68 Oper
3200 2902 136 43 unter

1771 2970 187 66 George
2005 2971 175 49 Hainl's
2226 2970 238 50 Direction
2508 2971 215 66 engagirt
2771 2971 98 49 sein
2914 2971 181 60 würde,
3155 2990 76 33 um
3276 2990 58 33 an

1771 3050 296 67 opernfreien
2086 3051 164 66 Tagen
2273 3048 474 52 Abend-Concerte
2767 3067 55 32 zu
2846 3050 169 67 geben,
3040 3051 93 51 und
3149 3070 124 33 zwar
3289 3055 45 48 in

1771 3130 152 50 einem
1944 3131 155 57 Saale,
2122 3130 89 50 den
2235 3130 72 49 ein
2333 3130 180 49 reicher
2530 3130 325 50 Musikfreund
2875 3149 56 31 zu
2948 3131 172 51 diesem
3137 3132 198 51 Zwecke

1770 3208 47 50 in
1846 3208 83 51 der
1957 3210 135 49 Nähe
2131 3210 80 49 des
2250 3226 151 33 neuen
2432 3210 339 66 Opernhauses
2809 3210 210 50 erbauen
3061 3212 119 48 lässt.
3241 3212 90 50 Die

1773 3290 151 49 Sache
1966 3290 175 49 verhält
2179 3290 95 49 sich
2318 3288 209 51 wirklich
2570 3306 68 42 so,
2683 3290 115 49 wird
2837 3290 116 50 aber
2982 3291 230 49 natürlich
3241 3300 95 42 erst

1771 3371 63 47 im
1864 3368 220 50 nächsten
2118 3368 191 52 Winter
2338 3370 68 48 ins
2437 3370 161 49 Leben
2627 3377 164 43 treten.
2834 3370 252 49 Jedenfalls
3115 3370 103 50 sind
3247 3372 88 50 alle

1774 3447 124 51 diese
1928 3447 612 60 Concert-Gesellschaften,
2570 3448 176 50 welche
2777 3447 80 51 der
2887 3448 156 51 bisher
3072 3448 89 52 fast
3189 3451 148 66 einzig

1774 3526 331 52 vorhandenen
2136 3526 79 51 des
2248 3527 377 59 Conserva,toires
2657 3527 294 52 Concurrenz
2991 3530 216 59 machen,
3250 3547 87 33 von

1775 3607 397 51 unzweifelhafter
2205 3607 342 52 Wirksamkeit
2589 3608 84 50 auf
2705 3607 88 51 den
2823 3608 113 50 Sinn
2978 3610 79 48 für
3086 3610 155 49 Musik
3270 3611 66 49 als

1774 3687 173 57 solche,
1978 3687 127 50 nicht
2135 3686 122 51 bloss
2287 3687 65 50 als
2381 3688 217 49 Substrat
2627 3686 83 51 der
2740 3686 233 51 virtuosen
3003 3688 333 66 Ausführung,

1775 3767 122 50 denn
1928 3766 123 51 diese
2084 3767 95 65 galt
2210 3767 156 50 bisher
2396 3766 85 51 fast
2511 3766 136 51 allein
2677 3774 146 43 etwas
2852 3767 46 50 in
2930 3767 152 59 Paris;
3125 3767 210 51 dadurch

1777 3846 130 60 aber,
1949 3847 104 50 dass
2084 3846 248 51 Tausende
2368 3846 112 67 jetzt
2522 3862 160 51 grosse
2727 3847 417 50 Orchesterwerke
3188 3847 148 52 hören

1777 3927 204 57 können,
2012 3942 95 35 was
2137 3934 127 41 sonst
2292 3942 89 33 nur
2412 3925 82 50 der
2520 3926 349 51 musicalischen
2897 3926 310 51 Aristokratie
3236 3944 75 35 ver-

1775 4008 149 65 gönnt
1953 4022 116 40 war,
2109 4005 117 49 wird
2264 4003 89 51 den
2394 4005 385 52 Musikfreunden
2809 4006 71 49 ein
2913 4006 168 49 Gebiet
3109 4007 201 50 erschlos-

1775 4102 98 41 sen,
1902 4085 80 49 das
2013 4083 84 51 der
2126 4088 246 63 grösseren
2395 4085 117 49 Zahl
2541 4102 85 33 von
2655 4086 140 49 ihnen
2819 4085 156 49 bisher
2996 4086 341 67 unzugänglich

1777 4182 113 33 war.
1930 4166 97 49 Der
2056 4163 259 52 zahlreiche
2346 4165 181 50 Besuch
2559 4165 95 50 und
2683 4165 82 50 der
2791 4165 242 67 steigende
3063 4166 163 66 Erfolg
3255 4166 84 51 der
