3105 4572
2508 399 57 63 61

1234 416 114 51 Das
1382 414 163 67 weiße
1580 412 141 51 Brett

364 634 226 62 national
618 634 261 66 authority
899 630 110 57 that
1030 628 102 57 will
1161 642 213 54 prevent
1401 647 121 35 war.
1555 625 133 56 New
1705 623 155 63 York,
1884 621 303 57 Brentano’s
2218 620 152 65 1916,
2398 619 178 58 XXIII

365 742 53 30 u.
464 713 101 56 412
610 712 55 55 S.
710 706 211 75 QOoolf,
964 705 240 57 Leonard
1247 704 79 56 S.:
1371 701 116 56 The
1527 699 310 58 framework
1875 698 52 55 of
1954 723 26 32 a
2009 699 185 66 lasting
2222 720 171 46 peace.
2439 695 104 56 Lon-

365 794 122 61 don,
544 789 207 65 George
792 785 149 56 Allan
988 789 44 51 &
1062 783 177 57 Union
1283 780 196 62 Lmtd.,
1529 778 149 55 1917.

1465 921 29 32 *

461 1028 183 67 Henry
663 1023 244 68 W.Lucy
926 1023 52 56 in
1001 1023 102 56 den
1119 1020 216 67 Sunday
1345 1019 183 56 Times
1548 1016 131 56 über
1700 1015 115 56 eine
1832 1012 388 68 öhrenmashe,
2242 1014 81 54 die
2337 1011 249 74 c/pencer

370 1106 109 59 sich
510 1103 212 58 zurecht
753 1100 240 69 gemacht
1028 1100 156 55 hatte.
1235 1098 254 55 «Herbert
1522 1094 230 68 Spencer
1783 1091 143 68 fügte
1955 1091 110 56 sich
2097 1090 201 56 keinem
2324 1080 225 67 Überein-

371 1185 244 57 kommen
657 1180 93 56 des
790 1175 499 70 gesellschaftlichen
1324 1174 224 61 Lebens,
1601 1171 110 56 und
1752 1192 56 34 er
1848 1167 155 59 haßte
2042 1167 84 56 die
2167 1166 415 67 nichtsnutzigen

375 1256 469 66 Unterhaltungen.
927 1254 107 58 Um
1076 1254 179 54 diesen
1297 1274 65 33 zu
1404 1247 273 68 entgehen,
1740 1246 140 56 hatte
1940 1266 55 35 er
2035 1245 148 55 einen
2225 1242 226 69 Apparat
2505 1264 52 33 er-

371 1336 221 63 funden,
654 1335 94 55 mit
808 1333 121 55 dem
983 1353 55 34 er
1087 1329 108 57 sich
1249 1329 85 56 die
1374 1326 181 57 Ohren
1595 1321 304 70 verstopfte,
1960 1321 110 57 und
2111 1321 102 55 den
2253 1341 54 33 er
2345 1319 241 67 jedesmal

374 1413 275 62 mitnahm,
691 1434 151 33 wenn
884 1430 56 35 er
981 1410 53 56 in
1063 1405 353 58 Gesellschaft
1456 1427 139 44 ging.
1656 1400 106 58 Saß
1795 1423 54 34 er
1894 1400 79 56 bei
1997 1397 160 57 Tisch
2186 1396 250 57 zwischen
2464 1397 122 55 zwei

375 1493 215 62 Gästen,
614 1490 157 56 deren
785 1486 353 57 Redensarten
1161 1484 90 56 ihn
1274 1481 169 59 durch
1463 1481 111 56 ihre
1587 1476 450 60 Gewöhnlichkeit
2046 1475 332 66 beleidigten,
2401 1474 188 66 stülpte

374 1592 53 34 er
469 1569 126 56 kurz
638 1564 353 58 entschlossen
1047 1562 176 56 seinen
1266 1559 234 68 Apparat
1541 1556 129 57 über
1711 1556 110 56 und
1855 1554 66 57 aß
1961 1555 54 54 in
2055 1551 348 69 angenehmer
2443 1548 147 58 Ruhe

376 1646 221 56 weiter.»
676 1641 90 59 Ich
808 1639 259 69 empfehle
1106 1639 105 55 den
1251 1636 249 69 Apparat.
1556 1632 69 57 Er
1664 1634 66 55 ist
1771 1631 191 57 ebenso
1990 1627 403 59 unentbehrlich
2423 1627 51 54 in
2503 1627 88 55 der

377 1724 214 56 Heimat
630 1720 98 56 wie
769 1719 86 55 die
898 1715 283 59 Gasmaske
1221 1716 72 55 im
1336 1712 144 57 Feld.

1475 1835 28 30 *

469 1938 93 56 Bei
597 1936 154 57 Cres:
786 1932 355 58 Gesammelte
1171 1927 436 68 Zeitungsartikel
1647 1950 92 33 aus
1773 1926 121 56 dem
1926 1922 153 68 Jahre
2122 1921 140 55 1914
2296 1921 108 55 und
2456 1918 134 56 1915

379 2039 103 33 von
504 2013 182 79 Remy
705 2017 67 52 de
800 2011 337 78 Cyourmoni:
1164 2007 139 57 «Les
1334 2007 138 56 idees
1498 2006 71 56 du
1592 2006 169 66 jour»,
1783 2002 32 56 2
1838 2001 201 62 Bände;
2068 2001 53 54 in
2150 1999 91 55 der
2266 2018 24 35 «
2309 1995 285 58 Collection

379 2093 65 56 de
466 2091 232 57 Varietes
731 2089 309 56 litteraires»
1071 2086 85 57 die
1183 2084 189 56 letzten
1410 2082 231 68 Epiloge,
1684 2081 84 55 die
1802 2077 295 57 Gourmont
2139 2078 72 53 im
2244 2074 247 56 Mercure
2531 2073 64 56 de

383 2168 195 57 France
611 2164 382 59 veröffentlicht
1024 2162 110 57 hat:
1166 2161 146 55 «Mr.
1343 2159 325 68 Croquant».
1720 2155 91 55 Bei
1847 2150 447 70 Kriegsausbruch
2331 2150 137 55 blieb
2505 2149 91 55 der

380 2244 151 58 Abbe
555 2243 289 59 Curcution
866 2242 167 56 dieser
1051 2238 218 67 Dialoge
1291 2236 274 68 skeptisch,
1589 2233 338 66 wohingegen
1950 2232 108 53 sein
2078 2230 212 56 Partner
2308 2227 286 67 Croquant,

381 2324 83 55 ein
501 2321 315 66 Nachfolger
856 2342 103 33 von
1004 2317 266 56 Flauberts
1303 2313 299 69 Apotheker
1636 2310 236 63 Homais,
1914 2308 83 56 die
2037 2308 197 65 ewigen
2263 2304 331 57 Wahrheiten

381 2398 295 61 entdeckte.
741 2396 285 55 Trotzdem
1068 2393 139 56 hatte
1260 2390 111 56 Mr.
1405 2389 273 67 Croquant
1728 2385 144 58 nicht
1921 2385 184 55 immer
2157 2380 252 59 Unrecht.
2473 2379 123 57 Sein

385 2476 169 58 Urteil
591 2476 129 54 über
748 2473 179 56 Victor
963 2472 156 66 Hugo
1152 2468 201 57 scheint
1381 2468 99 55 mir
1513 2488 88 46 gar
1628 2464 144 57 nicht
1805 2462 231 57 komisch
2069 2460 111 56 und
2215 2458 261 57 durchaus
2509 2481 59 30 zu-

383 2553 238 56 treffend.
685 2548 216 58 «Victor
943 2549 208 65 Hugo»,
1193 2559 115 54 sagt
1347 2566 71 42 er,
1458 2564 143 35 «war
1641 2543 81 54 ein
1768 2538 183 70 großer
1993 2538 234 62 Dichter,
2270 2535 113 56 weil
2425 2556 52 34 er
2517 2535 82 55 ein

388 2628 183 69 großer
606 2627 211 57 Freund
850 2625 91 56 der
977 2622 335 58 Menschheit
1345 2639 159 37 war.»

1482 2764 28 30 ♦

480 2865 138 58 Zum
648 2863 211 68 Kapitel
887 2864 92 56 der
1007 2860 480 80 {Kriegspsychose
1518 2857 110 57 und
1750 2857 149 57 ihres
1923 2851 318 80 öegenfeifs
2266 2851 123 55 zwei
2411 2848 189 58 Stellen

389 2967 90 32 aus
522 2944 121 55 dem
685 2942 244 56 Mercure
971 2940 64 56 de
1077 2938 197 57 France
1317 2937 76 74 (2.
1424 2933 267 68 Maiheft).
1754 2933 118 57 Von
1915 2931 181 67 Henry
2136 2928 197 57 Mazel:
2373 2926 115 55 «Zu
2530 2924 73 56 oft

391 3020 87 56 hat
518 3043 120 33 man
682 3019 301 69 behauptet,
1026 3015 103 59 daß
1171 3017 170 55 dieser
1376 3014 161 66 Krieg
1578 3036 119 31 vom
1733 3010 181 56 Kaiser
1952 3005 263 59 entfesselt
2255 3005 208 56 worden
2505 3004 95 60 sei;

390 3097 87 55 die
527 3095 437 66 Unternehmung
1023 3095 141 55 eines
1223 3089 361 71 persönlichen
1639 3086 308 59 Herrschers
2006 3099 64 41 ist
2130 3083 95 57 fast
2281 3083 183 54 immer
2519 3103 81 30 ein

393 3174 291 67 prächtiger
720 3174 177 66 Krieg,
934 3170 296 59 manchmal
1261 3171 86 54 ein
1378 3169 162 67 Krieg
1571 3168 54 54 in
1655 3166 240 66 Spitzen;
1931 3164 85 54 die
2045 3159 361 58 Grausamkeit
2437 3158 166 54 dieses

395 3249 216 69 Krieges
639 3252 125 55 aber
792 3250 146 56 rührt
967 3249 185 67 gerade
1181 3246 176 64 daher,
1392 3244 102 58 daß
1522 3267 54 33 er
1604 3243 146 57 nicht
1777 3243 91 55 das
1893 3239 155 58 Werk
2075 3260 139 33 eines
2244 3232 357 72 persönlichen

395 3326 309 59 Herrschers
723 3329 84 62 ist,
823 3328 224 56 sondern
1066 3326 143 55 einer
1227 3347 194 44 ganzen
1439 3321 212 64 Nation,
1668 3321 142 55 einer
1827 3340 193 46 ganzen
2037 3315 172 62 Rasse,
2228 3337 53 31 es
2299 3314 64 53 ist
2378 3312 84 55 die
2473 3310 99 55 Ant-

395 3418 127 39 wort
549 3405 141 55 eines
718 3403 386 57 Räubervolkes
1132 3401 89 58 auf
1250 3401 100 56 den
1374 3398 195 57 Aufruf
1595 3420 140 33 eines
1764 3392 402 65 Räuberkönigs.
2220 3389 129 56 Man
2380 3410 115 43 mag
2523 3386 83 56 die

395 3478 412 71 Einrichtungen
841 3481 109 56 und
986 3481 82 56 die
1103 3478 367 66 Einteilungen
1504 3476 164 56 dieses
1691 3472 185 58 Volkes
1909 3471 212 60 ändern,
2157 3467 82 55 die
2263 3464 144 58 Seele
2443 3465 165 54 dieses

397 3554 188 57 Volkes
619 3559 127 56 wird
780 3558 229 57 dieselbe
1040 3556 226 63 bleiben,
1301 3555 194 56 ebenso
1527 3574 253 46 grausam,
1815 3546 260 69 habgierig
2107 3544 109 55 und
2249 3541 272 58 unehrlich
2557 3542 51 54 in

397 3634 141 54 einer
572 3633 261 69 Republik
865 3638 95 54 wie
1002 3649 151 42 unter
1194 3657 172 31 einem
1397 3631 198 57 Kaiser.
1653 3629 106 56 Das
1800 3629 63 53 ist
1898 3622 247 59 wahrhaft
2187 3622 84 55 die
2312 3620 298 67 ungeheure

397 3707 255 59 schwarze
700 3713 182 55 Wolke
936 3713 130 55 über
1122 3713 91 54 der
1268 3709 293 57 Zukunft.»
1621 3706 118 56 Was
1795 3704 105 56 also
1954 3705 129 52 tun?
2148 3697 317 56 Ausrotten?
2535 3696 75 56 Im

399 3786 301 59 Deutschen
756 3789 160 57 lautet
968 3790 94 56 der
1100 3787 137 56 Text
1292 3786 269 56 desselben
1620 3784 209 56 Liedes:
1882 3776 417 70 «Jahrhunderte
2355 3775 119 66 lang
2530 3773 80 55 hat

400 3862 308 59 Frankreich
748 3889 99 33 uns
889 3866 139 56 ohne
1070 3865 190 57 Grund
1302 3862 304 58 überfallen.
1661 3861 106 55 Wir
1810 3856 203 57 werden
2055 3853 146 56 nicht
2236 3852 151 56 Ruhe
2430 3851 180 62 haben,
