3192 4572
1155 359 228 68 Borberg
1437 377 20 24 *
1512 360 247 67 Europas
1791 354 306 71 Herzfehler

502 359 39 61 2

609 562 127 71 Die
778 560 233 73 Völker
1061 558 287 86 Europas
1399 557 209 72 haben
1656 558 228 68 immer
1935 557 142 68 eine
2125 555 260 84 gewisse
2432 552 305 87 Neigung

506 653 258 85 gehabt,
793 652 242 71 schnell
1061 652 123 71 Rot
1211 651 311 80 Zusehen,
1542 649 139 71 und
1698 649 172 71 diese
1886 646 390 73 cholerische
2293 644 449 87 Veranlagung

515 747 175 70 hatte
723 746 136 71 sich
892 773 112 43 vor
1038 746 209 68 einem
1284 743 234 71 halben
1543 742 435 84 Jahrhundert
2003 770 79 39 zu
2110 742 303 83 gewissen
2441 738 267 84 kriegeri-

517 840 197 70 schen
765 837 687 85 Wahnvorstellungen
1495 835 376 80 verdichtet,
1918 835 104 70 die
2062 832 104 70 die
2204 831 537 72 unheimlichsten

522 934 517 82 Konsequenzen
1075 931 162 70 nach
1272 930 134 70 sich
1435 958 226 55 zogen.

611 1071 127 71 Die
797 1068 628 88 zugrundehegende
1460 1065 603 83 Wahnvorstellung
2102 1091 126 43 war
2270 1062 335 72 zweifellos
2639 1062 106 71 die

516 1161 391 74 sonderbare
924 1162 398 83 Auffassung
1338 1189 147 43 vom
1505 1161 242 69 Dasein
1773 1157 88 82 als
1888 1155 486 72 ausschließlich
2393 1185 124 41 von
2537 1156 207 69 einem

517 1256 296 87 ~Kampf
846 1287 144 40 ums
1026 1256 312 70 Dasein“.
1387 1253 198 71 Diese
1627 1249 794 73 naturwissenschaftliche
2453 1249 256 71 Arbeits-

516 1350 270 80 theorie,
822 1350 105 70 die
959 1349 139 70 sich
1131 1376 113 42 zur
1278 1345 354 83 Erklärung
1673 1347 170 68 einer
1880 1343 197 72 Reihe
2117 1341 432 83 zoologischer
2582 1340 123 71 Phä-

517 1472 280 41 nomene
845 1441 89 71 als
983 1471 158 55 ganz
1183 1438 367 84 vorzüglich
1601 1438 269 79 erweist,
1917 1439 81 68 ist
2040 1435 89 72 als
2164 1433 586 82 Weltanschauung

518 1538 144 69 eine
679 1536 119 71 Art
818 1535 346 87 panischen
1181 1529 674 87 Verfolgungswahns.
1874 1527 315 88 Obgleich
2206 1557 146 41 man
2369 1527 169 70 wohl
2557 1527 189 70 kaum

517 1630 372 84 behaupten
916 1627 182 80 wird,
1127 1626 128 71 daß
1279 1625 111 70 das
1416 1625 240 70 Dasein
1683 1653 80 39 an
1787 1623 137 70 und
1950 1622 104 71 für
2079 1620 134 72 sich
2241 1621 100 68 ein
2369 1618 241 74 Vorteil
2634 1620 112 78 sei,

521 1752 72 39 so
643 1719 385 72 verschärfte
1077 1717 168 72 doch
1294 1717 172 70 diese
1515 1714 597 86 epochemachende
2162 1711 425 84 Entdeckung
2634 1711 111 69 des

521 1813 365 85 „Kampfes
935 1842 145 40 ums
1131 1811 287 70 Dasein“
1470 1809 113 70 das
1634 1806 254 87 Tempo
1935 1810 88 69 im
2065 1805 360 83 Affenkäfig
2563 1833 187 41 wenn

518 1936 153 43 man
704 1936 72 42 so
819 1936 190 54 sagen
1052 1904 164 71 darf.
1269 1903 250 71 Unsere
1550 1900 491 73 Nachkommen
2076 1899 256 71 werden
2377 1895 374 73 hoffentlich

522 2030 74 40 so
623 2002 146 67 weit
803 1999 157 79 sein,
997 1997 129 71 daß
1159 1998 91 70 sie
1282 1996 273 71 darüber
1590 1993 223 72 lachen
1841 1994 280 70 können.
2171 1990 133 73 Wir
2340 1990 255 70 können
2631 2016 125 43 nur

522 2091 376 80 versuchen,
935 2089 206 70 durch
1176 2087 258 72 Tränen
1468 2119 80 39 zu
1581 2086 271 71 lächeln.

618 2230 135 70 Der
806 2225 755 84 Selbsterhaltungstrieb
1618 2228 64 67 in
1740 2224 172 85 jeder
1970 2223 357 81 beliebigen
2379 2220 189 70 Form
2628 2246 127 43 war

522 2323 306 87 plötzlich
864 2341 213 60 etwas,
1114 2349 216 41 wovor
1363 2349 149 40 man
1548 2319 191 70 knien
1764 2317 245 79 mußte,
2040 2314 165 71 ohne
2232 2312 349 72 Rücksicht
2608 2313 108 70 dar-

524 2416 134 80 auf,
715 2416 84 70 ob
833 2415 166 69 auch
1049 2416 112 68 das
1213 2412 396 71 betreffende
1658 2411 207 70 kleine
1898 2408 214 71 Selbst
2149 2437 65 40 es
2250 2425 156 52 wert
2437 2434 149 50 war,
2637 2406 118 68 mit

525 2510 166 68 allzu
742 2507 244 78 großen
1021 2505 337 71 Unkosten
1407 2504 284 71 erhalten
1742 2533 77 40 zu
1870 2501 279 70 werden.
2216 2497 130 73 Für
2394 2498 106 70 die
2552 2497 203 71 vielen

745 2579 32 13 v
2693 2591 12 12 #

529 2601 251 71 kleinen
814 2597 469 82 Selbstsüchte,
1316 2599 208 68 denen
1569 2614 175 53 sonst
1786 2594 178 71 nicht
2008 2594 192 71 leicht
2241 2594 138 68 eine
2418 2594 338 81 allgemein

526 2694 395 70 anerkannte
955 2688 719 85 Lebensberechtigung
1706 2689 392 82 eingeräumt
2124 2685 260 70 worden
2411 2697 185 66 wäre,
2631 2709 125 43 war

529 2787 105 70 die
670 2785 205 70 Sache
926 2784 181 71 nicht
1157 2782 305 71 schlecht.
1515 2780 224 71 Macht
1773 2779 220 70 wurde
2034 2778 229 71 Recht.
2310 2777 174 69 Aber
2534 2775 79 70 da
2644 2777 115 68 wir

530 2882 61 81 ja
615 2879 119 70 alle
761 2878 178 71 nicht
967 2877 204 86 gleich
1198 2876 116 71 tief
1336 2877 98 68 ins
1463 2876 240 68 Dasein
1734 2871 471 72 hineinblicken
2230 2869 138 71 und
2394 2868 176 72 nicht
2597 2867 163 71 nach

530 2971 208 85 gleich
772 2972 216 69 weiter
1025 2967 416 74 Voraussicht
1493 2966 275 71 handeln
1819 2966 277 77 können,
2134 2962 315 71 sicherten
2491 2959 134 72 sich
2658 2959 103 70 die

530 3066 274 70 meisten
840 3064 103 69 die
977 3061 561 85 nächstliegenden
1568 3059 280 72 Vorteile
1880 3060 117 67 mit
2039 3085 204 56 genau
2276 3053 338 72 derselben
2650 3053 74 70 be-

532 3158 277 78 henden,
846 3154 469 82 kurzsichtigen
1345 3151 724 83 Unternehmungslust,
2106 3150 218 70 womit
2361 3150 101 67 ein
2488 3146 145 71 Affe
2657 3146 107 69 die

534 3248 569 84 nächstliegenden
1141 3246 213 70 Nüsse
1385 3274 78 40 zu
1496 3245 134 70 sich
1667 3244 458 70 heranscharrt.
2177 3241 130 70 Die
2338 3239 214 72 hohen
2590 3235 174 74 Ziele

531 3343 275 71 mußten
840 3343 129 69 den
1004 3340 254 70 kleinen
1294 3335 332 83 Zwecken,
1664 3338 104 68 die
1806 3337 205 69 Ideale
2042 3335 149 70 dem
2234 3329 527 85 Zweckmäßigen

532 3436 309 71 weichen.
894 3436 135 70 Der
1065 3432 312 71 Ich-Kult
1409 3448 198 51 artete
1656 3432 65 67 in
1772 3432 140 68 eine
1946 3428 230 85 völlige
2213 3424 365 74 Ich-Manie
2624 3452 136 51 aus,

534 3530 105 68 die
676 3528 382 70 Individuen
1094 3554 211 43 waren
1340 3525 297 69 besessen
1664 3553 126 40 von
1823 3523 207 69 einem
2056 3520 422 85 engherzigen
2505 3514 216 87 Oppor-

535 3621 348 71 tunismus.
935 3620 86 70 So
1058 3617 221 73 wurde
1312 3616 115 70 der
1453 3613 471 84 Menschentyp
1950 3613 113 70 des
2088 3612 358 70 modernen
2474 3610 290 71 Westens

538 3713 369 85 gezüchtet:
957 3713 134 69 Der
1133 3709 263 73 Streber
1446 3707 170 72 ohne
1656 3704 167 73 Ziel!
1890 3705 249 72 Tolstoi
2190 3704 175 78 fand,
2417 3702 126 70 daß
2591 3701 174 70 diese

535 3807 367 72 Menschen
938 3805 196 84 große
1165 3800 411 74 Ähnlichkeit
1609 3801 117 69 mit
1762 3800 246 70 Leuten
2044 3798 228 80 haben,
2308 3796 105 71 die
2445 3824 146 43 zum
2628 3794 137 85 Zug
