3101 4572
1175 457 78 51 La
1408 461 209 62 presence
1618 458 27 50 du

2524 457 75 59 37

802 1197 147 80 LA
1013 1196 567 80 PRÉSENCE
1644 1196 157 81 DU
1866 1198 339 82 COEUR

1033 1024 256 78 Henry
1340 1024 154 78 van
1545 1024 103 78 de
1699 1024 257 78 Velde

477 1388 287 71 L’heure
795 1390 82 70 de
911 1389 57 70 la
1001 1390 153 69 Paix
1184 1420 269 40 sonnera
1488 1421 166 54 pour
1686 1411 167 52 tous.

475 1482 130 68 Les
640 1483 312 69 Hommes
995 1482 433 70 cesseront-ils
1462 1483 83 70 de
1578 1514 67 39 se
1678 1484 137 70 hair
1863 1515 78 38 en
1977 1515 212 40 meme
2219 1505 210 67 temps
2478 1520 126 53 que

380 1574 81 69 de
493 1604 66 39 se
591 1574 405 69 combattre?

470 1665 529 72 Montreront-ils
1049 1667 60 69 la
1142 1698 213 39 meme
1387 1668 259 72 docilite
1696 1699 35 39 a
1764 1671 211 70 suivre
2010 1670 234 73 l’ordre
2291 1671 83 70 de
2407 1703 66 38 se
2507 1701 63 42 re-

379 1759 300 71 concilier
710 1789 89 55 qu
826 1760 77 70 ils
938 1779 115 51 ont
1090 1761 164 70 suivi
1289 1762 388 70 docilement
1712 1762 163 72 celui
1927 1764 81 70 de
2057 1794 66 40 se
2172 1793 145 42 ruer
2356 1765 89 70 les
2482 1797 122 39 uns

379 1881 107 39 sur
519 1851 88 69 les
642 1859 258 62 autres?

470 1944 74 83 Je
577 1975 83 39 ne
691 1943 452 72 m’etonnerais
1180 1945 357 71 nullement
1573 1947 80 69 de
1686 1978 73 40 ce
1794 1948 283 70 resultat.

474 2037 56 68 L
555 2037 176 70 ecole
755 2037 81 70 de
869 2037 419 72 l’obeissance
1324 2041 249 82 passive
1604 2071 36 38 a
1673 2041 128 69 fete
1834 2043 112 69 des
1980 2042 353 85 triompbes
2369 2046 234 70 durant

378 2159 104 39 ces
516 2132 154 67 trois
707 2131 318 70 dernieres
1058 2161 254 40 annees.

583 2222 308 79 „Rue-toi
926 2251 109 41 sur
1067 2254 158 39 ceux
1256 2253 127 54 que
1416 2254 162 39 nous
1606 2222 246 74 t’avons
1877 2226 294 84 designes
2201 2256 253 41 comme
2488 2259 74 39 en-

379 2315 281 67 nemis!“
841 2314 334 82 ~Jette-toi
1209 2315 159 70 dans
1410 2316 89 70 les
1535 2316 147 70 bras
1715 2317 81 69 de
1828 2348 160 39 ceux
2036 2348 128 55 que
2213 2338 71 51 tu
2321 2349 66 40 as
2425 2350 131 40 com-

378 2404 289 70 battus!“
713 2404 122 71 Ces
863 2409 167 70 deux
1056 2411 593 69 commandements
1676 2439 82 40 ne
1780 2410 297 70 different
2105 2442 112 53 pas
2246 2411 148 84 plus
2424 2432 177 51 entre

378 2526 121 39 eux
540 2495 205 85 qu’un
795 2499 186 69 ordre
1019 2498 157 71 d’un
1213 2502 463 71 contre-ordre.
1731 2503 87 70 Ni
1860 2502 137 71 Tun
2040 2505 66 68 ni
2149 2502 230 72 l’autre
2429 2503 137 74 n’ac-

378 2589 189 70 corde
600 2590 81 70 de
714 2589 179 84 place
924 2622 35 38 a
991 2590 58 70 la
1086 2590 322 73 reflexion.

472 2681 47 68 II
572 2681 137 70 faut
760 2682 148 71 bien
961 2686 313 68 admettre
1322 2715 127 55 que
1484 2684 131 72 cela
1649 2684 103 72 n’a
1789 2717 111 54 pas
1933 2688 242 84 grande
2208 2709 396 64 importance

376 2773 280 84 puisque
687 2775 59 68 la
779 2775 178 69 foule
988 2806 68 40 se
1088 2796 250 51 soumet
1373 2781 51 66 si
1460 2778 476 86 aveuglement;
1979 2811 84 40 ou
2100 2782 169 80 bien,
2308 2786 296 70 serait-ce

375 2865 62 68 la
477 2865 194 81 foule,
724 2867 380 82 elle-meme,
1159 2872 109 83 qui
1321 2902 280 56 manque
1649 2871 484 87 d’importance,
2170 2889 437 85 predsemeni

360 2988 211 67 paree
600 2965 223 89 guefle
856 2979 103 55 esf
983 2975 66 60 si
1074 2969 200 67 dodfe
1307 2982 68 56 ef
1397 2978 66 60 si
1489 2971 261 89 aveugfe
1772 2969 41 70 ?

468 3140 56 69 L
555 3144 375 80 experience
954 3163 94 51 est
1075 3144 155 71 faite
1253 3148 82 69 de
1358 3147 60 70 la
1443 3148 274 84 fragilite
1754 3167 60 51 et
1842 3151 81 69 de
1949 3149 514 71 Imconsistance
2487 3153 112 70 des

376 3234 400 70 convictions
813 3238 565 78 ~internationales
1415 3260 61 49 et
1513 3239 391 87 pacifiques“
1956 3261 61 52 et
2064 3246 111 68 des
2217 3243 160 70 liens
2420 3245 80 69 de
2539 3245 60 69 la

378 3330 287 78 „grande
696 3328 243 71 famille
971 3333 110 70 des
1118 3333 347 84 peuples“!

469 3417 47 69 P
519 3439 279 62 ourtant,
836 3453 84 39 on
955 3455 159 38 vous
1152 3425 247 81 rendra,
1437 3427 194 79 foule,
1660 3458 182 55 apres
1876 3427 57 69 la
1957 3455 242 58 guerre,
2229 3459 103 40 ces
2358 3431 240 82 jojuets!

376 3509 123 70 Les
552 3513 254 72 enfants
856 3515 350 72 s’amusent
1255 3520 396 70 divinement
1701 3552 151 39 avec
1884 3523 109 68 des
2026 3523 206 80 jouets
2266 3521 150 70 bien
2454 3523 145 83 plus

375 3600 345 75 deteriores
756 3624 62 51 et
854 3638 82 40 on
972 3640 159 40 vous
1166 3612 207 82 priera
1399 3614 82 69 de
1507 3614 341 81 reprendre
1880 3643 79 38 au
1987 3613 143 82 plus
2159 3614 130 69 vite
2316 3646 111 39 vos
2453 3617 147 82 jeux

376 3712 60 49 et
472 3725 111 40 vos
615 3699 208 81 jouets
856 3732 228 42 casses.
1267 3706 716 77 ~Reconciliez-vous“;
2149 3736 71 55 9a
2253 3707 117 71 fait
2406 3708 58 70 le
2495 3712 104 82 jeu

376 3787 83 68 de
507 3819 160 39 ceux
709 3794 111 80 qui
865 3825 156 39 vous
1065 3816 396 64 gouvernent
1503 3816 222 51 autant
1767 3829 126 53 que
1931 3829 70 53 9a
2043 3798 208 71 faisait
2293 3801 141 71 leur
2472 3805 124 82 jeu,

380 3883 539 83 precedemment,
957 3890 81 70 de
1072 3919 158 39 vous
1265 3891 137 67 voir
1439 3921 158 39 vous
1631 3899 502 75 entre-egorger!
