3132 4572
636 378 69 56 60

1509 398 114 53 Das
1659 403 163 66 weiße
1853 405 145 53 Brett

1001 602 111 55 Der
1143 603 224 61 Mensch
1401 626 65 40 ist
1498 635 81 33 ein
1615 614 328 65 gebrechlich
1980 621 160 68 Ding.
2199 624 147 59 Ganz
2384 627 145 67 kurz,
2563 632 160 59 bevor
2755 636 92 56 der

629 749 27 29 j
672 697 145 43 mger
849 683 84 48 die
966 683 158 53 Taste
1167 683 238 67 berührt,
1441 687 196 59 kommt
1678 693 169 57 dieses
1880 696 168 58 schier
2088 703 356 59 unmerkliche
2477 707 244 61 Stocken.
2777 713 68 56 Es

624 754 185 53 dauert
850 777 100 33 nur
991 757 85 55 die
1108 757 117 59 Zeit
1264 763 141 57 eines
1438 765 392 72 Herzschlages.
1889 772 109 59 Das
2040 778 67 56 ist
2148 779 85 56 die
2265 779 115 59 Zeit
2421 786 259 58 zwischen
2723 791 120 56 dem

625 838 179 45 Leben
839 838 110 49 und
983 838 121 51 dem
1139 838 137 56 Tod.

715 904 110 57 Wir
864 908 157 58 saßen
1066 911 147 70 lange
1256 941 300 35 zusammen
1590 922 52 56 in
1677 924 170 59 einem
1880 928 174 58 Hotel.
2112 931 102 58 Die
2248 934 474 73 Handelsagenten,
2756 945 84 57 die

619 984 378 58 zweifelhaften
1027 988 287 70 Pazifisten,
1350 995 84 57 die
1463 995 329 74 Flüchtlinge
1825 1004 266 60 schliefen.
2134 1008 109 58 Wir
2271 1013 361 70 schwärmten,
2662 1021 97 54 wie
2787 1023 52 55 in

616 1082 190 34 unsern
845 1066 176 54 besten
1051 1066 196 69 Tagen.
1288 1073 217 66 Jemand
1533 1074 186 70 fragte:
1753 1079 151 59 Steht
1937 1085 142 56 nicht
2107 1087 83 56 die
2220 1088 176 58 Kunst
2422 1092 73 57 als
2523 1094 85 58 die
2639 1099 200 66 einzige

615 1150 152 42 unter
800 1144 101 52 den
938 1144 221 57 Göttern
1194 1150 93 54 mit
1320 1154 414 57 unveränderten
1767 1155 182 70 Zügen
1983 1162 73 56 im
2088 1160 525 68 Zusammenbruch?
2657 1174 70 56 Ist
2761 1178 75 54 sie

710 1290 83 30 „.
832 1294 12 26 ,
854 1242 28 31 e
922 1243 113 33 emz
1040 1245 13 59 !
1060 1244 62 45 ge
1122 1270 15 50 ;
1801 1248 64 33 yo
1869 1248 22 33 *
1297 1228 91 56 der
1420 1252 120 35 nian
1575 1256 32 30 n
1613 1233 97 56 °ch
1752 1234 190 60 fromm
1975 1240 109 55 sein
2128 1240 149 68 kann,
2322 1245 137 58 ohne
2500 1272 63 33 zu
2605 1251 189 58 lästern
2807 1259 24 51 ?

659 1314 47 31 ie
729 1295 178 64 leicht,
943 1299 111 54 weil
1098 1300 109 56 ihre
1240 1301 145 70 Züge
1419 1306 82 56 die
1536 1306 453 74 Menschlichkeit,
2030 1318 84 54 die
2147 1341 177 44 ganze,
2361 1326 300 66 ungeteilte,
2698 1329 133 57 hoch

609 1389 174 48 genug
816 1374 292 58 bewahren.
1154 1379 110 57 Der
1296 1379 222 62 Mensch
1554 1388 252 57 zwischen
1843 1389 122 60 Tier
1998 1397 111 54 und
2143 1395 275 61 Maschine
2453 1403 127 57 muß
2620 1428 175 46 empor-

607 1453 246 60 schauen,
888 1474 92 33 um
1011 1454 111 56 sich
1148 1479 65 33 zu
1246 1458 280 61 erkennen.
1569 1461 134 60 Sein
1739 1464 183 72 oferz,
1956 1477 97 50 wie
2084 1496 63 34 es
2172 1480 108 53 ist:
2310 1498 103 36 wer
2445 1479 140 57 denn
2613 1484 136 66 zeigt
2775 1508 54 32 es

606 1531 109 47 ihm
751 1531 157 52 heute
936 1531 157 65 noch,
1136 1557 148 34 wenn
1320 1538 147 55 nicht
1500 1540 83 56 die
1618 1541 211 60 Kunst?

1703 1681 28 31 *

692 1752 94 59 Als
845 1755 241 62 Antwort
1146 1764 90 57 auf
1293 1765 262 71 Anfragen
1613 1774 132 57 nach
1809 1778 312 76 englischer
2185 1792 114 50 und
2359 1790 468 61 amerikanischer

651 1839 487 78 rjedensljteratur,
1193 1842 86 56 die
1339 1845 107 56 sich
1507 1847 186 59 immer
1752 1854 364 70 wiederholen,
2178 1861 167 69 einige
2385 1863 164 59 Titel:
2606 1869 212 69 ‘Butler,

599 1916 248 51 JNicholas
889 1916 237 69 Murray,
1181 1917 47 56 A
1261 1921 163 56 world
1454 1924 54 54 in
1540 1924 240 61 ferment.
1835 1931 427 69 Interpretation
2303 1939 54 57 of
2396 1941 87 56 the
2526 1967 103 34 war
2669 1945 81 57 for
2792 1973 26 32 a

596 2007 117 35 new
753 1988 178 58 world.
992 1990 135 59 New
1161 1994 154 67 York.
1359 1999 216 59 Charles
1615 2004 274 61 Scribners
1929 2009 153 67 Sons,
2134 2014 152 60 1917.
2328 2018 122 57 254.
2493 2020 55 57 S.

593 2074 216 45 Charles
850 2074 210 50 Koden:
1104 2074 250 55 Towards
1396 2099 27 32 a
1465 2077 185 69 lastmg
1686 2084 313 61 Settlement.
2062 2089 242 70 London,
2347 2095 207 69 George
2595 2098 150 59 Allan
2773 2109 43 51 &

647 2162 126 33 nion
804 2143 196 65 Lmtd.,
1030 2146 135 57 New
1185 2147 158 68 York,
1388 2152 116 57 The
1533 2154 305 63 Macmillan
1869 2162 290 73 Company,
2215 2170 150 57 1916.
2396 2173 118 57 216.
2537 2175 55 56 S.
2620 2175 77 60 Co
2698 2180 115 68 Hin,

591 2227 259 57 Christen,
894 2227 289 54 Christian:
1227 2227 116 56 The
1373 2253 104 34 war
1500 2235 198 63 against
1724 2260 104 35 war
1867 2242 103 55 and
2011 2242 89 56 the
2139 2245 356 61 enforcement
2537 2251 54 57 of
2632 2278 176 43 peace.

593 2371 133 31 roi7
1208 2305 69 68 by
1293 2306 225 60 William
1533 2310 215 68 Archer.
1768 2314 240 69 London,
2032 2320 136 58 New
2183 2322 159 68 York.
2366 2326 304 61 Macmillan
2689 2333 118 66 Co..

635 2447 31 27 ~
913 2400 51 32 u>
1016 2378 101 56 163
1161 2380 60 57 S.
1956 2382 164 70 Gliot,
1457 2386 216 60 Charles
1703 2390 106 58 W.:
1853 2392 117 60 The
1998 2399 125 56 road
2149 2404 221 54 towards
2397 2428 170 43 peace.
2608 2408 48 55 A
2684 2433 95 33 con-

585 2456 251 49 tnbution
865 2467 55 41 to
948 2456 89 53 the
1066 2458 152 68 study
1247 2460 55 55 of
1330 2460 88 57 the
1444 2486 179 35 causes
1665 2467 56 56 of
1745 2469 90 57 the
1863 2470 273 71 European
2168 2500 103 33 war
2298 2482 104 55 and
2431 2481 53 57 of
2511 2482 89 58 the
2628 2508 178 37 means

582 2531 55 49 of
677 2545 311 53 preventmg
1030 2556 103 33 war
1170 2559 55 31 in
1265 2537 89 56 the
1382 2540 193 59 future.
1634 2543 193 61 Boston
1856 2552 104 56 and
1988 2551 136 58 New
2150 2552 157 70 York.
2338 2557 286 70 Houghton
2655 2562 120 60 Miff-

601 2626 52 32 m
698 2603 113 66 Co.,
863 2607 148 65 1915,
1070 2609 100 59 XX
1211 2639 52 30 u.
1310 2616 108 57 286
1458 2618 57 56 S.
2575 2621 156 70 Gllis,
1771 2625 184 72 Henry
1994 2630 291 59 Havelock:
2336 2635 183 70 Essays
2561 2640 52 55 in
2658 2640 109 60 War-

585 2695 125 41 time
783 2682 242 68 London,
1084 2687 282 62 Constable
1415 2695 154 58 1916.
1623 2698 111 59 247
1773 2701 55 57 S.
2192 2710 196 61 Beace.
2457 2714 345 73 Proceedings

578 2766 54 45 of
673 2766 91 48 the
806 2766 113 50 first
958 2767 188 56 annual
1188 2772 223 55 national
1452 2776 320 68 assemblage
1814 2780 56 56 of
1907 2782 87 57 the
2039 2783 208 70 League
2285 2804 55 40 to
2379 2790 208 58 enforce
2628 2819 171 43 peace,

577 2832 359 71 Washington,
993 2839 127 70 May
1176 2844 276 70 26.-27.,
1500 2851 141 58 1916.
1717 2855 141 58 With
1899 2883 63 31 an
2018 2862 357 73 intrpductory
2430 2867 212 70 chapter
2695 2876 104 55 and

573 2919 319 59 appendices
952 2940 179 47 givmg
1170 2922 86 56 the
1297 2930 265 63 proposals
1618 2931 54 56 of
1724 2932 87 57 the
1852 2935 199 68 league,
2106 2940 66 57 its
2215 2943 201 56 officers
2457 2949 340 59 committees.

571 2993 53 104 f}
629 3012 63 32 ev
696 3013 12 84 [
734 2993 46 52 Y
781 3013 60 75 S
844 2993 31 57 k
882 3037 11 20 ’
936 2993 108 58 Lea
1046 3072 12 25 I
1048 3018 33 45 g
1082 3073 13 24 ,
1084 3021 64 32 ue
1142 3076 10 10 .
1188 3012 53 42 to
1250 3077 13 20 ,
1531 3030 174 43 peace,
1757 3011 152 57 1916.
1952 3013 70 57 VI
2067 3039 52 34 u.
2159 3016 124 58 204.
2324 3020 56 57 S.
2410 3021 185 71 SKeen,
2624 3025 172 59 Frank

571 3074 162 49 Noel:
790 3074 103 51 Ihe
936 3074 162 56 world
1138 3078 311 60 malhance.
1489 3082 48 56 A
1565 3084 118 68 plan
1710 3086 81 58 for
1819 3093 311 68 preventing
2157 3095 174 58 future
2360 3123 144 41 wars,
2548 3101 245 70 London,

569 3168 135 85 wfir
705 3168 28 32 6
738 3167 23 33 '
800 3145 169 59 South
977 3172 46 33 W
1025 3152 102 54 ood
1169 3153 95 57 Co.
1307 3154 194 69 Lmtd.,
1555 3161 147 58 1915.
1767 3164 68 56 60
1876 3166 55 57 S.
1997 3168 249 74 ‘Russell,
2298 3175 256 59 Bertrand
2594 3178 199 60 Arthur

572 3224 245 56 William:
850 3224 135 70 Why
1011 3252 121 32 men
1162 3229 143 68 fight.
1345 3233 134 60 New
1504 3236 158 68 York.
1707 3241 238 71 Century
1971 3246 96 58 Co.
2105 3248 152 60 1917.
2302 3252 105 57 272
2439 3255 56 57 S.
2539 3281 28 33 c
2567 3256 224 71 ltowell,

564 3300 174 97 HS?
792 3302 41 57 C
834 3326 33 89 ,°
868 3380 26 35 o
874 3324 23 34 r
898 3327 56 88 y*
1025 3303 42 57 T
1068 3305 53 99 il
1122 3330 19 31 e
1134 3385 27 30 Q
1524 3314 52 56 of
1617 3317 88 57 the
1761 3344 102 34 war
1904 3322 55 57 of
2006 3323 152 60 1914.
2227 3328 216 66 Boston,
2498 3331 289 72 Houghton

632 3399 12 31 i
708 3402 70 39 in,
935 3402 50 34 j.
1062 3393 100 47 JLo
1206 3408 54 33 o.
1324 3393 251 56 Cowards
1613 3417 73 34 an
1743 3403 264 76 enduring
2030 3426 198 52 peace.
2295 3407 48 56 A
2366 3412 324 65 Symposium
2732 3415 57 56 of

563 3476 156 43 peace
760 3459 268 65 proposals
1070 3462 103 56 and
1214 3486 267 44 programs
1532 3469 375 64 1914—1916.
1971 3478 280 70 Compiled
2293 3485 67 68 by

565 3538 234 53 Bourne.
869 3538 138 54 With
1063 3562 65 33 an
1181 3543 356 58 mtroduction
1595 3547 68 68 by
1705 3551 242 59 Franklin
2001 3556 69 57 H.
2116 3557 280 71 Giddings.
2451 3563 133 59 New
2624 3567 158 66 York,

558 3613 273 53 American
874 3617 310 55 association
1225 3618 81 56 for
1347 3620 359 63 international
1748 3632 345 58 conciliation.
2130 3634 100 59 XV
2257 3662 53 32 u.
2341 3639 113 58 336
2481 3642 56 57 S.
2571 3645 211 76 ‘Woolf,

558 3685 239 57 Leonard
840 3688 79 57 S.:
983 3690 366 62 International
1410 3718 354 46 government.
1827 3705 130 58 Two
1998 3727 201 52 reports
2261 3719 255 64 prepared
2570 3719 82 58 for
2691 3723 88 56 the

554 3768 173 51 fabian
789 3768 254 57 Research
1085 3772 349 68 Department
1488 3778 121 56 with
1651 3803 64 33 an
1777 3783 351 62 introduction
2191 3791 69 68 by
2302 3792 203 71 George
2547 3798 231 60 Bernard

553 3844 155 51 Shaw
766 3853 233 56 together
1060 3849 121 56 with
1237 3873 27 33 a
1326 3853 198 67 project
1580 3855 68 69 by
1688 3882 27 32 a
1763 3858 174 60 fabian
1996 3863 314 62 Committee
2366 3871 82 57 for
2506 3897 28 33 a
2595 3899 180 45 super-
