3274 4572
1392 450 366 66 Petersburger
1785 445 230 53 Träume

598 470 67 60 12

893 1157 1037 105 PETERSBURGER
1983 1129 558 104 TRÄUME

1279 958 105 83 F.
1437 958 105 83 M.
1595 958 577 83 Dostojewsky

1102 1354 656 88 UNBEKANNTE
1792 1338 583 85 ERZÄHLUNG

741 1481 607 88 MITGETEILT
1378 1475 195 76 VON
1607 1472 144 71 DR.
1785 1457 515 83 WLADIMIR
2330 1444 398 80 ASTROW

916 1631 112 60 <Die
1071 1626 349 76 vorliegende
1471 1607 528 82 autobiographifche
2053 1595 214 80 Schrift
2775 1593 79 48 ist

815 1715 528 62 sonderbarerweise
1371 1710 84 53 bis
1480 1708 53 51 in
1561 1703 83 54 die
1665 1703 228 51 neueste
1913 1688 131 60 Zeit
2063 1682 325 62 unbeachtet
2407 1675 306 82 geblieben,
2747 1693 32 34 c

822 1804 224 58 erlebten
1080 1799 90 57 als
1210 1790 303 63 Feuilleton
1538 1791 69 52 im
1636 1792 183 48 ersten
1848 1772 158 80 Bfeft
2040 1777 97 53 der
2167 1791 104 36 von
2302 1760 391 75 Oostojexvsky
2717 1768 137 45 nach

818 1895 186 52 seiner
1046 1879 293 64 ‘Rückkehr
1375 1896 105 37 aus
1517 1867 244 62 Sibirien
1795 1866 335 77 gemeinsam
2171 1862 99 50 mit
2293 1871 203 38 seinem

903 1973 165 68 /Jahre
1069 1974 85 54 1861
1160 1965 375 76 gegründeten
2393 1947 311 85 Zeitfchrift
2709 1945 207 71 ~‘Wrem
2224 1937 136 79 (Oie
2387 1929 153 79 Zeit)
2567 1940 159 48 unter
2744 1929 117 54 dem

825 2059 167 60 Fitei
1003 2054 444 72 „Petersburger
1472 2041 296 60 Fräume“.
1814 2031 241 62 Obwohl
2067 2034 84 52 sie
2678 2022 76 48 ist
2777 2017 87 50 die

823 2135 356 75 Hutorfchaft
1230 2128 420 77 Oostojewskys
1690 2121 163 59 durch
1898 2121 104 54 den
2044 2108 211 64 önhalt
2294 2111 113 55 und
2445 2108 85 54 die
2562 2101 161 57 Form
2772 2101 95 51 der

914 2224 372 74 Oarstellung
1302 2218 337 59 vollkommen
1640 2209 135 80 außer
1795 2200 247 77 Zweifel
2043 2194 249 83 gestellt.

822 2324 92 47 art
942 2315 111 55 und
1074 2313 105 55 das
1192 2304 241 78 jagende
1455 2295 185 62 Geben
1662 2298 184 53 seiner
1867 2279 484 66 Phantasiebilder
2365 2296 97 36 wie
2482 2271 113 58 alle

829 2395 260 64 teristika
1113 2397 183 53 seiner
1323 2389 205 56 andern
1560 2378 205 61 ‘Werke
1780 2375 193 81 finden
1989 2369 116 58 sich
2121 2364 140 59 auch
2276 2362 121 58 hier
2415 2360 208 56 wieder.
2670 2355 169 54 Frotz-

832 2489 120 54 dem
992 2487 80 53 ist
1118 2500 125 36 man
1288 2497 71 34 an
1405 2475 184 53 diesen
1636 2463 322 59 eklatanten
2005 2454 609 67 ‘Übereinstimmungen
2664 2442 212 53 achtlos

839 2569 539 74 vorübergegangen,
1413 2557 114 56 und
1547 2556 87 53 die
1663 2542 220 78 Schrift
1912 2543 179 56 wurde
2118 2535 88 59 als
2236 2530 382 61 “»bekanntes
2645 2525 113 55 und
2778 2542 70 35 un
2853 2544 27 20 *

840 2655 274 66 wichtiges
1132 2646 320 59 Ookument
1460 2637 131 79 fast
1601 2632 255 81 gänzlich
1874 2646 312 59 vergessen,
2217 2614 265 79 üchfand
2497 2618 149 52 diese
2667 2613 191 68 Schrif

841 2737 262 60 während
1126 2727 382 80 umfassender
1550 2718 254 66 Studien,
1833 2718 86 53 die
1952 2710 84 58 ich
2063 2705 103 80 für
2206 2708 138 55 mein
2387 2695 286 80 russijehes
2711 2690 175 59 ‘Werk

845 2829 136 54 über
1024 2825 88 52 die
1154 2815 293 76 religiösen
1493 2789 381 90 Strömungen
1916 2802 54 52 in
2011 2799 99 52 der
2133 2789 289 80 russifchen
2463 2789 286 51 Literatur
2788 2789 98 43 des

844 2903 379 64 neunzehnten
1255 2895 427 80 /Jahrhunderts
1836 2882 355 58 inbesondere

844 2995 141 60 skus
997 2983 359 63 —anstellte.
1389 2978 171 60 Oiese
1585 2975 206 58 Arbeit
1811 2971 178 56 wurde
2015 2970 54 52 in
2097 2967 97 53 der
2208 2956 377 74 Beleuchtung
2599 2954 95 54 der
2712 2953 140 52 bahn-

848 3077 334 60 brechenden
1206 3062 472 87 psychologifchen
1724 3053 298 80 Forfchung
2059 3042 229 81 Rudolf
2307 3043 203 59 ‘ülaria
2546 3028 346 82 Holzapfels

887 3156 287 66 Panideal
1175 3161 26 26 ,(
1232 3164 419 48 unternommen.
1695 3140 189 61 Ourch
1918 3142 196 54 dessen
2148 3137 55 54 in
2217 3133 160 69 jeder
2410 3124 322 74 ‘Beziehung
2777 3138 76 36 um-

850 3246 252 61 wälzend
1133 3262 143 38 neue
1317 3231 389 80 Perspektiven
1761 3226 279 57 bietendes
2077 3217 176 60 ‘Werk
2306 3211 128 60 voll
2478 3204 419 80 tiefgreifender

972 3329 475 66 Seelenkenninis,
1448 3325 27 53 das
1502 3318 133 57 bald
1654 3312 140 60 nach
1817 3316 200 52 seinem
2380 3301 92 53 bei
2507 3315 107 36 uns
2637 3312 69 35 zu
2745 3292 121 52 weit-

850 3420 301 73 gehendem
1220 3406 222 80 Ginfluß
1504 3401 281 79 gelangte,
1864 3398 176 54 wurde
2115 3382 389 78 Oostojewsky
2572 3378 179 56 selbst
2798 3378 103 70 für

856 3511 152 53 seine
1034 3494 344 65 Landsleute
1419 3495 53 52 in
1503 3493 118 52 eine
1660 3483 169 76 völlig
1853 3502 140 36 neue
2019 3471 386 75 Beleuchtung
2425 3462 242 82 geruckt,

862 3588 170 70 apfel,
1062 3591 97 53 der
1182 3603 120 36 zum
1345 3570 313 65 erstenmal
1671 3573 85 52 die
1801 3561 431 63 wesentlichsten
2274 3556 113 56 und
2407 3546 497 79 kompliziertesten

868 3673 420 69 Grfcheinungen
1303 3667 101 54 des
1415 3653 376 84 menfchlichen
1811 3645 416 66 Seelenlebens,
2242 3645 103 54 das
2356 3635 225 66 ‘Wesen,
2591 3635 85 53 die
2693 3627 178 60 ‘Wand-

864 3759 394 72 lungsgesetze
1284 3751 117 58 und
1427 3728 1000 84 Vervollkommnungsmöglichkeiten
2457 3724 97 53 des
2581 3715 329 65 Gewissens,

867 3848 99 54 des
995 3837 298 74 Schaffens
1321 3836 115 57 und
1456 3833 98 55 der
1564 3823 207 62 üdeale
1784 3828 53 51 in
1851 3819 308 80 großzügig
2175 3800 527 88 wissenjehafthcher
2722 3800 189 57 ‘Weise

869 3927 255 80 erforfcht
1151 3923 117 69 hat,
1297 3913 347 83 ermöglichte
1669 3909 146 59 nicht
1838 3927 106 37 nur
1969 3908 85 53 ein
2087 3897 112 80 auf
2219 3903 87 53 die
2330 3889 402 80 Hauptsachen
2764 3904 151 59 ganz
