3213 4572
1202 401 230 69 Borberg
1486 415 22 26 ♦
1559 400 250 66 Europas
1842 389 305 72 Herzfehler

565 408 34 61 4

563 611 309 72 moderne
920 603 433 89 Spießbürger
1413 599 218 88 glaubt
1688 594 177 73 nicht
1921 592 166 72 kraft
2143 590 173 69 eines
2364 582 424 72 ekstatischen

568 701 239 86 „credo
832 731 149 58 cjuia
1002 696 421 80 absurdum“,
1451 691 167 73 noch
1646 709 118 50 mit
1789 687 111 72 der
1928 682 358 79 einfachen,
2313 707 230 41 naiven
2565 676 180 69 Fröm-

567 797 260 86 migkeit
850 794 292 71 früherer
1170 787 247 73 Zeiten.
1450 786 85 72 Er
1563 783 306 86 „glaubt“
1897 772 424 80 rechnerisch,
2351 769 196 83 „aller
2566 767 181 71 Wahr-

568 886 485 77 scheinlichkeit
1093 883 233 71 nach“.
1383 879 86 71 Er
1514 876 264 85 „glaubt
1815 903 82 40 an
1940 871 228 76 Gott“,
2213 866 119 69 wie
2375 890 148 43 man
2565 890 80 40 an
2688 860 106 68 die

566 980 433 75 Abfahrtszeit
1030 978 116 72 des
1180 973 209 87 Zuges
1424 971 219 87 glaubt
1682 969 105 84 (ja,
1824 997 71 40 so
1937 963 187 81 ruhig
2165 957 135 72 und
2336 955 126 74 voll
2505 954 288 69 heiteren

571 1071 560 86 Gleichgewichts,
1168 1098 120 42 wie
1319 1096 147 41 man
1500 1093 80 41 an
1615 1090 139 40 eine
1785 1057 432 71 Abfahrtszeit
2259 1049 241 84 glaubt,
2544 1046 106 70 für
2692 1057 105 56 die

569 1199 149 44 man
751 1161 512 90 augenblicklich
1297 1159 168 71 noch
1500 1158 225 69 keinen
1763 1147 344 73 Gebrauch
2143 1144 159 89 hat).

653 1261 159 72 Und
862 1289 134 42 nun
1046 1257 110 84 gib
1204 1252 233 72 einmal
1485 1247 179 71 recht
1712 1243 146 73 acht
1905 1239 111 73 auf
2064 1238 107 71 die
2210 1237 297 70 weiteren
2546 1233 210 67 Konse-

574 1383 295 60 quenzen
903 1351 211 71 dieser
1147 1340 567 94 psychologischen
1751 1335 447 78 Umwälzung.
2248 1328 148 70 War
2431 1327 112 69 das
2580 1322 220 72 Leben

576 1453 104 67 ein
710 1445 265 86 Kampf,
1010 1474 126 44 nur
1165 1454 99 61 ein
2044 1432 293 110 QQtmpf,
1612 1430 137 71 und
1784 1455 125 43 war
1945 1427 112 69 das
2083 1422 206 73 Recht
2322 1421 113 69 des
2463 1417 338 70 Stärkeren

577 1544 105 70 die
717 1540 268 71 höchste
1019 1531 737 78 Lebensberechtigung,
1789 1552 72 40 so
1895 1521 127 83 galt
2055 1549 68 38 es
2156 1516 302 70 wahrlich
2491 1540 66 41 in
2590 1516 212 78 jedem

580 1637 287 84 einzigen
884 1627 418 86 Augenblick,
1323 1623 109 70 der
1451 1619 293 71 Stärkere
1759 1645 79 40 zu
1856 1614 161 70 sein.
2034 1609 148 74 Was
2203 1609 238 69 konnte
2459 1633 65 39 es
2544 1615 259 65 nützen,

582 1759 142 40 eine
750 1726 217 72 solche
1001 1722 445 70 Konstitution
1479 1744 81 40 zu
1594 1711 229 77 haben,
1860 1705 127 73 daß
2021 1733 147 41 man
2196 1699 283 73 hundert
2505 1695 189 84 Jahre
2718 1694 88 69 alt

582 1821 257 72 werden
881 1819 257 74 konnte,
1173 1840 184 43 wenn
1399 1838 147 39 man
1594 1803 137 71 sich
1782 1801 178 71 nicht
2008 1826 198 55 gegen
2257 1794 104 69 die
2396 1789 271 79 Dolche,
2703 1787 107 68 die

583 1911 318 75 natürlich
949 1911 87 68 im
1069 1902 218 74 Ärmel
1336 1901 173 70 eines
1557 1896 188 88 jeden
1796 1891 328 74 Freundes
2175 1887 350 80 verborgen
2573 1909 233 50 waren,

585 2006 137 73 und
748 2033 199 56 gegen
966 2001 104 70 die
1085 1994 409 79 Hoxerstöße,
1521 1991 106 71 die
1651 1986 337 81 beständig
2013 2014 65 38 in
2105 1980 112 71 der
2238 1977 158 73 Luft
2421 1975 387 76 schwebten,

586 2130 81 42 zu
694 2098 366 81 behaupten
1086 2086 408 78 vermochte?
1533 2085 136 69 Der
1698 2080 385 81 „Stärkere“
2111 2100 127 44 war
2265 2102 133 39 nun
2425 2067 179 72 nicht
2631 2065 180 74 mehr

587 2193 113 70 der
736 2187 428 77 Gesündeste,
1201 2182 273 72 sondern
1523 2178 113 68 der
1671 2174 204 70 Mann
1922 2189 118 51 mit
2085 2168 111 70 der
2233 2164 243 81 Übung
2519 2159 137 71 und
2699 2159 113 67 der

592 2283 211 73 Kraft,
854 2280 156 71 Und
1058 2307 71 40 so
1179 2273 260 87 gipfelte
1486 2269 106 71 die
1624 2264 688 85 Begriffsverwirrung,
2363 2285 148 40 man
2560 2250 256 71 möchte

591 2407 211 53 sagen,
831 2375 65 68 in
922 2399 171 43 einer
1118 2365 497 80 Verwechslung
1640 2390 124 42 von
1795 2352 455 86 „Gesundheit
2276 2348 135 71 und
2441 2343 303 74 Muskeln
2800 2399 16 15 ,

689 2471 133 69 Das
849 2466 237 78 führte,
1113 2460 263 74 bildlich
1400 2455 414 86 gesprochen,
1843 2481 80 40 zu
1949 2443 515 75 übertriebenem
2483 2440 334 78 Training.

689 2561 134 73 Wir
874 2559 249 70 kennen
1170 2553 120 71 alle
1335 2551 126 69 den
1509 2547 179 84 Typ:
1737 2545 111 70 der
1881 2540 223 72 Athlet
2151 2536 120 71 mit
2318 2530 302 73 Muskeln
2670 2558 147 42 zum

597 2657 342 84 Springen,
990 2667 119 54 mit
1156 2647 113 69 der
1317 2640 407 83 dickfältigen
1764 2634 394 72 Panzerhaut
2206 2629 111 70 des
2368 2622 449 87 Flußpferdes,

597 2747 138 71 und
778 2747 209 67 einem
1028 2768 240 49 armen,
1312 2733 286 80 elenden,
1636 2730 192 82 völlig
1862 2721 464 78 verbrauchten
2360 2719 278 70 Herzen.
2697 2715 127 70 Die

597 2837 196 74 Ärzte
825 2864 254 43 nennen
1113 2862 65 40 es
1212 2829 169 70 wohl
1417 2822 476 87 Hypertrophie
1926 2818 112 70 des
2072 2815 311 72 Herzens,

696 2931 196 72 Solch
928 2930 101 68 ein
1062 2923 224 73 Athlet
1317 2923 80 69 ist
1433 2918 259 84 Europa
1724 2912 358 86 geworden.

698 3024 158 72 Und
891 3020 288 84 Europas
1216 3012 374 73 Herzfehler
1640 3011 79 69 ist
1770 3035 201 56 genau
2020 3000 313 78 derselbe,
2384 2997 118 70 wie
2549 2995 113 69 der
2712 2995 114 67 des

602 3118 303 72 Athleten
917 3172 12 12 •

699 3209 156 73 Nun
888 3209 153 80 liegt
1074 3202 259 83 Europa
1364 3200 64 68 in
1467 3193 356 86 Krämpfen
1875 3189 135 72 und
2058 3184 286 75 zerbeißt
2391 3182 134 72 sein
2576 3180 251 81 eigenes

609 3303 319 73 hübsches
966 3296 242 73 Gebiß.
2082 3368 306 28 ~111
2606 3363 16 33 1
2788 3360 34 36 l

703 3396 156 70 Und
895 3424 64 39 es
994 3393 82 68 ist
1109 3389 106 70 die
1241 3382 219 85 Frage,
1497 3382 86 68 ob
1616 3379 112 70 der
1753 3378 246 70 Patient
2034 3376 178 67 nicht
2246 3376 148 64 bald
2429 3396 80 40 zu
2537 3376 293 58 schwach

610 3491 136 70 sein
779 3486 180 80 wird,
996 3513 112 42 um
1142 3481 106 70 die
1284 3477 141 70 Kur
1460 3492 287 63 ertragen
1781 3500 77 39 zu
1893 3468 279 69 können.

709 3577 305 74 Leitende
1041 3575 255 71 Geister
1331 3570 218 70 hatten
1582 3563 231 72 bereits
1838 3561 109 70 auf
1973 3561 104 70 die
2104 3555 243 71 Gefahr
2383 3555 448 77 hmgewiesen,

613 3673 317 73 führende
945 3665 433 86 Philosophen
1395 3677 283 55 warnten
1711 3683 112 43 vor
1856 3655 149 69 dem
2040 3666 370 63 einseitigen
2433 3640 368 73 Intellektua-

615 3769 221 70 lismus
864 3764 306 85 Europas,
1207 3759 119 71 wie
1352 3757 91 69 sie
1485 3783 66 41 es
1592 3767 303 53 nannten.
1946 3740 343 76 Tausende
2314 3767 126 42 von
2467 3735 368 82 Europäern

615 3863 120 70 mit
759 3877 303 66 geistigen
1082 3856 359 71 Interessen
1469 3843 379 76 versuchten
1865 3838 183 80 auch,
2068 3835 100 71 ihr
2189 3828 648 94 praktisches^Vissen
