3158 4572
1234 384 365 67 Petersburger
1627 385 234 51 Träume

2583 382 63 61 21

437 588 122 71 mir
606 585 111 71 das
751 583 323 87 Augenlid
1118 583 172 68 eines
1312 579 211 72 Toten
1556 580 111 70 auf
1668 580 187 80 höbe,
1888 581 136 71 und
2063 583 102 69 ich
2206 583 188 69 erriet
2434 583 217 82 sofort,

440 679 124 71 daß
599 707 66 42 er
696 678 289 71 derselbe
1011 674 345 84 Harpagon
1391 673 113 79 sei,
1540 672 113 69 der
1677 674 118 69 mit
1817 674 172 70 einer
2008 675 229 70 halben
2262 674 261 71 Million
2547 678 109 70 auf

437 773 218 69 seinen
681 772 296 81 Lumpen
1016 765 338 88 gestorben
1387 791 129 43 war
1549 764 137 70 und
1717 764 112 70 das
1872 765 548 73 Maximiliansche
2445 765 167 74 Kran-

440 865 278 71 kenhaus
740 861 265 72 besucht
1032 861 195 70 hatte.
1256 857 159 71 Und
1441 858 80 70 da
1546 854 131 85 (ich
1705 857 162 70 habe
1891 858 141 70 eine
2057 861 214 70 rasche
2297 861 359 92 Phantasie)

437 957 188 71 stand
644 984 110 43 vor
780 957 120 68 mir
926 951 301 88 plötzlich
1254 951 142 68 eine
1415 947 247 72 Gestalt
1688 948 129 80 auf,
1852 950 104 71 die
1980 951 145 71 dem
2139 951 513 75 Puschkinschen

439 1050 283 85 geizigen
757 1047 204 70 Ritter
1006 1045 145 71 sehr
1201 1041 260 72 ähnlich
1508 1070 151 43 war.
1707 1041 85 71 Es
1841 1042 217 71 schien
2105 1045 119 68 mir
2255 1045 109 71 auf
2396 1046 256 81 einmal,

440 1141 124 70 daß
608 1141 171 69 mein
816 1138 336 82 Solowjow
1196 1138 142 68 eine
1383 1133 383 72 riesenhafte
1813 1131 250 74 Gestalt
2106 1138 111 67 sei.
2269 1136 81 70 Er
2394 1138 106 71 hat
2551 1139 105 71 die

437 1233 169 71 Welt
641 1232 313 71 verlassen
989 1230 133 70 und
1155 1229 136 70 sich
1325 1257 125 41 von
1483 1226 80 70 all
1597 1226 179 72 ihren
1803 1225 486 88 Verlockungen
2322 1229 204 71 hinter
2551 1232 104 69 die

441 1324 443 71 Schirmwand
934 1320 545 86 zurückgezogen.
1559 1318 146 71 Was
1756 1320 153 84 geht
1956 1320 112 70 ihn
2118 1320 81 70 all
2243 1320 206 72 dieser
2493 1323 162 71 leere

439 1414 208 73 Glanz
679 1445 99 49 an,
812 1414 83 70 all
928 1442 228 41 unsere
1196 1413 256 69 Pracht:
1502 1411 205 72 Wozu
1739 1411 187 72 Ruhe
1956 1413 135 70 und
2118 1412 344 71 Komfort?
2509 1414 144 73 Was

439 1507 334 70 kümmern
807 1507 112 70 ihn
953 1506 81 70 all
1067 1507 176 69 diese
1277 1502 357 84 Gestalten,
1684 1505 173 71 diese
1890 1505 300 82 Lakaien,
2241 1507 105 70 die
2388 1506 112 70 auf
2530 1507 125 71 den

439 1599 370 85 Equipagen
844 1600 222 77 sitzen,
1104 1599 172 69 diese
1310 1597 249 71 Herren
1590 1597 139 71 und
1761 1599 277 80 Damen,
2071 1599 104 71 die
2196 1599 68 71 in
2298 1600 129 71 den
2462 1597 156 87 Equi-

437 1721 201 55 pagen
675 1693 234 77 sitzen;
936 1690 174 71 diese
1131 1690 266 81 Herren,
1419 1690 104 71 die
1550 1693 89 67 im
1664 1690 273 71 leichten
1954 1690 236 86 Wagen
2217 1690 439 83 dahinfahren,

436 1783 137 70 und
599 1783 172 70 diese
795 1783 101 78 da,
926 1783 103 70 die
1053 1812 80 39 zu
1150 1781 143 70 Fuß
1319 1781 324 82 wandern,
1671 1783 106 70 die
1801 1784 336 70 reizenden
2163 1785 240 83 jungen
2430 1784 225 81 Leute,

436 1873 111 70 auf
578 1875 193 69 deren
808 1874 380 71 Gesichtern
1222 1875 135 70 sich
1408 1874 450 71 unersättliche
1893 1874 157 73 Gier
2095 1877 160 70 nach
2292 1875 325 73 Kamelien-

441 1968 229 70 damen
717 1968 136 69 und
886 1967 439 72 Silberrubeln
1370 1968 156 70 malt
1542 1975 75 66 ?.
1649 2024 61 18 ..
1738 1967 147 72 Was
1932 1968 207 87 gehen
2172 1969 114 72 ihn
2322 1971 175 71 diese
2524 1969 88 70 Ka-

437 2060 466 69 meliendamen
938 2089 103 52 an,
1075 2061 82 70 all
1190 2060 176 71 diese
1394 2061 257 70 Minnas
1678 2061 135 70 und
1837 2060 364 73 Armands?
2229 2118 63 17 ..
2323 2118 16 14 .
2368 2062 189 80 Nein,
2594 2090 63 43 er

436 2151 267 70 braucht
727 2152 228 80 nichts,
991 2180 66 42 er
1091 2152 229 71 besitzt
1345 2154 111 69 das
1481 2152 148 71 alles
1758 2154 147 71 dort
1930 2173 190 53 unter
2144 2156 243 71 seinem
2403 2152 253 84 Kissen,

436 2242 111 70 das
596 2244 164 70 noch
811 2245 113 69 der
972 2245 351 85 vorjährige
1373 2244 304 86 Überzug
1725 2246 208 71 deckt.
1996 2246 158 87 Mag
2201 2277 66 40 es
2312 2248 162 69 auch
2509 2277 148 42 vom

440 2335 260 83 vorigen
733 2335 187 83 Jahre
953 2338 166 77 sein;
1168 2363 66 43 er
1281 2336 269 72 braucht
1597 2366 122 42 nur
1752 2367 80 41 zu
1869 2338 240 86 pfeifen
2144 2338 140 71 und
2314 2338 149 72 alles
2495 2340 162 70 wird

435 2455 81 39 zu
549 2427 136 68 ihm
729 2427 329 83 gehorsam
1094 2428 552 84 herangekrochen
1693 2428 322 81 kommen,
2059 2461 127 41 was
2218 2458 70 44 er
2319 2433 176 84 nötig
2526 2430 131 74 hat.

439 2517 85 70 Er
554 2518 266 71 braucht
858 2546 122 43 nur
1013 2550 77 39 zu
1138 2521 251 81 wollen,
1531 2522 137 70 und
1702 2523 163 70 viele
1891 2522 340 72 Gesichter
2255 2526 255 70 werden
2544 2526 111 72 ihn

436 2611 117 68 mit
586 2612 206 67 einem
826 2611 504 72 aufmerksamen
1350 2613 281 71 Lächeln
1651 2615 375 83 beglücken.
2052 2616 104 71 Da
2182 2617 80 70 ist
2288 2616 185 72 Wein
2488 2657 82 10 —
2593 2645 64 43 er

436 2700 236 71 könnte
705 2702 135 76 ihm
873 2702 110 70 das
1015 2704 151 71 Blut
1199 2717 371 69 erwärmen,
1606 2734 67 42 er
1705 2705 237 73 könnte
1974 2707 135 74 ihm
2143 2707 232 82 helfen,
2411 2710 135 71 und
2579 2712 78 69 ist

436 2820 182 57 sogar
675 2794 174 72 nicht
905 2814 180 51 teuer
1116 2851 109 18 ...
1306 2795 88 72 Er
1444 2797 270 73 braucht
1764 2797 249 75 keinen.
2077 2800 88 71 Er
2212 2803 81 69 ist
2337 2801 159 73 über
2542 2801 115 73 alle

435 2884 319 72 Wünsche
788 2886 277 72 erhaben
1095 2945 15 14 .
1142 2945 14 14 .
1189 2945 15 15 .

528 2978 113 71 Als
674 2979 101 70 ich
808 2979 153 71 aber
992 3011 73 39 so
1098 2980 451 85 phantasierte,
1583 2983 145 72 kam
1762 3015 65 42 es
1860 2987 123 70 mir
2015 3013 136 54 vor,
2184 2987 128 71 daß
2344 2988 105 71 ich
2482 2987 175 72 nicht

435 3069 124 70 den
595 3071 311 86 richtigen
936 3072 174 71 Griff
1142 3093 210 66 getan,
1386 3076 130 69 daß
1549 3077 102 70 ich
1678 3078 126 70 den
1827 3077 316 72 Puschkin
2179 3079 304 82 bestehle,
2518 3081 137 72 und

436 3162 126 70 daß
595 3163 105 70 die
727 3162 206 72 Sache
964 3165 136 72 sich
1135 3196 160 56 ganz
1326 3170 228 69 anders
1588 3189 376 66 zugetragen
1998 3171 181 72 habe.
2213 3171 192 81 Nein,
2439 3201 65 42 es
2528 3200 128 43 war

435 3255 206 70 sicher
653 3256 177 71 nicht
845 3286 95 41 so.
966 3257 133 73 Vor
1119 3279 157 52 etwa
1292 3261 85 70 60
1394 3261 231 84 Jahren
1644 3293 126 40 war
1785 3262 336 85 Solowjow
2132 3264 520 72 wahrscheinlich

436 3346 321 83 irgendwo
790 3351 366 83 angestellt;
1204 3379 68 43 er
1303 3379 127 43 war
1462 3355 178 84 jung,
1688 3354 219 82 frisch,
1954 3356 175 73 nicht
2162 3356 157 70 über
2352 3358 303 86 zwanzig.

435 3436 334 74 Vielleicht
785 3441 174 73 hatte
982 3444 164 70 auch
1174 3472 66 43 er
1267 3448 172 70 seine
1452 3445 365 83 Passionen,
1844 3446 149 73 fuhr
2017 3450 88 70 im
2132 3448 260 86 Wagen,
2420 3450 235 71 kannte

437 3530 370 83 irgendeine
839 3533 199 72 Luise
1085 3538 136 70 und
1270 3538 308 71 besuchte
1626 3540 112 72 das
1772 3539 295 81 Theater,
2124 3570 110 40 um
2279 3542 137 70 sich
2477 3542 178 81 „Das

437 3619 220 74 Leben
705 3626 172 69 eines
914 3627 321 85 Spielers“
1283 3632 468 72 anzuschauen.
1805 3632 175 72 Aber
2026 3633 301 87 plötzlich
2378 3634 275 86 geschah

437 3716 116 67 mit
586 3714 133 75 ihm
754 3736 210 64 etwas,
997 3721 91 70 als
1138 3722 85 71 ob
1272 3751 66 42 er
1382 3726 184 70 einen
1594 3725 164 71 Stoß
1803 3755 101 42 am
1945 3725 307 87 Ellbogen
2292 3726 268 74 bekäme

437 3806 174 71 eines
657 3810 171 81 jener
860 3811 384 88 Ereignisse,
1296 3815 104 72 die
1439 3819 68 69 in
1542 3819 209 71 einem
1784 3817 435 88 Augenblicke
2251 3820 126 72 den
2411 3850 241 57 ganzen
