3459 4343
1680 182 100 51 116

310 333 95 48 Vor
434 331 145 49 Allem
609 330 176 46 müssen
818 326 81 48 wir
938 325 262 66 bestätigen,
1242 326 99 47 dass
1371 325 78 48 der
1478 326 106 47 Sinn
1617 326 73 46 für

197 407 119 50 diese
357 414 144 42 ernste
543 402 88 49 und
672 402 236 49 unendlich
950 404 101 47 tiefe
1079 402 146 49 Musik
1266 419 71 30 am
1366 401 325 50 Niederrheine

197 484 81 47 seit
306 482 171 64 einigen
503 480 169 47 Jahren
720 479 90 47 sieh
852 477 283 49 dermaassen
1178 477 199 64 gestärkt
1413 477 89 47 und
1533 493 132 47 ausge-

198 559 160 48 breitet
391 557 93 56 hat,
523 555 100 47 dass
661 554 81 48 der
767 554 213 63 Zudrang
1020 571 50 30 zu
1109 554 78 47 der
1216 555 295 62 Aufführung
1542 570 71 29 ain
1651 552 40 47 1.

197 634 125 62 April
350 648 49 30 so
429 646 126 49 gross
584 646 109 41 war,
736 630 84 47 wie
857 646 47 29 er
932 637 122 38 sonst
1082 646 85 29 nur
1196 628 69 47 bei
1298 644 190 31 unseren
1517 627 141 48 Musik-

195 708 136 47 festen
359 724 55 30 zu
442 707 92 47 sein
564 706 155 65 pflegt,
748 705 89 48 und
865 721 119 32 zwar
1097 721 92 32 was
1218 706 42 46 in
1290 706 149 62 Bezug
1469 705 81 47 auf
1572 705 119 47 diese

195 785 211 47 letzteren
428 799 82 31 von
533 782 126 47 ihren
681 780 317 49 anordnenden
1025 781 208 47 Comite's
1256 781 312 63 Beherzigung
1597 796 71 31 ver-

194 858 122 49 dient
433 858 115 49 ohne
584 857 99 48 dass
725 857 290 64 europäische
1046 856 300 48 Celebritäten
1389 857 76 46 für
1507 872 183 31 enorme

194 935 219 48 Summen
780 928 182 51 worden
987 935 148 44 wären
1216 932 117 47 denn
1363 931 77 48 das
1469 932 52 46 ist
1543 932 48 62 ja
1614 931 80 47 der

193 1007 409 49 Kunst-Ausdruck
631 1006 85 49 den
744 1008 192 47 Fürsten
965 1007 76 48 des
1072 1009 228 63 Gesanges
1336 1006 264 66 gegenüber
1610 1034 81 29 —,

193 1102 74 31 um
298 1086 78 47 das
405 1083 236 50 Publicum
674 1084 282 49 anzuziehen.
1004 1086 154 45 Damit
1192 1084 79 47 soll
1310 1084 276 63 keineswegs
1615 1100 52 47 ge-

190 1168 101 56 sagt
317 1161 110 55 sein,
456 1159 100 50 dass
584 1159 71 49 die
677 1161 302 63 Sologesänge
1009 1162 40 46 in
1074 1159 79 47 der
1175 1159 182 49 Passion
1382 1159 119 47 nicht
1530 1159 138 47 befrie-

192 1236 166 64 digend
381 1243 297 57 vorgetragen
703 1236 181 47 worden
908 1239 174 50 wären;
1112 1236 57 47 im
1196 1236 282 62 Gegentheil,
1507 1234 70 49 die
1599 1237 61 46 Da-

194 1330 103 30 men
330 1313 152 47 Elise
523 1313 158 46 Saart
720 1327 82 32 von
844 1309 96 48 hier
983 1312 87 45 und
1114 1312 301 47 Francisca
1455 1310 238 49 Schreck

192 1406 85 30 von
303 1389 144 55 Bonn,
477 1388 71 47 die
575 1388 179 47 Herren
782 1388 133 47 Karl
943 1387 308 48 Schneider
1277 1404 84 31 von
1394 1388 297 56 Wiesbaden,

190 1464 155 47 dessen
373 1463 276 63 Auffassung
679 1463 90 48 und
792 1464 197 64 Vortrag
1012 1463 80 48 der
1115 1465 150 47 Partie
1286 1464 75 47 des
1379 1464 314 64 Evangelisten

189 1556 111 48 ganz
327 1539 277 48 vortrefflich
640 1540 67 55 ist,
749 1539 92 48 und
877 1539 229 48 Eduard
1134 1540 256 47 Sabbath
1434 1556 78 31 aus
1540 1540 151 47 Berlin

189 1620 226 60 genügten
443 1615 123 49 ihrer
593 1615 212 64 Aufgabe
842 1617 90 47 und
966 1633 136 47 sogar
1130 1617 241 47 theilweise
1402 1617 160 63 gewiss
1592 1617 74 47 bes-

188 1708 86 39 ser,
312 1693 62 47 als
409 1708 45 30 es
491 1693 314 47 theatralische
832 1693 271 63 Koryphäen
1133 1693 230 47 vermocht
1389 1693 177 54 hätten;
1610 1693 83 47 wir

188 1768 160 48 wollen
371 1768 141 48 damit
532 1785 86 31 nur
641 1769 253 55 feststellen,
923 1768 100 48 dass
1045 1769 122 47 nicht
1189 1785 153 47 grosse
1364 1770 194 57 Namen,
1589 1785 76 31 son-

190 1843 112 49 dern
330 1844 95 48 das
457 1844 170 49 Werk
656 1845 97 47 eine
773 1845 351 47 Zuhörerschaft
1145 1862 83 30 von
1251 1845 443 48 sechszehnhundert

188 1921 242 47 Menschen
454 1937 80 31 aus
556 1920 88 48 nah
669 1920 90 47 und
782 1921 93 47 fern
899 1920 356 65 herbeigezogen
1281 1921 135 50 hatte.
1449 1921 98 49 Und
1571 1921 119 49 diese

185 1996 352 49 Zuhörerschaft
576 1996 141 65 zeigte
753 1998 96 47 eine
893 1996 157 49 höchst
1083 2004 263 58 gespannte,
1375 1998 316 48 ausdauernde

188 2072 429 58 Aufmerksamkeit,
649 2074 65 62 ja,
743 2074 98 47 eine
870 2074 123 47 Stille
1023 2074 91 47 und
1143 2074 225 56 Andacht,
1406 2075 170 47 welche
1605 2074 86 48 den

185 2147 257 47 feierlichen
457 2147 231 49 Eindruck
703 2149 80 47 der
799 2149 144 47 Musik
969 2150 112 46 noch
1106 2150 265 47 vermehrte.
1394 2150 51 47 In
1468 2150 223 47 Aachen

183 2224 56 47 ist
267 2222 194 49 dieselbe
484 2224 184 48 Passion
703 2241 72 31 am
806 2225 190 63 Dinslag
1031 2224 85 48 den
1147 2224 47 49 3.
1223 2225 42 47 d.
1295 2227 99 45 Mts.
1425 2226 268 62 aufgeführt

184 2299 185 48 worden
401 2299 57 64 (in
489 2301 233 47 Bremen
759 2316 71 32 am
863 2300 285 65 Charfreilag
1176 2302 49 46 in
1256 2301 93 48 der
1379 2301 239 65 Kirche),
1648 2302 41 47 in

183 2375 294 49 Elberfeld
508 2376 110 47 wird
645 2377 63 47 sie
739 2377 74 46 für
842 2377 70 47 die
942 2377 179 47 nächste
1143 2379 98 45 Zeit
1262 2379 113 47 nach
1401 2377 165 49 Ostern
1590 2395 75 31 vor-

184 2452 212 56 bereitet;
425 2469 47 31 so
504 2453 182 47 werden
716 2453 116 47 denn
863 2453 70 49 die
962 2453 441 50 niederrheinischen
1427 2456 154 47 Städte
1611 2456 79 47 der

184 2528 127 50 Stadt
340 2530 247 47 Frankfurt
613 2547 71 31 am
715 2531 123 47 Main
866 2531 122 48 nicht
1017 2532 127 46 mehr
1173 2532 292 54 nachstehen,
1510 2533 40 46 in
1585 2533 78 46 wel-

183 2606 108 47 cher
319 2605 283 48 bekanntlich
641 2607 81 47 seit
761 2606 170 48 Jahren
971 2606 69 47 die
1070 2608 355 47 Passionsmusik
1455 2607 90 48 und
1575 2610 40 45 J.
1646 2610 44 47 S.

183 2682 160 47 Bach's
385 2683 334 63 Gesangwerke
762 2682 258 65 überhaupt
1068 2683 91 47 sich
1215 2685 120 47 eines
1377 2685 312 63 vorzüglichen

185 2758 158 47 Cultus
376 2758 219 49 erfreuen.
646 2760 109 47 Hier
783 2760 41 45 in
857 2761 117 47 Köln
1007 2760 127 53 wird,
1166 2760 56 48 da
1251 2761 70 47 die
1350 2761 107 47 zwei
1488 2762 173 46 Auffüh-

184 2851 175 48 rungen
401 2852 71 31 am
521 2837 346 62 Palmsonntage
908 2837 76 47 des
1026 2837 180 65 vorigen
1252 2837 88 48 und
1384 2837 76 48 des
1496 2838 193 65 jetzigen

180 2912 161 47 Jahres
369 2927 49 32 so
446 2927 152 47 grosse
628 2912 295 48 Theiinahme
951 2921 150 56 erregt
1131 2913 165 55 haben,
1340 2913 70 48 die
1439 2914 249 47 Matlhäus-

184 2988 180 47 Passion
394 2988 161 65 gewiss
576 2988 127 64 jedes
730 2989 114 47 Jahr
881 3005 56 31 an
973 2988 257 48 demselben
1261 2992 124 62 Tage
1426 2989 267 50 wiederholt

184 3063 197 48 werden.

298 3141 92 47 Das
413 3142 212 47 Personal
655 3141 80 48 der
757 3141 357 48 Ausführenden
1143 3142 142 47 zählte
1314 3160 54 30 an
1398 3142 293 49 vierhundert

184 3215 337 49 Mitwirkende:
548 3218 107 47 zwei
679 3213 262 60 Orchester,
969 3218 107 47 zwei
1106 3235 154 47 grosse
1285 3219 165 55 Chöre,
1479 3221 69 45 ein
1581 3221 86 47 klei-

181 3309 83 32 ner
294 3293 124 47 Chor
458 3292 193 66 (Sopran
689 3295 88 46 und
818 3295 73 47 Alt
933 3311 83 31 von
1053 3294 83 48 den
1167 3297 250 63 Zöglingen
1462 3295 76 49 des
1570 3297 87 48 Con-

180 3369 319 47 servatoriums
528 3369 247 65 gesungen)
819 3370 89 47 und
947 3372 69 45 ein
1049 3372 305 48 Knabenchor
1393 3372 196 48 bildeten
1619 3373 71 48 die

184 3448 296 54 Tonmassen,
528 3448 169 47 welche
736 3464 99 31 vom
889 3448 336 63 Capellmeister
1269 3449 111 47 Hill
1394 3466 57 31 er
1493 3450 80 47 mit
1610 3450 80 47 der

183 3523 250 47 Sicherheit
484 3523 87 47 und
617 3524 197 64 Energie
860 3524 180 64 geleitet
1082 3524 89 50 und
1213 3527 473 63 zusammengehalten

185 3599 202 56 wurden,
416 3599 70 48 die
518 3616 102 31 man
650 3616 53 30 an
734 3600 90 47 ihm
856 3600 212 64 gewohnt
1095 3602 64 47 ist.

297 3676 85 47 Die
411 3675 306 65 Ausführung
747 3693 96 32 war
940 3678 56 45 im
1029 3678 273 48 Verhältniss
1330 3697 50 29 zu
1413 3678 79 48 der
1523 3679 165 48 Grösse

189 3749 89 48 und
306 3751 338 64 Schwierigkeit
674 3751 80 47 der
782 3751 227 64 Aufgabe,
1048 3769 91 32 was
1178 3770 102 32 man
1312 3755 70 47 bei
1412 3770 47 32 so
1491 3754 174 49 kolossa-

187 3826 71 47 len
288 3828 202 47 Werken
521 3830 184 47 niemals
735 3847 154 30 ausser
918 3830 118 47 Acht
1070 3830 141 48 lassen
1241 3830 104 50 darf
1455 3833 127 47 recht
1610 3849 51 36 ge-

189 3904 164 63 lungen
383 3905 89 46 und
500 3905 41 47 in
569 3906 139 47 vielen
730 3906 197 49 Stücken
952 3906 182 47 vortreff
1147 3908 100 54 lich,
1277 3909 55 46 im
1360 3909 183 48 Ganzen
1567 3914 90 42 wür-

188 3977 73 65 dig
300 3979 90 47 und
418 3980 235 64 imposant,
696 3999 92 32 was
829 3983 114 48 auch
988 3983 70 48 die
1086 3984 189 48 Männer
1314 4002 98 30 vom
1443 3986 121 47 Fach
1603 3986 85 49 alle

188 4054 325 58 anerkannten,
542 4056 69 48 die
634 4057 118 50 nicht
776 4059 115 48 bloss
915 4075 79 32 aus
1018 4059 84 48 den
1126 4060 337 58 Rheinstädten,
1491 4061 195 50 sondern

1763 322 114 47 auch
1918 338 78 31 aus
2028 320 250 49 Westfalen
2321 320 89 48 und
2451 338 79 30 aus
2568 319 185 67 Belgien
2793 319 270 64 gekommen
3100 333 169 39 waren,

1763 415 75 29 um
1882 397 96 47 eine
2020 396 79 47 der
2136 401 202 59 grössten
2368 396 320 64 Schöpfungen
2718 396 76 46 des
2823 394 245 48 deutschen
3100 394 168 45 Genius

1765 474 175 47 kennen
1968 490 52 29 zu
2051 474 154 45 lernen
2245 471 112 48 oder
2391 472 92 47 sich
2514 472 266 47 wiederholt
2804 471 140 47 daran
2973 488 51 29 zu
3055 468 216 49 erbauen.

1764 550 105 47 Fast
1898 548 115 47 noch
2045 548 290 47 erfreulicher
2365 565 95 30 war
2503 565 80 29 uns
2625 547 110 48 aber
2763 547 70 47 die
2862 546 225 47 sichtbare
3116 545 129 47 Bestä-

1763 626 160 62 tigung
1959 623 80 47 der
2076 623 137 47 schon
2257 625 115 47 öfter
2408 640 81 32 von
2528 640 80 30 uns
2644 623 420 64 ausgesprochenen
3096 621 146 47 Ueber-

1763 717 223 47 zeugung,
2009 700 100 47 dass
2133 700 158 48 Bach's
2314 700 406 63 Gesangwerke
2751 700 39 45 in
2815 706 131 56 guter
2964 697 302 64 Ausführung

1764 776 119 47 nicht
1914 776 115 47 bloss
2058 776 70 47 die
2150 777 185 46 Kenner
2358 776 88 47 und
2470 776 202 47 Musiker
2692 792 79 30 zur
2794 773 354 64 Bewunderung
3176 781 72 39 ent-

1765 853 227 55 flammen,
2020 853 193 46 sondern
2244 853 114 47 auch
2389 852 78 47 das
2498 852 195 48 Gemüth
2725 852 79 47 der
2833 852 141 46 durch
3006 849 265 65 allgemeine

1764 928 195 64 Bildung
2000 945 86 30 nur
2123 928 257 64 überhaupt
2424 929 74 46 für
2526 927 147 49 Musik
2714 927 363 65 empfänglichen
3106 927 165 63 Menge

1763 1004 81 47 tief
1867 1004 214 64 aufregen
2122 1004 88 47 und
2240 1006 41 45 in
2312 1006 98 45 eine
2438 1004 141 47 durch
2611 1004 70 47 die
2710 1003 194 47 edelsten
2937 1003 214 55 Gefühle,
3194 1002 52 47 de-

1764 1097 79 31 ren
1874 1079 79 47 der
1982 1081 183 47 Mensch
2206 1081 123 63 fähig
2368 1081 68 54 ist,
2480 1079 236 65 gehobene
2746 1081 259 62 Stimmung
3033 1084 237 41 versetzen.

1763 1156 256 64 Allerdings
2061 1157 141 48 bleibt
2244 1157 113 48 auch
2399 1157 79 48 das
2507 1157 330 54 Kunst-Genie,
2880 1156 78 47 das
3000 1154 90 47 sich
3120 1156 43 47 in
3193 1154 81 49 der

1765 1233 277 47 unerhörten
2071 1233 277 65 Polyphonie
2377 1233 159 48 Bach's
2565 1232 242 54 offenbart,
2846 1230 122 49 nicht
2996 1230 118 47 ohne
3142 1230 131 47 einen

1764 1310 218 63 gewissen
2025 1309 298 64 imposanten,
2371 1310 62 47 oft
2467 1308 417 65 überwältigenden
2921 1307 232 47 Eindruck
3196 1307 81 47 auf

1764 1385 71 47 die
1865 1387 182 62 Menge,
2084 1385 183 47 obwohl
2306 1385 62 47 sie
2410 1385 85 47 den
2535 1387 42 45 in
2607 1385 216 49 einander
2852 1384 263 48 lliessenden
3147 1384 102 47 Strö-

1765 1477 198 48 mungen
1992 1460 235 49 derselben
2257 1462 122 47 nicht
2405 1478 51 31 zu
2490 1463 146 62 folgen
2667 1462 57 45 im
2756 1462 170 45 Stande
2954 1462 77 53 ist;
3061 1460 113 47 aber
3195 1459 80 48 das

1765 1537 236 64 eigentlich
2028 1538 117 65 ewig
2166 1538 265 56 Dauernde,
2461 1538 79 48 das
2564 1537 314 49 Unsterbliche
2901 1538 41 46 in
2964 1537 152 48 seinen
3134 1537 105 48 Wer-

1766 1613 85 48 ken
1881 1614 54 47 ist
1963 1613 78 48 das
2070 1614 329 65 Idealgeistige,
2439 1614 79 48 das
2560 1631 50 31 er
2652 1615 57 46 im
2739 1613 212 48 Schaffen
2981 1611 76 49 des
3086 1611 162 50 Melodi-

1765 1690 136 47 schen
1931 1690 92 47 und
2053 1689 44 48 in
2125 1690 80 48 der
2235 1690 310 65 Vereinigung
2573 1690 232 48 desselben
2837 1690 79 47 mit
2944 1689 100 48 dem
3074 1690 168 47 Harmo-

1764 1765 180 48 nischen
1989 1766 83 47 wie
2114 1768 169 45 Keiner
2324 1765 244 56 offenbart,
2610 1765 89 48 und
2743 1765 79 47 der
2850 1764 241 48 Ausdruck
3134 1764 141 49 dieses

1763 1841 174 50 idealen
1965 1844 275 56 Elementes,
2279 1844 78 47 das
2386 1859 84 33 von
2499 1844 134 48 innen
2662 1844 166 47 heraus
2856 1843 122 47 seine
3007 1843 269 48 Tonweisen

1763 1919 205 63 gestaltet
2010 1921 89 45 und
2142 1920 121 47 seine
2302 1919 370 65 Empfindungen
2710 1919 210 54 verklärt,
2961 1919 54 47 ist
3055 1934 45 32 es
3142 1919 133 54 eben,

1763 1995 157 48 dessen
1947 1996 261 64 zwingende
2239 1998 175 47 Gewalt
2445 1998 81 47 auf
2547 1998 79 47 das
2648 1998 162 45 Innere
2840 1995 77 48 des
2942 1998 174 45 Hörers
3146 1996 129 47 einen

1765 2071 452 50 unwiderstehlichen
2257 2072 182 49 Zauber
2483 2072 96 56 übt,
2620 2072 114 49 auch
2779 2071 81 48 auf
2894 2071 268 65 diejenigen,
3205 2071 71 48 die

1764 2147 117 47 ohne
1910 2149 288 63 eigentliches
2230 2149 329 47 musicalisches
2591 2150 181 47 Wissen
2810 2147 92 47 sich
2941 2165 85 29 nur
3055 2147 189 47 unbefan-

1764 2241 84 46 gen
1890 2226 88 46 und
2017 2226 143 46 reines
2191 2226 158 46 Sinnes
2379 2226 69 46 ihr
2479 2226 225 62 hingeben
2737 2224 89 48 und
2854 2224 62 47 sie
2945 2225 81 47 auf
3048 2225 91 47 sich
3171 2226 78 45 wir-

1764 2300 84 47 ken
1881 2301 156 47 lassen.
2067 2301 99 48 Und
2199 2318 45 30 es
2267 2301 52 47 ist
2342 2301 176 64 gewiss,
2550 2319 74 29 um
2655 2301 174 47 dieses
2862 2300 313 48 Verständniss
3200 2302 75 46 für

1763 2377 120 47 Bach
1921 2395 51 29 zu
2004 2379 255 63 gewinnen,
2307 2377 78 49 das
2428 2380 79 46 mit
2549 2379 99 47 dem
2695 2377 457 65 contrapunktischen
3194 2394 82 48 gar

1761 2453 144 47 nichts
1929 2453 110 49 oder
2067 2453 115 49 doch
2212 2471 87 31 nur
2325 2455 104 47 sehr
2453 2455 148 63 wenig
2629 2473 51 29 zu
2711 2455 111 47 thun
2850 2455 91 53 hat,
2972 2461 198 39 mussten
3193 2455 83 47 wir

1764 2537 90 40 erst
1888 2530 141 48 durch
2072 2531 70 47 die
2178 2547 140 49 ganze
2349 2531 559 63 Entwicklungs-Periode
2940 2546 184 32 unserer
3153 2532 92 46 Ton-

1764 2606 147 57 kunst,
1944 2607 65 65 ja,
2052 2608 113 49 auch
2206 2624 184 31 unserer
2419 2608 229 49 Literatur
2686 2607 86 48 und
2805 2616 280 56 gcsammlen
3115 2607 162 48 Cultur

1764 2683 387 66 hindurchgehen.
2182 2687 104 46 Erst
2314 2685 219 55 dadurch,
2565 2686 101 47 dass
2695 2685 120 48 nicht
2838 2701 134 32 unser
2997 2685 251 48 berechnen-

1763 2760 80 48 der
1872 2762 376 56 Musikverstand,
2288 2761 193 48 sondern
2526 2779 134 31 unser
2688 2762 388 47 schlummerndes
3105 2762 142 47 Musik-

1764 2837 157 64 gefühl
1962 2837 140 48 durch
2142 2838 181 65 Haydn,
2365 2840 171 47 Mozart
2577 2838 89 47 und
2706 2838 255 49 Beethoven
2992 2855 48 30 so
3071 2837 205 66 geweckt

1764 2913 90 48 und
1883 2930 48 31 so
1961 2916 301 47 vollkommen
2292 2914 254 49 entwickelt
2577 2916 184 48 worden
2793 2916 68 56 ist,
2899 2916 84 47 wie
3012 2932 45 31 es
3087 2916 69 47 die
3188 2916 58 48 Ge-

1760 2991 250 47 schlechter
2039 2991 80 48 der
2149 2992 212 47 früheren
2387 2992 341 47 Jahrhunderte
2765 2992 134 47 kaum
2944 2992 184 55 ahnten,
3175 2992 98 47 sind

1761 3067 82 46 wir
1885 3067 205 66 befähigt
2132 3068 203 56 worden,
2377 3068 43 47 in
2462 3068 71 47 die
2570 3069 126 47 Tiefe
2737 3068 76 47 des
2851 3069 185 56 Bornes,
3081 3069 79 46 der
3203 3068 68 47 bei

1761 3143 122 48 Bach
1914 3146 142 63 quillt,
2098 3144 98 49 klar
2232 3144 67 49 bis
2339 3146 83 47 auf
2453 3144 87 47 den
2572 3146 155 48 Grund
2758 3163 51 30 zu
2838 3146 198 47 schauen
3067 3146 90 47 und
3191 3162 80 31 uns

1761 3236 56 32 an
1844 3221 103 48 dem
1977 3223 116 62 ewig
2122 3222 192 48 frischen
2343 3221 154 49 Trank
2527 3238 80 32 aus
2636 3222 101 48 dem
2771 3219 420 68 unerschöpflichen
3219 3241 51 29 zu

1760 3297 151 57 laben,
1935 3299 216 47 während
2175 3299 121 47 seine
2316 3299 319 63 Zeitgenossen
2660 3316 78 30 vor
2767 3299 196 49 hundert
2981 3299 172 50 Jahren
3177 3301 98 47 ihre

1760 3389 140 47 ganze
1924 3374 353 65 Bewunderung
2305 3375 76 47 des
2406 3377 147 45 Heros
2584 3377 83 47 fast
2693 3392 88 32 nur
2812 3377 81 47 auf
2914 3377 93 47 sein
3036 3378 208 64 ungeheu-

1761 3467 69 30 res
1868 3452 312 48 Kunstwissen
2225 3450 90 50 und
2357 3452 121 48 seine
2527 3452 280 66 beispiellose
2845 3454 429 64 contrapunktische

1760 3527 199 49 Technik
1989 3528 266 65 gründeten.

1873 3607 60 45 So
1963 3605 224 49 erscheint
2216 3605 116 49 denn
2358 3605 219 56 wirklich,
2608 3608 83 46 wie
2716 3607 149 47 Göthe
2894 3623 83 32 von
3008 3605 79 49 der
3115 3608 158 47 Poesie

1759 3688 115 58 sagt,
1905 3682 114 48 auch
2042 3682 43 48 in
2109 3682 80 48 der
2212 3682 236 48 Tonkunst
2471 3682 79 48 das
2573 3682 195 57 Schöne,
2798 3682 77 49 das
2906 3683 41 48 in
2972 3683 158 49 Bach's
3165 3685 85 55 „tie-

1761 3758 64 47 fer
1853 3759 136 47 Brust
2423 3767 89 39 erst
2546 3759 123 64 jetzt,
2723 3776 99 38 „wo
2865 3777 44 32 es
2949 3760 142 49 durch
3134 3762 141 47 Jahre

1760 3835 431 66 durchgedrungen,
2219 3836 41 46 in
2292 3836 274 47 vollendeter
2600 3838 193 45 Gestalt:

1911 3919 108 34 Was
2058 3918 190 46 glänzt,
2286 3919 50 33 ist
2363 3919 61 34 für
2452 3917 69 35 den
2551 3918 236 46 Augenblick
2817 3920 174 45 geboren.

1911 3979 92 34 Das
2032 3979 150 35 Echte
2212 3977 151 37 bleibt
2393 3978 81 35 der
2502 3979 248 35 Nachwelt
2788 3981 328 36 unverloren.*
