3459 4343
1656 178 100 49 119

154 319 72 36 gen
255 306 195 35 derselben
480 306 231 47 vollständig
741 307 146 46 hinweg
918 307 76 34 und
1023 308 70 35 riss
1124 320 36 23 es
1190 322 83 23 zum
1302 310 250 38 lebhaftesten
1580 315 62 34 Bei-

160 368 67 35 fall
254 367 76 35 hin.
374 367 69 34 Bei
470 367 64 34 der
569 366 86 34 übei
663 367 278 35 schäumenden
968 367 175 35 Tonfülle
1171 369 216 38 Schuberts
1429 374 109 35 sollte
1579 388 86 24 man

157 427 79 36 sich
267 426 190 35 durchaus
485 426 86 34 ksin
590 426 191 34 Gewissen
811 426 139 34 daraus
979 426 168 46 machen,
1177 430 80 33 eine
1278 433 216 46 verständig
1521 446 120 24 maass-

158 485 167 48 gebende
352 486 191 43 Revision,
583 484 58 35 die
669 496 39 22 er
736 484 120 35 selbst
882 485 38 33 in
950 485 154 35 reiferen
1130 487 142 35 Jahren
1301 491 118 34 sicher
1446 504 195 34 vorgenom-

157 558 85 23 men
268 545 121 35 haben
418 543 138 45 würde,
585 543 137 34 walten
750 555 48 22 zu
824 543 138 45 lassen,
993 545 46 34 da
1068 547 99 33 seine
1195 547 141 36 Sachen
1365 552 111 33 meist
1503 552 65 36 der
1594 555 70 35 Art

158 605 234 46 ausgedehnt
427 603 96 42 sind,
566 602 86 34 dass
698 602 58 34 die
783 602 249 47 Verkürzung
1074 605 93 35 ohne
1208 607 72 35 alle
1307 609 358 51 Beeinträchtigung

157 664 130 46 irgend
316 665 99 33 eines
443 661 142 36 Motivs
614 661 101 34 Statt
748 661 123 35 finden
897 663 113 35 kann.

232 724 72 33 Die
330 722 115 35 Wahl
471 722 65 33 des
565 721 377 45 Doppel-Quartettes
970 735 72 23 von
1083 724 152 47 Spohr
1276 728 70 34 soll
1391 729 81 34 dem
1500 731 141 36 Verneh-

157 794 83 24 men
268 781 99 35 nach
395 783 51 32 im
471 781 120 33 Käthe
628 781 64 35 der
718 782 345 36 Kammermusiker
1103 785 247 36 beanstandet
1386 789 146 34 worden
1565 793 99 42 sein;

155 853 90 32 nun,
276 853 107 22 wenn
413 840 82 35 dem
525 840 169 35 wirklich
724 841 80 34 also
831 842 61 42 ist,
936 853 40 24 so
1014 842 121 37 haben
1165 845 221 48 diejenigen,
1425 849 139 35 welche
1593 851 69 35 den

156 900 218 45 Ausschlag
403 899 111 35 dafür
541 900 179 45 gegeben,
748 903 80 31 eine
856 901 91 35 über
974 903 74 35 alle
1076 905 174 34 Maassen
1278 907 206 44 glänzende
1513 910 125 47 Genug-

155 960 149 44 thuung
346 960 181 43 erhalten,
570 960 122 34 indem
736 960 64 34 das
828 961 202 35 Publicum
1071 963 63 35 der
1164 964 255 47 Composition
1449 970 75 33 und
1553 971 108 35 deren

155 1019 286 35 vortrefflichem
472 1020 169 44 Vortrag,
671 1020 59 35 bei
758 1021 178 33 welchem
964 1022 97 34 Herr
1089 1022 261 38 Grunwald
1379 1039 46 22 an
1454 1028 64 34 der
1545 1034 119 31 ersten

156 1079 148 35 Violine
341 1079 79 36 sich
463 1079 117 35 selbst
619 1080 174 34 übertraf
828 1080 79 34 und
944 1081 72 33 alle
1045 1081 101 36 Welt
1174 1085 210 42 entzückte,
1419 1087 65 33 mit
1514 1087 63 35 der
1604 1101 41 33 ge-

156 1142 239 43 spanntesten
424 1139 245 34 Theilnahme
707 1140 76 34 und
825 1139 246 35 sichtbarster
1097 1141 268 47 Befriedigung
1392 1145 171 36 lauschte
1590 1149 76 34 und

151 1199 110 43 jeden
290 1199 87 34 Satz
405 1200 68 32 mit
500 1198 253 34 schallendem
770 1198 169 45 Applaus
967 1199 192 35 aufnahm.
1188 1202 130 44 Fügen
1348 1204 67 33 wir
1435 1204 80 35 hier
1537 1206 127 47 hinzu,

155 1269 76 23 was
260 1258 142 33 Riehl
428 1259 51 32 im
501 1258 162 33 Verlauf
687 1256 64 35 des
773 1258 200 34 Aufsatzes
1002 1259 92 34 über
1110 1259 132 46 Spohr,
1271 1272 69 24 aus
1369 1262 81 35 dem
1480 1266 66 32 wir
1572 1265 94 36 oben

156 1317 106 34 einen
291 1317 158 44 Auszug
476 1315 183 47 gegeben,
700 1315 98 35 noch
842 1327 45 23 an
925 1317 102 34 einer
1055 1318 159 35 anderen
1243 1319 114 36 Stelle
1384 1323 37 32 in
1449 1323 127 47 Bezug
1602 1326 71 33 auf

156 1377 131 34 dessen
316 1377 227 34 Virtuosität
569 1375 78 35 und
673 1376 547 48 Instrumental-Composition
1249 1386 106 41 sagt:
1400 1383 73 42 „Es
1501 1384 63 46 lag
1590 1385 76 35 ihm

155 1441 94 38 fern,
294 1435 59 35 die
381 1435 357 46 Ueberlieferungen
765 1435 63 36 des
856 1437 229 36 classischen
1113 1439 263 38 Kammerstils
1404 1454 47 23 zu
1480 1455 167 34 zerspren-

155 1507 73 34 gen
256 1493 116 36 durch
403 1495 102 34 seine
521 1495 241 44 Virtuosität,
792 1507 39 23 er
855 1496 126 35 wollte
1000 1498 52 33 sie
1080 1510 71 23 nur
1167 1500 220 45 verjüngen,
1417 1503 249 49 auffrischen,

155 1555 273 42 romantisiren,
455 1554 77 34 und
561 1557 116 31 setzte
703 1555 78 34 und
808 1555 132 46 spielte
967 1557 37 34 in
1032 1557 138 35 diesem
1199 1558 122 36 Sinne.
1367 1561 51 34 Er
1445 1562 124 34 führte
1598 1562 66 35 das

157 1614 173 43 Quartett
356 1625 69 23 aus
454 1613 82 35 dem
565 1615 130 33 Hause
722 1615 63 34 der
811 1615 285 36 Kunstfreunde
1132 1618 39 33 in
1207 1617 71 35 den
1305 1630 156 34 grossen
1489 1620 155 35 Concert-

156 1674 92 42 saal,
276 1673 90 36 aber
392 1685 39 23 er
459 1675 177 34 verstiess
672 1674 66 34 das
768 1674 173 43 Quartett
981 1675 116 45 nicht,
1140 1677 97 35 nach
1275 1690 122 24 neuen
1440 1681 227 34 unerhörten

155 1735 157 34 Formen
341 1734 155 34 lüstern.
549 1734 51 34 Er
626 1733 122 35 fühlte
775 1733 110 43 wohl,
929 1733 84 36 dass
1057 1736 57 33 ein
1143 1736 282 44 Solo-Quartett
1467 1741 199 45 eigentlich

156 1794 58 34 ein
236 1794 268 45 Widerspruch
533 1795 36 32 in
600 1793 80 36 sich
706 1795 61 42 ist,
796 1794 82 34 weil
908 1794 65 35 das
997 1794 177 42 Quartett
1202 1797 89 35 eben
1320 1810 72 24 nur
1419 1801 80 34 vier
1525 1801 122 45 gleich-

154 1853 234 46 berechtigte
426 1854 193 42 Stimmen,
661 1853 155 45 folglich
857 1853 110 35 keine
1004 1855 231 47 bevorzugte
1264 1857 234 38 Solostimme
1538 1862 118 34 kennt

155 1912 123 35 Allein
308 1924 39 23 er
373 1912 189 35 verhüllte
590 1924 170 34 sorgsam
790 1912 125 35 diesen
943 1913 281 47 Widerspruch,
1261 1917 124 35 indem
1426 1930 38 23 er
1491 1919 71 35 den
1591 1918 77 38 drei

155 1971 260 46 begleitenden
445 1972 178 34 Stimmen
661 1974 49 32 im
737 1973 113 33 Reize
878 1974 75 33 fein
982 1985 304 33 ausgesonnener
1311 1977 281 38 Modulationen
1621 1992 47 23 zu

155 2036 166 31 ersetzen
349 2032 145 43 suehte,
536 2043 77 24 was
654 2033 53 34 sie
736 2044 47 22 an
811 2032 601 47 melodisch-contrapunktischer
1440 2038 210 36 Selbststän-

156 2091 145 46 digkeit
329 2103 46 23 zu
403 2093 172 33 Gunsten
605 2091 64 35 der
690 2091 237 35 Solostimme
955 2092 200 36 verloren.*
1155 2097 7 14 4
1250 2095 84 35 Und
1362 2107 85 23 zum
1465 2097 198 36 Schlüsse:

157 2152 65 41 „In
251 2152 101 34 einer
379 2153 95 42 Zeit,
514 2162 58 23 wo
600 2162 86 23 man
714 2163 39 21 es
783 2151 115 33 kaum
925 2152 106 34 mehr
1059 2157 134 41 wagte,
1233 2156 80 33 eine
1357 2167 118 34 ganze
1504 2157 165 35 Sinfonie

155 2222 47 22 an
230 2211 118 33 einem
377 2210 336 34 Concert-Abende
740 2221 48 23 zu
816 2211 154 45 spielen,
1017 2211 158 36 sondern
1204 2213 203 36 höchstens
1447 2216 57 34 ein
1532 2228 114 34 ausge-

154 2269 157 35 wähltes
339 2269 148 46 Adagio
515 2269 88 34 oder
631 2268 175 46 Scherzo,
849 2281 57 23 wo
935 2270 66 34 das
1031 2268 174 45 Quartett
1233 2273 81 34 sich
1342 2286 69 33 gar
1438 2275 230 35 verkrochen

154 2330 102 34 hatte
283 2331 37 32 in
357 2329 65 34 das
459 2330 100 34 stille
586 2330 253 34 Kämmerlein
879 2331 331 35 alterthümelnder
1236 2333 222 43 Liebhaber,
1503 2348 57 22 wo
1586 2337 55 35 Mo-

153 2394 80 30 zart
260 2390 104 35 mehr
391 2390 77 35 und
496 2390 114 45 mehr,
657 2390 124 35 Gluck
820 2391 77 33 fast
932 2402 95 34 ganz
1056 2403 71 24 von
1157 2393 65 34 der
1249 2394 131 34 Bühne
1409 2396 257 47 verschwand,

154 2460 56 24 wo
239 2450 119 35 selbst
386 2452 130 44 eifrige
545 2450 245 35 Classicisten
819 2450 181 36 Händel's
1030 2451 254 47 Sologesänge
1323 2455 60 34 für
1425 2456 99 34 alten
1552 2457 92 34 Plun-

155 2509 64 34 der
248 2509 139 35 hielten
416 2510 76 34 und
520 2511 103 33 Bach
659 2511 117 34 kaum
818 2511 105 35 mehr
965 2514 164 42 genannt
1169 2512 139 45 wurde,
1349 2525 56 24 wo
1434 2514 57 35 die
1522 2516 146 35 Musik-

154 2569 208 45 Zeitungen
390 2571 93 33 statt
511 2570 198 36 trockener
735 2571 128 34 Kritik
904 2571 117 35 lieber
1048 2572 326 36 Kunst-Novellen
1401 2574 76 34 und
1504 2575 142 35 Feuille-

152 2629 221 45 ton-Spässe
401 2629 194 44 brachten,
632 2642 57 23 wo
717 2631 57 34 die
802 2634 292 44 Arrangements
1124 2633 64 35 der
1216 2632 189 35 wälschen
1435 2634 98 46 Oper
1559 2634 109 35 nebst

155 2688 245 46 Tanzmusik,
420 2689 241 35 Variationen
678 2691 76 33 und
772 2690 210 36 ähnlichem
999 2693 116 33 Kram
1133 2692 58 35 die
1207 2693 233 35 Dilettanten
1458 2695 75 32 fast
1551 2694 111 34 allein

151 2749 97 35 noch
275 2750 189 42 fesselten,
502 2762 56 23 wo
586 2751 37 33 in
652 2752 71 33 Stil
752 2751 76 34 und
857 2752 87 34 Satz
981 2752 64 35 der
1073 2752 396 47 Mode-Componisten
1499 2756 80 33 eine
1606 2755 61 33 nie

153 2809 144 35 erhörte
339 2808 328 47 Leichtfertigkeit
711 2810 78 35 und
824 2811 149 34 Sudelei
1017 2811 230 46 eingerissen
1287 2823 77 23 war
1469 2814 37 33 in
1548 2812 120 35 dieser

151 2868 258 35 schlimmsten
438 2870 94 42 Zeit,
576 2873 96 31 etwa
716 2881 63 23 um
826 2871 67 34 das
930 2870 96 36 Jahr
1071 2871 109 45 3820,
1221 2872 80 45 galt
1337 2871 121 46 Spohr
1503 2872 56 34 als
1604 2872 65 35 der

153 2931 195 42 strengste,
393 2930 254 44 geschulteste
692 2933 110 32 unter
843 2931 69 35 den
950 2932 184 45 jüngeren
1173 2932 281 35 Romantikern.
1508 2932 158 34 Solchen

155 2988 124 34 Ruhm
307 2990 134 34 suchte
469 3001 39 23 er
534 2991 38 33 in
602 2991 106 34 Wort
732 2991 77 34 und
838 2992 98 33 That
966 3003 47 22 zu
1041 2992 223 45 behaupten,
1308 2991 78 34 und
1414 2992 80 33 sein
1524 2992 144 33 Urtheil

155 3048 118 46 klang
300 3049 131 35 darum
458 3050 105 35 nicht
590 3051 201 46 allerwege
818 3063 41 23 so
887 3052 101 44 mild,
1030 3052 69 34 wie
1127 3050 183 36 Weber's.
1360 3050 80 36 Wir
1467 3051 83 34 sind
1579 3052 71 33 seit-

155 3109 82 35 dem
266 3121 47 23 zu
339 3111 136 34 manch
505 3112 173 34 anderem
707 3112 237 34 Grundsatze
970 3112 93 34 über
1090 3111 58 35 die
1177 3111 232 35 ästhetische
1430 3110 174 35 Reinheit
1629 3111 38 33 in

155 3168 64 36 der
247 3170 202 35 Tonkunst
476 3172 234 45 gekommen,
738 3172 78 34 und
843 3172 143 34 allerlei
1004 3171 177 46 Eigenart
1209 3170 64 35 der
1293 3170 251 45 Spohr'schen
1563 3170 82 35 Satz-

153 3231 125 45 weise,
309 3230 59 35 die
396 3243 67 23 vor
492 3233 141 45 vierzig
654 3232 142 34 Jahren
824 3231 269 45 mustergültig
1121 3230 182 45 erschien,
1331 3231 121 34 dünkt
1478 3242 71 23 uns
1573 3231 95 44 jetzt

152 3289 204 37 manierirt.
409 3291 77 34 Für
525 3292 102 33 seine
656 3293 82 33 Zeit
776 3292 88 34 aber
893 3303 76 23 war
996 3291 64 35 der
1087 3292 154 33 Meister
1270 3292 57 33 ein
1358 3290 187 46 würdiges
1572 3292 69 33 Vor-

151 3347 80 36 bild
259 3353 111 31 unter
395 3349 70 35 den
487 3351 187 46 jüngeren
703 3352 205 43 Genossen,
938 3353 58 33 ein
1024 3352 113 33 Mann
1167 3350 64 35 des
1261 3350 164 39 höheren
1454 3351 78 35 und
1559 3351 83 35 idea-

150 3407 102 36 leren
281 3408 176 36 Strebens
501 3422 68 23 vor
612 3412 120 34 vielen
761 3412 185 46 Anderen,
989 3412 77 34 und
1111 3410 66 36 das
1214 3411 136 35 sollten
1385 3412 69 34 wir
1489 3413 94 33 stets
1627 3412 37 33 in

153 3467 233 38 dankendem
415 3469 274 37 Gedächtnisse
717 3471 178 36 behalten
913 3474 16 15 44

229 3633 247 38 Crefeilt.
528 3638 77 33 Der
643 3636 80 35 Ins
738 3641 187 30 trumen
941 3634 275 35 tal-Verein
1231 3661 8 17 ,
1283 3633 63 36 der
1379 3633 80 35 sich
1487 3633 80 34 hier
1594 3633 71 34 seit

151 3693 151 46 Anfang
344 3694 64 35 des
452 3696 167 35 Winters
659 3708 70 23 aus
772 3697 120 34 einem
920 3696 134 34 Kreise
1095 3694 224 36 strebsamer
1353 3695 138 45 junger
1518 3694 123 34 Musik-

151 3754 156 35 freunde
334 3754 167 45 gebildet
529 3756 76 45 hat,
634 3757 58 35 die
719 3756 80 36 ihre
827 3756 293 38 Mussestunden
1150 3759 108 31 unter
1275 3755 160 45 Leitung
1462 3754 63 35 des
1545 3754 120 34 Herrn

149 3814 340 36 Musik-Directors
518 3816 45 34 G.
591 3817 178 46 Rieger
810 3815 64 36 der
903 3816 127 45 Pflege
1070 3816 63 36 der
1161 3816 199 35 Tonkunst
1386 3814 171 47 widmen,
1600 3814 65 34 hat

151 3873 121 36 durch
314 3875 92 34 zwei
444 3874 198 36 Soireen
682 3878 52 32 im
773 3876 115 35 Hotel
917 3876 44 35 de
989 3877 38 34 la
1054 3876 169 35 Redoute
1265 3876 74 45 (die
1374 3875 111 34 letzte
1514 3885 59 23 am
1602 3872 61 39 27.

149 3934 122 46 März)
297 3934 138 37 bereits
462 3946 130 35 grosse
621 3934 245 38 Theilnahme
896 3941 123 41 erregt
1063 3937 78 35 und
1181 3937 51 34 ist
1258 3936 77 35 ihm
1362 3934 198 36 Ausdauer
1587 3934 76 34 und

149 3993 239 38 beharrliche
415 3996 233 47 Verfolgung
675 3996 101 35 einer
803 4000 149 35 ernsten
981 3997 195 47 Richtung
1204 4009 47 23 zu
1278 3995 213 37 wünschen.

1814 313 202 49 Mainz,
2047 315 60 38 26.
2135 318 119 34 März.
2302 318 191 35 Mittwoch
2524 319 68 36 den
2621 320 45 37 21
2709 322 105 35 März
2858 324 75 44 gab
2973 324 58 34 die
3070 325 160 39 mainzer

1736 373 224 37 Liedertafel
1987 376 76 34 und
2091 377 62 34 der
2181 378 435 45 Damengesang-Verein
2661 385 109 33 unter
2797 383 165 45 Leitung
3002 384 100 35 ihres
3129 386 80 35 Diri-

1734 436 148 41 genten,
1913 434 63 35 des
2002 436 117 35 Herrn
2147 437 252 34 Friedrich
2430 438 245 48 Marpurg,
2704 442 50 34 im
2783 442 241 37 Casinosaale
3053 445 58 34 ein
3137 445 67 36 Ver-

1736 491 256 37 eins-Concert
2018 496 66 31 mit
2127 506 164 34 grossem
2334 496 208 37 Orchester.
2597 499 75 35 Des
2996 506 233 37 sämmtliche

1734 550 200 35 Nummern
1976 564 122 22 waren
2120 553 303 46 Compositionen
2461 567 74 23 von
2562 557 223 38 Beethoven.
2838 562 107 37 Erste
2971 562 256 50 Abtheilung:

1738 607 31 37 1.
1799 609 135 35 Grosse
1964 611 212 35 Ouvertüre
2205 625 67 22 zur
2552 615 33 35 2.
2615 617 200 48 Opferlied,
2842 623 96 34 Text
2965 635 72 24 von
3069 636 31 26 v.
3129 627 73 36 Mat-

1733 666 136 44 thison,
1897 669 60 34 für
1986 669 84 35 Solo
2096 670 77 35 und
2200 671 112 36 Chor.
2340 671 21 36 3
2395 672 168 46 Sinfonia
2591 678 119 32 eroicci
2738 679 77 43 (Nr.
2833 678 33 43 3,
2889 682 141 35 Es-dur
3034 685 28 44 ).
3089 687 140 36 Zweite

1734 726 244 47 Abtheilung.
2006 727 69 36 Die
2100 730 143 34 Ruinen
2270 741 71 24 von
2374 731 135 35 Athen.
2564 735 104 34 Nach
2705 736 82 35 dem
2825 738 270 40 dramatischen
3123 746 84 35 Fest-

1734 786 117 44 spiele
1880 799 71 22 von
1979 788 194 35 Kotzebue
2201 791 67 32 mit
2295 792 283 34 verbindendem
2598 794 180 36 Gedichte
2804 799 58 33 für
2879 799 205 47 Orchester,
3109 804 120 36 Chöre

1734 844 77 33 und
1840 844 88 37 Soli.
1966 846 76 34 Der
2068 847 238 45 Gegenstand
2333 851 50 33 ist
2408 851 95 33 nach
2534 852 63 34 der
2622 864 118 24 neuen
2768 856 269 49 Bearbeitung:
3065 863 140 46 Inaugu-

1734 905 123 33 ration
1887 905 63 34 des
1980 917 116 23 neuen
2123 907 301 46 Griechenlands,
2454 910 66 34 das
2548 912 95 33 nach
2663 913 230 49 Abwerfung
2921 917 62 36 des
3011 921 214 37 türkischen

1734 963 140 35 Joches
1904 966 70 32 auf
1999 966 68 33 den
2096 966 144 33 Ruinen
2270 978 71 22 von
2370 968 119 34 Athen
2520 972 217 34 entstanden
2764 974 64 34 ist.

1811 1024 80 34 Von
1920 1025 68 34 den
2026 1025 115 35 durch
2185 1025 69 35 den
2293 1037 118 23 neuen
2440 1028 169 35 Director
2649 1031 63 34 des
2754 1032 164 47 hiesigen
2947 1037 283 50 Stadttheaters,

1734 1084 120 33 Herrn
1883 1084 64 35 Dr.
1978 1086 36 32 II
2028 1085 66 34 all
2107 1085 176 43 wachs,
2324 1086 339 47 vorgeschlagenen
2693 1089 226 39 Candidaten
2960 1097 60 34 für
3046 1098 58 36 die
3130 1101 80 34 Diri-

1734 1143 273 44 genten-Stelle
2035 1144 63 34 des
2127 1144 399 37 Theater-Orchesters
2568 1148 65 33 hat
2668 1149 66 35 das
2762 1154 372 42 gemeinderäthliche
3163 1160 44 37 Co-

1736 1204 88 33 mite
1851 1207 147 41 gestern
2028 1205 68 34 den
2123 1206 120 35 Herrn
2273 1206 282 47 Capellmeister
2581 1209 254 37 Friedrich
2864 1215 229 48 Marpurg
3121 1220 94 43 (Diri-

1736 1264 134 41 genten
1899 1261 63 35 der
1988 1263 225 35 Liedertafel
2239 1265 75 34 und
2343 1266 63 35 des
2435 1268 474 49 Damengesang-Vereins)
2936 1276 176 44 gewählt.
3147 1279 87 35 Man

1738 1321 85 34 darf
1846 1321 98 34 wohl
1972 1322 134 44 hoffen,
2152 1323 85 35 dass
2265 1324 213 47 Marpurg's
2522 1329 208 34 anerkannt
2770 1331 170 47 tüchtige
2975 1334 76 35 und
3079 1336 137 47 eingrei-

1738 1380 108 34 fende
1875 1381 164 45 Leitung
2077 1383 59 33 für
2175 1383 66 33 das
2283 1383 197 37 Orchester
2519 1397 71 24 von
2630 1390 275 35 wesentlichem
2940 1392 172 38 Votheile
3157 1399 78 34 sein

1737 1441 102 34 wird.
1869 1441 108 34 Seine
2004 1441 210 47 bisherigen
2237 1443 233 36 Functionen
2491 1446 128 35 behält
2634 1448 94 35 Herr
2746 1449 180 49 Marpurg
2952 1453 71 38 bei.
3103 1457 131 36 Rieh.

1738 1500 196 45 Wagner
1938 1500 7 14 1
1959 1511 16 22 s
2354 1503 72 44 (die
2454 1508 95 30 erste
2576 1506 229 48 Abtheilung
2834 1510 63 35 der

1738 1559 162 36 befindet
1927 1561 78 34 sich
2035 1561 58 34 bei
2122 1562 212 35 Schott's
2364 1564 144 35 Söhnen
2538 1569 108 32 unter
2673 1568 62 34 der
2762 1570 145 36 Presse.

1814 1714 326 38 Fraitlifurt
2167 1726 52 30 a.
2245 1715 86 48 M.,
2364 1717 30 37 1.
2423 1717 119 46 April.
2598 1721 76 33 Der
2711 1722 86 34 Saal
2832 1736 84 23 zum
2945 1726 290 52 Weidenbusch,

1738 1775 37 33 in
1816 1775 177 34 welchem
2036 1777 71 34 seit
2148 1778 118 33 einem
2306 1777 125 34 vollen
2458 1778 258 37 Jahrhundert
2756 1782 72 34 alle
2868 1796 152 33 grossen
3059 1788 178 38 Concerte

1737 1833 99 35 Statt
1862 1834 196 45 gefunden,
2087 1836 147 34 existirt
2260 1835 103 34 nicht
2390 1837 115 36 mehr.
2534 1837 188 36 Nachdem
2743 1851 59 24 am
2823 1839 61 40 23.
2903 1843 105 36 März
3030 1846 63 35 der
3108 1848 131 36 Seibt'-

1738 1893 86 34 sche
1853 1893 304 47 Gesang-Verein
2187 1896 73 44 (ein
2287 1895 225 45 gemischter
2538 1896 99 36 Chor
2664 1910 72 24 von
2764 1901 100 34 circa
2891 1901 47 38 80
2967 1903 176 39 Stimmen
3172 1917 46 25 un-

1739 1956 56 31 ter
1822 1954 163 45 Leitung
2011 1966 73 23 von
2111 1956 116 33 Fräul
2267 1956 155 46 Seibt)
2453 1956 117 35 durch
2601 1959 80 34 eine
2708 1959 245 50 Aufführung
2981 1976 72 23 von
3081 1967 161 34 zumeist

1739 2012 284 36 Bruchstücken
2064 2025 69 24 aus
2162 2015 194 34 Oratorien
2399 2016 76 35 und
2503 2017 317 38 Kirchenwerken
2863 2033 108 30 „zum
3006 2024 137 36 Besten
3178 2025 63 37 der

1740 2072 359 46 Prediger-Witwen
2143 2075 77 34 und
2253 2076 152 34 Waisen
2446 2077 38 33 in
2525 2077 179 35 Mähren«
2751 2079 69 35 den
2849 2081 89 35 Saal
2981 2094 86 23 zum
3104 2084 137 36 letzten

1742 2133 97 33 Male
1867 2133 137 44 gefüllt
2029 2133 118 43 hatte,
2174 2135 126 34 wurde
2329 2147 40 23 er
2396 2135 115 35 schon
2541 2149 60 22 am
2629 2137 160 36 anderen
2819 2141 103 44 Tage
2950 2141 180 46 demolirt,
3158 2145 86 34 weil

1740 2190 213 47 überhaupt
1993 2194 68 32 mit
2104 2194 83 33 dem
2226 2194 276 36 altberühmten
2541 2196 180 36 Gasthofe
2760 2210 128 33 grosse
2928 2200 315 49 Veränderungen

1739 2261 287 36 vorgenommen
2055 2253 158 37 werden.
2267 2254 77 34 Für
2370 2255 182 35 nächsten
2581 2257 146 34 Winter
2753 2258 93 34 wird
2875 2267 38 26 es
2942 2260 80 36 also
3052 2270 46 27 an
3126 2263 118 35 einem

1741 2310 59 33 für
1840 2321 129 33 grosse
1999 2310 180 36 Concerte
2220 2313 179 45 nöthigen
2441 2314 142 35 Räume
2624 2315 137 48 fehlen,
2805 2328 41 24 so
2883 2317 86 36 dass
3008 2319 102 37 diese
3145 2321 97 36 wohl

1739 2368 210 35 sämmtlich
1980 2371 185 35 ausfallen
2195 2371 160 47 dürften,
2399 2373 94 34 denn
2533 2385 47 23 zu
2620 2374 81 35 dem
2742 2387 121 23 neuen
2891 2377 164 36 Saalbau
3095 2380 145 35 werden

1739 2439 41 24 so
1808 2428 90 35 eben
1928 2433 75 31 erst
2032 2429 57 35 die
2117 2431 258 36 Fundamente
2402 2433 136 46 gelegt.

1816 2501 12 30 l
1850 2509 40 22 as
1917 2498 160 35 Theater
2105 2499 107 36 feiert
2239 2502 257 45 gegenwärtig
2522 2503 140 35 seltene
2689 2504 122 36 Feste.
2840 2504 127 36 Fräul.
2994 2506 247 37 Frassini-

1738 2557 247 37 Eschborn
2011 2561 136 43 gastirt
2173 2561 76 33 und
2278 2561 123 35 macht
2427 2563 120 34 neben
2574 2563 141 36 Furore
2742 2565 95 34 auch
2867 2566 99 35 volle
2986 2568 161 38 Häuser.
3175 2569 46 35 Be-

1739 2620 89 32 reits
1857 2620 49 33 ist
1934 2620 53 33 sie
2015 2620 55 34 als
2100 2620 220 35 Dinorah
2366 2620 40 46 (3
2434 2622 106 45 Mal),
2585 2623 96 35 dann
2721 2625 38 34 in
2787 2626 255 45 Rigoletto
3082 2629 77 34 und
3186 2629 56 38 als.

1740 2678 128 34 Gräfin
1907 2679 38 33 in
1980 2680 218 44 Figaro's
2235 2681 247 35 Hochzeit
2526 2684 245 45 aufgetreten.
2825 2686 219 45 Meyerbeer
3070 2688 66 35 hat
3163 2689 77 35 sich

1739 2736 200 36 besonders
1968 2738 58 35 bei
2054 2739 59 35 ihr
2140 2751 45 23 zu
2215 2740 208 44 bedanken,
2467 2742 94 35 denn
2596 2745 52 33 sie
2675 2744 127 35 macht
2828 2747 101 34 seine
2957 2746 99 46 Oper
3080 2749 143 45 geniess-

1738 2796 79 38 bar.
1857 2798 71 34 Die
1955 2798 313 47 liebenswürdige
2294 2801 220 35 Künstlerin
2551 2803 50 33 ist
2635 2815 97 34 ganz
2760 2805 237 45 vortrefflich,
3041 2809 80 34 eine
3148 2806 72 37 wür-

1740 2857 85 46 dige
1853 2858 161 35 Tochter
2039 2860 99 34 ihrer
2166 2859 219 36 berühmten
2413 2862 153 36 Mutter.

2286 3029 48 36 24
2374 3031 117 34 März.
2538 3031 66 34 Ich
2634 3030 150 37 erlaube
2811 3032 81 44 mir,
2933 3032 92 35 über
3060 3033 57 36 die
3144 3034 72 35 Auf-

1738 3086 134 35 nahme
1901 3088 63 34 des
1992 3092 148 41 gestern
2170 3090 261 45 aufgeführten
2453 3090 232 35 Oratoriums
2714 3092 97 45 „Das
2833 3091 190 35 verlorene

1738 3159 71 23 von
1837 3147 66 37 Fr.
1933 3148 270 35 Schneider
2231 3160 47 22 zu
2296 3149 202 43 berichten,
2528 3149 86 35 dass
2639 3150 162 35 dieselbe
2824 3151 81 34 eine
2926 3151 212 45 ungetheilt
3164 3152 80 35 bei-

1736 3206 130 46 fällige
1896 3218 77 23 war
2013 3207 76 34 und
2129 3208 85 34 dass
2252 3220 84 22 zum
2365 3208 176 35 Schlüsse
2579 3209 63 34 der
2668 3209 293 36 verdienstvolle
2989 3211 255 37 Veranstalter

1736 3265 76 34 und
1840 3266 173 45 Dirigent
2040 3266 64 34 der
2130 3267 253 46 Aufführung,
2427 3268 295 46 Dom-Organist
2748 3269 101 35 Jos.
2876 3270 239 47 Hanisch,
3157 3273 65 34 wie-

1738 3325 147 34 derholt
1912 3325 291 46 hervorgerufen
2231 3327 138 36 wurde.
2399 3327 241 35 Sämmtliche
2667 3329 175 34 Partieen
2870 3328 64 35 der
2959 3330 181 47 Erzengel
3169 3343 51 23 wa-

1736 3397 64 23 ren
1829 3386 86 33 sehr
1941 3389 70 41 gut
2037 3386 156 46 besetzt,
2237 3387 230 34 namentlich
2508 3387 87 35 aber
2622 3388 96 34 auch
2748 3389 58 33 die
2835 3388 63 34 des
2927 3388 121 36 Adam
3076 3389 74 35 und
3180 3390 62 36 der

1736 3445 80 34 Eva
1844 3445 116 35 durch
1991 3445 67 34 den
2084 3445 262 46 Opernsänger
2373 3458 85 22 van
2489 3446 204 47 Gylpen,
2722 3448 65 33 der
2815 3448 79 34 sich
2923 3448 113 35 schon
3065 3450 95 34 öfter
3187 3450 53 35 als

1737 3503 272 36 vortrefflichen
2036 3505 312 45 Kammersänger
2374 3505 148 45 bewies,
2564 3507 77 33 und
2670 3507 59 33 die
2757 3507 100 34 Frau
2884 3508 65 36 Dr.
2979 3507 161 45 Stöhr,
3182 3508 59 36 die

1737 3563 159 35 ohnehin
1926 3565 125 45 längst
2079 3565 63 35 der
2169 3565 174 46 Liebling
2380 3565 64 35 des
2473 3567 220 34 Publicums
2735 3567 141 34 sowohl
2915 3567 98 34 ihrer
3054 3579 167 24 ausseror-

1737 3622 209 36 dentlichen
1965 3624 229 45 Leistungen
2221 3624 56 35 als
2303 3626 100 34 ihrer
2425 3626 217 45 oftmaligen
2665 3626 256 36 freundlichen
2940 3627 297 47 Unterstützung

1737 3683 64 35 der
1828 3684 290 45 Aufführungen
2147 3695 128 34 wegen
2303 3685 200 45 geworden
2529 3687 63 34 ist.
2646 3687 71 34 Die
2745 3686 119 35 Chöre
2899 3688 137 44 gingen
3069 3688 152 34 vortreff-

1734 3744 87 43 lich,
1851 3744 76 34 und
1964 3745 119 34 rissen
2110 3744 201 35 besonders
2340 3745 58 35 die
2425 3746 226 45 gewaltigen
2679 3746 256 45 Fugensätze:
2968 3746 105 43 „Ihm
3101 3747 49 34 ist
3178 3758 42 35 ge-

1734 3805 119 45 geben
1883 3805 71 34 alle
1986 3804 168 34 Gewalt*
2186 3804 79 46 (Nr.
2286 3803 77 47 II),
2406 3806 76 34 und
2527 3805 93 43 „Die
2648 3805 68 35 den
2743 3807 119 34 Herrn
2891 3807 186 43 fürchten,
3109 3806 133 37 harren

1737 3866 127 35 Seiner
1892 3864 152 35 Gnade*
2088 3864 78 35 und
2209 3865 56 36 die
2302 3865 272 46 Schlussfuge:
2620 3866 108 42 „Alle
2754 3866 128 35 Lande
2924 3869 149 33 müssen
3116 3867 126 35 Seiner

1734 3925 99 35 Ehre
1862 3925 77 35 voll
1967 3923 173 36 werden*
2246 3937 68 23 zur
2341 3925 186 35 lebhaften
2555 3923 286 49 Bewunderung
2879 3926 76 37 hin.
2997 3927 70 34 Die
3093 3927 150 34 Anzahl

1736 3984 65 37 der
1827 3984 285 36 Mitwirkenden
2141 3984 193 47 überstieg
2362 3985 58 34 die
2447 3985 93 34 Zahl
2566 3995 73 24 von
2668 3984 84 38 300.

3112 3986 53 35 M.
