4221 5509
700 4701 95 77 12

683 473 296 90 Quelle
1013 495 157 73 que
1213 464 156 77 soit
1409 458 334 79 l'action
1787 452 195 99 qu'il
2026 444 475 100 accomplit,
2544 442 66 77 si
2671 439 157 78 elle
2891 451 127 64 est
3077 437 258 75 d'une
3396 436 218 77 belle

681 600 442 84 hardiesse,
1203 591 154 78 elle
1440 586 267 98 prend
1773 607 217 72 pour
2071 578 112 76 lui
2268 601 162 51 une
2503 571 252 78 haute
2835 566 325 78 valeur.
3241 564 376 78 Reculer

679 734 305 72 devant
1042 715 836 98 l'accomplissement
1939 710 251 73 d'une
2249 703 281 76 action
2591 696 297 80 hardie
2948 695 114 78 lui
3125 695 325 78 semble
3511 722 106 51 au

679 854 415 81 contraire
1157 872 161 51 une
1372 840 369 80 infamie.
1799 837 66 78 Il
1917 837 219 76 aime
2186 835 75 75 le
2320 828 574 100 déploiement
2950 827 105 76 de
3108 825 240 76 force
3399 850 222 72 pour

676 984 420 78 lui-même
1137 974 797 97 indépendamment
1966 967 104 75 de
2114 977 232 65 toute
2402 959 391 101 question
2849 959 105 74 de
3009 955 153 78 but
3221 955 49 77 à
3321 955 256 78 attein-

674 1118 171 73 dre.
889 1109 204 78 Sans
1135 1128 323 54 aucune
1502 1099 290 88 utilité,
1836 1123 105 49 au
1983 1094 283 98 risque
2320 1093 276 76 même
2654 1091 103 74 de
2808 1099 679 85 compromettre
3545 1086 76 78 le

676 1240 283 79 succès
1001 1238 102 75 de
1145 1248 185 63 tous
1374 1257 127 51 ses
1543 1226 398 90 desseins,
1985 1225 54 76 il
2073 1220 471 81 recherche
2588 1245 210 52 avec
2843 1216 314 78 délices
3199 1214 120 78 les
3370 1214 210 78 situa-

674 1370 212 76 tions
928 1363 395 99 risquées,
1357 1360 117 76 les
1518 1355 357 98 exploits
1916 1353 267 99 pleins
2225 1353 254 75 d'une
2539 1348 201 78 folle
2801 1348 351 76 audace.
3216 1345 240 78 Dans
3517 1347 107 76 de

673 1499 228 78 telles
971 1490 457 89 situations,
1499 1485 279 80 Julien
1851 1511 87 51 se
2000 1497 185 63 sent
2256 1509 105 51 en
2432 1507 154 51 son
2659 1479 371 78 élément
3109 1477 364 78 naturel.
3556 1475 68 80 Il

673 1628 321 78 voudra
1060 1648 151 71 par
1270 1617 410 97 exemple,
1745 1614 358 78 toucher
2163 1612 78 77 la
2302 1611 227 78 main
2589 1611 105 76 de
2757 1609 100 76 M
2864 1616 86 32 me
3009 1609 107 76 de
3177 1607 276 78 Rénal
3517 1634 105 50 en

669 1756 402 99 présence
1130 1751 103 75 de
1287 1775 151 51 son
1499 1744 239 92 mari,
1792 1744 317 97 malgré
2149 1743 119 76 les
2313 1741 256 78 suites
2613 1739 393 78 terribles
3069 1738 142 100 qui
3255 1765 108 51 en
3424 1763 150 73 peu-

669 1897 200 66 vent
908 1880 381 78 résulter.
1331 1877 283 98 Après
1658 1900 164 53 une
1866 1873 180 78 nuit
2087 1873 293 98 passée
2422 1871 306 99 auprès
2772 1871 107 77 de
2923 1868 100 78 M
3028 1877 86 32 me
3164 1870 106 76 de
3323 1866 301 92 Rénal,

668 2015 52 77 il
764 2012 261 98 quitte
1069 2009 466 78 seulement
1577 2032 90 51 sa
1709 2012 437 69 maîtresse
2190 2004 284 98 quand
2518 2002 77 78 le
2637 2000 191 100 jour
2872 2014 127 64 est
3040 2026 230 54 venu
3314 2024 19 51 :
3397 2027 31 36 «
3480 2026 149 49 car

669 2144 51 75 il
762 2156 302 63 trouve
1104 2141 104 74 de
1250 2164 90 50 sa
1380 2136 310 98 dignité
1733 2137 103 75 de
1880 2148 337 64 rentrer
2261 2132 305 98 exprès
2610 2159 105 49 au
2750 2132 266 98 grand
3059 2131 194 99 jour
3287 2142 85 66 et
3412 2156 214 52 avec

669 2271 544 98 imprudence
1255 2297 64 45 ».

883 2396 155 78 Tel
1093 2395 450 100 Napoléon
1587 2396 207 75 dans
1838 2420 130 51 ses
2012 2420 576 63 manœuvres,
2639 2391 286 80 Julien
2987 2418 109 51 va
3155 2390 227 78 droit
3443 2391 49 77 à
3551 2391 78 77 la

671 2529 455 77 résolution
1169 2527 76 76 la
1286 2527 182 98 plus
1518 2525 320 78 hardie.
1902 2525 174 76 Dès
2139 2523 200 100 qu'il
2400 2551 47 50 a
2500 2523 216 78 senti
2761 2530 274 71 naître
3079 2549 107 51 en
3230 2523 250 77 l'âme
3523 2523 106 77 de

671 2657 413 78 Mathilde
1126 2684 111 49 un
1281 2656 453 77 sentiment
1775 2657 300 76 tendre
2119 2656 47 76 à
2214 2681 152 51 son
2410 2656 281 96 égard,
2754 2652 740 80 immédiatement
3553 2652 78 78 le

671 2789 181 97 plus
893 2786 467 78 audacieux
1399 2786 278 98 projet
1717 2813 87 49 se
1846 2788 396 96 présente
2286 2786 49 76 à
2378 2811 152 51 son
2566 2784 262 100 esprit
2872 2810 19 50 :
2947 2813 30 34 «
3018 2783 103 79 Je
3174 2783 326 91 l'aurai,
3551 2783 80 98 je

674 2920 217 74 m'en
949 2916 150 76 irai
1162 2915 322 77 ensuite
1553 2930 83 62 et
1706 2916 386 76 malheur
2159 2916 49 76 à
2278 2915 140 99 qui
2491 2943 137 51 me
2698 2916 442 78 troublera
3209 2916 212 76 dans
3492 2940 137 51 ma

673 3047 203 76 fuite
927 3074 66 47 ».

888 3174 326 78 Parfois
1286 3175 301 90 même,
1658 3175 53 77 il
1783 3175 282 78 arrive
2127 3204 163 71 que
2349 3177 330 97 l'image
2750 3179 105 74 de
2925 3175 345 80 l'action
3333 3174 300 79 hardie

676 3304 386 98 s'impose
1103 3306 47 74 à
1189 3304 318 98 l'esprit
1558 3307 104 75 de
1711 3304 282 80 Julien
2054 3333 210 52 avec
2329 3335 166 49 une
2556 3307 194 77 telle
2810 3306 596 79 irrésistibilité
3470 3333 166 71 que

676 3434 579 90 d'elle-même,
1289 3434 156 78 elle
1487 3462 88 50 se
1618 3436 299 78 réalise
1960 3453 257 63 avant
2278 3440 76 76 le
2396 3453 273 83 temps
2713 3440 105 76 de
2874 3438 415 79 réflexion
3343 3438 242 78 néces-

678 3561 237 78 saire.
959 3563 440 92 Mathilde,
1463 3592 112 49 un
1616 3565 213 96 jour,
1875 3582 349 83 outrage
2281 3567 310 91 Julien,
2656 3570 514 96 prétendant
3231 3570 254 96 qu'en
3548 3594 90 50 se

678 3694 374 74 donnant
1091 3694 47 76 à
1182 3694 139 91 lui,
1386 3694 155 77 elle
1602 3697 193 74 s'est
1855 3697 333 78 donnée
2268 3726 30 35 «
2341 3726 105 49 au
2479 3699 373 98 premier
2886 3726 228 50 venu
3160 3727 63 48 ».
3289 3697 350 79 Devant

681 3849 108 48 un
832 3824 108 74 tel
984 3824 330 88 affront,
1358 3824 244 79 l'idée
1645 3827 103 76 de
1797 3827 78 76 la
1934 3843 190 62 tuer
2185 3856 88 51 se
2332 3831 396 96 présente
2789 3831 742 78 immédiatement
3590 3831 49 76 à

679 3949 315 98 l'esprit
1033 3954 104 75 de
1177 3953 278 77 Julien
1485 3980 17 62 ;
1546 3953 55 77 il
1634 3981 88 51 se
1763 3956 410 98 précipite
2215 3985 144 51 sur
2402 3986 165 51 une
2610 3959 281 80 vieille
2935 3961 208 98 épée
3186 3961 453 98 appendue

681 4080 49 74 à
788 4080 76 76 la
923 4083 380 76 muraille
1364 4098 81 63 et
1504 4112 164 69 peu
1728 4088 176 75 s'en
1963 4086 239 80 fallut
2263 4115 164 71 que
2488 4117 154 51 son
2703 4105 344 64 amante
3108 4091 379 99 n'expiât
3548 4117 91 51 sa

686 4210 310 76 cruelle
1049 4213 315 95 parole.

795 4337 221 80 Mais
1057 4342 49 76 à
1147 4342 188 78 côté
1375 4345 104 75 de
1521 4357 220 65 cette
1783 4345 336 100 énergie
2170 4349 475 100 impulsive,
2689 4352 634 80 manifestation
3384 4354 257 76 d'une

691 4481 295 66 nature
1043 4471 370 79 violente
1474 4488 83 64 et
1616 4474 242 92 forte,
1919 4478 54 76 il
2034 4506 54 70 y
2148 4508 49 49 a
2254 4479 222 80 aussi
2539 4481 215 80 chez
2813 4483 284 79 Julien
3169 4511 154 51 une
3380 4483 262 91 forme
