4221 5509
3496 4911 100 84 13

548 502 403 94 d'énergie
983 497 495 99 pleinement
1518 515 447 76 consciente
2006 529 85 66 et
2153 517 329 83 celle-ci
2546 522 434 83 vraiment
3041 527 570 81 constitutive

546 637 107 78 de
699 634 81 79 la
822 632 620 105 physionomie
1486 642 115 78 du
1647 642 320 83 Héros.

777 767 130 80 La
951 769 144 80 vie
1141 773 140 79 n'a
1324 776 108 78 de
1476 776 307 80 valeur
1823 808 222 73 pour
2089 784 114 78 lui
2248 815 165 73 que
2458 788 66 79 si
2590 789 161 82 elle
2814 808 129 63 est
3009 820 169 52 une
3239 793 325 91 affirma-

545 908 167 75 tion
758 901 100 82 de
889 901 255 95 force.
1193 906 132 82 Ce
1371 910 207 100 qu'il
1622 913 333 81 admire
2001 916 218 82 chez
2267 949 113 50 un
2424 922 381 96 homme,
2853 928 211 78 c'est
3108 928 78 78 la
3229 928 379 78 fermeté

545 1040 113 76 du
724 1040 485 81 caractère.
1275 1042 245 81 C'est
1562 1074 224 73 pour
1830 1050 185 80 cela
2057 1057 257 97 qu'en
2358 1071 285 66 toutes
2707 1088 134 50 ses
2904 1062 364 92 actions,
3313 1060 44 80 J
3376 1060 232 80 ulien

541 1187 212 65 veut
826 1201 91 52 se
982 1189 362 81 prouver
1412 1181 205 98 qu'il
1691 1198 127 64 est
1893 1213 115 49 un
2079 1187 312 80 homme
2451 1189 197 92 fort.
2733 1193 436 101 Lorsqu'il
3254 1223 48 51 a
3374 1211 232 63 cette

543 1335 366 73 preuve,
943 1308 57 78 il
1046 1336 91 53 se
1183 1328 192 63 sent
1419 1313 425 98 heureux,
1886 1318 56 78 il
1977 1335 129 64 est
2148 1321 153 78 fier
2357 1325 106 76 de
2524 1325 115 77 lui
2705 1340 85 66 et
2851 1353 90 53 se
3005 1328 302 100 répète
3369 1355 189 51 corn-

541 1441 620 102 plaisamment
1197 1472 18 51 :
1275 1477 32 34 «
1351 1447 164 79 J'ai
1559 1453 268 98 gagné
1864 1480 168 53 une
2076 1455 342 80 bataille
2462 1487 67 49 ».
2575 1458 127 80 Le
2746 1462 361 78 résultat
3141 1462 310 78 atteint
3496 1491 109 49 ne

2437 1557 11 16 f

540 1575 489 81 l'intéresse
1073 1579 442 81 d'ailleurs
1557 1611 151 73 pas
1754 1612 223 73 pour
2018 1587 483 95 lui-même;
2562 1618 91 52 sa
2694 1592 171 100 joie
2909 1594 106 78 de
3061 1594 78 78 la
3202 1594 401 91 victoire,

545 1712 211 78 c'est
800 1712 82 80 la
924 1712 173 102 joie
1132 1717 109 77 de
1285 1743 93 52 se
1427 1719 269 78 sentir
1739 1723 296 94 Yagent
2096 1726 107 76 de
2264 1739 226 65 cette
2556 1724 397 95 victoire,
3017 1731 212 76 c'est
3293 1729 80 78 la
3432 1729 173 99 joie

543 1844 342 80 d'avoir
931 1846 464 83 manifesté
1439 1878 91 53 sa
1573 1853 486 100 puissance.
2125 1855 67 79 Il
2257 1858 113 78 lui
2414 1858 291 81 arrive
2770 1860 222 79 chez
3056 1860 196 78 M"""'
3315 1860 281 79 Rénal

541 1982 109 77 de
694 1982 382 100 pouvoir
1119 2010 93 53 se
1254 1985 188 80 dire
1488 1987 203 101 qu'il
1725 2015 49 53 a
1806 1992 268 98 gagné
2118 1992 228 78 deux
2380 1992 412 81 victoires
2838 2022 108 51 en
2997 2022 166 53 une
3205 1995 396 98 journée,

541 2115 219 80 mais
806 2144 174 54 une
1014 2119 239 79 seule
1288 2134 131 66 est
1447 2122 288 100 pleine
1767 2124 422 79 d'attraits
2233 2153 224 72 pour
2499 2127 142 92 lui,
2680 2127 215 80 celle
2931 2129 145 100 qui
3120 2129 327 78 résulte
3489 2131 109 76 de

543 2278 93 52 sa
694 2249 249 83 force
985 2256 561 98 personnelle
1573 2283 18 66 ;
1637 2256 306 81 l'autre
1988 2259 326 78 n'étant
2355 2286 151 73 pas
2551 2261 168 78 due
2761 2261 51 78 à
2854 2288 136 51 ses
3034 2288 567 53 manœuvres

540 2385 115 79 lui
712 2395 402 93 apparaît
1166 2418 31 34 «
1253 2417 198 52 sans
1496 2390 307 81 mérite
1857 2422 31 34 »
1942 2407 84 64 et
2069 2420 344 51 comme
2457 2393 201 80 telle
2700 2395 341 78 dénuée
3085 2393 437 80 d'intérêt.

772 2522 130 81 La
946 2523 361 82 volonté
1361 2529 107 76 de
1525 2554 90 52 se
1676 2554 386 73 prouver
2125 2556 166 72 que
2353 2527 393 101 toujours
2790 2544 87 64 et
2937 2544 356 84 partout
3349 2529 58 77 il
3471 2544 130 64 est

540 2656 205 81 bien
789 2686 118 51 un
953 2659 188 80 être
1187 2661 172 79 fort
1422 2661 357 79 conduit
1837 2661 288 79 Julien
2184 2662 51 78 à
2296 2662 416 78 exécuter
2773 2664 151 76 des
2990 2662 337 80 actions
3391 2689 202 53 vers

536 2791 464 103 lesquelles
1065 2821 111 55 ne
1239 2794 80 82 le
1380 2811 254 85 porte
1695 2823 284 53 aucun
2040 2796 193 80 élan
2296 2794 445 94 intérieur,
2816 2799 150 77 des
3044 2796 335 80 actions
3454 2796 146 100 qui

540 2942 198 64 sont
800 2955 111 53 au
975 2930 372 79 rebours
1410 2932 108 77 de
1581 2959 158 50 son
1801 2928 300 81 intime
2164 2928 230 80 désir
2455 2943 86 65 et
2602 2928 203 102 qu'il
2870 2957 89 51 se
3032 2928 446 80 contraint
3552 2930 49 78 à

535 3064 487 101 accomplir
1075 3065 574 102 uniquement
1689 3092 263 75 parce
1996 3092 168 73 que
2208 3065 105 78 de
2357 3064 242 79 telles
2645 3064 335 79 actions
3024 3077 200 65 sont
3266 3064 287 79 révéla-

538 3196 264 81 trices
848 3199 444 102 d'énergie
1336 3214 84 65 et
1464 3226 166 75 que
1673 3226 159 75 par
1874 3197 232 94 elles,
2165 3196 54 79 il
2282 3197 503 78 s'affirmera
2848 3225 93 50 sa
3000 3197 273 78 force.
3337 3194 211 80 Lors-

536 3360 171 73 que
751 3333 442 83 Mathilde
1227 3335 117 79 lui
1388 3336 293 78 donne
1725 3335 589 79 rendez-vous
2348 3333 212 78 dans
2606 3358 91 53 sa
2741 3331 422 80 chambre
3207 3358 157 73 par
3429 3357 171 52 une

538 3465 190 81 nuit
789 3468 367 102 baignée
1202 3470 206 78 d'un
1471 3467 354 101 limpide
1888 3465 210 81 clair
2160 3467 105 78 de
2328 3465 227 91 lune,
2619 3463 291 80 Julien
2975 3480 128 63 est
3164 3463 437 100 persuadé

538 3602 207 102 qu'il
809 3604 247 101 s'agit
1117 3606 207 77 d'un
1383 3602 247 103 piège
1695 3617 84 65 et
1854 3604 262 100 qu'on
2177 3614 208 66 veut
2455 3600 435 99 l'exposer
2961 3600 49 77 à
3085 3624 169 53 une
3329 3597 269 78 honte

531 3738 451 101 publique.
1029 3738 371 81 D'autre
1442 3751 220 86 part,
1710 3765 108 50 en
1864 3749 137 66 cet
2040 3734 349 92 instant,
2451 3733 122 77 les
2619 3731 403 79 charmes
3076 3734 109 75 de
3247 3731 80 78 la
3390 3729 156 80 hau-

531 3871 237 82 taine
841 3873 263 102 jeune
1175 3875 169 79 fille
1417 3900 110 53 ne
1610 3873 79 78 le
1771 3883 337 68 tentent
2197 3866 505 80 nullement.
2797 3895 29 36 «
2882 3865 67 79 Il
3034 3863 325 81 n'avait
3442 3892 154 71 pas

533 4009 406 79 d'amour
1010 4012 117 78 du
1200 4022 190 66 tout
1444 4037 66 49 ».
1598 4005 176 81 Son
1837 4003 230 80 désir
2125 4000 406 103 profond,
2595 4027 102 53 ce
2760 4000 262 80 serait
3085 3997 372 81 d'éviter
3523 3998 75 78 le

533 4144 628 81 rendez-vous.
1209 4141 596 101 L'entreprise
1847 4139 115 78 lui
2008 4141 391 96 apparaît
2441 4132 698 93 déraisonnable,
3203 4129 395 81 destinée

530 4276 52 81 à
613 4291 372 68 tourner
1027 4281 51 80 à
1121 4307 93 52 sa
1246 4274 462 83 confusion
1752 4288 86 64 et
1881 4271 230 81 nulle
2153 4266 468 103 impulsion
2665 4269 108 76 de
2827 4295 92 52 sa
2963 4263 479 82 sensibilité
3488 4291 110 53 ne

530 4410 492 85 l'entraîne.
1056 4412 291 83 Julien
1393 4410 219 79 n'ira
1656 4410 225 78 donc
1925 4434 151 74 pas
2120 4432 108 52 au
2262 4405 620 78 rendez-vous.
2943 4400 233 79 Mais
3220 4398 232 80 alors
3496 4425 100 53 ce

533 4547 269 81 serait
843 4549 176 79 fuir
1053 4550 325 78 devant
1422 4571 171 52 une
1637 4539 484 103 entreprise
2167 4535 142 103 qui
2355 4535 383 80 réclame
2782 4537 106 76 de
2951 4533 81 80 la
3095 4535 445 76 bravoure
3576 4527 20 81 !

533 4677 208 87 Une
806 4684 203 81 telle
1071 4681 322 104 pensée
1457 4679 224 80 suffit
1742 4677 49 80 à
1854 4674 381 102 changer
2306 4682 286 68 toutes
2663 4669 122 80 les
2858 4666 559 103 dispositions
3489 4666 109 77 de
