4221 5509
3532 4921 104 85 77

553 495 281 80 requête
866 498 595 61 circonstancielle
1490 498 167 58 dans
1683 495 296 78 laquelle
2008 495 47 59 il
2086 495 62 59 le
2170 493 149 78 prie
2351 493 82 60 de
2460 510 83 43 ne
2577 510 118 60 pas
2724 492 273 59 oublier
3025 492 99 57 les
3154 488 373 63 valeureux
3554 507 70 42 ar-

551 597 263 59 tistes...
850 595 167 56 dont
1044 593 100 59 les
1175 614 196 40 noms
1400 595 293 59 suivent.

704 691 169 56 Mais
904 691 313 75 soudain,
1264 693 170 58 dans
1466 710 88 41 un
1589 688 346 61 troisième
1970 686 409 78 périodique
2409 691 66 55 et
2506 703 162 41 sous
2712 703 132 41 une
2888 685 354 59 troisième
3286 683 369 76 signature,

550 786 61 60 le
641 786 313 58 remords
987 786 211 76 parle,
1236 795 64 52 et
1330 785 497 79 l'impitoyable
1857 802 290 42 censeur
2179 800 69 40 se
2280 783 217 76 prend
2534 785 38 55 à
2614 783 232 59 railler
2868 781 318 78 joliment
3218 796 77 43 ce
3325 778 263 79 pontife
3621 779 37 56 à

553 881 63 58 la
648 881 361 59 brochette
1043 883 57 57 si
1129 883 295 59 fournie.

699 978 333 57 Pourtant
1061 996 163 41 sous
1258 998 88 41 un
1378 978 459 78 quatrième...
1872 976 166 57 Mais
2089 974 312 58 arrêtons
2443 974 64 58 là
2539 991 124 41 nos
2694 976 345 59 citations.
3073 974 90 58 Le
3188 974 112 75 jeu
3335 976 102 54 est
3467 988 190 40 assez

546 1072 317 77 spirituel
895 1079 63 53 et
990 1074 347 59 d'ailleurs
1369 1093 175 40 nous
1589 1076 283 56 n'avons
1906 1089 120 58 pas
2059 1071 35 57 à
2140 1069 232 76 glaner
2407 1088 132 39 une
2587 1069 156 59 telle
2788 1069 342 59 fécondité
3173 1069 294 76 puisque
3500 1064 119 80 pré-

546 1186 217 42 venus
792 1171 37 56 à
858 1169 327 76 l'avance,
1219 1171 477 59 Pinturiochio
1732 1169 247 76 signait
2009 1184 107 41 ses
2150 1166 196 57 toiles
2379 1166 83 57 de
2487 1164 156 76 jolis
2675 1167 147 58 vols
2854 1167 82 56 de
2971 1166 317 59 canards.

699 1265 154 58 Mon
888 1267 158 59 vieil
1078 1269 136 56 ami
1247 1265 224 60 André
1503 1265 278 61 Salmon
1815 1265 115 75 qui
1964 1262 257 76 malgré
2253 1279 75 39 sa
2380 1260 454 77 prédilection
2866 1279 180 58 pour
3076 1260 119 60 des
3229 1277 277 44 œuvres
3537 1260 120 77 qui

546 1367 410 70 permettent
988 1369 244 68 certes,
1263 1364 98 57 les
1393 1364 154 74 plus
1579 1364 227 57 riches
1837 1360 432 75 espérances,
2304 1362 266 52 montre
2614 1374 90 40 un
2738 1357 135 57 très
2905 1359 175 57 beau
3105 1374 296 59 courage
3434 1376 83 38 en
3549 1374 71 40 ac-

546 1462 275 73 ceptant
851 1459 83 59 de
966 1460 305 58 discuter
1303 1459 259 76 parfois
1596 1459 98 57 les
1739 1457 299 59 théories
2087 1455 305 58 cubistes
2424 1470 105 41 me
2563 1453 335 75 reproche
2934 1455 262 58 d'avoir
3227 1453 173 60 écrit
3430 1470 132 60 que
3593 1453 62 58 le

546 1553 312 60 cubisme
919 1553 229 60 devait
1203 1553 144 58 être
1391 1552 363 61 considéré
1789 1569 268 42 comme
2114 1567 133 41 une
2291 1548 218 60 forme
2563 1548 173 58 d'art
2768 1548 205 76 qu'un
3036 1548 284 58 nombre
3354 1548 137 60 très
3522 1565 100 41 res-

546 1650 207 57 treint
783 1650 415 59 d'amateurs
1231 1650 282 76 pouvait
1544 1648 147 59 seul
1723 1648 263 76 goûter,
2020 1653 66 53 et
2114 1663 133 60 que
2272 1646 59 58 le
2363 1646 307 58 cubisme
2704 1643 161 59 était
2898 1646 38 56 à
2964 1645 61 57 la
3061 1646 315 75 peinture
3410 1663 78 41 ce
3518 1662 136 59 que

546 1745 65 59 le
643 1746 313 77 musique
990 1746 83 58 de
1104 1746 330 58 chambre
1466 1745 161 59 était
1659 1746 37 56 à
1725 1745 63 57 la
1820 1743 316 76 musique
2169 1743 332 75 vulgaire.

697 1841 78 58 Je
811 1841 181 58 crois
1026 1841 386 76 cependant
1464 1841 263 59 n'avoir
1777 1858 124 58 pas
1935 1845 132 52 tort
2103 1845 64 52 et
2213 1840 66 72 je
2314 1838 173 57 dirai
2519 1836 381 59 volontiers
2948 1834 218 60 même
3198 1853 131 59 que
3364 1834 98 60 les
3498 1836 154 76 plus

545 1934 216 60 belles
799 1955 277 40 œuvres
1107 1936 81 59 de
1219 1938 152 56 l'art
1402 1943 118 52 ont
1554 1941 223 54 toutes
1813 1934 103 60 été
1948 1936 83 58 de
2062 1934 63 58 la
2157 1955 23 35 «
2218 1934 315 75 musique
2567 1933 81 57 de
2680 1931 329 59 chambre
3037 1953 51 41 ».

699 2031 438 59 L'éducation
1170 2034 355 75 artistique
1559 2034 91 56 du
1681 2033 245 76 peuple
1962 2031 256 59 semble
2250 2031 157 57 bien
2441 2029 300 61 difficile.
2775 2027 140 58 Elle
2946 2027 206 58 serait
3176 2044 81 41 en
3285 2033 194 52 outre
3503 2044 111 41 cer-

546 2127 368 60 tainement
946 2127 254 60 néfaste
1258 2129 291 76 puisque
1584 2127 261 60 confiée
1904 2127 576 60 nécessairement
2512 2126 38 57 à
2582 2126 120 57 des
2732 2122 432 78 professeurs
3196 2139 89 41 ou
3317 2124 117 58 des
3462 2124 157 58 criti-

545 2243 169 55 ques
750 2224 193 63 d'art.
978 2226 168 57 Mais
1176 2226 413 59 l'éducation
1622 2226 362 76 artistique
2020 2226 81 57 de
2133 2243 78 38 ce
2243 2241 132 59 que
2428 2227 147 54 tout
2605 2222 63 58 le
2721 2221 249 57 monde
3002 2219 266 78 appelle
3310 2219 227 76 l'élite,
3586 2224 68 54 et

546 2337 131 56 que
707 2319 134 59 l'on
872 2319 120 59 fait
1024 2326 152 52 tous
1207 2320 98 58 les
1330 2322 199 75 jours
1559 2320 257 60 semble
1850 2322 156 58 bien
2042 2320 62 58 la
2136 2322 210 56 chose
2389 2319 64 57 la
2499 2319 151 74 plus
2683 2315 388 60 misérable.
3108 2315 278 58 D'avoir
3418 2332 229 41 connu

543 2419 144 54 tant
733 2415 411 60 d'étudiants
1195 2419 66 74 je
1295 2436 105 40 me
1451 2419 142 57 suis
1650 2420 312 73 toujours
1994 2415 335 60 demandé
2380 2434 76 39 ce
2504 2415 208 75 qu'un
2777 2419 245 54 avocat
3066 2429 88 40 un
3205 2410 310 59 médecin
3561 2429 89 40 ou

540 2529 91 40 un
663 2512 356 74 ingénieur
1048 2513 284 77 pouvait
1363 2515 232 58 savoir
1627 2515 83 58 de
1744 2515 150 56 l'art
1926 2519 65 52 et
2023 2513 215 58 aimer
2270 2513 173 56 dans
2489 2510 321 73 Homère,
2848 2508 492 75 Shakespeare,
3386 2505 61 61 le
3491 2508 119 56 Tin-

548 2613 200 68 toret,
783 2608 298 58 Chardin
1117 2629 12 37 :
1159 2610 66 74 je
1258 2610 130 58 cite
1420 2627 114 41 ces
1567 2627 199 41 noms
1796 2627 85 39 au
1918 2610 276 59 hasard.
2230 2608 157 58 L'on
2414 2607 352 74 objectera
2793 2622 133 57 que
2956 2603 151 58 leur
3130 2600 519 78 incompétence

545 2708 100 53 est
680 2705 364 57 excusable
1102 2705 359 76 puisqu'ils
1493 2710 119 52 ont
1666 2710 193 54 autre
1893 2707 208 57 chose
2131 2705 39 56 à
2201 2703 166 58 faire
2404 2708 66 53 et
2519 2701 202 77 qu'en
2753 2717 262 42 somme
3066 2698 49 58 il
3164 2698 146 59 faut
3359 2698 142 59 êti~e
3545 2698 70 58 sé-

541 2800 415 57 rieusement
985 2798 193 61 initié
1208 2801 34 56 à
1278 2818 90 39 un
1400 2806 105 51 art
1557 2818 176 58 pour
1783 2800 60 57 le
1889 2798 244 76 goûter
2164 2798 370 76 sûrement,
2575 2796 171 60 mais
2778 2795 164 59 c'est
2973 2796 37 58 à
3054 2793 148 59 cela
3232 2810 134 59 que
3390 2793 69 76 je
3488 2810 122 44 vou-

540 2893 128 59 lais
704 2896 212 75 venir,
953 2901 62 53 et
1048 2896 183 59 voilà
1268 2913 128 41 une
1429 2918 33 31 «
1495 2896 313 75 musique
1842 2896 81 58 de
1955 2894 329 60 chambre
2321 2915 51 40 ».

692 2991 356 74 Pourtant,
1083 2991 259 76 malgré
1364 2993 168 72 cela,
1569 3010 87 39 on
1708 2991 217 76 prône
1957 3008 112 42 ces
2103 2993 247 56 braves
2407 3005 165 60 gens
2622 2989 166 58 chez
2839 2988 283 57 l'artiste
3174 2986 222 57 barbu
3452 2983 198 60 coiffé

540 3086 91 59 du
660 3086 188 76 large
880 3088 215 57 feutre
1127 3089 119 75 qui
1288 3088 147 57 leur
1471 3093 347 52 montrant
1852 3104 132 41 une
2043 3086 185 74 toile,
2267 3086 222 74 cligne
2526 3086 81 57 de
2639 3084 165 59 l'œil
2837 3082 486 77 malignement
3379 3098 82 40 en
3501 3081 149 57 leur

540 3181 247 59 faisant
819 3184 152 59 voir
1005 3203 88 39 un
1129 3184 168 76 petit
1329 3184 222 58 ruban
1612 3199 211 61 rouge
1857 3184 163 76 qu'il
2064 3189 142 53 sort
2236 3201 36 39 a
2304 3182 183 58 demi
2521 3182 83 56 de
2636 3198 71 40 sa
2766 3182 248 75 poche.
3075 3179 182 58 Pour
3288 3177 151 58 leur
3469 3194 135 41 com-

541 3277 217 76 plaire
785 3297 87 41 on
899 3281 149 57 leur
1071 3281 171 57 offre
1273 3281 120 57 des
1418 3281 453 76 productions
1894 3281 205 74 qu'on
2130 3279 149 57 leur
2302 3277 227 59 donne
2555 3294 269 42 comme
2858 3275 408 72 définitives,
3293 3274 173 57 mais
3493 3291 118 40 aux-

541 3375 281 75 quelles,
858 3394 176 58 pour
1065 3375 375 77 complaire
1474 3377 36 56 à
1549 3375 151 58 leur
1732 3377 396 73 ignorance,
2165 3392 87 41 on
2285 3392 36 39 a
2355 3374 144 76 pris
2543 3374 151 57 soin
2746 3372 83 59 de
2876 3372 268 58 donner
3188 3370 66 58 la
3301 3370 219 58 forme
3566 3369 81 57 de

538 3470 235 59 timide
805 3470 493 78 démarquages
1332 3472 342 59 d'œuvres
1706 3472 153 76 plus
1891 3470 359 61 sérieuses.
2284 3470 52 58 Il
2368 3487 80 41 en
2492 3469 144 59 faut
2683 3469 158 57 bien
2871 3485 180 60 pour
3081 3472 156 52 tous
3281 3467 98 57 les
3428 3465 217 75 goûts.

694 3567 145 57 Non
872 3570 10 54 !
917 3567 63 57 la
1012 3567 246 59 beauté
1290 3585 81 41 ne
1402 3585 71 41 se
1503 3568 169 58 tient
1708 3584 122 59 pas
1860 3585 87 39 au
1981 3567 250 61 milieu.
2267 3565 198 59 Seule
2497 3568 164 73 peut
2699 3562 541 61 s'accommoder
3271 3562 200 57 d'une
3494 3560 151 59 telle

538 3663 325 58 situation
922 3663 512 60 intermédiaire
1466 3668 176 55 cette
1698 3663 228 60 bonne
1962 3670 198 53 vertu
2218 3663 410 75 bourgeoise
2660 3662 118 76 qui
2836 3660 139 59 clôt
3029 3658 482 78 prudemment
3542 3673 105 43 ses

538 3758 218 61 volets
785 3760 393 76 lorsqu'elle
1210 3761 247 56 entend
1490 3760 181 57 crier
1710 3782 22 34 «
1767 3777 87 40 au
1888 3760 296 57 Meurtre
2219 3780 26 36 »
2275 3758 171 58 dans
2475 3758 63 58 la
2572 3775 142 56 rue,
2749 3761 175 55 cette
2956 3760 196 54 vertu
3185 3772 130 59 que
3357 3753 134 59 l'on
3535 3770 74 41 en-

540 3855 228 76 seigne
824 3855 241 77 depuis
1115 3856 310 75 l'origine
1461 3856 90 58 du
1584 3856 275 73 monde,
1918 3872 249 42 encore
2201 3853 162 78 qu'il
2396 3856 108 75 n'y
2536 3853 303 76 paraisse
2900 3851 227 78 guère.
3188 3851 52 58 Il
3290 3851 142 58 faut
3488 3850 156 57 bien

538 3951 195 59 vivre
777 3970 79 40 en
890 3953 178 73 effet,
1104 3953 171 57 mais
1307 3953 220 74 quelle
1564 3968 239 42 erreur
1837 3951 83 58 de
1952 3951 61 59 le
2047 3951 181 59 crier
2258 3968 119 41 sur
2416 3949 96 60 les
2550 3951 184 59 toits.

690 4048 129 57 Les
851 4049 251 75 grands
1137 4049 273 58 artistes
1440 4051 119 54 ont
1589 4065 182 59 pour
1801 4048 65 57 la
1903 4046 276 76 plupart
2214 4065 132 40 non
2382 4063 124 59 pas
2539 4043 173 62 vécu
2743 4044 150 58 leur
2924 4044 132 73 vie,
3095 4043 171 59 mais
3315 4059 86 43 on
3434 4058 167 61 pour-

538 4142 130 58 rait
697 4142 147 60 dire
877 4142 171 61 vécu
1076 4144 151 59 leur
1258 4148 201 69 mort,
1495 4161 266 41 comme
1794 4142 97 60 les
1928 4142 276 77 apôtres
2235 4148 64 52 et
2329 4142 97 58 les
2460 4141 398 78 prophètes.

689 4241 396 76 Cependant
1115 4259 90 41 un
1237 4241 302 59 écrivain
1576 4241 173 57 d'art
1779 4241 119 76 qui
1928 4239 261 59 semble
2214 4239 168 59 faire
2414 4237 386 78 profession
2827 4236 398 77 d'implorer
3254 4253 90 40 un
3376 4236 266 57 chacun

538 4354 81 41 en
653 4335 242 61 faveur
924 4339 83 57 de
1058 4339 178 57 deux
1264 4356 90 40 ou
1388 4337 166 58 trois
1586 4337 271 58 artistes
1893 4337 166 58 dont
2108 4337 61 58 le
2202 4335 209 58 talent
2446 4334 485 78 remarquable
2990 4332 239 59 mérite
3261 4330 384 78 cependant

536 4434 227 57 mieux
794 4452 130 58 que
946 4434 168 67 cela,
1149 4434 334 57 demande
1520 4451 85 40 au
1637 4434 310 57 cubisme
1979 4449 76 42 ce
2087 4432 165 76 qu'il
2284 4430 266 78 appelle
2577 4432 157 58 d'un
2761 4435 143 55 mot
2934 4429 293 59 barbare
3257 4432 66 56 et
3352 4427 292 59 fleurant

535 4529 421 60 l'université
983 4530 363 76 populaire
1381 4534 63 54 et
1478 4529 62 57 la
1574 4530 358 75 politique,
1969 4529 118 59 des
2118 4527 438 61 réalisations.

690 4625 93 59 Or
814 4627 185 59 voila
1032 4630 370 54 nettement
1435 4623 165 78 posé
1657 4625 63 58 le
1752 4623 356 60 critérium
2140 4623 84 60 de
2253 4623 65 58 la
2348 4620 427 64 médiocrité.
2834 4620 310 59 L'artiste
3176 4618 119 78 qui
3329 4635 37 43 a
3398 4618 246 60 réalisé

540 4727 100 54 est
670 4723 176 60 celui
880 4723 117 75 qui
1029 4742 36 39 a
1102 4722 244 61 trouvé
1376 4722 63 59 la
1474 4720 236 63 vérité.
1764 4722 102 59 Eh
1918 4722 181 74 bien,
2136 4740 160 56 uon,
2329 4739 89 42 on
2453 4737 83 42 ne
2568 4723 242 56 trouve
2841 4735 125 58 pas
2997 4715 66 59 la
3093 4715 241 64 vérité.
3367 4716 90 60 Le
3489 4735 117 59 pro-
