4221 5509
594 4876 49 83 6

799 477 68 79 Il
912 490 129 66 est
1083 477 51 79 à
1176 477 111 81 tel
1334 475 251 103 point
1627 475 427 80 affranchi
2128 477 151 78 des
2353 473 581 82 conventions
3000 473 378 80 morales
3442 473 205 104 qu'il

570 641 109 52 en
724 610 293 82 arrive
1061 612 49 78 à
1154 610 327 80 choisir
1554 609 564 101 l'hypocrisie
2164 636 348 52 comme
2585 609 308 78 l'arme
2938 607 81 80 la
3061 607 191 102 plus
3298 609 352 79 efficace

570 748 215 77 dans
858 744 80 80 la
982 742 245 80 triste
1275 758 86 66 et
1402 749 470 95 prosaïque
1918 744 342 102 époque
2321 741 115 81 où
2480 741 78 81 le
2623 741 320 81 hasard
2990 741 108 79 l'a
3141 739 156 81 fait
3341 748 309 72 naître.

572 878 232 81 Mais
850 905 100 53 ce
995 876 207 104 qu'il
1276 878 182 80 faut
1529 876 203 82 bien
1779 903 549 77 remarquer,
2375 878 214 78 c'est
2633 903 167 75 que
2846 888 230 68 cette
3149 873 503 103 hypocrisie

572 1010 588 103 n'appartient
1200 1039 154 73 pas
1400 1039 110 52 au
1566 1041 30 35 «
1642 1010 176 80 moi
1862 1012 381 100 profond
2291 1041 30 33 »
2365 1013 109 77 de
2518 1008 320 82 Julien.
2887 1007 613 105 L'hypocrisie
3534 1007 120 79 lui

572 1161 129 64 est
743 1144 391 101 imposée
1207 1173 159 74 par
1410 1173 171 50 une
1656 1144 326 79 société
2028 1144 146 103 qui
2221 1173 110 52 ne
2404 1157 347 88 permet
2812 1169 154 75 pas
3010 1144 51 78 à
3105 1169 117 51 un
3295 1140 360 82 homme

569 1306 337 75 pauvre
950 1279 277 80 d'être
1271 1278 478 94 lui-même,
1795 1278 340 81 d'avoir
2179 1306 171 53 une
2387 1278 391 81 manière
2822 1303 327 74 propre
3185 1278 108 77 de
3335 1303 322 74 penser

574 1427 86 67 et
702 1413 273 102 d'agir
1019 1413 464 80 différente
1556 1415 108 76 de
1723 1411 219 82 celle
2016 1413 222 80 fixée
2296 1440 161 73 par
2529 1413 124 80 les
2697 1410 489 81 traditions.
3259 1408 247 81 Dans
3579 1410 78 79 le

577 1549 323 79 monde
944 1547 117 79 tel
1107 1547 207 101 qu'il
1358 1554 398 94 apparaît
1798 1547 51 79 à
1889 1545 322 95 Julien,
2277 1549 217 77 dans
2540 1574 99 51 ce
2687 1547 323 78 monde
3081 1543 578 102 impitoyable

572 1709 227 73 pour
872 1681 420 79 l'homme
1336 1679 172 103 qui,
1556 1708 198 50 sans
1830 1679 457 81 naissance
2362 1694 86 66 et
2492 1708 198 50 sans
2766 1692 331 87 argent,
3146 1704 91 53 se
3310 1691 351 86 permet

572 1814 342 82 d'avoir
958 1841 171 53 une
1173 1816 195 76 âme
1415 1813 705 81 extraordinaire
2167 1828 85 64 et
2287 1814 107 78 de
2438 1813 599 101 revendiquer
3071 1813 215 78 dans
3332 1811 325 78 l'ordre

575 1948 268 81 social
887 1948 79 80 le
1011 1968 215 80 rang
1275 1946 147 102 qui
1468 1946 117 80 lui
1630 1962 129 66 est
1805 1946 682 82 naturellement
2531 1946 144 94 dû,
2719 1946 81 78 la
2844 1943 640 83 dissimulation
3530 1957 129 67 est

574 2084 79 79 le
699 2082 185 81 seul
929 2109 324 75 moyen
1298 2084 109 77 de
1452 2109 111 52 ne
1605 2109 154 73 pas
1832 2080 264 102 périr.
2181 2111 32 34 «
2258 2080 305 93 Hélas,
2609 2079 124 81 dit
2775 2079 293 81 Julien
3114 2106 216 52 avec
3378 2104 225 52 amer-

575 2231 273 80 tume,
894 2217 213 78 c'est
1182 2243 143 52 ma
1398 2216 239 79 seule
1710 2243 249 52 arme
2003 2244 125 50 »...
2186 2244 28 34 «
2262 2214 157 80 Ma
2492 2214 168 93 vie,
2716 2212 222 80 dit-il
3012 2239 354 66 encore,
3440 2212 221 78 n'est

579 2351 269 102 qu'un
890 2348 215 81 tissu
1149 2348 639 103 d'hypocrisies
1832 2377 266 72 parce
2143 2377 168 72 que
2374 2348 81 101 je
2514 2346 171 81 n'ai
2731 2373 152 75 pas
2931 2346 235 80 mille
3208 2346 297 80 francs
3551 2344 106 78 de

577 2497 254 68 rente
904 2510 227 75 pour
1175 2482 362 81 acheter
1581 2483 117 78 du
1769 2482 205 101 pain
2018 2512 69 47 ».
2164 2480 255 83 Chez
2465 2495 139 66 cet
2677 2480 362 79 homme
3085 2478 144 103 qui
3297 2478 162 80 sait
3500 2505 159 73 par

577 2646 252 52 cœur
900 2619 82 79 le
1026 2619 186 78 rôle
1258 2619 106 78 de
1410 2614 400 96 Tartufe,
1884 2617 56 78 il
1986 2617 278 80 existe
2308 2644 110 53 en
2462 2615 306 82 réalité
2814 2642 171 53 une
3059 2614 353 101 passion
3474 2612 141 81 fon-

577 2752 237 82 cière
858 2780 227 74 pour
1127 2752 82 80 la
1253 2751 306 81 vérité.
1608 2749 153 83 Un
1808 2766 183 64 mot
2032 2749 204 103 jailli
2284 2756 510 74 naïvement
2838 2751 115 76 du
2998 2774 276 68 cœur,
3313 2774 116 53 un
3478 2761 183 64 mot

575 2885 397 81 illuminé
1014 2886 108 78 de
1168 2883 410 81 sincérité
1623 2883 481 81 l'attendrit
2145 2883 464 101 jusqu'aux
2655 2883 347 78 larmes.
3049 2910 31 36 «
3119 2879 166 82 J'ai
3320 2879 227 80 aimé
3584 2879 78 78 la

579 3020 282 81 vérité
907 3049 31 35 »
1022 3045 92 53 se
1158 3018 218 80 dit-il
1451 3018 49 78 à
1573 3017 450 81 lui-même
2069 3045 108 53 en
2223 3044 159 52 son
2457 3015 304 81 ultime
2836 3042 372 53 examen
3288 3015 108 78 de
3457 3040 153 53 con-

580 3154 376 81 science.
1033 3150 233 82 Mais
1309 3150 292 82 Julien
1647 3166 396 66 constate
2087 3150 243 82 hélas
2375 3177 171 75 que
2592 3177 102 53 ce
2739 3166 199 62 sont
2980 3150 108 78 de
3132 3162 192 66 tout
3368 3161 296 66 autres

580 3288 351 81 notions
977 3313 169 74 que
1192 3286 216 79 celle
1452 3286 109 78 de
1607 3284 279 80 vérité
1940 3284 144 103 qui
2133 3298 359 67 servent
2536 3286 109 76 de
2689 3284 208 78 base
2941 3284 51 78 à
3041 3282 81 80 la
3171 3281 327 81 société
3561 3281 108 78 de

587 3450 158 53 son
790 3437 283 86 temps
1110 3418 19 81 !
1205 3418 442 103 Lorsqu'il
1723 3421 370 100 regarde
2138 3433 319 66 autour
2501 3420 106 78 de
2680 3416 146 95 lui,
2871 3418 55 80 il
2971 3416 188 82 voit
3219 3428 286 68 toutes
3551 3415 121 79 les

587 3555 457 81 situations
1088 3569 634 86 avantageuses
1767 3567 254 66 entre
2065 3553 124 80 les
2235 3552 281 81 mains
2560 3553 110 78 de
2714 3572 207 81 gens
2966 3550 148 103 qui
3159 3550 122 80 les
3327 3564 154 66 ont
3523 3548 100 80 ob-

587 3706 308 66 tenues
938 3718 161 72 par
1141 3689 79 81 le
1265 3689 320 79 hasard
1632 3687 400 81 heureux
2077 3689 107 79 de
2258 3689 80 78 la
2404 3685 456 82 naissance
2904 3714 115 51 ou
3063 3684 347 79 d'utiles
3456 3682 173 80 rela-

587 3824 258 80 tions.
890 3821 271 81 Nulle
1204 3823 250 101 place
1498 3848 225 75 pour
1767 3821 78 80 le
1884 3821 192 81 vrai
2115 3819 342 82 mérite.
2490 3819 292 82 Julien
2819 3819 112 80 né
2965 3816 433 103 plébéien,
3444 3816 228 79 doué

589 3960 262 78 d'une
895 3955 706 103 exceptionnelle
1635 3955 309 81 valeur
1979 3984 90 52 se
2115 3956 301 80 dresse
2462 3968 310 66 contre
2817 3980 159 53 son
3022 3953 369 102 époque.
3440 3948 68 81 Il
3544 3962 130 67 est

599 4122 29 38 «
675 4094 420 79 l'homme
1141 4090 581 81 malheureux
1764 4119 97 51 en
1900 4114 291 74 guerre
2231 4116 195 54 avec
2472 4100 220 68 toute
2734 4089 82 79 la
2858 4092 301 76 société
3193 4116 68 47 ».

819 4226 234 81 Face
1097 4254 112 51 au
1254 4226 325 79 monde
1651 4224 342 81 hostile.
2037 4224 294 81 Julien
2377 4226 202 78 n'en
2653 4221 462 81 maintient
3186 4248 155 74 pas
3390 4216 282 82 moins

592 4387 347 54 comme
983 4359 236 102 règle
1292 4359 108 78 de
1446 4356 415 81 conduite
1933 4358 82 79 la
2057 4358 115 79 loi
2218 4356 206 103 qu'il
2490 4371 319 65 trouve
2863 4381 110 55 en
3019 4353 477 79 lui-même.
3544 4349 130 80 La

589 4493 115 81 loi
750 4495 108 79 de
900 4493 320 95 Julien,
1268 4495 213 78 c'est
1522 4492 79 79 le
1646 4492 741 103 développement
2430 4492 108 79 de
2582 4517 93 52 sa
2717 4486 625 104 personnalité.
3417 4483 257 81 Nous

591 4629 408 84 arrivons
1044 4629 217 79 ainsi
1307 4629 51 79 à
1400 4654 119 54 un
1564 4629 325 78 second
1966 4629 272 100 grand
2313 4625 205 82 trait
2560 4625 108 78 de
2731 4624 454 81 caractère
3229 4622 108 79 de
3381 4617 293 84 Julien
