<?xml version="1.0" encoding="UTF-8"?>
<alto xmlns:xsi="http://www.w3.org/2001/XMLSchema-instance" xmlns="http://www.loc.gov/standards/alto/ns-v2#" xsi:schemaLocation="http://www.loc.gov/standards/alto/ns-v2# http://www.loc.gov/standards/alto/alto-v2.0.xsd" xmlns:xlink="http://www.w3.org/1999/xlink">
	<Description>
		<MeasurementUnit>mm10</MeasurementUnit>
		<sourceImageInformation>
			<fileName>//fileserver7/IN2/Princeton/Batch2/bmtnaab/1920/02_01/00000089.tif</fileName>
		</sourceImageInformation>
		<OCRProcessing ID="OCRPROCESSING_1">
			<preProcessingStep>
				<processingSoftware>
					<softwareCreator>CCS Content Conversion Specialists GmbH, Germany</softwareCreator>
					<softwareName>CCS docWORKS</softwareName>
					<softwareVersion>6.6-0.29</softwareVersion>
				</processingSoftware>
			</preProcessingStep>
			<ocrProcessingStep>
				<processingSoftware>
					<softwareCreator>ABBYY (BIT Software), Russia</softwareCreator>
					<softwareName>FineReader</softwareName>
					<softwareVersion>10.0</softwareVersion>
				</processingSoftware>
			</ocrProcessingStep>
		</OCRProcessing>
	</Description>
	<Styles>
		<TextStyle ID="TXT_0" FONTSIZE="10" FONTFAMILY="Times New Roman"/>
		<ParagraphStyle ID="PAR_LEFT" ALIGN="Left"/>
	</Styles>
	<Layout>
		<Page ID="P89" PHYSICAL_IMG_NR="89" HEIGHT="5509" WIDTH="4221" PC="0.749">
			<TopMargin ID="P89_TM00001" HPOS="0" VPOS="0" WIDTH="4221" HEIGHT="4"/>
			<LeftMargin ID="P89_LM00001" HPOS="0" VPOS="4" WIDTH="4" HEIGHT="5498"/>
			<RightMargin ID="P89_RM00001" HPOS="4215" VPOS="4" WIDTH="6" HEIGHT="5498"/>
			<BottomMargin ID="P89_BM00001" HPOS="0" VPOS="5502" WIDTH="4221" HEIGHT="7"/>
			<PrintSpace ID="P89_PS00001" HPOS="4" VPOS="4" WIDTH="4211" HEIGHT="5498">
				<ComposedBlock ID="P89_CB00001" HPOS="702" VPOS="588" WIDTH="2658" HEIGHT="4103" TYPE="Advertisement">
					<TextBlock ID="P89_TB00001" HPOS="702" VPOS="588" WIDTH="2658" HEIGHT="4103" STYLEREFS="TXT_0 PAR_LEFT">
						<TextLine ID="P89_TL00001" HPOS="1285" VPOS="612" WIDTH="1439" HEIGHT="85">
							<String ID="P89_ST00001" HPOS="1285" VPOS="612" WIDTH="793" HEIGHT="85" CONTENT="EDITIONS" WC="0.98" CC="35323523"/>
							<SP ID="P89_SP00001" HPOS="2078" VPOS="697" WIDTH="152"/>
							<String ID="P89_ST00002" HPOS="2230" VPOS="616" WIDTH="494" HEIGHT="81" CONTENT="D'ART" WC="0.60" CC="60506"/>
						</TextLine>
						<TextLine ID="P89_TL00002" HPOS="770" VPOS="839" WIDTH="2547" HEIGHT="210">
							<String ID="P89_ST00003" HPOS="770" VPOS="839" WIDTH="1247" HEIGHT="210" CONTENT="SAVOIR" WC="0.90" CC="000600"/>
							<SP ID="P89_SP00002" HPOS="2017" VPOS="1049" WIDTH="216"/>
							<String ID="P89_ST00004" HPOS="2233" VPOS="846" WIDTH="1084" HEIGHT="203" CONTENT="VIVRE" WC="0.63" CC="07531"/>
						</TextLine>
						<TextLine ID="P89_TL00003" HPOS="957" VPOS="1202" WIDTH="2140" HEIGHT="98">
							<String ID="P89_ST00005" HPOS="957" VPOS="1202" WIDTH="132" HEIGHT="94" CONTENT="86," WC="0.70" CC="260"/>
							<SP ID="P89_SP00003" HPOS="1089" VPOS="1296" WIDTH="67"/>
							<String ID="P89_ST00006" HPOS="1156" VPOS="1202" WIDTH="254" HEIGHT="81" CONTENT="RUE" WC="0.96" CC="460"/>
							<SP ID="P89_SP00004" HPOS="1410" VPOS="1296" WIDTH="68"/>
							<String ID="P89_ST00007" HPOS="1478" VPOS="1205" WIDTH="163" HEIGHT="78" CONTENT="DE" WC="0.53" CC="63"/>
							<SP ID="P89_SP00005" HPOS="1641" VPOS="1296" WIDTH="67"/>
							<String ID="P89_ST00008" HPOS="1708" VPOS="1205" WIDTH="766" HEIGHT="95" CONTENT="L'AQUEDUC," WC="0.73" CC="4043306400"/>
							<SP ID="P89_SP00006" HPOS="2474" VPOS="1300" WIDTH="68"/>
							<String ID="P89_ST00009" HPOS="2542" VPOS="1205" WIDTH="132" HEIGHT="95" CONTENT="86," WC="0.56" CC="444"/>
							<SP ID="P89_SP00007" HPOS="2674" VPOS="1300" WIDTH="67"/>
							<String ID="P89_ST00010" HPOS="2741" VPOS="1208" WIDTH="356" HEIGHT="78" CONTENT="PARIS" WC="0.99" CC="50012"/>
						</TextLine>
						<TextLine ID="P89_TL00004" HPOS="711" VPOS="1450" WIDTH="2645" HEIGHT="87">
							<String ID="P89_ST00011" HPOS="711" VPOS="1476" WIDTH="78" HEIGHT="42" CONTENT="se" WC="0.96" CC="00"/>
							<SP ID="P89_SP00008" HPOS="789" VPOS="1518" WIDTH="57"/>
							<String ID="P89_ST00012" HPOS="846" VPOS="1476" WIDTH="321" HEIGHT="56" CONTENT="propose" WC="0.99" CC="2402400"/>
							<SP ID="P89_SP00009" HPOS="1167" VPOS="1532" WIDTH="57"/>
							<String ID="P89_ST00013" HPOS="1224" VPOS="1452" WIDTH="92" HEIGHT="68" CONTENT="de" WC="1.00" CC="00"/>
							<SP ID="P89_SP00010" HPOS="1316" VPOS="1532" WIDTH="67"/>
							<String ID="P89_ST00014" HPOS="1383" VPOS="1450" WIDTH="297" HEIGHT="83" CONTENT="pubiier" WC="0.53" CC="0865704"/>
							<SP ID="P89_SP00011" HPOS="1680" VPOS="1533" WIDTH="52"/>
							<String ID="P89_ST00015" HPOS="1732" VPOS="1476" WIDTH="183" HEIGHT="44" CONTENT="avec" WC="0.91" CC="0300"/>
							<SP ID="P89_SP00012" HPOS="1915" VPOS="1533" WIDTH="76"/>
							<String ID="P89_ST00016" HPOS="1991" VPOS="1454" WIDTH="66" HEIGHT="66" CONTENT="le" WC="0.65" CC="60"/>
							<SP ID="P89_SP00013" HPOS="2057" VPOS="1533" WIDTH="51"/>
							<String ID="P89_ST00017" HPOS="2108" VPOS="1454" WIDTH="205" HEIGHT="68" CONTENT="souci" WC="0.78" CC="02006"/>
							<SP ID="P89_SP00014" HPOS="2313" VPOS="1533" WIDTH="74"/>
							<String ID="P89_ST00018" HPOS="2387" VPOS="1456" WIDTH="66" HEIGHT="66" CONTENT="le" WC="0.69" CC="60"/>
							<SP ID="P89_SP00015" HPOS="2453" VPOS="1533" WIDTH="61"/>
							<String ID="P89_ST00019" HPOS="2514" VPOS="1456" WIDTH="165" HEIGHT="81" CONTENT="plus" WC="0.97" CC="5610"/>
							<SP ID="P89_SP00016" HPOS="2679" VPOS="1537" WIDTH="64"/>
							<String ID="P89_ST00020" HPOS="2743" VPOS="1469" WIDTH="337" HEIGHT="54" CONTENT="constant" WC="0.99" CC="04550033"/>
							<SP ID="P89_SP00017" HPOS="3080" VPOS="1537" WIDTH="54"/>
							<String ID="P89_ST00021" HPOS="3134" VPOS="1457" WIDTH="92" HEIGHT="66" CONTENT="de" WC="1.00" CC="00"/>
							<SP ID="P89_SP00018" HPOS="3226" VPOS="1537" WIDTH="64"/>
							<String ID="P89_ST00022" HPOS="3290" VPOS="1456" WIDTH="66" HEIGHT="66" CONTENT="la" WC="0.64" CC="42"/>
						</TextLine>
						<TextLine ID="P89_TL00005" HPOS="711" VPOS="1564" WIDTH="2645" HEIGHT="85">
							<String ID="P89_ST00023" HPOS="711" VPOS="1564" WIDTH="503" HEIGHT="81" CONTENT="presentation" WC="0.99" CC="000209000932"/>
							<SP ID="P89_SP00019" HPOS="1214" VPOS="1645" WIDTH="56"/>
							<String ID="P89_ST00024" HPOS="1270" VPOS="1566" WIDTH="614" HEIGHT="81" CONTENT="typographique," WC="0.78" CC="70010500500603"/>
							<SP ID="P89_SP00020" HPOS="1884" VPOS="1647" WIDTH="41"/>
							<String ID="P89_ST00025" HPOS="1925" VPOS="1567" WIDTH="131" HEIGHT="66" CONTENT="des" WC="1.00" CC="000"/>
							<SP ID="P89_SP00021" HPOS="2056" VPOS="1647" WIDTH="37"/>
							<String ID="P89_ST00026" HPOS="2093" VPOS="1581" WIDTH="364" HEIGHT="68" CONTENT="ouvrages" WC="0.80" CC="47040000"/>
							<SP ID="P89_SP00022" HPOS="2457" VPOS="1649" WIDTH="54"/>
							<String ID="P89_ST00027" HPOS="2511" VPOS="1567" WIDTH="269" HEIGHT="70" CONTENT="choisis" WC="0.73" CC="1627010"/>
							<SP ID="P89_SP00023" HPOS="2780" VPOS="1649" WIDTH="38"/>
							<String ID="P89_ST00028" HPOS="2818" VPOS="1569" WIDTH="93" HEIGHT="66" CONTENT="de" WC="1.00" CC="00"/>
							<SP ID="P89_SP00024" HPOS="2911" VPOS="1649" WIDTH="39"/>
							<String ID="P89_ST00029" HPOS="2950" VPOS="1567" WIDTH="406" HEIGHT="70" CONTENT="litterature" WC="0.88" CC="23000100050"/>
						</TextLine>
						<TextLine ID="P89_TL00006" HPOS="714" VPOS="1677" WIDTH="2644" HEIGHT="87">
							<String ID="P89_ST00030" HPOS="714" VPOS="1691" WIDTH="72" HEIGHT="54" CONTENT="et" WC="1.00" CC="00"/>
							<SP ID="P89_SP00025" HPOS="786" VPOS="1745" WIDTH="45"/>
							<String ID="P89_ST00031" HPOS="831" VPOS="1679" WIDTH="209" HEIGHT="66" CONTENT="d'art." WC="0.70" CC="006074"/>
							<SP ID="P89_SP00026" HPOS="1040" VPOS="1745" WIDTH="33"/>
							<String ID="P89_ST00032" HPOS="1073" VPOS="1677" WIDTH="376" HEIGHT="70" CONTENT="Desireux" WC="0.74" CC="20065230"/>
							<SP ID="P89_SP00027" HPOS="1449" VPOS="1747" WIDTH="39"/>
							<String ID="P89_ST00033" HPOS="1488" VPOS="1679" WIDTH="93" HEIGHT="68" CONTENT="de" WC="0.64" CC="70"/>
							<SP ID="P89_SP00028" HPOS="1581" VPOS="1747" WIDTH="55"/>
							<String ID="P89_ST00034" HPOS="1636" VPOS="1679" WIDTH="396" HEIGHT="69" CONTENT="continuer" WC="0.77" CC="024033104"/>
							<SP ID="P89_SP00029" HPOS="2032" VPOS="1748" WIDTH="51"/>
							<String ID="P89_ST00035" HPOS="2083" VPOS="1681" WIDTH="67" HEIGHT="67" CONTENT="la" WC="0.86" CC="20"/>
							<SP ID="P89_SP00030" HPOS="2150" VPOS="1748" WIDTH="51"/>
							<String ID="P89_ST00036" HPOS="2201" VPOS="1681" WIDTH="347" HEIGHT="69" CONTENT="tradition" WC="0.99" CC="040078650"/>
							<SP ID="P89_SP00031" HPOS="2548" VPOS="1750" WIDTH="54"/>
							<String ID="P89_ST00037" HPOS="2602" VPOS="1682" WIDTH="133" HEIGHT="68" CONTENT="des" WC="0.71" CC="610"/>
							<SP ID="P89_SP00032" HPOS="2735" VPOS="1750" WIDTH="52"/>
							<String ID="P89_ST00038" HPOS="2787" VPOS="1684" WIDTH="269" HEIGHT="80" CONTENT="grands" WC="0.99" CC="770000"/>
							<SP ID="P89_SP00033" HPOS="3056" VPOS="1764" WIDTH="54"/>
							<String ID="P89_ST00039" HPOS="3110" VPOS="1682" WIDTH="248" HEIGHT="82" CONTENT="impri-" WC="0.78" CC="600024"/>
						</TextLine>
						<TextLine ID="P89_TL00007" HPOS="714" VPOS="1794" WIDTH="2642" HEIGHT="85">
							<String ID="P89_ST00040" HPOS="714" VPOS="1820" WIDTH="251" HEIGHT="42" CONTENT="meurs" WC="0.92" CC="00040"/>
							<SP ID="P89_SP00034" HPOS="965" VPOS="1862" WIDTH="39"/>
							<String ID="P89_ST00041" HPOS="1004" VPOS="1796" WIDTH="93" HEIGHT="66" CONTENT="de" WC="0.62" CC="70"/>
							<SP ID="P89_SP00035" HPOS="1097" VPOS="1862" WIDTH="41"/>
							<String ID="P89_ST00042" HPOS="1138" VPOS="1796" WIDTH="64" HEIGHT="64" CONTENT="la" WC="0.08" CC="89"/>
							<SP ID="P89_SP00036" HPOS="1202" VPOS="1862" WIDTH="39"/>
							<String ID="P89_ST00043" HPOS="1241" VPOS="1794" WIDTH="527" HEIGHT="81" CONTENT="Renaissance," WC="0.99" CC="403080682000"/>
							<SP ID="P89_SP00037" HPOS="1768" VPOS="1875" WIDTH="56"/>
							<String ID="P89_ST00044" HPOS="1824" VPOS="1796" WIDTH="66" HEIGHT="66" CONTENT="la" WC="0.45" CC="55"/>
							<SP ID="P89_SP00038" HPOS="1890" VPOS="1875" WIDTH="35"/>
							<String ID="P89_ST00045" HPOS="1925" VPOS="1794" WIDTH="210" HEIGHT="70" CONTENT="firme" WC="0.85" CC="00105"/>
							<SP ID="P89_SP00039" HPOS="2135" VPOS="1875" WIDTH="39"/>
							<String ID="P89_ST00046" HPOS="2174" VPOS="1796" WIDTH="46" HEIGHT="69" CONTENT="S" WC="0.55" CC="4"/>
							<SP ID="P89_SP00040" HPOS="2220" VPOS="1875" WIDTH="7"/>
							<String ID="P89_ST00047" HPOS="2227" VPOS="1823" WIDTH="40" HEIGHT="41" CONTENT="a" WC="0.31" CC="6"/>
							<SP ID="P89_SP00041" HPOS="2267" VPOS="1875" WIDTH="7"/>
							<String ID="P89_ST00048" HPOS="2274" VPOS="1823" WIDTH="163" HEIGHT="42" CONTENT="voir" WC="0.96" CC="6085"/>
							<SP ID="P89_SP00042" HPOS="2437" VPOS="1875" WIDTH="38"/>
							<String ID="P89_ST00049" HPOS="2475" VPOS="1798" WIDTH="260" HEIGHT="81" CONTENT="Vivre," WC="0.44" CC="652944"/>
							<SP ID="P89_SP00043" HPOS="2735" VPOS="1879" WIDTH="52"/>
							<String ID="P89_ST00050" HPOS="2787" VPOS="1796" WIDTH="425" HEIGHT="71" CONTENT="s'efforcera" WC="0.87" CC="04000540000"/>
							<SP ID="P89_SP00044" HPOS="3212" VPOS="1879" WIDTH="51"/>
							<String ID="P89_ST00051" HPOS="3263" VPOS="1799" WIDTH="93" HEIGHT="66" CONTENT="de" WC="1.00" CC="00"/>
						</TextLine>
						<TextLine ID="P89_TL00008" HPOS="713" VPOS="1909" WIDTH="2643" HEIGHT="83">
							<String ID="P89_ST00052" HPOS="713" VPOS="1921" WIDTH="323" HEIGHT="68" CONTENT="grouper" WC="0.98" CC="9604002"/>
							<SP ID="P89_SP00045" HPOS="1036" VPOS="1989" WIDTH="61"/>
							<String ID="P89_ST00053" HPOS="1097" VPOS="1909" WIDTH="103" HEIGHT="66" CONTENT="les" WC="0.93" CC="100"/>
							<SP ID="P89_SP00046" HPOS="1200" VPOS="1989" WIDTH="63"/>
							<String ID="P89_ST00054" HPOS="1263" VPOS="1909" WIDTH="163" HEIGHT="80" CONTENT="plus" WC="0.97" CC="0426"/>
							<SP ID="P89_SP00047" HPOS="1426" VPOS="1989" WIDTH="52"/>
							<String ID="P89_ST00055" HPOS="1478" VPOS="1909" WIDTH="412" HEIGHT="66" CONTENT="valeureux" WC="0.78" CC="053000350"/>
							<SP ID="P89_SP00048" HPOS="1890" VPOS="1989" WIDTH="61"/>
							<String ID="P89_ST00056" HPOS="1951" VPOS="1909" WIDTH="308" HEIGHT="70" CONTENT="artisans" WC="0.99" CC="04750000"/>
							<SP ID="P89_SP00049" HPOS="2259" VPOS="1989" WIDTH="62"/>
							<String ID="P89_ST00057" HPOS="2321" VPOS="1913" WIDTH="100" HEIGHT="66" CONTENT="du" WC="0.82" CC="03"/>
							<SP ID="P89_SP00050" HPOS="2421" VPOS="1989" WIDTH="63"/>
							<String ID="P89_ST00058" HPOS="2484" VPOS="1911" WIDTH="186" HEIGHT="68" CONTENT="livre" WC="0.56" CC="54740"/>
							<SP ID="P89_SP00051" HPOS="2670" VPOS="1989" WIDTH="68"/>
							<String ID="P89_ST00059" HPOS="2738" VPOS="1911" WIDTH="564" HEIGHT="81" CONTENT="conteniporain" WC="0.70" CC="0006077000537"/>
							<SP ID="P89_SP00052" HPOS="3302" VPOS="1992" WIDTH="39"/>
							<String ID="P89_ST00060" HPOS="3341" VPOS="1936" WIDTH="15" HEIGHT="43" CONTENT=":" WC="1.00" CC="0"/>
						</TextLine>
						<TextLine ID="P89_TL00009" HPOS="713" VPOS="2023" WIDTH="2643" HEIGHT="84">
							<String ID="P89_ST00061" HPOS="713" VPOS="2036" WIDTH="215" HEIGHT="55" CONTENT="usant" WC="0.63" CC="00278"/>
							<SP ID="P89_SP00053" HPOS="928" VPOS="2091" WIDTH="42"/>
							<String ID="P89_ST00062" HPOS="970" VPOS="2024" WIDTH="92" HEIGHT="67" CONTENT="de" WC="1.00" CC="00"/>
							<SP ID="P89_SP00054" HPOS="1062" VPOS="2091" WIDTH="38"/>
							<String ID="P89_ST00063" HPOS="1100" VPOS="2023" WIDTH="365" HEIGHT="81" CONTENT="quelques" WC="0.74" CC="40051602"/>
							<SP ID="P89_SP00055" HPOS="1465" VPOS="2104" WIDTH="47"/>
							<String ID="P89_ST00064" HPOS="1512" VPOS="2024" WIDTH="335" HEIGHT="68" CONTENT="donnees" WC="0.88" CC="0106000"/>
							<SP ID="P89_SP00056" HPOS="1847" VPOS="2104" WIDTH="54"/>
							<String ID="P89_ST00065" HPOS="1901" VPOS="2026" WIDTH="387" HEIGHT="68" CONTENT="nouvelles" WC="0.57" CC="056640716"/>
							<SP ID="P89_SP00057" HPOS="2288" VPOS="2104" WIDTH="37"/>
							<String ID="P89_ST00066" HPOS="2325" VPOS="2041" WIDTH="71" HEIGHT="53" CONTENT="et" WC="1.00" CC="00"/>
							<SP ID="P89_SP00058" HPOS="2396" VPOS="2104" WIDTH="37"/>
							<String ID="P89_ST00067" HPOS="2433" VPOS="2040" WIDTH="420" HEIGHT="67" CONTENT="respectant" WC="0.83" CC="5000006040"/>
							<SP ID="P89_SP00059" HPOS="2853" VPOS="2107" WIDTH="36"/>
							<String ID="P89_ST00068" HPOS="2889" VPOS="2028" WIDTH="67" HEIGHT="66" CONTENT="la" WC="0.88" CC="20"/>
							<SP ID="P89_SP00060" HPOS="2956" VPOS="2107" WIDTH="38"/>
							<String ID="P89_ST00069" HPOS="2994" VPOS="2026" WIDTH="213" HEIGHT="81" CONTENT="legon" WC="0.34" CC="80878"/>
							<SP ID="P89_SP00061" HPOS="3207" VPOS="2107" WIDTH="56"/>
							<String ID="P89_ST00070" HPOS="3263" VPOS="2028" WIDTH="93" HEIGHT="66" CONTENT="de" WC="1.00" CC="00"/>
						</TextLine>
						<TextLine ID="P89_TL00010" HPOS="713" VPOS="2136" WIDTH="2643" HEIGHT="82">
							<String ID="P89_ST00071" HPOS="713" VPOS="2160" WIDTH="115" HEIGHT="44" CONTENT="ses" WC="0.87" CC="003"/>
							<SP ID="P89_SP00062" HPOS="828" VPOS="2204" WIDTH="68"/>
							<String ID="P89_ST00072" HPOS="896" VPOS="2136" WIDTH="599" HEIGHT="82" CONTENT="predecesseurs," WC="0.83" CC="03200025404000"/>
							<SP ID="P89_SP00063" HPOS="1495" VPOS="2218" WIDTH="64"/>
							<String ID="P89_ST00073" HPOS="1559" VPOS="2138" WIDTH="139" HEIGHT="66" CONTENT="elle" WC="0.66" CC="0850"/>
							<SP ID="P89_SP00064" HPOS="1698" VPOS="2218" WIDTH="68"/>
							<String ID="P89_ST00074" HPOS="1766" VPOS="2150" WIDTH="296" HEIGHT="68" CONTENT="compte" WC="0.99" CC="000000"/>
							<SP ID="P89_SP00065" HPOS="2062" VPOS="2218" WIDTH="58"/>
							<String ID="P89_ST00075" HPOS="2120" VPOS="2138" WIDTH="208" HEIGHT="68" CONTENT="aider" WC="0.98" CC="08036"/>
							<SP ID="P89_SP00066" HPOS="2328" VPOS="2218" WIDTH="61"/>
							<String ID="P89_ST00076" HPOS="2389" VPOS="2163" WIDTH="37" HEIGHT="44" CONTENT="a" WC="0.46" CC="5"/>
							<SP ID="P89_SP00067" HPOS="2426" VPOS="2218" WIDTH="38"/>
							<String ID="P89_ST00077" HPOS="2464" VPOS="2140" WIDTH="604" HEIGHT="67" CONTENT="l'etablissement" WC="0.78" CC="530000470020070"/>
							<SP ID="P89_SP00068" HPOS="3068" VPOS="2218" WIDTH="63"/>
							<String ID="P89_ST00078" HPOS="3131" VPOS="2141" WIDTH="225" HEIGHT="66" CONTENT="d'une" WC="0.82" CC="03040"/>
						</TextLine>
						<TextLine ID="P89_TL00011" HPOS="711" VPOS="2251" WIDTH="1712" HEIGHT="83">
							<String ID="P89_ST00079" HPOS="711" VPOS="2275" WIDTH="266" HEIGHT="42" CONTENT="oeuvre" WC="0.64" CC="823240"/>
							<SP ID="P89_SP00069" HPOS="977" VPOS="2317" WIDTH="32"/>
							<String ID="P89_ST00080" HPOS="1009" VPOS="2267" WIDTH="69" HEIGHT="62" CONTENT="ty" WC="0.67" CC="06"/>
							<SP ID="P89_SP00070" HPOS="1078" VPOS="2329" WIDTH="12"/>
							<String ID="P89_ST00081" HPOS="1090" VPOS="2251" WIDTH="227" HEIGHT="80" CONTENT="pique" WC="0.96" CC="90962"/>
							<SP ID="P89_SP00071" HPOS="1317" VPOS="2331" WIDTH="37"/>
							<String ID="P89_ST00082" HPOS="1354" VPOS="2267" WIDTH="72" HEIGHT="50" CONTENT="et" WC="0.68" CC="41"/>
							<SP ID="P89_SP00072" HPOS="1426" VPOS="2331" WIDTH="33"/>
							<String ID="P89_ST00083" HPOS="1459" VPOS="2275" WIDTH="187" HEIGHT="56" CONTENT="prop" WC="0.95" CC="9760"/>
							<SP ID="P89_SP00073" HPOS="1646" VPOS="2331" WIDTH="10"/>
							<String ID="P89_ST00084" HPOS="1656" VPOS="2275" WIDTH="76" HEIGHT="42" CONTENT="re" WC="1.00" CC="00"/>
							<SP ID="P89_SP00074" HPOS="1732" VPOS="2331" WIDTH="46"/>
							<String ID="P89_ST00085" HPOS="1778" VPOS="2275" WIDTH="39" HEIGHT="42" CONTENT="a" WC="1.00" CC="0"/>
							<SP ID="P89_SP00075" HPOS="1817" VPOS="2331" WIDTH="39"/>
							<String ID="P89_ST00086" HPOS="1856" VPOS="2265" WIDTH="210" HEIGHT="52" CONTENT="notre" WC="0.32" CC="79690"/>
							<SP ID="P89_SP00076" HPOS="2066" VPOS="2331" WIDTH="40"/>
							<String ID="P89_ST00087" HPOS="2106" VPOS="2275" WIDTH="317" HEIGHT="59" CONTENT="epoque." WC="0.85" CC="0003006"/>
						</TextLine>
						<TextLine ID="P89_TL00012" HPOS="902" VPOS="2475" WIDTH="844" HEIGHT="44">
							<String ID="P89_ST00088" HPOS="902" VPOS="2477" WIDTH="175" HEIGHT="42" CONTENT="SONT" WC="0.71" CC="3043"/>
							<SP ID="P89_SP00077" HPOS="1077" VPOS="2519" WIDTH="56"/>
							<String ID="P89_ST00089" HPOS="1133" VPOS="2477" WIDTH="115" HEIGHT="42" CONTENT="MIS" WC="0.95" CC="560"/>
							<SP ID="P89_SP00078" HPOS="1248" VPOS="2519" WIDTH="59"/>
							<String ID="P89_ST00090" HPOS="1307" VPOS="2477" WIDTH="92" HEIGHT="42" CONTENT="EN" WC="0.83" CC="11"/>
							<SP ID="P89_SP00079" HPOS="1399" VPOS="2519" WIDTH="62"/>
							<String ID="P89_ST00091" HPOS="1461" VPOS="2477" WIDTH="229" HEIGHT="42" CONTENT="VENTE" WC="0.50" CC="04865"/>
							<SP ID="P89_SP00080" HPOS="1690" VPOS="2519" WIDTH="40"/>
							<String ID="P89_ST00092" HPOS="1730" VPOS="2475" WIDTH="16" HEIGHT="42" CONTENT=":" WC="0.72" CC="2"/>
						</TextLine>
						<TextLine ID="P89_TL00013" HPOS="713" VPOS="2688" WIDTH="2645" HEIGHT="83">
							<String ID="P89_ST00093" HPOS="713" VPOS="2690" WIDTH="228" HEIGHT="68" CONTENT="Louis" WC="0.99" CC="30500"/>
							<SP ID="P89_SP00081" HPOS="941" VPOS="2758" WIDTH="29"/>
							<String ID="P89_ST00094" HPOS="970" VPOS="2690" WIDTH="315" HEIGHT="68" CONTENT="Bagnan" WC="0.83" CC="100305"/>
							<SP ID="P89_SP00082" HPOS="1285" VPOS="2758" WIDTH="27"/>
							<String ID="P89_ST00095" HPOS="1312" VPOS="2714" WIDTH="15" HEIGHT="44" CONTENT=":" WC="1.00" CC="0"/>
							<SP ID="P89_SP00083" HPOS="1327" VPOS="2758" WIDTH="31"/>
							<String ID="P89_ST00096" HPOS="1358" VPOS="2690" WIDTH="42" HEIGHT="66" CONTENT="I" WC="0.47" CC="5"/>
							<SP ID="P89_SP00084" HPOS="1400" VPOS="2758" WIDTH="24"/>
							<String ID="P89_ST00097" HPOS="1424" VPOS="2688" WIDTH="276" HEIGHT="82" CONTENT="maiole," WC="0.69" CC="0087023"/>
							<SP ID="P89_SP00085" HPOS="1700" VPOS="2770" WIDTH="30"/>
							<String ID="P89_ST00098" HPOS="1730" VPOS="2690" WIDTH="375" HEIGHT="80" CONTENT="plaquette" WC="0.40" CC="079965780"/>
							<SP ID="P89_SP00086" HPOS="2105" VPOS="2770" WIDTH="28"/>
							<String ID="P89_ST00099" HPOS="2133" VPOS="2690" WIDTH="363" HEIGHT="68" CONTENT="luxueuse" WC="0.86" CC="03430000"/>
							<SP ID="P89_SP00087" HPOS="2496" VPOS="2770" WIDTH="32"/>
							<String ID="P89_ST00100" HPOS="2528" VPOS="2692" WIDTH="91" HEIGHT="66" CONTENT="de" WC="0.98" CC="00"/>
							<SP ID="P89_SP00088" HPOS="2619" VPOS="2770" WIDTH="38"/>
							<String ID="P89_ST00101" HPOS="2657" VPOS="2688" WIDTH="88" HEIGHT="70" CONTENT="60" WC="0.68" CC="06"/>
							<SP ID="P89_SP00089" HPOS="2745" VPOS="2770" WIDTH="30"/>
							<String ID="P89_ST00102" HPOS="2775" VPOS="2705" WIDTH="239" HEIGHT="66" CONTENT="pages," WC="0.98" CC="089000"/>
							<SP ID="P89_SP00090" HPOS="3014" VPOS="2771" WIDTH="24"/>
							<String ID="P89_ST00103" HPOS="3038" VPOS="2692" WIDTH="320" HEIGHT="67" CONTENT="decoree" WC="0.84" CC="5013000"/>
						</TextLine>
						<TextLine ID="P89_TL00014" HPOS="999" VPOS="2803" WIDTH="2262" HEIGHT="80">
							<String ID="P89_ST00104" HPOS="999" VPOS="2829" WIDTH="91" HEIGHT="42" CONTENT="en" WC="0.50" CC="09"/>
							<SP ID="P89_SP00091" HPOS="1090" VPOS="2871" WIDTH="48"/>
							<String ID="P89_ST00105" HPOS="1138" VPOS="2803" WIDTH="166" HEIGHT="68" CONTENT="noir" WC="0.34" CC="9771"/>
							<SP ID="P89_SP00092" HPOS="1304" VPOS="2871" WIDTH="42"/>
							<String ID="P89_ST00106" HPOS="1346" VPOS="2819" WIDTH="69" HEIGHT="52" CONTENT="et" WC="0.80" CC="04"/>
							<SP ID="P89_SP00093" HPOS="1415" VPOS="2871" WIDTH="38"/>
							<String ID="P89_ST00107" HPOS="1453" VPOS="2827" WIDTH="106" HEIGHT="44" CONTENT="or." WC="0.94" CC="364"/>
							<SP ID="P89_SP00094" HPOS="1559" VPOS="2871" WIDTH="55"/>
							<String ID="P89_ST00108" HPOS="1614" VPOS="2803" WIDTH="269" HEIGHT="80" CONTENT="Tirage" WC="0.64" CC="074900"/>
							<SP ID="P89_SP00095" HPOS="1883" VPOS="2883" WIDTH="35"/>
							<String ID="P89_ST00109" HPOS="1918" VPOS="2803" WIDTH="253" HEIGHT="68" CONTENT="limite." WC="0.30" CC="7888636"/>
							<SP ID="P89_SP00096" HPOS="2171" VPOS="2883" WIDTH="752"/>
							<String ID="P89_ST00110" HPOS="2923" VPOS="2805" WIDTH="121" HEIGHT="66" CONTENT="Fr." WC="0.43" CC="294"/>
							<SP ID="P89_SP00097" HPOS="3044" VPOS="2883" WIDTH="61"/>
							<String ID="P89_ST00111" HPOS="3105" VPOS="2803" WIDTH="156" HEIGHT="80" CONTENT="7,50" WC="0.50" CC="6065"/>
						</TextLine>
						<TextLine ID="P89_TL00015" HPOS="714" VPOS="2978" WIDTH="2645" HEIGHT="83">
							<String ID="P89_ST00112" HPOS="714" VPOS="2980" WIDTH="114" HEIGHT="67" CONTENT="Ph" WC="0.53" CC="53"/>
							<SP ID="P89_SP00098" HPOS="828" VPOS="3047" WIDTH="12"/>
							<String ID="P89_ST00113" HPOS="840" VPOS="3005" WIDTH="188" HEIGHT="42" CONTENT="ileas" WC="0.88" CC="50000"/>
							<SP ID="P89_SP00099" HPOS="1028" VPOS="3047" WIDTH="40"/>
							<String ID="P89_ST00114" HPOS="1068" VPOS="2980" WIDTH="375" HEIGHT="67" CONTENT="Lebesgue" WC="0.81" CC="20400043"/>
							<SP ID="P89_SP00100" HPOS="1443" VPOS="3047" WIDTH="37"/>
							<String ID="P89_ST00115" HPOS="1480" VPOS="3003" WIDTH="13" HEIGHT="43" CONTENT=":" WC="1.00" CC="0"/>
							<SP ID="P89_SP00101" HPOS="1493" VPOS="3047" WIDTH="53"/>
							<String ID="P89_ST00116" HPOS="1546" VPOS="2978" WIDTH="101" HEIGHT="68" CONTENT="Le" WC="0.71" CC="22"/>
							<SP ID="P89_SP00102" HPOS="1647" VPOS="3047" WIDTH="41"/>
							<String ID="P89_ST00117" HPOS="1688" VPOS="2978" WIDTH="195" HEIGHT="69" CONTENT="Char" WC="0.98" CC="6030"/>
							<SP ID="P89_SP00103" HPOS="1883" VPOS="3047" WIDTH="34"/>
							<String ID="P89_ST00118" HPOS="1917" VPOS="2978" WIDTH="83" HEIGHT="68" CONTENT="de" WC="1.00" CC="00"/>
							<SP ID="P89_SP00104" HPOS="2000" VPOS="3047" WIDTH="39"/>
							<String ID="P89_ST00119" HPOS="2039" VPOS="2980" WIDTH="501" HEIGHT="79" CONTENT="Djaggernath," WC="0.88" CC="013000007001"/>
							<SP ID="P89_SP00105" HPOS="2540" VPOS="3059" WIDTH="40"/>
							<String ID="P89_ST00120" HPOS="2580" VPOS="2980" WIDTH="280" HEIGHT="67" CONTENT="recueil" WC="0.69" CC="4006044"/>
							<SP ID="P89_SP00106" HPOS="2860" VPOS="3059" WIDTH="39"/>
							<String ID="P89_ST00121" HPOS="2899" VPOS="2980" WIDTH="91" HEIGHT="67" CONTENT="de" WC="1.00" CC="00"/>
							<SP ID="P89_SP00107" HPOS="2990" VPOS="3059" WIDTH="39"/>
							<String ID="P89_ST00122" HPOS="3029" VPOS="3003" WIDTH="330" HEIGHT="58" CONTENT="poemes," WC="0.86" CC="0500003"/>
						</TextLine>
						<TextLine ID="P89_TL00016" HPOS="995" VPOS="3091" WIDTH="2270" HEIGHT="83">
							<String ID="P89_ST00123" HPOS="995" VPOS="3117" WIDTH="183" HEIGHT="44" CONTENT="orne" WC="0.64" CC="0490"/>
							<SP ID="P89_SP00108" HPOS="1178" VPOS="3161" WIDTH="41"/>
							<String ID="P89_ST00124" HPOS="1219" VPOS="3093" WIDTH="91" HEIGHT="68" CONTENT="de" WC="1.00" CC="00"/>
							<SP ID="P89_SP00109" HPOS="1310" VPOS="3161" WIDTH="39"/>
							<String ID="P89_ST00125" HPOS="1349" VPOS="3091" WIDTH="163" HEIGHT="70" CONTENT="bois" WC="0.60" CC="0384"/>
							<SP ID="P89_SP00110" HPOS="1512" VPOS="3161" WIDTH="41"/>
							<String ID="P89_ST00126" HPOS="1553" VPOS="3107" WIDTH="260" HEIGHT="66" CONTENT="graves" WC="0.98" CC="900203"/>
							<SP ID="P89_SP00111" HPOS="1813" VPOS="3173" WIDTH="39"/>
							<String ID="P89_ST00127" HPOS="1852" VPOS="3117" WIDTH="132" HEIGHT="56" CONTENT="par" WC="0.93" CC="098"/>
							<SP ID="P89_SP00112" HPOS="1984" VPOS="3173" WIDTH="43"/>
							<String ID="P89_ST00128" HPOS="2027" VPOS="3093" WIDTH="271" HEIGHT="80" CONTENT="Henry" WC="0.99" CC="60011"/>
							<SP ID="P89_SP00113" HPOS="2298" VPOS="3173" WIDTH="27"/>
							<String ID="P89_ST00129" HPOS="2325" VPOS="3091" WIDTH="413" HEIGHT="83" CONTENT="Chapront." WC="0.76" CC="160015500"/>
							<SP ID="P89_SP00114" HPOS="2738" VPOS="3174" WIDTH="203"/>
							<String ID="P89_ST00130" HPOS="2941" VPOS="3093" WIDTH="122" HEIGHT="66" CONTENT="Fr." WC="0.58" CC="640"/>
							<SP ID="P89_SP00115" HPOS="3063" VPOS="3174" WIDTH="41"/>
							<String ID="P89_ST00131" HPOS="3104" VPOS="3091" WIDTH="62" HEIGHT="68" CONTENT="3." WC="0.56" CC="44"/>
							<String ID="P89_ST00132" HPOS="3177" VPOS="3130" WIDTH="88" HEIGHT="7" CONTENT="—" WC="0.20" CC="8"/>
						</TextLine>
						<TextLine ID="P89_TL00017" HPOS="902" VPOS="3306" WIDTH="1128" HEIGHT="46">
							<String ID="P89_ST00133" HPOS="902" VPOS="3308" WIDTH="441" HEIGHT="44" CONTENT="PARAITRONT" WC="0.86" CC="6000000150"/>
							<SP ID="P89_SP00116" HPOS="1343" VPOS="3352" WIDTH="25"/>
							<String ID="P89_ST00134" HPOS="1368" VPOS="3308" WIDTH="610" HEIGHT="44" CONTENT="SUGGESSIVEMENT" WC="0.66" CC="00475176094000"/>
							<SP ID="P89_SP00117" HPOS="1978" VPOS="3352" WIDTH="39"/>
							<String ID="P89_ST00135" HPOS="2017" VPOS="3306" WIDTH="13" HEIGHT="44" CONTENT=":" WC="1.00" CC="0"/>
						</TextLine>
						<TextLine ID="P89_TL00018" HPOS="713" VPOS="3521" WIDTH="2646" HEIGHT="82">
							<String ID="P89_ST00136" HPOS="713" VPOS="3525" WIDTH="340" HEIGHT="68" CONTENT="Florent" WC="0.80" CC="0009400"/>
							<SP ID="P89_SP00118" HPOS="1053" VPOS="3593" WIDTH="41"/>
							<String ID="P89_ST00137" HPOS="1094" VPOS="3525" WIDTH="183" HEIGHT="68" CONTENT="Fels" WC="0.67" CC="0165"/>
							<SP ID="P89_SP00119" HPOS="1277" VPOS="3593" WIDTH="35"/>
							<String ID="P89_ST00138" HPOS="1312" VPOS="3548" WIDTH="15" HEIGHT="43" CONTENT=":" WC="0.35" CC="6"/>
							<SP ID="P89_SP00120" HPOS="1327" VPOS="3593" WIDTH="46"/>
							<String ID="P89_ST00139" HPOS="1373" VPOS="3521" WIDTH="417" HEIGHT="80" CONTENT="Anthologie" WC="0.75" CC="4070406100"/>
							<SP ID="P89_SP00121" HPOS="1790" VPOS="3601" WIDTH="47"/>
							<String ID="P89_ST00140" HPOS="1837" VPOS="3523" WIDTH="528" HEIGHT="76" CONTENT="philosophique" WC="0.71" CC="7001726600500"/>
							<SP ID="P89_SP00122" HPOS="2365" VPOS="3601" WIDTH="43"/>
							<String ID="P89_ST00141" HPOS="2408" VPOS="3547" WIDTH="22" HEIGHT="42" CONTENT=":" WC="0.90" CC="0"/>
							<SP ID="P89_SP00123" HPOS="2430" VPOS="3601" WIDTH="39"/>
							<String ID="P89_ST00142" HPOS="2469" VPOS="3523" WIDTH="238" HEIGHT="68" CONTENT="Tome" WC="0.97" CC="4043"/>
							<SP ID="P89_SP00124" HPOS="2707" VPOS="3601" WIDTH="43"/>
							<String ID="P89_ST00143" HPOS="2750" VPOS="3523" WIDTH="52" HEIGHT="68" CONTENT="I." WC="0.60" CC="33"/>
							<SP ID="P89_SP00125" HPOS="2802" VPOS="3601" WIDTH="44"/>
							<String ID="P89_ST00144" HPOS="2846" VPOS="3525" WIDTH="154" HEIGHT="66" CONTENT="Des" WC="0.90" CC="200"/>
							<SP ID="P89_SP00126" HPOS="3000" VPOS="3601" WIDTH="38"/>
							<String ID="P89_ST00145" HPOS="3038" VPOS="3521" WIDTH="321" HEIGHT="82" CONTENT="origines" WC="0.83" CC="06700000"/>
						</TextLine>
						<TextLine ID="P89_TL00019" HPOS="995" VPOS="3637" WIDTH="2266" HEIGHT="83">
							<String ID="P89_ST00146" HPOS="995" VPOS="3664" WIDTH="39" HEIGHT="42" CONTENT="a" WC="1.00" CC="0"/>
							<SP ID="P89_SP00127" HPOS="1034" VPOS="3706" WIDTH="39"/>
							<String ID="P89_ST00147" HPOS="1073" VPOS="3637" WIDTH="361" HEIGHT="83" CONTENT="Francois" WC="0.98" CC="03678450"/>
							<SP ID="P89_SP00128" HPOS="1434" VPOS="3720" WIDTH="37"/>
							<String ID="P89_ST00148" HPOS="1471" VPOS="3638" WIDTH="275" HEIGHT="82" CONTENT="Bacon," WC="0.98" CC="503370"/>
							<SP ID="P89_SP00129" HPOS="1746" VPOS="3720" WIDTH="40"/>
							<String ID="P89_ST00149" HPOS="1786" VPOS="3662" WIDTH="100" HEIGHT="44" CONTENT="un" WC="0.32" CC="58"/>
							<SP ID="P89_SP00130" HPOS="1886" VPOS="3720" WIDTH="34"/>
							<String ID="P89_ST00150" HPOS="1920" VPOS="3638" WIDTH="147" HEIGHT="68" CONTENT="fort" WC="0.96" CC="3428"/>
							<SP ID="P89_SP00131" HPOS="2067" VPOS="3720" WIDTH="43"/>
							<String ID="P89_ST00151" HPOS="2110" VPOS="3640" WIDTH="325" HEIGHT="66" CONTENT="volume." WC="0.98" CC="0249600"/>
							<SP ID="P89_SP00132" HPOS="2435" VPOS="3720" WIDTH="489"/>
							<String ID="P89_ST00152" HPOS="2924" VPOS="3638" WIDTH="124" HEIGHT="68" CONTENT="Fr." WC="0.37" CC="944"/>
							<SP ID="P89_SP00133" HPOS="3048" VPOS="3720" WIDTH="54"/>
							<String ID="P89_ST00153" HPOS="3102" VPOS="3637" WIDTH="64" HEIGHT="81" CONTENT="5," WC="0.50" CC="54"/>
							<String ID="P89_ST00154" HPOS="3177" VPOS="3672" WIDTH="84" HEIGHT="5" CONTENT="—" WC="0.20" CC="8"/>
						</TextLine>
						<TextLine ID="P89_TL00020" HPOS="713" VPOS="3809" WIDTH="2643" HEIGHT="71">
							<String ID="P89_ST00155" HPOS="713" VPOS="3813" WIDTH="354" HEIGHT="67" CONTENT="Laurent" WC="0.99" CC="2006291"/>
							<SP ID="P89_SP00134" HPOS="1067" VPOS="3880" WIDTH="52"/>
							<String ID="P89_ST00156" HPOS="1119" VPOS="3809" WIDTH="383" HEIGHT="70" CONTENT="Tailhade" WC="0.71" CC="00607062"/>
							<SP ID="P89_SP00135" HPOS="1502" VPOS="3880" WIDTH="39"/>
							<String ID="P89_ST00157" HPOS="1541" VPOS="3836" WIDTH="15" HEIGHT="43" CONTENT=":" WC="0.37" CC="6"/>
							<SP ID="P89_SP00136" HPOS="1556" VPOS="3880" WIDTH="59"/>
							<String ID="P89_ST00158" HPOS="1615" VPOS="3809" WIDTH="134" HEIGHT="68" CONTENT="Les" WC="0.66" CC="630"/>
							<SP ID="P89_SP00137" HPOS="1749" VPOS="3880" WIDTH="63"/>
							<String ID="P89_ST00159" HPOS="1812" VPOS="3809" WIDTH="249" HEIGHT="68" CONTENT="Livres" WC="0.98" CC="000000"/>
							<SP ID="P89_SP00138" HPOS="2061" VPOS="3880" WIDTH="50"/>
							<String ID="P89_ST00160" HPOS="2111" VPOS="3823" WIDTH="66" HEIGHT="54" CONTENT="el" WC="0.64" CC="07"/>
							<SP ID="P89_SP00139" HPOS="2177" VPOS="3880" WIDTH="38"/>
							<String ID="P89_ST00161" HPOS="2215" VPOS="3809" WIDTH="96" HEIGHT="68" CONTENT="les" WC="0.79" CC="302"/>
							<SP ID="P89_SP00140" HPOS="2311" VPOS="3880" WIDTH="46"/>
							<String ID="P89_ST00162" HPOS="2357" VPOS="3811" WIDTH="369" HEIGHT="68" CONTENT="Hommes." WC="0.73" CC="0623301"/>
							<SP ID="P89_SP00141" HPOS="2726" VPOS="3880" WIDTH="54"/>
							<String ID="P89_ST00163" HPOS="2780" VPOS="3811" WIDTH="241" HEIGHT="68" CONTENT="Tome" WC="0.96" CC="4390"/>
							<SP ID="P89_SP00142" HPOS="3021" VPOS="3880" WIDTH="42"/>
							<String ID="P89_ST00164" HPOS="3063" VPOS="3811" WIDTH="93" HEIGHT="66" CONTENT="11." WC="0.54" CC="580"/>
							<SP ID="P89_SP00143" HPOS="3156" VPOS="3880" WIDTH="59"/>
							<String ID="P89_ST00165" HPOS="3215" VPOS="3811" WIDTH="141" HEIGHT="66" CONTENT="Re-" WC="0.59" CC="704"/>
						</TextLine>
						<TextLine ID="P89_TL00021" HPOS="995" VPOS="3923" WIDTH="2268" HEIGHT="81">
							<String ID="P89_ST00166" HPOS="995" VPOS="3924" WIDTH="192" HEIGHT="68" CONTENT="cueil" WC="0.62" CC="06074"/>
							<SP ID="P89_SP00144" HPOS="1187" VPOS="3992" WIDTH="40"/>
							<String ID="P89_ST00167" HPOS="1227" VPOS="3926" WIDTH="226" HEIGHT="66" CONTENT="d'une" WC="0.80" CC="01520"/>
							<SP ID="P89_SP00145" HPOS="1453" VPOS="3992" WIDTH="39"/>
							<String ID="P89_ST00168" HPOS="1492" VPOS="3924" WIDTH="369" HEIGHT="68" CONTENT="trentaine" WC="0.57" CC="122409557"/>
							<SP ID="P89_SP00146" HPOS="1861" VPOS="3992" WIDTH="54"/>
							<String ID="P89_ST00169" HPOS="1915" VPOS="3924" WIDTH="340" HEIGHT="68" CONTENT="d'etudes" WC="0.71" CC="04056032"/>
							<SP ID="P89_SP00147" HPOS="2255" VPOS="3992" WIDTH="53"/>
							<String ID="P89_ST00170" HPOS="2308" VPOS="3924" WIDTH="411" HEIGHT="68" CONTENT="litteraires." WC="0.67" CC="270302850323"/>
							<SP ID="P89_SP00148" HPOS="2719" VPOS="3992" WIDTH="204"/>
							<String ID="P89_ST00171" HPOS="2923" VPOS="3924" WIDTH="121" HEIGHT="66" CONTENT="Fr." WC="0.85" CC="004"/>
							<SP ID="P89_SP00149" HPOS="3044" VPOS="3992" WIDTH="58"/>
							<String ID="P89_ST00172" HPOS="3102" VPOS="3923" WIDTH="63" HEIGHT="81" CONTENT="5," WC="0.60" CC="42"/>
							<String ID="P89_ST00173" HPOS="3173" VPOS="3968" WIDTH="90" HEIGHT="7" CONTENT="—" WC="0.20" CC="8"/>
						</TextLine>
						<TextLine ID="P89_TL00022" HPOS="711" VPOS="4097" WIDTH="2643" HEIGHT="83">
							<String ID="P89_ST00174" HPOS="711" VPOS="4099" WIDTH="156" HEIGHT="68" CONTENT="Leo" WC="1.00" CC="000"/>
							<SP ID="P89_SP00150" HPOS="867" VPOS="4167" WIDTH="59"/>
							<String ID="P89_ST00175" HPOS="926" VPOS="4097" WIDTH="176" HEIGHT="68" CONTENT="Van" WC="0.98" CC="400"/>
							<SP ID="P89_SP00151" HPOS="1102" VPOS="4167" WIDTH="70"/>
							<String ID="P89_ST00176" HPOS="1172" VPOS="4097" WIDTH="179" HEIGHT="68" CONTENT="Riel" WC="0.61" CC="9014"/>
							<SP ID="P89_SP00152" HPOS="1351" VPOS="4167" WIDTH="53"/>
							<String ID="P89_ST00177" HPOS="1404" VPOS="4121" WIDTH="17" HEIGHT="42" CONTENT=":" WC="0.61" CC="3"/>
							<SP ID="P89_SP00153" HPOS="1421" VPOS="4167" WIDTH="60"/>
							<String ID="P89_ST00178" HPOS="1481" VPOS="4097" WIDTH="420" HEIGHT="66" CONTENT="Beethoven." WC="1.00" CC="3000050007"/>
							<SP ID="P89_SP00154" HPOS="1901" VPOS="4167" WIDTH="73"/>
							<String ID="P89_ST00179" HPOS="1974" VPOS="4097" WIDTH="176" HEIGHT="68" CONTENT="Une" WC="0.51" CC="760"/>
							<SP ID="P89_SP00155" HPOS="2150" VPOS="4167" WIDTH="65"/>
							<String ID="P89_ST00180" HPOS="2215" VPOS="4099" WIDTH="376" HEIGHT="81" CONTENT="plaquette" WC="0.60" CC="089011474"/>
							<SP ID="P89_SP00156" HPOS="2591" VPOS="4180" WIDTH="62"/>
							<String ID="P89_ST00181" HPOS="2653" VPOS="4109" WIDTH="491" HEIGHT="69" CONTENT="comprenant" WC="0.83" CC="0409000010"/>
							<SP ID="P89_SP00157" HPOS="3144" VPOS="4180" WIDTH="65"/>
							<String ID="P89_ST00182" HPOS="3209" VPOS="4121" WIDTH="145" HEIGHT="44" CONTENT="une" WC="1.00" CC="000"/>
						</TextLine>
						<TextLine ID="P89_TL00023" HPOS="989" VPOS="4211" WIDTH="2176" HEIGHT="81">
							<String ID="P89_ST00183" HPOS="989" VPOS="4211" WIDTH="333" HEIGHT="81" CONTENT="esquisse" WC="0.68" CC="10057550"/>
							<SP ID="P89_SP00158" HPOS="1322" VPOS="4292" WIDTH="39"/>
							<String ID="P89_ST00184" HPOS="1361" VPOS="4211" WIDTH="434" HEIGHT="81" CONTENT="biographie" WC="0.49" CC="8590018770"/>
							<SP ID="P89_SP00159" HPOS="1795" VPOS="4292" WIDTH="44"/>
							<String ID="P89_ST00185" HPOS="1839" VPOS="4226" WIDTH="73" HEIGHT="51" CONTENT="et" WC="0.44" CC="46"/>
							<SP ID="P89_SP00160" HPOS="1912" VPOS="4292" WIDTH="33"/>
							<String ID="P89_ST00186" HPOS="1945" VPOS="4234" WIDTH="146" HEIGHT="44" CONTENT="une" WC="0.70" CC="341"/>
							<SP ID="P89_SP00161" HPOS="2091" VPOS="4292" WIDTH="32"/>
							<String ID="P89_ST00187" HPOS="2123" VPOS="4211" WIDTH="505" HEIGHT="67" CONTENT="introduction" WC="0.99" CC="684043505600"/>
							<SP ID="P89_SP00162" HPOS="2628" VPOS="4292" WIDTH="39"/>
							<String ID="P89_ST00188" HPOS="2667" VPOS="4234" WIDTH="142" HEIGHT="43" CONTENT="aux" WC="0.76" CC="070"/>
							<SP ID="P89_SP00163" HPOS="2809" VPOS="4292" WIDTH="39"/>
							<String ID="P89_ST00189" HPOS="2848" VPOS="4224" WIDTH="317" HEIGHT="54" CONTENT="sonates." WC="0.67" CC="00853053"/>
						</TextLine>
						<TextLine ID="P89_TL00024" HPOS="708" VPOS="4382" WIDTH="2645" HEIGHT="83">
							<String ID="P89_ST00190" HPOS="708" VPOS="4382" WIDTH="355" HEIGHT="69" CONTENT="Maurice" WC="0.98" CC="0009505"/>
							<SP ID="P89_SP00164" HPOS="1063" VPOS="4451" WIDTH="51"/>
							<String ID="P89_ST00191" HPOS="1114" VPOS="4383" WIDTH="202" HEIGHT="68" CONTENT="Buty" WC="0.66" CC="5025"/>
							<SP ID="P89_SP00165" HPOS="1316" VPOS="4451" WIDTH="50"/>
							<String ID="P89_ST00192" HPOS="1366" VPOS="4407" WIDTH="16" HEIGHT="44" CONTENT=":" WC="0.62" CC="3"/>
							<SP ID="P89_SP00166" HPOS="1382" VPOS="4451" WIDTH="52"/>
							<String ID="P89_ST00193" HPOS="1434" VPOS="4382" WIDTH="54" HEIGHT="67" CONTENT="L" WC="1.00" CC="0"/>
							<SP ID="P89_SP00167" HPOS="1488" VPOS="4451" WIDTH="26"/>
							<String ID="P89_ST00194" HPOS="1514" VPOS="4383" WIDTH="223" HEIGHT="66" CONTENT="'autre" WC="0.98" CC="037018"/>
							<SP ID="P89_SP00168" HPOS="1737" VPOS="4451" WIDTH="56"/>
							<String ID="P89_ST00195" HPOS="1793" VPOS="4382" WIDTH="359" HEIGHT="69" CONTENT="Croisade." WC="0.70" CC="106005076"/>
							<SP ID="P89_SP00169" HPOS="2152" VPOS="4451" WIDTH="63"/>
							<String ID="P89_ST00196" HPOS="2215" VPOS="4383" WIDTH="127" HEIGHT="70" CONTENT="Un" WC="0.77" CC="40"/>
							<SP ID="P89_SP00170" HPOS="2342" VPOS="4453" WIDTH="62"/>
							<String ID="P89_ST00197" HPOS="2404" VPOS="4383" WIDTH="249" HEIGHT="68" CONTENT="album" WC="0.99" CC="05000"/>
							<SP ID="P89_SP00171" HPOS="2653" VPOS="4453" WIDTH="63"/>
							<String ID="P89_ST00198" HPOS="2716" VPOS="4383" WIDTH="93" HEIGHT="66" CONTENT="de" WC="0.90" CC="01"/>
							<SP ID="P89_SP00172" HPOS="2809" VPOS="4453" WIDTH="54"/>
							<String ID="P89_ST00199" HPOS="2863" VPOS="4383" WIDTH="231" HEIGHT="82" CONTENT="grand" WC="0.98" CC="90060"/>
							<SP ID="P89_SP00173" HPOS="3094" VPOS="4465" WIDTH="62"/>
							<String ID="P89_ST00200" HPOS="3156" VPOS="4383" WIDTH="197" HEIGHT="80" CONTENT="luxe," WC="0.98" CC="30900"/>
						</TextLine>
						<TextLine ID="P89_TL00025" HPOS="989" VPOS="4495" WIDTH="2365" HEIGHT="83">
							<String ID="P89_ST00201" HPOS="989" VPOS="4512" WIDTH="491" HEIGHT="66" CONTENT="comprenant" WC="0.51" CC="0280406988"/>
							<SP ID="P89_SP00174" HPOS="1480" VPOS="4578" WIDTH="40"/>
							<String ID="P89_ST00202" HPOS="1520" VPOS="4495" WIDTH="83" HEIGHT="68" CONTENT="12" WC="0.40" CC="73"/>
							<SP ID="P89_SP00175" HPOS="1603" VPOS="4578" WIDTH="36"/>
							<String ID="P89_ST00203" HPOS="1639" VPOS="4497" WIDTH="381" HEIGHT="81" CONTENT="planches." WC="0.99" CC="036006062"/>
							<SP ID="P89_SP00176" HPOS="2020" VPOS="4578" WIDTH="59"/>
							<String ID="P89_ST00204" HPOS="2079" VPOS="4495" WIDTH="134" HEIGHT="69" CONTENT="300" WC="0.47" CC="645"/>
							<SP ID="P89_SP00177" HPOS="2213" VPOS="4578" WIDTH="41"/>
							<String ID="P89_ST00205" HPOS="2254" VPOS="4497" WIDTH="514" HEIGHT="81" CONTENT="Exemplaires" WC="0.73" CC="39000603610"/>
							<SP ID="P89_SP00178" HPOS="2768" VPOS="4578" WIDTH="36"/>
							<String ID="P89_ST00206" HPOS="2804" VPOS="4520" WIDTH="127" HEIGHT="44" CONTENT="sur" WC="0.59" CC="136"/>
							<SP ID="P89_SP00179" HPOS="2931" VPOS="4578" WIDTH="37"/>
							<String ID="P89_ST00207" HPOS="2968" VPOS="4495" WIDTH="386" HEIGHT="69" CONTENT="Hollande" WC="0.75" CC="70330500"/>
						</TextLine>
						<TextLine ID="P89_TL00026" HPOS="985" VPOS="4605" WIDTH="2274" HEIGHT="86">
							<String ID="P89_ST00208" HPOS="985" VPOS="4624" WIDTH="71" HEIGHT="54" CONTENT="et" WC="1.00" CC="00"/>
							<SP ID="P89_SP00180" HPOS="1056" VPOS="4678" WIDTH="34"/>
							<String ID="P89_ST00209" HPOS="1090" VPOS="4610" WIDTH="268" HEIGHT="81" CONTENT="Japon." WC="0.60" CC="070474"/>
							<SP ID="P89_SP00181" HPOS="1358" VPOS="4691" WIDTH="42"/>
							<String ID="P89_ST00210" HPOS="1400" VPOS="4610" WIDTH="112" HEIGHT="68" CONTENT="En" WC="0.50" CC="18"/>
							<SP ID="P89_SP00182" HPOS="1512" VPOS="4691" WIDTH="56"/>
							<String ID="P89_ST00211" HPOS="1568" VPOS="4610" WIDTH="496" HEIGHT="81" CONTENT="souscription" WC="0.64" CC="107500207709"/>
							<SP ID="P89_SP00183" HPOS="2064" VPOS="4691" WIDTH="334"/>
							<String ID="P89_ST00212" HPOS="2398" VPOS="4610" WIDTH="116" HEIGHT="66" CONTENT="Fr." WC="0.52" CC="094"/>
							<SP ID="P89_SP00184" HPOS="2514" VPOS="4691" WIDTH="58"/>
							<String ID="P89_ST00213" HPOS="2572" VPOS="4609" WIDTH="152" HEIGHT="81" CONTENT="100," WC="0.47" CC="5960"/>
							<String ID="P89_ST00214" HPOS="2735" VPOS="4646" WIDTH="88" HEIGHT="10" CONTENT="—" WC="0.20" CC="8"/>
							<SP ID="P89_SP00185" HPOS="2823" VPOS="4691" WIDTH="52"/>
							<String ID="P89_ST00215" HPOS="2875" VPOS="4624" WIDTH="73" HEIGHT="54" CONTENT="et" WC="0.45" CC="37"/>
							<SP ID="P89_SP00186" HPOS="2948" VPOS="4691" WIDTH="59"/>
							<String ID="P89_ST00216" HPOS="3007" VPOS="4605" WIDTH="154" HEIGHT="85" CONTENT="150," WC="0.74" CC="0503"/>
							<String ID="P89_ST00217" HPOS="3168" VPOS="4653" WIDTH="91" HEIGHT="8" CONTENT="—" WC="0.20" CC="8"/>
						</TextLine>
					</TextBlock>
				</ComposedBlock>
			</PrintSpace>
		</Page>
	</Layout>
</alto>
