4221 5509
754 4770 105 81 52

815 1708 623 105 Première
1511 1705 572 103 chambre
2158 1702 162 101 du
2388 1702 571 103 Museum
3032 1705 574 100 criminel

1487 1893 163 102 du
1716 1893 530 127 policier
2324 1891 592 100 Laitance

720 2289 679 78 Commentaires
1467 2313 56 49 a
1592 2310 349 54 joindre
2016 2276 194 108 (sur
2273 2277 325 107 fiches)
2678 2310 179 52 aux
2932 2294 266 68 pièces
3267 2310 435 52 curieuses

718 2435 873 68 cataloguées,
1664 2435 145 68 et
1882 2435 291 68 dans
2246 2435 145 68 le
2464 2435 364 68 style
2901 2435 801 68 convenable.

2705 2708 69 76 A
2841 2706 286 79 André
3174 2706 310 79 Derain

947 2984 384 78 Herbert
1411 2983 455 77 Barbatrix
1946 2998 83 62 et
2107 3011 154 49 son
2361 2986 303 98 copain
2745 2988 451 78 Athanase
3277 2986 434 102 Thibaldy

729 3113 552 98 partagaient,
1323 3126 186 63 tout
1552 3140 103 49 en
1699 3111 206 78 haut
1946 3115 105 74 de
2095 3111 462 95 Belleville,
2622 3118 206 76 dans
2893 3145 166 51 une
3120 3145 155 51 rue
3331 3118 381 78 illustrée

732 3270 152 72 par
925 3243 207 78 trois
1176 3243 308 77 crimes
1546 3243 491 97 crapuleux,
2104 3272 111 48 un
2258 3245 205 98 logis
2507 3248 433 78 médiocre
3001 3252 212 76 dont
3257 3250 98 76 ils
3399 3252 269 76 s'acco-

739 3374 457 76 modaient.
1240 3372 384 76 Herbert
1668 3370 456 80 Barbatrix
2166 3389 83 61 et
2290 3374 445 81 Athanase
2777 3375 434 105 Thibaldy
3253 3408 90 50 se
3385 3380 331 77 fussent

739 3502 614 77 certainement
1414 3501 273 76 moins
1748 3501 261 78 aimés
2053 3502 166 77 s'ils
2263 3521 340 61 eussent
2656 3509 133 76 été
2832 3509 274 78 frères
3165 3538 156 71 par
3363 3511 78 76 le
3484 3528 230 78 sang.

742 3628 108 78 Ils
893 3629 313 77 étaient
1247 3628 288 78 mieux
1577 3655 161 71 que
1782 3631 145 75 des
1971 3631 236 90 amis,
2251 3634 147 77 des
2442 3634 346 99 copains
2822 3638 211 78 ainsi
3069 3667 166 71 que
3265 3640 81 98 je
3389 3638 135 78 l'ai
3568 3636 146 92 dit,

742 3761 147 75 des
932 3758 345 98 copains
1321 3785 105 49 au
1470 3785 192 49 sens
1704 3758 171 78 très
1919 3761 298 78 ancien
2263 3765 105 76 de
2410 3792 97 51 ce
2549 3768 217 76 beau
2810 3785 181 61 mot
3031 3772 210 76 dont
3284 3785 152 65 ont
3479 3770 237 76 n'use

742 3888 185 95 plus
969 3887 254 96 guère
1265 3912 337 51 comme
1645 3887 54 74 il
1741 3887 203 78 faut.

966 4015 382 78 Herbert
1391 4015 452 80 Barbatrix
1904 4021 474 79 s'adonnait
2417 4026 49 76 à
2507 4026 76 78 la
2623 4027 537 102 philosophie
3184 4058 19 64 ;
3265 4032 452 78 Athanase

747 4142 425 100 Thibaldy
1213 4144 455 98 pratiquait
1709 4146 78 76 la
1826 4148 286 96 poésie
2156 4164 81 65 et
2280 4153 184 78 leur
2505 4181 457 56 commune
3004 4161 419 78 industrie
3465 4183 202 76 pour-

747 4275 290 98 voyait
1069 4302 166 49 aux
1269 4275 454 77 nécessités
1756 4276 251 80 d'une
2039 4280 136 78 vie
2210 4302 432 79 sagement
2676 4290 330 79 réduite
3040 4293 49 76 à
3120 4288 599 83 l'inéluctable.

969 4402 625 99 Impertinents,
1680 4407 412 93 agressifs,
2175 4425 472 85 tapageurs,
2727 4417 367 93 vicieux,
3177 4422 373 88 voleurs,
3621 4417 98 76 ils

749 4547 340 65 eussent
1167 4561 335 52 comme
1579 4549 181 63 tant
1838 4537 367 83 d'autres
2286 4545 351 99 conquis
2717 4549 76 78 le
2864 4568 339 82 respect
3270 4552 148 78 dès
3492 4552 227 76 leurs
