<?xml version="1.0" encoding="UTF-8"?>
<alto xmlns:xsi="http://www.w3.org/2001/XMLSchema-instance" xmlns="http://www.loc.gov/standards/alto/ns-v2#" xsi:schemaLocation="http://www.loc.gov/standards/alto/ns-v2# http://www.loc.gov/standards/alto/alto-v2.0.xsd" xmlns:xlink="http://www.w3.org/1999/xlink">
	<Description>
		<MeasurementUnit>mm10</MeasurementUnit>
		<sourceImageInformation>
			<fileName>//fileserver7/IN2/Princeton/Batch2/bmtnaab/1920/02_01/00000087.tif</fileName>
		</sourceImageInformation>
		<OCRProcessing ID="OCRPROCESSING_1">
			<preProcessingStep>
				<processingSoftware>
					<softwareCreator>CCS Content Conversion Specialists GmbH, Germany</softwareCreator>
					<softwareName>CCS docWORKS</softwareName>
					<softwareVersion>6.6-0.29</softwareVersion>
				</processingSoftware>
			</preProcessingStep>
			<ocrProcessingStep>
				<processingSoftware>
					<softwareCreator>ABBYY (BIT Software), Russia</softwareCreator>
					<softwareName>FineReader</softwareName>
					<softwareVersion>10.0</softwareVersion>
				</processingSoftware>
			</ocrProcessingStep>
		</OCRProcessing>
	</Description>
	<Styles>
		<TextStyle ID="TXT_0" FONTSIZE="10" FONTFAMILY="Times New Roman"/>
		<ParagraphStyle ID="PAR_RIGHT" ALIGN="Right"/>
		<ParagraphStyle ID="PAR_BLOCK" ALIGN="Block"/>
		<ParagraphStyle ID="PAR_LEFT" ALIGN="Left"/>
	</Styles>
	<Layout>
		<Page ID="P87" PHYSICAL_IMG_NR="87" HEIGHT="5509" WIDTH="4221" PRINTED_IMG_NR="83" PC="0.945">
			<TopMargin ID="P87_TM00001" HPOS="0" VPOS="0" WIDTH="4221" HEIGHT="4"/>
			<LeftMargin ID="P87_LM00001" HPOS="0" VPOS="4" WIDTH="4" HEIGHT="4868"/>
			<RightMargin ID="P87_RM00001" HPOS="4215" VPOS="4" WIDTH="6" HEIGHT="4868"/>
			<BottomMargin ID="P87_BM00001" HPOS="0" VPOS="4872" WIDTH="4221" HEIGHT="637">
				<TextBlock ID="P87_TB00001" HPOS="3469" VPOS="4875" WIDTH="110" HEIGHT="84" STYLEREFS="TXT_0 PAR_RIGHT">
					<TextLine ID="P87_TL00001" HPOS="3469" VPOS="4875" WIDTH="110" HEIGHT="84">
						<String ID="P87_ST00001" HPOS="3469" VPOS="4875" WIDTH="110" HEIGHT="84" CONTENT="83" WC="1.00" CC="00"/>
					</TextLine>
				</TextBlock>
			</BottomMargin>
			<PrintSpace ID="P87_PS00001" HPOS="4" VPOS="4" WIDTH="4211" HEIGHT="4868">
				<TextBlock ID="P87_TB00002" HPOS="485" VPOS="454" WIDTH="3135" HEIGHT="3712" STYLEREFS="TXT_0 PAR_BLOCK">
					<TextLine ID="P87_TL00002" HPOS="522" VPOS="454" WIDTH="3098" HEIGHT="86">
						<String ID="P87_ST00002" HPOS="522" VPOS="460" WIDTH="328" HEIGHT="69" CONTENT="parcourt" WC="0.98" CC="77345630"/>
						<SP ID="P87_SP00001" HPOS="850" VPOS="529" WIDTH="31"/>
						<String ID="P87_ST00003" HPOS="881" VPOS="454" WIDTH="318" HEIGHT="77" CONTENT="l'exposé." WC="0.99" CC="140400213"/>
						<SP ID="P87_SP00002" HPOS="1199" VPOS="531" WIDTH="36"/>
						<String ID="P87_ST00004" HPOS="1235" VPOS="457" WIDTH="124" HEIGHT="57" CONTENT="Ces" WC="0.98" CC="310"/>
						<SP ID="P87_SP00003" HPOS="1359" VPOS="531" WIDTH="31"/>
						<String ID="P87_ST00005" HPOS="1390" VPOS="458" WIDTH="191" HEIGHT="57" CONTENT="effets" WC="0.99" CC="000070"/>
						<SP ID="P87_SP00004" HPOS="1581" VPOS="531" WIDTH="34"/>
						<String ID="P87_ST00006" HPOS="1615" VPOS="458" WIDTH="413" HEIGHT="59" CONTENT="deviennent" WC="0.99" CC="0060036080"/>
						<SP ID="P87_SP00005" HPOS="2028" VPOS="531" WIDTH="32"/>
						<String ID="P87_ST00007" HPOS="2060" VPOS="460" WIDTH="82" HEIGHT="58" CONTENT="de" WC="1.00" CC="00"/>
						<SP ID="P87_SP00006" HPOS="2142" VPOS="531" WIDTH="42"/>
						<String ID="P87_ST00008" HPOS="2184" VPOS="462" WIDTH="150" HEIGHT="75" CONTENT="plus" WC="0.95" CC="9435"/>
						<SP ID="P87_SP00007" HPOS="2334" VPOS="537" WIDTH="46"/>
						<String ID="P87_ST00009" HPOS="2380" VPOS="479" WIDTH="78" HEIGHT="40" CONTENT="en" WC="0.64" CC="07"/>
						<SP ID="P87_SP00008" HPOS="2458" VPOS="537" WIDTH="47"/>
						<String ID="P87_ST00010" HPOS="2505" VPOS="461" WIDTH="154" HEIGHT="77" CONTENT="plus" WC="0.98" CC="0360"/>
						<SP ID="P87_SP00009" HPOS="2659" VPOS="538" WIDTH="42"/>
						<String ID="P87_ST00011" HPOS="2701" VPOS="461" WIDTH="351" HEIGHT="77" CONTENT="fréquents" WC="0.99" CC="040070606"/>
						<SP ID="P87_SP00010" HPOS="3052" VPOS="538" WIDTH="43"/>
						<String ID="P87_ST00012" HPOS="3095" VPOS="464" WIDTH="33" HEIGHT="55" CONTENT="à" WC="1.00" CC="9"/>
						<SP ID="P87_SP00011" HPOS="3128" VPOS="538" WIDTH="47"/>
						<String ID="P87_ST00013" HPOS="3175" VPOS="481" WIDTH="269" HEIGHT="40" CONTENT="mesure" WC="0.98" CC="200445"/>
						<SP ID="P87_SP00012" HPOS="3444" VPOS="538" WIDTH="44"/>
						<String ID="P87_ST00014" HPOS="3488" VPOS="484" WIDTH="132" HEIGHT="56" CONTENT="que" WC="0.99" CC="020"/>
					</TextLine>
					<TextLine ID="P87_TL00003" HPOS="522" VPOS="552" WIDTH="3097" HEIGHT="82">
						<String ID="P87_ST00015" HPOS="522" VPOS="568" WIDTH="173" HEIGHT="39" CONTENT="nous" WC="0.98" CC="8030"/>
						<SP ID="P87_SP00013" HPOS="695" VPOS="607" WIDTH="26"/>
						<String ID="P87_ST00016" HPOS="721" VPOS="568" WIDTH="298" HEIGHT="57" CONTENT="pensons" WC="0.99" CC="0020025"/>
						<SP ID="P87_SP00014" HPOS="1019" VPOS="625" WIDTH="34"/>
						<String ID="P87_ST00017" HPOS="1053" VPOS="552" WIDTH="160" HEIGHT="75" CONTENT="plus" WC="0.99" CC="0050"/>
						<SP ID="P87_SP00015" HPOS="1213" VPOS="627" WIDTH="31"/>
						<String ID="P87_ST00018" HPOS="1244" VPOS="553" WIDTH="537" HEIGHT="75" CONTENT="profondément" WC="1.00" CC="020024000080"/>
						<SP ID="P87_SP00016" HPOS="1781" VPOS="628" WIDTH="34"/>
						<String ID="P87_ST00019" HPOS="1815" VPOS="573" WIDTH="128" HEIGHT="40" CONTENT="aux" WC="0.98" CC="032"/>
						<SP ID="P87_SP00017" HPOS="1943" VPOS="628" WIDTH="32"/>
						<String ID="P87_ST00020" HPOS="1975" VPOS="564" WIDTH="475" HEIGHT="51" CONTENT="mouvements" WC="0.99" CC="0640000405"/>
						<SP ID="P87_SP00018" HPOS="2450" VPOS="628" WIDTH="30"/>
						<String ID="P87_ST00021" HPOS="2480" VPOS="559" WIDTH="117" HEIGHT="74" CONTENT="qui" WC="0.98" CC="050"/>
						<SP ID="P87_SP00019" HPOS="2597" VPOS="633" WIDTH="33"/>
						<String ID="P87_ST00022" HPOS="2630" VPOS="559" WIDTH="97" HEIGHT="56" CONTENT="les" WC="0.98" CC="500"/>
						<SP ID="P87_SP00020" HPOS="2727" VPOS="633" WIDTH="30"/>
						<String ID="P87_ST00023" HPOS="2757" VPOS="560" WIDTH="365" HEIGHT="74" CONTENT="suggèrent" WC="0.99" CC="420605056"/>
						<SP ID="P87_SP00021" HPOS="3122" VPOS="634" WIDTH="35"/>
						<String ID="P87_ST00024" HPOS="3157" VPOS="580" WIDTH="52" HEIGHT="40" CONTENT="»." WC="0.53" CC="54"/>
						<SP ID="P87_SP00022" HPOS="3209" VPOS="634" WIDTH="49"/>
						<String ID="P87_ST00025" HPOS="3258" VPOS="560" WIDTH="96" HEIGHT="56" CONTENT="De" WC="0.93" CC="10"/>
						<SP ID="P87_SP00023" HPOS="3354" VPOS="634" WIDTH="45"/>
						<String ID="P87_ST00026" HPOS="3399" VPOS="563" WIDTH="143" HEIGHT="56" CONTENT="ceci" WC="0.98" CC="0601"/>
						<SP ID="P87_SP00024" HPOS="3542" VPOS="634" WIDTH="32"/>
						<String ID="P87_ST00027" HPOS="3574" VPOS="562" WIDTH="45" HEIGHT="56" CONTENT="il" WC="0.94" CC="01"/>
					</TextLine>
					<TextLine ID="P87_TL00004" HPOS="521" VPOS="644" WIDTH="3099" HEIGHT="87">
						<String ID="P87_ST00028" HPOS="521" VPOS="644" WIDTH="251" HEIGHT="59" CONTENT="résulte" WC="0.98" CC="5054401"/>
						<SP ID="P87_SP00025" HPOS="772" VPOS="703" WIDTH="32"/>
						<String ID="P87_ST00029" HPOS="804" VPOS="665" WIDTH="130" HEIGHT="56" CONTENT="que" WC="0.99" CC="030"/>
						<SP ID="P87_SP00026" HPOS="934" VPOS="721" WIDTH="31"/>
						<String ID="P87_ST00030" HPOS="965" VPOS="647" WIDTH="62" HEIGHT="56" CONTENT="la" WC="0.85" CC="20"/>
						<SP ID="P87_SP00027" HPOS="1027" VPOS="721" WIDTH="38"/>
						<String ID="P87_ST00031" HPOS="1065" VPOS="648" WIDTH="234" HEIGHT="63" CONTENT="danse," WC="0.99" CC="008004"/>
						<SP ID="P87_SP00028" HPOS="1299" VPOS="721" WIDTH="35"/>
						<String ID="P87_ST00032" HPOS="1334" VPOS="649" WIDTH="153" HEIGHT="75" CONTENT="plus" WC="0.99" CC="0030"/>
						<SP ID="P87_SP00029" HPOS="1487" VPOS="724" WIDTH="43"/>
						<String ID="P87_ST00033" HPOS="1530" VPOS="651" WIDTH="338" HEIGHT="73" CONTENT="qu'aucun" WC="0.99" CC="03402124"/>
						<SP ID="P87_SP00030" HPOS="1868" VPOS="724" WIDTH="48"/>
						<String ID="P87_ST00034" HPOS="1916" VPOS="657" WIDTH="192" HEIGHT="52" CONTENT="autre" WC="0.99" CC="05040"/>
						<SP ID="P87_SP00031" HPOS="2108" VPOS="724" WIDTH="45"/>
						<String ID="P87_ST00035" HPOS="2153" VPOS="670" WIDTH="203" HEIGHT="57" CONTENT="genre" WC="0.97" CC="90530"/>
						<SP ID="P87_SP00032" HPOS="2356" VPOS="727" WIDTH="44"/>
						<String ID="P87_ST00036" HPOS="2400" VPOS="654" WIDTH="452" HEIGHT="77" CONTENT="dramatique," WC="1.00" CC="00060000307"/>
						<SP ID="P87_SP00033" HPOS="2852" VPOS="731" WIDTH="48"/>
						<String ID="P87_ST00037" HPOS="2900" VPOS="661" WIDTH="98" HEIGHT="52" CONTENT="est" WC="1.00" CC="000"/>
						<SP ID="P87_SP00034" HPOS="2998" VPOS="731" WIDTH="44"/>
						<String ID="P87_ST00038" HPOS="3042" VPOS="655" WIDTH="286" HEIGHT="75" CONTENT="capable" WC="0.99" CC="5000420"/>
						<SP ID="P87_SP00035" HPOS="3328" VPOS="731" WIDTH="48"/>
						<String ID="P87_ST00039" HPOS="3376" VPOS="657" WIDTH="81" HEIGHT="56" CONTENT="de" WC="1.00" CC="00"/>
						<SP ID="P87_SP00036" HPOS="3457" VPOS="731" WIDTH="44"/>
						<String ID="P87_ST00040" HPOS="3501" VPOS="658" WIDTH="90" HEIGHT="56" CONTENT="sti" SUBS_TYPE="HypPart1" SUBS_CONTENT="stimuler" WC="0.99" CC="000"/>
						<HYP HPOS="3591" VPOS="658" WIDTH="29" CONTENT="-"/>
					</TextLine>
					<TextLine ID="P87_TL00005" HPOS="520" VPOS="742" WIDTH="3096" HEIGHT="84">
						<String ID="P87_ST00041" HPOS="520" VPOS="742" WIDTH="220" HEIGHT="56" CONTENT="muler" SUBS_TYPE="HypPart2" SUBS_CONTENT="stimuler" WC="0.99" CC="02300"/>
						<SP ID="P87_SP00037" HPOS="740" VPOS="798" WIDTH="34"/>
						<String ID="P87_ST00042" HPOS="774" VPOS="747" WIDTH="105" HEIGHT="52" CONTENT="cet" WC="0.98" CC="500"/>
						<SP ID="P87_SP00038" HPOS="879" VPOS="799" WIDTH="35"/>
						<String ID="P87_ST00043" HPOS="914" VPOS="766" WIDTH="30" HEIGHT="29" CONTENT="«" WC="0.46" CC="5"/>
						<SP ID="P87_SP00039" HPOS="944" VPOS="799" WIDTH="35"/>
						<String ID="P87_ST00044" HPOS="979" VPOS="743" WIDTH="134" HEIGHT="57" CONTENT="état" WC="1.00" CC="0000"/>
						<SP ID="P87_SP00040" HPOS="1113" VPOS="800" WIDTH="35"/>
						<String ID="P87_ST00045" HPOS="1148" VPOS="744" WIDTH="209" HEIGHT="58" CONTENT="d'être" WC="1.00" CC="040000"/>
						<SP ID="P87_SP00041" HPOS="1357" VPOS="802" WIDTH="30"/>
						<String ID="P87_ST00046" HPOS="1387" VPOS="766" WIDTH="24" HEIGHT="32" CONTENT="»" WC="0.71" CC="2"/>
						<SP ID="P87_SP00042" HPOS="1411" VPOS="802" WIDTH="41"/>
						<String ID="P87_ST00047" HPOS="1452" VPOS="745" WIDTH="117" HEIGHT="74" CONTENT="qui" WC="0.98" CC="050"/>
						<SP ID="P87_SP00043" HPOS="1569" VPOS="819" WIDTH="37"/>
						<String ID="P87_ST00048" HPOS="1606" VPOS="753" WIDTH="263" HEIGHT="66" CONTENT="permet" WC="1.00" CC="000000"/>
						<SP ID="P87_SP00044" HPOS="1869" VPOS="819" WIDTH="30"/>
						<String ID="P87_ST00049" HPOS="1899" VPOS="764" WIDTH="83" HEIGHT="39" CONTENT="au" WC="0.88" CC="02"/>
						<SP ID="P87_SP00045" HPOS="1982" VPOS="819" WIDTH="38"/>
						<String ID="P87_ST00050" HPOS="2020" VPOS="754" WIDTH="390" HEIGHT="68" CONTENT="spectateur" WC="0.99" CC="0005006056"/>
						<SP ID="P87_SP00046" HPOS="2410" VPOS="822" WIDTH="27"/>
						<String ID="P87_ST00051" HPOS="2437" VPOS="750" WIDTH="385" HEIGHT="75" CONTENT="d'acquérir" WC="0.99" CC="0405040406"/>
						<SP ID="P87_SP00047" HPOS="2822" VPOS="825" WIDTH="31"/>
						<String ID="P87_ST00052" HPOS="2853" VPOS="769" WIDTH="74" HEIGHT="40" CONTENT="ce" WC="1.00" CC="00"/>
						<SP ID="P87_SP00048" HPOS="2927" VPOS="825" WIDTH="36"/>
						<String ID="P87_ST00053" HPOS="2963" VPOS="752" WIDTH="253" HEIGHT="58" CONTENT="nouvel" WC="0.97" CC="736715"/>
						<SP ID="P87_SP00049" HPOS="3216" VPOS="825" WIDTH="41"/>
						<String ID="P87_ST00054" HPOS="3257" VPOS="757" WIDTH="233" HEIGHT="69" CONTENT="aspect" WC="0.99" CC="040200"/>
						<SP ID="P87_SP00050" HPOS="3490" VPOS="826" WIDTH="45"/>
						<String ID="P87_ST00055" HPOS="3535" VPOS="753" WIDTH="81" HEIGHT="57" CONTENT="de" WC="1.00" CC="00"/>
					</TextLine>
					<TextLine ID="P87_TL00006" HPOS="516" VPOS="837" WIDTH="3099" HEIGHT="87">
						<String ID="P87_ST00056" HPOS="516" VPOS="838" WIDTH="81" HEIGHT="56" CONTENT="de" WC="1.00" CC="00"/>
						<SP ID="P87_SP00051" HPOS="597" VPOS="894" WIDTH="46"/>
						<String ID="P87_ST00057" HPOS="643" VPOS="837" WIDTH="61" HEIGHT="56" CONTENT="la" WC="0.88" CC="20"/>
						<SP ID="P87_SP00052" HPOS="704" VPOS="894" WIDTH="46"/>
						<String ID="P87_ST00058" HPOS="750" VPOS="839" WIDTH="429" HEIGHT="70" CONTENT="conscience," WC="1.00" CC="00800003004"/>
						<SP ID="P87_SP00053" HPOS="1179" VPOS="909" WIDTH="47"/>
						<String ID="P87_ST00059" HPOS="1226" VPOS="845" WIDTH="174" HEIGHT="52" CONTENT="cette" WC="0.99" CC="40060"/>
						<SP ID="P87_SP00054" HPOS="1400" VPOS="909" WIDTH="50"/>
						<String ID="P87_ST00060" HPOS="1450" VPOS="840" WIDTH="407" HEIGHT="75" CONTENT="expérience" WC="1.00" CC="0000000441"/>
						<SP ID="P87_SP00055" HPOS="1857" VPOS="915" WIDTH="45"/>
						<String ID="P87_ST00061" HPOS="1902" VPOS="844" WIDTH="316" HEIGHT="58" CONTENT="nouvelle" WC="0.98" CC="80690550"/>
						<SP ID="P87_SP00056" HPOS="2218" VPOS="915" WIDTH="44"/>
						<String ID="P87_ST00062" HPOS="2262" VPOS="846" WIDTH="115" HEIGHT="74" CONTENT="qui" WC="0.97" CC="060"/>
						<SP ID="P87_SP00057" HPOS="2377" VPOS="920" WIDTH="46"/>
						<String ID="P87_ST00063" HPOS="2423" VPOS="851" WIDTH="98" HEIGHT="51" CONTENT="est" WC="1.00" CC="000"/>
						<SP ID="P87_SP00058" HPOS="2521" VPOS="920" WIDTH="43"/>
						<String ID="P87_ST00064" HPOS="2564" VPOS="864" WIDTH="90" HEIGHT="39" CONTENT="un" WC="0.52" CC="44"/>
						<SP ID="P87_SP00059" HPOS="2654" VPOS="920" WIDTH="45"/>
						<String ID="P87_ST00065" HPOS="2699" VPOS="847" WIDTH="119" HEIGHT="58" CONTENT="des" WC="1.00" CC="000"/>
						<SP ID="P87_SP00060" HPOS="2818" VPOS="920" WIDTH="42"/>
						<String ID="P87_ST00066" HPOS="2860" VPOS="849" WIDTH="340" HEIGHT="75" CONTENT="premiers" WC="1.00" CC="05003000"/>
						<SP ID="P87_SP00061" HPOS="3200" VPOS="924" WIDTH="53"/>
						<String ID="P87_ST00067" HPOS="3253" VPOS="847" WIDTH="229" HEIGHT="59" CONTENT="motifs" WC="0.99" CC="100008"/>
						<SP ID="P87_SP00062" HPOS="3482" VPOS="924" WIDTH="50"/>
						<String ID="P87_ST00068" HPOS="3532" VPOS="848" WIDTH="83" HEIGHT="57" CONTENT="de" WC="1.00" CC="00"/>
					</TextLine>
					<TextLine ID="P87_TL00007" HPOS="518" VPOS="937" WIDTH="315" HEIGHT="56">
						<String ID="P87_ST00069" HPOS="518" VPOS="937" WIDTH="147" HEIGHT="53" CONTENT="tout" WC="0.97" CC="8060"/>
						<SP ID="P87_SP00063" HPOS="665" VPOS="990" WIDTH="45"/>
						<String ID="P87_ST00070" HPOS="710" VPOS="938" WIDTH="123" HEIGHT="55" CONTENT="art." WC="0.97" CC="0904"/>
					</TextLine>
					<TextLine ID="P87_TL00008" HPOS="669" VPOS="1029" WIDTH="2946" HEIGHT="83">
						<String ID="P87_ST00071" HPOS="669" VPOS="1029" WIDTH="400" HEIGHT="75" CONTENT="Stravinsky" WC="0.80" CC="0040007303"/>
						<SP ID="P87_SP00064" HPOS="1069" VPOS="1104" WIDTH="33"/>
						<String ID="P87_ST00072" HPOS="1102" VPOS="1030" WIDTH="61" HEIGHT="57" CONTENT="le" WC="0.77" CC="40"/>
						<SP ID="P87_SP00065" HPOS="1163" VPOS="1104" WIDTH="45"/>
						<String ID="P87_ST00073" HPOS="1208" VPOS="1031" WIDTH="98" HEIGHT="56" CONTENT="dit" WC="1.00" CC="000"/>
						<SP ID="P87_SP00066" HPOS="1306" VPOS="1104" WIDTH="43"/>
						<String ID="P87_ST00074" HPOS="1349" VPOS="1031" WIDTH="355" HEIGHT="59" CONTENT="lui-même" WC="0.99" CC="02240400"/>
						<SP ID="P87_SP00067" HPOS="1704" VPOS="1104" WIDTH="36"/>
						<String ID="P87_ST00075" HPOS="1740" VPOS="1054" WIDTH="11" HEIGHT="36" CONTENT=":" WC="0.86" CC="1"/>
						<SP ID="P87_SP00068" HPOS="1751" VPOS="1104" WIDTH="41"/>
						<String ID="P87_ST00076" HPOS="1792" VPOS="1055" WIDTH="20" HEIGHT="33" CONTENT="«" WC="0.58" CC="4"/>
						<SP ID="P87_SP00069" HPOS="1812" VPOS="1104" WIDTH="36"/>
						<String ID="P87_ST00077" HPOS="1848" VPOS="1035" WIDTH="74" HEIGHT="56" CONTENT="Je" WC="1.00" CC="00"/>
						<SP ID="P87_SP00070" HPOS="1922" VPOS="1104" WIDTH="46"/>
						<String ID="P87_ST00078" HPOS="1968" VPOS="1051" WIDTH="81" HEIGHT="40" CONTENT="ne" WC="0.59" CC="80"/>
						<SP ID="P87_SP00071" HPOS="2049" VPOS="1104" WIDTH="44"/>
						<String ID="P87_ST00079" HPOS="2093" VPOS="1052" WIDTH="175" HEIGHT="41" CONTENT="veux" WC="0.96" CC="9060"/>
						<SP ID="P87_SP00072" HPOS="2268" VPOS="1104" WIDTH="43"/>
						<String ID="P87_ST00080" HPOS="2311" VPOS="1054" WIDTH="121" HEIGHT="56" CONTENT="pas" WC="0.98" CC="005"/>
						<SP ID="P87_SP00073" HPOS="2432" VPOS="1110" WIDTH="42"/>
						<String ID="P87_ST00081" HPOS="2474" VPOS="1037" WIDTH="322" HEIGHT="75" CONTENT="suggérer" WC="0.99" CC="03093303"/>
						<SP ID="P87_SP00074" HPOS="2796" VPOS="1112" WIDTH="41"/>
						<String ID="P87_ST00082" HPOS="2837" VPOS="1040" WIDTH="97" HEIGHT="58" CONTENT="les" WC="0.99" CC="300"/>
						<SP ID="P87_SP00075" HPOS="2934" VPOS="1112" WIDTH="43"/>
						<String ID="P87_ST00083" HPOS="2977" VPOS="1040" WIDTH="363" HEIGHT="57" CONTENT="situations" WC="0.99" CC="0095090060"/>
						<SP ID="P87_SP00076" HPOS="3340" VPOS="1112" WIDTH="44"/>
						<String ID="P87_ST00084" HPOS="3384" VPOS="1058" WIDTH="85" HEIGHT="39" CONTENT="ou" WC="0.59" CC="08"/>
						<SP ID="P87_SP00077" HPOS="3469" VPOS="1112" WIDTH="48"/>
						<String ID="P87_ST00085" HPOS="3517" VPOS="1040" WIDTH="98" HEIGHT="56" CONTENT="les" WC="0.99" CC="200"/>
					</TextLine>
					<TextLine ID="P87_TL00009" HPOS="512" VPOS="1122" WIDTH="3103" HEIGHT="88">
						<String ID="P87_ST00086" HPOS="512" VPOS="1122" WIDTH="362" HEIGHT="75" CONTENT="émotions," WC="0.99" CC="400000624"/>
						<SP ID="P87_SP00078" HPOS="874" VPOS="1197" WIDTH="38"/>
						<String ID="P87_ST00087" HPOS="912" VPOS="1127" WIDTH="168" HEIGHT="55" CONTENT="mais" WC="1.00" CC="0000"/>
						<SP ID="P87_SP00079" HPOS="1080" VPOS="1197" WIDTH="31"/>
						<String ID="P87_ST00088" HPOS="1111" VPOS="1127" WIDTH="433" HEIGHT="74" CONTENT="simplement" WC="1.00" CC="0000100070"/>
						<SP ID="P87_SP00080" HPOS="1544" VPOS="1201" WIDTH="33"/>
						<String ID="P87_ST00089" HPOS="1577" VPOS="1128" WIDTH="99" HEIGHT="57" CONTENT="les" WC="0.96" CC="350"/>
						<SP ID="P87_SP00081" HPOS="1676" VPOS="1201" WIDTH="31"/>
						<String ID="P87_ST00090" HPOS="1707" VPOS="1129" WIDTH="415" HEIGHT="74" CONTENT="manifester," WC="0.99" CC="00800006024"/>
						<SP ID="P87_SP00082" HPOS="2122" VPOS="1203" WIDTH="33"/>
						<String ID="P87_ST00091" HPOS="2155" VPOS="1130" WIDTH="96" HEIGHT="57" CONTENT="les" WC="0.96" CC="602"/>
						<SP ID="P87_SP00083" HPOS="2251" VPOS="1203" WIDTH="30"/>
						<String ID="P87_ST00092" HPOS="2281" VPOS="1133" WIDTH="358" HEIGHT="73" CONTENT="exprimer." WC="1.00" CC="000020003"/>
						<SP ID="P87_SP00084" HPOS="2639" VPOS="1206" WIDTH="38"/>
						<String ID="P87_ST00093" HPOS="2677" VPOS="1134" WIDTH="311" HEIGHT="76" CONTENT="Quoique" WC="0.99" CC="5460040"/>
						<SP ID="P87_SP00085" HPOS="2988" VPOS="1210" WIDTH="26"/>
						<String ID="P87_ST00094" HPOS="3014" VPOS="1138" WIDTH="68" HEIGHT="72" CONTENT="je" WC="0.82" CC="30"/>
						<SP ID="P87_SP00086" HPOS="3082" VPOS="1210" WIDTH="33"/>
						<String ID="P87_ST00095" HPOS="3115" VPOS="1135" WIDTH="360" HEIGHT="58" CONTENT="considère" WC="0.99" CC="506220000"/>
						<SP ID="P87_SP00087" HPOS="3475" VPOS="1210" WIDTH="33"/>
						<String ID="P87_ST00096" HPOS="3508" VPOS="1140" WIDTH="107" HEIGHT="53" CONTENT="cet" WC="0.98" CC="500"/>
					</TextLine>
					<TextLine ID="P87_TL00010" HPOS="511" VPOS="1218" WIDTH="3099" HEIGHT="83">
						<String ID="P87_ST00097" HPOS="511" VPOS="1218" WIDTH="198" HEIGHT="58" CONTENT="effort" WC="0.99" CC="044030"/>
						<SP ID="P87_SP00088" HPOS="709" VPOS="1276" WIDTH="31"/>
						<String ID="P87_ST00098" HPOS="740" VPOS="1238" WIDTH="263" HEIGHT="40" CONTENT="comme" WC="1.00" CC="00002"/>
						<SP ID="P87_SP00089" HPOS="1003" VPOS="1278" WIDTH="35"/>
						<String ID="P87_ST00099" HPOS="1038" VPOS="1221" WIDTH="139" HEIGHT="57" CONTENT="très" WC="0.97" CC="0660"/>
						<SP ID="P87_SP00090" HPOS="1177" VPOS="1278" WIDTH="36"/>
						<String ID="P87_ST00100" HPOS="1213" VPOS="1224" WIDTH="191" HEIGHT="70" CONTENT="ardu," WC="1.00" CC="00004"/>
						<SP ID="P87_SP00091" HPOS="1404" VPOS="1294" WIDTH="46"/>
						<String ID="P87_ST00101" HPOS="1450" VPOS="1225" WIDTH="62" HEIGHT="72" CONTENT="je" WC="0.54" CC="53"/>
						<SP ID="P87_SP00092" HPOS="1512" VPOS="1297" WIDTH="38"/>
						<String ID="P87_ST00102" HPOS="1550" VPOS="1224" WIDTH="138" HEIGHT="57" CONTENT="vise" WC="0.98" CC="6000"/>
						<SP ID="P87_SP00093" HPOS="1688" VPOS="1297" WIDTH="49"/>
						<String ID="P87_ST00103" HPOS="1737" VPOS="1227" WIDTH="308" HEIGHT="72" CONTENT="toujours" WC="1.00" CC="00500030"/>
						<SP ID="P87_SP00094" HPOS="2045" VPOS="1299" WIDTH="43"/>
						<String ID="P87_ST00104" HPOS="2088" VPOS="1227" WIDTH="36" HEIGHT="56" CONTENT="à" WC="0.72" CC="2"/>
						<SP ID="P87_SP00095" HPOS="2124" VPOS="1299" WIDTH="43"/>
						<String ID="P87_ST00105" HPOS="2167" VPOS="1226" WIDTH="440" HEIGHT="75" CONTENT="l'expression" WC="0.99" CC="540305000028"/>
						<SP ID="P87_SP00096" HPOS="2607" VPOS="1301" WIDTH="49"/>
						<String ID="P87_ST00106" HPOS="2656" VPOS="1230" WIDTH="255" HEIGHT="58" CONTENT="directe" WC="1.00" CC="0000000"/>
						<SP ID="P87_SP00097" HPOS="2911" VPOS="1301" WIDTH="45"/>
						<String ID="P87_ST00107" HPOS="2956" VPOS="1232" WIDTH="167" HEIGHT="56" CONTENT="dans" WC="0.98" CC="0051"/>
						<SP ID="P87_SP00098" HPOS="3123" VPOS="1301" WIDTH="45"/>
						<String ID="P87_ST00108" HPOS="3168" VPOS="1250" WIDTH="72" HEIGHT="39" CONTENT="sa" WC="0.42" CC="28"/>
						<SP ID="P87_SP00099" HPOS="3240" VPOS="1301" WIDTH="44"/>
						<String ID="P87_ST00109" HPOS="3284" VPOS="1232" WIDTH="220" HEIGHT="57" CONTENT="forme" WC="1.00" CC="20000"/>
						<SP ID="P87_SP00100" HPOS="3504" VPOS="1301" WIDTH="44"/>
						<String ID="P87_ST00110" HPOS="3548" VPOS="1232" WIDTH="62" HEIGHT="57" CONTENT="la" WC="0.94" CC="10"/>
					</TextLine>
					<TextLine ID="P87_TL00011" HPOS="509" VPOS="1314" WIDTH="3100" HEIGHT="88">
						<String ID="P87_ST00111" HPOS="509" VPOS="1314" WIDTH="154" HEIGHT="75" CONTENT="plus" WC="0.97" CC="0560"/>
						<SP ID="P87_SP00101" HPOS="663" VPOS="1389" WIDTH="43"/>
						<String ID="P87_ST00112" HPOS="706" VPOS="1316" WIDTH="266" HEIGHT="74" CONTENT="simple." WC="0.99" CC="5000014"/>
						<SP ID="P87_SP00102" HPOS="972" VPOS="1390" WIDTH="43"/>
						<String ID="P87_ST00113" HPOS="1015" VPOS="1317" WIDTH="74" HEIGHT="57" CONTENT="Je" WC="0.98" CC="00"/>
						<SP ID="P87_SP00103" HPOS="1089" VPOS="1390" WIDTH="35"/>
						<String ID="P87_ST00114" HPOS="1124" VPOS="1318" WIDTH="132" HEIGHT="56" CONTENT="n'ai" WC="0.98" CC="5400"/>
						<SP ID="P87_SP00104" HPOS="1256" VPOS="1390" WIDTH="45"/>
						<String ID="P87_ST00115" HPOS="1301" VPOS="1336" WIDTH="132" HEIGHT="57" CONTENT="que" WC="0.99" CC="030"/>
						<SP ID="P87_SP00105" HPOS="1433" VPOS="1393" WIDTH="48"/>
						<String ID="P87_ST00116" HPOS="1481" VPOS="1319" WIDTH="168" HEIGHT="58" CONTENT="faire" WC="0.99" CC="00330"/>
						<SP ID="P87_SP00106" HPOS="1649" VPOS="1393" WIDTH="49"/>
						<String ID="P87_ST00117" HPOS="1698" VPOS="1321" WIDTH="89" HEIGHT="56" CONTENT="du" WC="0.79" CC="04"/>
						<SP ID="P87_SP00107" HPOS="1787" VPOS="1393" WIDTH="47"/>
						<String ID="P87_ST00118" HPOS="1834" VPOS="1321" WIDTH="572" HEIGHT="75" CONTENT="développement" WC="1.00" CC="0000760020050"/>
						<SP ID="P87_SP00108" HPOS="2406" VPOS="1396" WIDTH="58"/>
						<String ID="P87_ST00119" HPOS="2464" VPOS="1323" WIDTH="168" HEIGHT="57" CONTENT="dans" WC="0.99" CC="0060"/>
						<SP ID="P87_SP00109" HPOS="2632" VPOS="1396" WIDTH="59"/>
						<String ID="P87_ST00120" HPOS="2691" VPOS="1324" WIDTH="61" HEIGHT="57" CONTENT="la" WC="0.72" CC="50"/>
						<SP ID="P87_SP00110" HPOS="2752" VPOS="1396" WIDTH="60"/>
						<String ID="P87_ST00121" HPOS="2812" VPOS="1327" WIDTH="313" HEIGHT="74" CONTENT="musique" WC="0.99" CC="0406050"/>
						<SP ID="P87_SP00111" HPOS="3125" VPOS="1401" WIDTH="59"/>
						<String ID="P87_ST00122" HPOS="3184" VPOS="1327" WIDTH="271" HEIGHT="75" CONTENT="lyrique" WC="0.99" CC="4402060"/>
						<SP ID="P87_SP00112" HPOS="3455" VPOS="1402" WIDTH="65"/>
						<String ID="P87_ST00123" HPOS="3520" VPOS="1345" WIDTH="89" HEIGHT="40" CONTENT="ou" WC="0.94" CC="01"/>
					</TextLine>
					<TextLine ID="P87_TL00012" HPOS="508" VPOS="1410" WIDTH="2608" HEIGHT="83">
						<String ID="P87_ST00124" HPOS="508" VPOS="1410" WIDTH="451" HEIGHT="76" CONTENT="dramatique." WC="0.99" CC="03900900704"/>
						<SP ID="P87_SP00113" HPOS="959" VPOS="1486" WIDTH="36"/>
						<String ID="P87_ST00125" HPOS="995" VPOS="1413" WIDTH="393" HEIGHT="57" CONTENT="L'essentiel" WC="0.99" CC="14020050403"/>
						<SP ID="P87_SP00114" HPOS="1388" VPOS="1486" WIDTH="34"/>
						<String ID="P87_ST00126" HPOS="1422" VPOS="1420" WIDTH="99" HEIGHT="51" CONTENT="est" WC="0.98" CC="050"/>
						<SP ID="P87_SP00115" HPOS="1521" VPOS="1486" WIDTH="32"/>
						<String ID="P87_ST00127" HPOS="1553" VPOS="1416" WIDTH="82" HEIGHT="56" CONTENT="de" WC="1.00" CC="00"/>
						<SP ID="P87_SP00116" HPOS="1635" VPOS="1486" WIDTH="35"/>
						<String ID="P87_ST00128" HPOS="1670" VPOS="1417" WIDTH="211" HEIGHT="56" CONTENT="sentir" WC="0.99" CC="605000"/>
						<SP ID="P87_SP00117" HPOS="1881" VPOS="1486" WIDTH="31"/>
						<String ID="P87_ST00129" HPOS="1912" VPOS="1422" WIDTH="63" HEIGHT="51" CONTENT="et" WC="0.91" CC="10"/>
						<SP ID="P87_SP00118" HPOS="1975" VPOS="1486" WIDTH="33"/>
						<String ID="P87_ST00130" HPOS="2008" VPOS="1417" WIDTH="409" HEIGHT="75" CONTENT="d'exprimer" WC="0.99" CC="0400014603"/>
						<SP ID="P87_SP00119" HPOS="2417" VPOS="1492" WIDTH="30"/>
						<String ID="P87_ST00131" HPOS="2447" VPOS="1436" WIDTH="76" HEIGHT="40" CONTENT="ce" WC="0.81" CC="30"/>
						<SP ID="P87_SP00120" HPOS="2523" VPOS="1492" WIDTH="36"/>
						<String ID="P87_ST00132" HPOS="2559" VPOS="1437" WIDTH="129" HEIGHT="56" CONTENT="que" WC="0.98" CC="060"/>
						<SP ID="P87_SP00121" HPOS="2688" VPOS="1493" WIDTH="31"/>
						<String ID="P87_ST00133" HPOS="2719" VPOS="1421" WIDTH="132" HEIGHT="56" CONTENT="l'on" WC="0.96" CC="5425"/>
						<SP ID="P87_SP00122" HPOS="2851" VPOS="1493" WIDTH="33"/>
						<String ID="P87_ST00134" HPOS="2884" VPOS="1427" WIDTH="148" HEIGHT="52" CONTENT="sent" WC="0.99" CC="0050"/>
						<SP ID="P87_SP00123" HPOS="3032" VPOS="1493" WIDTH="33"/>
						<String ID="P87_ST00135" HPOS="3065" VPOS="1443" WIDTH="51" HEIGHT="35" CONTENT="»." WC="0.58" CC="43"/>
					</TextLine>
					<TextLine ID="P87_TL00013" HPOS="661" VPOS="1508" WIDTH="2944" HEIGHT="85">
						<String ID="P87_ST00136" HPOS="661" VPOS="1508" WIDTH="95" HEIGHT="56" CONTENT="De" WC="1.00" CC="00"/>
						<SP ID="P87_SP00124" HPOS="756" VPOS="1564" WIDTH="32"/>
						<String ID="P87_ST00137" HPOS="788" VPOS="1509" WIDTH="83" HEIGHT="69" CONTENT="là," WC="0.98" CC="203"/>
						<SP ID="P87_SP00125" HPOS="871" VPOS="1578" WIDTH="37"/>
						<String ID="P87_ST00138" HPOS="908" VPOS="1509" WIDTH="163" HEIGHT="73" CONTENT="qu'il" WC="0.99" CC="05400"/>
						<SP ID="P87_SP00126" HPOS="1071" VPOS="1582" WIDTH="31"/>
						<String ID="P87_ST00139" HPOS="1102" VPOS="1527" WIDTH="118" HEIGHT="38" CONTENT="use" WC="0.98" CC="210"/>
						<SP ID="P87_SP00127" HPOS="1220" VPOS="1582" WIDTH="35"/>
						<String ID="P87_ST00140" HPOS="1255" VPOS="1510" WIDTH="535" HEIGHT="74" CONTENT="objectivement" WC="1.00" CC="0600000000060"/>
						<SP ID="P87_SP00128" HPOS="1790" VPOS="1584" WIDTH="32"/>
						<String ID="P87_ST00141" HPOS="1822" VPOS="1513" WIDTH="81" HEIGHT="56" CONTENT="de" WC="1.00" CC="00"/>
						<SP ID="P87_SP00129" HPOS="1903" VPOS="1584" WIDTH="31"/>
						<String ID="P87_ST00142" HPOS="1934" VPOS="1513" WIDTH="63" HEIGHT="56" CONTENT="la" WC="0.81" CC="30"/>
						<SP ID="P87_SP00130" HPOS="1997" VPOS="1584" WIDTH="31"/>
						<String ID="P87_ST00143" HPOS="2028" VPOS="1512" WIDTH="220" HEIGHT="58" CONTENT="forme" WC="1.00" CC="10000"/>
						<SP ID="P87_SP00131" HPOS="2248" VPOS="1584" WIDTH="30"/>
						<String ID="P87_ST00144" HPOS="2278" VPOS="1515" WIDTH="593" HEIGHT="76" CONTENT="chorégraphique" WC="1.00" CC="46020050061010"/>
						<SP ID="P87_SP00132" HPOS="2871" VPOS="1591" WIDTH="35"/>
						<String ID="P87_ST00145" HPOS="2906" VPOS="1522" WIDTH="64" HEIGHT="52" CONTENT="et" WC="1.00" CC="00"/>
						<SP ID="P87_SP00133" HPOS="2970" VPOS="1591" WIDTH="31"/>
						<String ID="P87_ST00146" HPOS="3001" VPOS="1519" WIDTH="224" HEIGHT="57" CONTENT="utilise" WC="0.99" CC="4000170"/>
						<SP ID="P87_SP00134" HPOS="3225" VPOS="1591" WIDTH="31"/>
						<String ID="P87_ST00147" HPOS="3256" VPOS="1519" WIDTH="98" HEIGHT="57" CONTENT="les" WC="0.98" CC="500"/>
						<SP ID="P87_SP00135" HPOS="3354" VPOS="1591" WIDTH="31"/>
						<String ID="P87_ST00148" HPOS="3385" VPOS="1520" WIDTH="184" HEIGHT="73" CONTENT="possi" SUBS_TYPE="HypPart1" SUBS_CONTENT="possibilités" WC="1.00" CC="00000"/>
						<HYP HPOS="3569" VPOS="1520" WIDTH="36" CONTENT="-"/>
					</TextLine>
					<TextLine ID="P87_TL00014" HPOS="507" VPOS="1601" WIDTH="3097" HEIGHT="85">
						<String ID="P87_ST00149" HPOS="507" VPOS="1601" WIDTH="225" HEIGHT="58" CONTENT="bilités" SUBS_TYPE="HypPart2" SUBS_CONTENT="possibilités" WC="0.99" CC="6030000"/>
						<SP ID="P87_SP00136" HPOS="732" VPOS="1659" WIDTH="44"/>
						<String ID="P87_ST00150" HPOS="776" VPOS="1604" WIDTH="82" HEIGHT="55" CONTENT="de" WC="1.00" CC="00"/>
						<SP ID="P87_SP00137" HPOS="858" VPOS="1659" WIDTH="45"/>
						<String ID="P87_ST00151" HPOS="903" VPOS="1604" WIDTH="221" HEIGHT="57" CONTENT="l'ouïe." WC="0.98" CC="3445004"/>
						<SP ID="P87_SP00138" HPOS="1124" VPOS="1661" WIDTH="50"/>
						<String ID="P87_ST00152" HPOS="1174" VPOS="1606" WIDTH="276" HEIGHT="57" CONTENT="Comme" WC="0.98" CC="46010"/>
						<SP ID="P87_SP00139" HPOS="1450" VPOS="1663" WIDTH="49"/>
						<String ID="P87_ST00153" HPOS="1499" VPOS="1608" WIDTH="460" HEIGHT="76" CONTENT="Dargorirsky" WC="0.86" CC="40600400000"/>
						<SP ID="P87_SP00140" HPOS="1959" VPOS="1684" WIDTH="44"/>
						<String ID="P87_ST00154" HPOS="2003" VPOS="1610" WIDTH="211" HEIGHT="57" CONTENT="abolit" WC="0.99" CC="070100"/>
						<SP ID="P87_SP00141" HPOS="2214" VPOS="1684" WIDTH="42"/>
						<String ID="P87_ST00155" HPOS="2256" VPOS="1609" WIDTH="99" HEIGHT="58" CONTENT="les" WC="1.00" CC="000"/>
						<SP ID="P87_SP00142" HPOS="2355" VPOS="1684" WIDTH="45"/>
						<String ID="P87_ST00156" HPOS="2400" VPOS="1609" WIDTH="326" HEIGHT="59" CONTENT="éléments" WC="0.99" CC="11100700"/>
						<SP ID="P87_SP00143" HPOS="2726" VPOS="1684" WIDTH="42"/>
						<String ID="P87_ST00157" HPOS="2768" VPOS="1611" WIDTH="216" HEIGHT="75" CONTENT="réglés" WC="0.98" CC="330145"/>
						<SP ID="P87_SP00144" HPOS="2984" VPOS="1686" WIDTH="51"/>
						<String ID="P87_ST00158" HPOS="3035" VPOS="1614" WIDTH="168" HEIGHT="57" CONTENT="dans" WC="0.98" CC="0170"/>
						<SP ID="P87_SP00145" HPOS="3203" VPOS="1686" WIDTH="51"/>
						<String ID="P87_ST00159" HPOS="3254" VPOS="1614" WIDTH="61" HEIGHT="56" CONTENT="le" WC="0.81" CC="30"/>
						<SP ID="P87_SP00146" HPOS="3315" VPOS="1686" WIDTH="51"/>
						<String ID="P87_ST00160" HPOS="3366" VPOS="1615" WIDTH="238" HEIGHT="57" CONTENT="drame" WC="1.00" CC="00000"/>
					</TextLine>
					<TextLine ID="P87_TL00015" HPOS="506" VPOS="1699" WIDTH="3097" HEIGHT="88">
						<String ID="P87_ST00161" HPOS="506" VPOS="1699" WIDTH="304" HEIGHT="70" CONTENT="musical," WC="0.99" CC="03460064"/>
						<SP ID="P87_SP00147" HPOS="810" VPOS="1769" WIDTH="36"/>
						<String ID="P87_ST00162" HPOS="846" VPOS="1699" WIDTH="171" HEIGHT="58" CONTENT="ainsi" WC="0.98" CC="05730"/>
						<SP ID="P87_SP00148" HPOS="1017" VPOS="1769" WIDTH="39"/>
						<String ID="P87_ST00163" HPOS="1056" VPOS="1702" WIDTH="401" HEIGHT="76" CONTENT="Stravinsky" WC="0.90" CC="0000045000"/>
						<SP ID="P87_SP00149" HPOS="1457" VPOS="1778" WIDTH="33"/>
						<String ID="P87_ST00164" HPOS="1490" VPOS="1703" WIDTH="212" HEIGHT="57" CONTENT="abolit" WC="0.99" CC="046000"/>
						<SP ID="P87_SP00150" HPOS="1702" VPOS="1778" WIDTH="42"/>
						<String ID="P87_ST00165" HPOS="1744" VPOS="1721" WIDTH="171" HEIGHT="40" CONTENT="ceux" WC="0.97" CC="2046"/>
						<SP ID="P87_SP00151" HPOS="1915" VPOS="1778" WIDTH="43"/>
						<String ID="P87_ST00166" HPOS="1958" VPOS="1706" WIDTH="86" HEIGHT="56" CONTENT="du" WC="1.00" CC="00"/>
						<SP ID="P87_SP00152" HPOS="2044" VPOS="1778" WIDTH="48"/>
						<String ID="P87_ST00167" HPOS="2092" VPOS="1707" WIDTH="203" HEIGHT="56" CONTENT="vieux" WC="0.99" CC="03050"/>
						<SP ID="P87_SP00153" HPOS="2295" VPOS="1778" WIDTH="41"/>
						<String ID="P87_ST00168" HPOS="2336" VPOS="1710" WIDTH="161" HEIGHT="71" CONTENT="type" WC="1.00" CC="0000"/>
						<SP ID="P87_SP00154" HPOS="2497" VPOS="1781" WIDTH="48"/>
						<String ID="P87_ST00169" HPOS="2545" VPOS="1727" WIDTH="25" HEIGHT="35" CONTENT="«" WC="1.00" CC="0"/>
						<SP ID="P87_SP00155" HPOS="2570" VPOS="1781" WIDTH="34"/>
						<String ID="P87_ST00170" HPOS="2604" VPOS="1707" WIDTH="332" HEIGHT="58" CONTENT="ballerine" WC="0.99" CC="401501180"/>
						<SP ID="P87_SP00156" HPOS="2936" VPOS="1781" WIDTH="37"/>
						<String ID="P87_ST00171" HPOS="2973" VPOS="1730" WIDTH="23" HEIGHT="33" CONTENT="»" WC="0.62" CC="3"/>
						<SP ID="P87_SP00157" HPOS="2996" VPOS="1781" WIDTH="49"/>
						<String ID="P87_ST00172" HPOS="3045" VPOS="1710" WIDTH="168" HEIGHT="57" CONTENT="dans" WC="0.98" CC="0070"/>
						<SP ID="P87_SP00158" HPOS="3213" VPOS="1781" WIDTH="43"/>
						<String ID="P87_ST00173" HPOS="3256" VPOS="1712" WIDTH="60" HEIGHT="56" CONTENT="le" WC="0.72" CC="50"/>
						<SP ID="P87_SP00159" HPOS="3316" VPOS="1781" WIDTH="45"/>
						<String ID="P87_ST00174" HPOS="3361" VPOS="1711" WIDTH="242" HEIGHT="76" CONTENT="poème" WC="1.00" CC="00010"/>
					</TextLine>
					<TextLine ID="P87_TL00016" HPOS="506" VPOS="1794" WIDTH="3099" HEIGHT="82">
						<String ID="P87_ST00175" HPOS="506" VPOS="1794" WIDTH="619" HEIGHT="77" CONTENT="chorégraphique." WC="1.00" CC="050028000500004"/>
						<SP ID="P87_SP00160" HPOS="1125" VPOS="1871" WIDTH="36"/>
						<String ID="P87_ST00176" HPOS="1161" VPOS="1797" WIDTH="184" HEIGHT="58" CONTENT="Dans" WC="0.98" CC="0070"/>
						<SP ID="P87_SP00161" HPOS="1345" VPOS="1871" WIDTH="31"/>
						<String ID="P87_ST00177" HPOS="1376" VPOS="1816" WIDTH="107" HEIGHT="40" CONTENT="ses" WC="0.96" CC="503"/>
						<SP ID="P87_SP00162" HPOS="1483" VPOS="1871" WIDTH="33"/>
						<String ID="P87_ST00178" HPOS="1516" VPOS="1799" WIDTH="369" HEIGHT="75" CONTENT="créations," WC="0.99" CC="0610004704"/>
						<SP ID="P87_SP00163" HPOS="1885" VPOS="1874" WIDTH="34"/>
						<String ID="P87_ST00179" HPOS="1919" VPOS="1801" WIDTH="61" HEIGHT="56" CONTENT="la" WC="0.75" CC="40"/>
						<SP ID="P87_SP00164" HPOS="1980" VPOS="1874" WIDTH="34"/>
						<String ID="P87_ST00180" HPOS="2014" VPOS="1802" WIDTH="314" HEIGHT="74" CONTENT="musique" WC="0.98" CC="0664070"/>
						<SP ID="P87_SP00165" HPOS="2328" VPOS="1876" WIDTH="33"/>
						<String ID="P87_ST00181" HPOS="2361" VPOS="1808" WIDTH="63" HEIGHT="51" CONTENT="et" WC="1.00" CC="00"/>
						<SP ID="P87_SP00166" HPOS="2424" VPOS="1876" WIDTH="42"/>
						<String ID="P87_ST00182" HPOS="2466" VPOS="1802" WIDTH="276" HEIGHT="58" CONTENT="l'action" WC="0.99" CC="64046004"/>
						<SP ID="P87_SP00167" HPOS="2742" VPOS="1876" WIDTH="46"/>
						<String ID="P87_ST00183" HPOS="2788" VPOS="1822" WIDTH="68" HEIGHT="39" CONTENT="se" WC="1.00" CC="00"/>
						<SP ID="P87_SP00168" HPOS="2856" VPOS="1876" WIDTH="45"/>
						<String ID="P87_ST00184" HPOS="2901" VPOS="1804" WIDTH="247" HEIGHT="58" CONTENT="mêlent" WC="0.99" CC="034030"/>
						<SP ID="P87_SP00169" HPOS="3148" VPOS="1876" WIDTH="47"/>
						<String ID="P87_ST00185" HPOS="3195" VPOS="1808" WIDTH="410" HEIGHT="58" CONTENT="activement" WC="1.00" CC="0100000060"/>
					</TextLine>
					<TextLine ID="P87_TL00017" HPOS="506" VPOS="1890" WIDTH="3093" HEIGHT="87">
						<String ID="P87_ST00186" HPOS="506" VPOS="1896" WIDTH="63" HEIGHT="50" CONTENT="et" WC="0.96" CC="00"/>
						<SP ID="P87_SP00170" HPOS="569" VPOS="1946" WIDTH="58"/>
						<String ID="P87_ST00187" HPOS="627" VPOS="1890" WIDTH="212" HEIGHT="57" CONTENT="fluent" WC="0.52" CC="666080"/>
						<SP ID="P87_SP00171" HPOS="839" VPOS="1947" WIDTH="53"/>
						<String ID="P87_ST00188" HPOS="892" VPOS="1908" WIDTH="80" HEIGHT="40" CONTENT="en" WC="0.73" CC="05"/>
						<SP ID="P87_SP00172" HPOS="972" VPOS="1948" WIDTH="58"/>
						<String ID="P87_ST00189" HPOS="1030" VPOS="1898" WIDTH="292" HEIGHT="53" CONTENT="courant" WC="0.99" CC="0040060"/>
						<SP ID="P87_SP00173" HPOS="1322" VPOS="1951" WIDTH="51"/>
						<String ID="P87_ST00190" HPOS="1373" VPOS="1896" WIDTH="82" HEIGHT="56" CONTENT="de" WC="1.00" CC="00"/>
						<SP ID="P87_SP00174" HPOS="1455" VPOS="1952" WIDTH="56"/>
						<String ID="P87_ST00191" HPOS="1511" VPOS="1913" WIDTH="122" HEIGHT="39" CONTENT="son" WC="0.97" CC="205"/>
						<SP ID="P87_SP00175" HPOS="1633" VPOS="1952" WIDTH="57"/>
						<String ID="P87_ST00192" HPOS="1690" VPOS="1901" WIDTH="64" HEIGHT="51" CONTENT="et" WC="1.00" CC="00"/>
						<SP ID="P87_SP00176" HPOS="1754" VPOS="1952" WIDTH="58"/>
						<String ID="P87_ST00193" HPOS="1812" VPOS="1897" WIDTH="82" HEIGHT="56" CONTENT="de" WC="1.00" CC="00"/>
						<SP ID="P87_SP00177" HPOS="1894" VPOS="1953" WIDTH="49"/>
						<String ID="P87_ST00194" HPOS="1943" VPOS="1903" WIDTH="443" HEIGHT="53" CONTENT="mouvement" WC="1.00" CC="001000060"/>
						<SP ID="P87_SP00178" HPOS="2386" VPOS="1956" WIDTH="48"/>
						<String ID="P87_ST00195" HPOS="2434" VPOS="1899" WIDTH="441" HEIGHT="58" CONTENT="subtilement" WC="0.99" CC="34600400060"/>
						<SP ID="P87_SP00179" HPOS="2875" VPOS="1957" WIDTH="49"/>
						<String ID="P87_ST00196" HPOS="2924" VPOS="1900" WIDTH="434" HEIGHT="77" CONTENT="développés." WC="1.00" CC="00004500064"/>
						<SP ID="P87_SP00180" HPOS="3358" VPOS="1977" WIDTH="57"/>
						<String ID="P87_ST00197" HPOS="3415" VPOS="1904" WIDTH="184" HEIGHT="57" CONTENT="Cette" WC="0.99" CC="50000"/>
					</TextLine>
					<TextLine ID="P87_TL00018" HPOS="504" VPOS="1985" WIDTH="3094" HEIGHT="86">
						<String ID="P87_ST00198" HPOS="504" VPOS="1985" WIDTH="300" HEIGHT="59" CONTENT="manière" WC="0.99" CC="0082000"/>
						<SP ID="P87_SP00181" HPOS="804" VPOS="2044" WIDTH="33"/>
						<String ID="P87_ST00199" HPOS="837" VPOS="1988" WIDTH="376" HEIGHT="75" CONTENT="centrifuge" WC="0.99" CC="0080620400"/>
						<SP ID="P87_SP00182" HPOS="1213" VPOS="2063" WIDTH="33"/>
						<String ID="P87_ST00200" HPOS="1246" VPOS="1991" WIDTH="373" HEIGHT="57" CONTENT="ressemble" WC="0.99" CC="400300620"/>
						<SP ID="P87_SP00183" HPOS="1619" VPOS="2063" WIDTH="27"/>
						<String ID="P87_ST00201" HPOS="1646" VPOS="1992" WIDTH="362" HEIGHT="76" CONTENT="beaucoup" WC="0.99" CC="60001060"/>
						<SP ID="P87_SP00184" HPOS="2008" VPOS="2068" WIDTH="33"/>
						<String ID="P87_ST00202" HPOS="2041" VPOS="1994" WIDTH="36" HEIGHT="56" CONTENT="à" WC="0.90" CC="0"/>
						<SP ID="P87_SP00185" HPOS="2077" VPOS="2068" WIDTH="32"/>
						<String ID="P87_ST00203" HPOS="2109" VPOS="1994" WIDTH="166" HEIGHT="57" CONTENT="celle" WC="0.98" CC="40501"/>
						<SP ID="P87_SP00186" HPOS="2275" VPOS="2068" WIDTH="31"/>
						<String ID="P87_ST00204" HPOS="2306" VPOS="2012" WIDTH="130" HEIGHT="56" CONTENT="que" WC="0.98" CC="040"/>
						<SP ID="P87_SP00187" HPOS="2436" VPOS="2068" WIDTH="31"/>
						<String ID="P87_ST00205" HPOS="2467" VPOS="1995" WIDTH="314" HEIGHT="57" CONTENT="Tchekof" WC="0.76" CC="0310056"/>
						<SP ID="P87_SP00188" HPOS="2781" VPOS="2068" WIDTH="26"/>
						<String ID="P87_ST00206" HPOS="2807" VPOS="1995" WIDTH="294" HEIGHT="76" CONTENT="emploie" WC="1.00" CC="0000600"/>
						<SP ID="P87_SP00189" HPOS="3101" VPOS="2071" WIDTH="41"/>
						<String ID="P87_ST00207" HPOS="3142" VPOS="1998" WIDTH="169" HEIGHT="57" CONTENT="dans" WC="0.97" CC="0660"/>
						<SP ID="P87_SP00190" HPOS="3311" VPOS="2071" WIDTH="41"/>
						<String ID="P87_ST00208" HPOS="3352" VPOS="2000" WIDTH="58" HEIGHT="55" CONTENT="le" WC="0.71" CC="41"/>
						<SP ID="P87_SP00191" HPOS="3410" VPOS="2071" WIDTH="46"/>
						<String ID="P87_ST00209" HPOS="3456" VPOS="2000" WIDTH="107" HEIGHT="56" CONTENT="dia" SUBS_TYPE="HypPart1" SUBS_CONTENT="dialogue" WC="0.99" CC="010"/>
						<HYP HPOS="3563" VPOS="2000" WIDTH="35" CONTENT="-"/>
					</TextLine>
					<TextLine ID="P87_TL00019" HPOS="500" VPOS="2081" WIDTH="3098" HEIGHT="82">
						<String ID="P87_ST00210" HPOS="500" VPOS="2081" WIDTH="199" HEIGHT="75" CONTENT="logue" SUBS_TYPE="HypPart2" SUBS_CONTENT="dialogue" WC="0.99" CC="20030"/>
						<SP ID="P87_SP00192" HPOS="699" VPOS="2156" WIDTH="34"/>
						<String ID="P87_ST00211" HPOS="733" VPOS="2084" WIDTH="82" HEIGHT="55" CONTENT="de" WC="1.00" CC="00"/>
						<SP ID="P87_SP00193" HPOS="815" VPOS="2156" WIDTH="44"/>
						<String ID="P87_ST00212" HPOS="859" VPOS="2084" WIDTH="229" HEIGHT="74" CONTENT="pièces" WC="0.99" CC="000520"/>
						<SP ID="P87_SP00194" HPOS="1088" VPOS="2158" WIDTH="43"/>
						<String ID="P87_ST00213" HPOS="1131" VPOS="2085" WIDTH="192" HEIGHT="58" CONTENT="telles" WC="0.99" CC="005011"/>
						<SP ID="P87_SP00195" HPOS="1323" VPOS="2158" WIDTH="44"/>
						<String ID="P87_ST00214" HPOS="1367" VPOS="2105" WIDTH="131" HEIGHT="56" CONTENT="que" WC="0.97" CC="070"/>
						<SP ID="P87_SP00196" HPOS="1498" VPOS="2161" WIDTH="51"/>
						<String ID="P87_ST00215" HPOS="1549" VPOS="2108" WIDTH="21" HEIGHT="33" CONTENT="«" WC="0.41" CC="5"/>
						<SP ID="P87_SP00197" HPOS="1570" VPOS="2161" WIDTH="37"/>
						<String ID="P87_ST00216" HPOS="1607" VPOS="2088" WIDTH="90" HEIGHT="56" CONTENT="Le" WC="1.00" CC="00"/>
						<SP ID="P87_SP00198" HPOS="1697" VPOS="2161" WIDTH="47"/>
						<String ID="P87_ST00217" HPOS="1744" VPOS="2106" WIDTH="242" HEIGHT="57" CONTENT="verger" WC="0.99" CC="000900"/>
						<SP ID="P87_SP00199" HPOS="1986" VPOS="2163" WIDTH="44"/>
						<String ID="P87_ST00218" HPOS="2030" VPOS="2107" WIDTH="129" HEIGHT="39" CONTENT="aux" WC="0.99" CC="010"/>
						<SP ID="P87_SP00200" HPOS="2159" VPOS="2163" WIDTH="43"/>
						<String ID="P87_ST00219" HPOS="2202" VPOS="2091" WIDTH="368" HEIGHT="57" CONTENT="cerisiers»" WC="1.00" CC="0005000063"/>
						<SP ID="P87_SP00201" HPOS="2570" VPOS="2163" WIDTH="50"/>
						<String ID="P87_ST00220" HPOS="2620" VPOS="2091" WIDTH="88" HEIGHT="57" CONTENT="où" WC="0.41" CC="91"/>
						<SP ID="P87_SP00202" HPOS="2708" VPOS="2163" WIDTH="44"/>
						<String ID="P87_ST00221" HPOS="2752" VPOS="2097" WIDTH="148" HEIGHT="52" CONTENT="tout" WC="0.99" CC="0110"/>
						<SP ID="P87_SP00203" HPOS="2900" VPOS="2163" WIDTH="43"/>
						<String ID="P87_ST00222" HPOS="2943" VPOS="2091" WIDTH="202" HEIGHT="59" CONTENT="l'effet" WC="1.00" CC="3400000"/>
						<SP ID="P87_SP00204" HPOS="3145" VPOS="2163" WIDTH="45"/>
						<String ID="P87_ST00223" HPOS="3190" VPOS="2094" WIDTH="282" HEIGHT="58" CONTENT="découle" WC="0.98" CC="0054760"/>
						<SP ID="P87_SP00205" HPOS="3472" VPOS="2163" WIDTH="46"/>
						<String ID="P87_ST00224" HPOS="3518" VPOS="2095" WIDTH="80" HEIGHT="57" CONTENT="de" WC="1.00" CC="00"/>
					</TextLine>
					<TextLine ID="P87_TL00020" HPOS="500" VPOS="2177" WIDTH="1385" HEIGHT="82">
						<String ID="P87_ST00225" HPOS="500" VPOS="2177" WIDTH="553" HEIGHT="60" CONTENT="l'accumulation" WC="0.99" CC="64002245504308"/>
						<SP ID="P87_SP00206" HPOS="1053" VPOS="2237" WIDTH="48"/>
						<String ID="P87_ST00226" HPOS="1101" VPOS="2182" WIDTH="119" HEIGHT="56" CONTENT="des" WC="1.00" CC="000"/>
						<SP ID="P87_SP00207" HPOS="1220" VPOS="2238" WIDTH="32"/>
						<String ID="P87_ST00227" HPOS="1252" VPOS="2182" WIDTH="226" HEIGHT="58" CONTENT="forces" WC="0.99" CC="010005"/>
						<SP ID="P87_SP00208" HPOS="1478" VPOS="2240" WIDTH="44"/>
						<String ID="P87_ST00228" HPOS="1522" VPOS="2183" WIDTH="363" HEIGHT="76" CONTENT="groupées." WC="0.99" CC="090300104"/>
					</TextLine>
					<TextLine ID="P87_TL00021" HPOS="655" VPOS="2274" WIDTH="2944" HEIGHT="86">
						<String ID="P87_ST00229" HPOS="655" VPOS="2274" WIDTH="404" HEIGHT="77" CONTENT="Stravinsky" WC="0.78" CC="0030007308"/>
						<SP ID="P87_SP00209" HPOS="1059" VPOS="2351" WIDTH="36"/>
						<String ID="P87_ST00230" HPOS="1095" VPOS="2283" WIDTH="99" HEIGHT="50" CONTENT="est" WC="0.97" CC="008"/>
						<SP ID="P87_SP00210" HPOS="1194" VPOS="2351" WIDTH="33"/>
						<String ID="P87_ST00231" HPOS="1227" VPOS="2280" WIDTH="314" HEIGHT="73" CONTENT="toujours" WC="0.99" CC="30600530"/>
						<SP ID="P87_SP00211" HPOS="1541" VPOS="2353" WIDTH="38"/>
						<String ID="P87_ST00232" HPOS="1579" VPOS="2281" WIDTH="180" HEIGHT="57" CONTENT="aussi" WC="0.98" CC="07012"/>
						<SP ID="P87_SP00212" HPOS="1759" VPOS="2353" WIDTH="33"/>
						<String ID="P87_ST00233" HPOS="1792" VPOS="2282" WIDTH="234" HEIGHT="56" CONTENT="concis" WC="0.99" CC="107020"/>
						<SP ID="P87_SP00213" HPOS="2026" VPOS="2353" WIDTH="33"/>
						<String ID="P87_ST00234" HPOS="2059" VPOS="2287" WIDTH="62" HEIGHT="51" CONTENT="et" WC="1.00" CC="00"/>
						<SP ID="P87_SP00214" HPOS="2121" VPOS="2353" WIDTH="34"/>
						<String ID="P87_ST00235" HPOS="2155" VPOS="2284" WIDTH="180" HEIGHT="55" CONTENT="aussi" WC="0.99" CC="05005"/>
						<SP ID="P87_SP00215" HPOS="2335" VPOS="2353" WIDTH="32"/>
						<String ID="P87_ST00236" HPOS="2367" VPOS="2283" WIDTH="345" HEIGHT="59" CONTENT="condensé" WC="0.99" CC="50400300"/>
						<SP ID="P87_SP00216" HPOS="2712" VPOS="2353" WIDTH="32"/>
						<String ID="P87_ST00237" HPOS="2744" VPOS="2301" WIDTH="131" HEIGHT="58" CONTENT="que" WC="0.97" CC="070"/>
						<SP ID="P87_SP00217" HPOS="2875" VPOS="2359" WIDTH="32"/>
						<String ID="P87_ST00238" HPOS="2907" VPOS="2284" WIDTH="327" HEIGHT="74" CONTENT="possible." WC="0.99" CC="005406104"/>
						<SP ID="P87_SP00218" HPOS="3234" VPOS="2359" WIDTH="47"/>
						<String ID="P87_ST00239" HPOS="3281" VPOS="2285" WIDTH="96" HEIGHT="58" CONTENT="De" WC="0.83" CC="30"/>
						<SP ID="P87_SP00219" HPOS="3377" VPOS="2359" WIDTH="36"/>
						<String ID="P87_ST00240" HPOS="3413" VPOS="2286" WIDTH="86" HEIGHT="74" CONTENT="là," WC="0.98" CC="104"/>
						<SP ID="P87_SP00220" HPOS="3499" VPOS="2360" WIDTH="37"/>
						<String ID="P87_ST00241" HPOS="3536" VPOS="2287" WIDTH="63" HEIGHT="56" CONTENT="la" WC="0.31" CC="57"/>
					</TextLine>
					<TextLine ID="P87_TL00022" HPOS="500" VPOS="2368" WIDTH="3094" HEIGHT="89">
						<String ID="P87_ST00242" HPOS="500" VPOS="2368" WIDTH="185" HEIGHT="58" CONTENT="force" WC="0.99" CC="00015"/>
						<SP ID="P87_SP00221" HPOS="685" VPOS="2426" WIDTH="34"/>
						<String ID="P87_ST00243" HPOS="719" VPOS="2371" WIDTH="426" HEIGHT="76" CONTENT="dramatique" WC="0.99" CC="0010903050"/>
						<SP ID="P87_SP00222" HPOS="1145" VPOS="2447" WIDTH="36"/>
						<String ID="P87_ST00244" HPOS="1181" VPOS="2374" WIDTH="81" HEIGHT="56" CONTENT="de" WC="1.00" CC="00"/>
						<SP ID="P87_SP00223" HPOS="1262" VPOS="2447" WIDTH="27"/>
						<String ID="P87_ST00245" HPOS="1289" VPOS="2391" WIDTH="105" HEIGHT="40" CONTENT="ses" WC="0.97" CC="304"/>
						<SP ID="P87_SP00224" HPOS="1394" VPOS="2447" WIDTH="37"/>
						<String ID="P87_ST00246" HPOS="1431" VPOS="2392" WIDTH="274" HEIGHT="41" CONTENT="œuvres" WC="0.99" CC="040505"/>
						<SP ID="P87_SP00225" HPOS="1705" VPOS="2447" WIDTH="86"/>
						<String ID="P87_ST00247" HPOS="1791" VPOS="2377" WIDTH="81" HEIGHT="55" CONTENT="de" WC="0.40" CC="83"/>
						<SP ID="P87_SP00226" HPOS="1872" VPOS="2447" WIDTH="32"/>
						<String ID="P87_ST00248" HPOS="1904" VPOS="2376" WIDTH="86" HEIGHT="73" CONTENT="là," WC="0.98" CC="104"/>
						<SP ID="P87_SP00227" HPOS="1990" VPOS="2449" WIDTH="34"/>
						<String ID="P87_ST00249" HPOS="2024" VPOS="2377" WIDTH="152" HEIGHT="57" CONTENT="leur" WC="0.98" CC="2070"/>
						<SP ID="P87_SP00228" HPOS="2176" VPOS="2449" WIDTH="28"/>
						<String ID="P87_ST00250" HPOS="2204" VPOS="2378" WIDTH="233" HEIGHT="69" CONTENT="clarté," WC="0.98" CC="5604502"/>
						<SP ID="P87_SP00229" HPOS="2437" VPOS="2449" WIDTH="36"/>
						<String ID="P87_ST00251" HPOS="2473" VPOS="2379" WIDTH="151" HEIGHT="58" CONTENT="leur" WC="0.98" CC="1064"/>
						<SP ID="P87_SP00230" HPOS="2624" VPOS="2449" WIDTH="30"/>
						<String ID="P87_ST00252" HPOS="2654" VPOS="2379" WIDTH="372" HEIGHT="75" CONTENT="splendeur" WC="0.99" CC="300060044"/>
						<SP ID="P87_SP00231" HPOS="3026" VPOS="2454" WIDTH="39"/>
						<String ID="P87_ST00253" HPOS="3065" VPOS="2387" WIDTH="64" HEIGHT="50" CONTENT="et" WC="0.50" CC="09"/>
						<SP ID="P87_SP00232" HPOS="3129" VPOS="2454" WIDTH="42"/>
						<String ID="P87_ST00254" HPOS="3171" VPOS="2380" WIDTH="150" HEIGHT="57" CONTENT="leur" WC="0.98" CC="3080"/>
						<SP ID="P87_SP00233" HPOS="3321" VPOS="2454" WIDTH="43"/>
						<String ID="P87_ST00255" HPOS="3364" VPOS="2382" WIDTH="230" HEIGHT="75" CONTENT="esprit." WC="1.00" CC="0100004"/>
					</TextLine>
					<TextLine ID="P87_TL00023" HPOS="502" VPOS="2465" WIDTH="3098" HEIGHT="83">
						<String ID="P87_ST00256" HPOS="502" VPOS="2465" WIDTH="132" HEIGHT="56" CONTENT="Son" WC="0.97" CC="007"/>
						<SP ID="P87_SP00234" HPOS="634" VPOS="2521" WIDTH="38"/>
						<String ID="P87_ST00257" HPOS="672" VPOS="2465" WIDTH="300" HEIGHT="58" CONTENT="émotion" WC="0.99" CC="2030108"/>
						<SP ID="P87_SP00235" HPOS="972" VPOS="2523" WIDTH="36"/>
						<String ID="P87_ST00258" HPOS="1008" VPOS="2474" WIDTH="96" HEIGHT="51" CONTENT="est" WC="0.97" CC="007"/>
						<SP ID="P87_SP00236" HPOS="1104" VPOS="2525" WIDTH="34"/>
						<String ID="P87_ST00259" HPOS="1138" VPOS="2471" WIDTH="312" HEIGHT="72" CONTENT="toujours" WC="0.99" CC="00110630"/>
						<SP ID="P87_SP00237" HPOS="1450" VPOS="2543" WIDTH="31"/>
						<String ID="P87_ST00260" HPOS="1481" VPOS="2471" WIDTH="286" HEIGHT="71" CONTENT="intense," WC="0.98" CC="07408704"/>
						<SP ID="P87_SP00238" HPOS="1767" VPOS="2543" WIDTH="32"/>
						<String ID="P87_ST00261" HPOS="1799" VPOS="2474" WIDTH="246" HEIGHT="74" CONTENT="jamais" WC="1.00" CC="000030"/>
						<SP ID="P87_SP00239" HPOS="2045" VPOS="2548" WIDTH="32"/>
						<String ID="P87_ST00262" HPOS="2077" VPOS="2475" WIDTH="265" HEIGHT="61" CONTENT="diffuse." WC="0.99" CC="01007004"/>
						<SP ID="P87_SP00240" HPOS="2342" VPOS="2548" WIDTH="36"/>
						<String ID="P87_ST00263" HPOS="2378" VPOS="2476" WIDTH="94" HEIGHT="56" CONTENT="De" WC="1.00" CC="00"/>
						<SP ID="P87_SP00241" HPOS="2472" VPOS="2548" WIDTH="32"/>
						<String ID="P87_ST00264" HPOS="2504" VPOS="2493" WIDTH="122" HEIGHT="39" CONTENT="son" WC="0.98" CC="006"/>
						<SP ID="P87_SP00242" HPOS="2626" VPOS="2548" WIDTH="37"/>
						<String ID="P87_ST00265" HPOS="2663" VPOS="2493" WIDTH="238" HEIGHT="41" CONTENT="œuvre" WC="0.99" CC="04060"/>
						<SP ID="P87_SP00243" HPOS="2901" VPOS="2548" WIDTH="26"/>
						<String ID="P87_ST00266" HPOS="2927" VPOS="2476" WIDTH="239" HEIGHT="57" CONTENT="émane" WC="0.99" CC="60040"/>
						<SP ID="P87_SP00244" HPOS="3166" VPOS="2548" WIDTH="31"/>
						<String ID="P87_ST00267" HPOS="3197" VPOS="2494" WIDTH="131" HEIGHT="40" CONTENT="une" WC="0.98" CC="121"/>
						<SP ID="P87_SP00245" HPOS="3328" VPOS="2548" WIDTH="29"/>
						<String ID="P87_ST00268" HPOS="3357" VPOS="2477" WIDTH="213" HEIGHT="58" CONTENT="intelli" SUBS_TYPE="HypPart1" SUBS_CONTENT="intelligence" WC="0.99" CC="0800400"/>
						<HYP HPOS="3570" VPOS="2477" WIDTH="30" CONTENT="-"/>
					</TextLine>
					<TextLine ID="P87_TL00024" HPOS="499" VPOS="2563" WIDTH="3098" HEIGHT="84">
						<String ID="P87_ST00269" HPOS="499" VPOS="2576" WIDTH="207" HEIGHT="60" CONTENT="gence" SUBS_TYPE="HypPart2" SUBS_CONTENT="intelligence" WC="0.98" CC="00550"/>
						<SP ID="P87_SP00246" HPOS="706" VPOS="2636" WIDTH="34"/>
						<String ID="P87_ST00270" HPOS="740" VPOS="2563" WIDTH="81" HEIGHT="56" CONTENT="de" WC="1.00" CC="00"/>
						<SP ID="P87_SP00247" HPOS="821" VPOS="2636" WIDTH="36"/>
						<String ID="P87_ST00271" HPOS="857" VPOS="2564" WIDTH="300" HEIGHT="72" CONTENT="premier" WC="0.99" CC="0000029"/>
						<SP ID="P87_SP00248" HPOS="1157" VPOS="2636" WIDTH="32"/>
						<String ID="P87_ST00272" HPOS="1189" VPOS="2566" WIDTH="226" HEIGHT="55" CONTENT="ordre." WC="0.98" CC="407064"/>
						<SP ID="P87_SP00249" HPOS="1415" VPOS="2636" WIDTH="47"/>
						<String ID="P87_ST00273" HPOS="1462" VPOS="2567" WIDTH="142" HEIGHT="56" CONTENT="Elle" WC="0.97" CC="3560"/>
						<SP ID="P87_SP00250" HPOS="1604" VPOS="2636" WIDTH="31"/>
						<String ID="P87_ST00274" HPOS="1635" VPOS="2568" WIDTH="235" HEIGHT="74" CONTENT="ignore" WC="0.98" CC="309730"/>
						<SP ID="P87_SP00251" HPOS="1870" VPOS="2642" WIDTH="34"/>
						<String ID="P87_ST00275" HPOS="1904" VPOS="2574" WIDTH="176" HEIGHT="52" CONTENT="cette" WC="0.98" CC="46000"/>
						<SP ID="P87_SP00252" HPOS="2080" VPOS="2642" WIDTH="27"/>
						<String ID="P87_ST00276" HPOS="2107" VPOS="2571" WIDTH="366" HEIGHT="76" CONTENT="tautologie" WC="0.99" CC="7630050800"/>
						<SP ID="P87_SP00253" HPOS="2473" VPOS="2647" WIDTH="36"/>
						<String ID="P87_ST00277" HPOS="2509" VPOS="2571" WIDTH="328" HEIGHT="58" CONTENT="musicale" WC="0.99" CC="05003030"/>
						<SP ID="P87_SP00254" HPOS="2837" VPOS="2647" WIDTH="44"/>
						<String ID="P87_ST00278" HPOS="2881" VPOS="2572" WIDTH="116" HEIGHT="75" CONTENT="qui" WC="1.00" CC="000"/>
						<SP ID="P87_SP00255" HPOS="2997" VPOS="2647" WIDTH="42"/>
						<String ID="P87_ST00279" HPOS="3039" VPOS="2571" WIDTH="407" HEIGHT="59" CONTENT="caractérise" WC="1.00" CC="20070010640"/>
						<SP ID="P87_SP00256" HPOS="3446" VPOS="2647" WIDTH="32"/>
						<String ID="P87_ST00280" HPOS="3478" VPOS="2574" WIDTH="119" HEIGHT="56" CONTENT="des" WC="1.00" CC="000"/>
					</TextLine>
					<TextLine ID="P87_TL00025" HPOS="495" VPOS="2658" WIDTH="3100" HEIGHT="84">
						<String ID="P87_ST00281" HPOS="495" VPOS="2658" WIDTH="503" HEIGHT="72" CONTENT="compositeurs" WC="0.99" CC="900030000568"/>
						<SP ID="P87_SP00257" HPOS="998" VPOS="2730" WIDTH="30"/>
						<String ID="P87_ST00282" HPOS="1028" VPOS="2659" WIDTH="125" HEIGHT="57" CONTENT="tels" WC="0.99" CC="0006"/>
						<SP ID="P87_SP00258" HPOS="1153" VPOS="2730" WIDTH="35"/>
						<String ID="P87_ST00283" HPOS="1188" VPOS="2678" WIDTH="130" HEIGHT="56" CONTENT="que" WC="0.98" CC="050"/>
						<SP ID="P87_SP00259" HPOS="1318" VPOS="2734" WIDTH="33"/>
						<String ID="P87_ST00284" HPOS="1351" VPOS="2662" WIDTH="312" HEIGHT="73" CONTENT="Wagner," WC="0.99" CC="3094004"/>
						<SP ID="P87_SP00260" HPOS="1663" VPOS="2735" WIDTH="41"/>
						<String ID="P87_ST00285" HPOS="1704" VPOS="2664" WIDTH="267" HEIGHT="57" CONTENT="Strauss" WC="0.99" CC="0308301"/>
						<SP ID="P87_SP00261" HPOS="1971" VPOS="2735" WIDTH="32"/>
						<String ID="P87_ST00286" HPOS="2003" VPOS="2669" WIDTH="64" HEIGHT="53" CONTENT="et" WC="1.00" CC="00"/>
						<SP ID="P87_SP00262" HPOS="2067" VPOS="2735" WIDTH="35"/>
						<String ID="P87_ST00287" HPOS="2102" VPOS="2665" WIDTH="474" HEIGHT="76" CONTENT="Charpentier." WC="0.99" CC="400880690104"/>
						<SP ID="P87_SP00263" HPOS="2576" VPOS="2741" WIDTH="35"/>
						<String ID="P87_ST00288" HPOS="2611" VPOS="2668" WIDTH="93" HEIGHT="56" CONTENT="La" WC="1.00" CC="00"/>
						<SP ID="P87_SP00264" HPOS="2704" VPOS="2741" WIDTH="32"/>
						<String ID="P87_ST00289" HPOS="2736" VPOS="2669" WIDTH="314" HEIGHT="73" CONTENT="musique" WC="0.99" CC="0450040"/>
						<SP ID="P87_SP00265" HPOS="3050" VPOS="2742" WIDTH="32"/>
						<String ID="P87_ST00290" HPOS="3082" VPOS="2669" WIDTH="82" HEIGHT="56" CONTENT="de" WC="1.00" CC="00"/>
						<SP ID="P87_SP00266" HPOS="3164" VPOS="2742" WIDTH="25"/>
						<String ID="P87_ST00291" HPOS="3189" VPOS="2686" WIDTH="106" HEIGHT="39" CONTENT="ses" WC="0.98" CC="004"/>
						<SP ID="P87_SP00267" HPOS="3295" VPOS="2742" WIDTH="23"/>
						<String ID="P87_ST00292" HPOS="3318" VPOS="2668" WIDTH="277" HEIGHT="74" CONTENT="poèmes" WC="1.00" CC="000000"/>
					</TextLine>
					<TextLine ID="P87_TL00026" HPOS="493" VPOS="2753" WIDTH="3104" HEIGHT="86">
						<String ID="P87_ST00293" HPOS="493" VPOS="2753" WIDTH="632" HEIGHT="76" CONTENT="chorégraphiques" WC="0.99" CC="130500990600600"/>
						<SP ID="P87_SP00268" HPOS="1125" VPOS="2829" WIDTH="44"/>
						<String ID="P87_ST00294" HPOS="1169" VPOS="2774" WIDTH="82" HEIGHT="39" CONTENT="ne" WC="0.73" CC="40"/>
						<SP ID="P87_SP00269" HPOS="1251" VPOS="2829" WIDTH="45"/>
						<String ID="P87_ST00295" HPOS="1296" VPOS="2757" WIDTH="317" HEIGHT="74" CONTENT="s'éloigne" WC="0.99" CC="040305080"/>
						<SP ID="P87_SP00270" HPOS="1613" VPOS="2831" WIDTH="36"/>
						<String ID="P87_ST00296" HPOS="1649" VPOS="2760" WIDTH="245" HEIGHT="73" CONTENT="jamais" WC="0.99" CC="001803"/>
						<SP ID="P87_SP00271" HPOS="1894" VPOS="2833" WIDTH="45"/>
						<String ID="P87_ST00297" HPOS="1939" VPOS="2763" WIDTH="90" HEIGHT="55" CONTENT="du" WC="0.83" CC="03"/>
						<SP ID="P87_SP00272" HPOS="2029" VPOS="2833" WIDTH="44"/>
						<String ID="P87_ST00298" HPOS="2073" VPOS="2762" WIDTH="226" HEIGHT="57" CONTENT="thème" WC="0.98" CC="07005"/>
						<SP ID="P87_SP00273" HPOS="2299" VPOS="2833" WIDTH="45"/>
						<String ID="P87_ST00299" HPOS="2344" VPOS="2763" WIDTH="454" HEIGHT="76" CONTENT="dramatique." WC="0.99" CC="09000011704"/>
						<SP ID="P87_SP00274" HPOS="2798" VPOS="2839" WIDTH="64"/>
						<String ID="P87_ST00300" HPOS="2862" VPOS="2765" WIDTH="399" HEIGHT="74" CONTENT="Stravinsky" WC="0.91" CC="0000003500"/>
						<SP ID="P87_SP00275" HPOS="3261" VPOS="2839" WIDTH="45"/>
						<String ID="P87_ST00301" HPOS="3306" VPOS="2764" WIDTH="291" HEIGHT="58" CONTENT="n'utilise" WC="0.99" CC="744003014"/>
					</TextLine>
					<TextLine ID="P87_TL00027" HPOS="495" VPOS="2849" WIDTH="3101" HEIGHT="85">
						<String ID="P87_ST00302" HPOS="495" VPOS="2865" WIDTH="121" HEIGHT="58" CONTENT="pas" WC="0.96" CC="090"/>
						<SP ID="P87_SP00276" HPOS="616" VPOS="2923" WIDTH="32"/>
						<String ID="P87_ST00303" HPOS="648" VPOS="2849" WIDTH="96" HEIGHT="57" CONTENT="les" WC="0.98" CC="004"/>
						<SP ID="P87_SP00277" HPOS="744" VPOS="2923" WIDTH="32"/>
						<String ID="P87_ST00304" HPOS="776" VPOS="2851" WIDTH="291" HEIGHT="72" CONTENT="grandes" WC="0.98" CC="0997000"/>
						<SP ID="P87_SP00278" HPOS="1067" VPOS="2923" WIDTH="35"/>
						<String ID="P87_ST00305" HPOS="1102" VPOS="2854" WIDTH="508" HEIGHT="57" CONTENT="constructions" WC="0.99" CC="0568494304476"/>
						<SP ID="P87_SP00279" HPOS="1610" VPOS="2923" WIDTH="37"/>
						<String ID="P87_ST00306" HPOS="1647" VPOS="2855" WIDTH="79" HEIGHT="57" CONTENT="de" WC="1.00" CC="00"/>
						<SP ID="P87_SP00280" HPOS="1726" VPOS="2923" WIDTH="42"/>
						<String ID="P87_ST00307" HPOS="1768" VPOS="2857" WIDTH="313" HEIGHT="75" CONTENT="musique" WC="0.99" CC="0660052"/>
						<SP ID="P87_SP00281" HPOS="2081" VPOS="2932" WIDTH="32"/>
						<String ID="P87_ST00308" HPOS="2113" VPOS="2858" WIDTH="347" HEIGHT="62" CONTENT="abstraite." WC="1.00" CC="0600000023"/>
						<SP ID="P87_SP00282" HPOS="2460" VPOS="2932" WIDTH="47"/>
						<String ID="P87_ST00309" HPOS="2507" VPOS="2860" WIDTH="92" HEIGHT="56" CONTENT="La" WC="1.00" CC="00"/>
						<SP ID="P87_SP00283" HPOS="2599" VPOS="2932" WIDTH="32"/>
						<String ID="P87_ST00310" HPOS="2631" VPOS="2860" WIDTH="315" HEIGHT="74" CONTENT="musique" WC="0.99" CC="0860020"/>
						<SP ID="P87_SP00284" HPOS="2946" VPOS="2934" WIDTH="35"/>
						<String ID="P87_ST00311" HPOS="2981" VPOS="2861" WIDTH="415" HEIGHT="57" CONTENT="d'ensemble" WC="0.99" CC="0407000540"/>
						<SP ID="P87_SP00285" HPOS="3396" VPOS="2934" WIDTH="33"/>
						<String ID="P87_ST00312" HPOS="3429" VPOS="2862" WIDTH="167" HEIGHT="56" CONTENT="dans" WC="0.99" CC="0050"/>
					</TextLine>
					<TextLine ID="P87_TL00028" HPOS="500" VPOS="2943" WIDTH="3097" HEIGHT="86">
						<String ID="P87_ST00313" HPOS="500" VPOS="2963" WIDTH="24" HEIGHT="35" CONTENT="«" WC="0.63" CC="3"/>
						<SP ID="P87_SP00286" HPOS="524" VPOS="2998" WIDTH="32"/>
						<String ID="P87_ST00314" HPOS="556" VPOS="2943" WIDTH="427" HEIGHT="59" CONTENT="Petroushka" WC="0.64" CC="0506462730"/>
						<SP ID="P87_SP00287" HPOS="983" VPOS="3002" WIDTH="38"/>
						<String ID="P87_ST00315" HPOS="1021" VPOS="2967" WIDTH="22" HEIGHT="33" CONTENT="»" WC="0.60" CC="3"/>
						<SP ID="P87_SP00288" HPOS="1043" VPOS="3002" WIDTH="42"/>
						<String ID="P87_ST00316" HPOS="1085" VPOS="2949" WIDTH="166" HEIGHT="55" CONTENT="n'est" WC="0.98" CC="84000"/>
						<SP ID="P87_SP00289" HPOS="1251" VPOS="3004" WIDTH="30"/>
						<String ID="P87_ST00317" HPOS="1281" VPOS="2966" WIDTH="124" HEIGHT="57" CONTENT="pas" WC="0.99" CC="003"/>
						<SP ID="P87_SP00290" HPOS="1405" VPOS="3023" WIDTH="32"/>
						<String ID="P87_ST00318" HPOS="1437" VPOS="2967" WIDTH="88" HEIGHT="39" CONTENT="un" WC="0.45" CC="28"/>
						<SP ID="P87_SP00291" HPOS="1525" VPOS="3023" WIDTH="36"/>
						<String ID="P87_ST00319" HPOS="1561" VPOS="2950" WIDTH="300" HEIGHT="59" CONTENT="faisceau" WC="0.99" CC="08003044"/>
						<SP ID="P87_SP00292" HPOS="1861" VPOS="3023" WIDTH="34"/>
						<String ID="P87_ST00320" HPOS="1895" VPOS="2954" WIDTH="80" HEIGHT="55" CONTENT="de" WC="1.00" CC="00"/>
						<SP ID="P87_SP00293" HPOS="1975" VPOS="3023" WIDTH="35"/>
						<String ID="P87_ST00321" HPOS="2010" VPOS="2952" WIDTH="287" HEIGHT="59" CONTENT="refrains" WC="0.99" CC="00090080"/>
						<SP ID="P87_SP00294" HPOS="2297" VPOS="3023" WIDTH="26"/>
						<String ID="P87_ST00322" HPOS="2323" VPOS="2955" WIDTH="426" HEIGHT="74" CONTENT="mélodiques" WC="1.00" CC="0050000600"/>
						<SP ID="P87_SP00295" HPOS="2749" VPOS="3029" WIDTH="25"/>
						<String ID="P87_ST00323" HPOS="2774" VPOS="2961" WIDTH="63" HEIGHT="51" CONTENT="et" WC="0.97" CC="00"/>
						<SP ID="P87_SP00296" HPOS="2837" VPOS="3029" WIDTH="24"/>
						<String ID="P87_ST00324" HPOS="2861" VPOS="2956" WIDTH="82" HEIGHT="57" CONTENT="de" WC="1.00" CC="00"/>
						<SP ID="P87_SP00297" HPOS="2943" VPOS="3029" WIDTH="26"/>
						<String ID="P87_ST00325" HPOS="2969" VPOS="2956" WIDTH="336" HEIGHT="58" CONTENT="cadences" WC="1.00" CC="40005000"/>
						<SP ID="P87_SP00298" HPOS="3305" VPOS="3029" WIDTH="24"/>
						<String ID="P87_ST00326" HPOS="3329" VPOS="2957" WIDTH="224" HEIGHT="57" CONTENT="harmo" SUBS_TYPE="HypPart1" SUBS_CONTENT="harmoniques" WC="0.99" CC="60000"/>
						<HYP HPOS="3553" VPOS="2957" WIDTH="44" CONTENT="-"/>
					</TextLine>
					<TextLine ID="P87_TL00029" HPOS="492" VPOS="3041" WIDTH="3104" HEIGHT="86">
						<String ID="P87_ST00327" HPOS="492" VPOS="3041" WIDTH="243" HEIGHT="75" CONTENT="niques" SUBS_TYPE="HypPart2" SUBS_CONTENT="harmoniques" WC="0.98" CC="730420"/>
						<SP ID="P87_SP00299" HPOS="735" VPOS="3116" WIDTH="37"/>
						<String ID="P87_ST00328" HPOS="772" VPOS="3042" WIDTH="159" HEIGHT="57" CONTENT="bien" WC="0.97" CC="7205"/>
						<SP ID="P87_SP00300" HPOS="931" VPOS="3116" WIDTH="32"/>
						<String ID="P87_ST00329" HPOS="963" VPOS="3041" WIDTH="331" HEIGHT="76" CONTENT="limitées;" WC="0.99" CC="050004009"/>
						<SP ID="P87_SP00301" HPOS="1294" VPOS="3117" WIDTH="40"/>
						<String ID="P87_ST00330" HPOS="1334" VPOS="3045" WIDTH="161" HEIGHT="57" CONTENT="c'est" WC="0.99" CC="14000"/>
						<SP ID="P87_SP00302" HPOS="1495" VPOS="3117" WIDTH="37"/>
						<String ID="P87_ST00331" HPOS="1532" VPOS="3064" WIDTH="131" HEIGHT="39" CONTENT="une" WC="0.95" CC="382"/>
						<SP ID="P87_SP00303" HPOS="1663" VPOS="3117" WIDTH="31"/>
						<String ID="P87_ST00332" HPOS="1694" VPOS="3047" WIDTH="224" HEIGHT="58" CONTENT="fusion" WC="0.99" CC="030006"/>
						<SP ID="P87_SP00304" HPOS="1918" VPOS="3117" WIDTH="33"/>
						<String ID="P87_ST00333" HPOS="1951" VPOS="3048" WIDTH="136" HEIGHT="57" CONTENT="très" WC="0.98" CC="0702"/>
						<SP ID="P87_SP00305" HPOS="2087" VPOS="3117" WIDTH="31"/>
						<String ID="P87_ST00334" HPOS="2118" VPOS="3051" WIDTH="220" HEIGHT="58" CONTENT="active" WC="1.00" CC="000000"/>
						<SP ID="P87_SP00306" HPOS="2338" VPOS="3117" WIDTH="32"/>
						<String ID="P87_ST00335" HPOS="2370" VPOS="3051" WIDTH="324" HEIGHT="75" CONTENT="d'images" WC="1.00" CC="04300000"/>
						<SP ID="P87_SP00307" HPOS="2694" VPOS="3126" WIDTH="36"/>
						<String ID="P87_ST00336" HPOS="2730" VPOS="3050" WIDTH="647" HEIGHT="77" CONTENT="kaléidoscopiques" WC="0.90" CC="0020000010000503"/>
						<SP ID="P87_SP00308" HPOS="3377" VPOS="3127" WIDTH="31"/>
						<String ID="P87_ST00337" HPOS="3408" VPOS="3070" WIDTH="151" HEIGHT="41" CONTENT="exac" SUBS_TYPE="HypPart1" SUBS_CONTENT="exactement" WC="0.99" CC="2003"/>
						<HYP HPOS="3559" VPOS="3070" WIDTH="37" CONTENT="-"/>
					</TextLine>
					<TextLine ID="P87_TL00030" HPOS="489" VPOS="3138" WIDTH="3109" HEIGHT="86">
						<String ID="P87_ST00338" HPOS="489" VPOS="3140" WIDTH="254" HEIGHT="53" CONTENT="tement" SUBS_TYPE="HypPart2" SUBS_CONTENT="exactement" WC="0.99" CC="000080"/>
						<SP ID="P87_SP00309" HPOS="743" VPOS="3193" WIDTH="51"/>
						<String ID="P87_ST00339" HPOS="794" VPOS="3138" WIDTH="471" HEIGHT="74" CONTENT="équivalentes" WC="1.00" CC="002200307000"/>
						<SP ID="P87_SP00310" HPOS="1265" VPOS="3212" WIDTH="32"/>
						<String ID="P87_ST00340" HPOS="1297" VPOS="3158" WIDTH="131" HEIGHT="39" CONTENT="aux" WC="0.98" CC="040"/>
						<SP ID="P87_SP00311" HPOS="1428" VPOS="3212" WIDTH="55"/>
						<String ID="P87_ST00341" HPOS="1483" VPOS="3149" WIDTH="413" HEIGHT="52" CONTENT="mouvantes" WC="0.99" CC="036008006"/>
						<SP ID="P87_SP00312" HPOS="1896" VPOS="3212" WIDTH="44"/>
						<String ID="P87_ST00342" HPOS="1940" VPOS="3144" WIDTH="447" HEIGHT="76" CONTENT="impressions" WC="1.00" CC="00000000270"/>
						<SP ID="P87_SP00313" HPOS="2387" VPOS="3220" WIDTH="30"/>
						<String ID="P87_ST00343" HPOS="2417" VPOS="3147" WIDTH="117" HEIGHT="75" CONTENT="qui" WC="0.98" CC="040"/>
						<SP ID="P87_SP00314" HPOS="2534" VPOS="3222" WIDTH="42"/>
						<String ID="P87_ST00344" HPOS="2576" VPOS="3147" WIDTH="298" HEIGHT="58" CONTENT="forment" WC="0.98" CC="0099060"/>
						<SP ID="P87_SP00315" HPOS="2874" VPOS="3222" WIDTH="41"/>
						<String ID="P87_ST00345" HPOS="2915" VPOS="3147" WIDTH="484" HEIGHT="77" CONTENT="l'atmosphère" WC="1.00" CC="340000002060"/>
						<SP ID="P87_SP00316" HPOS="3399" VPOS="3224" WIDTH="44"/>
						<String ID="P87_ST00346" HPOS="3443" VPOS="3166" WIDTH="117" HEIGHT="41" CONTENT="exu" SUBS_TYPE="HypPart1" SUBS_CONTENT="exubérante" WC="0.99" CC="003"/>
						<HYP HPOS="3560" VPOS="3166" WIDTH="38" CONTENT="-"/>
					</TextLine>
					<TextLine ID="P87_TL00031" HPOS="493" VPOS="3231" WIDTH="1516" HEIGHT="82">
						<String ID="P87_ST00347" HPOS="493" VPOS="3231" WIDTH="283" HEIGHT="58" CONTENT="bérante" SUBS_TYPE="HypPart2" SUBS_CONTENT="exubérante" WC="0.99" CC="7100800"/>
						<SP ID="P87_SP00317" HPOS="776" VPOS="3289" WIDTH="34"/>
						<String ID="P87_ST00348" HPOS="810" VPOS="3234" WIDTH="118" HEIGHT="56" CONTENT="des" WC="1.00" CC="000"/>
						<SP ID="P87_SP00318" HPOS="928" VPOS="3290" WIDTH="35"/>
						<String ID="P87_ST00349" HPOS="963" VPOS="3233" WIDTH="239" HEIGHT="59" CONTENT="scènes" WC="0.99" CC="020800"/>
						<SP ID="P87_SP00319" HPOS="1202" VPOS="3292" WIDTH="33"/>
						<String ID="P87_ST00350" HPOS="1235" VPOS="3236" WIDTH="290" HEIGHT="58" CONTENT="dansées" WC="0.99" CC="0080000"/>
						<SP ID="P87_SP00320" HPOS="1525" VPOS="3294" WIDTH="31"/>
						<String ID="P87_ST00351" HPOS="1556" VPOS="3256" WIDTH="126" HEIGHT="57" CONTENT="par" WC="0.98" CC="006"/>
						<SP ID="P87_SP00321" HPOS="1682" VPOS="3313" WIDTH="28"/>
						<String ID="P87_ST00352" HPOS="1710" VPOS="3239" WIDTH="62" HEIGHT="57" CONTENT="la" WC="0.88" CC="20"/>
						<SP ID="P87_SP00322" HPOS="1772" VPOS="3313" WIDTH="33"/>
						<String ID="P87_ST00353" HPOS="1805" VPOS="3239" WIDTH="204" HEIGHT="63" CONTENT="foule." WC="0.99" CC="002304"/>
					</TextLine>
					<TextLine ID="P87_TL00032" HPOS="642" VPOS="3329" WIDTH="2951" HEIGHT="85">
						<String ID="P87_ST00354" HPOS="642" VPOS="3329" WIDTH="185" HEIGHT="58" CONTENT="Dans" WC="0.96" CC="4940"/>
						<SP ID="P87_SP00323" HPOS="827" VPOS="3387" WIDTH="51"/>
						<String ID="P87_ST00355" HPOS="878" VPOS="3330" WIDTH="552" HEIGHT="60" CONTENT="l'orcheslration" WC="0.86" CC="040056200000001"/>
						<SP ID="P87_SP00324" HPOS="1430" VPOS="3390" WIDTH="56"/>
						<String ID="P87_ST00356" HPOS="1486" VPOS="3333" WIDTH="445" HEIGHT="75" CONTENT="l'objectivité" WC="0.99" CC="7467006000000"/>
						<SP ID="P87_SP00325" HPOS="1931" VPOS="3408" WIDTH="56"/>
						<String ID="P87_ST00357" HPOS="1987" VPOS="3337" WIDTH="82" HEIGHT="57" CONTENT="de" WC="1.00" CC="00"/>
						<SP ID="P87_SP00326" HPOS="2069" VPOS="3408" WIDTH="61"/>
						<String ID="P87_ST00358" HPOS="2130" VPOS="3338" WIDTH="403" HEIGHT="76" CONTENT="Stravinsky" WC="1.00" CC="0000000000"/>
						<SP ID="P87_SP00327" HPOS="2533" VPOS="3414" WIDTH="49"/>
						<String ID="P87_ST00359" HPOS="2582" VPOS="3357" WIDTH="72" HEIGHT="40" CONTENT="se" WC="0.90" CC="20"/>
						<SP ID="P87_SP00328" HPOS="2654" VPOS="3414" WIDTH="50"/>
						<String ID="P87_ST00360" HPOS="2704" VPOS="3340" WIDTH="360" HEIGHT="58" CONTENT="maintient" WC="0.99" CC="000502070"/>
						<SP ID="P87_SP00329" HPOS="3064" VPOS="3414" WIDTH="49"/>
						<String ID="P87_ST00361" HPOS="3113" VPOS="3345" WIDTH="65" HEIGHT="53" CONTENT="et" WC="1.00" CC="00"/>
						<SP ID="P87_SP00330" HPOS="3178" VPOS="3414" WIDTH="50"/>
						<String ID="P87_ST00362" HPOS="3228" VPOS="3341" WIDTH="365" HEIGHT="58" CONTENT="contribue" WC="0.99" CC="103764450"/>
					</TextLine>
					<TextLine ID="P87_TL00033" HPOS="485" VPOS="3424" WIDTH="3111" HEIGHT="86">
						<String ID="P87_ST00363" HPOS="485" VPOS="3424" WIDTH="500" HEIGHT="74" CONTENT="puissamment" WC="0.99" CC="93165000060"/>
						<SP ID="P87_SP00331" HPOS="985" VPOS="3498" WIDTH="23"/>
						<String ID="P87_ST00364" HPOS="1008" VPOS="3427" WIDTH="36" HEIGHT="55" CONTENT="à" WC="1.00" CC="0"/>
						<SP ID="P87_SP00332" HPOS="1044" VPOS="3498" WIDTH="20"/>
						<String ID="P87_ST00365" HPOS="1064" VPOS="3426" WIDTH="62" HEIGHT="57" CONTENT="la" WC="1.00" CC="00"/>
						<SP ID="P87_SP00333" HPOS="1126" VPOS="3498" WIDTH="26"/>
						<String ID="P87_ST00366" HPOS="1152" VPOS="3428" WIDTH="324" HEIGHT="75" CONTENT="synthèse" WC="0.99" CC="00806120"/>
						<SP ID="P87_SP00334" HPOS="1476" VPOS="3503" WIDTH="26"/>
						<String ID="P87_ST00367" HPOS="1502" VPOS="3430" WIDTH="81" HEIGHT="56" CONTENT="de" WC="1.00" CC="00"/>
						<SP ID="P87_SP00335" HPOS="1583" VPOS="3503" WIDTH="27"/>
						<String ID="P87_ST00368" HPOS="1610" VPOS="3448" WIDTH="107" HEIGHT="39" CONTENT="ses" WC="0.98" CC="202"/>
						<SP ID="P87_SP00336" HPOS="1717" VPOS="3503" WIDTH="27"/>
						<String ID="P87_ST00369" HPOS="1744" VPOS="3431" WIDTH="357" HEIGHT="59" CONTENT="méthodes" WC="1.00" CC="00030000"/>
						<SP ID="P87_SP00337" HPOS="2101" VPOS="3503" WIDTH="23"/>
						<String ID="P87_ST00370" HPOS="2124" VPOS="3434" WIDTH="491" HEIGHT="76" CONTENT="dramatiques." WC="1.00" CC="000600206004"/>
						<SP ID="P87_SP00338" HPOS="2615" VPOS="3510" WIDTH="30"/>
						<String ID="P87_ST00371" HPOS="2645" VPOS="3436" WIDTH="51" HEIGHT="56" CONTENT="Il" WC="0.79" CC="04"/>
						<SP ID="P87_SP00339" HPOS="2696" VPOS="3510" WIDTH="25"/>
						<String ID="P87_ST00372" HPOS="2721" VPOS="3436" WIDTH="214" HEIGHT="57" CONTENT="abolit" WC="1.00" CC="000300"/>
						<SP ID="P87_SP00340" HPOS="2935" VPOS="3510" WIDTH="30"/>
						<String ID="P87_ST00373" HPOS="2965" VPOS="3436" WIDTH="62" HEIGHT="56" CONTENT="la" WC="0.75" CC="40"/>
						<SP ID="P87_SP00341" HPOS="3027" VPOS="3510" WIDTH="28"/>
						<String ID="P87_ST00374" HPOS="3055" VPOS="3436" WIDTH="225" HEIGHT="59" CONTENT="vieille" WC="0.99" CC="0013340"/>
						<SP ID="P87_SP00342" HPOS="3280" VPOS="3510" WIDTH="24"/>
						<String ID="P87_ST00375" HPOS="3304" VPOS="3436" WIDTH="292" HEIGHT="58" CONTENT="formule" WC="0.99" CC="0020450"/>
					</TextLine>
					<TextLine ID="P87_TL00034" HPOS="489" VPOS="3521" WIDTH="3104" HEIGHT="86">
						<String ID="P87_ST00376" HPOS="489" VPOS="3521" WIDTH="597" HEIGHT="57" CONTENT="conventionnelle" WC="0.99" CC="643005040700340"/>
						<SP ID="P87_SP00343" HPOS="1086" VPOS="3578" WIDTH="47"/>
						<String ID="P87_ST00377" HPOS="1133" VPOS="3524" WIDTH="81" HEIGHT="56" CONTENT="de" WC="1.00" CC="00"/>
						<SP ID="P87_SP00344" HPOS="1214" VPOS="3580" WIDTH="45"/>
						<String ID="P87_ST00378" HPOS="1259" VPOS="3524" WIDTH="64" HEIGHT="56" CONTENT="la" WC="0.92" CC="10"/>
						<SP ID="P87_SP00345" HPOS="1323" VPOS="3580" WIDTH="47"/>
						<String ID="P87_ST00379" HPOS="1370" VPOS="3525" WIDTH="295" HEIGHT="59" CONTENT="division" WC="0.99" CC="00040404"/>
						<SP ID="P87_SP00346" HPOS="1665" VPOS="3584" WIDTH="50"/>
						<String ID="P87_ST00380" HPOS="1715" VPOS="3528" WIDTH="119" HEIGHT="57" CONTENT="des" WC="0.97" CC="007"/>
						<SP ID="P87_SP00347" HPOS="1834" VPOS="3585" WIDTH="46"/>
						<String ID="P87_ST00381" HPOS="1880" VPOS="3529" WIDTH="443" HEIGHT="57" CONTENT="instruments" WC="0.99" CC="29200600670"/>
						<SP ID="P87_SP00348" HPOS="2323" VPOS="3586" WIDTH="49"/>
						<String ID="P87_ST00382" HPOS="2372" VPOS="3548" WIDTH="80" HEIGHT="39" CONTENT="en" WC="0.72" CC="05"/>
						<SP ID="P87_SP00349" HPOS="2452" VPOS="3587" WIDTH="58"/>
						<String ID="P87_ST00383" HPOS="2510" VPOS="3531" WIDTH="344" HEIGHT="75" CONTENT="plusieurs" WC="0.99" CC="012800230"/>
						<SP ID="P87_SP00350" HPOS="2854" VPOS="3606" WIDTH="53"/>
						<String ID="P87_ST00384" HPOS="2907" VPOS="3548" WIDTH="318" HEIGHT="59" CONTENT="groupes." WC="0.99" CC="94030003"/>
						<SP ID="P87_SP00351" HPOS="3225" VPOS="3607" WIDTH="60"/>
						<String ID="P87_ST00385" HPOS="3285" VPOS="3533" WIDTH="51" HEIGHT="56" CONTENT="Il" WC="0.73" CC="05"/>
						<SP ID="P87_SP00352" HPOS="3336" VPOS="3607" WIDTH="58"/>
						<String ID="P87_ST00386" HPOS="3394" VPOS="3537" WIDTH="199" HEIGHT="54" CONTENT="traite" WC="0.99" CC="046200"/>
					</TextLine>
					<TextLine ID="P87_TL00035" HPOS="489" VPOS="3617" WIDTH="3107" HEIGHT="78">
						<String ID="P87_ST00387" HPOS="489" VPOS="3617" WIDTH="266" HEIGHT="73" CONTENT="chaque" WC="0.98" CC="560060"/>
						<SP ID="P87_SP00353" HPOS="755" VPOS="3690" WIDTH="31"/>
						<String ID="P87_ST00388" HPOS="786" VPOS="3618" WIDTH="411" HEIGHT="57" CONTENT="instrument" WC="0.99" CC="0800250080"/>
						<SP ID="P87_SP00354" HPOS="1197" VPOS="3690" WIDTH="35"/>
						<String ID="P87_ST00389" HPOS="1232" VPOS="3619" WIDTH="434" HEIGHT="76" CONTENT="séparément" WC="1.00" CC="0300022080"/>
						<SP ID="P87_SP00355" HPOS="1666" VPOS="3695" WIDTH="35"/>
						<String ID="P87_ST00390" HPOS="1701" VPOS="3641" WIDTH="267" HEIGHT="40" CONTENT="comme" WC="1.00" CC="00000"/>
						<SP ID="P87_SP00356" HPOS="1968" VPOS="3695" WIDTH="30"/>
						<String ID="P87_ST00391" HPOS="1998" VPOS="3642" WIDTH="90" HEIGHT="39" CONTENT="un" WC="0.22" CC="78"/>
						<SP ID="P87_SP00357" HPOS="2088" VPOS="3695" WIDTH="31"/>
						<String ID="P87_ST00392" HPOS="2119" VPOS="3625" WIDTH="265" HEIGHT="58" CONTENT="facteur" WC="0.99" CC="0040160"/>
						<SP ID="P87_SP00358" HPOS="2384" VPOS="3695" WIDTH="29"/>
						<String ID="P87_ST00393" HPOS="2413" VPOS="3627" WIDTH="384" HEIGHT="58" CONTENT="individuel" WC="0.99" CC="0400003504"/>
						<SP ID="P87_SP00359" HPOS="2797" VPOS="3695" WIDTH="31"/>
						<String ID="P87_ST00394" HPOS="2828" VPOS="3629" WIDTH="442" HEIGHT="57" CONTENT="contribuant" WC="0.99" CC="10596066056"/>
						<SP ID="P87_SP00360" HPOS="3270" VPOS="3695" WIDTH="44"/>
						<String ID="P87_ST00395" HPOS="3314" VPOS="3630" WIDTH="36" HEIGHT="55" CONTENT="à" WC="1.00" CC="0"/>
						<SP ID="P87_SP00361" HPOS="3350" VPOS="3695" WIDTH="43"/>
						<String ID="P87_ST00396" HPOS="3393" VPOS="3628" WIDTH="203" HEIGHT="57" CONTENT="l'effet" WC="1.00" CC="0400000"/>
					</TextLine>
					<TextLine ID="P87_TL00036" HPOS="489" VPOS="3710" WIDTH="3102" HEIGHT="90">
						<String ID="P87_ST00397" HPOS="489" VPOS="3710" WIDTH="296" HEIGHT="74" CONTENT="général," WC="0.98" CC="00860854"/>
						<SP ID="P87_SP00362" HPOS="785" VPOS="3784" WIDTH="40"/>
						<String ID="P87_ST00398" HPOS="825" VPOS="3718" WIDTH="62" HEIGHT="51" CONTENT="et" WC="1.00" CC="00"/>
						<SP ID="P87_SP00363" HPOS="887" VPOS="3784" WIDTH="33"/>
						<String ID="P87_ST00399" HPOS="920" VPOS="3713" WIDTH="168" HEIGHT="58" CONTENT="écrit" WC="0.98" CC="04800"/>
						<SP ID="P87_SP00364" HPOS="1088" VPOS="3784" WIDTH="39"/>
						<String ID="P87_ST00400" HPOS="1127" VPOS="3733" WIDTH="177" HEIGHT="57" CONTENT="pour" WC="0.98" CC="0046"/>
						<SP ID="P87_SP00365" HPOS="1304" VPOS="3790" WIDTH="36"/>
						<String ID="P87_ST00401" HPOS="1340" VPOS="3718" WIDTH="265" HEIGHT="58" CONTENT="chacun" WC="0.99" CC="000058"/>
						<SP ID="P87_SP00366" HPOS="1605" VPOS="3790" WIDTH="36"/>
						<String ID="P87_ST00402" HPOS="1641" VPOS="3736" WIDTH="81" HEIGHT="39" CONTENT="en" WC="0.85" CC="02"/>
						<SP ID="P87_SP00367" HPOS="1722" VPOS="3790" WIDTH="32"/>
						<String ID="P87_ST00403" HPOS="1754" VPOS="3719" WIDTH="248" HEIGHT="58" CONTENT="faisant" WC="0.99" CC="0015060"/>
						<SP ID="P87_SP00368" HPOS="2002" VPOS="3790" WIDTH="32"/>
						<String ID="P87_ST00404" HPOS="2034" VPOS="3721" WIDTH="60" HEIGHT="57" CONTENT="la" WC="1.00" CC="00"/>
						<SP ID="P87_SP00369" HPOS="2094" VPOS="3790" WIDTH="34"/>
						<String ID="P87_ST00405" HPOS="2128" VPOS="3721" WIDTH="424" HEIGHT="59" CONTENT="vérification" WC="0.99" CC="970200500407"/>
						<SP ID="P87_SP00370" HPOS="2552" VPOS="3790" WIDTH="34"/>
						<String ID="P87_ST00406" HPOS="2586" VPOS="3724" WIDTH="532" HEIGHT="75" CONTENT="expérimentale" WC="1.00" CC="0002000050010"/>
						<SP ID="P87_SP00371" HPOS="3118" VPOS="3799" WIDTH="34"/>
						<String ID="P87_ST00407" HPOS="3152" VPOS="3726" WIDTH="83" HEIGHT="56" CONTENT="de" WC="1.00" CC="00"/>
						<SP ID="P87_SP00372" HPOS="3235" VPOS="3799" WIDTH="41"/>
						<String ID="P87_ST00408" HPOS="3276" VPOS="3743" WIDTH="107" HEIGHT="39" CONTENT="ses" WC="1.00" CC="000"/>
						<SP ID="P87_SP00373" HPOS="3383" VPOS="3799" WIDTH="44"/>
						<String ID="P87_ST00409" HPOS="3427" VPOS="3742" WIDTH="123" HEIGHT="58" CONTENT="qua" SUBS_TYPE="HypPart1" SUBS_CONTENT="qualités" WC="0.98" CC="030"/>
						<HYP HPOS="3550" VPOS="3742" WIDTH="41" CONTENT="-"/>
					</TextLine>
					<TextLine ID="P87_TL00037" HPOS="492" VPOS="3807" WIDTH="3100" HEIGHT="86">
						<String ID="P87_ST00410" HPOS="492" VPOS="3807" WIDTH="150" HEIGHT="56" CONTENT="lités" SUBS_TYPE="HypPart2" SUBS_CONTENT="qualités" WC="0.98" CC="20048"/>
						<SP ID="P87_SP00374" HPOS="642" VPOS="3863" WIDTH="43"/>
						<String ID="P87_ST00411" HPOS="685" VPOS="3809" WIDTH="480" HEIGHT="74" CONTENT="particulières" WC="1.00" CC="0050015000000"/>
						<SP ID="P87_SP00375" HPOS="1165" VPOS="3883" WIDTH="45"/>
						<String ID="P87_ST00412" HPOS="1210" VPOS="3816" WIDTH="63" HEIGHT="51" CONTENT="et" WC="1.00" CC="00"/>
						<SP ID="P87_SP00376" HPOS="1273" VPOS="3883" WIDTH="45"/>
						<String ID="P87_ST00413" HPOS="1318" VPOS="3812" WIDTH="118" HEIGHT="58" CONTENT="des" WC="1.00" CC="000"/>
						<SP ID="P87_SP00377" HPOS="1436" VPOS="3883" WIDTH="45"/>
						<String ID="P87_ST00414" HPOS="1481" VPOS="3814" WIDTH="604" HEIGHT="77" CONTENT="caractéristiques" WC="1.00" CC="4000100403040400"/>
						<SP ID="P87_SP00378" HPOS="2085" VPOS="3891" WIDTH="45"/>
						<String ID="P87_ST00415" HPOS="2130" VPOS="3818" WIDTH="82" HEIGHT="57" CONTENT="de" WC="1.00" CC="00"/>
						<SP ID="P87_SP00379" HPOS="2212" VPOS="3891" WIDTH="59"/>
						<String ID="P87_ST00416" HPOS="2271" VPOS="3836" WIDTH="121" HEIGHT="40" CONTENT="son" WC="0.96" CC="037"/>
						<SP ID="P87_SP00380" HPOS="2392" VPOS="3891" WIDTH="49"/>
						<String ID="P87_ST00417" HPOS="2441" VPOS="3820" WIDTH="273" HEIGHT="57" CONTENT="timbre." WC="1.00" CC="0103003"/>
						<SP ID="P87_SP00381" HPOS="2714" VPOS="3891" WIDTH="56"/>
						<String ID="P87_ST00418" HPOS="2770" VPOS="3822" WIDTH="94" HEIGHT="56" CONTENT="De" WC="0.76" CC="40"/>
						<SP ID="P87_SP00382" HPOS="2864" VPOS="3891" WIDTH="58"/>
						<String ID="P87_ST00419" HPOS="2922" VPOS="3826" WIDTH="176" HEIGHT="52" CONTENT="cette" WC="1.00" CC="10000"/>
						<SP ID="P87_SP00383" HPOS="3098" VPOS="3891" WIDTH="63"/>
						<String ID="P87_ST00420" HPOS="3161" VPOS="3821" WIDTH="325" HEIGHT="72" CONTENT="manière," WC="0.99" CC="00700404"/>
						<SP ID="P87_SP00384" HPOS="3486" VPOS="3893" WIDTH="59"/>
						<String ID="P87_ST00421" HPOS="3545" VPOS="3821" WIDTH="47" HEIGHT="57" CONTENT="il" WC="0.71" CC="05"/>
					</TextLine>
					<TextLine ID="P87_TL00038" HPOS="495" VPOS="3902" WIDTH="3096" HEIGHT="89">
						<String ID="P87_ST00422" HPOS="495" VPOS="3902" WIDTH="260" HEIGHT="57" CONTENT="obtient" WC="0.99" CC="0740080"/>
						<SP ID="P87_SP00385" HPOS="755" VPOS="3959" WIDTH="33"/>
						<String ID="P87_ST00423" HPOS="788" VPOS="3922" WIDTH="131" HEIGHT="39" CONTENT="une" WC="0.94" CC="780"/>
						<SP ID="P87_SP00386" HPOS="919" VPOS="3961" WIDTH="46"/>
						<String ID="P87_ST00424" HPOS="965" VPOS="3905" WIDTH="324" HEIGHT="59" CONTENT="diversité" WC="1.00" CC="000040043"/>
						<SP ID="P87_SP00387" HPOS="1289" VPOS="3964" WIDTH="44"/>
						<String ID="P87_ST00425" HPOS="1333" VPOS="3914" WIDTH="64" HEIGHT="51" CONTENT="et" WC="1.00" CC="00"/>
						<SP ID="P87_SP00388" HPOS="1397" VPOS="3965" WIDTH="44"/>
						<String ID="P87_ST00426" HPOS="1441" VPOS="3927" WIDTH="132" HEIGHT="40" CONTENT="une" WC="0.95" CC="680"/>
						<SP ID="P87_SP00389" HPOS="1573" VPOS="3967" WIDTH="47"/>
						<String ID="P87_ST00427" HPOS="1620" VPOS="3911" WIDTH="433" HEIGHT="76" CONTENT="multiplicité" WC="1.00" CC="011000004040"/>
						<SP ID="P87_SP00390" HPOS="2053" VPOS="3987" WIDTH="45"/>
						<String ID="P87_ST00428" HPOS="2098" VPOS="3914" WIDTH="81" HEIGHT="57" CONTENT="de" WC="1.00" CC="00"/>
						<SP ID="P87_SP00391" HPOS="2179" VPOS="3987" WIDTH="45"/>
						<String ID="P87_ST00429" HPOS="2224" VPOS="3914" WIDTH="253" HEIGHT="58" CONTENT="coloris" WC="1.00" CC="0040000"/>
						<SP ID="P87_SP00392" HPOS="2477" VPOS="3987" WIDTH="44"/>
						<String ID="P87_ST00430" HPOS="2521" VPOS="3934" WIDTH="155" HEIGHT="39" CONTENT="sans" WC="0.99" CC="0060"/>
						<SP ID="P87_SP00393" HPOS="2676" VPOS="3987" WIDTH="44"/>
						<String ID="P87_ST00431" HPOS="2720" VPOS="3917" WIDTH="392" HEIGHT="74" CONTENT="précédent." WC="0.99" CC="0325500703"/>
						<SP ID="P87_SP00394" HPOS="3112" VPOS="3991" WIDTH="66"/>
						<String ID="P87_ST00432" HPOS="3178" VPOS="3918" WIDTH="96" HEIGHT="56" CONTENT="De" WC="0.81" CC="30"/>
						<SP ID="P87_SP00395" HPOS="3274" VPOS="3991" WIDTH="42"/>
						<String ID="P87_ST00433" HPOS="3316" VPOS="3917" WIDTH="85" HEIGHT="74" CONTENT="là," WC="0.97" CC="204"/>
						<SP ID="P87_SP00396" HPOS="3401" VPOS="3991" WIDTH="46"/>
						<String ID="P87_ST00434" HPOS="3447" VPOS="3917" WIDTH="116" HEIGHT="57" CONTENT="l'at" SUBS_TYPE="HypPart1" SUBS_CONTENT="l'atmosphère" WC="0.99" CC="2400"/>
						<HYP HPOS="3563" VPOS="3917" WIDTH="28" CONTENT="-"/>
					</TextLine>
					<TextLine ID="P87_TL00039" HPOS="490" VPOS="3998" WIDTH="3100" HEIGHT="90">
						<String ID="P87_ST00435" HPOS="490" VPOS="3998" WIDTH="366" HEIGHT="75" CONTENT="mosphère" SUBS_TYPE="HypPart2" SUBS_CONTENT="l'atmosphère" WC="1.00" CC="63000000"/>
						<SP ID="P87_SP00397" HPOS="856" VPOS="4073" WIDTH="45"/>
						<String ID="P87_ST00436" HPOS="901" VPOS="4018" WIDTH="150" HEIGHT="40" CONTENT="rare" WC="0.99" CC="6000"/>
						<SP ID="P87_SP00398" HPOS="1051" VPOS="4073" WIDTH="46"/>
						<String ID="P87_ST00437" HPOS="1097" VPOS="4002" WIDTH="81" HEIGHT="57" CONTENT="de" WC="1.00" CC="00"/>
						<SP ID="P87_SP00399" HPOS="1178" VPOS="4073" WIDTH="44"/>
						<String ID="P87_ST00438" HPOS="1222" VPOS="4021" WIDTH="121" HEIGHT="39" CONTENT="son" WC="0.97" CC="006"/>
						<SP ID="P87_SP00400" HPOS="1343" VPOS="4073" WIDTH="48"/>
						<String ID="P87_ST00439" HPOS="1391" VPOS="4006" WIDTH="504" HEIGHT="59" CONTENT="orchestration" WC="1.00" CC="0606200600104"/>
						<SP ID="P87_SP00401" HPOS="1895" VPOS="4073" WIDTH="45"/>
						<String ID="P87_ST00440" HPOS="1940" VPOS="4013" WIDTH="63" HEIGHT="53" CONTENT="et" WC="0.88" CC="02"/>
						<SP ID="P87_SP00402" HPOS="2003" VPOS="4073" WIDTH="43"/>
						<String ID="P87_ST00441" HPOS="2046" VPOS="4027" WIDTH="113" HEIGHT="39" CONTENT="ces" WC="0.99" CC="100"/>
						<SP ID="P87_SP00403" HPOS="2159" VPOS="4073" WIDTH="43"/>
						<String ID="P87_ST00442" HPOS="2202" VPOS="4028" WIDTH="305" HEIGHT="41" CONTENT="nuances" WC="0.98" CC="5758500"/>
						<SP ID="P87_SP00404" HPOS="2507" VPOS="4073" WIDTH="42"/>
						<String ID="P87_ST00443" HPOS="2549" VPOS="4011" WIDTH="265" HEIGHT="58" CONTENT="tonales" WC="0.99" CC="0060300"/>
						<SP ID="P87_SP00405" HPOS="2814" VPOS="4073" WIDTH="44"/>
						<String ID="P87_ST00444" HPOS="2858" VPOS="4013" WIDTH="55" HEIGHT="56" CONTENT="si" WC="1.00" CC="00"/>
						<SP ID="P87_SP00406" HPOS="2913" VPOS="4073" WIDTH="45"/>
						<String ID="P87_ST00445" HPOS="2958" VPOS="4013" WIDTH="306" HEIGHT="73" CONTENT="subtiles," WC="0.99" CC="104601004"/>
						<SP ID="P87_SP00407" HPOS="3264" VPOS="4086" WIDTH="47"/>
						<String ID="P87_ST00446" HPOS="3311" VPOS="4014" WIDTH="116" HEIGHT="74" CONTENT="qui" WC="0.97" CC="042"/>
						<SP ID="P87_SP00408" HPOS="3427" VPOS="4088" WIDTH="39"/>
						<String ID="P87_ST00447" HPOS="3466" VPOS="4031" WIDTH="124" HEIGHT="57" CONTENT="par" WC="0.98" CC="005"/>
					</TextLine>
					<TextLine ID="P87_TL00040" HPOS="492" VPOS="4097" WIDTH="3093" HEIGHT="69">
						<String ID="P87_ST00448" HPOS="492" VPOS="4100" WIDTH="338" HEIGHT="52" CONTENT="moments" WC="0.99" CC="0000733"/>
						<SP ID="P87_SP00409" HPOS="830" VPOS="4152" WIDTH="31"/>
						<String ID="P87_ST00449" HPOS="861" VPOS="4097" WIDTH="335" HEIGHT="57" CONTENT="semblent" WC="0.99" CC="00063080"/>
						<SP ID="P87_SP00410" HPOS="1196" VPOS="4154" WIDTH="32"/>
						<String ID="P87_ST00450" HPOS="1228" VPOS="4099" WIDTH="385" HEIGHT="59" CONTENT="embrasser" WC="1.00" CC="007004000"/>
						<SP ID="P87_SP00411" HPOS="1613" VPOS="4158" WIDTH="33"/>
						<String ID="P87_ST00451" HPOS="1646" VPOS="4102" WIDTH="119" HEIGHT="57" CONTENT="des" WC="0.99" CC="002"/>
						<SP ID="P87_SP00412" HPOS="1765" VPOS="4159" WIDTH="32"/>
						<String ID="P87_ST00452" HPOS="1797" VPOS="4102" WIDTH="337" HEIGHT="60" CONTENT="émotions" WC="1.00" CC="00000080"/>
						<SP ID="P87_SP00413" HPOS="2134" VPOS="4162" WIDTH="30"/>
						<String ID="P87_ST00453" HPOS="2164" VPOS="4106" WIDTH="268" HEIGHT="58" CONTENT="flottant" WC="0.98" CC="85008084"/>
						<SP ID="P87_SP00414" HPOS="2432" VPOS="4164" WIDTH="31"/>
						<String ID="P87_ST00454" HPOS="2463" VPOS="4108" WIDTH="35" HEIGHT="57" CONTENT="à" WC="0.81" CC="1"/>
						<SP ID="P87_SP00415" HPOS="2498" VPOS="4165" WIDTH="29"/>
						<String ID="P87_ST00455" HPOS="2527" VPOS="4108" WIDTH="346" HEIGHT="57" CONTENT="l'extrême" WC="1.00" CC="040000403"/>
						<SP ID="P87_SP00416" HPOS="2873" VPOS="4165" WIDTH="29"/>
						<String ID="P87_ST00456" HPOS="2902" VPOS="4108" WIDTH="215" HEIGHT="58" CONTENT="limite" WC="0.99" CC="420000"/>
						<SP ID="P87_SP00417" HPOS="3117" VPOS="4166" WIDTH="33"/>
						<String ID="P87_ST00457" HPOS="3150" VPOS="4110" WIDTH="89" HEIGHT="56" CONTENT="du" WC="0.68" CC="06"/>
						<SP ID="P87_SP00418" HPOS="3239" VPOS="4166" WIDTH="32"/>
						<String ID="P87_ST00458" HPOS="3271" VPOS="4109" WIDTH="314" HEIGHT="57" CONTENT="sensible." WC="0.99" CC="008356504"/>
					</TextLine>
				</TextBlock>
				<TextBlock ID="P87_TB00003" HPOS="2830" VPOS="4251" WIDTH="522" HEIGHT="61" STYLEREFS="TXT_0 PAR_RIGHT">
					<TextLine ID="P87_TL00041" HPOS="2830" VPOS="4252" WIDTH="522" HEIGHT="60">
						<String ID="P87_ST00459" HPOS="2830" VPOS="4252" WIDTH="215" HEIGHT="57" CONTENT="Leigh" WC="0.54" CC="05664"/>
						<SP ID="P87_SP00419" HPOS="3045" VPOS="4309" WIDTH="45"/>
						<String ID="P87_ST00460" HPOS="3090" VPOS="4252" WIDTH="262" HEIGHT="60" CONTENT="Henry." WC="0.97" CC="625525"/>
					</TextLine>
				</TextBlock>
				<TextBlock ID="P87_TB00004" HPOS="483" VPOS="4467" WIDTH="3104" HEIGHT="270" STYLEREFS="TXT_0 PAR_LEFT">
					<TextLine ID="P87_TL00042" HPOS="642" VPOS="4469" WIDTH="2460" HEIGHT="89">
						<String ID="P87_ST00461" HPOS="642" VPOS="4469" WIDTH="309" HEIGHT="72" CONTENT="(Traduit" WC="0.99" CC="40163300"/>
						<SP ID="P87_SP00420" HPOS="951" VPOS="4541" WIDTH="35"/>
						<String ID="P87_ST00462" HPOS="986" VPOS="4471" WIDTH="79" HEIGHT="58" CONTENT="de" WC="0.71" CC="50"/>
						<SP ID="P87_SP00421" HPOS="1065" VPOS="4541" WIDTH="31"/>
						<String ID="P87_ST00463" HPOS="1096" VPOS="4471" WIDTH="306" HEIGHT="77" CONTENT="l'anglais" WC="0.98" CC="345814603"/>
						<SP ID="P87_SP00422" HPOS="1402" VPOS="4548" WIDTH="32"/>
						<String ID="P87_ST00464" HPOS="1434" VPOS="4493" WIDTH="122" HEIGHT="55" CONTENT="par" WC="0.94" CC="475"/>
						<SP ID="P87_SP00423" HPOS="1556" VPOS="4548" WIDTH="36"/>
						<String ID="P87_ST00465" HPOS="1592" VPOS="4475" WIDTH="70" HEIGHT="61" CONTENT="L." WC="0.78" CC="04"/>
						<SP ID="P87_SP00424" HPOS="1662" VPOS="4548" WIDTH="39"/>
						<String ID="P87_ST00466" HPOS="1701" VPOS="4478" WIDTH="68" HEIGHT="60" CONTENT="B." WC="0.46" CC="64"/>
						<SP ID="P87_SP00425" HPOS="1769" VPOS="4548" WIDTH="39"/>
						<String ID="P87_ST00467" HPOS="1808" VPOS="4494" WIDTH="169" HEIGHT="41" CONTENT="avec" WC="0.96" CC="8605"/>
						<SP ID="P87_SP00426" HPOS="1977" VPOS="4548" WIDTH="32"/>
						<String ID="P87_ST00468" HPOS="2009" VPOS="4477" WIDTH="501" HEIGHT="62" CONTENT="l'autorisation" WC="0.99" CC="64050873695056"/>
						<SP ID="P87_SP00427" HPOS="2510" VPOS="4548" WIDTH="36"/>
						<String ID="P87_ST00469" HPOS="2546" VPOS="4482" WIDTH="81" HEIGHT="58" CONTENT="de" WC="1.00" CC="00"/>
						<SP ID="P87_SP00428" HPOS="2627" VPOS="4548" WIDTH="38"/>
						<String ID="P87_ST00470" HPOS="2665" VPOS="4482" WIDTH="131" HEIGHT="59" CONTENT="The" WC="0.98" CC="004"/>
						<SP ID="P87_SP00429" HPOS="2796" VPOS="4548" WIDTH="30"/>
						<String ID="P87_ST00471" HPOS="2826" VPOS="4483" WIDTH="276" HEIGHT="75" CONTENT="Egoïst)." WC="0.64" CC="23506136"/>
					</TextLine>
					<TextLine ID="P87_TL00043" HPOS="641" VPOS="4564" WIDTH="2946" HEIGHT="80">
						<String ID="P87_ST00472" HPOS="641" VPOS="4564" WIDTH="183" HEIGHT="58" CONTENT="Dans" WC="0.97" CC="5620"/>
						<SP ID="P87_SP00430" HPOS="824" VPOS="4622" WIDTH="30"/>
						<String ID="P87_ST00473" HPOS="854" VPOS="4565" WIDTH="61" HEIGHT="57" CONTENT="le" WC="0.70" CC="50"/>
						<SP ID="P87_SP00431" HPOS="915" VPOS="4622" WIDTH="36"/>
						<String ID="P87_ST00474" HPOS="951" VPOS="4569" WIDTH="332" HEIGHT="71" CONTENT="prochain" WC="0.99" CC="03021008"/>
						<SP ID="P87_SP00432" HPOS="1283" VPOS="4640" WIDTH="40"/>
						<String ID="P87_ST00475" HPOS="1323" VPOS="4569" WIDTH="308" HEIGHT="75" CONTENT="numéro," WC="0.97" CC="8693506"/>
						<SP ID="P87_SP00433" HPOS="1631" VPOS="4644" WIDTH="29"/>
						<String ID="P87_ST00476" HPOS="1660" VPOS="4573" WIDTH="166" HEIGHT="56" CONTENT="Jean" WC="0.98" CC="0008"/>
						<SP ID="P87_SP00434" HPOS="1826" VPOS="4644" WIDTH="44"/>
						<String ID="P87_ST00477" HPOS="1870" VPOS="4573" WIDTH="294" HEIGHT="59" CONTENT="Cocteau" WC="0.98" CC="6500057"/>
						<SP ID="P87_SP00435" HPOS="2164" VPOS="4644" WIDTH="48"/>
						<String ID="P87_ST00478" HPOS="2212" VPOS="4593" WIDTH="474" HEIGHT="43" CONTENT="commencera" WC="0.99" CC="4060065000"/>
						<SP ID="P87_SP00436" HPOS="2686" VPOS="4644" WIDTH="46"/>
						<String ID="P87_ST00479" HPOS="2732" VPOS="4596" WIDTH="130" HEIGHT="39" CONTENT="une" WC="0.94" CC="680"/>
						<SP ID="P87_SP00437" HPOS="2862" VPOS="4644" WIDTH="46"/>
						<String ID="P87_ST00480" HPOS="2908" VPOS="4577" WIDTH="171" HEIGHT="59" CONTENT="série" WC="0.98" CC="37013"/>
						<SP ID="P87_SP00438" HPOS="3079" VPOS="4644" WIDTH="45"/>
						<String ID="P87_ST00481" HPOS="3124" VPOS="4579" WIDTH="303" HEIGHT="58" CONTENT="d'études" WC="0.99" CC="04006907"/>
						<SP ID="P87_SP00439" HPOS="3427" VPOS="4644" WIDTH="44"/>
						<String ID="P87_ST00482" HPOS="3471" VPOS="4596" WIDTH="116" HEIGHT="40" CONTENT="sur" WC="0.98" CC="060"/>
					</TextLine>
					<TextLine ID="P87_TL00044" HPOS="484" VPOS="4657" WIDTH="1066" HEIGHT="80">
						<String ID="P87_ST00483" HPOS="484" VPOS="4657" WIDTH="61" HEIGHT="57" CONTENT="la" WC="0.42" CC="37"/>
						<SP ID="P87_SP00440" HPOS="545" VPOS="4714" WIDTH="36"/>
						<String ID="P87_ST00484" HPOS="581" VPOS="4660" WIDTH="209" HEIGHT="74" CONTENT="jeune" WC="0.98" CC="00670"/>
						<SP ID="P87_SP00441" HPOS="790" VPOS="4734" WIDTH="44"/>
						<String ID="P87_ST00485" HPOS="834" VPOS="4662" WIDTH="314" HEIGHT="75" CONTENT="musique" WC="0.99" CC="7354000"/>
						<SP ID="P87_SP00442" HPOS="1148" VPOS="4737" WIDTH="43"/>
						<String ID="P87_ST00486" HPOS="1191" VPOS="4662" WIDTH="359" HEIGHT="75" CONTENT="française." WC="0.99" CC="1098066404"/>
					</TextLine>
				</TextBlock>
			</PrintSpace>
		</Page>
	</Layout>
</alto>
