4221 5509
3544 4929 101 82 19

596 520 377 83 arrêtée.
1011 520 231 84 Mais
1278 548 100 58 ce
1424 526 145 104 qui
1620 526 335 97 diffère,
2021 530 214 78 c'est
2297 528 80 81 la
2441 528 392 83 manière
2897 528 107 85 de
3065 557 89 56 se
3219 531 453 83 résoudre.

596 653 128 82 Le
770 655 298 81 Héros
1112 660 452 81 cornélien
1629 662 384 79 cherche
2077 664 51 77 à
2191 689 91 52 se
2345 664 427 79 résoudre
2836 694 108 51 en
3009 680 243 68 toute
3315 667 360 81 lucidité

592 789 388 101 d'esprit.
1026 789 237 85 Pour
1307 796 210 93 cela,
1568 796 55 78 il
1671 796 156 79 fait
1871 796 222 79 taire
2138 796 82 79 la
2264 797 208 80 voix
2516 799 108 76 de
2670 824 93 53 sa
2807 799 501 97 sensibilité,
3371 801 54 81 il
3471 831 153 51 ana-

597 924 212 102 lyse,
853 924 54 80 il
953 926 437 97 raisonne,
1427 929 54 78 il
1527 929 423 80 réfléchit.
2013 929 295 102 Après
2343 931 251 81 avoir
2638 933 459 81 considéré
3159 963 217 54 avec
3434 958 193 80 sang-

591 1055 228 81 froid
884 1058 121 80 les
1070 1060 391 83 diverses
1529 1061 437 80 manières
2030 1061 300 102 d'agir,
2394 1063 56 78 il
2516 1092 90 52 se
2670 1065 305 83 décide
3036 1095 159 73 par
3268 1097 117 51 un
3451 1070 223 80 libre

592 1192 263 79 choix
890 1207 87 66 et
1019 1195 80 78 la
1143 1195 484 82 résolution
1671 1195 235 102 prise
1967 1197 192 80 l'est
2220 1197 718 85 définitivement.
3005 1200 246 83 C'est
3313 1207 217 76 dans
3595 1205 79 78 le

591 1324 264 83 choix
897 1329 115 78 du
1056 1331 227 100 parti
1329 1331 49 78 à
1425 1329 324 95 suivre,
1788 1329 264 81 choix
2086 1351 198 80 gros
2325 1332 108 80 de
2468 1334 459 95 sacrifices,
2966 1339 281 98 qu'est
3280 1339 392 80 l'instant

587 1461 588 81 douloureux.
1251 1461 235 81 Mais
1563 1490 171 51 une
1806 1463 165 79 fois
2045 1465 334 94 décidé,
2455 1466 78 80 le
2597 1466 298 81 Héros
2960 1470 452 81 cornélien
3478 1485 194 66 sent

587 1593 603 102 l'apaisement
1234 1624 91 52 se
1371 1597 220 79 faire
1637 1624 110 52 en
1791 1597 146 93 lui,
1984 1597 54 79 il
2086 1598 171 100 agit
2301 1625 215 56 avec
2560 1600 196 103 joie.
2824 1602 108 81 Se
2987 1605 426 80 résoudre
3459 1605 210 80 était

585 1729 376 100 pénible,
999 1730 216 80 mais
1261 1730 183 100 agir
1490 1734 222 76 n'est
1754 1730 193 102 plus
1984 1734 269 100 qu'un
2294 1734 171 101 jeu.

814 1862 237 82 Pour
1083 1864 322 93 Julien,
1444 1891 100 53 ce
1590 1879 198 65 sont
1832 1868 150 77 des
2030 1895 384 54 nuances
2450 1869 532 81 différentes.
3031 1871 147 81 On
3224 1888 210 86 peut
3478 1874 188 80 dire

584 1998 261 98 qu'en
889 1996 379 102 général,
1315 1998 214 78 c'est
1573 2000 216 76 dans
1833 1998 82 79 la
1969 2000 379 100 passion,
2409 2030 200 53 sous
2673 2003 398 103 l'empire
3136 2006 206 78 d'un
3407 2008 216 78 senti-

584 2145 242 65 ment
868 2130 336 80 violent
1248 2130 204 102 qu'il
1500 2159 91 51 se
1635 2132 336 79 décide.
2038 2132 176 83 Son
2279 2138 193 78 âme
2519 2137 342 81 exaltée
2907 2140 366 80 s'arrête
3317 2142 232 79 alors
3613 2144 51 77 à

580 2264 153 78 des
807 2262 435 80 décisions
1317 2264 262 78 d'une
1654 2264 205 81 folle
1942 2269 361 79 audace.
2387 2267 230 81 Mais
2702 2272 339 82 ensuite
3122 2274 542 80 l'exaltation

580 2398 302 77 tombe
946 2409 85 66 et
1093 2396 258 79 l'âme
1415 2396 347 83 revient
1823 2399 51 78 à
1937 2426 93 53 sa
2091 2401 405 83 faiblesse
2560 2406 460 80 naturelle.
3102 2404 293 83 Julien
3469 2423 195 64 sent

580 2530 207 100 qu'il
850 2531 223 78 n'est
1129 2530 195 100 plus
1388 2531 51 78 à
1498 2530 83 81 la
1644 2531 377 80 hauteur
2084 2536 107 77 de
2253 2535 80 79 la
2392 2536 483 82 résolution
2932 2540 730 100 précédemment

580 2663 261 100 prise.
919 2663 188 80 Elle
1182 2663 77 80 le
1336 2665 394 100 dépasse,
1806 2667 163 79 elle
2032 2667 386 83 l'effraie.
2494 2670 66 80 Il
2626 2674 411 79 voudrait
3098 2675 175 78 fuir
3335 2677 327 80 devant

579 2797 559 80 l'exécution.
1187 2795 245 82 C'est
1476 2799 232 79 alors
1754 2828 169 72 que
1967 2829 225 73 pour
2238 2804 281 81 éviter
2563 2834 117 51 un
2738 2809 276 91 recul,
3073 2807 54 78 il
3192 2809 155 80 fait
3408 2811 109 79 de
3579 2811 82 78 la

577 2929 484 82 résolution
1107 2931 527 81 audacieuse
1671 2961 117 51 un
1844 2965 30 34 «
1920 2936 310 80 devoir
2274 2966 30 36 »
2358 2939 317 100 auquel
2719 2939 56 80 il
2819 2941 183 80 doit
3037 2968 90 54 se
3173 2956 484 68 soumettre

577 3065 642 100 aveuglément.
1266 3066 117 78 Le
1425 3080 359 68 moment
1813 3068 349 97 pénible,
2199 3070 195 81 c'est
2433 3071 205 82 donc
2680 3073 71 80 le
2794 3088 355 68 moment
3192 3075 98 81 de
3320 3075 295 83 l'exécu-

577 3204 191 74 tion.
836 3198 129 80 La
1019 3200 486 80 résolution
1551 3229 108 52 au
1705 3204 445 81 contraire
2196 3220 127 67 est
2365 3207 234 100 prise
2645 3236 198 52 sans
2887 3210 216 80 lutte
3147 3210 508 97 intérieure,

574 3331 162 79 elle
785 3347 131 65 est
958 3332 254 80 l'idée
1258 3332 428 104 héroïque
1732 3336 145 101 qui
1925 3337 408 102 s'impose
2389 3339 758 85 immédiatement
3188 3346 49 78 à
3295 3344 360 102 l'esprit,

575 3464 144 102 qui
767 3480 130 66 est
939 3466 368 80 aussitôt
1351 3471 418 98 acceptée
1817 3498 167 75 que
2032 3500 362 73 conçue.

797 3600 244 79 Ainsi
1100 3598 285 81 Julien
1441 3608 315 93 conçoit
1813 3605 627 83 naturellement
2497 3607 463 83 l'héroïsme
3014 3617 210 74 mais
3285 3612 61 79 il
3417 3642 100 51 ne
3584 3612 75 81 le

567 3728 294 83 réalise
906 3745 343 68 souvent
1288 3761 151 69 que
1471 3749 166 81 par
1676 3734 115 81 les
1854 3766 325 71 moyens
2223 3739 98 81 de
2362 3747 455 75 contrainte
2878 3740 198 100 qu'il
3134 3744 403 98 s'impose.
3584 3745 70 82 Il

570 3872 356 73 connaît
970 3867 227 78 donc
1242 3867 122 80 les
1410 3867 566 85 défaillances
2021 3876 109 78 de
2176 3874 359 81 volonté
2580 3889 85 65 et
2729 3878 212 77 c'est
2993 3879 217 78 dans
3256 3881 107 78 de
3407 3879 245 81 telles

569 3996 448 83 faiblesses
1063 4001 547 100 qu'apparaît
1654 4003 518 84 l'humanité
2233 4010 112 77 du
2413 4008 326 79 Héros.
2799 4010 293 81 Julien
3158 4020 354 73 connaît
3574 4015 78 79 la

572 4159 245 72 peur,
863 4133 215 80 mais
1126 4135 286 79 même
1458 4137 215 77 dans
1720 4138 122 78 les
1888 4138 370 83 instants
2304 4140 112 81 où
2460 4142 56 79 il
2562 4145 597 81 s'abandonne
3205 4147 49 79 à
3308 4176 100 52 ce
3462 4176 141 52 sen-

570 4265 337 97 timent,
955 4269 79 79 la
1092 4267 479 81 résolution
1637 4287 129 63 est
1825 4274 398 101 toujours
2284 4275 505 82 maintenue
2853 4281 213 77 dans
3131 4308 157 52 son
3352 4282 297 98 esprit.

574 4397 147 82 S'il
782 4404 393 98 éprouve
1253 4430 171 52 une
1496 4404 431 83 véritable
2001 4409 225 81 crise
2301 4413 108 77 de
2474 4440 221 73 peur
2753 4440 108 50 au
2921 4431 394 63 moment
3391 4416 109 80 de
3559 4445 90 51 se

572 4536 325 80 rendre
941 4540 215 76 dans
1202 4536 79 81 la
1325 4536 424 81 chambre
1795 4543 108 78 de
1969 4541 469 97 Mathilde,
2504 4560 229 64 cette
2795 4573 220 73 peur
3078 4548 354 80 n'influe
3493 4577 156 71 pas

575 4695 148 53 sur
768 4697 92 54 sa
906 4672 389 81 manière
1339 4670 296 100 d'agir.
1691 4702 31 36 «
1771 4672 383 86 Comme
2198 4678 54 80 il
2299 4678 210 82 était
2553 4680 291 78 résolu
2899 4682 49 78 à
2982 4682 208 99 agir,
3220 4684 56 77 il
3312 4684 335 79 s'aban-
