<?xml version="1.0" encoding="UTF-8"?>
<alto xmlns:xsi="http://www.w3.org/2001/XMLSchema-instance" xmlns="http://www.loc.gov/standards/alto/ns-v2#" xsi:schemaLocation="http://www.loc.gov/standards/alto/ns-v2# http://www.loc.gov/standards/alto/v2/alto-2-0.xsd" xmlns:xlink="http://www.w3.org/1999/xlink">
	<Description>
		<MeasurementUnit>mm10</MeasurementUnit>
		<sourceImageInformation>
			<fileName>//lib-docworks1/IN/PUL-BlueMountain-RQA/periodicals/bmtnabf/issues/1900/05/01_01/00000010.jp2</fileName>
		</sourceImageInformation>
		<OCRProcessing ID="OCRPROCESSING_1">
			<preProcessingStep>
				<processingSoftware>
					<softwareCreator>CCS Content Conversion Specialists GmbH, Germany</softwareCreator>
					<softwareName>CCS docWorks</softwareName>
					<softwareVersion>6.8-1.24</softwareVersion>
				</processingSoftware>
			</preProcessingStep>
			<ocrProcessingStep>
				<processingSoftware>
					<softwareCreator>ABBYY (BIT Software), Russia</softwareCreator>
					<softwareName>FineReader</softwareName>
					<softwareVersion>11.0</softwareVersion>
				</processingSoftware>
			</ocrProcessingStep>
			<postProcessingStep>
				<processingSoftware>
					<softwareCreator>CCS Content Conversion Specialists GmbH, Germany</softwareCreator>
					<softwareName>CCS docWorks</softwareName>
					<softwareVersion>6.8-1.24</softwareVersion>
					<applicationDescription>docWorks: Text modified manually, or automatically replaced</applicationDescription>
				</processingSoftware>
			</postProcessingStep>
		</OCRProcessing>
	</Description>
	<Styles>
		<TextStyle ID="TXT_0" FONTSIZE="43" FONTFAMILY="Courier New"/>
		<TextStyle ID="TXT_1" FONTSIZE="18" FONTFAMILY="Times New Roman"/>
		<ParagraphStyle ID="PAR_RIGHT" ALIGN="Right"/>
		<ParagraphStyle ID="PAR_BLOCK" ALIGN="Block"/>
	</Styles>
	<Layout>
		<Page ID="P10" PHYSICAL_IMG_NR="10" HEIGHT="3048" WIDTH="2902" PRINTED_IMG_NR="136" PC="0.963">
			<TopMargin ID="P10_TM00001" HPOS="0" VPOS="0" WIDTH="2902" HEIGHT="530"/>
			<LeftMargin ID="P10_LM00001" HPOS="0" VPOS="530" WIDTH="715" HEIGHT="1829"/>
			<RightMargin ID="P10_RM00001" HPOS="2416" VPOS="530" WIDTH="486" HEIGHT="1829"/>
			<BottomMargin ID="P10_BM00001" HPOS="0" VPOS="2359" WIDTH="2902" HEIGHT="689">
				<TextBlock ID="P10_TB00001" HPOS="1523" VPOS="2361" WIDTH="70" HEIGHT="33" STYLEREFS="TXT_0 PAR_RIGHT">
					<TextLine ID="P10_TL00001" HPOS="1523" VPOS="2361" WIDTH="70" HEIGHT="33">
						<String ID="P10_ST00001" HPOS="1523" VPOS="2361" WIDTH="70" HEIGHT="33" CONTENT="136" WC="1.00" CC="000"/>
					</TextLine>
				</TextBlock>
			</BottomMargin>
			<PrintSpace ID="P10_PS00001" HPOS="715" VPOS="530" WIDTH="1701" HEIGHT="1829">
				<TextBlock ID="P10_TB00002" HPOS="715" VPOS="530" WIDTH="1701" HEIGHT="1717" STYLEREFS="TXT_1 PAR_BLOCK">
					<TextLine ID="P10_TL00002" HPOS="728" VPOS="531" WIDTH="1688" HEIGHT="65">
						<String ID="P10_ST00002" HPOS="728" VPOS="532" WIDTH="107" HEIGHT="43" CONTENT="und" WC="0.95" CC="660"/>
						<SP ID="P10_SP00001" HPOS="835" VPOS="575" WIDTH="32"/>
						<String ID="P10_ST00003" HPOS="867" VPOS="531" WIDTH="82" HEIGHT="43" CONTENT="die" WC="0.99" CC="200"/>
						<SP ID="P10_SP00002" HPOS="949" VPOS="575" WIDTH="28"/>
						<String ID="P10_ST00004" HPOS="977" VPOS="531" WIDTH="295" HEIGHT="45" CONTENT="Deutschen" WC="0.99" CC="006000603"/>
						<SP ID="P10_SP00003" HPOS="1272" VPOS="576" WIDTH="27"/>
						<String ID="P10_ST00005" HPOS="1299" VPOS="532" WIDTH="291" HEIGHT="58" CONTENT="überhaupt" WC="0.99" CC="000505652"/>
						<SP ID="P10_SP00004" HPOS="1590" VPOS="590" WIDTH="24"/>
						<String ID="P10_ST00006" HPOS="1614" VPOS="538" WIDTH="220" HEIGHT="43" CONTENT="zumeist" WC="1.00" CC="2000000"/>
						<SP ID="P10_SP00005" HPOS="1834" VPOS="590" WIDTH="25"/>
						<String ID="P10_ST00007" HPOS="1859" VPOS="552" WIDTH="66" HEIGHT="31" CONTENT="zu" WC="0.94" CC="10"/>
						<SP ID="P10_SP00006" HPOS="1925" VPOS="590" WIDTH="27"/>
						<String ID="P10_ST00008" HPOS="1952" VPOS="541" WIDTH="223" HEIGHT="55" CONTENT="danken," WC="1.00" CC="0300002"/>
						<SP ID="P10_SP00007" HPOS="2175" VPOS="596" WIDTH="24"/>
						<String ID="P10_ST00009" HPOS="2199" VPOS="545" WIDTH="116" HEIGHT="45" CONTENT="dass" WC="1.00" CC="0000"/>
						<SP ID="P10_SP00008" HPOS="2315" VPOS="596" WIDTH="27"/>
						<String ID="P10_ST00010" HPOS="2342" VPOS="547" WIDTH="74" HEIGHT="44" CONTENT="sie" WC="1.00" CC="000"/>
					</TextLine>
					<TextLine ID="P10_TL00003" HPOS="728" VPOS="590" WIDTH="1688" HEIGHT="61">
						<String ID="P10_ST00011" HPOS="728" VPOS="590" WIDTH="212" HEIGHT="44" CONTENT="sowohl" WC="0.99" CC="000060"/>
						<SP ID="P10_SP00009" HPOS="940" VPOS="634" WIDTH="31"/>
						<String ID="P10_ST00012" HPOS="971" VPOS="591" WIDTH="95" HEIGHT="43" CONTENT="mit" WC="1.00" CC="001"/>
						<SP ID="P10_SP00010" HPOS="1066" VPOS="634" WIDTH="31"/>
						<String ID="P10_ST00013" HPOS="1097" VPOS="591" WIDTH="101" HEIGHT="43" CONTENT="den" WC="1.00" CC="000"/>
						<SP ID="P10_SP00011" HPOS="1198" VPOS="634" WIDTH="25"/>
						<String ID="P10_ST00014" HPOS="1223" VPOS="591" WIDTH="240" HEIGHT="44" CONTENT="Werken" WC="1.00" CC="002000"/>
						<SP ID="P10_SP00012" HPOS="1463" VPOS="635" WIDTH="31"/>
						<String ID="P10_ST00015" HPOS="1494" VPOS="594" WIDTH="75" HEIGHT="42" CONTENT="als" WC="1.00" CC="000"/>
						<SP ID="P10_SP00013" HPOS="1569" VPOS="636" WIDTH="32"/>
						<String ID="P10_ST00016" HPOS="1601" VPOS="596" WIDTH="134" HEIGHT="43" CONTENT="auch" WC="0.97" CC="0606"/>
						<SP ID="P10_SP00014" HPOS="1735" VPOS="639" WIDTH="29"/>
						<String ID="P10_ST00017" HPOS="1764" VPOS="598" WIDTH="97" HEIGHT="43" CONTENT="mit" WC="1.00" CC="000"/>
						<SP ID="P10_SP00015" HPOS="1861" VPOS="641" WIDTH="31"/>
						<String ID="P10_ST00018" HPOS="1892" VPOS="600" WIDTH="89" HEIGHT="43" CONTENT="der" WC="0.98" CC="006"/>
						<SP ID="P10_SP00016" HPOS="1981" VPOS="643" WIDTH="27"/>
						<String ID="P10_ST00019" HPOS="2008" VPOS="601" WIDTH="408" HEIGHT="50" CONTENT="Persönlichkeit" WC="1.00" CC="00401510060000"/>
					</TextLine>
					<TextLine ID="P10_TL00004" HPOS="729" VPOS="651" WIDTH="1685" HEIGHT="58">
						<String ID="P10_ST00020" HPOS="729" VPOS="651" WIDTH="89" HEIGHT="43" CONTENT="des" WC="1.00" CC="000"/>
						<SP ID="P10_SP00017" HPOS="818" VPOS="694" WIDTH="37"/>
						<String ID="P10_ST00021" HPOS="855" VPOS="651" WIDTH="361" HEIGHT="55" CONTENT="gegenwärtig" WC="0.99" CC="60900040005"/>
						<SP ID="P10_SP00018" HPOS="1216" VPOS="706" WIDTH="39"/>
						<String ID="P10_ST00022" HPOS="1255" VPOS="651" WIDTH="388" HEIGHT="46" CONTENT="berühmtesten" WC="1.00" CC="000060000000"/>
						<SP ID="P10_SP00019" HPOS="1643" VPOS="706" WIDTH="37"/>
						<String ID="P10_ST00023" HPOS="1680" VPOS="654" WIDTH="384" HEIGHT="50" CONTENT="französischen" WC="1.00" CC="0500220000600"/>
						<SP ID="P10_SP00020" HPOS="2064" VPOS="706" WIDTH="41"/>
						<String ID="P10_ST00024" HPOS="2105" VPOS="662" WIDTH="309" HEIGHT="47" CONTENT="Caricaturi=" WC="0.84" CC="00400006600"/>
					</TextLine>
					<TextLine ID="P10_TL00005" HPOS="728" VPOS="709" WIDTH="1687" HEIGHT="66">
						<String ID="P10_ST00025" HPOS="728" VPOS="713" WIDTH="114" HEIGHT="40" CONTENT="sten" WC="1.00" CC="0000"/>
						<SP ID="P10_SP00021" HPOS="842" VPOS="753" WIDTH="22"/>
						<String ID="P10_ST00026" HPOS="864" VPOS="710" WIDTH="152" HEIGHT="42" CONTENT="intim" WC="1.00" CC="00000"/>
						<SP ID="P10_SP00022" HPOS="1016" VPOS="753" WIDTH="22"/>
						<String ID="P10_ST00027" HPOS="1038" VPOS="709" WIDTH="233" HEIGHT="44" CONTENT="bekannt" WC="1.00" CC="0000000"/>
						<SP ID="P10_SP00023" HPOS="1271" VPOS="753" WIDTH="22"/>
						<String ID="P10_ST00028" HPOS="1293" VPOS="711" WIDTH="285" HEIGHT="55" CONTENT="geworden" WC="1.00" CC="00005100"/>
						<SP ID="P10_SP00024" HPOS="1578" VPOS="766" WIDTH="24"/>
						<String ID="P10_ST00029" HPOS="1602" VPOS="713" WIDTH="128" HEIGHT="44" CONTENT="sind." WC="0.99" CC="00004"/>
						<SP ID="P10_SP00025" HPOS="1730" VPOS="766" WIDTH="537"/>
						<String ID="P10_ST00030" HPOS="2267" VPOS="732" WIDTH="148" HEIGHT="43" CONTENT="©o©" WC="0.50" CC="454"/>
					</TextLine>
					<TextLine ID="P10_TL00006" HPOS="727" VPOS="768" WIDTH="1687" HEIGHT="61">
						<String ID="P10_ST00031" HPOS="727" VPOS="777" WIDTH="42" HEIGHT="40" CONTENT="©" WC="0.55" CC="4"/>
						<SP ID="P10_SP00026" HPOS="769" VPOS="817" WIDTH="61"/>
						<String ID="P10_ST00032" HPOS="830" VPOS="768" WIDTH="277" HEIGHT="44" CONTENT="Während" WC="0.88" CC="0250000"/>
						<SP ID="P10_SP00027" HPOS="1107" VPOS="817" WIDTH="18"/>
						<String ID="P10_ST00033" HPOS="1125" VPOS="769" WIDTH="105" HEIGHT="42" CONTENT="wir" WC="0.99" CC="003"/>
						<SP ID="P10_SP00028" HPOS="1230" VPOS="817" WIDTH="18"/>
						<String ID="P10_ST00034" HPOS="1248" VPOS="769" WIDTH="228" HEIGHT="44" CONTENT="anderen" WC="1.00" CC="0000000"/>
						<SP ID="P10_SP00029" HPOS="1476" VPOS="817" WIDTH="14"/>
						<String ID="P10_ST00035" HPOS="1490" VPOS="771" WIDTH="318" HEIGHT="55" CONTENT="plauderten," WC="1.00" CC="60050000004"/>
						<SP ID="P10_SP00030" HPOS="1808" VPOS="826" WIDTH="19"/>
						<String ID="P10_ST00036" HPOS="1827" VPOS="777" WIDTH="264" HEIGHT="45" CONTENT="erzählten" WC="1.00" CC="000040000"/>
						<SP ID="P10_SP00031" HPOS="2091" VPOS="826" WIDTH="17"/>
						<String ID="P10_ST00037" HPOS="2108" VPOS="782" WIDTH="107" HEIGHT="42" CONTENT="und" WC="0.98" CC="400"/>
						<SP ID="P10_SP00032" HPOS="2215" VPOS="826" WIDTH="14"/>
						<String ID="P10_ST00038" HPOS="2229" VPOS="795" WIDTH="185" HEIGHT="34" CONTENT="unsere" WC="0.99" CC="500010"/>
					</TextLine>
					<TextLine ID="P10_TL00007" HPOS="726" VPOS="828" WIDTH="1689" HEIGHT="67">
						<String ID="P10_ST00039" HPOS="726" VPOS="828" WIDTH="287" HEIGHT="44" CONTENT="Ansichten" WC="1.00" CC="000000000"/>
						<SP ID="P10_SP00033" HPOS="1013" VPOS="872" WIDTH="43"/>
						<String ID="P10_ST00040" HPOS="1056" VPOS="828" WIDTH="383" HEIGHT="52" CONTENT="austauschten," WC="1.00" CC="0000060000000"/>
						<SP ID="P10_SP00034" HPOS="1439" VPOS="880" WIDTH="30"/>
						<String ID="P10_ST00041" HPOS="1469" VPOS="843" WIDTH="121" HEIGHT="30" CONTENT="war" WC="0.98" CC="006"/>
						<SP ID="P10_SP00035" HPOS="1590" VPOS="880" WIDTH="36"/>
						<String ID="P10_ST00042" HPOS="1626" VPOS="831" WIDTH="239" HEIGHT="46" CONTENT="Leandre" WC="0.84" CC="5000050"/>
						<SP ID="P10_SP00036" HPOS="1865" VPOS="880" WIDTH="41"/>
						<String ID="P10_ST00043" HPOS="1906" VPOS="835" WIDTH="271" HEIGHT="60" CONTENT="beständig" WC="1.00" CC="000000000"/>
						<SP ID="P10_SP00037" HPOS="2177" VPOS="895" WIDTH="44"/>
						<String ID="P10_ST00044" HPOS="2221" VPOS="855" WIDTH="67" HEIGHT="30" CONTENT="an" WC="1.00" CC="00"/>
						<SP ID="P10_SP00038" HPOS="2288" VPOS="895" WIDTH="38"/>
						<String ID="P10_ST00045" HPOS="2326" VPOS="844" WIDTH="89" HEIGHT="44" CONTENT="der" WC="0.98" CC="005"/>
					</TextLine>
					<TextLine ID="P10_TL00008" HPOS="726" VPOS="887" WIDTH="1688" HEIGHT="60">
						<String ID="P10_ST00046" HPOS="726" VPOS="887" WIDTH="193" HEIGHT="43" CONTENT="Arbeit." WC="0.99" CC="0730002"/>
						<SP ID="P10_SP00039" HPOS="919" VPOS="930" WIDTH="25"/>
						<String ID="P10_ST00047" HPOS="944" VPOS="887" WIDTH="174" HEIGHT="43" CONTENT="Kaum" WC="0.99" CC="0060"/>
						<SP ID="P10_SP00040" HPOS="1118" VPOS="930" WIDTH="23"/>
						<String ID="P10_ST00048" HPOS="1141" VPOS="900" WIDTH="120" HEIGHT="31" CONTENT="war" WC="0.99" CC="003"/>
						<SP ID="P10_SP00041" HPOS="1261" VPOS="931" WIDTH="27"/>
						<String ID="P10_ST00049" HPOS="1288" VPOS="888" WIDTH="93" HEIGHT="43" CONTENT="das" WC="1.00" CC="000"/>
						<SP ID="P10_SP00042" HPOS="1381" VPOS="931" WIDTH="21"/>
						<String ID="P10_ST00050" HPOS="1402" VPOS="888" WIDTH="340" HEIGHT="58" CONTENT="Tischgeräth" WC="0.87" CC="00003005005"/>
						<SP ID="P10_SP00043" HPOS="1742" VPOS="946" WIDTH="26"/>
						<String ID="P10_ST00051" HPOS="1768" VPOS="894" WIDTH="136" HEIGHT="43" CONTENT="nach" WC="0.99" CC="3001"/>
						<SP ID="P10_SP00044" HPOS="1904" VPOS="946" WIDTH="32"/>
						<String ID="P10_ST00052" HPOS="1936" VPOS="894" WIDTH="119" HEIGHT="45" CONTENT="dem" WC="1.00" CC="000"/>
						<SP ID="P10_SP00045" HPOS="2055" VPOS="946" WIDTH="22"/>
						<String ID="P10_ST00053" HPOS="2077" VPOS="898" WIDTH="337" HEIGHT="49" CONTENT="Abendessen" WC="1.00" CC="0000000000"/>
					</TextLine>
					<TextLine ID="P10_TL00009" HPOS="725" VPOS="947" WIDTH="1689" HEIGHT="59">
						<String ID="P10_ST00054" HPOS="725" VPOS="949" WIDTH="380" HEIGHT="53" CONTENT="weggeräumt," WC="1.00" CC="00000606003"/>
						<SP ID="P10_SP00046" HPOS="1105" VPOS="1002" WIDTH="18"/>
						<String ID="P10_ST00055" HPOS="1123" VPOS="959" WIDTH="57" HEIGHT="30" CONTENT="so" WC="0.83" CC="03"/>
						<SP ID="P10_SP00047" HPOS="1180" VPOS="1002" WIDTH="30"/>
						<String ID="P10_ST00056" HPOS="1210" VPOS="947" WIDTH="227" HEIGHT="44" CONTENT="wurden" WC="0.99" CC="004006"/>
						<SP ID="P10_SP00048" HPOS="1437" VPOS="1002" WIDTH="27"/>
						<String ID="P10_ST00057" HPOS="1464" VPOS="948" WIDTH="188" HEIGHT="56" CONTENT="Papier" WC="1.00" CC="000004"/>
						<SP ID="P10_SP00049" HPOS="1652" VPOS="1004" WIDTH="25"/>
						<String ID="P10_ST00058" HPOS="1677" VPOS="951" WIDTH="108" HEIGHT="43" CONTENT="und" WC="0.97" CC="600"/>
						<SP ID="P10_SP00050" HPOS="1785" VPOS="1004" WIDTH="26"/>
						<String ID="P10_ST00059" HPOS="1811" VPOS="952" WIDTH="218" HEIGHT="46" CONTENT="Bleistift" WC="1.00" CC="020000040"/>
						<SP ID="P10_SP00051" HPOS="2029" VPOS="1004" WIDTH="27"/>
						<String ID="P10_ST00060" HPOS="2056" VPOS="968" WIDTH="97" HEIGHT="31" CONTENT="vor" WC="0.98" CC="032"/>
						<SP ID="P10_SP00052" HPOS="2153" VPOS="1004" WIDTH="22"/>
						<String ID="P10_ST00061" HPOS="2175" VPOS="958" WIDTH="239" HEIGHT="48" CONTENT="Leandre" WC="0.80" CC="6000070"/>
					</TextLine>
					<TextLine ID="P10_TL00010" HPOS="725" VPOS="1005" WIDTH="1688" HEIGHT="67">
						<String ID="P10_ST00062" HPOS="725" VPOS="1005" WIDTH="309" HEIGHT="55" CONTENT="geschoben," WC="1.00" CC="0000630002"/>
						<SP ID="P10_SP00053" HPOS="1034" VPOS="1060" WIDTH="26"/>
						<String ID="P10_ST00063" HPOS="1060" VPOS="1005" WIDTH="106" HEIGHT="44" CONTENT="und" WC="0.98" CC="600"/>
						<SP ID="P10_SP00054" HPOS="1166" VPOS="1060" WIDTH="32"/>
						<String ID="P10_ST00064" HPOS="1198" VPOS="1006" WIDTH="261" HEIGHT="44" CONTENT="während" WC="0.99" CC="0062000"/>
						<SP ID="P10_SP00055" HPOS="1459" VPOS="1060" WIDTH="27"/>
						<String ID="P10_ST00065" HPOS="1486" VPOS="1009" WIDTH="233" HEIGHT="56" CONTENT="ringsum" WC="1.00" CC="0000060"/>
						<SP ID="P10_SP00056" HPOS="1719" VPOS="1065" WIDTH="36"/>
						<String ID="P10_ST00066" HPOS="1755" VPOS="1010" WIDTH="80" HEIGHT="45" CONTENT="die" WC="1.00" CC="000"/>
						<SP ID="P10_SP00057" HPOS="1835" VPOS="1065" WIDTH="32"/>
						<String ID="P10_ST00067" HPOS="1867" VPOS="1011" WIDTH="256" HEIGHT="47" CONTENT="Stimmen" WC="1.00" CC="4100000"/>
						<SP ID="P10_SP00058" HPOS="2123" VPOS="1065" WIDTH="38"/>
						<String ID="P10_ST00068" HPOS="2161" VPOS="1021" WIDTH="252" HEIGHT="51" CONTENT="ertönten," WC="1.00" CC="000400003"/>
					</TextLine>
					<TextLine ID="P10_TL00011" HPOS="725" VPOS="1064" WIDTH="1686" HEIGHT="65">
						<String ID="P10_ST00069" HPOS="725" VPOS="1064" WIDTH="208" HEIGHT="45" CONTENT="machte" WC="1.00" CC="000000"/>
						<SP ID="P10_SP00059" HPOS="933" VPOS="1109" WIDTH="23"/>
						<String ID="P10_ST00070" HPOS="956" VPOS="1077" WIDTH="54" HEIGHT="32" CONTENT="er" WC="0.98" CC="00"/>
						<SP ID="P10_SP00060" HPOS="1010" VPOS="1109" WIDTH="21"/>
						<String ID="P10_ST00071" HPOS="1031" VPOS="1065" WIDTH="110" HEIGHT="44" CONTENT="sich" WC="0.98" CC="0007"/>
						<SP ID="P10_SP00061" HPOS="1141" VPOS="1109" WIDTH="23"/>
						<String ID="P10_ST00072" HPOS="1164" VPOS="1065" WIDTH="176" HEIGHT="53" CONTENT="daran," WC="1.00" CC="000003"/>
						<SP ID="P10_SP00062" HPOS="1340" VPOS="1118" WIDTH="19"/>
						<String ID="P10_ST00073" HPOS="1359" VPOS="1066" WIDTH="100" HEIGHT="45" CONTENT="den" WC="1.00" CC="000"/>
						<SP ID="P10_SP00063" HPOS="1459" VPOS="1118" WIDTH="21"/>
						<String ID="P10_ST00074" HPOS="1480" VPOS="1067" WIDTH="81" HEIGHT="44" CONTENT="für" WC="0.96" CC="506"/>
						<SP ID="P10_SP00064" HPOS="1561" VPOS="1118" WIDTH="23"/>
						<String ID="P10_ST00075" HPOS="1584" VPOS="1069" WIDTH="174" HEIGHT="46" CONTENT="diesen" WC="1.00" CC="300000"/>
						<SP ID="P10_SP00065" HPOS="1758" VPOS="1118" WIDTH="20"/>
						<String ID="P10_ST00076" HPOS="1778" VPOS="1071" WIDTH="200" HEIGHT="44" CONTENT="Zweck" WC="1.00" CC="00000"/>
						<SP ID="P10_SP00066" HPOS="1978" VPOS="1118" WIDTH="22"/>
						<String ID="P10_ST00077" HPOS="2000" VPOS="1075" WIDTH="188" HEIGHT="54" CONTENT="gerade" WC="1.00" CC="003000"/>
						<SP ID="P10_SP00067" HPOS="2188" VPOS="1129" WIDTH="22"/>
						<String ID="P10_ST00078" HPOS="2210" VPOS="1090" WIDTH="88" HEIGHT="31" CONTENT="am" WC="1.00" CC="00"/>
						<SP ID="P10_SP00068" HPOS="2298" VPOS="1129" WIDTH="22"/>
						<String ID="P10_ST00079" HPOS="2320" VPOS="1079" WIDTH="91" HEIGHT="44" CONTENT="be=" WC="1.00" CC="000"/>
					</TextLine>
					<TextLine ID="P10_TL00012" HPOS="725" VPOS="1125" WIDTH="1688" HEIGHT="67">
						<String ID="P10_ST00080" HPOS="725" VPOS="1127" WIDTH="270" HEIGHT="52" CONTENT="quemsten" WC="0.93" CC="05000000"/>
						<SP ID="P10_SP00069" HPOS="995" VPOS="1179" WIDTH="31"/>
						<String ID="P10_ST00081" HPOS="1026" VPOS="1125" WIDTH="268" HEIGHT="45" CONTENT="sitzenden" WC="1.00" CC="000000000"/>
						<SP ID="P10_SP00070" HPOS="1294" VPOS="1179" WIDTH="32"/>
						<String ID="P10_ST00082" HPOS="1326" VPOS="1126" WIDTH="127" HEIGHT="44" CONTENT="Gast" WC="0.99" CC="6000"/>
						<SP ID="P10_SP00071" HPOS="1453" VPOS="1179" WIDTH="30"/>
						<String ID="P10_ST00083" HPOS="1483" VPOS="1141" WIDTH="67" HEIGHT="31" CONTENT="zu" WC="0.50" CC="36"/>
						<SP ID="P10_SP00072" HPOS="1550" VPOS="1179" WIDTH="36"/>
						<String ID="P10_ST00084" HPOS="1586" VPOS="1130" WIDTH="265" HEIGHT="45" CONTENT="zeichnen." WC="0.99" CC="000062041"/>
						<SP ID="P10_SP00073" HPOS="1851" VPOS="1179" WIDTH="39"/>
						<String ID="P10_ST00085" HPOS="1890" VPOS="1131" WIDTH="68" HEIGHT="45" CONTENT="So" WC="0.79" CC="40"/>
						<SP ID="P10_SP00074" HPOS="1958" VPOS="1179" WIDTH="37"/>
						<String ID="P10_ST00086" HPOS="1995" VPOS="1136" WIDTH="241" HEIGHT="43" CONTENT="entstand" WC="1.00" CC="00000000"/>
						<SP ID="P10_SP00075" HPOS="2236" VPOS="1179" WIDTH="32"/>
						<String ID="P10_ST00087" HPOS="2268" VPOS="1137" WIDTH="145" HEIGHT="55" CONTENT="jenes" WC="1.00" CC="00000"/>
					</TextLine>
					<TextLine ID="P10_TL00013" HPOS="723" VPOS="1182" WIDTH="1690" HEIGHT="59">
						<String ID="P10_ST00088" HPOS="723" VPOS="1182" WIDTH="195" HEIGHT="45" CONTENT="Album" WC="0.99" CC="01050"/>
						<SP ID="P10_SP00076" HPOS="918" VPOS="1227" WIDTH="26"/>
						<String ID="P10_ST00089" HPOS="944" VPOS="1183" WIDTH="279" HEIGHT="46" CONTENT="köstlicher" WC="1.00" CC="0000000600"/>
						<SP ID="P10_SP00077" HPOS="1223" VPOS="1229" WIDTH="28"/>
						<String ID="P10_ST00090" HPOS="1251" VPOS="1185" WIDTH="348" HEIGHT="56" CONTENT="Caricaturen," WC="0.92" CC="004000000014"/>
						<SP ID="P10_SP00078" HPOS="1599" VPOS="1241" WIDTH="21"/>
						<String ID="P10_ST00091" HPOS="1620" VPOS="1190" WIDTH="234" HEIGHT="45" CONTENT="welches" WC="1.00" CC="0000500"/>
						<SP ID="P10_SP00079" HPOS="1854" VPOS="1241" WIDTH="30"/>
						<String ID="P10_ST00092" HPOS="1884" VPOS="1191" WIDTH="122" HEIGHT="44" CONTENT="bald" WC="1.00" CC="0010"/>
						<SP ID="P10_SP00080" HPOS="2006" VPOS="1241" WIDTH="32"/>
						<String ID="P10_ST00093" HPOS="2038" VPOS="1193" WIDTH="152" HEIGHT="43" CONTENT="einen" WC="1.00" CC="00200"/>
						<SP ID="P10_SP00081" HPOS="2190" VPOS="1241" WIDTH="31"/>
						<String ID="P10_ST00094" HPOS="2221" VPOS="1195" WIDTH="192" HEIGHT="46" CONTENT="Schatz" WC="0.99" CC="015002"/>
					</TextLine>
					<TextLine ID="P10_TL00014" HPOS="725" VPOS="1242" WIDTH="1688" HEIGHT="60">
						<String ID="P10_ST00095" HPOS="725" VPOS="1242" WIDTH="88" HEIGHT="44" CONTENT="des" WC="1.00" CC="000"/>
						<SP ID="P10_SP00082" HPOS="813" VPOS="1286" WIDTH="28"/>
						<String ID="P10_ST00096" HPOS="841" VPOS="1243" WIDTH="331" HEIGHT="46" CONTENT="Jettel’schen" WC="0.87" CC="000000800700"/>
						<SP ID="P10_SP00083" HPOS="1172" VPOS="1289" WIDTH="26"/>
						<String ID="P10_ST00097" HPOS="1198" VPOS="1244" WIDTH="204" HEIGHT="46" CONTENT="Hauses" WC="0.99" CC="406000"/>
						<SP ID="P10_SP00084" HPOS="1402" VPOS="1290" WIDTH="27"/>
						<String ID="P10_ST00098" HPOS="1429" VPOS="1249" WIDTH="318" HEIGHT="53" CONTENT="ausmachte," WC="1.00" CC="0000002002"/>
						<SP ID="P10_SP00085" HPOS="1747" VPOS="1302" WIDTH="22"/>
						<String ID="P10_ST00099" HPOS="1769" VPOS="1250" WIDTH="109" HEIGHT="43" CONTENT="und" WC="1.00" CC="000"/>
						<SP ID="P10_SP00086" HPOS="1878" VPOS="1302" WIDTH="29"/>
						<String ID="P10_ST00100" HPOS="1907" VPOS="1252" WIDTH="96" HEIGHT="42" CONTENT="mit" WC="1.00" CC="000"/>
						<SP ID="P10_SP00087" HPOS="2003" VPOS="1302" WIDTH="32"/>
						<String ID="P10_ST00101" HPOS="2035" VPOS="1252" WIDTH="182" HEIGHT="45" CONTENT="dessen" WC="1.00" CC="000000"/>
						<SP ID="P10_SP00088" HPOS="2217" VPOS="1302" WIDTH="26"/>
						<String ID="P10_ST00102" HPOS="2243" VPOS="1254" WIDTH="170" HEIGHT="47" CONTENT="Inhalt" WC="0.99" CC="107000"/>
					</TextLine>
					<TextLine ID="P10_TL00015" HPOS="725" VPOS="1302" WIDTH="1687" HEIGHT="69">
						<String ID="P10_ST00103" HPOS="725" VPOS="1302" WIDTH="80" HEIGHT="44" CONTENT="die" WC="0.99" CC="030"/>
						<SP ID="P10_SP00089" HPOS="805" VPOS="1346" WIDTH="11"/>
						<String ID="P10_ST00104" HPOS="816" VPOS="1303" WIDTH="220" HEIGHT="44" CONTENT="Wiener" WC="1.00" CC="000000"/>
						<SP ID="P10_SP00090" HPOS="1036" VPOS="1347" WIDTH="16"/>
						<String ID="P10_ST00105" HPOS="1052" VPOS="1303" WIDTH="85" HEIGHT="45" CONTENT="bei" WC="0.99" CC="200"/>
						<SP ID="P10_SP00091" HPOS="1137" VPOS="1348" WIDTH="19"/>
						<String ID="P10_ST00106" HPOS="1156" VPOS="1304" WIDTH="335" HEIGHT="58" CONTENT="Gelegenheit" WC="1.00" CC="60000003000"/>
						<SP ID="P10_SP00092" HPOS="1491" VPOS="1362" WIDTH="16"/>
						<String ID="P10_ST00107" HPOS="1507" VPOS="1308" WIDTH="89" HEIGHT="44" CONTENT="der" WC="1.00" CC="000"/>
						<SP ID="P10_SP00093" HPOS="1596" VPOS="1362" WIDTH="17"/>
						<String ID="P10_ST00108" HPOS="1613" VPOS="1309" WIDTH="343" HEIGHT="56" CONTENT="graphischen" WC="1.00" CC="00000000400"/>
						<SP ID="P10_SP00094" HPOS="1956" VPOS="1365" WIDTH="16"/>
						<String ID="P10_ST00109" HPOS="1972" VPOS="1311" WIDTH="332" HEIGHT="60" CONTENT="Ausstellung" WC="1.00" CC="06000000500"/>
						<SP ID="P10_SP00095" HPOS="2304" VPOS="1371" WIDTH="18"/>
						<String ID="P10_ST00110" HPOS="2322" VPOS="1316" WIDTH="90" HEIGHT="44" CONTENT="der" WC="0.98" CC="005"/>
					</TextLine>
					<TextLine ID="P10_TL00016" HPOS="722" VPOS="1360" WIDTH="1690" HEIGHT="65">
						<String ID="P10_ST00111" HPOS="722" VPOS="1360" WIDTH="270" HEIGHT="47" CONTENT="Secession" WC="1.00" CC="000000200"/>
						<SP ID="P10_SP00096" HPOS="992" VPOS="1407" WIDTH="23"/>
						<String ID="P10_ST00112" HPOS="1015" VPOS="1363" WIDTH="234" HEIGHT="45" CONTENT="bekannt" WC="1.00" CC="0000000"/>
						<SP ID="P10_SP00097" HPOS="1249" VPOS="1408" WIDTH="22"/>
						<String ID="P10_ST00113" HPOS="1271" VPOS="1367" WIDTH="287" HEIGHT="55" CONTENT="geworden" WC="1.00" CC="00000000"/>
						<SP ID="P10_SP00098" HPOS="1558" VPOS="1422" WIDTH="23"/>
						<String ID="P10_ST00114" HPOS="1581" VPOS="1369" WIDTH="128" HEIGHT="44" CONTENT="sind." WC="1.00" CC="00000"/>
						<SP ID="P10_SP00099" HPOS="1709" VPOS="1422" WIDTH="556"/>
						<String ID="P10_ST00115" HPOS="2265" VPOS="1382" WIDTH="147" HEIGHT="43" CONTENT="©o©" WC="0.48" CC="464"/>
					</TextLine>
					<TextLine ID="P10_TL00017" HPOS="721" VPOS="1422" WIDTH="1689" HEIGHT="63">
						<String ID="P10_ST00116" HPOS="721" VPOS="1429" WIDTH="42" HEIGHT="41" CONTENT="©" WC="0.55" CC="4"/>
						<SP ID="P10_SP00100" HPOS="763" VPOS="1470" WIDTH="61"/>
						<String ID="P10_ST00117" HPOS="824" VPOS="1422" WIDTH="139" HEIGHT="44" CONTENT="Aber" WC="0.99" CC="0006"/>
						<SP ID="P10_SP00101" HPOS="963" VPOS="1470" WIDTH="11"/>
						<String ID="P10_ST00118" HPOS="974" VPOS="1436" WIDTH="98" HEIGHT="30" CONTENT="nur" WC="0.96" CC="064"/>
						<SP ID="P10_SP00102" HPOS="1072" VPOS="1470" WIDTH="18"/>
						<String ID="P10_ST00119" HPOS="1090" VPOS="1424" WIDTH="89" HEIGHT="44" CONTENT="der" WC="0.98" CC="006"/>
						<SP ID="P10_SP00103" HPOS="1179" VPOS="1470" WIDTH="17"/>
						<String ID="P10_ST00120" HPOS="1196" VPOS="1426" WIDTH="255" HEIGHT="56" CONTENT="geringste" WC="1.00" CC="006050000"/>
						<SP ID="P10_SP00104" HPOS="1451" VPOS="1482" WIDTH="10"/>
						<String ID="P10_ST00121" HPOS="1461" VPOS="1426" WIDTH="150" HEIGHT="46" CONTENT="Theil" WC="0.73" CC="26004"/>
						<SP ID="P10_SP00105" HPOS="1611" VPOS="1482" WIDTH="13"/>
						<String ID="P10_ST00122" HPOS="1624" VPOS="1429" WIDTH="88" HEIGHT="44" CONTENT="der" WC="1.00" CC="000"/>
						<SP ID="P10_SP00106" HPOS="1712" VPOS="1482" WIDTH="14"/>
						<String ID="P10_ST00123" HPOS="1726" VPOS="1428" WIDTH="111" HEIGHT="45" CONTENT="hier" WC="0.97" CC="7005"/>
						<SP ID="P10_SP00107" HPOS="1837" VPOS="1482" WIDTH="17"/>
						<String ID="P10_ST00124" HPOS="1854" VPOS="1429" WIDTH="362" HEIGHT="56" CONTENT="geschaffenen" WC="1.00" CC="000010770000"/>
						<SP ID="P10_SP00108" HPOS="2216" VPOS="1485" WIDTH="10"/>
						<String ID="P10_ST00125" HPOS="2226" VPOS="1433" WIDTH="184" HEIGHT="46" CONTENT="Zeich=" WC="0.89" CC="000060"/>
					</TextLine>
					<TextLine ID="P10_TL00018" HPOS="721" VPOS="1483" WIDTH="1688" HEIGHT="62">
						<String ID="P10_ST00126" HPOS="721" VPOS="1493" WIDTH="211" HEIGHT="44" CONTENT="nungen" WC="0.90" CC="050000"/>
						<SP ID="P10_SP00109" HPOS="932" VPOS="1537" WIDTH="30"/>
						<String ID="P10_ST00127" HPOS="962" VPOS="1483" WIDTH="230" HEIGHT="45" CONTENT="verblieb" WC="1.00" CC="00002000"/>
						<SP ID="P10_SP00110" HPOS="1192" VPOS="1537" WIDTH="43"/>
						<String ID="P10_ST00128" HPOS="1235" VPOS="1485" WIDTH="75" HEIGHT="43" CONTENT="im" WC="1.00" CC="00"/>
						<SP ID="P10_SP00111" HPOS="1310" VPOS="1537" WIDTH="33"/>
						<String ID="P10_ST00129" HPOS="1343" VPOS="1485" WIDTH="197" HEIGHT="54" CONTENT="Hause;" WC="0.99" CC="105004"/>
						<SP ID="P10_SP00112" HPOS="1540" VPOS="1539" WIDTH="35"/>
						<String ID="P10_ST00130" HPOS="1575" VPOS="1488" WIDTH="219" HEIGHT="44" CONTENT="zumeist" WC="1.00" CC="3000000"/>
						<SP ID="P10_SP00113" HPOS="1794" VPOS="1539" WIDTH="32"/>
						<String ID="P10_ST00131" HPOS="1826" VPOS="1501" WIDTH="99" HEIGHT="44" CONTENT="zog" WC="0.99" CC="300"/>
						<SP ID="P10_SP00114" HPOS="1925" VPOS="1545" WIDTH="35"/>
						<String ID="P10_ST00132" HPOS="1960" VPOS="1489" WIDTH="92" HEIGHT="44" CONTENT="das" WC="1.00" CC="000"/>
						<SP ID="P10_SP00115" HPOS="2052" VPOS="1545" WIDTH="34"/>
						<String ID="P10_ST00133" HPOS="2086" VPOS="1490" WIDTH="195" HEIGHT="47" CONTENT="Modell" WC="1.00" CC="000000"/>
						<SP ID="P10_SP00116" HPOS="2281" VPOS="1545" WIDTH="36"/>
						<String ID="P10_ST00134" HPOS="2317" VPOS="1494" WIDTH="92" HEIGHT="45" CONTENT="be=" WC="1.00" CC="000"/>
					</TextLine>
					<TextLine ID="P10_TL00019" HPOS="720" VPOS="1540" WIDTH="1687" HEIGHT="58">
						<String ID="P10_ST00135" HPOS="720" VPOS="1540" WIDTH="176" HEIGHT="55" CONTENT="glückt" WC="1.00" CC="000000"/>
						<SP ID="P10_SP00117" HPOS="896" VPOS="1595" WIDTH="26"/>
						<String ID="P10_ST00136" HPOS="922" VPOS="1543" WIDTH="95" HEIGHT="42" CONTENT="mit" WC="1.00" CC="000"/>
						<SP ID="P10_SP00118" HPOS="1017" VPOS="1595" WIDTH="27"/>
						<String ID="P10_ST00137" HPOS="1044" VPOS="1544" WIDTH="198" HEIGHT="44" CONTENT="seinem" WC="1.00" CC="000200"/>
						<SP ID="P10_SP00119" HPOS="1242" VPOS="1595" WIDTH="31"/>
						<String ID="P10_ST00138" HPOS="1273" VPOS="1544" WIDTH="259" HEIGHT="46" CONTENT="Conterfei" WC="0.97" CC="020000000"/>
						<SP ID="P10_SP00120" HPOS="1532" VPOS="1595" WIDTH="27"/>
						<String ID="P10_ST00139" HPOS="1559" VPOS="1547" WIDTH="81" HEIGHT="51" CONTENT="ab," WC="0.99" CC="003"/>
						<SP ID="P10_SP00121" HPOS="1640" VPOS="1598" WIDTH="21"/>
						<String ID="P10_ST00140" HPOS="1661" VPOS="1547" WIDTH="107" HEIGHT="43" CONTENT="und" WC="0.96" CC="604"/>
						<SP ID="P10_SP00122" HPOS="1768" VPOS="1598" WIDTH="22"/>
						<String ID="P10_ST00141" HPOS="1790" VPOS="1561" WIDTH="118" HEIGHT="30" CONTENT="wer" WC="0.98" CC="006"/>
						<SP ID="P10_SP00123" HPOS="1908" VPOS="1598" WIDTH="26"/>
						<String ID="P10_ST00142" HPOS="1934" VPOS="1549" WIDTH="188" HEIGHT="46" CONTENT="immer" WC="1.00" CC="00004"/>
						<SP ID="P10_SP00124" HPOS="2122" VPOS="1598" WIDTH="25"/>
						<String ID="P10_ST00143" HPOS="2147" VPOS="1565" WIDTH="107" HEIGHT="30" CONTENT="von" WC="1.00" CC="000"/>
						<SP ID="P10_SP00125" HPOS="2254" VPOS="1598" WIDTH="27"/>
						<String ID="P10_ST00144" HPOS="2281" VPOS="1555" WIDTH="126" HEIGHT="43" CONTENT="1890" WC="0.83" CC="0060"/>
					</TextLine>
					<TextLine ID="P10_TL00020" HPOS="720" VPOS="1600" WIDTH="1689" HEIGHT="59">
						<String ID="P10_ST00145" HPOS="720" VPOS="1600" WIDTH="77" HEIGHT="43" CONTENT="bis" WC="1.00" CC="000"/>
						<SP ID="P10_SP00126" HPOS="797" VPOS="1643" WIDTH="32"/>
						<String ID="P10_ST00146" HPOS="829" VPOS="1601" WIDTH="123" HEIGHT="44" CONTENT="1898" WC="0.82" CC="0070"/>
						<SP ID="P10_SP00127" HPOS="952" VPOS="1645" WIDTH="32"/>
						<String ID="P10_ST00147" HPOS="984" VPOS="1601" WIDTH="73" HEIGHT="44" CONTENT="im" WC="1.00" CC="00"/>
						<SP ID="P10_SP00128" HPOS="1057" VPOS="1645" WIDTH="28"/>
						<String ID="P10_ST00148" HPOS="1085" VPOS="1602" WIDTH="330" HEIGHT="47" CONTENT="Jettel’schen" WC="0.90" CC="000001800200"/>
						<SP ID="P10_SP00129" HPOS="1415" VPOS="1649" WIDTH="27"/>
						<String ID="P10_ST00149" HPOS="1442" VPOS="1606" WIDTH="179" HEIGHT="44" CONTENT="Hause" WC="1.00" CC="00000"/>
						<SP ID="P10_SP00130" HPOS="1621" VPOS="1650" WIDTH="26"/>
						<String ID="P10_ST00150" HPOS="1647" VPOS="1606" WIDTH="292" HEIGHT="53" CONTENT="verkehrte," WC="1.00" CC="0000070000"/>
						<SP ID="P10_SP00131" HPOS="1939" VPOS="1659" WIDTH="26"/>
						<String ID="P10_ST00151" HPOS="1965" VPOS="1609" WIDTH="188" HEIGHT="46" CONTENT="erfreut" WC="1.00" CC="0201000"/>
						<SP ID="P10_SP00132" HPOS="2153" VPOS="1659" WIDTH="29"/>
						<String ID="P10_ST00152" HPOS="2182" VPOS="1612" WIDTH="111" HEIGHT="44" CONTENT="sich" WC="0.99" CC="0003"/>
						<SP ID="P10_SP00133" HPOS="2293" VPOS="1659" WIDTH="27"/>
						<String ID="P10_ST00153" HPOS="2320" VPOS="1613" WIDTH="89" HEIGHT="44" CONTENT="des" WC="1.00" CC="000"/>
					</TextLine>
					<TextLine ID="P10_TL00021" HPOS="719" VPOS="1658" WIDTH="1689" HEIGHT="65">
						<String ID="P10_ST00154" HPOS="719" VPOS="1658" WIDTH="229" HEIGHT="46" CONTENT="Besitzes" WC="1.00" CC="00000000"/>
						<SP ID="P10_SP00134" HPOS="948" VPOS="1704" WIDTH="24"/>
						<String ID="P10_ST00155" HPOS="972" VPOS="1674" WIDTH="121" HEIGHT="31" CONTENT="zum" WC="1.00" CC="100"/>
						<SP ID="P10_SP00135" HPOS="1093" VPOS="1705" WIDTH="22"/>
						<String ID="P10_ST00156" HPOS="1115" VPOS="1663" WIDTH="293" HEIGHT="44" CONTENT="mindesten" WC="1.00" CC="001000000"/>
						<SP ID="P10_SP00136" HPOS="1408" VPOS="1707" WIDTH="22"/>
						<String ID="P10_ST00157" HPOS="1430" VPOS="1665" WIDTH="214" HEIGHT="44" CONTENT="EINER" WC="0.99" CC="00500"/>
						<SP ID="P10_SP00137" HPOS="1644" VPOS="1709" WIDTH="20"/>
						<String ID="P10_ST00158" HPOS="1664" VPOS="1666" WIDTH="302" HEIGHT="57" CONTENT="Zeichnung" WC="1.00" CC="000060400"/>
						<SP ID="P10_SP00138" HPOS="1966" VPOS="1723" WIDTH="23"/>
						<String ID="P10_ST00159" HPOS="1989" VPOS="1667" WIDTH="278" HEIGHT="49" CONTENT="Leandres." WC="0.95" CC="000004000"/>
						<SP ID="P10_SP00139" HPOS="2267" VPOS="1723" WIDTH="46"/>
						<String ID="P10_ST00160" HPOS="2313" VPOS="1681" WIDTH="95" HEIGHT="41" CONTENT="©©" WC="0.55" CC="44"/>
					</TextLine>
					<TextLine ID="P10_TL00022" HPOS="718" VPOS="1719" WIDTH="1689" HEIGHT="64">
						<String ID="P10_ST00161" HPOS="718" VPOS="1725" WIDTH="41" HEIGHT="42" CONTENT="©" WC="0.55" CC="4"/>
						<SP ID="P10_SP00140" HPOS="759" VPOS="1767" WIDTH="62"/>
						<String ID="P10_ST00162" HPOS="821" VPOS="1719" WIDTH="151" HEIGHT="44" CONTENT="Denn" WC="1.00" CC="0000"/>
						<SP ID="P10_SP00141" HPOS="972" VPOS="1767" WIDTH="28"/>
						<String ID="P10_ST00163" HPOS="1000" VPOS="1720" WIDTH="83" HEIGHT="44" CONTENT="für" WC="0.98" CC="005"/>
						<SP ID="P10_SP00142" HPOS="1083" VPOS="1767" WIDTH="27"/>
						<String ID="P10_ST00164" HPOS="1110" VPOS="1722" WIDTH="239" HEIGHT="44" CONTENT="Leandre" WC="0.79" CC="4000450"/>
						<SP ID="P10_SP00143" HPOS="1349" VPOS="1767" WIDTH="26"/>
						<String ID="P10_ST00165" HPOS="1375" VPOS="1737" WIDTH="121" HEIGHT="30" CONTENT="war" WC="0.99" CC="002"/>
						<SP ID="P10_SP00144" HPOS="1496" VPOS="1767" WIDTH="25"/>
						<String ID="P10_ST00166" HPOS="1521" VPOS="1726" WIDTH="108" HEIGHT="42" CONTENT="und" WC="0.98" CC="600"/>
						<SP ID="P10_SP00145" HPOS="1629" VPOS="1768" WIDTH="26"/>
						<String ID="P10_ST00167" HPOS="1655" VPOS="1726" WIDTH="65" HEIGHT="43" CONTENT="ist" WC="1.00" CC="000"/>
						<SP ID="P10_SP00146" HPOS="1720" VPOS="1769" WIDTH="25"/>
						<String ID="P10_ST00168" HPOS="1745" VPOS="1726" WIDTH="261" HEIGHT="45" CONTENT="Zeichnen" WC="1.00" CC="00005000"/>
						<SP ID="P10_SP00147" HPOS="2006" VPOS="1771" WIDTH="27"/>
						<String ID="P10_ST00169" HPOS="2033" VPOS="1728" WIDTH="153" HEIGHT="46" CONTENT="keine" WC="1.00" CC="00000"/>
						<SP ID="P10_SP00148" HPOS="2186" VPOS="1774" WIDTH="27"/>
						<String ID="P10_ST00170" HPOS="2213" VPOS="1732" WIDTH="194" HEIGHT="51" CONTENT="Arbeit," WC="0.99" CC="0530003"/>
					</TextLine>
					<TextLine ID="P10_TL00023" HPOS="719" VPOS="1778" WIDTH="1686" HEIGHT="69">
						<String ID="P10_ST00171" HPOS="719" VPOS="1778" WIDTH="224" HEIGHT="44" CONTENT="sondern" WC="1.00" CC="0000060"/>
						<SP ID="P10_SP00149" HPOS="943" VPOS="1822" WIDTH="25"/>
						<String ID="P10_ST00172" HPOS="968" VPOS="1780" WIDTH="114" HEIGHT="44" CONTENT="eine" WC="1.00" CC="0000"/>
						<SP ID="P10_SP00150" HPOS="1082" VPOS="1824" WIDTH="22"/>
						<String ID="P10_ST00173" HPOS="1104" VPOS="1781" WIDTH="282" HEIGHT="57" CONTENT="Erholung," WC="0.99" CC="066016004"/>
						<SP ID="P10_SP00151" HPOS="1386" VPOS="1838" WIDTH="16"/>
						<String ID="P10_ST00174" HPOS="1402" VPOS="1783" WIDTH="119" HEIGHT="44" CONTENT="kein" WC="1.00" CC="0000"/>
						<SP ID="P10_SP00152" HPOS="1521" VPOS="1838" WIDTH="22"/>
						<String ID="P10_ST00175" HPOS="1543" VPOS="1784" WIDTH="170" HEIGHT="53" CONTENT="Beruf," WC="0.99" CC="006004"/>
						<SP ID="P10_SP00153" HPOS="1713" VPOS="1838" WIDTH="17"/>
						<String ID="P10_ST00176" HPOS="1730" VPOS="1786" WIDTH="225" HEIGHT="44" CONTENT="sondern" WC="1.00" CC="0010000"/>
						<SP ID="P10_SP00154" HPOS="1955" VPOS="1838" WIDTH="23"/>
						<String ID="P10_ST00177" HPOS="1978" VPOS="1788" WIDTH="83" HEIGHT="44" CONTENT="ein" WC="1.00" CC="000"/>
						<SP ID="P10_SP00155" HPOS="2061" VPOS="1838" WIDTH="17"/>
						<String ID="P10_ST00178" HPOS="2078" VPOS="1788" WIDTH="327" HEIGHT="59" CONTENT="Vergnügen," WC="1.00" CC="0000000003"/>
					</TextLine>
					<TextLine ID="P10_TL00024" HPOS="719" VPOS="1836" WIDTH="1687" HEIGHT="69">
						<String ID="P10_ST00179" HPOS="719" VPOS="1836" WIDTH="152" HEIGHT="45" CONTENT="keine" WC="1.00" CC="00000"/>
						<SP ID="P10_SP00156" HPOS="871" VPOS="1881" WIDTH="18"/>
						<String ID="P10_ST00180" HPOS="889" VPOS="1838" WIDTH="182" HEIGHT="53" CONTENT="Kunst," WC="0.99" CC="050004"/>
						<SP ID="P10_SP00157" HPOS="1071" VPOS="1891" WIDTH="18"/>
						<String ID="P10_ST00181" HPOS="1089" VPOS="1841" WIDTH="223" HEIGHT="44" CONTENT="sondern" WC="1.00" CC="0004030"/>
						<SP ID="P10_SP00158" HPOS="1312" VPOS="1891" WIDTH="17"/>
						<String ID="P10_ST00182" HPOS="1329" VPOS="1842" WIDTH="180" HEIGHT="46" CONTENT="Natur." WC="0.98" CC="500443"/>
						<SP ID="P10_SP00159" HPOS="1509" VPOS="1891" WIDTH="22"/>
						<String ID="P10_ST00183" HPOS="1531" VPOS="1844" WIDTH="60" HEIGHT="44" CONTENT="In" WC="0.82" CC="21"/>
						<SP ID="P10_SP00160" HPOS="1591" VPOS="1891" WIDTH="23"/>
						<String ID="P10_ST00184" HPOS="1614" VPOS="1845" WIDTH="99" HEIGHT="43" CONTENT="den" WC="1.00" CC="000"/>
						<SP ID="P10_SP00161" HPOS="1713" VPOS="1891" WIDTH="22"/>
						<String ID="P10_ST00185" HPOS="1735" VPOS="1844" WIDTH="190" HEIGHT="46" CONTENT="letzten" WC="1.00" CC="1000000"/>
						<SP ID="P10_SP00162" HPOS="1925" VPOS="1891" WIDTH="23"/>
						<String ID="P10_ST00186" HPOS="1948" VPOS="1850" WIDTH="245" HEIGHT="55" CONTENT="zwanzig" WC="0.99" CC="3000220"/>
						<SP ID="P10_SP00163" HPOS="2193" VPOS="1905" WIDTH="17"/>
						<String ID="P10_ST00187" HPOS="2210" VPOS="1849" WIDTH="196" HEIGHT="45" CONTENT="Jahren" WC="0.99" CC="005400"/>
					</TextLine>
					<TextLine ID="P10_TL00025" HPOS="719" VPOS="1896" WIDTH="1686" HEIGHT="67">
						<String ID="P10_ST00188" HPOS="719" VPOS="1896" WIDTH="113" HEIGHT="42" CONTENT="sind" WC="1.00" CC="0000"/>
						<SP ID="P10_SP00164" HPOS="832" VPOS="1938" WIDTH="27"/>
						<String ID="P10_ST00189" HPOS="859" VPOS="1899" WIDTH="191" HEIGHT="53" CONTENT="gewiss" WC="1.00" CC="000000"/>
						<SP ID="P10_SP00165" HPOS="1050" VPOS="1952" WIDTH="28"/>
						<String ID="P10_ST00190" HPOS="1078" VPOS="1899" WIDTH="152" HEIGHT="44" CONTENT="keine" WC="1.00" CC="00000"/>
						<SP ID="P10_SP00166" HPOS="1230" VPOS="1952" WIDTH="26"/>
						<String ID="P10_ST00191" HPOS="1256" VPOS="1900" WIDTH="222" HEIGHT="46" CONTENT="hundert" WC="0.99" CC="0500060"/>
						<SP ID="P10_SP00167" HPOS="1478" VPOS="1952" WIDTH="22"/>
						<String ID="P10_ST00192" HPOS="1500" VPOS="1904" WIDTH="215" HEIGHT="45" CONTENT="Abende" WC="1.00" CC="000000"/>
						<SP ID="P10_SP00168" HPOS="1715" VPOS="1952" WIDTH="26"/>
						<String ID="P10_ST00193" HPOS="1741" VPOS="1904" WIDTH="374" HEIGHT="59" CONTENT="hingegangen," WC="1.00" CC="600000000003"/>
						<SP ID="P10_SP00169" HPOS="2115" VPOS="1963" WIDTH="29"/>
						<String ID="P10_ST00194" HPOS="2144" VPOS="1922" WIDTH="63" HEIGHT="30" CONTENT="an" WC="1.00" CC="00"/>
						<SP ID="P10_SP00170" HPOS="2207" VPOS="1963" WIDTH="30"/>
						<String ID="P10_ST00195" HPOS="2237" VPOS="1910" WIDTH="168" HEIGHT="44" CONTENT="denen" WC="1.00" CC="00000"/>
					</TextLine>
					<TextLine ID="P10_TL00026" HPOS="719" VPOS="1954" WIDTH="1685" HEIGHT="71">
						<String ID="P10_ST00196" HPOS="719" VPOS="1966" WIDTH="54" HEIGHT="32" CONTENT="er" WC="0.69" CC="06"/>
						<SP ID="P10_SP00171" HPOS="773" VPOS="1998" WIDTH="25"/>
						<String ID="P10_ST00197" HPOS="798" VPOS="1954" WIDTH="122" HEIGHT="44" CONTENT="kein" WC="1.00" CC="0000"/>
						<SP ID="P10_SP00172" HPOS="920" VPOS="1998" WIDTH="22"/>
						<String ID="P10_ST00198" HPOS="942" VPOS="1956" WIDTH="206" HEIGHT="45" CONTENT="Porträt" WC="0.99" CC="0240500"/>
						<SP ID="P10_SP00173" HPOS="1148" VPOS="2001" WIDTH="27"/>
						<String ID="P10_ST00199" HPOS="1175" VPOS="1960" WIDTH="300" HEIGHT="55" CONTENT="gezeichnet" WC="1.00" CC="0000005000"/>
						<SP ID="P10_SP00174" HPOS="1475" VPOS="2015" WIDTH="25"/>
						<String ID="P10_ST00200" HPOS="1500" VPOS="1962" WIDTH="153" HEIGHT="46" CONTENT="hätte." WC="0.98" CC="600702"/>
						<SP ID="P10_SP00175" HPOS="1653" VPOS="2015" WIDTH="24"/>
						<String ID="P10_ST00201" HPOS="1677" VPOS="1964" WIDTH="125" HEIGHT="45" CONTENT="Wie" WC="1.00" CC="000"/>
						<SP ID="P10_SP00176" HPOS="1802" VPOS="2015" WIDTH="27"/>
						<String ID="P10_ST00202" HPOS="1829" VPOS="1965" WIDTH="83" HEIGHT="45" CONTENT="bei" WC="1.00" CC="000"/>
						<SP ID="P10_SP00177" HPOS="1912" VPOS="2015" WIDTH="26"/>
						<String ID="P10_ST00203" HPOS="1938" VPOS="1966" WIDTH="153" HEIGHT="45" CONTENT="Jettei" WC="1.00" CC="300000"/>
						<SP ID="P10_SP00178" HPOS="2091" VPOS="2015" WIDTH="27"/>
						<String ID="P10_ST00204" HPOS="2118" VPOS="1969" WIDTH="153" HEIGHT="56" CONTENT="gieng" WC="1.00" CC="00000"/>
						<SP ID="P10_SP00179" HPOS="2271" VPOS="2025" WIDTH="25"/>
						<String ID="P10_ST00205" HPOS="2296" VPOS="1970" WIDTH="108" HEIGHT="43" CONTENT="und" WC="0.98" CC="500"/>
					</TextLine>
					<TextLine ID="P10_TL00027" HPOS="716" VPOS="2012" WIDTH="1687" HEIGHT="67">
						<String ID="P10_ST00206" HPOS="716" VPOS="2012" WIDTH="121" HEIGHT="56" CONTENT="geht" WC="0.99" CC="0060"/>
						<SP ID="P10_SP00180" HPOS="837" VPOS="2068" WIDTH="37"/>
						<String ID="P10_ST00207" HPOS="874" VPOS="2026" WIDTH="54" HEIGHT="31" CONTENT="es" WC="1.00" CC="00"/>
						<SP ID="P10_SP00181" HPOS="928" VPOS="2068" WIDTH="36"/>
						<String ID="P10_ST00208" HPOS="964" VPOS="2015" WIDTH="112" HEIGHT="44" CONTENT="ihm" WC="0.98" CC="060"/>
						<SP ID="P10_SP00182" HPOS="1076" VPOS="2068" WIDTH="32"/>
						<String ID="P10_ST00209" HPOS="1108" VPOS="2017" WIDTH="133" HEIGHT="43" CONTENT="auch" WC="0.97" CC="0606"/>
						<SP ID="P10_SP00183" HPOS="1241" VPOS="2068" WIDTH="33"/>
						<String ID="P10_ST00210" HPOS="1274" VPOS="2019" WIDTH="53" HEIGHT="42" CONTENT="in" WC="0.99" CC="00"/>
						<SP ID="P10_SP00184" HPOS="1327" VPOS="2068" WIDTH="38"/>
						<String ID="P10_ST00211" HPOS="1365" VPOS="2020" WIDTH="226" HEIGHT="45" CONTENT="anderen" WC="1.00" CC="0000400"/>
						<SP ID="P10_SP00185" HPOS="1591" VPOS="2068" WIDTH="31"/>
						<String ID="P10_ST00212" HPOS="1622" VPOS="2023" WIDTH="368" HEIGHT="47" CONTENT="befreundeten" WC="1.00" CC="000006000000"/>
						<SP ID="P10_SP00186" HPOS="1990" VPOS="2070" WIDTH="28"/>
						<String ID="P10_ST00213" HPOS="2018" VPOS="2026" WIDTH="254" HEIGHT="53" CONTENT="Häusern," WC="0.99" CC="20600400"/>
						<SP ID="P10_SP00187" HPOS="2272" VPOS="2079" WIDTH="24"/>
						<String ID="P10_ST00214" HPOS="2296" VPOS="2029" WIDTH="107" HEIGHT="43" CONTENT="und" WC="0.98" CC="600"/>
					</TextLine>
					<TextLine ID="P10_TL00028" HPOS="715" VPOS="2075" WIDTH="1686" HEIGHT="60">
						<String ID="P10_ST00215" HPOS="715" VPOS="2084" WIDTH="166" HEIGHT="31" CONTENT="wenn" WC="1.00" CC="0000"/>
						<SP ID="P10_SP00188" HPOS="881" VPOS="2115" WIDTH="24"/>
						<String ID="P10_ST00216" HPOS="905" VPOS="2086" WIDTH="53" HEIGHT="30" CONTENT="er" WC="0.76" CC="04"/>
						<SP ID="P10_SP00189" HPOS="958" VPOS="2116" WIDTH="19"/>
						<String ID="P10_ST00217" HPOS="977" VPOS="2075" WIDTH="195" HEIGHT="45" CONTENT="abends" WC="1.00" CC="000000"/>
						<SP ID="P10_SP00190" HPOS="1172" VPOS="2120" WIDTH="16"/>
						<String ID="P10_ST00218" HPOS="1188" VPOS="2077" WIDTH="80" HEIGHT="43" CONTENT="ins" WC="1.00" CC="000"/>
						<SP ID="P10_SP00191" HPOS="1268" VPOS="2120" WIDTH="15"/>
						<String ID="P10_ST00219" HPOS="1283" VPOS="2077" WIDTH="314" HEIGHT="48" CONTENT="Kaffeehaus" WC="0.99" CC="0077005060"/>
						<SP ID="P10_SP00192" HPOS="1597" VPOS="2125" WIDTH="22"/>
						<String ID="P10_ST00220" HPOS="1619" VPOS="2083" WIDTH="120" HEIGHT="52" CONTENT="tritt," WC="0.99" CC="040202"/>
						<SP ID="P10_SP00193" HPOS="1739" VPOS="2135" WIDTH="19"/>
						<String ID="P10_ST00221" HPOS="1758" VPOS="2084" WIDTH="87" HEIGHT="43" CONTENT="eilt" WC="0.99" CC="0030"/>
						<SP ID="P10_SP00194" HPOS="1845" VPOS="2135" WIDTH="23"/>
						<String ID="P10_ST00222" HPOS="1868" VPOS="2085" WIDTH="89" HEIGHT="44" CONTENT="der" WC="1.00" CC="000"/>
						<SP ID="P10_SP00195" HPOS="1957" VPOS="2135" WIDTH="16"/>
						<String ID="P10_ST00223" HPOS="1973" VPOS="2085" WIDTH="209" HEIGHT="46" CONTENT="Kellner" WC="0.99" CC="0021323"/>
						<SP ID="P10_SP00196" HPOS="2182" VPOS="2135" WIDTH="22"/>
						<String ID="P10_ST00224" HPOS="2204" VPOS="2087" WIDTH="197" HEIGHT="44" CONTENT="alsbald" WC="1.00" CC="0000000"/>
					</TextLine>
					<TextLine ID="P10_TL00029" HPOS="715" VPOS="2131" WIDTH="1686" HEIGHT="65">
						<String ID="P10_ST00225" HPOS="715" VPOS="2131" WIDTH="96" HEIGHT="44" CONTENT="mit" WC="1.00" CC="000"/>
						<SP ID="P10_SP00197" HPOS="811" VPOS="2175" WIDTH="21"/>
						<String ID="P10_ST00226" HPOS="832" VPOS="2131" WIDTH="168" HEIGHT="52" CONTENT="Tinte," WC="1.00" CC="000004"/>
						<SP ID="P10_SP00198" HPOS="1000" VPOS="2183" WIDTH="17"/>
						<String ID="P10_ST00227" HPOS="1017" VPOS="2133" WIDTH="168" HEIGHT="45" CONTENT="Feder" WC="0.99" CC="60000"/>
						<SP ID="P10_SP00199" HPOS="1185" VPOS="2183" WIDTH="21"/>
						<String ID="P10_ST00228" HPOS="1206" VPOS="2136" WIDTH="107" HEIGHT="42" CONTENT="und" WC="0.98" CC="600"/>
						<SP ID="P10_SP00200" HPOS="1313" VPOS="2183" WIDTH="22"/>
						<String ID="P10_ST00229" HPOS="1335" VPOS="2136" WIDTH="185" HEIGHT="56" CONTENT="Papier" WC="0.99" CC="000006"/>
						<SP ID="P10_SP00201" HPOS="1520" VPOS="2192" WIDTH="22"/>
						<String ID="P10_ST00230" HPOS="1542" VPOS="2140" WIDTH="189" HEIGHT="46" CONTENT="herbei." WC="0.99" CC="7040000"/>
						<SP ID="P10_SP00202" HPOS="1731" VPOS="2192" WIDTH="523"/>
						<String ID="P10_ST00231" HPOS="2254" VPOS="2154" WIDTH="147" HEIGHT="42" CONTENT="©o©" WC="0.50" CC="464"/>
					</TextLine>
					<TextLine ID="P10_TL00030" HPOS="715" VPOS="2190" WIDTH="1684" HEIGHT="57">
						<String ID="P10_ST00232" HPOS="715" VPOS="2197" WIDTH="42" HEIGHT="41" CONTENT="©" WC="0.55" CC="4"/>
						<SP ID="P10_SP00203" HPOS="757" VPOS="2238" WIDTH="61"/>
						<String ID="P10_ST00233" HPOS="818" VPOS="2190" WIDTH="282" HEIGHT="57" CONTENT="Jahrelang" WC="1.00" CC="006300000"/>
						<SP ID="P10_SP00204" HPOS="1100" VPOS="2247" WIDTH="25"/>
						<String ID="P10_ST00234" HPOS="1125" VPOS="2193" WIDTH="196" HEIGHT="44" CONTENT="konnte" WC="1.00" CC="000000"/>
						<SP ID="P10_SP00205" HPOS="1321" VPOS="2247" WIDTH="32"/>
						<String ID="P10_ST00235" HPOS="1353" VPOS="2208" WIDTH="123" HEIGHT="31" CONTENT="man" WC="1.00" CC="000"/>
						<SP ID="P10_SP00206" HPOS="1476" VPOS="2247" WIDTH="31"/>
						<String ID="P10_ST00236" HPOS="1507" VPOS="2198" WIDTH="90" HEIGHT="43" CONTENT="ihn" WC="0.98" CC="050"/>
						<SP ID="P10_SP00207" HPOS="1597" VPOS="2247" WIDTH="32"/>
						<String ID="P10_ST00237" HPOS="1629" VPOS="2213" WIDTH="56" HEIGHT="29" CONTENT="so" WC="1.00" CC="00"/>
						<SP ID="P10_SP00208" HPOS="1685" VPOS="2247" WIDTH="32"/>
						<String ID="P10_ST00238" HPOS="1717" VPOS="2201" WIDTH="73" HEIGHT="43" CONTENT="im" WC="1.00" CC="00"/>
						<SP ID="P10_SP00209" HPOS="1790" VPOS="2247" WIDTH="28"/>
						<String ID="P10_ST00239" HPOS="1818" VPOS="2202" WIDTH="124" HEIGHT="44" CONTENT="Cafe" WC="1.00" CC="0000"/>
						<SP ID="P10_SP00210" HPOS="1942" VPOS="2247" WIDTH="32"/>
						<String ID="P10_ST00240" HPOS="1974" VPOS="2203" WIDTH="62" HEIGHT="44" CONTENT="de" WC="1.00" CC="00"/>
						<SP ID="P10_SP00211" HPOS="2036" VPOS="2247" WIDTH="30"/>
						<String ID="P10_ST00241" HPOS="2066" VPOS="2204" WIDTH="51" HEIGHT="43" CONTENT="la" WC="1.00" CC="00"/>
						<SP ID="P10_SP00212" HPOS="2117" VPOS="2247" WIDTH="27"/>
						<String ID="P10_ST00242" HPOS="2144" VPOS="2204" WIDTH="255" HEIGHT="43" CONTENT="Nouvelle" WC="0.87" CC="04000400"/>
					</TextLine>
				</TextBlock>
			</PrintSpace>
		</Page>
	</Layout>
</alto>
