2902 3048
1525 2369 71 34 142

1702 534 77 43 bis
1830 534 150 57 lange
2027 538 138 43 nach
2212 539 206 45 Mitter=

1701 593 159 44 nacht
1878 595 117 43 sitzt
2011 609 54 30 er
2079 598 53 42 in
2150 598 89 44 der
2255 600 163 44 Knei=

1700 665 64 41 pe
1780 653 108 42 und
1903 655 165 44 erholt
2082 657 111 43 sich
2204 672 109 30 von
2329 660 90 44 der

1699 710 350 57 Tagesarbeit,
2066 716 178 44 indem
2264 731 53 31 er
2336 720 81 43 die

1699 770 167 56 Köpfe
1888 786 107 29 von
2016 773 203 46 Leuten
2242 778 174 43 zeich=

1697 833 102 48 net,
1818 831 81 44 die
1917 832 142 44 nicht
2077 833 202 47 bestellt
2301 838 115 43 sind

1697 889 108 43 und
1822 889 122 44 kein
1955 890 251 47 Interesse
2226 894 81 44 für
2325 897 91 44 das

1697 948 275 45 Publicum
1999 950 186 46 haben.
2219 953 119 44 Und
2363 975 53 20 =

1696 1012 151 41 unter
1868 1022 98 31 uns
1994 1011 72 42 sei
2089 1023 54 31 es
2166 1018 177 51 gesagt
2365 1034 51 20 =

1697 1069 81 44 die
1795 1069 144 44 nicht
1953 1069 268 44 bestellten
2232 1072 182 44 Zeich=

1695 1141 211 44 nungen
1944 1129 115 43 sind
2091 1130 118 43 sehr
2240 1131 175 58 häufig

1696 1191 300 42 amüsanter
2044 1189 108 43 und
2194 1190 219 45 interes=

1694 1251 174 41 santer
1903 1248 74 44 als
2016 1248 81 44 die
2127 1249 284 46 bestellten.

1694 1307 118 44 Den
1879 1308 180 43 Grund
2124 1307 84 44 für
2275 1309 138 45 diese

1693 1365 297 46 Thatsache
2047 1367 229 44 brauche
2328 1369 83 43 ich

1693 1425 143 43 nicht
1879 1439 66 29 zu
1987 1428 244 50 erörtern,
2275 1428 136 44 denn

1688 1484 144 55 jeder
1850 1484 344 44 künstlerisch
2216 1486 195 58 thätige

1692 1544 219 43 Mensch
1933 1544 161 43 kennt
2116 1545 104 44 ihn.
2317 1556 41 42 ©
2370 1557 41 42 ©

1691 1610 43 42 ©
1796 1602 181 44 Wenn
2046 1604 241 46 Leandre
2358 1608 53 43 in

1691 1661 199 44 seinem
1933 1663 260 45 Aeussern
2237 1670 173 41 etwas

1691 1720 289 45 Deutsches
2021 1721 105 54 hat,
2169 1737 56 31 so
2270 1727 140 43 wird

1692 1793 92 43 gar
1845 1781 251 45 mancher
2160 1786 135 43 auch
2356 1787 53 43 in

1691 1839 181 44 seinen
1928 1839 248 48 Arbeiten
2237 1849 171 40 etwas

1691 1898 314 45 Aehnliches
2020 1899 189 48 finden.
2227 1904 182 45 Dieser

719 1948 259 48 harmlose
1007 1953 204 45 Humor
1242 1956 134 45 ohne
1412 1958 179 55 irgend
1621 1958 246 44 welchen
1898 1958 408 58 Beigeschmack
2343 1965 65 43 ist

719 2009 272 55 eigentlich
1017 2013 122 44 kein
1166 2014 373 47 französisches
1565 2017 246 44 Erbtheil.
1839 2018 133 45 Echt
1998 2019 317 48 französisch
2342 2024 65 44 ist

718 2069 253 44 vielmehr
985 2071 285 54 FORAIN,
1289 2075 182 44 dessen
1489 2090 274 42 grausame
1781 2076 166 46 Satire
1965 2092 68 31 an
2048 2080 357 46 VOLTAIRE

718 2129 238 44 erinnert.
984 2131 92 43 Bei
1103 2133 239 45 Leandre
1370 2135 160 44 denkt
1554 2150 122 29 man
1703 2150 68 29 an
1802 2136 360 49 RABELAIS
2191 2142 123 44 oder
2336 2156 68 29 an

718 2186 296 47 CLAUDE
1044 2190 316 55 TILLIER,
1392 2196 143 43 zwei
1565 2195 316 54 Franzosen,
1906 2197 81 45 die
2015 2201 95 43 mit
2142 2203 261 53 germani=
