2255 3843
144 244 79 36 226

772 252 191 27 LETTRES
995 245 204 36 INÉDITES
1233 254 56 26 DE
1323 251 177 29 CHORON

202 344 205 55 Quelque
433 345 158 42 faibles
616 359 84 39 que
734 347 141 38 soient
898 346 63 39 les
984 359 184 39 moyens
1192 347 52 40 de
1268 359 46 28 ce
1333 347 128 51 jeune
1484 345 196 45 homme,
1706 355 56 28 on
1783 341 85 42 m'a
1889 347 241 50 cependant

145 420 157 36 assuré
320 420 21 36 à
362 414 154 42 Nîmes
530 416 120 39 aussi
668 414 103 40 bien
793 412 101 54 qu'à
911 413 286 53 Montpellier
1217 413 130 54 qu'ils
1371 415 163 40 étaient
1556 414 53 39 de
1625 412 231 52 beaucoup
1880 416 247 49 supérieurs

146 487 21 36 à
201 498 104 26 ceux
334 483 104 41 d'un
462 487 178 36 nommé
661 481 212 51 Boulard,
890 481 54 41 de
965 480 169 52 Nîmes,
1160 479 132 54 qu'on
1318 496 21 26 a
1358 482 325 40 dernièrement
1703 482 80 39 tiré
1807 480 58 41 du
1889 481 165 42 théâtre
2076 486 51 40 de

142 550 285 54 Montpellier
440 564 111 39 pour
573 550 222 51 l'envoyer
819 554 21 36 à
862 549 143 49 Paris,
1032 564 55 26 au
1110 551 142 50 grand
1277 555 286 37 étonnement
1590 550 52 40 de
1665 562 71 28 ces
1755 549 111 41 deux
1887 550 143 49 villes,
2055 555 71 50 qui

144 621 283 39 connaissent
447 627 119 33 toute
586 631 47 27 sa
656 618 171 41 nullité.
850 616 32 42 Il
906 618 91 41 doit
1016 622 90 37 être
1127 622 21 36 à
1181 616 177 56 l'Opéra
1381 632 56 28 ou
1458 623 20 36 à
1505 608 163 51 l'École
1688 618 165 52 royale.

197 686 80 55 J'ai
299 686 235 42 l'honneur
555 687 54 40 de
629 699 111 28 vous
760 684 214 43 informer
995 686 135 52 parla
1156 690 143 38 même
1320 689 204 39 occasion
1548 700 85 39 que
1669 684 46 41 M
1720 684 39 24 lle
1797 685 213 55 Jaunard,
2036 693 68 47 pré-

144 755 273 42 cédemment
450 753 215 42 réformée
687 754 53 41 de
761 752 194 55 l'Opéra,
976 769 21 26 a
1020 756 254 40 vainement
1296 760 155 48 essayé
1473 755 54 40 de
1548 768 45 27 se
1612 762 195 32 montrer
1831 759 21 35 à
1874 753 222 44 Marseille
2119 773 7 33 ;

142 825 84 40 elle
248 838 22 25 a
294 828 67 36 été
383 827 236 48 repoussée
640 837 79 38 par
741 823 38 39 le
801 821 164 53 public,
993 825 74 49 qui
1093 821 67 42 n'a
1185 825 158 49 jamais
1362 824 134 40 voulu
1521 823 37 40 la
1588 830 251 45 supporter.
1864 821 96 42 Elle
1981 823 143 51 plaide

143 906 53 27 en
230 905 45 26 ce
293 900 197 32 moment
514 899 148 33 contre
682 891 38 40 le
735 891 231 47 directeur,
986 903 111 40 pour
1119 896 89 36 être
1233 896 135 49 payée
1390 900 40 32 et
1451 891 91 40 s'en
1564 891 108 40 aller
1694 903 105 28 sans
1823 891 123 39 avoir
1967 889 77 43 fait
2075 893 50 42 de

144 961 204 40 services.
368 959 32 40 Il
421 968 65 31 est
505 972 156 28 encore
683 973 61 26 un
769 968 122 32 autre
915 959 110 52 sujet
1057 960 327 41 dernièrement
1408 960 192 41 réadmis
1629 963 20 36 à
1687 957 178 54 l'Opéra
1889 971 75 28 sur
1986 959 141 53 lequel

142 1027 153 54 j'aurai
318 1025 252 54 d'étranges
610 1029 382 48 renseignements
1016 1032 21 35 à
1064 1041 112 28 vous
1199 1029 185 41 fournir.
1427 1027 31 40 Il
1498 1035 65 33 est
1582 1027 102 40 bien
1726 1032 213 36 étonnant
1969 1041 84 38 que
2093 1030 36 40 le

143 1097 168 40 théâtre
335 1096 52 40 de
407 1093 269 43 l'Académie
697 1095 148 53 royale
864 1096 216 40 devienne
1121 1096 39 41 le
1183 1096 240 53 réceptacle
1443 1096 77 40 des
1543 1096 137 53 sujets
1703 1099 236 49 repoussés
1975 1109 78 40 par
2091 1097 36 43 la

141 1165 229 51 province.

198 1231 121 41 Parti
339 1231 52 40 de
410 1230 155 42 Nîmes
589 1231 39 41 le
650 1230 141 42 mardi
813 1246 65 34 22,
903 1236 20 36 à
945 1248 24 37 9
988 1233 160 41 heures
1165 1233 58 40 du
1244 1234 154 47 matin,
1419 1233 37 51 je
1482 1233 95 39 suis
1601 1233 142 39 arrivé
1767 1232 37 40 le
1823 1236 142 36 même
1988 1234 97 51 jour
2107 1238 20 37 à

141 1299 299 53 Montpellier.
464 1298 235 56 J'espérais
721 1314 27 38 y
765 1299 108 42 faire
887 1300 214 53 d'amples
1123 1301 183 41 récoltes
1332 1315 7 33 ;
1366 1301 38 51 je
1427 1298 98 42 n'en
1545 1300 234 52 désespère
1803 1302 122 50 point
1955 1314 169 36 encore,

142 1369 112 39 mais
275 1367 154 53 j'aurai
454 1367 156 41 besoin
633 1382 111 38 pour
762 1368 92 41 cela
878 1369 53 40 de
954 1371 199 50 patience
1176 1377 41 33 et
1236 1368 239 41 d'adresse.
1499 1367 86 41 Les
1614 1370 242 50 premières
1886 1382 241 39 personnes

144 1436 256 52 auxquelles
424 1437 37 50 je
484 1450 69 26 me
576 1438 92 38 suis
709 1437 179 40 adressé
910 1450 55 27 ne
1009 1435 139 42 m'ont
1185 1437 146 40 donné
1371 1451 142 26 aucun
1546 1438 171 51 espoir;
1743 1436 106 41 elles
1885 1439 171 39 avaient
2079 1439 50 40 de

142 1503 173 41 bonnes
331 1505 172 38 raisons
524 1517 112 38 pour
657 1504 89 40 cela
763 1518 9 34 ;
800 1507 118 37 aussi
941 1503 154 54 n'ai-je
1112 1513 102 32 tenu
1238 1519 143 26 aucun
1398 1514 174 43 compte
1594 1505 53 40 de
1667 1505 117 40 leurs
1800 1518 166 39 propos
1983 1505 124 42 déses-

143 1576 194 47 pérants,
360 1580 40 31 et
424 1572 101 51 ai-je
548 1573 88 50 pris
669 1585 86 27 une
789 1581 124 32 autre
951 1581 123 32 route
1099 1586 112 39 pour
1231 1571 109 42 faire
1374 1586 94 27 mes
1518 1573 268 40 recherches.
1830 1573 82 54 J'ai
1950 1572 179 43 d'abord

144 1641 150 50 appris
318 1653 100 38 que,
443 1639 235 41 dimanche
695 1640 174 41 dernier
892 1653 51 28 20
963 1641 53 40 de
1053 1654 46 27 ce
1132 1643 131 45 mois,
1288 1655 60 26 un
1383 1654 126 39 corps
1545 1641 51 40 de
1639 1650 96 32 cent
1759 1642 236 41 chanteurs
2019 1646 112 39 avait

143 1712 177 36 exécuté
341 1711 21 36 à
383 1707 39 41 la
447 1710 257 49 procession
723 1709 58 40 du
800 1707 412 43 Saint-Sacrement
1235 1724 56 26 un
1311 1717 138 33 motet
1473 1713 21 36 à
1516 1717 154 44 quatre
1693 1710 178 51 parties.
1894 1709 63 41 La
1981 1710 151 44 haute-,

144 1784 150 32 contre
318 1773 109 43 était
447 1784 129 32 tenue
599 1790 79 38 par
700 1778 247 51 vingt-cinq
970 1779 100 39 voix
1108 1779 75 51 qui
1219 1778 174 39 avaient
1418 1782 21 35 à
1463 1777 171 41 donner
1664 1776 74 41 Yut
1770 1776 98 42 d'en
1888 1778 123 40 haut.
2037 1777 35 41 A
2093 1780 37 39 la

144 1845 151 46 vérité,
315 1845 143 50 parmi
482 1857 69 27 ces
572 1845 246 52 vingt-cinq
833 1844 329 42 hautes-contre
1182 1846 28 39 il
1224 1860 27 38 y
1266 1860 21 25 a
1301 1844 230 53 beaucoup
1548 1846 54 39 de
1623 1858 111 37 gens
1758 1847 162 39 mariés
1956 1846 171 49 établis,

146 1915 105 47 âgés
272 1916 160 43 même,
459 1913 73 51 qui
556 1925 54 27 ne
630 1921 189 43 peuvent
842 1914 123 51 point
991 1915 176 50 quitter,
1191 1914 112 40 mais
1326 1914 29 39 il
1367 1914 91 40 doit
1475 1915 119 39 aussi
1616 1911 62 55 s'y
1691 1922 177 33 trouver
1889 1914 77 41 des
1983 1915 148 51 jeunes

144 1993 111 38 gens
280 1977 104 55 qu'il
406 1993 95 27 sera
523 1980 199 52 possible
743 1978 287 44 d'entraîner.
1059 1982 49 54 Je
1151 1983 93 39 suis
1265 1995 53 27 en
1343 1994 45 28 ce
1421 1991 197 31 moment
1643 1996 82 26 aux
1766 1991 156 42 aguets
1958 1991 41 32 et
2032 1987 20 36 à
2089 1984 38 40 la

143 2049 277 48 découverte,
445 2049 38 51 je
503 2050 112 39 tiens
638 2048 96 53 déjà
756 2049 77 40 des
856 2051 384 49 renseignements
1266 2058 276 42 avantageux
1565 2050 107 41 dont
1695 2048 184 54 j'espère
1900 2063 111 28 vous
2033 2064 69 28 ren-

145 2116 76 41 dre
242 2118 344 39 incessamment
609 2116 89 41 bon
717 2126 187 44 compte.

200 2184 394 48 Provisoirement,
631 2182 72 55 j'ai
746 2182 232 45 l'honneur
1016 2186 53 41 de
1109 2199 110 27 vous
1258 2184 215 42 informer
1496 2199 85 39 que
1602 2199 111 27 vous
1756 2194 228 33 trouverez
2009 2187 75 40 dès
2108 2191 21 36 à

146 2255 191 49 présent,
363 2257 21 35 à
410 2252 38 40 la
467 2253 250 40 cathédrale
734 2253 53 40 de
810 2252 307 50 Saint-Flour,
1140 2269 58 26 un
1215 2255 128 51 jeune
1371 2253 180 41 homme
1572 2259 181 35 nommé
1774 2253 171 49 Mallet,
1968 2258 82 47 âgé
2080 2255 52 40 de

144 2319 190 41 dix-huit
351 2333 94 35 ans,
468 2328 132 45 ayant
619 2333 84 28 une
724 2320 114 41 belle
860 2321 321 49 haute-contre,
1201 2336 59 26 un
1284 2326 85 37 très
1389 2322 76 52 joli
1487 2322 221 52 physique
1724 2330 41 33 et
1788 2321 90 41 bon
1898 2324 229 39 musicien.

146 2387 62 41 Ce
229 2389 357 49 renseignement
618 2387 126 42 m'est
767 2389 145 40 donné
935 2404 78 38 par
1034 2389 62 40 M.
1130 2389 296 49 Carbonnier,
1449 2390 222 40 ci-devant
1713 2395 126 36 ténor
1873 2394 21 36 à
1938 2388 191 58 l'Opéra,

145 2457 156 51 depuis
324 2460 157 37 maître
502 2457 53 39 de
579 2458 204 51 musique
814 2461 22 36 à
857 2466 110 32 cette
1008 2457 266 51 cathédrale,
1319 2471 56 27 ou
1418 2471 46 27 ce
1505 2459 129 51 jeune
1672 2457 182 42 homme
1894 2472 21 26 a
1943 2462 66 37 été
2051 2472 79 28 son

146 2525 137 47 élève,
306 2532 42 32 et
387 2525 277 40 maintenant
703 2528 155 37 maître
881 2525 76 41 des
982 2525 175 41 chœurs
1184 2530 22 36 à
1245 2524 176 53 l'Opéra
1465 2526 53 40 de
1556 2525 298 53 Montpellier.
1892 2526 184 41 Comme
2099 2527 28 39 il

146 2591 130 50 s'agit
313 2593 53 39 ici
408 2591 104 41 d'un
548 2593 113 52 sujet
699 2601 93 32 tout
833 2592 140 42 formé
1004 2602 41 32 et
1075 2606 160 40 propre
1271 2598 21 36 à
1334 2594 158 40 rendre
1531 2595 166 39 service
1726 2594 53 41 de
1803 2596 128 47 suite,
1957 2595 165 52 j'invite

145 2660 62 40 M.
252 2659 279 41 Carbonnier
575 2664 21 35 à
635 2674 110 27 vous
782 2662 135 40 écrire
955 2662 302 40 directement.

199 2728 49 54 Je
269 2741 109 28 vous
398 2727 256 42 informerai
683 2730 248 40 désormais
951 2734 98 48 plus
1071 2728 326 54 fréquemment
1416 2730 54 40 de
1489 2743 45 27 ce
1558 2744 85 38 que
1662 2730 154 52 j'aurai
1840 2745 58 38 pu
1915 2730 108 41 faire
2056 2745 76 38 par

145 2797 39 40 la
204 2798 127 45 suite,
351 2810 93 27 mes
465 2799 255 49 opérations
743 2798 160 41 devant
925 2798 180 41 devenir
1127 2798 99 52 plus
1265 2798 175 52 rapides
1464 2813 8 34 ;
1498 2807 139 43 quant
1661 2803 21 35 à
1722 2803 195 48 présent,
1959 2801 111 39 voici
2094 2800 36 40 le

146 2868 174 36 résumé
341 2865 54 40 de
414 2878 46 27 ce
483 2878 85 39 que
584 2865 69 52 j'ai
673 2865 78 41 fait
767 2881 7 25 :

201 2930 124 42 Onze
344 2932 352 50 hautes-contre,
718 2935 147 39 savoir
886 2945 7 28 :
923 2939 39 35 i°
981 2934 67 41 En
1072 2939 86 36 état
1177 2935 54 40 de
1249 2935 155 40 rendre
1421 2939 326 48 présentement
1766 2937 165 39 service
1954 2944 8 9 '

740 3037 195 53 Jarriges
1381 3038 163 42 Andiol

735 3103 130 41 Gelin
1378 3107 194 53 Ploquin

736 3171 149 41 Estela
1383 3174 173 54 Dupuis

734 3239 153 42 Mallet

205 3386 19 26 2
229 3377 18 18 0
269 3370 167 52 Quatre
458 3385 184 40 propres
674 3375 21 37 à
718 3372 179 40 devenir
918 3372 160 50 élèves,
1104 3374 145 39 savoir
1273 3389 7 25 :

730 3471 168 41 Dubois
1384 3473 140 40 Merle

730 3539 185 53 Hayriez
1388 3539 112 50 N...,
1518 3540 53 41 de
1593 3539 299 53 Montpellier.
