2255 3843
134 263 77 36 228

761 272 190 27 LETTRES
989 263 203 36 INÉDITES
1226 271 54 26 DE
1313 270 181 27 CHORON

136 366 151 41 artiste
309 365 77 42 des
409 366 116 41 rôles
548 365 53 41 de
621 362 176 55 l'Opéra
823 378 9 34 ;
873 364 30 40 il
935 363 160 40 chante
1127 363 99 53 plus
1266 363 129 51 juste,
1417 363 53 41 de
1508 362 206 41 meilleur
1728 367 125 45 goût,
1887 370 40 33 et
1950 377 68 27 me
2051 379 47 38 pa-

137 438 82 37 raît
238 436 122 39 avoir
393 435 99 51 plus
512 434 52 40 de
581 433 179 40 chaleur
795 429 78 54 (i).

194 502 157 42 Comte
376 506 114 44 aîné,
515 502 39 40 la
576 501 99 52 plus
710 499 115 40 belle
863 499 307 43 haute-contre
1193 502 54 40 de
1270 501 243 41 Toulouse.

195 570 230 49 Gauthier,
478 569 279 41 haute-taille
780 579 8 25 :
832 569 151 40 enrôlé
1019 581 105 28 sous
1171 571 243 48 condition,
1440 584 58 26 vu
1535 567 105 54 qu'il
1680 567 67 42 n'a
1790 582 79 39 pas
1898 582 85 27 une
2006 574 115 39 vraie

137 640 316 39 haute-contre
483 650 9 35 ;
527 636 57 41 du
627 645 130 41 reste,
795 637 118 52 plein
955 637 53 41 de
1047 636 70 41 feu
1160 646 40 32 et
1241 638 236 48 d'activité,
1525 650 160 40 propre
1708 641 22 36 à
1771 636 109 42 faire
1916 652 60 26 un
2028 639 96 42 chef

137 706 240 52 d'attaque.

193 774 346 47 Bonnecarrère,
573 776 83 48 âgé
675 774 54 41 de
753 789 45 36 14
821 788 95 37 ans,
941 774 75 54 joli
1038 774 174 50 dessus,
1237 781 85 36 très
1346 779 250 49 pénétrant,
1622 774 88 41 bon
1734 776 230 51 musicien,
2004 775 64 42 vif
2084 786 38 33 et

137 843 266 50 intelligent.

191 911 50 54 Je
257 912 180 51 partirai
454 910 340 53 probablement
823 924 105 27 avec
960 924 69 28 ces
1049 911 152 53 jeunes
1235 925 112 37 gens
1379 920 41 33 et
1455 924 112 29 nous
1595 912 250 40 arriverons
1884 915 21 36 à
1930 911 125 42 Paris
2087 915 35 41 le

136 980 212 40 vendredi
371 993 17 37 3
414 978 250 53 septembre
696 993 54 26 au
774 981 139 38 matin
939 995 7 25 :
970 979 152 52 j'avais
1139 980 250 42 l'intention
1409 979 153 42 d'aller
1588 984 22 35 à
1632 977 290 44 Saint-Flour
1943 979 155 44 m'assu-

139 1062 68 26 rer
228 1045 103 43 d'un
363 1048 327 43 haute-contre,
713 1052 180 36 nommé
925 1047 169 52 Mellet,
1131 1052 81 47 âgé
1232 1049 53 41 de
1313 1052 46 37 18
1395 1062 94 35 ans,
1516 1048 87 41 bon
1627 1049 230 50 musicien,
1884 1061 74 28 sur
1982 1049 140 53 lequel

137 1115 62 41 M.
229 1115 295 49 Carbonnier,
568 1115 52 40 de
656 1115 300 52 Montpellier,
994 1115 69 42 n'a
1102 1131 58 38 pu
1202 1118 158 52 depuis
1397 1117 112 40 deux
1553 1119 114 38 mois
1707 1130 70 27 me
1818 1130 209 39 procurer
2063 1120 60 40 les

139 1186 381 49 renseignements
550 1181 177 55 positifs
776 1183 106 54 qu'il
915 1184 179 42 m'avait
1129 1187 169 51 promis
1326 1200 8 34 ;
1366 1186 113 40 mais
1515 1185 39 40 la
1587 1186 165 40 crainte
1790 1185 53 41 de
1875 1186 155 52 perdre
2067 1188 55 42 du

138 1263 143 42 temps
304 1261 40 32 et
365 1252 308 51 d'augmenter
708 1252 63 41 les
803 1252 217 53 dépenses
1059 1266 68 28 me
1150 1253 78 42 fait
1252 1266 213 28 renoncer
1487 1258 22 35 à
1534 1266 46 28 ce
1604 1254 155 53 projet.
1796 1253 36 41 A
1856 1268 103 28 mon
1981 1264 143 34 retour

141 1326 20 35 à
186 1321 144 46 Paris,
354 1334 55 27 on
433 1321 190 52 prendra
646 1325 21 36 à
691 1330 64 32 cet
784 1322 136 50 égard
953 1322 63 40 les
1058 1335 198 28 mesures
1279 1321 312 42 convenables.

192 1388 55 42 N.
270 1389 49 41 B.
421 1387 48 43 Si
488 1402 111 28 vous
621 1390 169 40 désirez
812 1391 122 39 avoir
974 1404 86 27 une
1089 1390 311 42 haute-contre
1423 1390 53 41 de
1498 1390 115 53 plus,
1657 1404 109 28 vous
1794 1404 172 39 pouvez
1990 1395 132 40 écrire

138 1463 22 35 à
186 1458 59 40 M.
278 1458 38 40 le
336 1456 139 54 préfet
494 1458 58 40 du
577 1456 110 42 Gers
714 1458 53 40 de
795 1471 111 27 vous
942 1471 192 40 envoyer
1157 1459 38 40 le
1230 1459 128 52 jeune
1390 1458 172 41 Dufort.
1588 1458 63 41 La
1698 1465 119 34 mère
1840 1459 54 41 de
1917 1473 45 28 ce
2000 1461 124 52 jeune

139 1530 198 44 homme,
362 1527 75 51 qui
454 1539 70 26 me
543 1524 148 42 l'avait
715 1526 196 50 accordé,
931 1527 144 40 désire
1098 1525 330 43 l'intervention
1451 1527 57 41 du
1525 1526 155 54 préfet,
1703 1536 42 33 et
1767 1527 39 42 le
1829 1527 139 54 préfet
1983 1529 139 43 désire

141 1594 39 39 la
204 1596 139 37 vôtre.

193 1660 117 42 Sous
330 1662 239 51 quinzaine
590 1659 63 42 M.
678 1660 185 51 Turelli,
901 1663 227 49 organiste
1147 1661 189 52 d'Agen,
1376 1663 292 42 m'adressera
1694 1665 39 40 le
1767 1665 129 52 jeune
1930 1665 192 54 Dulong,

140 1733 82 47 âgé
246 1729 54 40 de
322 1741 41 38 15
402 1742 94 37 ans,
522 1729 102 52 jolie
646 1729 310 42 haute-contre
980 1731 101 40 bien
1112 1729 182 42 formée.

190 1796 63 42 La
278 1801 145 36 même
438 1797 103 40 ville
562 1796 173 51 d'Agen
755 1804 56 34 où
831 1797 69 53 j'ai
921 1802 81 45 été,
1028 1799 39 40 la
1086 1800 198 40 semaine
1306 1800 216 49 dernière,
1547 1801 210 42 chercher
1778 1802 77 41 des
1873 1804 136 52 sujets
2043 1818 80 38 que

136 1866 153 53 j'avais
314 1865 356 52 précédemment
708 1866 236 48 entendus,
985 1880 54 27 en
1063 1866 217 42 renferme
1313 1866 192 44 d'autres
1527 1869 158 51 dignes
1722 1870 277 50 d'attention,
2041 1886 81 39 que

137 1935 56 51 j'y
213 1936 39 38 ai
276 1934 260 40 découverts
558 1933 112 40 dans
703 1946 106 28 mon
831 1934 176 41 dernier
1033 1936 145 52 séjour
1203 1948 9 28 ;

197 2007 37 34 i°
266 2000 63 42 Le
351 2006 180 36 nommé
550 2000 307 52 Terzeguette,
887 2006 82 47 âgé
986 2003 52 41 de
1060 2003 209 43 dix-neuf
1288 2018 97 39 ans,
1406 2006 74 52 joli
1501 2006 157 41 dessus
1693 2006 142 43 formé
1856 2016 42 33 et
1921 2014 204 37 conservé

139 2075 125 47 après
288 2070 39 40 la
352 2083 102 27 mue
477 2070 192 49 (comme
688 2072 106 38 était
816 2070 39 41 le
878 2069 30 42 S
915 2075 15 18 r
952 2069 254 53 Théodore)
1225 2082 9 40 ;

193 2152 21 25 2
219 2143 17 17 0
259 2137 44 41 M
308 2136 39 24 lle
381 2136 186 42 Isabelle
590 2137 146 51 Borie,
763 2141 110 48 âgée
896 2140 52 40 de
971 2140 191 52 dix-sept
1186 2145 21 35 à
1229 2141 189 42 dix-huit
1442 2156 94 37 ans,
1557 2143 312 53 physionomie
1886 2147 239 52 spirituelle

138 2215 40 32 et
202 2207 268 51 expressive,
507 2211 86 35 très
617 2206 114 41 beau
762 2207 174 49 dessus,
972 2208 211 42 chantant
1211 2223 103 27 avec
1335 2216 111 45 goût
1477 2220 41 32 et
1543 2210 230 56 beaucoup
1796 2211 300 56 d'expression
2114 2225 8 41 ;

138 2275 252 49 également
425 2287 161 39 propre
619 2289 54 26 au
715 2276 70 51 jeu
821 2284 40 32 et
900 2289 55 27 au
998 2276 147 48 chant,
1185 2277 111 41 dans
1333 2279 61 40 les
1453 2281 107 39 trois
1600 2294 160 37 genres
1800 2293 7 25 :
1851 2283 272 53 pathétique,

138 2343 367 40 demi-caractère
525 2350 40 33 et
579 2345 218 50 comique,
812 2353 197 42 pouvant
1028 2358 105 27 sous
1154 2348 107 39 trois
1280 2348 114 39 mois
1416 2346 164 43 former
1592 2363 59 26 un
1666 2350 232 42 charmant
1912 2352 213 54 coryphée

139 2420 40 31 et
216 2425 78 38 par
325 2411 38 39 la
389 2412 112 39 suite
520 2425 60 26 un
604 2411 111 51 sujet
755 2416 20 35 à
801 2412 115 40 rôles
941 2418 86 35 très
1051 2415 266 41 intéressant
1340 2428 114 39 pour
1473 2413 177 56 l'Opéra
1670 2432 10 34 ;

198 2493 17 36 3
222 2484 17 17 0
266 2479 39 38 M
314 2477 40 28 lle
377 2478 160 41 Ursule
573 2478 198 51 Connor,
809 2482 108 48 âgée
939 2481 54 41 de
1033 2493 50 40 14
1106 2495 96 38 ans,
1237 2485 99 39 voix
1371 2484 275 49 charmante,
1678 2496 270 42 promettant
1969 2503 58 28 un
2050 2490 72 52 joli

141 2548 111 51 sujet
271 2548 54 38 de
365 2546 379 49 demi-caractère,
764 2561 161 40 propre
962 2563 82 27 aux
1069 2553 115 37 rotes
1208 2551 52 41 de
1283 2552 129 52 jeune
1434 2555 226 51 princesse
1683 2564 40 33 et
1762 2555 54 42 de
1839 2556 240 44 chanteuse
2102 2564 20 35 à

141 2615 199 40 roulade.

196 2682 86 41 Les
306 2691 179 44 parents
518 2683 53 40 de
593 2696 70 28 ces
686 2684 112 40 deux
822 2686 152 50 jeunes
997 2700 243 38 personnes
1265 2697 99 32 sont
1383 2689 204 54 disposés
1607 2696 21 36 à
1651 2705 112 28 vous
1783 2693 63 41 les
1869 2693 166 43 confier
2054 2709 71 27 sur

141 2759 123 32 votre
297 2751 235 48 demande,
595 2764 171 40 pourvu
804 2752 130 53 qu'ils
972 2755 115 40 aient
1127 2764 120 33 toute
1305 2760 203 48 garantie
1561 2773 76 28 sur
1674 2761 63 40 les
1782 2776 182 37 mœurs,
2006 2762 99 43 c'est-

143 2819 138 39 à-dire
318 2816 183 54 qu'elles
525 2820 143 40 soient
691 2820 214 52 déposées
946 2836 54 27 en
1033 2825 145 38 mains
1204 2830 124 35 sûres
1368 2834 41 33 et
1446 2830 21 37 à
1492 2825 125 44 l'abri
1640 2829 54 40 de
1734 2838 120 34 toute
1894 2837 154 47 espèce
2072 2833 50 40 de

143 2887 243 41 séduction.

195 2954 49 54 Je
268 2955 96 39 dois
384 2954 209 42 observer
613 2969 85 39 que
718 2970 46 27 ce
790 2966 99 32 sont
912 2959 53 39 de
988 2959 182 52 simples
1194 2963 240 48 ouvrières,
1465 2960 114 44 l'une
1602 2964 352 56 blanchisseuse,
1976 2967 147 44 l'autre

141 3024 247 38 couturière
411 3036 9 34 ;
447 3025 111 38 mais
586 3024 38 39 la
651 3033 156 32 nature
830 3039 22 26 a
895 3025 77 42 fait
1008 3041 111 38 pour
1159 3029 106 40 elles
1308 3043 45 27 ce
1374 3029 160 54 qu'elle
1557 3032 67 42 n'a
1660 3036 123 50 point
1812 3035 79 42 fait
1910 3051 111 39 pour
2051 3039 73 40 des

141 3091 247 50 princesses
410 3099 40 31 et
473 3104 46 27 ce
543 3104 85 39 que
651 3089 95 44 l'art
768 3107 55 26 ne
846 3108 184 37 procure
1052 3097 124 50 point
1197 3102 22 34 à
1237 3098 78 40 des
1330 3112 244 39 personnes
1597 3102 108 41 dont
1728 3102 264 45 l'éducation
2016 3121 21 26 a
2060 3111 63 36 été

141 3156 104 41 faite
279 3163 19 34 à
321 3159 166 49 grands
520 3158 121 41 frais.
669 3158 116 42 Sans
812 3163 124 39 avoir
965 3163 158 52 jamais
1157 3178 99 38 reçu
1298 3180 87 28 une
1418 3168 123 52 leçon
1564 3169 53 41 de
1640 3174 221 51 musique,
1887 3174 106 42 elles
2015 3177 81 38 ima-

139 3227 153 48 ginent
315 3226 76 40 des
426 3228 123 39 traits
570 3241 58 38 qu
647 3228 106 41 elles
785 3233 227 38 exécutent
1034 3245 102 27 avec
1167 3248 59 26 un
1247 3241 109 43 goût
1395 3245 41 32 et
1472 3251 86 27 une
1583 3238 242 53 perfection
1847 3244 75 50 qui
1943 3242 178 42 feraient

140 3295 204 40 honneur
363 3298 21 36 à
403 3295 77 40 des
517 3296 191 41 artistes.
734 3295 61 41 M.
821 3296 183 53 Turelli,
1042 3300 89 41 bon
1147 3302 271 51 professeur,
1440 3305 120 42 élève
1599 3307 78 42 des
1710 3310 251 42 meilleures
1983 3312 138 41 écoles

177 3472 49 43 (1)
245 3474 15 38 J
279 3474 31 32 ai
330 3476 151 32 accordé
504 3477 18 31 à
541 3486 38 23 sa
602 3476 130 34 femme
762 3485 32 25 et
818 3481 18 30 à
859 3490 37 22 sa
935 3480 215 35 belle-mère
1187 3494 48 22 un
1259 3494 148 24 secours
1429 3486 227 35 alimentaire
1675 3490 42 32 de
1748 3501 70 31 400
1845 3491 117 34 francs
1985 3502 62 30 par
2065 3503 54 28 an,

135 3532 93 31 pour
247 3525 31 30 le
299 3531 114 33 temps
429 3536 47 30 qu
492 3525 24 32 il
534 3536 78 24 sera
635 3529 18 30 à
676 3530 9 28 1
702 3520 117 47 École,
841 3536 114 35 temps
974 3539 70 36 que
1070 3533 7 29 1
1096 3542 45 22 on
1161 3541 84 36 peut
1263 3534 155 47 abréger
1436 3546 43 24 en
1503 3537 235 46 l'employant
1762 3540 61 34 dès
1855 3551 70 32 que
1944 3541 68 33 l'on
2034 3552 63 22 vou-

135 3572 74 40 dra,
236 3583 45 22 vu
306 3573 88 44 qu'il
420 3582 51 26 est
489 3577 69 32 très
587 3576 227 46 intelligent.
