1615 2540
1349 2146 38 36 11

198 240 67 29 und
288 237 229 28 Welterhalter
543 237 49 33 ist,
623 237 42 27 ist
687 237 33 26 in
742 236 222 36 bürgerlicher
987 235 88 27 Ziele
1098 232 176 36 Gefängnis
1297 240 53 19 ver-

197 289 107 35 käfigb
342 286 82 27 Eine
447 286 208 34 enttempelte
672 286 85 27 Welt
773 286 83 26 wird
879 286 74 27 dem
976 283 189 31 Einfachen,
1191 282 74 26 dem
1287 280 81 26 Nur-

200 331 194 40 Gläubigen,
426 335 74 27 dem
524 335 207 27 Bedrückten
757 334 68 27 und
859 334 33 26 in
926 342 81 18 neue
1032 332 109 27 Sonne
1163 331 206 26 Versehnten

197 388 48 28 als
263 385 179 28 herrlicher
459 382 136 36 Tempel
609 384 231 35 übergestülpt.
876 383 75 26 Und
966 382 92 27 wehe
1075 381 75 33 ihm,
1174 388 96 19 wenn
1287 388 34 18 er
1336 378 33 27 in

199 436 53 27 die
267 434 214 35 Behauptung
496 433 235 27 aufzuklettern
747 433 92 36 wagt,
857 432 91 27 diese
964 430 218 36 bourgeoisen
1198 427 154 29 Ausschei-

199 486 128 33 dungen
356 482 89 28 seien
471 482 75 27 kein
569 480 144 37 Tempel,
743 481 143 27 sondern
909 480 216 27 Exkremente
1148 477 223 36 bürgerlicher

197 528 128 40 Ängste.

280 581 75 26 Von
368 580 109 36 jedem
492 580 148 35 Ereignis
658 580 150 26 erwartet
822 578 92 35 jeder
929 578 153 26 anderes:
1106 577 60 26 der
1181 574 187 37 Kapitalist,

198 632 63 27 daß
292 631 59 26 der
373 629 79 27 Arm
486 628 107 28 seines
616 627 122 28 Geldes
769 626 69 28 sich
866 626 114 27 weiter
1004 633 136 27 spanne;
1174 625 59 26 der
1254 624 116 31 Bauer,

199 681 64 27 daß
287 680 69 27 sein
372 678 106 27 Acker
499 677 137 36 üppiger
659 677 142 35 sprieße;
826 676 58 26 der
899 675 147 32 Marxist,
1071 673 63 28 daß
1157 673 53 27 die
1226 672 56 27 mit
1299 672 74 26 dem

198 729 211 28 Sozialismus
433 726 209 36 schwangere
666 724 217 28 Gesellschaft
911 732 38 17 zu
972 722 134 27 kreißen
1128 721 152 36 beginne;
1315 721 59 26 der

198 777 186 32 Journalist,
409 776 62 27 daß
496 776 59 26 das
579 774 226 39 Quellgebirge
830 773 106 27 seiner
955 772 111 35 Lügen
1088 771 66 26 ihm
1176 779 83 19 neue
1275 769 80 28 Gold-

200 828 104 27 adern
327 825 196 33 erschließe;
548 825 60 25 der
623 823 144 31 Pazifist,
792 822 63 27 daß
880 822 59 27 das
956 821 103 27 Reich
1075 820 125 35 ewigen
1216 818 158 28 Friedens

198 875 246 33 hereinbreche;
470 874 59 27 der
552 873 165 32 Künstler,
743 872 62 26 daß
830 880 33 19 es
886 871 34 27 in
942 879 117 19 neuem
1079 869 132 27 Rausch
1234 868 53 28 die
1310 867 50 29 bei-

199 923 297 31 fallklatschenden
518 922 119 27 Hände
665 921 164 35 schwinge
854 941 5 6 ,
884 941 5 6 .
913 941 5 6 .
962 919 71 27 Wir
1056 919 80 27 aber
1159 918 125 36 fragen:
1309 925 67 19 was

199 975 158 28 bedeutet
379 981 34 20 es
436 972 52 27 für
510 973 64 26 den
590 970 201 28 Menschen?
835 969 106 27 Wenn
959 969 53 26 die
1028 967 105 28 Welle
1150 967 58 27 des
1224 966 135 28 Bolsche-

199 1025 133 26 wismus
348 1021 209 32 hereinleckt,
574 1020 181 32 Morsches,
773 1019 149 35 Fauliges
939 1016 225 29 überbrandet
1247 1016 68 27 und
1331 1015 46 27 sie

200 1072 83 28 wird
310 1081 34 18 es
367 1074 57 24 tun
510 1079 69 18 was
604 1069 156 28 bedeutet
783 1068 108 27 dieses
908 1067 205 35 Ereignisses
1136 1065 241 36 langersehntes

201 1122 105 28 Glück
329 1120 53 27 für
405 1120 65 27 den
492 1118 202 28 Menschen?
739 1117 65 27 Das
828 1117 43 26 ist
895 1116 53 27 die
971 1115 111 35 Frage.

284 1168 274 29 Bolschewismus
592 1167 41 27 ist
666 1166 120 35 ewiger
812 1165 106 27 Feind
947 1163 212 36 bourgeoiser
1189 1162 188 36 Fauligkeit.

203 1220 47 33 Ja,
275 1220 80 27 aber
380 1239 5 6 .
411 1239 5 5 .
441 1238 6 6 .
471 1218 6 26 !
522 1216 107 27 Wenn
646 1225 33 17 er
695 1216 51 25 ihr
763 1215 63 27 den
844 1213 92 28 Stuhl
953 1214 59 27 der
1025 1211 189 29 Wirtschaft
1228 1211 150 33 entzieht,

202 1268 87 28 wird
320 1268 88 27 dann
438 1266 47 28 sie
512 1266 195 30 zerbersten,
741 1265 81 26 oder
855 1262 84 27 wird
970 1263 68 26 tote
1061 1261 98 27 Form
1189 1260 191 36 geistigen

203 1318 127 28 Sitzens
358 1316 46 27 sie
430 1314 197 29 bewahren?
672 1314 97 25 Kann
792 1321 106 18 neuen
922 1311 93 27 Geist
1037 1310 57 27 mit
1117 1310 106 27 seiner
1244 1308 136 28 Lenden

204 1366 95 28 Kraft
329 1375 35 19 er
396 1369 122 31 zeugen
550 1363 81 27 oder
661 1362 75 26 muß
767 1362 106 27 seines
896 1360 148 27 Wollens
1067 1359 126 36 Wagen
1219 1359 44 26 im
1291 1357 89 28 Gleis

205 1417 84 27 eben
313 1415 175 27 derselben
511 1412 157 27 tötenden
692 1411 112 26 Macht
827 1410 116 32 enden,
969 1409 42 27 da
1032 1408 84 28 auch
1140 1416 34 19 er
1192 1407 127 28 Gewalt
1341 1408 41 26 ist

204 1465 69 28 und
283 1463 131 28 Macht?
437 1462 95 27 Wird
548 1470 35 19 er
647 1469 68 19 was
732 1459 247 28 fürchterlicher
993 1460 89 25 wäre
1146 1466 52 18 am
1213 1456 95 28 Ende
1320 1465 61 19 nur

204 1515 80 27 alles
308 1513 68 27 und
398 1512 63 28 alle
484 1512 33 26 in
539 1510 59 27 das
614 1510 74 26 Bett
711 1509 84 27 noch
812 1509 195 35 geträumter
1022 1505 342 37 Bourgeois-Herrlich-

204 1564 109 27 keiten
330 1564 129 25 stürzen
475 1559 68 28 und
560 1560 62 26 den
638 1559 127 31 letzten,
783 1557 85 28 noch
880 1557 90 27 nicht
983 1556 208 36 angefaulten
1202 1555 180 27 Menschen

205 1622 40 18 zu
270 1611 172 37 ageistiger
468 1608 227 36 Gottlosigkeit
718 1606 145 28 formen?
887 1606 98 26 Wird
1007 1606 60 26 der
1089 1604 205 32 Höllentanz,
1319 1604 64 26 den

206 1670 117 19 unsere
357 1659 88 27 Welt
477 1659 95 27 heute
606 1656 171 35 vollführt,
812 1656 53 27 die
901 1655 101 36 ewige
1036 1654 250 34 Vertauschung
1319 1662 64 17 von

205 1709 194 29 Lebensziel
421 1709 69 26 und
511 1706 243 32 Lebensmittel,
778 1714 75 19 vom
869 1703 264 29 Zerstörerfeuer
1155 1703 58 27 des
1230 1702 134 27 Bolsche-

206 1761 135 26 wismus
354 1759 33 26 in
400 1757 105 28 sanfte
516 1756 197 27 Prozession
724 1754 176 28 himmelan
912 1752 186 37 gewandelt
1110 1750 155 28 werden?
1289 1750 94 26 Wird

208 1810 54 26 die
285 1806 213 30 entsetzliche
520 1805 192 35 Lästerung,
737 1804 63 26 daß
825 1804 59 26 der
908 1801 136 29 Mensch
1066 1801 53 26 für
1141 1801 64 26 den
1229 1799 90 28 Staat
1342 1799 42 27 da

208 1858 56 32 sei,
300 1857 70 27 sein
392 1855 153 28 Material
579 1855 66 26 und
677 1854 60 26 das
771 1860 88 19 arme
885 1850 100 36 Opfer
1018 1850 107 27 seiner
1150 1848 234 37 geheuchelten

210 1905 258 36 Gotthaftigkeit,
499 1903 82 27 wird
611 1902 90 28 diese
723 1901 178 35 Lästerung
927 1900 58 26 mit
1012 1899 74 27 dem
1108 1898 276 27 Bolschewismus

209 1956 54 28 ein
278 1954 94 28 Ende
396 1954 112 26 finden
531 1952 80 28 oder
633 1951 85 27 wird
738 1950 47 28 sie
801 1959 39 18 zu
855 1949 86 28 noch
956 1947 270 28 fratzenhafterer
1243 1946 122 29 Scheuß-

208 2004 134 28 lichkeit
374 1997 292 41 emporwachsen?
710 1999 95 28 Wird
839 1999 59 28 der
921 1998 137 28 Mensch
1088 1997 113 28 weiter
1230 2005 59 18 vor
1312 1996 73 26 dem

209 2053 160 28 Raubtier
393 2052 90 27 Staat
510 2051 117 27 knieen
654 2052 133 25 müssen
810 2049 68 27 und
901 2048 169 27 Hosianna
1099 2047 159 32 schreien,
1291 2055 94 17 wenn

209 2112 35 19 es
267 2103 114 36 geruht
403 2102 56 27 ihn
480 2102 49 26 als
545 2099 178 28 Nachtisch
746 2107 39 18 zu
808 2097 212 36 verspeisen?
1065 2095 95 27 Wird
1177 2116 30 7 ..
1225 2115 5 7 .
1247 2095 14 26 ?
1305 2094 80 33 Ach,
