1601 2540
1385 2213 40 30 15

184 233 219 37 menschliche
426 229 93 29 Staat
540 226 77 28 kein
639 223 180 36 Heiligtum
847 221 80 28 sein.
973 219 108 28 Wenn
1107 217 76 37 jede
1209 215 169 35 Ordnung,

185 289 73 30 weil
289 285 47 28 sie
360 280 133 30 Gewalt
526 278 57 32 ist,
616 275 83 28 böse
726 273 43 28 ist
854 271 81 28 alles
960 268 163 29 Offizielle
1150 266 43 28 ist
1216 263 165 30 Schmach

186 338 66 31 und
289 334 54 28 die
373 327 198 31 Bürokratie
609 325 57 28 hat
701 323 60 28 der
788 320 119 30 Teufel
940 320 33 28 in
1011 318 108 29 seiner
1152 314 228 30 teuflischsten

188 386 123 32 Stunde
335 380 163 31 erfunden
514 393 48 17 —,
581 376 89 27 dann
693 374 88 27 kann
804 372 74 28 eine
896 370 169 35 Ordnung,
1090 366 127 29 welche
1235 365 54 27 die
1300 363 63 27 Ver-

188 434 204 42 gewaltigten
424 429 88 28 noch
545 424 184 30 obendrein
764 421 148 33 auffrißt,
947 419 91 28 nicht
1061 418 94 28 Altar
1188 416 60 27 des
1274 414 110 28 Guten

191 488 78 29 sein.
314 483 67 27 Der
403 476 281 31 Bolschewismus
715 473 82 28 aber
823 472 42 27 ist
896 471 60 27 das
990 468 106 36 einzig
1128 465 136 29 weithin
1288 463 81 28 sicht-

190 540 79 25 bare
292 530 147 35 Prinzip,
473 528 61 27 das
557 524 231 35 Vernichtung
823 522 108 28 dieser
963 518 190 38 quälenden
1175 513 211 30 Paradoxien

191 582 192 39 verspricht.

278 631 89 31 „Wir
390 626 151 34 wollen“,
566 627 72 35 sagt
653 623 106 29 Lenin
782 621 129 32 einmal,
939 628 56 26 „zu
1016 618 91 28 einer
1123 616 160 35 Ordnung
1303 614 85 26 ohne

196 680 254 35 Gänsefüßchen
472 674 182 31 kommen“.
699 674 61 27 Die
778 671 159 36 Ordnung
960 670 60 27 mit
1037 665 267 32 Gänsefüßchen,
1328 663 60 28 das

195 737 42 28 ist
266 733 53 29 die
347 728 199 30 moralische
569 725 286 33 Verkümmerung
883 721 60 27 des
966 720 123 27 halben
1112 716 125 28 Volkes
1324 721 68 18 wer

197 784 83 30 wird
308 791 35 18 es
365 785 116 31 wagen
503 778 145 31 können,
680 772 187 39 angesichts
891 771 59 27 des
973 767 224 30 unendlichen
1220 763 170 32 Himmels,

199 836 52 27 die
286 832 185 33 Lästerung
515 825 231 30 auszustoßen:
788 822 90 28 nicht
915 820 54 28 die
1011 815 195 39 „Ordnung“
1248 814 47 28 sei
1335 814 59 26 der

200 884 177 29 Schlamm,
410 879 60 28 der
501 877 60 28 das
588 875 98 28 halbe
710 873 88 28 Volk
824 871 58 28 mit
904 870 138 28 Bosheit
1065 866 174 37 bespritzt,
1275 863 48 28 sie
1347 863 47 27 sei

200 932 167 31 schuldlos
400 938 42 19 an
476 928 60 27 der
569 925 172 29 ethischen
771 922 235 35 Verfratzung,
1045 918 54 28 die
1133 925 66 19 von
1233 915 65 27 den
1333 912 42 27 Ge-

201 984 145 29 sichtern
367 975 157 33 blendet?
610 976 61 27 das
692 974 42 28 ist
751 973 55 28 die
821 969 229 31 Inthronation
1070 968 60 28 des
1147 965 248 37 Vorgesetzten,

202 1035 58 27 des
284 1030 194 31 Menschen,
512 1028 59 27 der
593 1025 71 29 sich
687 1025 49 28 als
759 1031 144 20 unseren
926 1021 109 27 Herrn
1059 1016 155 38 aufspielt
1235 1014 70 28 und
1328 1012 70 28 sich

202 1082 90 30 frech
325 1079 166 29 zwischen
518 1085 61 20 uns
609 1075 70 28 und
703 1074 54 27 die
781 1073 148 27 anderen
952 1070 102 33 stellt;
1089 1068 61 28 das
1173 1066 43 28 ist
1239 1065 54 27 die
1316 1063 63 28 Aus-

204 1134 142 33 beutung
385 1130 59 27 des
479 1126 182 29 Menschen
698 1123 105 28 durch
840 1122 66 28 den
943 1118 184 30 Menschen
1213 1114 64 28 wie
1312 1113 88 28 kann

204 1181 133 39 jemand
365 1180 59 27 das
449 1176 241 37 Spinngewebe
714 1173 60 28 der
796 1171 220 35 Behauptung
1039 1176 40 19 zu
1102 1174 151 29 spannen
1275 1168 124 31 wagen,

207 1233 52 28 die
275 1228 183 30 Menschen
481 1226 91 28 seien
591 1224 70 33 frei,
686 1223 134 35 solange
841 1218 170 38 Saugnapf
1030 1218 61 27 der
1107 1216 219 33 Ausbeutung
1347 1211 55 29 auf

207 1283 49 27 ihr
279 1280 86 28 Hirn
392 1275 165 40 gepfropft
583 1275 56 28 ist;
673 1272 146 28 Freiheit
841 1271 44 27 ist
907 1268 191 37 Apotheose
1121 1266 60 28 der
1204 1262 198 32 Gleichheit,

209 1332 89 28 nicht
325 1327 192 38 umgekehrt
541 1340 47 19 —,
614 1324 54 28 die
692 1322 161 35 Ordnung
882 1319 61 27 mit
966 1315 272 33 Gänsefüßchen,
1277 1313 61 28 das
1362 1312 43 27 ist

211 1381 101 36 Krieg
345 1383 102 33 gegen
478 1376 65 28 den
571 1373 193 32 Menschen,
800 1371 61 27 das
894 1369 42 28 ist
967 1369 61 27 der
1049 1365 257 29 Nationalismus
1338 1362 68 28 und

209 1432 91 36 jener
323 1425 360 32 Internationalismus,
708 1423 60 27 der
794 1428 80 28 „nur
897 1419 98 32 dann,
1019 1425 98 19 wenn
1140 1416 60 27 das
1223 1412 185 30 Vaterland

211 1482 33 27 in
268 1479 125 29 Gefahr
426 1475 60 30 ist“
520 1475 72 28 sich
623 1473 104 28 selbst
754 1471 102 28 außer
879 1468 165 28 Funktion
1068 1467 94 31 setzt,
1197 1465 61 26 das
1281 1463 44 28 ist
1348 1462 60 27 der

213 1529 151 33 Mensch,
400 1527 60 28 der
493 1534 55 19 um
582 1523 91 29 seine
700 1520 198 32 Schwäche,
933 1517 114 28 seinen
1074 1516 121 36 Magen
1221 1513 70 28 und
1319 1511 90 29 seine

213 1581 104 27 Börse
348 1578 66 28 den
445 1576 127 28 Götzen
599 1571 188 29 Vaterland
820 1569 140 31 mauert,
995 1567 60 27 das
1089 1566 43 27 ist
1166 1564 59 28 der
1252 1562 159 28 Hammer

215 1628 168 30 Verstand
406 1627 33 27 in
462 1626 87 28 allen
572 1623 136 36 Dingen.
753 1621 67 27 Der
842 1618 139 28 Mensch
1004 1621 92 32 wage
1119 1623 35 19 es
1178 1613 134 33 einmal,
1341 1611 71 28 sich

216 1680 73 28 steil
313 1677 57 30 auf
387 1677 70 28 sein
470 1675 87 28 Herz
574 1682 37 19 zu
631 1672 126 31 stellen,
782 1678 35 19 er
832 1674 92 31 wage
940 1676 45 24 es,
1009 1675 36 19 er
1061 1665 104 28 selbst
1181 1673 39 18 zu
1237 1662 79 29 sein.
1345 1661 68 27 Das

217 1730 42 27 ist
292 1726 280 30 Bolschewismus
611 1721 100 36 (nicht
745 1720 60 27 der
838 1717 281 28 Bolschewismus
1154 1714 59 27 der
1247 1710 168 37 stumpfen

219 1776 183 35 Parteiler),
441 1776 62 27 das
541 1774 44 27 ist
623 1773 59 27 der
718 1768 281 30 Bolschewismus
1035 1766 59 27 des
1129 1763 185 32 einfachen,
1355 1760 60 28 des

220 1828 174 37 gläubigen
421 1823 192 30 russischen
640 1820 131 28 Volkes.
815 1818 68 27 Der
907 1815 138 29 Mensch
1071 1819 91 31 wage
1187 1821 48 23 es,
1267 1811 71 28 sich
1361 1809 55 28 auf

222 1879 70 27 sein
314 1877 89 28 Herz
436 1884 41 18 zu
506 1872 131 33 stellen;
672 1871 89 27 dann
788 1867 85 27 wird
905 1874 59 19 aus
992 1865 102 28 allen
1117 1862 130 28 Herzen
1274 1867 143 20 warmer

223 1927 120 37 Dampf
367 1927 60 27 der
441 1924 104 28 Liebe
568 1922 133 36 steigen,
726 1920 89 27 dann
837 1917 87 27 wird
945 1916 59 27 der
1025 1912 198 38 peinigende
1239 1911 95 32 Herr,
1359 1910 60 27 der

224 1978 82 27 über
337 1985 61 19 uns
426 1974 122 38 gesetzt
574 1973 44 27 ist
640 1980 66 19 von
729 1969 61 28 der
814 1965 174 33 Dämonie,
1021 1963 215 36 zerspringen
1259 1961 69 27 und
1351 1967 51 20 zer-

225 2028 124 27 nichtet
372 2025 84 33 sein,
482 2024 89 27 dann
594 2021 135 28 werden
752 2019 63 28 alle
839 2016 108 38 gleich
971 2015 108 37 gelten
1101 2013 69 28 und
1194 2013 85 27 eben
1303 2010 117 27 darum

226 2077 86 27 wird
334 2085 77 18 man
434 2075 54 28 die
512 2070 242 31 Unterschiede
778 2068 44 28 im
846 2067 113 28 Geiste
982 2065 110 33 ehren,
1117 2064 89 27 dann
1228 2060 138 28 werden
1388 2058 34 28 in

228 2127 60 27 das
317 2126 80 28 freie
424 2121 278 32 herrschaftslose
727 2118 105 29 Reich
920 2115 78 35 „wir
1020 2114 169 36 verfolgen
1211 2112 49 27 als
1283 2108 140 30 Endziel

229 2176 53 27 die
306 2175 210 36 Beseitigung
550 2172 59 28 des
633 2169 142 32 Staates,
805 2168 30 27 d.
860 2167 41 32 h.,
933 2165 92 29 einer
1053 2164 101 37 jeden
1185 2159 239 39 organisierten
