2717 3954
630 244 1568 99 TECHNOLOGIE

252 3701 142 92 146

155 566 50 25 sa
230 558 102 42 part
358 546 140 43 d'une
522 543 200 45 hostilité
745 552 160 34 contre
930 541 41 42 le
997 541 333 51 système,mais

157 611 59 41 de
258 606 349 53 l'impossibilité
652 608 60 39 où
753 604 29 43 il
824 604 150 41 s'était
1016 604 163 40 trouvé
1220 600 110 43 d'en

155 672 181 41 obtenir
359 687 89 25 une
470 668 103 52 plus
595 666 125 52 large
743 668 238 39 extension
1006 665 164 49 auprès
1195 662 59 44 de
1278 679 52 24 ce

153 732 184 43 conseil.
369 731 31 43 Il
428 731 232 41 observait
689 726 200 44 d'abord
917 743 89 35 que
1031 724 93 44 l'un
1153 723 82 43 des
1261 739 46 26 re-

154 794 195 52 proches
382 792 208 43 adressés
623 807 57 26 au
713 788 190 44 conduit
936 789 203 49 unitaire,
1176 787 154 40 savoir

153 856 42 42 le
225 856 175 50 danger
428 852 219 44 résultant
675 851 59 43 de
762 850 44 42 la
834 859 186 42 rupture
1049 847 62 44 du
1139 846 190 43 conduit

152 927 57 38 et,
237 934 84 35 par
343 919 125 43 suite,
499 915 59 44 de
581 913 304 43 l'infiltration
910 910 82 43 des
1014 926 85 36 gaz
1124 909 116 43 dans
1265 908 64 42 les

153 987 345 44 appartements
534 986 66 32 est
636 992 167 27 encore
837 973 102 52 plus
973 974 160 40 mérité
1167 985 84 37 par
1287 970 42 41 le

151 1040 190 44 conduit
372 1037 254 45 individuel
665 1054 10 25 :
710 1046 100 33 tout
842 1035 40 42 le
915 1033 175 44 monde
1121 1035 85 40 sait
1239 1048 89 34 que

150 1121 51 26 ce
227 1102 181 43 dernier
432 1118 27 25 a
482 1100 107 43 bien
613 1106 231 35 rarement
868 1095 291 44 l'étanchéité
1185 1093 120 52 régle-

150 1167 222 40 mentaire
396 1166 88 39 soit
508 1178 88 35 que
619 1160 66 42 les
708 1162 201 50 poteries
931 1175 49 25 se
1005 1156 206 48 fendent,
1239 1157 88 40 soit

151 1243 87 35 que
277 1225 63 43 les
376 1228 140 49 joints
554 1240 57 25 ne
647 1226 150 39 soient
833 1237 84 35 pas
953 1219 223 44 effectués
1213 1233 115 27 avec

150 1299 99 32 tout
272 1288 41 45 le
335 1290 100 39 soin
458 1285 154 43 voulu.
639 1284 64 43 Le
724 1282 191 44 conduit
938 1284 191 40 unitaire
1154 1279 121 44 offre
1301 1282 27 39 à

148 1360 72 33 cet
261 1348 143 54 égard
446 1365 88 25 une
575 1348 192 40 sécurité
809 1344 101 52 plus
953 1342 187 53 grande,
1188 1357 138 35 parce

148 1412 108 52 qu'il
303 1420 242 42 comporte
590 1425 90 26 une
726 1406 173 44 double
945 1408 134 50 gaine
1124 1413 45 33 et
1216 1419 60 35 qu
1296 1402 29 42 il

148 1477 130 49 exige
306 1473 115 42 dans
448 1489 50 25 sa
525 1473 310 41 construction
863 1485 61 26 un
951 1470 100 40 soin
1077 1465 62 46 tel
1167 1482 89 35 que
1284 1464 42 43 le

147 1536 176 52 danger
365 1534 59 44 de
466 1533 235 51 malfaçon
744 1540 69 35 est
854 1531 165 42 écarté.
1067 1527 158 52 Quant
1268 1543 58 26 au

147 1598 176 51 danger
346 1597 59 42 de
428 1595 308 44 refoulement
759 1593 83 42 des
863 1608 96 36 gaz,
987 1608 120 36 pour
1129 1592 196 40 certains

146 1660 82 43 des
263 1660 154 50 foyers
453 1658 238 50 desservis,
729 1654 30 45 il
793 1664 68 34 est
894 1654 237 51 supprimé
1164 1668 84 35 par
1282 1650 42 43 le

145 1721 229 52 dispositif
402 1721 59 45 de
486 1718 273 44 ventilation
784 1715 180 44 installé
990 1719 27 39 à
1042 1714 193 43 l'orifice
1263 1713 61 42 du

143 1783 202 48 conduit,
377 1781 230 53 dispositif
634 1783 76 49 qui
737 1779 257 43 détermine
1021 1793 90 27 une
1138 1775 163 44 circula-

144 1849 96 40 tion
263 1853 314 44 permanente,
607 1842 212 43 d'autant
840 1840 103 53 plus
964 1843 179 40 intense
1167 1855 89 34 que
1281 1837 44 42 la

142 1908 199 43 colonne
374 1907 326 42 d'évacuation
733 1914 67 33 est
832 1905 162 50 portée
1028 1905 27 39 à
1086 1918 89 27 une
1208 1910 85 33 tem-

142 1970 213 53 pérature
394 1968 102 52 plus
534 1967 159 44 élevée
732 1983 57 25 en
830 1968 151 39 raison
1023 1963 62 43 du
1125 1961 197 45 nombre

141 2032 83 44 des
252 2032 154 51 foyers
433 2030 191 43 allumés
658 2046 10 25 :
696 2028 29 43 il
753 2045 58 27 en
839 2026 165 43 résulte
1032 2042 89 35 que
1147 2042 52 26 ce
1227 2041 71 35 sys-

141 2098 122 39 tème
299 2096 214 49 présente
552 2109 57 26 au
646 2093 238 45 contraire,
928 2106 75 25 sur
1040 2088 42 45 le
1119 2088 202 51 système

141 2156 160 48 actuel,
339 2156 264 50 l'avantage
639 2153 141 44 d'une
814 2150 273 45 ventilation
1124 2149 82 43 des
1241 2166 54 34 ap-

140 2228 285 43 partements
482 2216 107 44 bien
648 2215 102 53 plus
809 2216 249 50 énergique
1116 2222 45 33 et
1220 2211 102 52 plus

141 2283 193 41 assurée.

211 2368 63 42 Le
323 2366 190 43 conduit
562 2367 205 44 unitaire,
823 2380 89 26 aux
960 2371 253 42 avantages
1263 2360 61 43 de

140 2430 243 52 l'hygiène,
412 2431 119 50 joint
555 2426 115 44 celui
696 2426 141 44 d'une
863 2423 191 46 notable
1080 2426 242 41 économie

141 2492 117 43 dans
290 2491 44 44 la
366 2493 324 44 construction,
727 2490 244 41 économie
1005 2503 89 35 que
1127 2488 195 40 certains

141 2554 217 43 évaluent
390 2556 26 40 à
450 2552 58 44 25
546 2551 96 53 0/0
677 2568 89 35 que
798 2550 64 44 les
895 2550 286 42 adversaires
1214 2564 81 26 eux-

141 2621 176 39 mêmes
352 2633 58 27 ne
444 2614 217 44 chiffrent
694 2629 85 37 pas
814 2616 26 39 à
873 2615 152 40 moins
1060 2611 59 46 de
1158 2610 23 44 5
1223 2610 96 53 0/0

142 2679 212 42 d'autant
385 2677 102 53 plus
520 2676 159 43 élevée
712 2692 57 28 en
802 2684 101 35 tout
936 2691 75 26 cas
1046 2672 108 53 qu'il
1189 2672 134 51 s'agit

141 2740 326 44 d'immeubles
491 2739 101 53 plus
614 2742 278 49 importants
915 2747 44 33 et
983 2739 61 40 où
1067 2736 41 42 le
1131 2735 193 43 conduit

141 2807 170 49 unique
345 2803 175 43 dessert
552 2819 61 25 un
646 2801 102 52 plus
781 2799 147 53 grand
961 2798 198 45 nombre
1192 2797 106 53 d'ap-

141 2875 285 43 partements
457 2875 45 35 et
531 2864 232 52 remplace
793 2881 61 24 un
882 2862 103 52 plus
1014 2861 148 53 grand
1192 2878 99 26 nom-

139 2929 84 45 bre
252 2928 60 45 de
341 2927 212 43 conduits
583 2926 266 44 ordinaires.
881 2924 87 44 Cet
998 2934 230 42 avantage
1258 2932 68 33 est

141 2991 318 43 évidemment
494 2989 60 44 de
588 2989 139 52 poids
762 2987 157 53 quand
954 2987 29 43 il
1018 2987 134 52 s'agit
1187 2985 59 44 de
1281 2985 45 43 la

139 3056 314 41 construction
514 3050 326 45 d'immeubles
898 3053 27 40 à
982 3050 97 43 bon
1137 3048 187 44 marché

141 3119 222 48 entrepris
392 3132 83 34 par
504 3132 89 25 une
624 3113 370 44 administration
1023 3111 235 53 publique.
1294 3111 30 42 Il

140 3178 98 44 faut
265 3182 182 48 ajouter
474 3194 88 35 que
590 3177 334 43 l'architecture
952 3175 61 44 de
1039 3173 285 45 l'immeuble

139 3259 30 33 y
192 3259 149 34 gagne
365 3257 114 26 avec
503 3239 64 44 les
591 3239 192 43 facilités
808 3238 410 54 d'aménagement
1242 3237 82 42 des

139 3303 178 43 locaux.

211 3377 62 43 M.
305 3377 144 43 Henri
477 3376 158 44 Sellier
665 3376 235 43 observait
927 3393 88 35 que
1044 3394 52 25 ce
1124 3378 201 49 système

141 3457 27 26 a
201 3440 156 43 donné
390 3439 110 53 déjà
532 3439 301 44 d'excellents
866 3438 211 44 résultats
1108 3438 117 44 dans
1258 3438 44 43 di-

141 3519 155 26 verses
344 3502 130 45 villes
524 3502 59 44 de
633 3502 174 43 France
856 3512 45 34 et
951 3501 59 44 de
1061 3501 258 52 l'étranger,

1406 546 292 33 notamment
1718 539 28 39 à
1768 535 206 48 Genève,
2003 538 60 40 où
2084 536 42 43 le
2149 538 148 42 Palais
2320 538 62 43 du
2406 538 177 43 Bureau

1404 597 324 45 international
1763 597 62 41 du
1858 597 198 48 Travail,
2095 598 142 51 qu'on
2272 609 67 33 est
2371 617 58 26 en
2464 600 116 41 train

1404 661 59 44 de
1492 663 262 44 construire,
1787 671 47 33 et
1861 661 76 49 qui
1967 658 100 43 doit
2094 663 286 49 représenter
2409 661 42 43 le
2479 659 77 43 der-

1402 725 97 40 nier
1519 731 99 33 mot
1640 720 59 45 de
1719 720 231 52 l'hygiène
1972 729 46 33 et
2039 720 63 42 du
2121 725 203 50 progrès,
2351 732 68 33 est
2439 720 141 44 édifié

1404 801 113 25 avec
1550 783 40 43 le
1625 782 190 44 conduit
1847 785 206 39 unitaire.
2093 798 24 27 «
2154 783 75 43 On
2263 802 59 26 ne
2354 795 111 41 peut
2497 799 83 35 pas

1401 848 203 40 soutenir
1633 861 88 35 que
1750 844 65 42 les
1844 843 268 43 architectes
2142 844 60 46 de
2230 846 246 51 l'étranger
2505 845 76 50 qui

1404 918 105 32 sont
1543 907 243 51 beaucoup
1821 905 103 52 plus
1957 921 90 35 que
2081 905 64 43 les
2180 911 156 39 nôtres
2370 911 27 39 à
2429 905 154 44 l'affût

1404 970 82 43 des
1515 972 224 49 systèmes
1771 967 58 46 de
1859 967 452 52 perfectionnement
2340 969 83 43 des
2451 983 105 28 cons-

1407 1035 221 39 tructions
1653 1040 45 34 et
1724 1033 76 49 qui
1827 1039 82 33 ont
1935 1029 81 43 des
2043 1032 385 50 préoccupations
2455 1029 106 51 d'hy-

1408 1096 132 49 giène
1570 1110 88 34 que
1688 1110 86 25 nos
1803 1091 278 44 techniciens
2111 1101 46 33 et
2185 1109 85 25 nos
2300 1092 261 44 administra-

1406 1159 121 39 tions
1555 1158 214 48 ignorent
1797 1164 105 41 trop
1931 1162 209 38 souvent,
2175 1154 231 43 sacrifient
2434 1170 75 25 sur
2536 1168 52 26 ce

1408 1221 132 48 point
1575 1216 65 43 les
1675 1218 187 41 intérêts
1899 1214 118 44 dont
2051 1214 53 43 ils
2141 1225 81 33 ont
2258 1216 44 42 la
2336 1216 180 51 charge.
2560 1230 23 26 »

1408 1279 127 43 Nous
1569 1279 149 42 allons
1751 1280 102 40 voir
1887 1294 58 25 au
1978 1280 229 42 contraire
2241 1278 138 52 qu'en
2415 1277 173 43 France

1407 1358 184 26 comme
1628 1343 27 40 à
1691 1340 258 51 l'étranger,
1989 1355 53 26 ce
2077 1349 107 32 sont
2220 1340 65 42 les
2320 1340 267 43 architectes

1402 1407 75 48 qui
1512 1405 294 50 préconisent
1841 1400 264 53 l'adoption
2142 1400 62 44 du
2238 1418 215 27 nouveau
2488 1417 71 35 sys-

1398 1468 135 46 tème,
1562 1474 46 34 et
1630 1463 133 53 qu'ils
1787 1474 106 33 sont
1916 1465 171 41 arrêtés
2111 1462 117 45 dans
2251 1463 45 44 la
2317 1464 262 43 réalisation

1406 1527 60 46 de
1496 1544 52 25 ce
1578 1529 192 50 progrès
1800 1543 84 35 par
1914 1525 66 43 les
2010 1527 203 41 routines
2244 1525 60 43 de
2335 1525 226 44 l'adminis-

1404 1593 183 39 tration.

1475 1686 23 27 «
1538 1669 127 43 Nous
1699 1685 216 30 sommes,
1954 1667 216 52 paraît-il,
2210 1685 60 26 un
2304 1668 170 53 peuple
2510 1668 76 51 qui

1404 1743 68 32 est
1505 1735 26 40 à
1564 1730 343 52 l'avant-garde
1941 1729 63 44 du
2036 1733 205 49 progrès,
2278 1734 76 48 qui
2387 1740 68 33 est
2486 1739 75 33 tou-

1401 1799 128 47 jours
1554 1797 103 49 prêt
1682 1797 28 39 à
1736 1793 231 42 admettre
1994 1791 65 43 les
2084 1792 127 43 idées
2238 1792 251 47 nouvelles,
2521 1790 66 43 les

1400 1860 246 40 initiatives
1673 1854 300 53 susceptibles
2002 1854 60 45 de
2088 1854 218 43 modifier
2333 1854 65 43 les
2427 1853 133 43 condi-

1402 1922 120 40 tions
1562 1919 304 47 d'existence;
1905 1917 70 43 s'il
2015 1926 68 33 est
2123 1933 88 26 une
2249 1917 222 43 industrie
2510 1917 75 50 qui

1401 1982 210 52 échappe
1640 1983 27 40 à
1693 1998 52 28 ce
1772 1983 252 50 jugement,
2056 1978 113 46 c'est
2195 1978 109 45 bien
2331 1978 256 44 l'industrie

1402 2044 62 43 du
1496 2044 242 43 bâtiment.
1773 2042 76 43 On
1881 2044 223 41 construit
2135 2058 181 32 encore,
2354 2044 26 40 à
2412 2040 175 44 l'heure

1402 2105 206 49 actuelle,
1653 2123 57 27 en
1750 2104 186 48 France,
1981 2121 186 28 comme
2206 2103 210 44 Mansart
2455 2119 105 26 cons-

1401 2172 175 40 truisait
1602 2185 107 26 sous
1736 2168 138 43 Louis
1902 2166 113 43 XIV
2043 2183 114 26 avec
2185 2166 64 43 les
2276 2169 177 40 mêmes
2479 2181 81 35 pro-

1401 2232 138 42 cédés
1566 2230 279 53 techniques,
1879 2246 115 26 avec
2020 2229 65 43 les
2112 2232 178 40 mêmes
2318 2236 264 38 errements,

1401 2312 114 25 avec
1537 2294 65 42 les
1623 2296 177 40 mêmes
1823 2295 216 44 routines,
2067 2301 45 37 et
2133 2290 29 45 il
2185 2300 69 33 est
2276 2300 198 33 navrant
2497 2306 89 34 que

1396 2375 51 24 ce
1475 2360 88 40 soit
1590 2355 438 48 l'Administration,
2062 2356 76 49 qui
2167 2352 180 44 devrait
2377 2352 113 44 faire
2518 2351 64 43 les

1396 2420 102 51 plus
1536 2418 171 53 grands
1743 2417 166 45 efforts
1945 2433 118 36 pour
2101 2425 221 43 apporter
2357 2432 90 26 une
2483 2430 66 27 mo-

1401 2482 283 42 dernisation
1713 2481 117 43 dans
1858 2479 65 44 les
1950 2481 303 49 conceptions
2281 2476 306 45 industrielles

1401 2544 62 43 du
1489 2544 240 47 bâtiment,
1762 2560 89 35 que
1877 2560 52 25 ce
1955 2545 89 40 soit
2070 2541 100 48 elle,
2202 2540 150 52 dis-je,
2383 2542 89 50 qui,
2502 2555 85 35 par

1397 2607 82 43 des
1509 2606 278 54 règlements
1816 2606 234 47 surannés,
2083 2603 137 44 basés
2248 2620 75 26 sur
2351 2620 62 26 un
2442 2603 142 50 esprit

1399 2670 60 46 de
1499 2672 180 40 routine
1718 2677 45 34 et
1801 2684 90 27 une
1931 2683 115 37 peur
2086 2666 84 43 des
2208 2664 377 54 responsabilités

1400 2735 296 49 inquiétante,
1744 2730 214 53 paralyse
2001 2739 130 35 toute
2175 2731 275 41 innovation
2491 2742 72 27 sus-

1399 2794 202 53 ceptible
1642 2793 236 44 d'obtenir
1917 2796 27 40 à
1982 2791 266 44 conditions
2286 2791 300 52 hygiéniques

1397 2857 317 52 équivalentes
1745 2856 82 42 des
1857 2858 102 50 prix
1990 2855 60 43 de
2079 2857 179 40 revient
2286 2852 103 53 plus
2419 2851 165 44 faibles

1397 2931 45 33 et
1470 2937 84 34 par
1582 2922 288 48 conséquent
1900 2918 59 42 de
1989 2920 201 48 corriger
2220 2916 118 43 dans
2366 2914 84 44 des
2477 2929 81 37 pro-

1397 2986 211 49 portions
1649 2981 317 53 équivalentes
2005 2980 45 43 la
2090 2982 113 41 crise
2244 2978 63 44 du
2347 2978 238 52 logement

1400 3063 89 35 que
1521 3062 116 26 nous
1669 3045 249 43 subissons.
1958 3060 24 27 »

1466 3126 127 44 C'est
1620 3126 108 43 bien
1759 3134 134 36 notre
1922 3126 201 51 système
2152 3121 327 45 administratif
2509 3123 77 50 qui

1398 3202 67 32 est
1503 3188 303 53 responsable
1844 3188 59 43 de
1941 3197 72 33 cet
2049 3189 141 50 esprit
2227 3185 59 43 de
2323 3187 179 40 routine
2539 3192 46 33 et

1399 3252 63 44 M.
1489 3252 145 43 Henri
1656 3252 159 43 Sellier
1837 3253 196 50 pouvait
2055 3252 231 48 exprimer
2308 3265 52 28 ce
2382 3246 202 44 souhait:

1401 3316 107 51 «Je
1531 3314 221 44 voudrais
1777 3331 89 35 que
1891 3330 75 26 sur
1989 3330 54 28 ce
2066 3314 168 40 terrain
2260 3319 134 34 notre
2418 3309 134 43 Admi-

1398 3381 240 40 nistration
1669 3395 57 27 ne
1756 3380 140 39 restât
1924 3392 86 36 pas
2037 3392 58 26 en
2126 3377 166 40 arrière
2322 3373 82 43 des
2434 3381 152 34 autres

1397 3441 395 43 administrations
1822 3441 334 50 européennes.
2192 3453 23 26 »
2250 3436 104 52 Que
2382 3434 203 44 s'était-il

1397 3507 136 48 passé
1566 3521 57 28 en
1656 3503 228 52 l'espèce?
1926 3502 66 43 La
2024 3502 225 51 question,
2287 3497 184 45 étudiée
2502 3497 83 43 dès
