2717 3954
2334 3767 146 94 159

922 290 684 96 ECHOS

197 580 41 34 3°
271 580 105 36 L'air
404 595 49 21 ne
479 581 85 36 doit
592 597 71 29 pas
689 585 85 34 être
803 583 137 37 souillé
969 600 73 30 par
1067 587 69 35 des
1165 591 133 34 émana-

138 644 104 33 tions
272 645 180 39 nocives;

197 705 41 34 4°
270 704 106 36 L'air
404 720 49 20 ne
482 705 82 36 doit
591 720 72 30 pas
694 710 182 35 contenir
903 709 68 36 des
999 714 250 36 émanations
1277 714 48 36 de

138 780 154 29 vapeur
320 768 163 34 nocives
513 782 51 21 on
593 769 234 42 insalubres,
859 774 38 33 ni
926 773 47 35 de
1003 774 168 44 grandes
1200 790 101 30 quan-

140 830 92 34 tités
261 828 49 36 de
342 831 239 42 poussières.

197 891 29 35 L
240 893 254 41 importance
529 893 49 36 de
614 893 38 36 la
686 899 191 40 présence
911 896 49 37 de
997 900 197 36 microbes
1226 900 102 36 dans
1340 916 6 6 *

140 952 98 41 l'air,
284 954 159 36 déclare
485 955 53 37 M.
582 956 170 42 Palmer,
797 973 22 21 a
860 962 64 33 été
967 965 206 41 exagérée,
1218 966 110 34 étant

140 1015 133 35 donné
304 1030 77 30 que
407 1016 59 36 les
495 1019 197 38 microbes
720 1020 124 42 n'ont,
875 1037 104 30 pour
1006 1026 98 35 ainsi
1133 1025 95 44 dire,
1261 1041 45 20 au-

145 1092 103 21 cune
275 1081 252 41 importance
554 1096 51 21 au
629 1084 115 43 point
769 1083 51 36 de
842 1099 78 22 vue
947 1086 47 38 die
1019 1088 39 36 la
1082 1088 248 41 ventilation,

141 1140 92 35 sauf
256 1141 100 36 dans
383 1142 55 35 les
465 1143 195 45 hôpitaux
686 1154 38 28 et
749 1146 100 37 dans
877 1150 197 35 certaines
1101 1153 229 41 opérations

140 1202 269 37 industrielles
443 1220 8 20 :
480 1220 157 22 comme
666 1208 35 36 lia
730 1212 277 34 manutention
1033 1211 230 45 des-peaux
1293 1223 38 26 et

143 1265 207 37 fourrures
390 1269 69 42 qui
496 1278 175 34 peuvent
711 1273 183 35 contenir
931 1272 68 37 des
1039 1288 140 30 spores
1217 1275 90 37 char-

139 1327 239 41 bonneuses.

201 1390 52 39 M.
279 1391 159 36 Palmer
459 1393 163 44 indique
647 1394 150 44 quelles
821 1399 130 37 sont,à
974 1397 153 37 l'heure
1150 1399 181 42 actuelle,

138 1452 60 36 les
237 1455 228 36 conditions
501 1456 121 35 d'une
660 1457 133 36 bonne
832 1459 234 36 ventilation
1112 1476 7 20 :
1160 1461 173 37 fenêtres

143 1516 229 43 ajustables,
411 1517 196 38 radiation
644 1519 162 42 directe,
847 1521 180 36 contrôle
1063 1522 116 37 facile
1214 1524 49 35 de
1298 1524 37 35 la

143 1583 275 40 température
454 1590 51 32 et,
546 1582 60 40 s'il
645 1582 101 36 n'est
785 1598 72 29 pas
894 1584 116 36 facile
1048 1585 183 37 d'établir
1265 1587 71 36 des

140 1651 194 29 courants
365 1643 101 37 d'air
497 1660 49 21 en
576 1655 174 27 ouvrant
782 1646 56 36 les
869 1647 186 42 fenêtres,
1091 1648 244 38 installation

141 1704 51 35 de
227 1705 219 44 dispositifs
480 1710 22 32 à
538 1723 191 29 soupape.
765 1709 60 36 En
859 1724 46 21 ce
940 1714 67 41 qui
1044 1726 200 23 concerne
1279 1712 57 37 les

141 1767 134 37 écoles
305 1777 38 27 et
372 1778 135 28 autres
536 1772 246 35 institutions
812 1773 218 44 analogues
1061 1778 51 32 où
1144 1773 38 38 la
1210 1777 105 34 venti-

139 1829 127 38 lation
295 1842 58 27 est
381 1837 162 32 assurée
572 1837 364 42 mécaniquement,
965 1838 27 40 i]
1016 1839 216 42 préconise
1258 1851 78 23 une

141 1894 237 36 ventilation
420 1910 74 29 par
534 1896 169 37 dilution
745 1898 48 36 de
830 1897 101 43 l'air,
975 1899 130 45 plutôt
1145 1916 78 29 que
1263 1916 75 29 par

140 1956 282 44 déplacement
465 1959 43 44 (c
526 1959 207 37 est-à-dire
769 1975 74 29 par
879 1977 78 20 une
994 1964 344 36 renouvellement

144 2019 176 45 complet
350 2021 51 35 de
434 2022 127 44 lair).
597 2022 27 36 Il
658 2024 162 44 indique
854 2039 78 30 que
962 2024 92 38 l'air
1084 2027 84 35 doit
1202 2036 136 28 entrer

141 2096 77 30 par
252 2098 48 21 en
332 2084 113 42 haut,
481 2095 201 27 traverser
717 2086 36 36 la
786 2090 129 41 partie
950 2091 233 42 supérieure
1218 2090 47 35 de
1301 2090 37 36 la

141 2147 114 42 pièce
285 2156 38 27 et
352 2149 120 35 sortir
499 2163 49 21 en
576 2148 247 38 descendant
852 2151 35 36 le
916 2151 94 45 long
1037 2152 56 37 du
1121 2167 91 22 mur
1238 2154 80 36 inté-

144 2211 118 33 rieur.

200 2272 28 35 Il
263 2274 116 36 attire
411 2272 230 40 l'attention
677 2290 68 23 sur
778 2276 38 38 le
851 2291 175 32 manque
1061 2278 275 38 d'uniformité

142 2334 67 36 des
242 2351 160 23 normes
430 2337 52 36 de
513 2338 236 37 ventilation
782 2338 218 39 formulées
1032 2356 73 29 par
1136 2341 56 37 les
1224 2352 90 28 auto-

143 2399 92 34 rités
259 2399 213 44 publiques
496 2409 37 27 et
556 2401 198 37 demande
778 2402 38 36 la
837 2406 260 42 suppression
1117 2405 71 36 des
1213 2405 103 45 régle-

142 2464 243 34 mentations
415 2471 37 27 et
482 2472 134 28 autres
648 2467 247 35 restrictions
927 2467 82 37 afin
1038 2467 49 37 de
1117 2478 221 36 permettre

141 2524 23 35 d
183 2524 214 45 appliquer
424 2526 35 36 le
488 2526 173 45 procédé
691 2528 242 45 sucseptible
960 2530 50 36 de
1037 2531 169 41 donner,
1237 2532 101 36 dans

142 2587 157 44 chaque
327 2603 65 21 cas
413 2590 248 44 particulier,
689 2592 34 35 le
749 2592 183 37 meilleur
957 2593 165 37 résultat
1147 2609 52 22 au
1223 2597 114 42 point

139 2650 53 35 de
222 2666 75 22 vue
327 2652 55 36 du
414 2653 171 41 conifort,
619 2654 47 37 de
698 2654 201 45 l'hygiène
931 2667 38 25 et
999 2657 55 36 du
1087 2657 248 38 rendement.

140 2712 165 38 Pourvu
329 2729 79 30 que
432 2716 10 35 I
461 2730 49 22 on
539 2716 159 45 dispose
720 2717 51 37 de
799 2718 50 36 30
877 2719 113 45 pieds
1016 2720 195 46 cubiques
1235 2721 103 38 d'air

138 2791 82 29 pur
251 2792 74 29 par
357 2793 200 29 personne
589 2789 38 27 et
661 2795 78 30 que
770 2781 176 45 l'espace
980 2785 77 35 soit
1089 2784 189 37 suffisant
1310 2785 28 38 il

141 2850 60 26 est
230 2841 285 44 parfaitement
543 2843 185 44 possible,
759 2844 114 42 dit-il,
903 2846 101 38 dans
1032 2846 49 37 de
1110 2848 227 37 nombreux

140 2911 118 36 types
295 2904 50 37 de
382 2904 228 44 bâtiments,
651 2907 48 35 de
738 2907 100 37 faire
879 2909 171 37 circuler
1087 2914 23 32 à
1149 2925 186 24 nouveau

143 2966 89 37 l'air
262 2968 91 44 déjà
385 2969 141 46 utilisé,
560 2984 46 21 ce
637 2973 68 42 qui
738 2973 181 35 éviterait
952 2987 52 21 un
1037 2973 219 46 gaspillage
1286 2975 50 37 de

144 3030 275 39 combustible.
458 3031 63 37 Du
558 3043 178 26 moment
774 3048 78 30 que
891 3034 38 37 la
964 3040 277 40 température
1277 3047 59 27 est

139 3093 221 37 inférieure
397 3098 23 32 à
462 3095 66 36 70°
566 3095 252 43 Fahrenheit,
858 3107 132 28 toutes
1025 3099 58 37 les
1122 3099 128 45 réglées
1285 3101 50 36 de

142 3155 201 46 l'hygiène
367 3168 91 26 sont
479 3158 213 37 satisfaites
715 3168 37 28 et
773 3160 27 37 il
823 3170 70 31 est,
920 3176 49 22 en
994 3164 173 43 général,
1194 3164 140 37 inutile

140 3219 275 46 d'imprégner
440 3220 284 47 l'atmosphère
750 3223 249 37 d'humidité.

197 3283 54 37 M.
284 3284 160 36 Palmer
472 3284 181 46 souligne
685 3301 77 29 que
793 3287 37 36 la
860 3288 235 37 ventilation
1128 3299 58 26 est
1218 3290 92 36 deve-

141 3361 79 21 nue
248 3362 53 21 un
331 3347 156 37 facteur
513 3349 50 35 de
586 3351 178 43 premier
792 3349 117 37 ordre
935 3351 99 36 dans
1062 3351 38 37 la
1127 3361 182 28 construc-

141 3412 84 33 tion
251 3420 37 27 et
313 3411 173 36 attribue
512 3427 76 21 une
614 3413 150 45 grande
788 3416 128 41 partie
940 3414 69 36 des
1032 3429 69 21 cas
1125 3415 48 37 de
1199 3415 112 38 tuber-

139 3472 138 36 culose
308 3478 233 33 rencontrés
567 3490 49 22 en
646 3475 161 43 France,
836 3480 23 33 à
887 3492 77 22 une
992 3480 180 35 aération
1199 3478 111 36 défec-

139 3544 154 33 tueuse.

148 3598 45 45 («
220 3600 199 37 Bâtiment
447 3610 38 28 et
511 3601 187 37 Travaux
726 3602 153 45 publics
908 3615 34 30 »,
974 3604 51 36 30
1054 3619 92 21 nov.
1185 3605 140 43 1922.)

1467 588 179 37 TUILES
1677 589 338 46 MECANIQUES
2053 592 162 45 (NOTE
2244 595 214 38 ETABLIE
2489 597 104 38 PAR

1411 651 68 36 LA
1532 651 323 37 COMMISSION
1907 654 347 39 PERMANENTE
2305 658 289 45 FRANÇAISE

1410 714 65 34 DE
1505 714 506 38 STANDARDISATION.
2123 718 56 36 La
2207 719 265 38 Commission
2502 723 92 35 s'est

1409 778 174 42 inspirée
1615 777 69 35 des
1718 777 254 38 conclusions
2003 780 190 43 adoptées
2225 796 73 29 par
2329 783 37 35 la
2397 783 168 37 Commis-

1411 841 85 33 sion
1527 839 215 45 technique
1773 841 52 34 du
1853 841 206 37 Ministère
2088 842 49 36 de
2165 843 265 38 l'Armement
2460 854 38 27 et
2523 846 72 36 des

1407 901 272 37 Fabrications
1709 903 51 36 de
1796 916 155 31 guerre.

1873 967 253 36 Dimensions

1463 1027 38 34 A
1530 1028 127 37 moins
1685 1027 49 36 de
1764 1028 253 44 stipulations
2046 1031 220 37 contraires
2293 1045 104 31 pour
2425 1031 167 45 emplois

1406 1091 202 41 spéciaux,
1639 1090 54 36 les
1723 1091 117 37 tuiles
1870 1093 258 43 mécaniques
2160 1102 134 27 seront
2324 1093 68 37 des
2425 1094 166 37 formats

1411 1153 176 35 suivants
1627 1167 8 21 :

1477 1215 41 34 13
1552 1230 52 20 au
1638 1218 124 33 mètre
1794 1220 133 38 carré;

1468 1274 51 38 22
1554 1291 50 21 au
1637 1281 147 33 mètres
1813 1283 127 32 carré.

1751 1342 236 36 Conditions
2015 1343 237 44 techniques

1467 1401 73 35 Les
1563 1402 116 37 tuiles
1703 1405 258 43 mécaniques
1982 1405 169 36 devront
2175 1406 196 37 satisfaire
2394 1421 81 22 aux
2498 1421 96 26 con;

1408 1462 143 37 ditions
1585 1467 199 34 suivantes
1825 1481 8 21 :

1474 1526 32 34 1°
1532 1526 127 37 Avoir
1686 1541 76 22 une
1788 1537 155 27 texture
1971 1529 236 45 homogène,
2239 1540 182 36 exempte
2447 1532 50 36 de
2524 1531 49 37 fis-

1409 1602 110 21 sures
1550 1598 36 26 et
1616 1590 47 34 de
1693 1590 113 44 plans
1836 1592 46 35 de
1913 1592 225 45 feuilletage
2166 1593 158 37 visibles
2354 1609 53 23 ou
2436 1594 131 37 décela-

1409 1650 84 36 bles
1521 1665 73 29 par
1622 1652 34 36 le
1688 1667 88 27 son;

1467 1712 40 35 2°
1535 1714 128 36 Avoir
1689 1714 180 36 chacune
1896 1731 76 21 une
2000 1719 122 35 teinte
2152 1719 193 43 régulière
2380 1720 87 44 (ces
2495 1735 70 21 con-

1407 1775 147 38 ditions
1592 1776 268 45 s'appliquent
1897 1778 219 38 seulement
2153 1795 77 22 aux
2266 1781 116 37 tuiles
2416 1782 49 36 de
2501 1796 66 31 pre-

1413 1839 100 35 mier
1545 1838 139 46 choix)
1700 1854 8 25 ;

1471 1901 41 35 3°
1548 1902 128 36 Avoir
1714 1917 76 21 une
1827 1902 129 36 forme
1992 1903 91 36 telle
2121 1905 162 44 qu'elles
2320 1909 126 33 soient
2485 1921 109 22 assez

1411 1963 139 45 planes
1579 1979 103 29 pour
1710 1980 77 30 que
1817 1965 314 38 l'emboîtement
2158 1982 97 22 avec
2285 1970 55 35 les
2368 1968 116 37 tuiles
2511 1971 61 35 voi-

1413 2029 104 34 sines
1550 2031 132 41 puisse
1715 2043 41 21 se
1790 2028 162 37 réaliser
1983 2044 67 21 sur
2081 2031 56 35 les
2165 2031 105 36 deux
2300 2034 93 35 tiers
2432 2032 155 44 (2/33)

1411 2090 49 36 de
1492 2090 37 36 la
1559 2090 172 37 hauteur
1762 2090 47 37 de
1839 2091 329 38 l'emboîtement.

1468 2153 42 36 4°
1539 2153 133 38 N'être
1703 2168 71 31 pas
1803 2154 157 45 gélives,
1992 2157 39 34 ni
2062 2155 220 37 renfermer
2308 2156 49 36 de
2385 2159 131 42 grains
2542 2156 51 37 de

1409 2215 134 36 chaux
1571 2217 117 41 libre;

1470 2279 40 35 5°
1541 2279 173 37 Résister
1743 2283 23 32 à
1796 2295 53 22 un
1879 2280 120 36 effort
2029 2280 47 36 de
2107 2281 37 37 la
2173 2280 146 38 flexion
2349 2281 50 37 de
2434 2282 72 36 100
2537 2282 38 36 ki-

1410 2341 255 45 logrammes.

1645 2406 130 38 Essais
1798 2407 219 44 physiques
2040 2415 39 28 et
2103 2407 258 45 mécaniques

1466 2468 73 36 Les
1585 2471 122 34 essais
1752 2469 218 45 physiques
2016 2478 39 27 et
2099 2472 258 42 mécaniques
2401 2469 194 45 auxquels

1413 2541 197 34 pourront
1633 2535 84 33 être
1739 2534 196 34 soumises
1956 2532 55 37 les
2033 2532 116 36 tuiles
2172 2542 135 27 seront
2328 2533 55 37 les
2406 2536 192 33 suivants:

1467 2595 231 36 Résistance
1726 2599 21 32 à
1776 2594 38 37 la
1842 2595 160 37 flexion.
2114 2596 73 36 Cet
2216 2598 100 38 essai
2345 2606 58 26 est
2432 2599 164 33 exécuté

1412 2660 338 34 successivement
1785 2673 68 23 sur
1887 2659 22 35 6
1945 2659 115 37 tuiles
2093 2664 143 39 posées
2269 2674 68 21 sur
2368 2660 104 35 deux
2505 2673 69 22 cou-

1411 2728 120 29 teaux
1557 2730 38 27 et
1620 2721 192 45 chargées
1838 2736 48 22 en
1912 2723 86 36 leur
2023 2721 146 42 milieu,
2196 2726 22 32 à
2243 2722 116 37 l'aide
2384 2722 94 36 d'un
2503 2724 76 34 troi-

1411 2786 124 34 sième
1571 2794 171 27 couteau
1776 2786 121 35 d'une
1933 2784 120 46 façon
2088 2787 187 35 continue
2310 2786 161 44 jusqu'à
2507 2799 68 30 rup-

1411 2856 101 28 ture.
1542 2848 106 36 Pour
1673 2863 159 22 assurer
1858 2847 37 38 la
1919 2852 139 41 portée
2083 2848 70 37 des
2178 2857 199 28 couteaux
2401 2858 38 26 et
2465 2852 111 40 répar-

1408 2913 52 34 tir
1489 2911 315 37 uniformément
1834 2911 55 37 les
1919 2911 143 36 efforts
2089 2911 99 37 dans
2218 2920 110 28 toute
2356 2912 40 36 la
2424 2911 170 45 largeur,

1410 2988 52 23 on
1494 2975 136 35 établit
1658 2975 51 35 de
1738 2978 143 41 petites
1910 2975 240 44 banquettes
2178 2974 286 38 transversales
2492 2975 84 36 hori-

1408 3038 179 36 zontales
1615 3053 48 21 en
1695 3040 149 34 ciment
1872 3037 190 46 portland
2088 3038 89 37 dur.

1466 3101 75 38 Les
1567 3111 200 26 couteaux
1794 3105 232 41 présentent
2051 3102 70 35 des
2149 3101 181 37 arrondis
2357 3100 48 37 de
2441 3100 40 37 15
2514 3099 63 38 mil-

1405 3163 179 37 limètres
1609 3165 49 35 de
1687 3179 136 30 rayon.

1465 3226 109 38 Essai
1602 3227 50 36 de
1681 3227 170 45 gélivité.
1962 3228 74 36 Les
2063 3227 115 37 tuiles
2207 3243 51 21 au
2287 3227 167 37 nombre
2481 3226 49 36 de
2559 3226 36 40 6,

1406 3292 240 43 immergées
1670 3306 51 21 au
1746 3290 203 45 préalable
1974 3290 177 45 pendant
2175 3290 303 45 quarante-huit
2502 3289 71 37 heu-

1409 3367 62 21 res
1499 3354 98 37 dans
1625 3354 49 36 de
1702 3354 104 36 l'eau
1835 3354 128 37 douce
1989 3357 24 33 à
2038 3353 46 42 ~b
2121 3353 63 37 15°
2213 3354 43 39 C.
2288 3362 89 28 sont
2404 3355 192 34 soumises

1406 3417 178 43 pendant
1637 3427 142 34 quatre
1831 3417 146 36 heures
2025 3421 23 32 à
2099 3432 78 21 une
2225 3421 275 40 température
2547 3415 50 37 de

1496 3478 63 36 Is°
1585 3480 59 40 C.,
1675 3481 88 43 puis
1794 3481 163 35 retirées
1982 3480 49 36 de
2059 3479 38 37 la
2123 3480 173 45 glacière
2322 3489 39 27 et
2388 3479 158 46 placées
2572 3481 23 33 à

1407 3557 186 25 nouveau
1641 3544 177 43 pendant
1867 3553 144 34 quatre
2059 3543 146 36 heures
2251 3543 100 36 dans
2396 3543 50 36 de
2493 3542 104 37 l'eau

1404 3604 129 37 douce
1555 3608 24 33 à
1601 3604 43 42 -f-
1677 3605 62 36 15°
1761 3607 44 35 C.
