2662 4504
163 3771 151 93 142

307 325 234 92 LA
670 304 521 123 CITÉ.
1397 328 528 94 MARS
2055 336 287 91 192
2403 333 104 94 4.

473 616 411 65 L'Allemagne!
915 618 209 64 Depuis
1162 635 165 49 1917,
1361 619 126 52 rien.
1519 618 146 53 Mais
1691 638 105 47 que
1825 619 109 53 dire
1963 621 62 52 de
2053 621 319 63 l'Autriche,

315 703 62 50 de
400 703 51 50 la
475 703 259 64 Hongrie,
762 704 62 51 de
847 704 51 51 la
923 703 554 67 Tchéco-Slovaquie,
1505 705 63 52 de
1592 705 51 52 la
1667 705 259 65 Pologne.

470 812 78 51 La
578 812 174 53 Suisse
778 813 89 51 n'a
895 812 111 52 rien
1034 813 102 51 fait
1166 814 61 51 de
1253 813 324 66 particulier.
1608 814 80 51 La
1718 814 306 54 Roumanie
2052 817 263 67 s'apprête
2344 822 29 51 à

313 915 75 34 un
421 897 163 52 effort
614 898 113 64 qui,
760 916 100 47 par
891 916 55 33 sa
976 898 284 52 condition
1291 916 225 48 presque
1549 900 418 53 exclusivement
2001 903 190 59 rurale,
2226 907 148 65 exige

310 983 87 51 des
416 982 361 66 compétences
800 996 49 39 et
874 985 87 50 des
981 983 295 52 initiatives
1298 985 486 64 particulièrement
1808 986 339 66 distinguées.

457 1094 240 56 L'ltalie,
722 1093 239 54 créatrice
984 1094 88 52 des
1096 1094 202 53 Offices
1319 1094 413 53 d'Habitations
1757 1096 30 51 à
1812 1095 123 52 Bon
1959 1095 239 62 Marché,
2224 1118 141 36 nous

301 1179 209 55 ramène
537 1198 63 34 en
628 1180 214 52 France.

465 1278 235 52 L'effort
733 1278 63 52 de
828 1277 150 52 Paris
1012 1278 122 52 date
1168 1278 64 52 de
1276 1296 65 48 19
1356 1296 66 34 10
1460 1293 52 38 et
1545 1278 139 53 offre
1721 1296 75 35 un
1830 1279 85 52 bel
1949 1281 264 54 ensemble
2250 1296 121 40 tant

302 1363 297 66 municipal
628 1381 103 48 que
758 1381 99 48 par
884 1364 47 51 le
956 1381 201 48 moyen
1185 1364 63 52 de
1276 1378 357 51 groupement
1661 1364 386 66 d'entreprises.
2079 1367 80 52 La
2189 1387 182 47 guerre

305 1448 180 54 devait
506 1448 194 52 arrêter
721 1462 79 40 cet
821 1448 136 54 élan.
983 1448 226 66 Depuis,
1238 1449 46 53 le
1308 1463 353 39 mouvement
1685 1463 76 39 est
1785 1449 164 66 repris
1973 1463 68 45 et,
2069 1452 63 53 de
2156 1452 126 67 plus
2306 1472 64 35 en

301 1535 142 64 plus,
465 1535 218 52 l'Office
702 1535 88 52 des
809 1535 354 53 Habitations
1183 1536 28 51 à
1233 1535 123 53 Bon
1376 1535 221 53 Marché
1620 1536 219 66 remplit
1859 1554 100 35 son
1982 1536 127 54 rôle.

461 1632 218 54 Tantôt
703 1634 37 52 il
768 1634 114 52 aide
908 1634 63 52 de
998 1651 99 35 son
1125 1634 304 66 expérience
1453 1635 29 52 à
1509 1635 52 52 la
1589 1634 231 53 révision
1846 1635 91 53 des
1961 1635 103 53 lois
2091 1637 277 54 anciennes

297 1736 62 35 en
390 1736 104 35 vue
523 1720 135 51 d'un
688 1720 310 52 rendement
1026 1720 242 52 meilleur
1298 1739 73 34 ou
1402 1720 63 53 de
1493 1721 126 65 plus
1646 1721 227 66 grandes
1901 1721 226 55 facilités
2156 1724 206 66 légales.

296 1806 57 51 T
357 1805 157 53 antôt
533 1806 40 52 il
593 1805 218 53 réclame
830 1806 91 52 des
937 1806 212 52 libertés
1168 1825 144 47 pour
1333 1808 73 52 les
1423 1820 413 46 constructeurs,
1859 1825 91 36 sur
1970 1809 73 52 les
2061 1810 304 55 matériaux

292 1891 242 65 desquels
564 1891 308 54 l'exclusive
903 1907 76 39 est
1007 1893 121 66 jeté.
1163 1893 130 53 Puis
1324 1893 218 53 l'Office
1576 1893 261 59 travaille,
1872 1908 52 39 et
1954 1895 74 52 les
2057 1895 225 68 projets,
2316 1898 46 52 le

292 1978 162 52 choix
493 1978 88 52 des
618 1978 224 52 terrains
879 1979 266 52 subissent
1185 1997 100 34 son
1324 1997 225 35 examen
1587 1980 242 66 critique.
1870 1980 80 54 La
1990 1983 373 53 construction

289 2063 292 67 n'échappe
609 2082 98 48 pas
735 2064 29 53 à
794 2083 99 34 son
923 2065 366 52 observation.
1322 2065 190 59 Enfin,
1543 2067 40 53 il
1614 2065 179 55 achète
1821 2084 123 36 avec
1972 2083 79 37 ses
2076 2068 169 55 fonds
2272 2070 90 53 des

289 2150 150 53 biens
466 2149 230 54 fonciers
724 2170 75 33 ou
827 2152 87 52 des
942 2152 318 53 immeubles
1290 2152 155 53 restés
1473 2153 278 52 inachevés
1778 2153 138 67 qu'il
1947 2154 223 54 termine
2199 2175 65 34 en
2291 2157 72 52 les

289 2237 281 65 adaptant.

446 2322 245 53 L'Office
736 2323 422 66 départemental
1202 2326 414 54 d'Habitations
1661 2328 29 52 à
1735 2328 124 54 Bon
1903 2330 223 53 Marché
2171 2345 78 40 est
2295 2333 64 52 né

286 2410 242 64 pendant
552 2410 52 52 la
628 2427 200 49 guerre.
856 2412 112 52 Son
995 2412 180 59 action
1202 2431 30 34 a
1256 2412 79 53 été
1359 2413 292 66 puissante,
1679 2415 193 66 précise
1896 2431 52 38 et
1973 2417 273 55 définitive
2271 2420 90 54 dès

286 2512 54 35 sa
374 2495 315 53 fondation.
730 2498 112 51 Son
877 2516 181 35 œuvre
1095 2498 119 66 déjà
1251 2500 363 56 considérable
1648 2516 76 40 est
1761 2521 106 33 une
1902 2521 181 36 œuvre
2117 2506 63 52 de
2216 2506 143 67 large

284 2582 337 65 conception,
663 2584 51 50 la
752 2584 125 64 plus
914 2585 142 65 large
1095 2585 95 66 qui
1230 2586 77 52 ait
1346 2585 77 53 été
1463 2587 273 66 envisagée
1774 2589 221 66 jusqu'à
2034 2608 54 35 ce
2126 2591 129 65 jour
2295 2610 63 35 en

283 2669 212 52 France.

444 2768 83 53 M.
556 2769 71 52 H.
658 2769 183 53 Sellier
866 2769 269 67 dépouille
1162 2772 46 53 le
1237 2773 194 52 travail
1462 2774 63 52 de
1552 2788 80 39 cet
1657 2774 179 53 Office
1863 2789 52 40 et
1942 2794 141 35 nous
2113 2788 244 55 apporte,

284 2872 145 47 pour
458 2868 179 39 toutes
667 2873 76 34 ses
772 2855 279 60 créations,
1086 2871 125 39 tous
1241 2858 72 53 les
1343 2859 320 53 documents
1702 2879 14 33 :
1751 2874 255 54 rapports
2038 2862 65 54 de
2132 2877 127 39 tous
2288 2863 73 53 les

286 2942 232 57 services,
548 2943 362 58 architecture,
940 2943 311 67 esthétique,
1282 2959 235 40 travaux
1544 2948 90 52 des
1658 2966 158 40 eaux,
1845 2948 217 53 services
2090 2949 269 66 agricoles,

280 3027 336 53 contrôleurs
659 3029 532 60 subdivisionnaires,
1238 3046 114 44 etc.,
1398 3047 114 45 etc.,
1559 3052 93 34 sur
1694 3036 69 52 tel
1811 3036 197 53 terrain
2051 3037 233 66 proposé
2328 3037 29 52 à

280 3114 383 66 l'acquisition.
689 3116 140 52 Avis
851 3118 89 51 des
964 3118 219 52 comités
1206 3119 64 53 de
1293 3133 315 53 patronage,
1636 3122 303 66 d'hygiène,
1968 3123 62 52 de
2057 3123 301 54 Chambres

284 3201 64 52 de
387 3201 329 59 Commerce,
757 3216 114 44 etc.,
913 3217 93 40 etc.
1049 3205 72 53 Et
1159 3205 143 53 voici
1338 3207 345 53 maintenant
1721 3208 322 54 l'architecte
2081 3211 99 65 qui
2218 3229 143 34 nous

283 3288 254 66 explique
565 3290 278 53 lui-même
870 3309 98 35 son
995 3292 150 65 plan,
1176 3292 253 55 fonction
1458 3295 89 53 des
1572 3296 312 53 conditions
1912 3296 445 67 géographiques,

282 3373 360 68 géologiques,
683 3377 408 66 climatériques,
1129 3379 528 68 hydrographiques,
1695 3395 95 41 etc.
1831 3382 47 52 Il
1917 3382 204 54 discute
2159 3395 200 42 autour

279 3461 89 52 des
425 3480 116 34 rues
598 3476 52 40 et
705 3464 62 52 de
823 3465 114 52 leur
992 3466 228 65 largeur,
1281 3467 90 53 des
1427 3469 176 65 places
1657 3483 52 38 et
1766 3469 92 53 des
1914 3488 205 48 espaces
2175 3471 176 52 libres.

283 3547 160 54 Tout
500 3549 233 59 découle,
794 3565 127 38 tout
979 3551 316 61 s'enchaîne,
1356 3555 189 65 depuis
1605 3555 47 53 le
1709 3570 329 40 monument
2098 3556 261 55 décoratif
