2895 3048
2503 203 90 34 VER
2616 205 197 34 SACRUM.

1509 2872 27 26 12

1435 556 69 41 MASKEN.
1514 556 49 41 (Eine
1573 556 138 41 Farbenskizze.)

1055 736 58 27 Das
1125 747 58 16 war
1195 740 60 24 eine
1268 738 125 28 seltsame
1403 739 69 32 Zeit,
1485 741 40 26 als
1537 741 46 27 der
1596 741 86 28 blasse
1689 742 98 28 Kaiser
1792 744 113 33 Rudolf,
1918 750 50 24 mit
1981 748 88 32 jedem
2077 750 63 35 Tag

962 788 83 32 Jahre
1057 789 114 31 alternd,
1185 790 48 26 auf
1245 790 62 27 dem
1321 791 155 27 Hradschin
1490 803 56 16 sass
1558 794 57 26 und
1625 794 104 28 Reiche
1741 796 88 28 verlor
1841 798 57 26 und
1907 798 95 30 Sterne
2015 812 125 23 gewann.

965 840 115 27 Damals
1094 841 150 33 geschaht,
1258 842 61 27 dass
1335 846 44 24 ein
1392 844 142 27 schlichter
1553 845 99 32 Mann,
1670 849 28 25 in
1711 857 81 24 enger
1807 848 84 29 Gasse
1904 852 148 33 irgendwo,
2066 857 72 26 seine

964 891 97 27 Arbeit
1076 892 60 28 liess
1153 894 57 27 und
1227 894 100 28 hinaus
1342 897 28 25 in
1387 896 53 27 den
1457 896 95 35 Alltag
1567 897 122 32 horchte,
1707 899 64 28 oder
1788 900 61 28 dass
1865 905 43 24 ein
1926 903 77 28 Greis
2019 906 80 34 lange
2111 911 28 23 in

964 946 103 25 seinem
1084 945 113 32 Garten,
1214 946 73 27 nahe
1304 946 62 27 dem
1384 947 150 32 Stadtthor,
1555 960 56 17 sass
1628 951 57 26 und
1702 951 62 27 dem
1781 952 100 28 Abend
1900 959 238 32 entgegenspähte,

963 995 65 28 oder
1039 996 63 27 dass
1115 1000 44 24 ein
1168 998 87 27 Hund
1268 1010 48 15 um
1322 999 181 28 Mitternacht
1514 1001 80 27 wach
1607 1002 93 27 wurde
1713 1003 57 27 und
1783 1004 73 28 ohne
1862 1006 97 28 Grund
1972 1009 56 26 und
2034 1010 104 28 Gefahr

962 1048 93 28 heulte
1067 1049 39 27 bis
1118 1052 28 24 in
1160 1050 52 27 den
1225 1050 133 28 nächsten
1371 1057 105 22 matten
1488 1053 119 34 Morgen
1619 1054 103 27 hinein.
1735 1050 74 33 Über
1822 1057 51 27 den
1888 1058 131 35 dumpfen
2027 1061 111 29 Massen

962 1100 63 28 aber
1041 1101 131 28 wuchsen
1188 1102 36 27 da
1239 1103 58 27 und
1314 1103 60 27 dort
1390 1105 153 27 Menschen
1560 1117 103 22 empor,
1677 1106 242 37 überlebensgross,
1933 1111 147 33 gleichsam
2094 1126 30 23 ge-

960 1153 101 28 kleidet
1073 1156 28 25 in
1114 1154 53 28 den
1180 1155 180 28 Feuerschein
1374 1155 46 28 der
1432 1156 110 35 bangen
1554 1158 148 27 nahenden
1710 1158 89 36 Tage.
1812 1161 66 27 Und
1890 1163 41 26 ihr
1945 1163 130 30 Schatten
2089 1168 46 33 lag

960 1205 103 28 schwer
1076 1206 66 28 über
1154 1207 70 28 ihrer
1238 1208 70 27 Zeit.

1047 1281 37 27 So
1100 1293 58 16 war
1175 1282 46 27 des
1237 1282 111 28 Kaisers
1364 1283 158 28 heimlicher
1535 1284 91 28 Sohn;
1638 1286 88 32 Julius
1740 1286 111 28 Caesar.
1863 1288 50 27 Als
1927 1295 101 24 müsste
2041 1303 27 16 er
2081 1294 51 27 alle

958 1332 134 33 Träume,
1113 1333 42 28 die
1172 1337 56 24 sein
1245 1335 87 27 Vater
1347 1341 79 22 unter
1442 1336 63 27 dem
1521 1342 126 29 strengen
1665 1337 125 28 Gewand
1807 1340 46 27 des
1870 1343 161 31 spanischen
2044 1345 88 29 Hofes

957 1395 53 17 nur
1022 1385 150 35 verborgen
1184 1387 76 28 hatte
1273 1393 127 22 träumen
1414 1388 106 32 dürfen,
1581 1389 93 27 leben:
1686 1400 30 17 so
1730 1401 56 16 war
1800 1402 36 16 er.

1046 1460 58 27 Das
1117 1471 56 17 war
1187 1461 48 27 auf
1243 1462 45 27 der
1295 1463 78 27 Feste
1380 1463 168 32 Krummau,
1558 1464 103 27 welche
1670 1464 43 28 die
1719 1465 176 36 Habsburger
1904 1479 56 16 von
1970 1470 52 27 den
2028 1471 88 29 Rosen-

957 1511 99 35 bergen
1069 1513 200 28 übernahmen.
1282 1514 93 28 Heute
1387 1515 72 27 noch
1476 1515 105 27 besteht
1597 1516 45 27 der
1661 1516 179 29 Maskensaal
1858 1520 57 27 und
1933 1524 73 25 seine
2022 1523 110 30 Wände

956 1564 78 27 leben
1050 1575 57 16 von
1122 1564 104 32 hohen,
1244 1565 105 28 bunten
1371 1566 240 35 Frescogestalten.
1631 1569 99 27 Hinter
1746 1569 89 33 jedem
1851 1571 73 27 Paar
1939 1574 105 28 scheint
2060 1579 73 25 eines

956 1616 57 26 und
1026 1616 73 27 noch
1111 1619 73 25 eines
1196 1618 58 26 sich
1266 1628 33 18 zu
1312 1619 110 31 rühren,
1432 1619 95 34 Pagen
1540 1620 57 27 und
1604 1620 111 27 Narren
1729 1621 121 35 drängen
1862 1624 57 27 sich
1928 1625 201 32 schmeichelnd

955 1668 57 27 und
1024 1669 154 27 schäkernd
1192 1669 85 27 durch
1290 1670 42 27 die
1339 1670 118 32 Reihen,
1470 1672 58 26 und
1541 1672 42 27 die
1591 1672 166 29 Grenadiere
1767 1684 35 17 an
1816 1674 52 28 den
1873 1674 188 36 Thürpfosten
2071 1682 59 26 sind

955 1723 43 23 ein
1012 1720 150 35 mächtiger
1175 1721 164 32 Schrecken,
1353 1722 83 28 heute
1448 1724 81 27 noch.
1542 1724 37 27 So
1592 1724 111 34 begreift
1716 1727 102 26 man’s:
1831 1727 42 28 die
1886 1728 85 29 Leute
1984 1730 80 28 loben
2077 1733 52 27 den

954 1773 82 30 alten,
1051 1773 199 28 unbekannten
1258 1774 91 27 Maler
1361 1775 70 26 sehr.
1448 1775 46 26 Ich
1511 1775 63 28 aber
1588 1779 86 28 weiss,
1696 1777 110 28 obwohl
1818 1779 44 28 ich
1875 1779 169 31 denTodten
2056 1785 76 27 nicht

953 1823 128 28 kränken
1094 1825 63 31 will,
1171 1825 61 27 dass
1244 1825 49 27 das
1300 1827 170 34 Bewegliche
1483 1830 29 24 in
1525 1828 52 27 den
1591 1829 117 33 Figuren
1720 1830 76 27 nicht
1807 1831 59 27 ihm
1878 1842 34 18 zu
1925 1834 145 29 Verdienst
2083 1848 30 23 ge-

953 1875 70 31 hört,
1037 1876 118 27 sondern
1168 1888 27 16 es
1208 1878 64 33 liegt
1285 1878 95 31 daran,
1393 1879 61 27 dass
1467 1879 42 27 die
1517 1879 141 28 Gestalten
1671 1884 43 24 nie
1724 1883 75 27 recht
1811 1889 140 23 erstarren.
1966 1886 44 27 Sie
2019 1893 109 23 müssen

953 1928 52 27 alle
1016 1930 98 25 immer
1124 1928 100 28 wieder
1235 1929 153 32 erwachen,
1396 1941 47 15 um
1452 1930 42 27 die
1501 1931 91 28 EINE
1603 1932 96 29 Nacht
1707 1943 34 18 zu
1748 1934 93 27 feiern.
1851 1936 82 28 Diese
1942 1938 63 27 aber
2013 1939 57 28 hub
2079 1951 48 17 an:

1041 2002 88 27 Ritter
1144 2003 57 26 und
1211 2004 110 27 Damen
1337 2005 112 27 erfüllen
1463 2006 53 26 den
1529 2007 173 27 strahlenden
1712 2008 64 28 Saal
1790 2013 49 24 mit
1851 2011 86 28 ihrem
1950 2013 160 29 schimmern-

952 2053 53 27 den
1013 2054 174 28 Gewimmel.
1196 2055 45 27 Bis
1255 2055 42 28 die
1309 2059 114 31 riesigen
1437 2057 166 29 Grenadiere
1616 2070 36 16 an
1665 2060 46 27 der
1724 2060 80 28 Thür
1817 2062 42 28 die
1871 2063 184 30 Hellebarden
2067 2066 61 29 hart

951 2105 48 28 auf
1012 2105 51 28 den
1077 2106 95 27 Boden
1185 2108 103 27 stellen.
1310 2108 44 27 Da
1367 2109 104 27 ordnen
1484 2110 57 27 sich
1554 2110 42 28 die
1609 2111 117 29 Reihen.
1746 2114 52 27 Ein
1811 2115 114 28 Donner
1937 2117 61 27 rollt
2011 2117 65 28 über
2088 2122 37 25 sie

949 2157 58 27 hm.
1024 2158 54 26 Mit
1091 2169 101 17 seinem
1207 2160 109 31 wilden,
1330 2160 157 29 schwarzen
1500 2161 206 36 Sechsgespann
1719 2171 33 22 ist
1759 2166 88 33 Julius
1861 2167 102 28 Caesar
1976 2180 36 16 an
2025 2171 46 27 der
2083 2182 28 17 ra-

950 2210 106 33 genden
1064 2210 110 34 Rampe
1181 2212 181 34 vorgefahren
1372 2213 57 27 und
1438 2214 87 27 kaum
1535 2218 80 25 einen
1620 2216 159 37 Athemzug
1788 2224 89 28 später
1885 2221 71 27 steht
1964 2232 36 21 er,
2010 2222 115 29 schlank

949 2262 57 27 und
1015 2262 129 32 schwarz,
1154 2266 96 25 mitten
1260 2270 79 22 unter
1349 2265 51 27 den
1411 2265 113 28 Gästen.
1531 2267 63 27 Wie
1603 2271 60 25 eine
1671 2269 134 34 Cypresse
1814 2274 38 24 im
1860 2272 152 28 wehenden
2018 2269 91 34 Ähren-

948 2314 64 27 feld.
1032 2315 85 26 Dann
1133 2315 99 27 mischt
1249 2316 42 27 die
1308 2317 96 26 Musik
1421 2318 43 27 die
1481 2319 116 34 Menge;
1619 2323 61 25 eine
1696 2321 104 28 fremde
1813 2324 105 31 Musik,
1937 2326 103 27 welche
2052 2326 72 29 beim

947 2366 290 29 Aneinanderstreifen
1261 2369 46 27 der
1325 2369 152 29 köstlichen
1497 2370 111 28 Kleider
1628 2382 34 18 zu
1679 2375 141 27 entstehen
1837 2375 104 28 scheint
1961 2378 56 27 und
2033 2380 73 27 wach-

946 2419 77 31 send,
1039 2419 68 28 breit
1124 2420 58 27 und
1198 2420 135 28 brausend
1347 2432 49 16 aus
1409 2422 52 27 den
1475 2423 113 28 Massen
1604 2425 57 27 sich
1677 2426 102 32 erhebt,
1792 2431 51 23 wie
1857 2428 42 27 die
1912 2429 121 29 Melodie
2050 2434 72 25 eines

946 2471 117 27 Meeres.
1084 2472 44 27 Da
1144 2472 58 27 und
1219 2473 60 27 dort
1291 2474 78 27 theilt
1382 2474 45 28 der
1440 2475 136 29 schwarze
1590 2476 80 29 Prinz
1684 2480 50 25 mit
1746 2481 89 25 einem
1849 2480 88 28 Wink
1950 2481 42 28 die
2005 2484 117 34 willigen

2499 865 175 24 Buchschmuck

2499 888 37 20 für
2548 890 25 18 V.
2591 891 20 17 S.
2630 897 44 11 gez.

2498 914 20 15 v.
2530 911 45 19 Alf.
2587 908 87 25 Roller.
