2469 4038
1214 396 79 59 62

284 552 302 76 quelques
620 552 239 55 atomes
892 547 84 57 du
1025 547 209 58 fertile
1269 552 253 52 terreau
1552 562 108 41 sur
1697 543 208 75 lequel
1940 560 213 58 germe-

286 643 146 55 ront
458 638 90 59 les
582 636 471 58 nourrissantes
1080 638 324 56 moissons
1435 635 75 57 de
1540 631 288 61 l'avenir.

365 726 316 58 Peut-être
713 724 171 57 aussi
914 724 63 57 la
1009 727 165 55 mort
1206 721 246 61 est-elle
1484 740 85 39 un
1604 720 221 70 réveil,
1863 736 124 41 une
2034 716 129 61 déli-

285 815 268 60 vrance?
593 812 176 58 Ainsi
813 830 118 57 que
968 812 57 58 le
1070 830 155 59 sang
1256 816 183 54 court
1489 829 148 41 sous
1682 815 183 52 notre
1910 807 200 71 chair,
2149 807 47 59 il

285 923 66 41 se
384 908 151 71 peut
559 903 191 73 qu'un
785 900 188 58 fluide
1007 899 300 59 invisible
1329 919 159 41 nous
1524 899 355 77 enveloppe
1909 897 75 59 de
2018 901 177 56 toute

282 997 164 72 part,
468 990 282 59 formant
778 1005 148 42 sous
963 995 178 52 notre
1165 1007 187 59 peau,
1372 1007 121 40 une
1518 1007 166 59 peau
1719 986 471 70 immatérielle,

285 1079 328 61 dessinant
637 1097 76 39 en
747 1096 83 38 un
860 1082 134 54 mot
1016 1096 120 40 une
1166 1078 341 60 silhouette
1536 1077 310 77 fluidique
1874 1075 321 76 analogue

286 1169 74 59 de
413 1168 224 67 forme,
687 1167 74 58 de
822 1173 431 67 mouvement,
1289 1168 74 57 de
1424 1165 470 60 ressemblance
1935 1171 36 53 à
2017 1171 183 53 notre

284 1273 210 58 corps.
534 1256 104 58 Cet
690 1254 128 59 être
864 1254 353 78 intangible
1269 1273 76 40 ne
1392 1254 192 59 serait
1641 1259 178 54 autre
1863 1271 121 60 que
2016 1258 184 54 notre

286 1346 161 71 âme,
487 1343 395 59 c'est-à-dire
911 1343 61 57 la
1005 1347 229 72 pensée
1269 1362 117 59 que
1413 1361 158 41 nous
1606 1348 269 71 portons
1905 1361 78 41 en
2012 1361 184 53 nous,

286 1433 64 59 la
408 1435 230 73 pensée
695 1432 130 76 qui,
887 1450 79 38 au
1028 1451 228 57 moyen
1339 1433 75 58 de
1476 1433 273 75 quelque
1814 1432 390 78 mystérieux

291 1520 543 67 déclanchement,
870 1526 132 52 met
1030 1538 115 40 nos
1175 1520 276 59 muscles
1485 1539 75 40 en
1593 1521 199 75 jeu,la
1823 1522 235 75 pensée
2095 1521 106 76 qui

290 1609 236 58 allume
562 1626 75 40 en
672 1626 115 40 nos
822 1626 164 59 yeux
1018 1626 120 41 une
1169 1611 253 57 flamme
1457 1614 146 53 tour
1636 1613 36 54 à
1721 1616 149 51 tour
1900 1609 304 61 brillante

292 1715 80 41 ou
406 1698 398 76 agonisante,
844 1698 59 57 la
938 1700 228 73 pensée
1206 1699 106 76 qui
1349 1717 161 40 nous
1554 1718 36 39 a
1635 1700 242 76 permis
1921 1700 250 59 d'inven-

287 1793 97 51 ter
412 1786 89 58 les
535 1790 144 52 Arts
708 1788 58 56 et
798 1785 90 59 les
924 1786 292 59 Sciences
1250 1804 163 60 pour
1446 1789 355 58 combaltre
1836 1789 262 70 l'ennui,
2142 1788 63 59 la

290 1877 229 75 pensée
545 1873 106 76 qui
682 1891 160 40 nous
873 1878 270 72 suggère
1169 1875 272 60 l'amour
1465 1894 150 42 avec
1640 1882 207 54 toutes
1880 1896 97 40 ses
2012 1878 189 76 joies,

290 1982 96 39 ses
445 1962 319 73 voluptés,
822 1980 97 40 ses
954 1963 253 70 délires,
1239 1966 61 57 la
1355 1968 232 74 pensée
1653 1967 167 58 enfin
1880 1968 320 60 Créatrice

284 2051 266 67 initiale,
586 2049 231 59 Source
854 2052 73 57 de
958 2052 128 60 vie.

364 2142 82 55 La
493 2141 161 56 Mort
699 2140 195 57 serait
941 2140 166 59 alors
1162 2141 64 58 la
1268 2145 235 71 grande
1545 2142 374 64 libératrice
1965 2151 236 56 venant

281 2228 277 58 délivrer
590 2232 176 52 notre
1355 2227 121 57 moi
983 2228 74 59 de
1091 2228 61 59 la
1184 2231 187 76 gaine
1405 2232 323 60 charnelle
1764 2235 108 76 qui
1905 2236 258 75 l'empri-

281 2335 217 41 sonne.
562 2316 223 69 Quand
828 2316 181 60 l'acte
1049 2321 91 55 est
1189 2326 394 68 consommé,
1630 2325 216 75 quand
1900 2325 92 58 les
2035 2326 166 60 liens

277 2411 144 54 sont
453 2423 280 58 rompus,
770 2404 183 59 l'âme
987 2411 296 56 retrouve
1317 2428 69 40 sa
1427 2410 256 75 liberté;
1726 2418 176 54 étant
1936 2415 218 76 impon-

280 2494 279 63 dérable,
592 2493 117 58 elle
741 2493 134 58 doit
907 2495 179 57 avoir
1117 2495 57 59 le
1209 2496 127 59 don
1378 2498 74 61 de
1495 2500 253 71 vitesse,
1808 2521 118 58 par
1977 2508 187 56 consé-

279 2585 194 75 quent
503 2583 63 57 la
601 2583 360 75 possibilité
996 2584 72 60 de
1123 2585 281 60 franchir
1444 2609 74 39 en
1578 2590 108 59 des
1720 2590 361 79 fragments
2123 2595 74 59 de

277 2672 271 57 seconde
582 2672 696 62 d'incommensurabes
1322 2695 280 59 espaces.

359 2762 73 56 Et
461 2759 313 59 vraiment
806 2762 134 57 cela
974 2763 134 59 doit
1140 2766 129 57 être
1298 2766 319 62 délicieux
1651 2771 77 58 de
1781 2772 229 76 planer
2039 2773 158 60 dans

277 2847 249 72 l'infini,
566 2848 73 57 de
684 2866 278 60 voyager
1002 2851 74 58 de
1109 2853 191 75 globe
1347 2874 77 40 en
1467 2858 215 77 globe,
1716 2860 75 59 de
1824 2861 198 61 n'être
2058 2865 142 76 plus

280 2938 225 75 qu'une
529 2936 202 58 forme
762 2937 251 61 vivante
1043 2946 377 70 traversant,
1442 2964 80 40 au
1550 2952 112 74 gré
1697 2950 85 58 du
1809 2951 270 75 vouloir,
2110 2955 89 60 les

277 3023 395 60 immensités
703 3025 282 61 célestes.

352 3116 168 59 Cette
552 3114 205 59 vision
802 3115 311 76 m'attire;
1148 3119 64 77 je
1259 3139 168 41 veux
1486 3126 210 57 savoir
1750 3128 309 63 l'au-delà
2112 3134 87 60 du

272 3206 321 58 tombeau.
658 3206 239 58 Encore
945 3206 146 78 cinq
1148 3209 312 71 minutes;
1494 3213 62 77 je
1609 3218 139 58 vais
1808 3238 278 43 sommer
2139 3225 61 58 la

272 3295 160 57 Mort
459 3294 75 58 de
580 3294 184 58 venir

345 3384 222 71 Adieu,
604 3384 34 57 ô
675 3384 260 74 Monde;
963 3387 62 76 je
1061 3388 199 77 quitte
1283 3389 64 60 la
1377 3392 98 59 vie
1510 3410 150 43 avec
1695 3397 295 62 sérénité.

1274 3567 255 57 ARMAND
1577 3567 451 68 CHARPENTIER.
