2469 4038
1185 385 81 58 96

262 520 208 61 portrait
499 519 61 47 de
595 517 228 47 Gustave
1467 512 235 61 Geffroy,
1122 510 47 46 le
1202 508 216 61 critique
1442 505 146 60 d'art,
1628 504 87 62 qui
1735 505 227 57 naguère
1989 508 142 59 parla
2163 509 42 46 si

266 590 383 61 éloquemment
681 588 65 45 du
777 585 201 60 peintre
1011 584 50 44 et
1085 581 62 46 de
1178 578 161 48 l'ami.

324 661 67 49 Ce
419 663 131 47 Jean
578 656 245 65 Ajalbert
858 656 124 46 dont
1016 654 47 46 le
1105 651 175 49 dessin
1326 649 248 48 accentué
1617 650 62 46 de
1727 649 49 45 la
1816 649 205 48 bouche
2054 654 77 43 est
2161 653 41 45 si

262 733 301 62 surprenant
593 731 61 46 de
689 729 174 57 vérité,
893 740 58 34 ce
987 722 379 60 mélancolique
1620 757 11 21 ,
1664 721 143 60 peint
1846 735 87 33 sur
1976 721 47 47 le
2072 724 130 47 vélin

261 805 113 47 d'un
426 802 310 60 exemplaire
795 800 61 46 de
916 796 194 62 Sapho,
1158 810 59 33 ce
1265 795 167 62 l\oger
1651 807 126 45 ,ce
1828 792 373 64 fantomatique

254 873 239 50 Edmond
527 873 61 46 de
971 871 80 55 Goncourt,
1052 882 78 35 sur
1131 882 80 32 un
1212 865 289 62 exemplaire
1548 866 61 46 de

268 950 122 44 teux
391 936 4 70 ,
428 943 269 63 marquent
758 941 162 61 parmi
959 941 74 46 les
1072 940 268 47 meilleure
1392 938 267 60 peintures
1708 936 149 49 d'une
1903 940 291 57 exposition

254 1022 68 45 où
351 1018 230 49 Carrière
612 1014 229 61 apparaît
866 1013 150 47 sinon
1049 1026 203 35 comme
1278 1026 63 33 un
1367 1011 162 59 grand
1565 1011 532 59 inventeur-peintre,
2131 1013 66 46 du

253 1089 166 47 moins
447 1101 201 35 comme
682 1100 66 33 un
779 1083 386 62 compréhensif
1192 1086 116 58 apte
1340 1084 28 46 à
1400 1082 279 48 découvrir
1710 1096 82 33 ses
1832 1083 254 48 éléments
2133 1084 59 47 de

249 1162 183 46 beauté
455 1159 208 47 ailleurs
697 1171 97 47 que
823 1161 127 44 dans
974 1157 252 48 certaines
1260 1155 300 47 trouvailles
1595 1155 312 58 spontanées
1934 1154 256 48 résultant

256 1233 113 60 plus
430 1232 147 47 d'une
611 1230 410 47 accoutumance
1059 1229 63 47 de
1157 1228 117 48 l'œil
1321 1228 51 47 et
1404 1228 62 46 de
1494 1227 48 48 la
1564 1227 139 47 main
1738 1239 97 47 que
1881 1227 221 49 d'efîorls
2134 1229 63 47 de

258 1304 193 59 pensée
480 1301 348 50 individuelle.

320 1553 97 47 Les
440 1553 235 46 hommes
696 1553 61 46 de
784 1552 179 47 lettres
986 1564 62 33 ne
1072 1554 116 43 sont
1212 1564 91 47 pas
1331 1550 217 47 souvent
1574 1549 225 48 heureux
1824 1552 127 44 dans
1976 1550 46 47 le
2045 1550 152 47 choix

264 1628 63 46 de
362 1625 139 46 leurs
530 1625 227 59 peintres
790 1623 300 48 ordinaires.
1124 1623 351 59 L'exposition
1524 1623 90 47 des
1658 1622 264 48 Ecrivains
1955 1624 48 46 et
2039 1622 155 62 Journalistes

254 1622 70 52 du
359 1622 209 52 siècle
603 1622 279 52 comprend
917 1622 104 52 peu
1056 1622 314 52 d'oeuvres
1405 1622 453 52 intéressantes
1893 1622 280 52 relative-

261 1771 138 44 ment
433 1769 26 46 à
485 1768 110 47 leur
628 1766 236 49 nombre.
891 1765 314 61 Cependant,
1233 1766 35 46 il
1292 1779 62 33 ne
1387 1766 106 46 faut
1510 1780 87 45 pas
1631 1769 220 44 omettre
1877 1768 63 45 de
1973 1766 224 60 signaler

258 1853 64 33 un
370 1839 162 59 pastel
564 1839 61 45 de
658 1839 203 57 Renoir,
899 1837 259 47 Théodore
1202 1837 62 47 de
1302 1836 255 59 Banville,
1586 1837 47 47 le
1665 1841 151 56 pocte
1858 1841 26 43 à
1914 1839 48 45 la
1978 1839 186 59 physio-

257 1911 171 46 nomie
459 1909 322 55 malicieuse;
807 1924 67 32 un
916 1911 255 57 Bergerat
1199 1909 305 47 rabelaisien
1533 1910 62 44 de
1633 1909 200 47 Marius
1877 1909 224 59 Michel;
2129 1924 63 32 un

257 1980 259 48 Stendhal
536 1995 99 44 peu
658 1982 258 57 connu,de
939 1980 316 47 Loderwack
1274 1996 10 41 ;
1310 1978 284 49 l'eau-forte
1618 1981 65 44 du
1712 1978 186 49 Cladel
1929 1982 106 46 àla
2058 1982 110 57 ciga-

258 2056 145 53 rette,
423 2066 89 46 par
537 2052 392 60 Bracquemond
949 2066 10 44 ;
986 2053 44 46 le
1063 2053 216 59 portrait
1312 2052 120 47 bien
1473 2065 172 34 connu
1678 2053 62 46 de
1773 2052 286 47 Delacroix
2101 2069 91 45 par

256 2124 302 55 lui-même;
588 2123 47 47 le
668 2124 219 59 critique
920 2123 122 47 d'art
1895 2123 292 59 Delécluze,
1396 2136 98 34 une
1517 2124 138 46 mine
1680 2124 61 46 de
1773 2124 174 60 plomb
1978 2126 64 45 du
2064 2126 124 59 père

258 2194 179 60 Ingres
463 2196 85 58 qui
572 2208 62 33 ne
664 2198 116 43 vaut
797 2210 92 45 pas
918 2196 154 47 celles
1125 2208 98 46 que
1250 2196 46 45 le
1329 2196 179 45 maître
1545 2194 215 47 exécuta
1793 2210 63 33 en
1889 2194 152 50 Italie
2072 2210 122 35 sous

263 2267 47 45 le
356 2265 221 59 premier
607 2267 230 58 Empire;
866 2265 195 47 Lucien
1091 2265 269 59 Descavcs,
1393 2281 91 45 par
1515 2267 258 48 Courboin
1797 2282 89 30 sur
1918 2282 66 32 un
2017 2282 146 33 exem-

256 2337 162 58 plaire
446 2337 61 45 de
543 2335 280 62 Sous-O/fs
840 2353 11 41 ;
910 2338 262 46 Edouard
1204 2337 268 62 Dujardin
1505 2351 61 33 au
1614 2340 168 57 temps
1820 2339 62 46 de
1932 2339 48 46 la
2022 2339 174 47 Revue

281 2408 386 61 Wagnérienne
667 2408 2 63 ,
701 2423 90 44 par
812 2408 226 61 Jacques
1065 2409 248 58 Blanche;
1534 2410 205 46 Fénéon
1760 2424 92 47 par
1882 2410 221 60 Signac;
2130 2427 66 31 un

268 2479 280 62 Théophile
574 2479 224 48 Gautier
827 2481 119 47 bien
974 2480 239 61 imprévu
1240 2495 59 33 en
1332 2483 192 59 dandy,
1567 2495 91 46 par
1701 2484 232 56 Auguste
1970 2484 61 47 de
2063 2481 103 51 Châ-

263 2550 169 58 tillon;
475 2551 46 47 le
565 2551 182 48 sévère
1346 2552 190 49 Guizot
1014 2552 62 47 de
1109 2552 316 60 Delaroche;
1461 2554 265 61 Augustin
1983 2591 9 21 ,
2032 2556 164 60 pastel

258 2636 86 47 par
372 2621 319 50 Maximilien
723 2624 141 48 Luce
884 2641 12 41 ;
930 2625 132 47 Paul
1100 2626 221 47 llervieu
1368 2639 89 47 par
1510 2625 247 60 Blanche,
1792 2640 88 32 sur
1919 2641 66 32 un
2021 2641 144 33 exem-

261 2693 158 60 plaire
460 2695 65 47 de
576 2696 182 47 Peints
812 2711 105 45 par
968 2698 330 47 eux-mêmes
1348 2712 11 44 ;
1640 2697 264 47 Jourdain
1947 2712 90 49 par
2070 2702 99 47 Bes-

259 2767 146 57 nard,
445 2781 85 32 sur
576 2782 66 32 un
692 2770 313 59 exemplaire
1038 2771 61 47 de
1150 2772 40 45 A
1231 2770 54 48 la
1319 2770 119 48 Côte
1487 2785 11 44 ;
1533 2785 66 33 un
1628 2771 152 47 buste
1807 2771 31 46 d

259 2836 146 58 bzau,
430 2851 87 46 par
551 2839 192 47 Rodin:
788 2853 63 33 un
894 2842 164 58 pastel
1092 2842 63 47 de
1197 2842 48 47 la
1270 2846 258 43 comtesse
1575 2843 65 46 de
1679 2841 159 48 Fleur
1842 2859 33 45 y
1910 2842 178 62 (Ossit)
2111 2859 91 45 par

258 2907 212 61 Helleu;
508 2909 278 63 Théophile
817 2912 265 61 Sylvestre
1113 2927 90 47 par
1226 2913 259 60 Jeaurou;
1710 2914 200 63 (Henry
1932 2914 274 50 Gauthier-

258 2978 231 65 Villa'rs),
522 2996 89 45 par
640 2983 235 47 Fernand
911 2984 103 47 Fau
1035 3001 10 40 ;
1081 2999 99 33 une
1209 2987 101 45 tète
1339 2988 28 44 d
1616 2987 315 48 Alexandre
1956 2989 246 60 indiquée

254 3064 90 46 par
369 3050 167 63 larges
569 3052 239 62 méplats,
830 3054 177 59 signée
1031 3058 257 57 Anquetin
1315 3074 9 39 ;
1376 3058 48 47 le
1479 3059 313 47 Lamennais
1838 3059 157 48 vieilli
2049 3059 156 62 d'Ary

259 3121 261 60 Scheffer;
554 3124 213 48 Francis
800 3125 286 64 Magnard,
1124 3143 90 46 par
1266 3129 237 47 Besnard
1562 3133 50 44 et
1665 3132 224 47 Francis

259 3208 88 45 par
383 3198 222 58 Jacques
653 3196 243 60 Blanche,
945 3217 26 25 «
1021 3201 126 46 dans
1181 3214 98 33 une
1336 3214 125 47 pose
1513 3201 231 60 acculée,
1785 3203 118 48 bien
1940 3205 201 47 vivante
2180 3223 25 25 »

262 3266 127 47 ainsi
417 3266 270 62 qu'écrivit
717 3269 231 49 l'esthète
978 3271 145 49 Félix
1155 3271 231 50 Fénéon.

1440 3354 232 49 EDMOND
1706 3354 370 49 COUSTURIER.

1247 3495 70 49 Le
1362 3492 207 55 Gérant
1602 3507 18 37 :
1668 3492 57 56 L.
1773 3494 282 54 BERNARD.

554 3607 100 31 IMP.
686 3609 243 39 NOIZETTE,
959 3601 43 47 8,
1031 3610 96 31 RUE
1153 3604 538 43 CAMPAGNE-PREMIÈRE,
1721 3612 154 31 PARIS.
