2469 4038
1209 314 116 57 74

682 504 139 44 VOIX
842 504 106 41 DES
974 501 216 43 JEUNES
1209 499 198 42 FILLES

456 634 91 55 Au
579 631 141 58 delà
750 630 107 59 des
893 629 242 57 déserts
1159 626 308 77 impollus

443 722 164 56 C'est
639 719 62 57 la
734 720 187 56 Terre
955 715 443 60 merveilleuse
1429 715 10 56 !

443 809 160 59 C'est
633 809 56 59 le
725 808 222 58 Monde
983 807 106 76 qui
1115 821 443 45 recommence
1589 804 10 56 !

919 1004 70 39 LE
1027 1001 306 43 RHAPSODE

903 1110 7 10 *

364 1131 273 58 Nemrod
670 1147 37 41 a
731 1148 83 40 vu
849 1127 164 80 (plus
1044 1129 127 59 loin
1210 1145 119 58 que
1362 1127 56 59 le
1455 1127 249 76 néant!)

366 1221 165 57 Dans
564 1219 120 58 l'or
719 1219 312 75 glorieux,
1070 1218 56 57 le
1159 1217 267 75 Sphynx
1460 1216 398 57 renaissant:

482 1308 206 69 Alors,
726 1307 186 57 d'une
947 1307 145 57 voix
1128 1322 121 41 aux
1279 1303 193 59 échos
1489 1303 321 59 inconnus

581 1397 84 56 De
702 1396 208 58 colère
945 1399 57 54 et
1036 1395 72 58 de
1144 1393 362 59 souffrance
1531 1413 12 36 :

377 1507 30 30 «
458 1485 200 57 Ornes
684 1485 127 56 fils!
848 1482 243 78 glaives
1125 1482 74 59 de
1239 1499 104 41 ma
1361 1480 322 61 violence!

374 1578 47 57 0
457 1592 135 40 mes
621 1574 291 68 femmes,
950 1573 364 77 poussières
1350 1571 75 59 de
1459 1590 137 40 mes
1630 1589 253 60 genoux
1916 1575 9 55 !

299 1665 75 57 Et
410 1680 133 41 mes
571 1663 230 58 hordes
837 1679 349 41 accourues
1221 1678 79 41 au
1332 1660 196 59 chant
1554 1660 75 59 de
1669 1678 134 41 mes
1836 1664 372 57 tonnerres!

527 1753 152 56 Bras
711 1752 105 58 des
839 1750 200 59 forêts
1074 1752 10 54 !
1119 1768 158 59 sang
1305 1749 107 58 des
1446 1749 244 78 pierres
1716 1752 8 53 !

928 1842 386 57 Levez-vous
1340 1839 11 56 1
1379 1862 32 31 »

717 2015 141 41 VOIX
891 2013 106 42 DES
1028 2015 216 41 JEUNES
1274 2013 199 42 FILLES

453 2140 290 59 Puissant
776 2140 303 59 chasseur
1108 2142 234 57 devant
1371 2140 58 60 le
1464 2140 142 73 ciel,

451 2230 48 56 Il
533 2248 36 40 a
599 2230 148 70 crié,
776 2229 106 59 des
917 2230 306 58 hauteurs
1258 2229 75 59 de
1373 2229 332 61 l'abîme...

280 2396 9 54 !
349 2392 41 59 A
965 2408 70 41 LE
1068 2408 311 42 RHAPSODE

293 2536 51 60 Il
376 2535 91 59 dit
501 2557 12 37 :
550 2557 31 34 «
628 2536 240 58 Devant
904 2552 156 40 vous
1093 2534 59 60 le
1194 2534 195 72 Voici,
1420 2538 224 56 encor!
1685 2539 226 56 encor!

448 2627 81 56 Le
556 2624 188 66 voici,
782 2624 241 75 l'esprit
1058 2624 108 59 des
1194 2624 194 59 Vieux
1418 2630 184 72 Ages,

372 2716 79 54 Le
484 2728 195 59 rouge
711 2712 265 78 Sphynx
1009 2713 320 75 pulvérisé
1362 2731 148 40 sous
1544 2732 118 41 nos
1693 2732 200 60 coups
1917 2716 9 55 !

293 2801 47 57 Il
386 2803 293 74 apparaît
706 2817 193 41 encor
932 2801 156 57 dans
1122 2802 92 58 les
1249 2802 239 76 gloires
1520 2808 60 54 et
1613 2803 119 59 l'or

448 2890 349 76 Accroupis
829 2906 108 39 sur
970 2906 97 41 ses
1091 2907 269 57 genoux,

367 2978 175 59 Ainsi
574 2996 120 60 que
724 2978 96 59 las
844 2976 244 61 d'avoir
1116 2978 89 58 fui
1237 2997 114 40 nos
1380 2982 339 76 carnages!
1779 3003 33 38 »

682 3174 142 41 VOIX
851 3173 109 44 DES
988 3173 217 43 JEUNES
1239 3174 245 42 HOMMES

446 3304 91 54 En
564 3306 362 71 troupeaux
964 3301 364 60 torrentiels

446 3390 107 58 Ses
585 3389 231 58 hordes
852 3406 63 42 se
942 3390 473 77 précipitèrent

452 3480 148 57 Vers
632 3478 202 61 l'écho
866 3479 74 58 de
975 3498 97 41 ses
1116 3485 362 55 tonnerres.
