2469 4038
476 1245 657 206 Politique
1227 1253 798 190 Extérieure

341 2029 117 59 Les
488 2025 450 80 républicains
973 2025 349 79 espagnols
1355 2028 60 57 et
1438 2024 344 80 portugais
1818 2028 114 56 ont
1959 2029 155 56 tenu
2140 2044 87 40 un

266 2122 279 74 congrès
579 2122 37 56 à
649 2118 391 76 Berndajoz.
1079 2117 83 58 Ils
1201 2136 40 58 y
1275 2119 116 56 ont
1418 2116 127 58 mis
1592 2122 34 52 à
1656 2114 240 60 l'ordre
1932 2114 86 60 du
2077 2116 152 77 jour

263 2207 68 61 la
361 2210 288 58 fameuse
696 2208 304 78 question
1053 2208 88 59 du
1192 2206 464 79 panibérisme.
1692 2208 83 60 Ce
1808 2205 162 60 n'est
2001 2225 114 60 pas
2163 2207 65 58 la

267 2298 321 79 première
625 2297 128 61 fois
798 2316 123 59 que
967 2298 133 60 l'on
1152 2314 281 61 propose
1491 2296 77 58 de
1631 2296 229 58 réunir
1912 2296 94 58 les
2063 2296 166 60 deux

267 2405 160 62 pays
465 2409 13 39 :
513 2387 168 60 mais
728 2404 70 42 ce
855 2386 159 79 qu'il
1072 2405 38 59 y
1161 2404 37 41 a
1254 2384 460 61 d'intéressant
1759 2404 160 57 pour
1973 2403 162 42 nous
2189 2392 38 55 à

271 2478 399 72 considérer,
708 2478 152 59 c'est
910 2494 123 60 que
1079 2478 92 58 les
1227 2476 344 79 Portugais
1622 2481 146 55 sont
1808 2478 416 77 aujourd'hui

268 2568 96 61 les
395 2572 264 55 auteurs
695 2566 76 60 de
804 2566 64 60 la
894 2566 432 79 proposition.

346 2658 151 61 Cela
525 2659 213 76 paraît
764 2658 251 58 bizarre
1054 2676 82 39 au
1170 2658 286 77 premier
1484 2658 207 60 abord
1728 2676 12 42 :
1780 2658 330 79 jusqu'ici,
2135 2660 90 60 les

273 2748 360 80 Espagnols
691 2749 256 59 avaient
1007 2748 308 78 toujours
1371 2752 176 57 tenté
1599 2749 78 60 de
1734 2751 352 77 s'emparer
2140 2752 87 58 du

270 2840 342 78 Portugal;
651 2857 69 43 ce
769 2840 260 60 dernier
1082 2840 210 59 s'était
1349 2840 288 59 défendu
1701 2840 76 59 de
1832 2860 117 40 son
2012 2842 219 60 mieux

267 2950 168 61 pour
468 2931 434 79 sauvegarder
934 2950 118 42 son
1085 2931 524 79 indépendance.
1645 2933 76 59 Et
1753 2932 176 60 voilà
1963 2951 121 59 que
2120 2935 109 58 des

270 3022 344 79 Portugais
648 3021 392 61 demandent
1075 3027 37 55 à
1146 3024 135 58 être
1312 3022 226 60 réunis
1571 3027 37 55 à
1637 3022 375 78 l'Espagne!

347 3116 137 74 Que
540 3113 387 61 veulent-ils
986 3114 213 60 donc?
1231 3116 220 58 Est-ce
1503 3114 578 60 l'asservissement
2147 3114 77 60 de

257 3204 143 62 leur
439 3204 201 79 pays?
662 3205 212 59 Est-ce
902 3203 192 80 qu'ils
1124 3208 117 56 ont
1273 3203 269 77 l'espoir
1568 3203 76 59 de
1668 3201 161 61 faire
1857 3201 368 78 triompher

265 3295 179 63 leurs
475 3295 333 79 principes
835 3294 146 79 plus
1015 3294 453 79 rapidement?

343 3388 162 57 Non.
545 3387 117 58 Les
695 3384 452 79 républicains
1192 3386 341 77 portugais
1569 3401 63 42 se
1683 3387 147 56 sont
1860 3382 96 61 dit
1994 3383 156 78 qu'il
2187 3405 40 58 y

262 3476 218 61 aurait
510 3476 242 59 intérêt
785 3495 162 58 pour
978 3475 178 60 leurs
1211 3476 458 76 compatriotes
1720 3480 38 54 à
1790 3492 70 42 ce
1917 3492 122 61 que
2077 3475 145 63 leur
