2469 4038
1196 378 79 59 86

261 556 157 63 pays
451 536 235 59 formât
717 532 493 78 politiquement
1241 546 85 41 un
1351 526 136 61 seul
1511 530 140 54 tout
1676 541 150 43 avec
1851 522 331 78 l'Espagne

264 644 244 48 comme
542 625 47 58 il
637 625 202 58 forme
870 620 668 80 géographiquement
1576 631 151 44 avec
1761 614 120 59 elle
1928 631 86 41 un
2046 619 146 56 tout

265 720 311 71 compact.
639 715 85 57 La
788 710 312 60 frontière
1162 705 687 81 hispano-portugaise
1929 703 256 59 est-elle

263 812 176 53 autre
500 803 189 60 chose
750 800 228 78 qu'une
1035 800 255 59 douane
1351 796 395 61 intérieure?
1881 794 179 60 suffit
2113 793 74 59 de

260 896 163 77 jeter
457 911 83 39 un
573 910 162 57 coup
771 889 169 60 d'oeil
973 906 106 42 sur
1111 888 64 60 la
1214 892 174 56 carte
1453 904 166 60 pour
1674 902 63 42 se
1799 883 383 61 convaincre

267 1001 119 60 que
421 1000 152 40 non.

343 1076 96 57 On
500 1090 37 40 a
590 1072 253 76 objecté
898 1086 122 61 que
1078 1068 93 60 les
1203 1067 170 60 deux
1408 1066 263 77 peuples
1717 1063 328 61 n'avaient
2075 1082 114 60 pas

264 1161 61 60 la
358 1162 206 57 même
594 1161 257 75 langue,
885 1158 302 60 n'étaient
1222 1175 113 60 pas
1366 1157 75 60 de
1472 1158 208 58 même
1713 1174 173 54 race,
1909 1158 61 58 et
1999 1153 189 78 qu'ils

265 1250 362 58 affectaient
659 1250 75 58 de
769 1266 65 41 se
874 1249 222 58 traiter
1153 1246 75 58 de
1279 1245 157 61 haut
1474 1245 131 58 l'un
1639 1246 253 57 l'autre.
1929 1244 147 59 Cela
2112 1261 76 42 ne

265 1355 159 42 vous
456 1338 432 78 rappelle-t-il
947 1355 113 60 pas
1101 1338 91 58 les
1228 1335 319 79 querelles
1582 1335 108 77 qui
1726 1334 280 61 divisent
2032 1332 122 59 l'in-

267 1428 271 61 fanterie
556 1434 57 53 et
632 1429 60 57 la
716 1428 313 59 cavalerie
1056 1426 157 60 dans
1244 1444 124 42 une
1392 1428 308 76 garnison
1740 1425 75 60 de
1831 1425 159 60 trois
2010 1424 178 60 mille

269 1517 368 59 habitants?
677 1518 91 57 Un
829 1517 292 58 Parisien
1182 1518 59 57 et
1279 1534 86 40 un
1415 1517 257 66 Breton,
1719 1534 84 40 ou
1855 1533 87 41 un
1996 1514 156 60 habi-

268 1612 133 53 tant
434 1607 74 58 de
557 1607 383 76 Dunkerque
987 1609 58 56 et
1081 1625 88 40 un
1222 1605 299 59 habitant
1553 1605 76 59 de
1685 1605 393 78 Perpignan,
2116 1622 77 42 ne

270 1702 145 52 sont
475 1715 114 59 pas
648 1715 128 40 non
833 1694 141 78 plus
1030 1694 76 59 de
1158 1694 64 60 la
1265 1696 207 58 même
1529 1712 146 41 race
1730 1702 58 52 et
1830 1712 77 42 ne
1940 1692 254 79 parlent

269 1791 202 55 certes
503 1805 113 58 pas
649 1786 63 60 la
752 1788 207 56 même
988 1785 234 76 langue
1252 1806 13 37 :
1303 1785 138 59 cela
1493 1785 93 58 les
1620 1783 447 78 empêche-t-il
2117 1785 75 58 de

269 1876 156 58 faire
449 1876 207 77 partie
692 1876 75 58 de
796 1892 69 41 ce
896 1879 159 63 tout,
1087 1875 65 57 la
1186 1873 284 60 France?

349 1964 178 59 J'irai
551 1966 204 57 même
788 1964 143 76 plus
960 1962 135 61 loin
1121 1981 12 40 :
1168 1962 174 60 leurs
1375 1962 271 59 intérêts
1679 1981 76 41 ne
1789 1966 144 56 sont
1961 1980 114 60 pas
2104 1962 90 60 les

275 2055 237 58 mêmes
564 2054 157 58 dans
769 2053 152 59 bien
974 2053 108 58 des
1143 2070 127 56 cas,
1307 2070 118 60 par
1457 2070 68 41 ce
1561 2053 134 58 seul
1726 2051 117 61 fait
1877 2070 121 60 que
2036 2053 156 60 dans

272 2144 57 61 le
387 2143 170 61 Nord
593 2160 80 41 on
739 2141 236 60 cultive
1026 2141 91 60 les
1177 2141 282 59 céréales
1519 2145 59 55 et
1628 2141 62 60 la
1745 2143 353 71 betterave,
2138 2146 59 55 et

272 2233 157 60 dans
460 2232 57 59 le
552 2232 150 58 Midi
731 2232 64 58 la
833 2232 211 76 vigne,
1083 2249 69 42 ce
1187 2230 108 78 qui
1335 2233 144 57 crée
1548 2232 76 58 de
1675 2233 274 75 grandes
2011 2232 148 58 diffi-

270 2320 202 61 cultés
532 2340 81 40 au
664 2320 184 77 point
907 2319 75 59 de
1041 2338 122 41 vue
1220 2320 452 78 économique,
1707 2323 59 56 et
1811 2322 263 59 soulève
2122 2322 76 58 de

265 2411 221 58 lourds
537 2411 253 59 conflits
841 2409 298 78 lorsqu'il
1195 2409 137 60 faut
1393 2409 236 60 établir
1689 2411 109 58 des
1857 2411 208 59 droits
2117 2411 76 59 de

270 2501 252 58 douane
587 2519 81 39 ou
728 2516 221 60 passer
1008 2500 109 58 des
1181 2500 226 59 traités
1462 2500 76 59 de
1620 2517 361 44 commerce
2050 2519 151 42 avec

267 2590 361 78 l'étranger.
693 2588 239 79 Malgré
1011 2592 162 57 cette
1247 2590 390 77 divergence
1699 2590 359 73 d'intérêts,
2123 2610 80 41 on

269 2680 249 58 aboutit
548 2680 247 77 chaque
825 2679 129 59 fois
985 2686 37 52 à
1053 2699 85 39 un
1171 2680 274 60 résultat
1495 2680 116 58 fait
1656 2680 76 60 de
1785 2681 418 61 concessions

270 2770 418 76 réciproques
722 2769 158 59 dans
935 2769 278 61 l'intérêt
1243 2770 287 79 général.
1570 2773 165 58 Tout
1788 2771 58 60 le
1898 2773 237 59 monde
2168 2793 38 58 y

277 2877 224 59 gagne.

353 2949 94 57 Eh
479 2948 179 60 bien!
691 2953 157 55 cette
884 2949 386 78 divergence
1313 2950 366 75 d'intérêts,
1709 2952 164 61 n'est
1906 2971 122 59 que
2066 2952 105 61 fac-

269 3038 149 76 tice,
456 3042 81 67 et,
576 3057 77 41 en
684 3039 253 71 réalité,
970 3041 263 59 n'existe
1281 3058 136 61 pas,
1463 3048 176 55 entre
1688 3043 344 79 l'Espagne
2061 3048 62 56 et
2149 3043 58 61 le

273 3129 328 78 Portugal.
637 3128 365 79 L'Espagne
1036 3128 273 61 actuelle
1352 3132 164 58 n'est
1577 3151 122 58 que
1755 3133 314 79 l'agrégat
2131 3135 75 58 de

272 3220 354 77 provinces,
655 3220 459 71 l'Andalousie,
1139 3220 93 61 les
1261 3221 316 72 Castilles,
1600 3223 472 79 l*Aragon,etc,
2099 3226 109 76 qui

275 3309 218 61 furent
518 3311 108 59 des
658 3328 343 61 royaumes
1055 3329 249 42 comme
1343 3314 58 59 le
1454 3315 331 79 Portugal.
1820 3315 56 61 Y
1909 3315 301 60 aurait-il

277 3401 528 59 asservissement
863 3419 166 60 pour
1089 3419 70 43 ce
1216 3401 258 62 dernier
1501 3409 128 54 àse
1689 3406 225 59 réunir
1970 3405 174 60 aussi
2178 3411 34 55 à

274 3490 339 78 l'Espagne
641 3509 165 60 pour
832 3493 244 58 former
1116 3510 125 42 une
1294 3494 408 80 République
1735 3497 349 78 Ibérique?
2112 3498 93 59 On

277 3597 37 40 a
373 3580 178 77 parlé
618 3582 110 58 des
795 3583 291 58 mauvais
1130 3582 184 77 jours
1394 3584 78 60 de
1530 3584 66 60 la
1652 3585 415 63 domination
2130 3588 75 60 de
