3495 4417
1637 170 106 49 207

996 321 84 34 von
1101 308 322 64 Heiligenstatt
1444 311 215 48 errichtet

127 374 203 49 worden.
389 377 86 47 Die
506 377 137 48 Büste
681 378 55 48 ist
764 396 99 32 vom
894 382 148 47 Ritter
1084 400 96 33 von
1226 386 291 51 Fernkorn
1562 405 64 32 mo-

123 452 152 47 dellirt
304 452 90 48 und
427 454 41 46 in
502 454 85 47 Erz
628 472 237 47 gegossen.
921 458 94 48 Das
1054 461 230 49 Denkmal
1327 466 80 46 soll
1452 481 72 32 am
1576 465 82 49 15.

125 528 104 48 Juni
262 528 41 48 d.
332 531 40 48 J,
405 531 193 48 enthüllt
642 533 89 47 und
775 534 142 49 durch
949 536 86 48 den
1066 537 253 51 Vorsteher
1345 541 78 48 des
1453 542 206 56 Vereins,

129 606 148 46 Herrn
311 607 80 48 Dr.
424 608 153 47 Anton
611 609 277 57 Heidmann,
917 612 80 47 der
1028 614 250 50 Gemeinde
1306 633 85 32 von
1423 618 209 65 Heiligen-

122 691 108 39 statt
271 684 79 46 mit
380 684 81 49 der
493 686 288 66 Bedingung,
827 691 75 45 für
944 689 159 50 dessen
1133 693 260 66 Erhaltung
1435 696 92 48 und
1570 697 86 47 den

123 760 241 63 möglichst
394 763 164 62 langen
590 764 163 49 Schutz
784 766 81 48 der
894 768 308 58 Nussbäume,
1233 778 133 41 unter
1396 771 146 49 denen
1575 772 83 49 der

120 853 156 48 grosse
300 839 185 47 Meister
515 857 48 32 so
592 842 65 47 oft
684 858 110 41 sass,
823 846 145 62 Sorge
997 863 51 30 zu
1079 854 179 58 tragen,
1288 851 64 47 als
1376 849 279 66 Eigenthum

121 914 265 64 übergeben
419 918 200 48 werden.

240 993 77 47 Bei
343 993 81 49 der
449 995 423 65 Enthüllungsfeier
894 998 115 48 wird
1032 1000 71 49 die
1127 1000 118 50 oben
1275 1004 235 49 erwähnte
1536 1004 89 49 Can-

117 1075 93 42 tate
242 1087 236 48 gesungen
520 1072 90 47 und
654 1074 71 46 ein
757 1074 278 65 Festspruch
1077 1094 85 32 von
1204 1080 80 49 Dr.
1313 1082 53 47 L.
1397 1082 54 47 A.
1484 1082 169 47 Frankl

116 1148 142 46 durch
310 1148 84 48 den
438 1149 402 66 Hofschauspieler
885 1154 185 47 Förster
1118 1158 282 63 gesprochen
1452 1158 199 48 werden.

117 1227 62 45 Er
201 1225 53 47 ist
277 1225 43 49 in
344 1227 103 48 dem
471 1228 285 48 Schriftchen
781 1229 134 48 nebst
938 1232 240 49 mehreren
1204 1234 252 50 Gedichten
1482 1253 42 31 u.
1542 1252 33 33 s.
1595 1253 55 32 w.

115 1301 287 65 abgedruckt
445 1305 91 47 und
579 1307 173 47 enthält
786 1317 133 38 unter
949 1309 232 50 Anderem
1214 1312 210 64 folgende
1452 1314 198 48 Stellen:

126 1379 211 56 „Rühme
365 1381 91 47 sich
487 1383 155 54 Jeder,
672 1383 81 48 der
783 1384 68 47 ein
875 1385 292 65 Zeitgenosse
1197 1406 82 31 von
1311 1390 338 49 unsterblichen

115 1458 242 48 Menschen
391 1461 117 47 wa*!
568 1461 127 46 Wir
737 1478 183 32 waren
963 1481 61 40 es,
1071 1465 86 47 und
1189 1484 52 30 zu
1273 1468 124 47 einer
1421 1468 113 52 Zeit,
1576 1486 71 30 wo

110 1535 80 48 das
214 1536 138 47 Wort
375 1547 306 39 verstummen
709 1548 184 48 musste,
925 1559 70 31 wo
1020 1543 81 47 auf
1124 1543 87 48 den
1236 1544 138 48 freien
1401 1545 241 49 Ausdruck

110 1611 77 49 des
219 1613 174 48 Geistes
424 1615 41 47 in
497 1632 209 31 unserem
743 1616 275 50 Vaterlande
1056 1620 247 64 gefahndet
1334 1622 173 49 wurde.
1550 1624 64 47 Da-

113 1691 111 46 mals
254 1690 257 50 übernahm
557 1709 45 31 es
642 1693 85 48 die
767 1695 177 48 Musik
990 1696 76 49 des
1109 1698 248 49 modernen
1388 1699 258 57 Titaniden,

110 1768 85 47 den
225 1769 121 47 Zorn
377 1787 53 30 zu
460 1771 177 64 singen,
667 1770 71 48 die
769 1774 180 65 Hymne
979 1774 80 48 der
1091 1776 200 47 Freiheit
1327 1776 319 65 anzuklingen,

108 1845 141 47 damit
290 1846 62 47 sie
398 1849 176 47 Herzen
621 1849 89 48 und
751 1850 176 50 Geister
971 1853 123 47 nicht
1136 1855 232 47 verlernen
1415 1855 88 47 und
1548 1872 74 31 ver-

104 1939 159 47 gessen

224 2001 187 48 Abends
442 2001 116 50 wird
598 2005 69 46 ein
700 2005 420 50 Fest-Concert
1162 2008 59 48 im
1254 2009 246 49 Parksaale
1529 2010 118 47 Statt

106 2077 166 51 finden.
304 2081 128 47 Nach
465 2083 145 47 einem
643 2080 236 66 (ebenfalls
910 2084 362 67 abgedruckten)
1302 2088 198 48 schönen
1532 2089 85 47 Pro-

106 2156 73 64 log
228 2171 85 33 von
361 2159 204 63 Joseph
615 2160 227 47 Weilen
884 2161 214 49 kommen
1143 2163 372 66 Compositionen
1557 2180 85 32 von

106 2234 258 49 Beethoven
412 2244 133 39 unter
574 2237 299 65 Mitwirkung
917 2239 78 48 des
1025 2240 239 58 Quartetts
1302 2258 85 32 von
1419 2243 196 47 Hellmes-

107 2310 165 65 berger
304 2311 91 48 und
427 2314 249 54 Genossen,
709 2315 253 47 Herbeck's
992 2317 90 47 und
1115 2316 78 50 des
1216 2319 399 66 Männer-Gesang-

111 2389 171 48 vereins
313 2408 42 30 u.
385 2408 33 30 s.
451 2408 55 31 w.
536 2409 78 29 zur
644 2392 319 59 Aufführung.

225 2476 142 48 Unter
412 2476 86 50 den
540 2477 250 49 Gedichten
838 2480 169 48 erzählt
1048 2481 326 55 „Beethoven's

103 2552 104 63 (von
242 2554 49 48 L.
324 2555 189 63 Foglar)
553 2556 128 47 einen
714 2556 248 54 Schwank,
1004 2557 86 49 den
1120 2559 93 48 sich
1245 2560 80 47 der
1354 2561 184 47 Meister
1567 2560 80 47 mit

107 2630 91 47 drei
231 2640 240 39 munteren
506 2634 231 48 Burschen
771 2636 196 55 machte,
997 2635 90 48 und
1118 2636 52 48 L.
1206 2640 52 46 A.
1289 2638 186 55 Frankl,
1505 2636 110 48 eben-

111 2707 92 49 falls
228 2710 115 47 nach
369 2711 80 47 der
471 2712 44 47 in
549 2712 320 64 Heiligenstatt
898 2714 221 49 lebenden
1146 2715 253 57 Tradition,
1429 2716 41 47 in
1496 2716 145 47 einem

110 2801 81 32 von
234 2787 86 49 den
366 2789 95 48 drei
507 2790 366 65 beigesteuerten
905 2792 251 49 Gedichten
1206 2794 227 64 folgende,
1476 2810 48 32 so
1562 2794 82 47 viel

108 2862 82 49 wir
220 2865 179 59 wissen,
431 2867 114 47 noch
579 2867 295 50 unbekannte
905 2869 269 49 Anekdote:

520 3000 248 32 Beethoven
797 3003 122 31 anter
946 3001 79 32 den
1054 3003 183 31 Bauern«

444 3085 49 33 Es
522 3096 78 22 war
627 3086 50 32 im
707 3086 162 42 Winter,
900 3088 110 33 Frost
1039 3088 76 33 und
1145 3088 146 35 Schnee

363 3152 216 35 Bedeckten
611 3153 147 44 Felder,
790 3154 98 46 Berg
917 3156 77 33 und
1023 3156 82 42 See,

363 3222 133 33 Durch
525 3223 190 44 feuchten,
746 3234 143 35 grauen
920 3224 190 35 Nebelflor

364 3291 106 46 Stieg
499 3292 81 34 roth
612 3292 64 34 der
705 3292 234 35 Sonnenball
967 3306 139 34 empor,

364 3361 50 33 Es
444 3361 110 35 stand
583 3362 64 34 der
677 3363 112 34 Wald
816 3365 51 32 im
899 3365 116 33 tiefen
1047 3365 221 46 Schweigen

367 3431 71 33 Mit
466 3431 266 35 eisbedeckten
762 3433 158 34 weissen
951 3434 197 45 Zweigen;

365 3499 86 34 Und
482 3499 116 35 durch
628 3500 70 33 den
728 3500 112 35 Frost
868 3502 68 33 mit
964 3502 87 34 Stift
1081 3503 76 34 und
1184 3502 103 35 Blatt

364 3569 220 34 Beethoven
614 3569 80 34 sich
724 3580 191 37 ergangen
944 3571 78 34 hat.

364 3637 71 34 Ihn
465 3638 199 35 kümmern
694 3640 123 45 wenig
847 3640 146 35 Schnee
1023 3640 77 34 und
1129 3641 75 44 Eis,

364 3708 45 33 In
438 3709 145 33 seinem
612 3709 151 35 Herzen
791 3708 110 47 glüht
929 3721 39 23 es
1000 3709 122 43 hei^s;

367 3776 50 34 Er
445 3776 99 34 fühlt
572 3777 37 34 in
640 3778 82 34 sich
751 3779 60 33 ein
842 3777 324 47 Flammenregen,

367 3845 131 35 Damit
527 3846 59 34 die
617 3847 151 35 Geister
796 3848 81 34 sich
905 3847 193 47 bewegen.

365 3913 96 35 Bald
489 3916 90 44 geht
609 3927 39 24 er
674 3917 124 44 rasch,
828 3916 87 36 bald
943 3917 80 34 hält
1051 3929 40 22 er
1118 3929 60 32 an,

367 3984 72 34 Ihn
470 3984 190 37 kümmert
688 3988 126 47 wenig
842 3988 98 34 auch
969 3988 59 34 die
1057 3988 119 38 Bahn.

367 4054 73 33 Die
471 4053 312 47 breitgetret'nen
814 4058 118 45 Wege
961 4061 84 40 stät,

369 4122 63 35 Ihr
462 4123 105 34 wisst
596 4134 51 35 es,
677 4125 65 33 hat
772 4137 40 22 er
840 4126 94 34 stolz
964 4127 253 35 verschmäht.

1996 310 50 33 So
2075 311 112 33 treibt
2204 323 17 22 s
2248 312 63 34 ihn
2340 313 92 33 über
2458 316 99 45 Berg
2584 317 78 33 und
2688 317 98 35 Thal

1995 378 44 34 In
2070 379 108 34 einen
2208 379 198 48 Hohlweg,
2437 393 72 35 eng
2536 384 77 34 und
2641 385 157 39 schmal.

1991 448 59 33 Da
2077 447 120 35 bleibt
2226 447 64 36 der
2315 450 154 35 Meister
2496 453 119 34 steli'n
2645 454 182 44 inmitten,

1996 519 68 34 Als
2092 519 92 35 hätt'
2213 520 99 36 ihn's
2340 523 128 34 weiter
2496 525 103 34 nicht
2625 525 169 46 gelitten.

1994 589 53 32 Er
2082 590 113 41 sinnt,
2227 600 38 23 er
2293 590 175 48 schreibt,
2495 594 129 34 tactirt
2651 595 107 43 dazu,

1993 657 50 34 Es
2071 657 83 45 gibt
2182 659 50 32 im
2262 658 128 35 Geiste
2418 661 73 33 ihm
2522 663 103 33 nicht
2653 663 108 36 Ruh'.

1993 727 60 32 Da
2080 726 147 35 kommt
2256 728 65 34 des
2349 729 116 46 Wegs
2492 730 158 36 beladen
2678 734 146 35 schwer

1995 796 72 34 Mit
2094 795 228 47 Prügelholz
2352 799 58 33 ein
2441 800 145 45 Wagen
2615 801 76 36 her.

1994 865 78 33 Der
2098 865 217 35 Fuhrmann
2346 866 98 34 sieht
2472 867 69 35 den
2572 869 154 35 Meister
2752 872 131 34 stehen

1993 933 85 34 Und
2106 933 79 34 hält
2213 934 60 34 die
2301 935 173 36 Rösslein
2503 948 46 22 an
2578 939 51 33 im
2659 939 151 43 Gehen;

1988 1003 96 33 Dem
2114 1004 146 45 Wagen
2288 1004 96 47 folgt
2411 1007 59 32 ein
2501 1008 162 44 zweiter,
2692 1009 132 35 dritter
2850 1009 100 45 bald,

1996 1072 84 33 Und
2103 1072 108 44 jeder
2239 1073 127 34 macht
2392 1086 235 34 gezwungen
2657 1077 103 35 Halt.

1985 1140 232 43 Beethoven,
2249 1141 63 35 der
2341 1141 128 35 darum
2496 1145 106 34 nicht
2630 1147 120 42 weiss,

1986 1208 174 36 Schreibt
2190 1211 141 46 weiter,
2362 1223 108 23 wenn
2500 1214 95 33 auch
2625 1214 145 36 Schnee
2798 1217 78 34 und
2904 1218 63 33 Eis

1984 1279 82 35 Ihm
2096 1292 61 22 um
2188 1280 72 34 den
2289 1281 100 42 Bart,
2421 1282 57 33 die
2507 1283 155 34 Locken
2691 1284 147 48 hangen

1983 1348 136 34 Eroica
2148 1361 77 21 war
2251 1350 77 33 ihm
2359 1351 275 46 aufgegangen.

1983 1418 56 33 Im
2068 1418 189 45 Hohlweg
2286 1418 151 35 währt's
2468 1432 46 21 zu
2542 1420 89 47 lang
2661 1421 84 35 dem
2775 1424 90 45 Zug,

1983 1486 190 35 Gewartet
2203 1488 128 33 hätten
2361 1489 55 33 sie
2443 1501 137 34 genug.

1977 1554 70 34 Die
2075 1555 157 36 Letzten
2263 1557 161 35 schrei'n
2455 1559 69 34 den
2556 1561 132 34 Ersten
2720 1573 67 22 an:

1984 1625 114 44 „Was
2127 1626 119 36 fährst
2274 1628 129 34 weiter
2430 1629 106 34 nicht
2565 1630 59 34 die

1982 1695 85 33 Und
2097 1695 222 47 Schweigen
2349 1697 120 34 winkt
2497 1710 39 22 er
2565 1711 45 21 zu
2640 1700 69 34 den
2740 1701 164 35 Andern.

1981 1764 218 35 Beethoven
2229 1766 109 46 fängt
2359 1768 94 43 jetzt
2481 1779 45 22 an
2557 1780 46 22 zu
2635 1769 175 35 wandern

1983 1834 58 33 Da
2068 1834 77 33 ruft
2176 1834 63 34 der
2269 1835 123 34 Bauer
2419 1835 79 35 laut
2527 1837 160 35 zurück:

1986 1903 101 45 „Das
2117 1914 77 22 war
2220 1915 76 22 von
2326 1905 110 33 Wien
2467 1906 64 33 der
2559 1907 107 34 Erste
2695 1907 64 35 der
2786 1909 139 45 Musik,

1987 1971 83 34 Den
2100 1971 83 35 hab'
2214 1973 61 33 ich
2304 1971 60 36 irr'
2392 1975 107 34 nicht
2527 1975 157 35 machen
2716 1976 148 36 wollen.

1983 2041 106 35 Jetzt
2115 2041 122 35 fahr'n
2267 2043 78 42 wir,
2375 2043 57 34 hi!
2442 2044 16 17 u

2419 2114 72 32 Die
2523 2114 145 45 Wagen
2698 2114 131 36 rollen.

1981 2177 62 34 Ihr
2071 2179 166 34 Herren!
2269 2180 60 36 ich
2361 2182 108 34 weiss
2498 2193 38 22 es
2564 2182 105 34 nicht
2698 2194 45 22 zu
2772 2194 128 35 sagen,

1983 2246 57 35 Ob
2069 2249 38 32 in
2137 2248 64 33 der
2230 2248 107 35 Stadt
2366 2250 60 33 ein
2454 2249 137 35 stolzer
2618 2251 147 45 Wagen

1979 2316 48 34 So
2059 2316 138 35 höflich
2227 2319 267 45 ausgewichen
2523 2323 100 31 wäre

1982 2387 60 33 Da
2070 2386 125 46 legten
2228 2388 53 34 sie
2309 2387 77 35 ihm
2415 2387 141 47 Prügel
2582 2391 37 31 in
2650 2389 59 35 die
2739 2389 141 43 Quere:

1978 2455 49 34 Er
2055 2455 102 46 aber,
2185 2457 292 34 unbekümmert
2503 2470 63 22 um
2596 2458 59 34 die
2683 2458 113 46 Welt,

1980 2525 156 35 Schrieb
2166 2528 74 41 auf,
2272 2538 76 23 was
2375 2528 78 33 ihm
2483 2528 58 34 die
2570 2529 113 33 Brust
2709 2528 233 46 geschwellt.

1975 2594 160 34 Einfach
2168 2596 73 33 und
2271 2607 77 22 arm
2377 2597 76 33 und
2482 2597 53 33 oft
2563 2596 197 43 verkannt,

1983 2664 100 45 Ging
2112 2676 38 22 er
2179 2665 132 33 umher
2338 2665 39 33 in
2406 2678 150 21 unsrem
2584 2666 124 43 Land;

1976 2734 91 33 Was
2096 2733 63 34 ihn
2190 2733 201 45 begeistert
2418 2735 77 33 und
2524 2734 239 44 durchflutet,

1979 2803 156 34 Schrieb
2167 2815 37 22 er
2234 2804 64 33 der
2326 2803 197 34 Nachwelt
2550 2803 307 46 wohlgemuthet.

1847 2876 84 49 Die
1961 2876 191 49 Cantate
2183 2893 101 32 vom
2309 2878 462 64 Hof-Capellmeister
2801 2878 450 64 Randhartingerist

1720 2952 117 50 eben
1863 2954 98 47 eine
1987 2954 511 63 Gelegenheits-Musik,
2523 2954 69 47 die
2618 2955 128 47 keine
2769 2970 184 49 grossen
2977 2956 271 64 Ansprüche

1720 3032 176 55 macht;
1937 3031 147 48 indess
2116 3031 109 47 wird
2267 3034 62 45 sie
2359 3032 113 49 doch
2506 3032 79 46 mit
2615 3032 276 64 Vergnügen
2921 3048 84 31 von
3034 3034 211 47 Männer-

1719 3110 397 63 Gesangvereinen
2159 3126 76 30 zur
2272 3111 135 46 Feier
2439 3109 292 47 Beethoven's
2773 3125 233 48 gesungen
3050 3110 198 49 werden.

1724 3187 108 49 Wir
1862 3186 255 66 empfehlen
2149 3187 158 47 mithin
2338 3187 78 47 das
2439 3186 283 48 Schriflchen
2754 3187 114 47 allen
2891 3187 245 49 Freunden
3161 3189 88 47 und

1727 3265 258 48 Sammlern
2017 3264 79 48 der
2128 3265 529 48 Beethoven-Literatur.

1839 3342 389 49 Nachschrift.
2288 3344 86 45 Die
2417 3341 420 65 Enthüllungsfeier
2886 3342 157 47 wurde
3091 3359 158 47 wegen

1721 3420 78 48 des
1838 3420 259 48 schlechten
2130 3420 207 49 Wetters
2383 3438 71 30 am
2507 3421 82 48 15.
2619 3420 41 48 d.
2690 3421 100 47 Mts.
2830 3420 81 48 auf
2947 3421 146 64 einige
3126 3422 125 64 Tage

1717 3497 290 48 verschoben.

2018 3750 190 71 Tages-
2251 3751 98 53 und
2378 3750 579 71 Unterhaltungs-Blatt.

1812 3882 70 34 Ein
1931 3881 153 46 Belgier
2126 3887 170 30 erstattet
2335 3882 153 34 Bericht
2529 3884 35 31 in
2609 3882 64 35 der
2702 3881 330 48 „Independance'*
3062 3882 91 35 über
3188 3880 65 36 das

1729 3943 355 35 niederrheinische
2112 3943 206 35 Musikfest
2358 3946 36 30 in
2424 3943 229 35 Düsseldorf
2691 3945 77 33 und
2801 3948 83 41 sagt
2909 3947 109 29 unter
3043 3941 208 35 Anderem:

1731 4005 97 46 „Nie
1858 4005 49 34 ist
1935 4003 100 34 wohl
2064 4004 65 34 der
2155 4002 374 37 Mendelssohn'sche
2557 4004 105 35 Elias
2684 4014 72 25 von
2785 4006 121 32 einem
2933 4002 320 46 vollständigeren

1729 4065 77 34 und
1839 4064 209 35 schöneren
2079 4065 101 34 Chor
2206 4076 194 34 gesungen
2430 4065 172 43 worden;
2630 4065 96 34 denn
2757 4065 63 33 der
2842 4065 142 45 Sopran
3012 4063 125 35 zählte
3163 4061 88 50 220,

1731 4127 65 33 der
1834 4126 64 34 Alt
1929 4123 86 45 160,
2056 4126 65 33 der
2149 4126 126 34 Tenor
2305 4124 71 36 175
2404 4125 78 34 und
2512 4126 64 33 der
2603 4126 93 33 Bass
2724 4122 74 37 228
2826 4126 194 42 Stimmen,
3057 4125 78 34 und
3175 4136 76 24 was
