2121 3551
699 148 242 26 SOUVENIRS
976 140 170 33 INÉDITS
1180 149 53 24 DE
1266 149 159 26 CHOPIN

95 147 69 35 104

714 294 128 40 [Lettre
864 293 191 40 d'lsabelle,
1080 305 94 22 sœur
1197 295 40 32 de
1275 297 151 40 Chopin]

145 402 65 40 Tu
231 416 52 26 ne
303 403 179 39 croirais
505 402 170 50 jamais,
709 416 103 26 mon
832 404 100 38 cher
958 406 105 50 petit
1083 405 129 49 Fritz,
1241 405 142 51 quelle
1405 405 108 40 forte
1544 407 263 50 impression
1835 416 39 31 ta
1914 409 121 40 lettre

92 483 20 24 a
132 468 101 39 faite
257 482 73 25 sur
351 481 125 25 nous.
497 467 162 40 Louise
682 477 39 31 et
743 471 102 45 moi,
873 485 110 26 nous
1012 485 52 26 ne
1083 473 216 50 pouvions
1322 485 52 26 en
1394 473 164 38 dormir
1598 473 51 38 de
1671 475 96 48 joie.
1802 473 113 41 Mais
1938 476 99 40 c'est

88 543 124 29 notre
233 536 225 48 puissante
480 536 286 48 imagination
789 539 73 49 qui
883 552 26 37 y
926 540 100 37 était
1049 553 110 37 pour
1182 538 239 52 beaucoup.
1441 539 114 39 Tout
1571 553 52 25 en
1654 541 177 39 relisant
1864 543 68 38 dix
1955 542 82 41 fois

89 600 39 38 la
150 603 140 35 même
306 600 172 50 phrase,
497 602 28 37 il
546 614 109 27 nous
679 602 202 41 semblait
901 607 109 45 voir,
1036 619 52 25 en
1126 606 107 39 celui
1270 607 72 49 qui
1377 606 52 39 t'a
1456 605 122 40 offert
1612 620 45 25 sa
1689 610 256 48 protection,
1979 624 58 25 un

89 666 177 38 homme
288 672 85 33 très
396 668 305 50 remarquable
724 680 6 36 ;
774 684 111 26 nous
919 673 138 38 étions
1084 671 84 40 fort
1204 673 238 38 heureuses
1473 673 52 38 de
1557 682 38 30 te
1633 676 144 37 savoir
1816 684 119 31 entre
1969 690 68 26 ses

90 733 156 46 mains,
283 735 110 37 mais
415 742 117 31 toute
563 736 82 49 joie
668 745 249 41 apparente,
952 751 102 26 sans
1094 737 104 40 base
1231 738 326 41 fondamentale
1579 755 7 33 ;
1614 755 82 36 que
1718 743 92 37 rien
1847 756 53 25 ne
1937 755 100 38 peut

90 797 215 50 ébranler,
327 800 90 39 doit
436 800 230 40 s'écrouler
685 816 166 26 comme
873 804 38 38 la
935 807 136 36 nôtre.
1096 804 64 40 Tu
1181 818 52 26 ne
1254 819 109 37 peux
1400 805 246 50 t'imaginer
1667 820 168 26 comme
1866 821 68 26 ces
1965 822 48 25 ex-

92 867 222 49 pressions
337 878 7 26 :
363 866 111 40 frère
490 875 40 31 et
551 873 115 45 père,
692 871 257 49 supériorité
976 871 178 49 morale,
1189 871 134 40 m'ont
1363 874 246 37 intéressée.
1649 873 49 53 Je
1720 887 68 26 me
1811 880 201 45 représen-

91 933 81 37 tais
195 940 62 31 cet
279 932 176 39 homme
475 946 167 27 comme
664 943 73 31 ton
760 941 114 45 père,
899 950 88 26 non
1025 951 166 25 comme
1222 953 125 36 papa,
1379 941 111 37 mais
1527 953 168 26 comme
1717 941 106 39 celui
1847 944 88 47 qui,
1960 956 79 36 par

90 1011 67 26 ses
181 999 200 48 conseils,
403 1000 223 49 dirigerait
649 1009 73 31 ton
745 1011 88 31 sort
854 1002 118 40 futur
991 1016 7 34 ;
1030 1004 66 50 j'ai
1122 1019 71 34 vu,
1220 1018 55 26 ou
1304 1005 138 51 plutôt
1470 1007 69 49 j'ai
1562 1009 188 49 compris
1786 1006 103 52 qu'il
1909 1011 129 36 serait

89 1073 73 30 ton
184 1064 111 39 frère
317 1079 78 36 par
417 1066 37 38 le
473 1068 155 38 niveau
645 1068 96 49 égal
764 1069 314 40 d'instruction.
1099 1070 114 39 Mais
1233 1084 68 26 ces
1317 1072 213 49 illusions,
1553 1076 191 48 quoique
1767 1087 68 26 me
1855 1076 161 49 réjouis-

90 1139 96 30 sant
208 1130 241 52 beaucoup,
480 1146 68 25 me
570 1133 222 40 laissaient
813 1136 195 49 toujours
1038 1136 75 38 des
1132 1138 153 38 doutes
1321 1143 209 44 suggérés
1549 1154 79 36 par
1643 1153 68 26 ces
1749 1143 104 37 trois
1877 1146 160 34 années

89 1195 168 40 fatales.
292 1197 118 40 Pour
431 1203 221 35 connaître
680 1209 38 29 et
753 1203 222 48 apprécier
1014 1216 58 24 un
1110 1203 131 37 talent
1273 1216 167 26 comme
1463 1205 37 38 le
1542 1207 100 44 tien,
1679 1207 27 37 il
1748 1206 92 39 faut
1867 1212 88 34 être
1985 1209 52 37 de

90 1261 224 52 beaucoup
336 1265 225 48 supérieur
583 1269 20 34 à
626 1266 70 37 toi.
723 1265 66 40 Tu
824 1280 68 25 me
922 1268 143 48 parles
1096 1268 52 38 de
1169 1268 269 48 différences,
1464 1279 39 30 et
1534 1271 54 50 j'y
1623 1274 125 47 crois,
1795 1275 110 37 mais
1927 1275 37 50 je
1985 1288 52 25 ne

89 1329 130 39 cloute
238 1343 79 36 pas
340 1343 81 36 que
457 1338 44 31 tu
523 1332 259 48 parviennes
810 1336 21 35 à
868 1332 61 39 les
957 1333 198 39 éliminer
1176 1348 101 25 sans
1304 1350 26 36 y
1358 1345 153 31 mettre
1543 1339 103 38 trois
1670 1345 174 34 années.
1867 1340 142 52 Cepen-

89 1396 104 37 dant
215 1409 44 24 ce
281 1409 53 24 ne
356 1405 98 29 sont
469 1410 78 37 pas
563 1397 75 38 des
655 1399 91 37 avis
770 1412 82 37 que
874 1400 37 49 je
931 1408 12 30 t
962 1402 122 47 écris,
1107 1401 36 50 je
1175 1414 53 26 ne
1250 1402 83 39 t'en
1361 1404 210 39 donnerai
1604 1405 153 50 jamais
1776 1421 7 32 ;
1810 1408 37 50 je
1867 1409 170 38 voulais

90 1461 238 38 seulement
360 1470 38 29 te
433 1463 90 38 dire
565 1464 141 49 quelle
741 1465 210 40 influence
993 1475 38 30 ta
1061 1467 122 39 lettre
1217 1482 21 24 a
1277 1475 172 34 exercée
1491 1484 74 26 sur
1598 1485 79 26 nos
1708 1475 171 49 esprits.
1914 1473 123 41 Nous

89 1540 190 26 sommes
306 1536 95 31 tous
428 1527 100 40 bien
560 1538 210 42 portants,
797 1540 39 31 et
871 1541 168 31 surtout
1080 1547 110 26 nous
1225 1548 190 28 sommes
1449 1538 190 40 heureux
1666 1553 83 37 que
1785 1548 42 31 tu
1866 1543 88 37 sois
1985 1555 52 26 en

88 1593 144 39 bonne
255 1599 122 33 santé
405 1603 39 30 et
468 1609 82 37 que
582 1605 43 30 tu
649 1611 111 25 nous
784 1600 87 37 aies
906 1601 115 43 écrit,
1056 1614 71 25 car
1158 1615 110 25 nous
1300 1606 213 48 aspirons,
1543 1606 97 50 plus
1678 1616 183 30 souvent
1884 1608 128 50 qu'au-

89 1659 163 47 trefois,
278 1666 124 44 après
426 1669 61 31 tes
508 1662 158 39 lettres.
690 1663 47 52 Je
757 1677 52 26 ne
845 1666 87 37 sais
966 1667 34 37 si
1019 1665 161 41 Louise
1216 1668 51 39 t'a
1292 1672 101 37 écrit
1414 1685 82 36 que
1527 1687 176 25 maman
1736 1682 38 30 te
1796 1676 91 48 prie
1906 1675 51 38 de
1978 1675 59 39 lui

87 1726 202 50 indiquer
299 1727 61 38 les
382 1729 247 38 intervalles
654 1743 82 37 que
757 1739 43 30 tu
822 1740 178 31 mettras
1022 1742 118 31 entre
1163 1742 61 31 tes
1238 1735 159 48 lettres,
1424 1736 87 40 afin
1531 1737 177 42 d'éviter
1732 1741 61 38 les
1817 1741 218 48 illusions,

88 1805 54 25 ou
160 1793 139 49 plutôt
321 1794 60 38 les
404 1794 262 51 déceptions.

139 1858 48 52 Je
208 1860 129 38 doute
365 1869 206 41 pourtant
595 1875 83 37 que
701 1863 86 38 cela
812 1864 94 39 aide
930 1869 21 34 à
989 1867 185 50 quelque
1207 1868 143 50 chose,
1390 1884 127 36 parce
1552 1886 98 36 que,
1685 1875 35 37 si
1744 1882 43 30 tu
1810 1876 107 37 écris
1941 1884 95 30 tous

87 1924 60 39 les
169 1927 154 48 quinze
358 1927 134 50 jours,
527 1942 191 34 maman,
760 1930 94 39 huit
876 1932 118 49 jours
1017 1936 20 35 à
1073 1933 207 48 l'avance,
1313 1938 194 38 attendra
1546 1939 94 51 déjà
1673 1948 38 30 ta
1751 1941 135 39 lettre.
1908 1941 49 53 Je
1984 1955 52 25 ne

86 1991 220 51 m'occupe
334 1993 98 49 plus
452 1994 52 38 de
527 1996 216 49 musique,
786 2010 69 24 car
884 2010 91 26 mes
1009 2000 141 38 mains
1187 2010 98 30 sont
1322 2002 220 41 tellement
1573 2006 159 38 enflées
1764 2007 271 49 d'engelures

87 2071 57 36 qu
162 2058 27 37 il
210 2072 42 24 m
270 2067 62 30 est
355 2060 260 50 impossible
638 2061 52 39 cle
712 2063 134 49 jouer.
871 2061 61 40 Le
955 2065 125 50 jeune
1092 2064 188 42 Lasocki
1297 2082 68 25 me
1386 2071 229 50 remplace,
1638 2071 100 40 bien
1762 2074 103 50 qu'il
1886 2076 57 38 ait
1957 2088 78 26 son

86 2125 129 49 piano
233 2128 21 34 à
272 2138 140 37 queue
429 2141 7 32 ;
456 2128 110 37 mais
589 2140 167 27 comme
773 2138 62 30 cet
857 2131 261 40 instrument
1134 2134 108 38 n'est
1263 2148 78 37 pas
1357 2148 154 28 encore
1532 2139 193 50 accordé,
1739 2140 28 38 il
1790 2141 98 49 joue
1910 2154 75 27 sur
2000 2143 37 37 le

87 2192 100 43 tien,
212 2204 54 26 ou
288 2192 140 50 plutôt
454 2194 27 36 il
502 2194 206 39 déchiffre
730 2195 38 39 la
795 2196 201 39 méthode
1018 2199 51 38 de
1090 2199 237 51 Ivurpinski
1350 2216 83 36 que
1454 2202 59 39 Ad.
1546 2203 166 53 Zywny
1735 2207 194 39 ordonne
1947 2209 67 38 d'é-

85 2256 140 38 tudier
243 2270 101 25 avec
365 2260 224 38 attention.
610 2259 104 39 Hier
734 2260 60 40 M.
821 2261 320 43 Fronckiewicz
1163 2275 63 30 est
1250 2281 112 26 venu
1383 2269 100 38 chez
1506 2284 110 37 papa
1637 2286 112 36 pour
1767 2287 84 25 une
1870 2274 161 40 affaire.

83 2321 21 53 J
124 2324 38 36 ai
186 2323 94 50 déjà
318 2326 181 36 teiminé
518 2339 103 25 mon
651 2340 72 25 ou\
742 2341 100 35 lage
866 2343 109 36 pour
993 2345 128 36 papa.
1151 2332 123 40 Nous
1293 2340 207 45 espérons
1536 2341 190 37 recevoir
1755 2354 111 36 pour
1885 2354 44 26 sa
1953 2340 82 40 fête

84 2402 84 25 une
190 2389 122 39 lettre
333 2390 51 38 de
408 2392 58 37 toi
492 2399 39 30 et
548 2405 111 25 nous
674 2406 110 26 nous
806 2408 52 25 en
876 2397 265 49 réjouissons
1163 2399 219 40 d'avance.

463 2468 255 42 Aime-moi.

1369 2545 238 50 ISA[BELLE]
1619 2580 5 5 .

139 2653 301 55 ledrz[eïwicz]
461 2665 40 31 et
534 2657 262 49 Bar[cinski]
842 2669 96 30 sont
973 2663 161 37 arrivés
1156 2670 40 32 et
1219 2676 44 26 se
1297 2673 97 30 sont
1429 2672 248 34 rencontrés
1714 2668 100 39 chez
1837 2682 111 27 nous
1965 2681 7 35 ;
1998 2670 37 39 le

81 2723 187 48 premier
295 2736 20 25 a
348 2724 181 49 regardé
553 2724 10 38 1
583 2733 119 31 autre
741 2726 51 38 de
833 2735 163 31 travers
1038 2742 167 26 comme
1229 2731 63 38 sil
1322 2744 52 25 ne
1397 2731 37 39 le
1457 2735 266 38 connaissait
1757 2749 91 37 pas.
1871 2735 164 52 Depuis

84 2799 44 25 ce
151 2797 192 30 moment
366 2789 37 39 le
420 2790 126 50 jeune
561 2790 176 39 homme
757 2790 109 40 n'est
885 2792 97 50 plus
1004 2806 112 26 venu
1137 2807 7 25 :
1165 2795 139 40 c'était
1327 2798 178 39 samedi.

483 2943 62 41 [La
563 2947 99 29 lettre
688 2946 159 32 suivante
869 2952 49 25 est
942 2946 40 31 de
1001 2947 140 39 Louise,
1162 2957 95 22 sœur
1275 2950 100 31 aînée
1391 2950 41 31 de
1451 2949 152 42 Chopin]

1405 3048 46 30 Le
1474 3057 41 30 27
1541 3048 188 30 novembre
1756 3047 103 44 1831.

299 3118 104 41 MON
437 3133 97 26 BIEN
562 3126 101 33 AIMÉ
696 3121 146 50 FRITZ,

135 3221 49 53 Je
203 3223 173 47 conçois
412 3227 84 33 très
518 3221 101 39 bien
652 3236 82 38 que
756 3237 68 25 ma
865 3224 122 39 lettre
1021 3225 323 52 d'aujourd'hui
1368 3237 39 30 te
1435 3229 115 40 fasse
1579 3231 187 51 quelque
1804 3232 141 50 peine,
1978 3246 55 24 vu

83 3300 82 38 que
188 3289 37 49 je
241 3290 91 37 suis
354 3301 53 25 en
429 3290 138 49 partie
586 3290 102 39 d'un
709 3298 120 31 autre
850 3292 93 37 avis
967 3305 83 37 que
1064 3293 57 38 toi
1140 3306 9 33 ;
1172 3295 117 37 aussi
1312 3295 38 50 je
1369 3304 38 30 te
1429 3296 142 50 plains
1588 3299 50 47 si,
1659 3302 20 34 à
1703 3310 128 27 cause
1853 3298 52 39 de
1928 3298 102 47 cela,

80 3363 45 31 tu
149 3368 45 25 as
215 3370 57 24 un
287 3368 81 38 peu
392 3355 190 39 d'ennui.
