2169 3622
109 193 54 49 96

717 200 242 28 SOUVENIRS
995 191 170 33 INÉDITS
1198 200 54 24 DE
1285 199 158 26 CHOPIN

118 295 21 34 à
159 304 103 26 mon
282 292 88 38 aise
392 299 39 31 et
455 289 107 40 faire
587 303 45 25 ce
655 301 82 38 que
758 287 89 38 bon
863 298 67 26 me
953 284 164 40 semble
1150 298 100 25 sans
1273 299 68 25 me
1362 290 143 46 gêner,
1525 299 72 25 car
1634 285 102 39 chez
1769 285 61 38 les
1854 284 199 49 Anglais,

111 357 166 39 Bartek
292 365 103 42 peut
409 369 110 27 vous
539 356 38 37 le
598 355 106 47 dire,
727 353 38 38 la
789 353 212 49 première
1017 351 130 39 chose
1168 364 112 37 pour
1308 351 61 38 les
1401 351 140 48 hôtes,
1583 351 100 39 c'est
1706 350 51 38 de
1780 363 53 25 ne
1856 364 45 24 se
1921 355 136 44 gêner

121 436 52 25 en
196 424 105 37 rien.

175 489 79 51 J'ai
278 491 150 35 trouvé
449 486 109 38 dans
580 498 103 25 mon
703 492 301 42 appartement
1024 498 57 25 un
1102 485 129 49 piano
1256 482 52 38 de
1348 480 275 40 Broadwood
1647 492 8 36 ;
1686 495 53 25 au
1776 482 123 38 salon
1932 482 27 38 il
1983 496 26 36 y
2033 496 20 24 a

120 568 56 24 un
198 555 127 48 piano
343 552 52 38 de
410 551 147 51 Pleyel
581 564 83 36 que
685 550 109 38 Miss
817 549 183 50 Stirling
1024 565 20 23 a
1070 553 153 35 amené
1242 561 102 26 avec
1372 548 94 39 elle.
1492 547 67 39 En
1582 546 256 50 Angleterre
1856 547 37 38 la
1910 549 67 37 vie
1999 548 52 38 de

120 620 181 38 château
318 626 63 30 est
405 623 84 33 très
513 616 218 50 agréable.
756 616 182 51 Chaque
953 618 96 49 jour
1066 617 28 38 il
1118 618 138 36 arrive
1278 616 57 38 du
1358 614 160 40 monde
1540 627 111 37 pour
1670 614 211 49 quelques
1920 613 132 49 jours.

110 683 382 40 L'ameublement
508 684 51 38 de
575 684 38 38 la
634 685 168 37 maison
823 692 62 30 est
907 684 76 37 des
1005 683 96 50 plus
1124 683 196 48 élégants
1345 693 8 36 ;
1378 682 38 38 la
1434 679 318 50 bibliothèque,
1783 679 60 38 les
1865 680 191 37 voitures

118 759 97 30 sont
239 755 21 33 à
283 751 38 38 la
346 751 261 50 disposition
628 750 52 38 de
699 750 181 48 chacun,
904 751 109 37 ainsi
1037 762 82 37 que
1151 749 60 38 les
1233 747 242 40 nombreux
1496 747 250 47 serviteurs,
1772 753 79 30 etc.
1873 745 157 38 D'habi-

113 817 102 38 tude
238 830 56 26 on
318 830 44 25 se
386 818 139 38 réunit
544 829 111 38 pour
674 816 37 38 le
747 816 128 39 lunch
899 820 21 34 à
935 830 20 24 2
977 816 154 38 heures
1167 814 183 51 (chacun
1385 814 182 50 déjeune
1609 812 100 39 chez
1745 813 64 37 soi
1842 811 144 50 quand
2029 812 27 37 il

114 892 100 30 veut
242 892 40 30 et
303 896 166 26 comme
497 883 28 37 il
556 881 131 50 veut),
712 890 40 30 et
775 886 21 34 à
821 897 19 34 7
862 882 155 38 heures
1037 894 109 37 pour
1179 882 38 38 le
1254 882 136 37 dîner.
1416 878 61 39 Le
1508 880 89 37 soir
1632 891 55 26 on
1715 886 110 30 reste
1857 891 54 24 au
1934 877 124 38 salon

118 952 116 36 aussi
252 950 247 49 longtemps
523 947 131 52 qu'on
677 949 38 37 le
736 948 153 38 désire.
911 948 49 52 Je
982 948 96 49 joue
1101 948 166 49 chaque
1289 948 89 37 soir
1400 960 54 25 au
1476 947 125 37 vieux
1633 945 93 38 lord
1750 944 75 38 des
1839 944 218 38 chansons

119 1018 237 36 écossaises
381 1029 81 36 que
497 1016 235 38 l'excellent
758 1015 176 38 homme
970 1026 68 26 me
1074 1014 243 38 chantonne
1348 1021 40 30 et
1429 1013 29 37 il
1496 1011 253 50 m'exprime
1784 1023 53 25 en
1851 1009 205 49 français,

112 1095 168 25 comme
301 1082 28 38 il
349 1091 116 41 peut,
485 1094 67 26 ses
573 1082 270 37 sentiments.
868 1079 204 50 Quoique
1096 1087 139 31 toutes
1252 1079 60 38 les
1331 1091 239 38 personnes
1593 1077 52 38 de
1668 1077 38 38 la
1727 1077 132 38 haute
1882 1077 173 45 société,

117 1156 39 30 et
179 1156 169 30 surtout
370 1148 61 38 les
447 1148 165 47 dames,
635 1146 168 51 parlent
824 1146 37 38 le
897 1145 203 48 français,
1138 1145 240 50 cependant
1410 1145 38 37 la
1474 1145 305 38 conversation
1811 1142 205 49 générale
2037 1155 21 24 a

116 1214 84 38 lieu
222 1213 263 39 d'ordinaire
508 1227 52 24 en
574 1213 184 48 anglais,
784 1220 39 29 et
846 1212 114 37 alors
983 1212 36 49 je
1043 1219 184 39 regrette
1249 1211 52 36 de
1324 1223 51 24 ne
1397 1223 77 37 pas
1494 1213 221 34 connaître
1738 1217 107 30 cette
1868 1208 160 48 langue
2047 1221 8 32 ;

115 1281 110 37 mais
247 1280 37 49 je
306 1280 85 38 n'ai
410 1281 42 36 ni
476 1279 37 38 le
527 1287 153 41 temps,
706 1279 42 36 ni
772 1277 151 38 l'envie
942 1277 51 37 de
1016 1276 285 50 l'apprendre.
1325 1274 66 39 Du
1416 1283 125 39 reste,
1565 1276 37 48 je
1627 1275 259 49 comprends
1906 1274 37 38 le
1964 1274 72 37 lan-

113 1357 113 35 gage
242 1345 122 38 usuel
389 1359 8 31 ;
423 1345 37 49 je
480 1357 52 24 ne
553 1356 68 25 me
643 1343 220 37 laisserais
882 1354 78 36 pas
978 1340 175 45 vendre,
1179 1341 42 37 ni
1245 1341 166 37 mourir
1433 1340 52 37 de
1507 1338 123 47 faim,
1647 1340 112 37 mais
1779 1352 44 25 ce
1856 1339 107 38 n'est
1980 1352 78 36 pas

113 1423 134 24 assez.
269 1409 49 52 Je
339 1422 108 25 veux
471 1408 275 39 absolument
764 1407 206 38 terminer
1009 1405 280 51 aujourd'hui
1328 1413 107 31 cette
1469 1405 138 43 lettre,
1647 1418 83 37 que
1747 1404 137 50 j'écris
1903 1405 154 49 depuis

118 1475 97 50 plus
238 1475 51 38 de
311 1475 68 37 dix
399 1475 118 49 jours
537 1484 7 36 ;
561 1474 87 38 cela
666 1486 68 25 me
766 1472 76 38 fait
861 1472 52 38 de
932 1472 38 38 la
991 1474 126 48 peine
1137 1485 83 37 que
1243 1484 110 26 vous
1369 1469 146 53 n'ayez
1536 1484 78 38 pas
1645 1472 51 38 de
1710 1484 92 25 mes
1835 1471 223 39 nouvelles

115 1541 153 49 depuis
285 1541 33 37 si
338 1540 261 49 longtemps.

163 1604 73 40 Ma
259 1605 144 39 bonne
421 1606 52 37 de
496 1604 203 40 Rozières
722 1604 81 39 m'a
828 1606 101 36 écrit
952 1616 97 38 que,
1066 1617 99 25 sans
1200 1603 270 46 m'attendre,
1487 1604 79 37 elle
1590 1603 118 38 allait
1739 1616 110 25 vous
1871 1616 188 37 envoyer

112 1687 58 24 un
192 1681 102 30 mot.
321 1672 94 38 Elle
437 1680 62 30 est
520 1672 107 38 allée
650 1675 20 33 à
692 1671 37 37 la
751 1683 239 38 campagne
1014 1670 98 38 chez
1139 1670 74 38 des
1237 1671 123 46 amis,
1388 1668 86 39 afin
1495 1670 51 37 de
1570 1682 44 25 se
1640 1682 176 37 reposer
1837 1669 52 38 de
1918 1677 140 31 toutes

111 1739 61 37 les
201 1739 214 37 émotions
440 1747 40 29 et
511 1738 51 37 de
595 1745 139 30 toutes
765 1736 61 38 les
852 1737 183 37 craintes
1064 1736 126 49 qu'ils
1219 1744 73 30 ont
1320 1748 101 26 eues
1451 1735 146 39 là-bas
1621 1735 70 52 (1).
1727 1735 75 39 Sol
1834 1738 117 36 aussi
1974 1736 82 39 m'a

111 1806 101 36 écrit
232 1818 8 31 ;
271 1804 80 37 elle
379 1811 64 30 est
472 1807 20 34 à
522 1802 242 48 Besançon,
797 1802 99 38 chez
920 1802 60 37 les
1008 1809 174 42 parents
1204 1802 52 37 de
1280 1815 78 25 son
1381 1804 108 36 mari
1507 1813 8 36 ;
1547 1802 80 38 elle
1658 1815 44 25 se
1730 1811 123 41 porte
1880 1801 115 39 bien.
2021 1801 37 39 A

112 1870 124 38 Paris
262 1870 79 37 elle
365 1870 145 49 voyait
536 1881 45 26 sa
606 1874 130 42 mère,
763 1872 21 33 à
808 1868 186 49 laquelle
1014 1881 54 25 on
1092 1882 21 23 a
1138 1868 202 38 conseillé
1362 1868 51 38 de
1433 1869 159 49 quitter
1612 1868 39 38 la
1677 1868 196 50 capitale.
1899 1867 157 50 Quand

110 1935 46 38 M
160 1943 45 18 me
230 1933 152 53 S[and]
408 1943 63 30 est
495 1936 164 37 arrivée
678 1935 108 37 dans
809 1947 45 25 sa
880 1942 108 30 terre
1005 1934 51 37 de
1077 1933 191 49 Nohant,
1289 1935 60 37 les
1369 1947 189 37 paysans
1578 1934 104 39 font
1705 1940 84 32 très
1809 1935 86 37 mal
1917 1947 137 36 reçue,

111 2014 127 37 parce
274 2001 154 50 qu'elle
461 2000 138 38 s'était
621 1999 135 38 mêlée
786 2004 20 33 à
840 2008 139 30 toutes
1008 2012 67 25 ces
1103 1999 180 39 vilaines
1306 2000 216 48 histoires,
1554 2001 52 38 de
1629 2008 114 31 sorte
1772 2001 154 50 qu'elle
1955 2015 21 24 a
2000 2001 55 38 dû

112 2067 88 38 s'en
230 2067 105 38 aller
363 2075 39 30 et
431 2079 44 25 se
501 2065 188 49 réfugier
721 2070 20 33 à
765 2065 155 46 Tours,
953 2072 54 32 où
1030 2065 80 38 elle
1144 2074 62 30 est
1240 2079 52 25 en
1315 2079 45 25 ce
1383 2075 207 30 moment.
1619 2066 120 39 Dans
1769 2080 67 25 ces
1865 2067 192 38 derniers

111 2142 139 41 temps
272 2133 81 38 elle
375 2133 100 38 s'est
494 2131 205 40 enfoncée
715 2132 106 37 dans
839 2140 139 30 toutes
998 2131 60 38 les
1078 2130 152 46 boues,
1252 2140 39 29 et
1307 2145 53 25 en
1376 2147 21 23 a
1415 2136 196 35 entraîné
1627 2131 225 52 beaucoup
1870 2133 187 38 d'autres

111 2212 103 25 avec
253 2199 94 38 elle.
386 2197 70 40 On
487 2199 57 38 lui
579 2197 184 39 attribue
795 2198 60 38 les
889 2197 302 39 abominables
1231 2199 340 49 proclamations
1604 2201 72 48 qui
1712 2208 75 30 ont
1821 2199 162 38 allumé
2019 2200 36 37 la

110 2277 155 36 guerre
294 2264 134 38 civile.
457 2262 91 40 Son
580 2263 157 39 second
770 2263 185 50 journal,
993 2265 73 48 qui
1089 2276 51 25 ne
1169 2263 57 39 lui
1259 2277 21 24 a
1308 2277 77 37 pas
1408 2265 97 49 plus
1529 2266 137 37 réussi
1690 2278 82 37 que
1796 2265 37 38 le
1854 2267 200 49 premier,

111 2343 125 37 parce
257 2329 101 51 qu'il
389 2331 100 37 était
511 2329 110 39 ultra
645 2337 39 30 et
707 2342 52 25 ne
781 2328 144 39 faisait
955 2329 214 49 qu'irriter
1200 2329 60 39 les
1284 2343 193 37 myopes,
1504 2344 20 24 a
1550 2335 65 33 été
1645 2330 187 40 défendu
1852 2346 7 32 ;
1893 2332 110 37 mais
2029 2331 27 38 il

111 2409 45 25 se
194 2397 187 37 mourait
416 2396 93 49 déjà
546 2408 167 26 comme
747 2395 165 48 l'autre,
941 2394 116 39 faute
1087 2395 52 37 de
1171 2395 196 38 lecteurs.
1396 2394 85 51 Qui
1518 2398 141 37 aurait
1688 2397 60 38 dit
1778 2397 87 39 cela
1903 2397 28 37 il
1967 2411 27 36 y
2035 2410 20 24 a

112 2462 210 50 quelques
358 2465 187 34 années?
585 2459 69 40 On
693 2475 20 23 a
746 2462 215 48 imprimé,
997 2463 97 48 puis
1122 2460 210 40 distribué
1363 2476 79 35 par
1469 2462 60 38 les
1562 2476 113 34 rues,
1714 2476 44 25 sa
1798 2463 260 50 biographie

110 2529 127 36 écrite
266 2535 39 30 et
334 2528 148 47 signée
514 2540 77 37 par
619 2527 37 37 le
687 2529 95 49 père
809 2528 26 36 ci
851 2527 237 51 Augustine
1096 2557 7 16 ,
1132 2529 72 48 qui
1238 2540 44 25 se
1309 2528 136 49 plaint
1475 2528 154 50 qu'elle
1658 2529 59 38 lui
1747 2543 20 24 a
1798 2530 261 38 démoralisé

112 2607 44 25 sa
182 2592 101 47 fille,
317 2593 105 39 dont
455 2593 81 37 elle
567 2606 21 24 a
629 2591 77 39 fait
741 2593 37 37 la
821 2596 225 34 maîtresse
1074 2593 51 37 de
1153 2592 194 39 Maurice
1381 2601 40 31 et
1453 2594 154 50 qu'elle
1640 2609 21 23 a
1695 2596 161 37 mariée
1891 2597 167 37 ensuite

113 2674 53 24 au
198 2660 186 50 premier
417 2672 128 33 venu,
580 2659 166 48 malgré
768 2659 37 38 la
842 2658 175 39 défense
1039 2659 75 38 des
1136 2668 191 41 parents,
1350 2660 207 50 auxquels
1580 2661 80 38 elle
1682 2663 250 48 promettait
1962 2662 96 37 d'en

108 2726 107 38 faire
238 2726 38 38 la
302 2725 158 39 femme
491 2726 52 38 de
569 2738 77 26 son
678 2724 82 40 fils.
801 2723 61 40 Le
893 2730 100 45 père
1027 2726 79 37 cite
1138 2724 56 39 les
1209 2732 172 45 propres
1404 2725 132 38 lettres
1567 2725 115 39 cleM
1689 2735 42 16 me
1746 2726 141 48 Sand;
1919 2740 53 25 en
2000 2742 58 23 un

109 2801 105 36 mot,
245 2791 236 40 l'aventure
519 2792 39 38 la
596 2792 98 49 plus
736 2791 89 38 sale
853 2791 104 39 dont
997 2799 90 30 tout
1116 2791 124 38 Paris
1282 2792 302 39 s'entretienne
1619 2792 291 52 aujourd'hui.
1943 2792 115 40 C'est

110 2871 83 26 une
219 2858 212 48 indignité
453 2858 51 38 de
525 2858 38 38 la
587 2866 95 41 part
704 2858 58 38 du
781 2862 114 45 père,
925 2858 110 37 mais
1061 2855 100 40 c'est
1183 2857 38 38 la
1247 2858 138 39 vérité.
1414 2857 60 40 Le
1501 2860 115 38 voilà
1645 2860 126 45 donc,
1797 2869 62 29 cet
1889 2869 89 29 acte
2007 2860 51 38 de

109 2923 295 39 bienfaisance
427 2924 154 49 qu'elle
600 2925 169 48 pensait
792 2923 246 49 accomplir,
1073 2930 39 31 et
1135 2931 145 30 contre
1304 2924 141 51 lequel
1480 2925 68 50 j'ai
1582 2925 222 40 combattu
1837 2927 52 38 de
1918 2935 140 31 toutes

111 3002 90 26 mes
224 2988 136 40 forces
385 2990 144 49 quand
551 2989 37 38 la
612 2990 125 49 jeune
757 2987 87 40 fille
870 2997 63 30 est
955 2993 144 34 entrée
1127 2989 108 38 dans
1259 2990 37 38 la
1327 2992 171 38 maison
1518 2996 6 35 î
1561 2991 31 39 II
1618 2991 137 40 fallait
1787 2993 38 38 la
1856 2993 153 38 laisser
2035 2997 21 34 à

111 3069 67 26 ses
201 3064 189 42 parents,
416 3069 52 24 ne
491 3069 78 36 pas
591 3055 58 38 lui
674 3063 150 30 mettre
856 3055 109 38 dans
988 3055 37 37 la
1060 3058 82 35 tête
1164 3055 38 38 le
1233 3057 126 49 jeune
1381 3057 191 47 homme,
1607 3060 73 48 qui
1713 3072 53 25 ne
1792 3057 89 40 fera
1905 3060 153 49 jamais

112 3122 131 50 qu'un
266 3123 194 47 mariage
482 3120 212 49 d'argent,
724 3130 40 30 et
801 3134 154 25 encore
990 3123 33 36 si
1054 3134 55 25 on
1147 3121 81 39 l'en
1251 3124 92 48 prie
1376 3123 242 52 béaucoup,
1654 3138 70 25 car
1754 3125 28 38 il
1813 3138 91 25 sera
1939 3138 117 26 assez

111 3189 115 38 riche
254 3189 51 38 de
330 3203 78 25 son
437 3192 104 36 côté.
569 3189 113 38 Mais
711 3189 28 38 il
772 3203 21 24 a
817 3190 133 38 voulu
979 3192 120 36 avoir
1127 3203 84 26 une
1241 3191 100 50 jolie
1369 3192 177 39 cousine
1581 3195 21 34 à
1642 3191 38 38 la
1701 3193 186 44 maison,
1913 3200 39 29 et
1974 3192 28 37 il
2035 3205 21 24 a

112 3264 90 30 tant
224 3255 76 39 fait
324 3269 83 37 que
429 3269 45 25 sa
499 3261 117 33 mère
639 3255 51 39 l'a
715 3256 146 49 placée
885 3255 99 39 chez
1007 3256 80 38 elle
1110 3270 54 25 au
1187 3261 139 35 même
1350 3272 108 34 rang
1484 3271 82 35 que
1596 3256 206 50 Solange.
1835 3257 95 39 Elle
1958 3259 99 37 était

155 3397 45 42 (1)
225 3397 138 40 Chopin
382 3397 60 32 fait
462 3397 148 31 allusion
628 3407 66 21 aux
715 3397 155 31 troubles
886 3397 74 40 qui,
980 3399 17 29 à
1014 3404 88 24 cette
1124 3399 149 40 époque,
1294 3406 59 24 ont
1372 3400 232 39 ensanglanté
1623 3402 47 28 les
1687 3409 79 21 rues
1782 3399 41 31 de
1839 3399 110 32 Paris.
