2169 3622
917 160 76 27 LES
1027 161 229 29 CONCERTS

2032 174 55 39 79

96 238 74 51 qui
191 250 18 27 s
228 249 258 34 accentuent
508 244 25 40 d
553 258 86 27 une
672 245 130 52 façon
825 249 54 40 de
900 250 100 53 plus
1024 265 54 27 en
1099 253 102 52 plus
1233 256 221 42 maladive
1473 259 111 40 dans
1613 260 62 41 les
1696 262 224 43 dernières
1961 280 92 28 com-

93 306 219 51 positions
331 309 51 40 de
417 309 276 45 Schumann.
733 315 123 42 Dans
891 331 68 27 ses
979 322 239 49 premières
1252 336 189 38 œuvres,
1472 336 109 32 cette
1602 331 230 49 maigreur
1851 336 165 47 gracile
2042 345 41 31 et

96 374 121 40 raide
241 390 22 25 a
281 391 61 25 un
364 378 179 42 charme
566 382 254 42 adolescent
838 397 8 37 ;
870 388 111 38 mais
998 387 100 51 plus
1119 389 111 50 tard,
1256 391 82 40 elle
1360 395 138 49 prend
1524 397 192 52 quelque
1755 400 132 41 chose
1910 401 149 44 d'auto-

95 444 199 52 matique
318 454 40 31 et
395 447 26 39 d
441 462 59 25 un
522 462 85 39 peu
637 452 355 53 caricaturesque
1017 466 8 37 ;
1055 463 43 31 et
1128 456 89 40 cela
1254 467 64 32 est
1343 460 279 44 douloureux
1647 470 20 34 à
1705 470 74 48 qui
1803 470 130 48 aime,
1978 485 57 27 ou
2060 486 21 26 a

94 515 115 35 aimé
238 510 273 45 Schumann.
552 539 54 5 —
635 517 46 40 M
689 530 43 16 ilie
754 518 185 51 Hugues
973 521 54 40 de
1050 522 266 52 Montalant,
1341 526 47 41 M
1395 526 38 27 lle
1453 529 116 54 Julie
1599 532 159 43 Cahun
1788 545 41 32 et
1865 537 62 41 M.
1966 539 111 41 Paul

95 576 178 43 Daraux
312 590 75 31 ont
425 587 66 36 été
541 590 85 34 très
667 586 250 51 applaudis.
954 588 81 54 J'ai
1072 600 173 33 surtout
1284 600 137 44 goûté
1458 597 38 39 la
1530 600 100 40 voix
1662 600 52 40 de
1749 601 45 41 M
1805 602 41 28 lle
1881 605 201 43 Mathieu

96 645 24 39 d
140 644 125 55 Ancy
286 657 41 31 et
364 649 52 39 de
441 649 62 40 M.
526 651 83 54 Jan
632 652 160 49 Reder,
835 657 74 50 qui
950 671 21 25 a
1009 658 158 41 chanté
1190 675 103 26 avec
1315 677 59 25 un
1398 673 65 31 art
1485 669 153 49 exquis
1661 668 39 40 le
1720 670 91 40 rôle
1834 672 172 43 difficile
2025 676 58 40 du

94 726 193 28 Docteur
307 726 248 31 Mananus.

1505 732 177 44 ROMAIN
1708 736 234 46 ROLLAND.

148 798 240 44 CONCERTS
411 801 297 45 LAMOUREUX.

809 823 12 25 I
831 816 30 18 er
868 809 170 52 février
1045 843 9 8 .
1153 812 214 44 Audition
1387 818 53 40 de
1463 819 38 39 la
1520 819 263 52 Symphonie
1802 840 96 26 avec
1920 826 163 42 chœurs

94 870 53 36 de
168 870 269 40 Beethoven.
464 873 116 40 Sans
602 875 189 51 prendre
812 884 96 45 trop
933 893 55 26 au
1012 882 169 40 sérieux
1214 883 40 41 le
1285 898 288 38 programme
1604 890 216 42 distribué
1841 898 21 35 à
1886 894 195 51 l'entrée,

92 934 153 42 disons
266 937 104 51 qu'il
395 938 339 55 s'accompagne
772 942 104 42 d'un
910 951 316 39 commentaire
1261 950 202 43 fâcheux.
1498 954 63 41 M.
1593 956 176 43 Wilder
1797 974 113 28 nous
1942 966 141 39 révèle

93 1000 105 54 qu'il
223 1018 21 25 a
268 1016 21 28 «
315 1006 158 41 éclairé
492 1009 131 40 d'une
640 1010 184 41 lumière
840 1012 145 42 subite
1005 1015 39 39 la
1066 1022 162 46 pensée
1258 1019 52 40 de
1332 1019 190 43 Schiller
1550 1032 40 32 et
1620 1025 203 43 illuminé
1845 1030 105 40 d'un
1973 1033 110 39 éclat

94 1072 230 41 inattendu
347 1073 39 40 la
408 1079 261 49 conception
692 1079 53 40 de
763 1079 255 43 Beethoven
1044 1094 36 29 ».
1110 1083 139 43 L'ode
1280 1091 21 35 à
1321 1087 39 40 la
1382 1104 96 37 joie
1508 1091 54 40 de
1582 1091 191 43 Schiller
1794 1096 188 49 devient,
2006 1113 77 38 par

94 1151 85 27 une
203 1139 159 53 simple
385 1141 289 44 substitution
694 1146 52 40 de
766 1157 129 38 mots,
919 1164 85 26 une
1028 1152 82 40 ode
1144 1157 20 35 à
1195 1153 41 40 la
1265 1154 144 41 liberté
1415 1188 8 7 .
1463 1157 72 41 On
1559 1174 114 26 nous
1708 1166 196 49 apprend
1937 1180 85 38 que
2044 1168 37 39 la

94 1206 264 52 symphonie
380 1210 53 39 de
456 1210 255 43 Beethoven
734 1215 255 43 renfermait
1018 1233 59 25 un
1100 1228 191 44 mystère
1319 1225 254 53 inexpliqué
1595 1241 158 29 encore
1777 1240 41 32 et
1840 1233 107 40 dont
1969 1248 112 27 nous

96 1287 164 26 aurons
296 1275 247 43 désormais
576 1280 38 39 la
652 1281 94 40 clef.
790 1282 270 52 Regrettons
1091 1301 85 38 que
1202 1299 109 32 cette
1353 1294 249 41 traduction
1628 1298 222 42 médiocre
1874 1300 106 41 n'ait
2002 1317 81 37 pas

95 1344 143 37 même
260 1342 12 39 1
291 1356 156 28 excuse
469 1346 25 39 d
514 1350 89 37 être
638 1362 86 26 une
760 1351 247 42 traduction
1030 1354 188 42 littérale
1256 1366 40 32 et
1329 1359 233 52 s'imagine
1597 1364 197 42 éclaircir
1816 1367 39 40 la
1877 1371 206 51 musique

98 1421 57 38 qu
173 1408 82 41 elle
269 1411 146 41 trahit.
442 1411 157 53 Quelle
622 1417 240 50 singulière
879 1420 166 41 audace
1067 1423 53 39 de
1143 1428 202 37 travestir
1368 1430 119 38 aussi
1508 1430 270 50 légèrement
1794 1448 52 26 en
1869 1450 86 25 une
1979 1451 78 26 can-

97 1484 86 31 tate
207 1480 21 35 à
252 1477 39 40 la
309 1479 142 48 gloire
469 1481 53 39 de
544 1481 178 52 Brutus,
749 1498 53 26 en
826 1501 84 26 une
943 1503 150 27 œuvre
1125 1491 52 40 de
1208 1494 269 54 polémique,
1504 1507 64 31 cet
1587 1500 164 51 hymne
1787 1502 191 42 sublime
2002 1509 21 35 à
2042 1506 38 39 la

95 1545 98 50 joie,
221 1552 56 33 où
298 1557 187 30 sonnent
505 1548 62 40 les
588 1550 131 40 éclats
739 1551 58 41 du
826 1556 84 38 rire
931 1556 184 41 humain
1138 1567 40 31 et
1197 1560 130 41 d'une
1352 1564 166 39 ivresse
1542 1567 306 47 surhumaine,
1874 1584 46 26 ce
1953 1573 130 40 chant

94 1610 120 40 divin
247 1614 73 50 qui
343 1623 150 31 monte
515 1624 40 31 et
579 1616 246 52 s'épanouit
854 1635 54 26 en
947 1637 85 26 une
1055 1625 239 51 allégresse
1317 1631 199 51 toujours
1539 1633 100 51 plus
1679 1634 132 41 haute
1834 1646 40 31 et
1895 1639 100 51 plus
2020 1654 42 27 se-

94 1679 139 39 îeine!
255 1678 62 41 M.
343 1680 217 42 Chevillai
572 1684 25 39 d
618 1700 28 24 n
665 1700 22 25 a
708 1701 78 37 pas
810 1691 90 49 pris
924 1705 103 26 avec
1047 1693 38 39 la
1110 1699 162 46 pensée
1291 1696 52 40 de
1366 1697 255 43 Beethoven
1641 1701 62 40 les
1720 1707 167 37 mêmes
1904 1705 179 42 libertés

95 1760 83 37 que
202 1760 79 27 son
299 1748 253 43 traducteur
569 1775 52 5 —
642 1754 30 38 il
690 1768 53 26 en
767 1769 21 26 a
820 1758 91 50 pris
936 1759 214 52 quelques
1174 1771 162 32 autres.
1361 1763 62 42 Le
1447 1764 133 44 finale
1603 1783 22 25 a
1650 1774 66 35 été
1736 1773 222 40 vivement
1978 1788 79 27 con-

93 1814 107 47 duit,
228 1830 103 26 avec
353 1823 160 35 netteté
552 1829 40 31 et
615 1835 103 26 avec
751 1823 194 42 chaleur.
984 1826 131 49 Mais,
1151 1830 112 40 dans
1304 1830 272 53 l'ensemble,
1612 1851 86 25 une
1735 1842 228 39 exécution
1985 1850 74 32 tou-

93 1882 119 51 jours
248 1886 182 49 soignée
459 1887 25 38 d
505 1888 179 41 ailleurs
707 1900 40 31 et
783 1901 205 40 correcte,
1030 1910 28 25 n
1077 1910 19 25 a
1134 1911 60 37 pu
1223 1898 156 40 rendre
1420 1900 39 40 le
1481 1914 285 31 mouvement
1797 1908 218 40 immense
2041 1918 42 31 et

94 1951 199 51 multiple
334 1953 53 40 de
418 1954 12 39 1
450 1968 164 27 œuvre.
648 1955 239 55 L'allégro,
914 1973 20 27 «
970 1976 57 25 un
1067 1977 109 38 poco
1206 1975 224 33 maestoso
1465 1980 36 39 »,
1528 1979 64 31 est
1634 1980 95 44 trop
1771 1976 223 51 précipité.
2019 1976 62 42 Le

94 2019 193 48 scherzo,
303 2034 80 38 par
399 2032 164 41 contre,
583 2034 64 31 est
665 2034 95 45 trop
785 2028 88 40 lent
892 2037 41 32 et
956 2037 95 45 trop
1075 2031 232 42 durement
1323 2035 186 51 rythmé.
1531 2037 124 41 Cette
1677 2041 351 52 interprétation,
2046 2047 34 37 si

95 2100 19 24 c
132 2100 54 26 en
209 2096 63 31 est
305 2102 100 38 une,
433 2105 21 24 a
495 2091 38 40 le
563 2100 84 32 tort
682 2093 54 40 de
772 2094 197 41 sacrifier
991 2101 21 35 à
1056 2112 86 26 une
1171 2103 243 39 correction
1455 2104 220 42 uniforme
1698 2117 40 32 et
1777 2122 103 27 sans
1916 2113 69 38 vie
2018 2112 65 40 les

94 2163 258 40 contrastes,
372 2157 62 40 les
458 2157 302 55 brusqueries,
781 2164 122 38 voire
924 2164 62 39 les
1023 2166 247 51 disparates
1293 2169 54 40 de
1370 2170 197 41 l'œuvre.

1527 2240 168 53 JOSEPH
1728 2242 208 43 TRILLAT.

147 2309 28 38 8
201 2310 183 53 février.
422 2336 55 4 —
511 2314 213 43 CONCERT
746 2318 360 45 WEINGARTNER.

1141 2345 53 5 —-
1215 2322 351 44 Enthousiasme
1587 2329 146 39 moins
1755 2331 141 48 grand
1921 2330 160 49 qu'aux

91 2380 256 48 piécédents
377 2394 195 38 voyages
610 2384 58 40 du
703 2386 170 41 célèbre
911 2389 301 54 capelhneisier
1219 2422 7 8 .
1257 2391 63 41 Le
1366 2393 125 41 choix
1520 2395 54 39 de
1615 2409 81 27 son
1728 2411 287 38 programme
2056 2415 21 26 a

91 2444 25 39 cl
137 2445 178 41 ailleurs
337 2452 66 36 été
426 2451 145 39 moins
594 2452 209 43 heureux.
832 2454 93 42 Son
953 2463 320 47 tempérament
1296 2461 264 48 volontaire,
1583 2464 249 51 intelligent
1860 2476 40 31 et
1942 2469 134 50 raide,

92 2514 158 39 excelle
276 2524 171 32 surtout
470 2521 22 35 à
522 2518 165 52 diriger
706 2521 62 40 les
791 2536 174 28 œuvres
1004 2525 108 41 d'un
1136 2533 217 35 caractère
1379 2529 281 54 dramatique
1679 2547 8 33 ;
1713 2540 39 33 et
1776 2535 91 38 rien
1893 2549 52 26 ne
1976 2545 104 31 vaut

92 2594 113 37 pour
219 2596 106 26 mon
365 2590 109 43 goût
510 2599 67 26 ses
609 2589 360 52 interprétations
1002 2593 75 40 des
1111 2603 256 33 ouvertures
1408 2597 53 39 de
1498 2596 157 42 Gluck.
1684 2598 132 50 Mais,
1847 2602 77 39 des
1959 2616 90 37 sym-

92 2648 187 50 phonies
302 2650 53 39 de
383 2650 271 54 Beethoven,
682 2655 40 40 la
733 2655 226 42 Pastorale
981 2667 64 31 est
1067 2665 222 45 peut-être
1312 2663 105 39 celle
1440 2665 75 49 qui
1539 2665 60 39 lui
1623 2668 204 39 convient
1846 2667 40 40 le
1901 2670 146 39 moins
2067 2686 6 31 ;

92 2723 54 41 et,
172 2716 343 43 médiocrement
557 2723 189 39 secondé
767 2738 81 37 par
891 2740 59 24 un
985 2727 222 41 orchestre
1241 2743 85 38 que
1362 2744 68 26 ses
1466 2742 307 31 mouvements
1813 2735 266 43 semblaient

91 2787 184 36 étonner
303 2799 59 25 un
402 2799 99 38 peu,
539 2789 28 38 il
609 2803 52 26 en
694 2804 21 25 a
753 2792 88 38 mal
884 2794 139 40 rendu
1056 2795 38 39 la
1131 2798 151 50 poésie
1321 2799 183 40 sereine.
1536 2822 54 5 —
1628 2799 123 42 Trois
1783 2803 202 41 mélodies
2025 2805 54 41 de

89 2850 62 40 M.
174 2851 333 51 Weingartnei,
539 2857 206 40 chantées
768 2873 81 37 par
876 2860 46 40 M
930 2866 39 18 me
1003 2862 202 54 Raunay,
1248 2874 40 31 et
1310 2879 87 26 une
1434 2866 220 42 Fantaisie
1687 2870 305 55 symphonique
2025 2874 54 40 de

89 2917 60 42 M.
189 2918 271 50 Chevillard,
499 2924 74 50 qui
615 2933 63 31 est
717 2928 321 43 curieusement
1067 2935 144 44 écrite,
1247 2933 122 41 n'ont
1407 2949 80 38 pas
1527 2939 185 50 conquis
1744 2938 40 40 le
1816 2938 165 53 public.
2029 2963 45 5 —

90 2985 59 40 M.
176 2986 319 52 Weingartner
517 2992 67 39 n'a
610 2992 147 41 donné
781 3003 118 33 toute
934 3011 47 27 sa
1010 3013 175 27 mesure
1215 3015 84 38 que
1337 3003 112 40 dans
1472 3003 39 40 le
1540 3003 207 56 Mazeppa
1769 3006 53 40 de
1840 3006 137 49 Liszt,
2004 3010 73 50 qui

90 3067 53 26 ne
165 3069 193 38 manque
380 3071 81 38 pas
483 3058 53 40 de
558 3060 240 49 grandeur,
837 3064 52 39 de
927 3066 233 52 vulgarité,
1199 3069 53 39 de
1273 3071 151 47 vérité,
1454 3071 52 40 de
1542 3075 283 46 convention,
1848 3074 209 53 d'inspira-

90 3123 91 39 tion
203 3131 40 32 et
266 3124 53 39 de
341 3126 221 40 niaiserie.
587 3126 71 42 On
676 3144 27 36 y
722 3131 90 39 voit
844 3130 121 43 Liszt
1004 3142 94 33 tout
1137 3138 161 39 entier:
1341 3152 60 26 un
1426 3138 181 41 homme
1647 3142 74 50 qui
1757 3150 73 32 eut
1852 3142 58 40 du
1929 3145 145 48 génie,

90 3193 112 36 mais
225 3193 74 50 qui
322 3206 28 26 n
368 3202 72 30 eut
461 3208 80 37 pas
564 3195 39 39 le
626 3209 193 37 courage
840 3198 54 40 de
915 3199 39 40 le
976 3201 210 42 défendre
1207 3204 59 40 du
1286 3206 179 39 monde.

1821 3208 54 42 R.
1911 3208 52 42 R.

149 3295 41 38 *5
206 3286 182 50 février.
490 3286 108 42 Très
632 3290 276 50 intelligente
929 3293 337 54 interprétation
1290 3297 53 40 de
1363 3298 39 39 la
1428 3297 413 57 Faust-Symphonie
1863 3302 53 39 de
1938 3300 137 50 Liszt,

93 3356 55 34 où
176 3351 87 41 1on
286 3359 226 37 reconnaît
536 3370 103 27 avec
667 3358 156 52 plaisir
864 3359 76 41 des
983 3363 149 40 motifs
1172 3364 54 41 de
1261 3365 40 40 la
1346 3365 244 55 Tétralogie
1626 3375 41 33 et
1694 3368 77 40 des
1795 3368 123 42 effets
1957 3368 96 42 d'or-

90 3418 168 41 chestre
280 3422 99 50 plus
402 3424 235 41 modernes
667 3439 173 27 encore.
