2137 3530
98 144 47 36 88

702 158 243 26 SOUVENIRS
980 151 169 32 INÉDITS
1183 159 53 24 DE
1271 159 157 25 CHOPIN

96 247 38 39 le
155 256 137 43 temps
311 249 51 38 de
381 249 235 38 demander
632 253 20 33 à
675 247 171 40 Gavard
870 261 45 25 ce
938 248 72 50 qui
1030 260 203 38 manque,
1254 256 40 30 et
1313 260 45 26 ce
1381 249 73 49 qui
1478 246 68 51 n'y
1576 247 100 38 était
1698 258 92 38 pas,
1816 254 38 30 et
1875 246 160 47 Frank,

97 318 20 34 à
143 317 71 47 qui
234 315 37 50 je
290 313 68 40 l'ai
382 313 151 49 confié,
558 327 52 25 ne
631 322 100 42 peut
763 327 82 25 non
867 314 97 50 plus
984 313 37 39 le
1044 314 156 48 savoir,
1237 314 186 48 puisque
1446 313 36 49 je
1515 312 38 38 le
1586 312 59 38 lui
1668 312 37 37 ai
1729 312 134 37 remis
1891 324 118 38 empa-

97 385 127 45 queté
240 393 165 26 comme
428 379 170 40 Gavard
628 393 67 25 me
718 378 143 40 l'avait
884 384 177 46 envoyé.
1090 379 30 38 Il
1143 378 188 40 faudrait
1355 379 284 50 questionner
1675 375 174 41 Gavard
1880 377 136 39 là-des-

97 458 87 35 sus,
206 453 39 29 et
261 446 58 36 lui
340 458 78 25 son
442 447 210 47 apprenti,
678 453 76 30 etc.
777 445 113 39 Tout
912 446 86 37 cela
1023 444 97 40 n'en
1140 453 103 30 vaut
1266 457 77 37 pas
1363 444 37 38 la
1425 445 140 49 peine,
1600 441 194 40 d'autant
1828 442 96 50 plus
1957 458 81 35 que

96 512 99 36 c'est
222 525 57 23 un
311 510 175 40 cadeau.
513 509 46 41 Si
581 519 203 42 pourtant
806 511 27 38 il
860 512 36 38 le
918 510 90 40 faut
1044 510 289 46 absolument,
1374 522 45 26 ce
1455 522 93 26 sera
1589 522 111 37 pour
1730 508 38 38 la
1805 508 232 49 prochaine

95 576 136 38 lettre.

150 640 147 50 Quant
319 646 21 34 à
381 644 104 45 moi,
510 643 36 49 je
587 656 67 25 me
691 651 121 42 porte
848 644 117 37 aussi
999 642 100 39 bien
1132 655 82 37 que
1242 642 37 50 je
1308 654 123 38 peux.
1469 640 162 51 Pleyel,
1667 639 226 49 Perthuis,
1931 638 104 48 Léo,

94 706 220 49 Albrecht,
339 708 133 39 m'ont
503 714 169 43 engagé
692 714 21 33 à
736 710 167 38 donner
924 723 57 24 un
1005 716 183 31 concert.
1214 707 163 50 Depuis
1397 708 93 38 huit
1513 708 118 48 jours
1652 714 140 31 toutes
1812 705 61 38 les
1895 705 142 50 places

97 781 97 31 sont
214 774 153 49 prises.
400 774 49 53 Je
471 774 37 39 le
530 775 209 38 donnerai
758 775 109 38 dans
890 774 37 38 la
953 774 106 38 salle
1075 773 162 50 Pleyel,
1253 773 38 38 le
1319 776 45 35 16
1399 772 51 38 de
1467 784 45 25 ce
1534 772 127 37 mois.
1686 769 30 39 Il
1734 770 69 50 n'y
1821 784 21 24 a
1865 783 82 37 que
1963 784 74 34 300

96 838 144 40 billets
274 844 20 34 à
337 854 49 25 20
421 839 157 40 francs.
603 840 161 53 J'aurai
789 848 89 31 tout
909 841 37 37 le
965 839 110 38 beau
1098 839 158 39 monde
1277 839 203 50 parisien.
1507 836 62 39 Le
1593 837 78 45 roi,
1693 837 38 37 la
1751 837 132 44 reine,
1901 836 38 38 le
1957 836 81 39 duc

95 903 243 51 d'Orléans,
364 906 38 38 le
430 907 80 38 duc
529 907 52 38 de
602 905 311 51 Montpensier,
934 914 73 30 ont
1028 905 76 38 fait
1126 905 184 50 prendre
1333 905 165 38 chacun
1521 903 71 38 dix
1616 903 160 50 places,
1802 901 235 51 quoiqu'ils

96 972 140 37 soient
252 985 51 24 en
317 971 114 38 deuil
446 980 39 30 et
499 973 214 49 qu'aucun
724 973 121 37 d'eux
856 985 52 24 ne
922 973 145 48 puisse
1078 973 135 36 venir.
1228 969 69 40 On
1315 970 183 38 s'inscrit
1513 982 110 37 pour
1636 983 57 24 un
1705 969 152 37 second
1870 976 168 31 concert

97 1049 83 37 que
202 1036 330 51 probablement
551 1039 37 49 je
610 1051 52 25 ne
678 1038 207 39 donnerai
908 1050 92 37 pas,
1026 1051 70 24 car
1117 1037 38 38 le
1177 1037 186 49 premier
1386 1036 218 38 m'ennuie
1623 1035 110 50 déjà,
1768 1033 44 39 M
1818 1041 40 14 me
1881 1032 155 49 S[and]

94 1110 63 30 est
180 1103 194 49 toujours
394 1107 20 33 à
440 1103 37 38 la
498 1116 240 39 campagne
760 1116 99 25 avec
882 1101 216 51 Borie(i),
1124 1115 79 26 son
1225 1100 83 50 fils,
1332 1101 209 39 Lambert
1564 1109 40 31 et
1621 1100 261 50 Augustine,
1906 1100 131 50 qu'on

94 1169 135 37 marie
266 1170 322 46 certainement,
612 1173 21 33 à
667 1181 44 25 ce
747 1167 102 51 qu'il
889 1172 153 46 paraît,
1070 1172 21 33 à
1133 1182 58 23 un
1226 1168 161 37 certain
1411 1166 252 50 professeur
1684 1166 52 38 de
1759 1166 146 38 dessin
1925 1167 51 37 de
1996 1166 39 37 la

95 1235 129 48 petite
245 1234 99 38 ville
379 1234 51 38 de
453 1234 116 37 Tulle
574 1265 9 14 ,
612 1248 57 24 un
689 1235 84 36 ami
795 1232 210 40 âtBorie.
1030 1231 95 39 Elle
1143 1245 54 25 ne
1218 1232 84 37 m'a
1320 1232 98 49 plus
1439 1233 104 36 écrit
1565 1246 58 23 un
1644 1232 91 37 seul
1758 1239 105 40 mot,
1887 1232 42 37 ni
1948 1233 88 37 moi

97 1303 21 34 à
139 1300 94 38 elle.
266 1299 94 39 Elle
378 1314 20 23 a
442 1300 195 38 ordonné
675 1314 52 24 au
770 1299 283 50 propriétaire
1072 1298 52 37 de
1146 1297 122 39 louer
1290 1310 79 25 son
1393 1305 305 42 appartement
1720 1296 51 39 de
1794 1296 137 39 Paris.
1960 1296 75 39 Sol

96 1364 163 38 m'écrit
297 1364 154 49 qu'elle
482 1372 62 30 est
573 1364 100 38 chez
709 1377 77 25 son
811 1369 100 44 père
942 1363 244 46 Dudevant,
1218 1376 52 25 en
1300 1361 245 50 Gascogne.
1582 1361 91 40 Son
1696 1364 109 37 mari
1834 1371 63 30 est
1916 1364 67 44 ici,
2009 1364 26 37 il

99 1430 182 37 termine
305 1441 67 25 ses
391 1428 195 39 marbres
609 1443 110 36 pour
747 1429 286 50 l'Exposition
1063 1430 72 49 qui
1157 1443 101 24 aura
1283 1429 84 38 lieu
1404 1443 53 24 au
1492 1443 123 24 mars.
1641 1427 73 40 Sol
1741 1443 21 24 a
1783 1433 64 34 été
1867 1429 170 38 malade

95 1494 98 37 chez
229 1507 78 26 son
339 1499 111 44 père.
490 1493 55 39 Ils
573 1494 119 39 n'ont
734 1507 76 38 pas
832 1495 212 50 d'argent,
1065 1496 28 37 il
1109 1503 102 30 vaut
1234 1495 111 40 donc
1369 1497 142 38 mieux
1536 1509 82 37 que
1642 1494 76 41 Sol
1741 1509 127 36 passe
1887 1496 149 38 l'hiver

96 1561 108 37 dans
242 1575 59 23 un
322 1559 111 39 beau
454 1561 158 37 climat.
637 1559 114 40 Mais
770 1560 38 39 la
831 1575 162 36 pauvre
1011 1561 208 39 s'ennuie.
1238 1561 117 38 Belle
1378 1562 94 37 lune
1493 1562 49 37 de
1557 1561 97 38 miel
1675 1566 14 34 !
1709 1561 67 38 En
1796 1562 237 47 attendant,

94 1626 38 37 la
174 1631 116 32 mère
313 1627 101 37 écrit
450 1626 52 38 de
540 1625 138 40 beaux
713 1625 246 41 feuilletons
996 1627 109 38 dans
1141 1628 59 37 les
1223 1626 165 40 Débats.
1426 1626 94 40 Elle
1548 1628 99 49 joue
1673 1627 37 38 la
1733 1628 193 37 comédie
1949 1632 20 33 à
1994 1628 40 37 la

95 1705 258 36 campagne,
377 1692 109 38 dans
506 1692 37 38 la
562 1691 205 39 chambre
790 1693 191 49 nuptiale
1003 1693 52 39 de
1078 1707 44 24 sa
1147 1691 88 40 fille
1258 1704 8 35 ;
1289 1693 80 38 elle
1392 1692 198 49 s'oublie,
1613 1691 224 40 s'étourdit
1868 1706 167 25 comme

94 1757 80 38 elle
201 1766 115 41 peut,
342 1766 39 29 et
403 1771 52 24 ne
475 1757 233 39 s'éveillera
734 1771 81 37 que
838 1759 144 49 quand
1007 1759 37 38 le
1056 1772 118 25 cœur
1187 1759 58 38 lui
1260 1757 87 40 fera
1367 1767 93 41 trop
1478 1759 103 48 mal,
1600 1772 44 25 ce
1661 1772 120 25 cœur
1802 1772 52 25 en
1878 1772 44 25 ce
1939 1773 64 25 mo-

94 1831 116 29 ment
235 1822 172 39 accablé
426 1837 78 36 par
525 1823 38 37 la
584 1827 95 35 tête.
697 1823 81 53 J'ai
797 1823 75 39 fait
888 1838 68 24 ma
978 1826 113 37 croix
1111 1825 235 38 là-dessus.
1370 1822 95 52 Que
1488 1824 112 39 Dieu
1621 1824 38 38 la
1680 1830 196 44 protège,
1900 1827 32 36 si
1956 1826 79 38 elle

94 1902 53 24 ne
163 1890 80 36 sait
265 1902 78 36 pas
362 1889 218 38 discerner
601 1890 37 37 le
659 1888 209 41 véritable
891 1890 287 39 attachement
1201 1891 51 38 de
1275 1890 38 38 la
1337 1890 199 38 flatterie.
1557 1889 69 39 Du
1650 1898 128 41 reste,
1801 1891 100 38 c'est
1917 1901 95 40 peut-

93 1958 88 34 être
201 1959 20 33 à
263 1956 87 37 moi
384 1956 91 37 seul
517 1968 83 37 que
619 1955 60 38 les
699 1963 145 31 autres
872 1957 242 49 paraissent
1133 1957 74 38 des
1231 1957 207 44 flatteurs,
1465 1956 142 38 tandis
1632 1970 83 36 que
1736 1970 78 25 son
1836 1956 199 40 bonheur

92 2029 63 29 est
183 2019 311 39 effectivement
521 2020 39 38 là
588 2027 53 32 où
679 2022 36 49 je
747 2034 53 25 ne
837 2022 224 50 l'aperçois
1093 2035 92 37 pas.
1211 2020 79 40 Ses
1317 2024 109 36 amis
1449 2030 39 30 et
1512 2034 67 26 ses
1600 2024 167 36 voisins
1785 2023 248 51 longtemps

92 2084 119 40 n'ont
249 2087 90 37 rien
368 2088 187 48 compris
576 2090 21 34 à
636 2100 44 24 ce
715 2088 73 49 qui
827 2087 99 39 s'est
956 2091 128 46 passé
1106 2088 39 38 là
1165 2101 68 25 ces
1255 2088 194 38 derniers
1467 2096 157 42 temps,
1647 2090 110 37 mais
1779 2090 53 37 ils
1852 2087 62 52 s'y
1936 2098 98 30 sont

94 2151 329 50 probablement
461 2152 94 50 déjà
592 2152 217 39 habitués.
834 2150 131 40 Enfin
985 2164 215 38 personne
1223 2165 52 25 ne
1297 2166 159 36 pourra
1480 2154 153 49 jamais
1651 2154 143 38 suivre
1814 2154 61 38 les
1898 2162 136 31 traces

92 2217 127 38 d'une
259 2220 94 35 âme
391 2217 216 39 tellement
642 2219 276 48 capricieuse.
953 2216 105 40 Huit
1090 2222 159 34 années
1286 2218 127 38 d'une
1453 2220 68 37 vie
1562 2224 174 45 rangée,
1760 2220 138 39 c'était
1918 2229 110 42 trop.

92 2282 109 39 Dieu
225 2297 20 24 a
278 2285 161 47 permis
472 2297 83 36 que
586 2297 44 24 ce
668 2283 165 39 fussent
867 2284 61 37 les
951 2288 160 34 années
1135 2290 54 32 où
1213 2283 60 38 les
1308 2282 171 40 enfants
1501 2285 341 47 grandissaient,
1867 2294 40 31 et
1931 2288 35 37 si
1989 2300 45 25 ce

92 2346 116 40 n'eût
242 2353 65 33 été
338 2351 102 46 moi,
466 2350 37 49 je
537 2362 54 25 ne
612 2351 85 36 sais
717 2349 152 50 depuis
894 2348 197 40 combien
1107 2350 52 37 de
1176 2358 138 41 temps
1334 2350 61 37 les
1418 2349 170 40 enfants
1618 2353 186 38 seraient
1821 2365 101 26 avec
1943 2353 92 38 leur

93 2419 100 44 père
229 2422 41 30 et
307 2427 86 26 non
421 2415 97 49 plus
541 2428 101 25 avec
664 2415 95 38 elle.
781 2414 53 39 Et
855 2414 208 49 Maurice,
1088 2419 20 34 à
1130 2415 38 38 la
1190 2417 212 48 première
1424 2415 145 39 bonne
1587 2419 215 47 occasion,
1827 2418 203 39 s'enfuira

92 2479 100 38 chez
229 2493 78 25 son
341 2485 115 45 père.
480 2479 113 39 Mais
617 2485 215 45 peut-être
855 2489 170 30 sont-ce
1047 2481 38 38 là
1105 2482 61 37 les
1181 2482 245 38 conditions
1446 2482 52 38 de
1521 2495 78 26 son
1623 2485 230 47 existence,
1880 2485 52 38 de
1955 2498 78 26 son

93 2545 132 39 talent
265 2544 244 48 d'écrivain,
548 2547 52 38 de
635 2559 79 27 son
751 2546 198 40 bonheur
970 2551 15 35 ?
1021 2545 95 51 Que
1139 2548 86 38 cela
1244 2561 52 25 ne
1319 2556 38 30 te
1380 2556 245 31 tourmente
1647 2562 94 37 pas,
1764 2550 101 39 c'est
1887 2552 35 37 si
1942 2552 90 38 loin

92 2612 93 49 déjà
205 2614 6 35 !
250 2610 61 39 Le
343 2620 137 41 temps
515 2620 62 30 est
597 2627 57 23 un
682 2613 137 48 grand
856 2613 208 39 médecin.
1094 2613 179 53 Jusqu'à
1299 2619 173 45 présent
1494 2615 38 49 je
1552 2615 97 38 n'en
1673 2617 91 38 suis
1785 2630 78 37 pas
1878 2631 154 26 encore

91 2678 144 38 remis.
276 2676 115 40 C'est
431 2691 110 37 pour
577 2679 87 38 cela
694 2692 82 36 que
795 2680 36 49 je
854 2692 52 26 ne
927 2692 109 26 vous
1052 2681 107 37 écris
1181 2693 77 37 pas
1284 2695 7 31 ;
1315 2688 91 31 tout
1426 2694 45 25 ce
1496 2694 82 38 que
1595 2683 38 49 je
1653 2695 262 37 commence,
1935 2685 37 47 je
1994 2685 38 38 le

91 2742 137 38 brûle.
269 2743 110 38 Faut
407 2745 131 37 écrire
560 2747 7 36 !
612 2753 39 29 et
682 2747 216 47 pourquoi
921 2749 15 35 ?
970 2744 64 40 Ne
1070 2746 158 38 vaut-il
1248 2759 79 36 pas
1350 2747 141 39 mieux
1511 2759 54 27 ne
1581 2759 77 38 pas
1682 2750 132 37 écrire
1834 2749 56 39 du
1905 2758 91 31 tout
2016 2755 15 34 ?

90 2807 113 39 Mais
225 2808 28 37 il
267 2822 27 35 y
316 2810 74 36 asi
428 2809 245 50 longtemps
709 2823 81 36 que
825 2823 109 25 nous
960 2823 52 25 ne
1051 2824 109 24 nous
1202 2824 190 26 sommes
1424 2826 81 25 vus
1525 2826 101 26 sans
1650 2827 166 25 aucune
1849 2815 179 47 bataille,

92 2886 100 25 sans
224 2886 166 25 aucune
426 2878 157 35 scène!
617 2874 53 39 Et
707 2876 37 49 je
775 2888 52 25 ne
864 2878 182 47 pouvais
1089 2877 104 37 aller
1224 2877 100 38 chez
1346 2878 95 47 elle,
1461 2888 129 41 ayant
1606 2893 111 36 pour
1739 2881 221 39 condition
1980 2883 50 37 de

90 2939 157 48 garder
279 2939 37 38 le
356 2939 158 38 silence
545 2953 73 26 sur
655 2953 44 25 sa
741 2939 100 40 fille.
884 2940 61 39 La
972 2940 100 49 fille,
1096 2956 54 25 au
1172 2953 194 29 moment
1387 2945 52 37 de
1456 2958 43 26 se
1524 2946 154 38 rendre
1697 2946 101 38 chez
1814 2960 79 26 son
1906 2953 118 45 père,

92 3017 21 24 a
136 3019 55 23 vu
229 3017 45 24 sa
313 3010 115 32 mère
466 3006 71 48 qui
575 3005 52 37 l'a
661 3018 123 35 reçue
818 3004 273 51 froidement,
1134 3016 39 29 et
1204 3011 72 47 qui
1294 3010 66 38 n'a
1383 3024 76 36 pas
1480 3012 133 38 voulu
1632 3013 94 37 voir
1748 3026 79 25 son
1848 3014 178 48 gendre.

89 3068 113 39 Mais
233 3067 116 39 enfin
385 3068 45 38 M
437 3077 41 16 me
503 3067 44 40 S.
575 3072 227 37 entretient
825 3085 54 24 au
903 3074 142 36 moins
1068 3086 84 25 une
1171 3073 139 40 froide
1332 3078 375 50 correspondance
1731 3092 101 25 avec
1854 3092 44 26 sa
1923 3078 102 47 fille,

89 3135 87 38 cela
209 3148 67 25 me
302 3135 167 50 réjouit,
507 3149 70 25 car
602 3136 186 49 quelque
814 3137 84 39 lien
924 3140 131 37 existe
1077 3152 153 27 encore
1251 3151 119 30 entre
1390 3143 37 38 la
1448 3149 116 33 mère
1580 3152 40 30 et
1642 3144 38 39 la
1705 3143 100 41 fille.

131 3327 46 42 (1)
200 3328 121 32 Victor
340 3329 115 38 Borie,
473 3329 217 40 journaliste.
