2169 3622
2039 143 46 47 83

669 154 192 26 LETTRES
896 155 56 24 DE
985 154 162 27 CHOPIN
1181 156 23 23 A
1238 155 48 26 SA
1317 155 182 25 FAMILLE

93 258 55 26 on
171 243 83 40 m'a
278 244 125 52 placé
433 249 21 35 à
479 258 85 27 une
594 244 117 40 table
734 258 113 38 pour
881 258 70 26 me
989 253 197 31 montrer
1223 244 182 41 l'album
1441 245 104 40 d'un
1572 246 168 50 peintre
1774 246 73 50 qui
1873 259 21 25 a
1917 249 170 47 voyagé

97 317 45 35 16
167 325 78 26 ans
275 325 53 26 en
358 311 256 54 Amérique,
641 322 40 31 et
716 314 38 51 je
774 313 85 39 n'ai
892 327 58 37 pu
989 313 114 38 m'en
1140 313 219 39 arracher.
1387 312 181 52 Quelles
1602 312 268 40 admirables
1905 313 178 39 choses!

90 379 116 40 Mais
229 381 29 38 il
276 395 27 37 y
323 395 54 26 en
398 383 117 38 avait
538 390 95 43 trop
654 386 21 35 à
699 382 39 39 la
756 380 84 41 fois
860 396 8 32 ;
896 393 102 26 sans
1016 379 90 40 cela
1130 380 38 50 je
1183 381 136 38 serais
1337 381 84 39 allé
1437 395 55 25 au
1513 388 173 32 concert
1708 380 53 39 de
1781 379 302 52 Vieuxtemps.

91 447 121 41 Pour
234 449 179 40 demain
438 463 56 26 on
516 458 172 43 promet
713 463 80 25 aux
815 448 178 39 Italiens
1023 463 59 24 un
1105 448 169 39 théâtre
1297 449 231 50 espagnol.
1548 449 96 40 Une
1668 458 155 42 troupe
1845 449 241 51 espagnole

90 525 66 31 est
182 518 170 39 arrivée
375 526 40 31 et
450 518 92 39 doit
574 518 124 45 jouer
720 515 281 52 aujourd'hui
1026 519 21 35 à
1078 516 40 38 la
1156 529 120 26 cour.
1301 514 63 39 La
1391 517 118 38 reine
1531 517 250 39 douairière
1815 516 268 52 d'Espagne,

91 583 242 50 Christine,
356 593 65 32 est
443 587 68 38 ici.
534 582 311 54 Aujourd'hui,
871 592 132 31 avant
1035 584 62 39 les
1132 582 272 53 Espagnols,
1429 582 45 40 M
1482 582 42 27 Ile
1547 583 168 41 Rachel
1745 599 53 24 va
1835 586 123 50 jouer
1993 585 91 39 àla

91 666 105 26 cour
227 652 176 40 Atlialie
411 684 8 17 ,
444 653 110 38 dans
589 652 190 51 laquelle
809 651 81 39 elle
919 659 79 42 est,
1024 651 163 47 dit-on,
1213 651 306 40 merveilleuse
1538 662 7 36 ;
1574 652 38 51 je
1635 665 54 25 ne
1711 651 71 40 l'ai
1818 666 78 37 pas
1928 666 157 27 encore

87 734 99 26 vue.
215 719 72 42 On
309 721 147 39 donne
478 720 174 39 Atlialie
675 733 104 26 avec
814 719 62 39 les
906 719 177 40 chœurs
1106 719 54 40 de
1191 718 167 41 Gossec.
1384 717 167 42 Gossec
1568 720 103 38 était
1694 734 59 24 un
1786 722 299 50 compositeur

89 786 192 51 français
306 801 144 27 connu
474 796 41 31 et
534 789 155 38 estimé
709 792 21 34 à
752 788 40 38 la
814 785 61 41 fin
895 786 58 40 du
978 786 129 40 siècle
1136 787 189 39 dernier.
1352 786 122 40 Dans
1490 787 63 39 les
1576 786 198 40 derniers
1795 795 142 44 temps
1969 802 56 26 on
2061 804 21 24 a

88 856 101 50 joué
228 869 172 27 comme
438 854 134 40 finale
608 856 111 38 dans
759 856 62 38 les
854 854 177 40 chœurs
1061 854 38 39 A
1104 853 172 39 Atlialie
1310 854 60 38 les
1412 852 301 53 magnifiques
1752 855 177 40 chœurs
1960 856 54 39 de
2042 856 39 39 la

90 921 204 41 Création
328 923 55 39 du
405 924 155 38 monde
568 954 7 17 ,
614 923 53 39 de
702 922 174 52 Haydn.
903 922 182 51 Gossec,
1120 923 242 39 entendant
1390 937 59 25 un
1482 924 97 50 jour
1614 936 70 26 ces
1717 924 175 40 chœurs
1925 924 159 48 [c'était

90 990 28 39 il
140 1006 28 36 y
188 1006 21 24 a
234 1006 47 35 34
306 1005 95 33 ans,
421 992 28 38 il
473 993 104 37 était
596 992 116 38 donc
734 990 103 40 bien
865 992 128 39 vieux
1014 988 151 55 alors),
1195 991 62 39 dit
1276 991 112 39 dans
1410 999 121 31 toute
1567 1005 45 25 sa
1637 995 172 37 naïveté
1830 1008 7 24 :
1874 1005 19 27 «
1917 993 50 54 je
1995 992 85 41 n'ai

90 1073 144 25 aucun
258 1060 208 38 souvenir
484 1057 170 41 d'avoir
676 1060 104 38 écrit
809 1059 106 39 cela.
941 1070 19 26 ))
986 1057 70 41 On
1076 1059 39 39 le
1138 1066 93 32 crut
1261 1057 264 41 facilement.

143 1126 197 54 J'envoie
381 1131 22 35 à
441 1126 166 40 Louise
648 1140 86 26 une
772 1128 133 50 petite
940 1127 124 39 lettre
1102 1127 53 39 de
1185 1125 46 40 M
1238 1124 40 27 lie
1324 1127 53 38 de
1413 1126 224 50 Rozières,
1675 1127 113 38 mais
1824 1141 168 25 aucune
2029 1128 54 39 de

88 1192 47 40 M
141 1201 44 18 me
205 1192 176 54 S[and],
407 1194 82 39 elle
509 1208 46 25 se
574 1196 188 50 pressait
802 1203 95 43 trop
922 1199 22 34 à
968 1196 152 50 partir.
1142 1193 49 55 Je
1221 1195 125 40 viens
1375 1207 157 26 encore
1555 1194 53 39 de
1640 1195 194 39 recevoir
1856 1195 75 39 des
1969 1209 85 26 nou-

88 1261 136 39 velles
252 1262 54 39 cle
331 1260 183 41 Nohant
539 1277 7 24 :
583 1275 56 26 on
660 1275 45 26 se
734 1270 125 44 porte
878 1261 104 40 bien
1002 1270 40 31 et
1063 1275 56 26 on
1143 1263 173 49 change
1344 1262 54 39 de
1420 1275 204 26 nouveau
1663 1262 344 50 l'arrangement
2029 1264 52 38 de

90 1329 39 38 la
151 1331 174 38 maison
352 1345 7 32 ;
381 1343 55 26 on
457 1331 114 38 aime
592 1334 21 34 à
639 1330 210 50 changer,
876 1334 21 35 à
921 1343 225 37 arranger.
1172 1329 135 47 Luce,
1334 1331 75 50 qui
1429 1331 103 38 était
1563 1331 140 50 partie
1725 1330 97 39 d'ici
1847 1344 103 26 avec
1983 1345 97 36 eux,

88 1411 21 24 a
138 1401 67 35 été
225 1400 204 49 renvoyée
451 1397 76 40 dès
561 1411 79 26 son
671 1399 183 48 arrivée,
880 1397 174 52 d'après
1090 1411 46 26 ce
1160 1397 134 52 qu'on
1315 1397 182 50 m'écrit,
1523 1398 53 39 de
1602 1407 116 30 sorte
1743 1399 105 50 qu'il
1880 1414 54 25 ne
1970 1409 112 31 reste

88 1465 101 50 plus
224 1479 59 26 un
307 1465 93 39 seul
424 1466 77 38 des
534 1467 178 38 anciens
736 1467 238 38 serviteurs
997 1479 85 38 que
1112 1466 63 39 les
1207 1465 300 40 Iedrzeïewicz
1531 1474 75 31 ont
1627 1480 97 25 vus.
1751 1465 64 41 Le
1844 1468 128 40 vieux
1995 1470 66 50 jar-

89 1532 142 39 dinier
254 1534 90 50 qui,
374 1533 194 50 pendant
599 1541 215 43 quarante
847 1547 94 33 ans,
974 1547 21 25 a
1018 1534 112 38 servi
1166 1533 39 38 la
1239 1532 181 50 famille,
1443 1535 100 49 puis
1579 1533 252 51 Françoise,
1856 1538 73 49 qui
1965 1551 28 36 y
2018 1545 65 31 est

90 1604 138 35 restée
256 1603 45 36 18
326 1613 95 33 ans,
447 1608 40 31 et
519 1601 276 38 maintenant
817 1599 134 49 Luce,
978 1602 74 49 qui
1080 1615 27 36 y
1130 1608 65 31 est
1210 1604 80 35 née
1310 1608 40 31 et
1373 1602 74 49 qui
1469 1614 21 25 a
1527 1604 67 35 été
1612 1606 151 45 portée
1799 1616 55 25 au
1877 1601 205 53 baptême

87 1681 103 26 avec
220 1665 212 52 Solange,
455 1668 110 38 dans
598 1668 38 39 le
655 1672 145 35 même
831 1667 188 40 berceau
1043 1683 6 24 :
1077 1676 99 31 tous
1200 1676 100 31 sont
1333 1672 136 35 restés
1492 1668 206 51 jusqu'au
1721 1679 198 30 moment
1943 1677 55 33 où
2019 1680 65 31 est

87 1740 146 34 entrée
256 1735 111 39 clans
394 1735 39 39 la
458 1736 175 39 maison
657 1744 108 31 cette
788 1737 181 38 cousine
993 1737 74 50 qui
1091 1744 173 43 compte
1284 1749 75 27 sur
1390 1735 213 48 Maurice,
1633 1736 145 40 tandis
1803 1751 84 38 que
1907 1739 176 39 celui-ci

86 1802 159 53 profite
267 1802 141 41 d'elle.
435 1801 98 53 Que
556 1804 86 38 ceci
668 1812 113 31 reste
800 1812 122 31 entre
945 1817 128 26 nous.

142 1870 31 40 Il
194 1880 65 31 est
287 1885 40 25 II
356 1871 174 39 heures.
553 1870 47 40 M
607 1870 41 26 lIe
671 1872 52 38 de
742 1870 209 42 Rozières
973 1873 120 38 vient
1116 1872 53 39 de
1203 1874 139 45 venir,
1368 1871 82 39 elle
1473 1884 45 26 se
1542 1870 173 40 chauffe
1738 1872 160 40 devant
1917 1873 39 39 la
1982 1874 77 39 che-

85 1940 144 38 minée
264 1947 41 31 et
350 1938 199 40 s'étonne
585 1952 84 38 que
705 1954 69 24 ma
815 1939 124 39 lettre
969 1953 53 25 ne
1056 1940 83 38 soit
1171 1952 80 38 pas
1275 1953 158 27 encore
1459 1943 155 49 partie.
1643 1941 96 40 Elle
1780 1943 138 48 gémit
1946 1956 76 26 sur
2044 1943 38 39 la

83 2006 220 40 vieillesse
324 2006 53 39 de
401 2020 44 25 sa
470 2006 125 40 lettre
614 2015 41 31 et
676 2015 103 31 veut
801 2020 53 26 en
879 2008 135 38 écrire
1031 2020 86 26 une
1140 2015 139 32 autre.
1302 2006 173 41 Encore
1497 2022 87 26 une
1604 2008 85 40 fois
1708 2009 70 52 j'ai
1802 2014 66 35 été
1891 2010 194 50 dérangé

85 2087 53 25 en
158 2075 209 47 écrivant,
391 2082 40 30 et
450 2074 39 38 la
514 2074 181 51 journée
725 2082 65 32 est
828 2079 170 47 passée.
1025 2074 126 40 Donc
1183 2075 95 39 hier
1300 2075 70 51 j'ai
1399 2080 67 35 été
1499 2076 102 40 chez
1635 2075 213 49 Scheffer,
1874 2077 102 40 d'où
2014 2078 70 51 j'ai

84 2141 78 40 fait
199 2154 86 27 une
306 2142 128 39 visite
459 2146 22 34 à
509 2141 232 40 Delacroix
760 2157 7 32 ;
810 2155 54 25 en
900 2142 217 39 revanche
1147 2142 71 51 j'ai
1253 2142 148 40 donné
1440 2145 146 38 moins
1605 2143 54 40 de
1697 2144 162 50 leçons.
1887 2144 122 40 Pour
2045 2145 39 40 le

84 2210 125 39 dîner
232 2211 37 50 je
291 2209 86 39 n'ai
400 2223 80 38 pas
497 2209 137 40 voulu
654 2208 275 50 m'habiller;
957 2210 38 39 le
1019 2211 90 38 soir
1125 2210 70 51 j'ai
1218 2210 184 52 préludé
1424 2220 40 30 et
1487 2211 252 40 chantonné
1761 2212 76 39 des
1861 2212 222 40 chansons

82 2277 305 40 vistuliennes.
408 2277 50 54 Je
495 2291 70 26 me
589 2279 91 38 suis
704 2277 176 40 réveillé
904 2290 46 26 ce
985 2279 139 37 matin
1151 2281 21 35 à
1197 2292 20 36 7
1243 2277 161 40 heures
1430 2293 7 33 ;
1477 2291 105 27 mon
1614 2279 120 39 élève
1767 2277 228 42 Gutmann
2019 2289 64 30 est

82 2359 114 26 venu
220 2359 69 26 me
312 2345 243 40 demander
573 2346 52 39 de
645 2359 54 26 ne
718 2359 79 38 pas
822 2344 174 41 oublier
1018 2359 46 25 sa
1087 2346 143 39 soirée
1263 2344 330 53 d'aujourd'hui
1619 2362 8 32 ;
1665 2346 184 41 Durand
1882 2356 64 31 est
1967 2361 114 27 venu

85 2415 118 38 aussi
227 2422 40 31 et
290 2428 57 25 on
368 2429 21 24 a
415 2418 183 47 apporté
620 2414 38 39 le
691 2414 215 39 chocolat.
930 2411 109 41 Mon
1063 2413 202 39 chocolat
1284 2427 70 26 me
1377 2415 120 38 vient
1519 2415 54 38 de
1600 2413 250 49 Bordeaux,
1875 2422 56 33 où
1952 2429 56 26 on
2043 2416 37 39 le

82 2481 79 40 fait
180 2488 153 45 exprès
365 2495 113 39 pour
500 2483 106 46 moi,
629 2495 104 26 sans
757 2495 143 26 aucun
923 2494 166 36 arôme,
1115 2481 113 38 dans
1251 2494 85 26 une
1362 2483 175 38 maison
1560 2483 163 50 privée,
1743 2483 102 39 chez
1866 2497 86 26 une
1974 2497 79 27 cou-

83 2551 93 38 sine
200 2550 52 39 de
272 2563 93 26 mes
389 2550 282 39 charmantes
694 2549 158 45 élèves,
880 2550 74 50 qui
975 2561 69 26 me
1064 2550 171 38 nourrit
1257 2549 54 38 de
1334 2563 45 25 ce
1402 2549 215 40 chocolat.

137 2617 125 40 Nous
285 2630 139 27 avons
445 2630 158 27 encore
643 2630 54 27 eu
728 2630 46 26 ce
809 2618 138 37 matin
976 2629 87 26 une
1085 2618 132 49 petite
1242 2617 138 49 gelée,
1419 2632 79 36 par
1523 2617 204 40 bonheur
1759 2624 86 33 très
1868 2620 132 49 petite
2037 2627 41 31 et

81 2683 340 52 probablement
457 2698 85 37 peu
577 2683 192 40 nuisible
805 2697 112 37 pour
951 2683 63 39 les
1052 2684 200 45 récoltes,
1285 2684 107 39 dont
1425 2698 56 25 on
1504 2690 153 45 espère
1699 2684 229 53 beaucoup
1968 2694 108 31 cette

81 2756 153 36 année.
261 2751 62 41 Le
357 2752 71 39 blé
450 2761 64 31 est
548 2757 316 35 extrêmement
906 2752 115 45 cher,
1046 2764 171 27 comme
1243 2764 112 27 vous
1388 2764 143 33 savez,
1558 2759 40 32 et
1617 2752 29 39 il
1671 2766 28 37 y
1722 2766 22 25 a
1781 2765 87 26 une
1905 2753 170 49 grande

81 2822 176 48 misère,
281 2820 170 50 malgré
481 2819 308 52 l'inépuisable
815 2820 179 38 charité.
1025 2818 47 40 M
1078 2827 45 17 me
1159 2817 29 41 S
1214 2817 118 53 andj,
1358 2832 171 26 comme
1560 2832 112 27 vous
1704 2833 103 27 avez
1837 2835 59 37 pu
1928 2821 38 39 le
2005 2834 47 26 re-

81 2902 223 38 marquer,
328 2886 79 41 fait
423 2886 231 52 beaucoup
678 2888 52 38 de
749 2886 102 40 bien
873 2887 111 39 dans
1007 2887 39 39 le
1067 2886 163 51 village
1252 2895 41 31 et
1315 2887 109 39 dans
1444 2886 62 40 les
1538 2889 223 49 environs,
1784 2896 41 32 et
1847 2889 102 39 c'est
1987 2903 86 25 une

80 2957 77 39 des
172 2956 71 40 dix
261 2969 154 27 causes
434 2968 114 39 pour
568 2954 251 52 lesquelles,
844 2968 103 26 sans
970 2963 196 43 compter
1181 2955 39 39 le
1242 2956 198 49 mariage
1473 2968 158 38 rompu
1652 2956 52 38 de
1728 2969 44 25 sa
1805 2954 103 49 fille,
1928 2956 82 40 elle
2030 2971 39 35 a,

81 3034 64 31 cet
167 3025 138 50 hiver,
345 3025 138 51 quitté
518 3024 103 38 sitôt
652 3022 39 40 la
726 3022 117 39 ville.
880 3020 93 42 Son
1008 3022 175 40 dernier
1221 3036 195 37 ouvrage
1450 3022 152 52 publié
1634 3031 65 31 est
1738 3023 201 40 Lucrezia
1965 3024 81 39 Flo-

80 3092 113 40 riani
221 3092 71 51 (1).
331 3092 122 40 Dans
485 3099 155 44 quatre
678 3092 113 38 mois
833 3090 39 40 la
910 3090 151 39 Presse
1101 3090 201 52 publiera
1347 3105 81 26 son
1463 3104 203 26 nouveau
1705 3104 156 27 roman
1898 3092 174 40 intitulé

124 3243 46 42 (1)
195 3245 97 30 Dans
316 3246 31 29 le
374 3254 125 22 roman
520 3242 168 32 Lucrezia
709 3239 168 33 Floriani
882 3266 5 13 ,
911 3242 47 32 G.
985 3241 98 33 Sand
1103 3242 101 41 peint
1221 3245 31 29 le
1274 3242 124 41 prince
1421 3241 160 41 Charles,
1607 3245 131 38 auquel
1758 3245 65 30 elle
1840 3248 98 36 prête
1957 3243 89 33 beau-

83 3302 92 31 coup
195 3293 60 32 des
282 3292 100 33 traits
400 3293 46 31 du
471 3293 181 32 caractère
675 3290 43 32 de
741 3290 155 41 Chopin.
917 3291 25 31 Il
974 3297 116 35 paraît
1113 3295 130 38 qu'elle
1261 3293 127 31 voulut
1409 3291 41 31 de
1475 3298 92 25 cette
1591 3292 157 32 manière
1771 3292 85 32 faire
1880 3304 166 29 compren-

83 3341 61 32 dre
168 3344 18 29 à
207 3341 141 41 Chopin
365 3351 70 31 que
461 3341 60 32 des
541 3339 172 33 relations
735 3349 84 22 avec
840 3350 46 20 un
906 3339 143 33 homme
1068 3340 85 32 dont
1171 3344 31 29 la
1219 3342 99 30 santé
1337 3340 84 32 était
1445 3340 153 32 détruite
1624 3341 211 32 devenaient
1858 3354 47 19 un
1925 3342 143 33 fardeau

83 3401 91 28 pour
198 3394 78 35 elle,
301 3398 32 26 et
353 3393 130 39 qu'elle
501 3389 107 33 serait
632 3389 83 31 bien
738 3388 72 32 aise
833 3389 86 40 qu'il
939 3390 134 32 donnât
1096 3401 37 21 sa
1157 3390 194 32 démission
1387 3389 44 32 G.
1454 3388 97 33 Sand
1577 3389 57 32 nie
1650 3391 310 41 énergiquement,
1983 3392 86 32 dans

83 3439 179 33 ÏHistoire
291 3441 39 30 de
353 3452 57 19 ma
441 3440 52 32 vie
500 3465 6 13 :
544 3438 99 34 avoir
665 3441 109 30 voulu
803 3438 150 41 peindre
989 3439 141 40 Chopin
1151 3439 87 33 dans
1270 3443 32 28 le
1327 3439 123 40 prince
1474 3438 159 33 Charles.
1668 3439 223 40 Cependant,
1922 3441 93 31 Liszt
2038 3448 31 24 et
