2169 3622
725 204 244 27 SOUVENIRS
1004 196 170 33 INÉDITS
1208 204 54 23 DE
1295 203 159 26 CHOPIN

190 232 2 0 110

115 296 123 38 viens
252 294 427 40 malheureusement
702 296 21 33 à
748 292 134 37 sentir
895 291 37 38 le
951 289 169 48 besoin,
1140 291 236 45 crois-moi,
1399 298 73 30 ton
1489 291 134 49 esprit
1646 293 116 34 étant
1781 289 144 37 moins
1940 287 123 47 libre,

120 369 73 31 ton
217 370 63 30 art
300 362 214 47 languira,
546 359 41 49 je
621 371 52 26 ne
710 366 37 30 te
779 357 129 38 cache
939 370 79 37 pas
1054 370 85 37 que
1162 356 88 39 cela
1289 353 254 53 m'inquiète
1583 364 40 29 et
1656 367 83 37 que
1763 362 44 30 tu
1839 367 67 25 me
1936 353 131 40 ferais

117 428 138 49 grand
272 428 152 49 plaisir
443 428 33 36 si
498 434 43 30 tu
560 425 183 50 pouvais
761 436 67 25 me
845 436 198 26 rassurer
1058 428 21 33 à
1101 432 64 31 cet
1181 422 150 50 égard.
1353 421 183 51 D'après
1551 430 39 30 ta
1611 421 200 39 dernière
1833 421 138 46 lettre,
1994 429 73 31 ton

117 501 170 31 concert
309 493 89 38 doit
414 494 120 37 avoir
552 492 85 38 lieu
661 491 36 38 le
733 494 49 36 26
822 490 56 39 du
903 499 193 31 courant.
1124 489 110 40 Dieu
1262 489 158 39 veuille
1444 501 83 38 que
1550 496 43 31 tu
1619 489 255 45 réussisses;
1898 489 109 37 mais
2030 489 37 49 je

118 560 171 38 t'avoue
314 572 84 37 que
425 559 37 50 je
489 560 141 37 crains
663 571 82 37 que
765 566 99 31 tous
889 571 67 25 ces
986 557 164 38 retards
1184 555 319 40 n'aboutissent
1526 559 21 34 à
1570 556 105 37 rien.
1701 553 114 40 Mais
1835 567 169 26 comme
2023 568 45 26 ce

118 634 139 41 temps
279 625 108 38 n'est
409 638 78 37 pas
511 625 88 38 loin
619 625 56 38 du
699 625 96 50 jour
816 625 50 38 de
890 633 39 30 ta
953 623 98 47 fête,
1069 637 82 37 que
1169 624 36 50 je
1230 632 38 29 te
1289 623 201 40 souhaite
1510 621 144 40 bonne
1677 634 52 25 en
1762 620 306 41 t'embrassant

116 693 56 38 du
196 691 199 40 meilleur
416 692 52 39 de
487 705 103 26 mon
608 705 131 34 cœur,
767 705 45 25 ce
844 692 172 38 dernier
1038 699 136 31 terme
1194 704 95 25 sera
1307 694 219 47 peut-être
1545 689 99 51 plus
1663 687 224 40 favorable
1906 701 82 37 que
2007 689 61 38 les

116 766 159 32 autres.

175 823 148 52 Quant
345 829 20 34 à
384 834 122 31 notre
530 827 222 43 situation,
777 838 113 26 nous
908 839 135 26 avons
1059 825 57 39 du
1139 826 102 49 pain
1261 833 39 30 et
1314 837 111 26 nous
1442 836 111 26 nous
1574 831 255 37 soutenons,
1860 835 52 25 en
1934 822 114 50 jouis-

124 900 97 31 sant
236 892 127 39 d'une
384 905 120 26 assez
523 892 145 39 bonne
688 896 121 34 santé
835 903 7 37 ;
866 901 134 41 quant
1024 896 21 34 à
1064 893 36 38 la
1127 893 160 48 tienne,
1306 893 38 48 je
1367 893 90 37 suis
1477 889 100 40 bien
1599 891 90 37 aise
1709 889 131 51 qu'on
1859 897 38 30 te
1920 897 150 31 trouve

120 960 121 37 avoir
262 959 223 38 meilleure
508 960 116 37 mine
666 956 362 53 qu'auparavant.
1070 957 168 40 Encore
1268 971 83 26 une
1392 957 83 40 fois
1519 966 37 30 ta
1583 962 118 33 mère
1724 964 39 31 et
1788 957 88 38 moi
1897 968 111 26 nous
2032 964 38 31 te

122 1037 207 37 pressons
354 1033 145 31 contre
520 1034 123 31 notre
663 1038 132 25 cœur,

1821 1088 82 40 CH.

917 1251 130 39 [Lettre
1067 1251 41 30 de
1134 1250 138 39 Louise]

177 1386 43 8 ...
255 1357 256 47 nécessaire,
537 1356 224 38 écris-moi
783 1369 58 24 un
863 1354 121 38 billet
1008 1358 21 34 à
1052 1361 96 43 part
1169 1352 54 52 (1)
1261 1383 25 10 ..
1321 1354 30 38 il
1380 1368 27 37 y
1444 1368 102 25 aura
1583 1354 75 39 des
1700 1368 233 37 soupçons,
1962 1357 109 37 mais

120 1431 96 31 tous
239 1435 53 25 ne
310 1430 186 42 peuvent
517 1420 170 40 tomber
705 1434 73 26 sur
797 1421 38 38 la
857 1424 140 34 même
1011 1420 92 38 idée
1127 1430 7 36 ;
1156 1420 28 38 il
1205 1420 165 39 vaudra
1386 1422 142 38 mieux
1552 1421 160 51 qu'une
1726 1422 116 39 seule
1855 1435 217 38 personne

122 1488 127 38 sache
266 1489 38 37 la
320 1489 148 37 vérité.
491 1486 114 40 Sans
621 1488 131 38 doute
776 1495 43 31 tu
843 1500 46 25 as
906 1500 155 26 encore
1083 1487 75 38 des
1181 1486 224 40 embarras
1429 1500 102 26 avec
1553 1496 75 30 ton
1650 1496 170 31 concert
1839 1502 8 33 ;
1873 1501 112 27 nous
2018 1502 53 25 ne

127 1568 182 37 croyons
336 1567 76 37 pas
437 1554 104 51 qu'il
564 1555 147 49 puisse
733 1556 121 37 avoir
870 1554 83 38 lieu
974 1554 37 38 le
1041 1558 48 34 26
1111 1568 9 31 ;
1144 1555 37 49 je
1202 1562 39 30 te
1263 1554 144 50 plains
1430 1556 301 38 sincèrement.

176 1621 49 53 Je
240 1621 209 39 voudrais
467 1634 84 37 que
569 1630 43 30 tu
632 1620 140 40 fusses
796 1620 260 39 débarrassé
1077 1634 54 24 au
1165 1620 98 50 plus
1295 1623 60 36 tôt
1379 1621 52 38 de
1466 1629 63 31 cet
1569 1623 132 37 ennui
1720 1629 41 31 et
1784 1634 82 38 que
1896 1635 111 37 papa
2032 1629 39 31 et

125 1687 189 47 Els[ner]
334 1695 177 30 eussent
539 1700 84 25 une
654 1686 223 39 meilleure
899 1688 180 49 opinion
1120 1686 52 39 de
1198 1685 357 53 Kalk[brenner],
1591 1689 73 49 qui
1689 1688 93 39 leur
1812 1692 140 46 paraît
1986 1701 83 37 peu

127 1755 163 37 sincère
308 1766 101 25 avec
429 1754 57 37 toi
510 1767 8 32 ;
544 1751 166 52 parfois
732 1750 289 53 l'impatience
1034 1765 69 25 me
1125 1752 153 51 prend,
1298 1766 71 25 car
1385 1752 133 46 enfin,
1536 1754 192 50 quoique
1747 1755 126 50 jeune
1898 1767 171 32 encore,

127 1829 43 29 tu
191 1833 46 25 as
260 1832 119 26 assez
400 1820 52 38 de
475 1820 148 38 raison
644 1832 111 37 pour
775 1832 53 26 ne
850 1832 78 37 pas
951 1827 39 30 te
1013 1819 154 38 laisser
1197 1832 151 26 mener
1369 1834 79 35 par
1481 1820 38 38 le
1550 1833 93 26 nez.
1683 1819 65 41 Ne
1769 1829 38 29 te
1828 1819 125 39 fâche
1975 1833 93 37 pas,

121 1895 92 31 tout
229 1886 87 39 cela
340 1888 117 37 vient
477 1886 51 38 de
551 1894 124 30 notre
696 1886 139 49 grand
855 1886 290 39 attachement
1164 1899 111 37 pour
1293 1888 74 37 toi.
1389 1886 276 49 Imagine-toi
1680 1900 83 37 que
1778 1885 267 41 MmeWiesio-

124 1951 1 53 !
141 1953 165 39 lowska
323 1951 2 53 i
373 1961 63 30 est
475 1954 165 37 arrivée
672 1956 21 34 à
727 1952 226 39 Zelazowa
990 1952 129 40 Wola
1143 1963 8 37 ;
1193 1951 62 40 M.
1299 1952 161 40 Michel
1482 1955 157 45 [comte
1658 1951 220 53 Skarbek]
1901 1966 113 26 nous
2049 1967 20 24 a

120 2022 165 45 envoyé
308 2017 221 47 chercher,
551 2018 110 37 mais
685 2030 167 25 comme
868 2029 173 26 maman
1064 2019 115 37 avait
1197 2018 116 39 alors
1335 2019 76 38 des
1430 2020 209 38 douleurs
1673 2020 251 49 d'estomac,
1968 2017 106 55 qu'il

121 2083 133 49 gelait
277 2088 84 34 très
380 2082 98 48 fort,
506 2091 39 30 et
569 2096 83 37 que
671 2097 112 36 papa
803 2081 160 40 n'avait
981 2097 78 36 pas
1080 2084 38 38 le
1153 2093 139 42 temps
1329 2085 152 39 d'aller
1505 2086 205 40 chercher
1732 2100 79 27 son
1846 2100 228 40 passeport

120 2162 111 36 pour
246 2163 58 24 un
335 2162 172 37 voyage
530 2149 102 39 d'un
656 2150 109 49 jour,
790 2162 216 37 personne
1028 2149 52 38 de
1108 2163 111 26 nous
1255 2151 109 39 n'est
1398 2154 128 48 parti.
1571 2151 124 41 Nous
1736 2167 53 25 en
1826 2157 140 38 étions
1989 2163 84 33 très

122 2217 250 47 contrariés,
395 2223 40 30 et
454 2213 95 40 Mme
570 2213 376 53 Wie[siolowska]
965 2229 111 26 nous
1098 2215 76 41 fait
1195 2221 140 36 même
1356 2220 118 47 grise
1501 2220 131 47 mine,
1656 2220 57 39 du
1753 2231 141 40 regret
1928 2224 52 38 de
2021 2238 52 25 ne

120 2293 111 26 nous
252 2282 121 37 avoir
394 2294 78 37 pas
494 2293 105 35 vus;
626 2293 111 26 nous
760 2294 134 25 avons
918 2283 195 49 toujours
1134 2282 38 39 la
1198 2283 267 51 malchance,
1484 2290 141 35 même
1640 2288 146 49 quand
1807 2302 111 26 nous
1938 2304 136 26 avons

124 2350 36 38 la
181 2350 97 50 plus
313 2352 164 37 sincère
505 2351 125 37 envie
652 2349 280 51 d'accomplir
962 2364 80 25 nos
1075 2352 161 49 projets
1256 2363 9 37 ;
1287 2354 273 37 maintenant
1584 2355 118 37 aussi
1731 2355 54 37 ils
1806 2365 156 31 auront
1985 2359 88 49 pris

122 2429 111 37 pour
249 2430 58 25 un
329 2420 191 46 prétexte
549 2416 38 38 la
609 2415 97 50 plus
749 2416 127 39 réelle
903 2417 322 50 impossibilité.
1250 2416 89 41 Peu
1359 2420 201 49 importe.

176 2481 195 51 Puisque
391 2482 62 39 les
475 2495 111 36 gens
609 2490 99 31 sont
730 2483 35 38 si
801 2481 121 40 bêtes
942 2483 52 38 de
1015 2497 44 25 se
1078 2484 157 39 laisser
1253 2486 275 49 importuner
1550 2500 78 37 par
1651 2487 38 38 la
1711 2490 201 38 moindre
1936 2490 111 50 baga-

123 2548 113 49 telle,
264 2548 144 38 tandis
430 2561 85 38 que
538 2549 62 38 les
619 2549 191 49 grandes
833 2549 153 40 choses
1009 2551 245 50 échappent
1275 2556 21 34 à
1320 2552 97 39 leur
1439 2554 381 49 compréhension,
1846 2556 54 38 ils
1923 2571 53 25 ne
1998 2573 52 24 va-

123 2615 88 38 lent
230 2627 79 38 pas
332 2615 38 38 la
391 2617 129 49 peine
541 2615 133 51 qu'on
697 2615 199 51 s'occupe
915 2617 139 46 d'eux,
1081 2617 93 40 leur
1190 2619 156 38 valeur
1368 2619 131 38 réelle
1515 2620 110 39 n'est
1647 2634 80 37 pas
1749 2623 183 47 grande.
1950 2623 124 41 Nous

126 2681 234 51 plaignons
379 2681 226 51 beaucoup
626 2680 61 40 M.
713 2682 89 44 Fréj
818 2683 132 49 déric,
976 2692 139 31 comte
1138 2683 239 49 Skarbek],
1400 2699 73 25 car
1494 2699 70 26 ses
1587 2686 173 40 affaires
1779 2702 53 25 ne
1854 2689 60 39 lui
1953 2695 98 35 réus-

124 2749 246 49 sissentpas
391 2748 98 50 plus
511 2761 84 37 que
614 2749 38 38 le
671 2747 242 51 labourage
935 2754 21 35 à
979 2765 59 24 un
1052 2751 105 52 Juif,
1182 2759 40 31 et
1240 2752 30 39 il
1287 2754 152 37 mérite
1458 2761 206 42 pourtant
1686 2756 144 39 mieux
1851 2770 82 37 que
1956 2758 88 38 cela
2064 2773 7 32 ;

130 2813 148 50 quand
302 2813 37 39 le
366 2823 88 30 sort
497 2814 225 39 s'acharne
764 2824 147 31 contre
944 2817 256 50 quelqu'un,
1237 2818 29 39 il
1302 2820 83 38 sait
1423 2824 265 46 persécuter.
1722 2822 188 52 J'aurais
1931 2833 94 42 trop
2053 2829 21 34 à

129 2880 135 37 écrire
285 2880 34 37 si
342 2880 37 50 je
402 2881 151 38 devais
571 2888 93 32 tout
689 2890 39 30 te
767 2891 200 30 raconter
984 2894 8 37 ;
1037 2885 36 48 je
1096 2884 130 39 laisse
1259 2885 39 39 le
1339 2894 113 31 reste
1489 2900 115 37 pour
1623 2888 38 38 le
1684 2899 195 30 moment
1901 2897 56 33 où
1980 2892 37 50 je
2037 2900 38 30 te

128 2946 204 38 reverrai.

168 3110 46 41 (1)
236 3111 96 30 Dans
355 3112 31 29 la
410 3112 99 29 lettre
530 3109 187 40 ci-dessus,
743 3111 88 31 ainsi
854 3121 68 30 que
945 3112 85 32 dans
1052 3116 173 37 quelques
1240 3122 116 24 autres
1376 3116 61 40 qui
1459 3117 152 39 suivent,
1633 3127 35 21 se
1691 3125 162 26 trouvent
1873 3120 60 31 des
1952 3131 103 29 passa-

125 3168 63 31 ges
224 3157 221 40 incomplets.
483 3158 49 30 En
556 3158 102 38 voici,
680 3159 30 40 je
732 3170 166 28 suppose,
932 3163 30 28 la
984 3171 105 21 cause
1106 3172 5 28 ;
1151 3164 133 38 quand,
1309 3167 100 37 après
1439 3167 31 30 la
1492 3173 90 24 mort
1608 3166 41 31 de
1679 3167 152 40 Chopin,
1855 3179 53 21 ses
1936 3170 138 39 papiers

123 3207 115 30 furent
257 3207 171 40 renvoyés
447 3209 17 28 à
487 3207 170 31 Varsovie
677 3210 17 28 à
716 3217 35 21 sa
777 3207 140 38 famille,
942 3218 53 21 ses
1017 3220 112 20 sœurs
1157 3221 42 21 ne
1223 3212 189 40 gardèrent
1443 3224 134 21 comme
1602 3215 167 32 souvenir
1790 3226 68 31 que
1876 3228 36 20 sa
1941 3228 115 21 corres-

125 3254 185 38 pondance
330 3264 80 21 avec
431 3264 62 21 son
510 3256 94 38 père,
626 3254 76 42 déjà
722 3262 88 24 mort
830 3258 17 29 à
867 3264 88 24 cette
972 3259 150 39 époque,
1147 3259 224 34 n'accordant
1391 3273 136 20 aucune
1545 3266 122 29 valeur
1679 3266 17 28 à
1716 3274 38 21 ce
1773 3268 145 37 qu'elles
1937 3266 138 32 avaient

125 3301 85 33 écrit
233 3304 17 30 à
273 3304 75 29 leur
369 3302 99 32 frère.
495 3303 89 31 C'est
605 3313 91 30 pour
711 3306 72 29 cela
803 3308 145 36 quelles
969 3308 95 29 n'ont
1082 3310 169 29 conservé
1272 3319 69 30 que
1362 3312 49 29 les
1433 3310 193 42 fragments
1649 3312 60 31 des
1736 3316 120 28 lettres
1885 3322 189 24 contenant

125 3350 175 32 l'écriture
322 3350 41 32 de
386 3354 75 28 leur
478 3353 94 37 père,
596 3359 32 24 et
651 3351 60 32 des
727 3353 266 40 post-scriptum
1013 3354 59 32 des
1085 3365 113 22 sœurs
1216 3356 22 30 il
1259 3360 53 29 n'a
1332 3360 53 30 été
1404 3361 106 29 sauvé
1528 3370 70 30 que
1613 3370 39 21 ce
1668 3361 61 39 qui
1748 3361 84 32 était
1846 3362 85 32 écrit
1948 3365 17 30 à
1991 3366 68 29 l'en-

125 3409 77 22 vers
222 3399 41 31 de
285 3409 56 22 ces
363 3399 136 32 feuilles
513 3412 8 25 ;
539 3402 30 29 le
588 3407 89 25 reste
696 3401 49 31 fut
762 3401 169 39 découpé.
