2974 3850
1081 514 482 73 PREMIERS
1615 519 281 70 MOTS.

298 831 222 70 Notre
572 831 313 70 volonté:

305 902 10 10 *

301 1018 188 94 Agir.
594 1014 315 74 Prendre
993 1018 121 70 des
1202 1027 386 72 initiatives,
1660 1049 87 43 ne
1830 1051 124 65 pas
2030 1024 315 72 attendre
2424 1026 273 94 qu'elles

301 1216 178 43 nous
533 1197 409 62 reviennent
993 1188 513 73 d'Outre-Rhin.

301 1372 221 69 Notre
576 1372 216 70 désir:

303 1563 379 94 Regarder,
733 1569 173 71 voir,
957 1562 356 75 entendre,
1368 1560 350 80 chercher,
1773 1576 63 56 et
1891 1590 178 44 vous
2126 1592 357 43 emmener
2532 1593 168 44 avec

303 1778 197 44 nous.

298 1882 1 42 '
618 1882 3 42 .
644 1882 3 42 -
877 1914 6 4 -
901 1882 4 42 ;
2023 1882 1 42 ■
2133 1882 5 5 *
2206 1894 39 30 V

302 1941 246 69 Aimer
599 1939 66 70 la
716 1945 107 61 vie
877 1950 68 57 et
994 1963 182 43 vous
1225 1936 62 69 le
1341 1934 148 71 dire
1505 1966 15 48 ;
1572 1935 62 70 la
1689 1945 190 61 vivre
1910 1949 66 57 et
2009 1964 176 43 vous
2220 1967 44 66 y
2300 1948 302 62 convier.

1757 2098 10 17 \

306 2127 113 70 Un
462 2134 171 86 jour
686 2150 175 43 vous
895 2150 85 42 ne
1023 2129 438 85 compreniez
1498 2148 126 68 pas
1663 2123 155 70 telle
1873 2124 210 70 chose
2127 2152 133 66 que
2301 2152 175 42 vous
2521 2152 147 43 com-

305 2340 254 66 prenez
611 2311 481 95 aujourd'hui;'
1133 2310 321 92 rappelez
1492 2335 175 45 vous
1721 2311 320 69 combien
2084 2324 174 57 cette
2295 2312 208 69 chose
2542 2320 162 61 était

307 2507 409 62 inexistante
778 2523 183 66 pour
1021 2524 175 44 vous
1280 2495 355 75 AYANT,
1727 2509 66 56 et
1877 2496 320 69 combien
2272 2498 129 68 elle
2493 2508 211 61 existe

654 2660 19 18 *
2155 2668 5 9 /

308 2682 379 77 DEPUIS;
746 2682 544 93 rappelez-vous,
1351 2681 542 94 rappelez-vous,
1949 2693 66 57 et
2066 2710 86 40 ne
2208 2682 174 70 dites
2425 2711 153 64 pas:
2630 2692 86 85 je*

2240 2849 17 25 /

311 2904 87 41 ne
453 2875 424 93 comprends
929 2884 198 85 point
1180 2875 154 68 telle
1389 2876 227 78 chose,
1674 2876 179 69 donc
1909 2876 125 69 elle
2089 2904 44 39 n
2151 2889 103 56 est
2307 2904 140 65 pas.

306 3063 235 68 Venez
595 3089 167 42 avec
791 3089 194 51 nous,
1016 3062 398 92 regardons,
1444 3089 288 67 voyons,
1765 3064 404 78 entendons,
2206 3065 405 71 cherchons.

2387 3265 174 71 SIC
