<?xml version="1.0" encoding="UTF-8"?>
<alto xmlns:xsi="http://www.w3.org/2001/XMLSchema-instance" xmlns="http://www.loc.gov/standards/alto/ns-v2#" xsi:schemaLocation="http://www.loc.gov/standards/alto/ns-v2# http://www.loc.gov/standards/alto/alto-v2.0.xsd" xmlns:xlink="http://www.w3.org/1999/xlink">
	<Description>
		<MeasurementUnit>mm10</MeasurementUnit>
		<sourceImageInformation>
			<fileName>//fileserver7/IN2/Princeton/Batch5/bmtnabi/1858/11/20_01/00000798.tif</fileName>
		</sourceImageInformation>
		<OCRProcessing ID="OCRPROCESSING_1">
			<preProcessingStep>
				<processingSoftware>
					<softwareCreator>CCS Content Conversion Specialists GmbH, Germany</softwareCreator>
					<softwareName>CCS docWORKS</softwareName>
					<softwareVersion>6.6-1.18</softwareVersion>
				</processingSoftware>
			</preProcessingStep>
			<ocrProcessingStep>
				<processingSoftware>
					<softwareCreator>ABBYY (BIT Software), Russia</softwareCreator>
					<softwareName>FineReader</softwareName>
					<softwareVersion>10.0</softwareVersion>
				</processingSoftware>
			</ocrProcessingStep>
		</OCRProcessing>
	</Description>
	<Styles>
		<TextStyle ID="TXT_0" FONTSIZE="21" FONTFAMILY="Times New Roman"/>
		<TextStyle ID="TXT_1" FONTSIZE="16" FONTFAMILY="Times New Roman"/>
		<ParagraphStyle ID="PAR_CENTER" ALIGN="Center"/>
		<ParagraphStyle ID="PAR_BLOCK" ALIGN="Block"/>
	</Styles>
	<Layout>
		<Page ID="P2" PHYSICAL_IMG_NR="2" HEIGHT="4442" WIDTH="3505" PRINTED_IMG_NR="370" PC="0.936">
			<TopMargin ID="P2_TM00001" HPOS="0" VPOS="0" WIDTH="3505" HEIGHT="258">
				<TextBlock ID="P2_TB00001" HPOS="1720" VPOS="203" WIDTH="112" HEIGHT="53" STYLEREFS="TXT_0 PAR_CENTER">
					<TextLine ID="P2_TL00001" HPOS="1720" VPOS="203" WIDTH="112" HEIGHT="53">
						<String ID="P2_ST00001" HPOS="1720" VPOS="203" WIDTH="112" HEIGHT="53" CONTENT="370" WC="0.36" CC="674"/>
					</TextLine>
				</TextBlock>
			</TopMargin>
			<LeftMargin ID="P2_LM00001" HPOS="0" VPOS="258" WIDTH="152" HEIGHT="4083"/>
			<RightMargin ID="P2_RM00001" HPOS="3393" VPOS="258" WIDTH="112" HEIGHT="4083"/>
			<BottomMargin ID="P2_BM00001" HPOS="0" VPOS="4341" WIDTH="3505" HEIGHT="101"/>
			<PrintSpace ID="P2_PS00001" HPOS="152" VPOS="258" WIDTH="3241" HEIGHT="4083">
				<TextBlock ID="P2_TB00002" HPOS="152" VPOS="340" WIDTH="1583" HEIGHT="4001" STYLEREFS="TXT_1 PAR_BLOCK">
					<TextLine ID="P2_TL00002" HPOS="278" VPOS="349" WIDTH="1454" HEIGHT="72">
						<String ID="P2_ST00002" HPOS="278" VPOS="357" WIDTH="194" HEIGHT="48" CONTENT="Vorerst" WC="0.99" CC="7050012"/>
						<SP ID="P2_SP00001" HPOS="472" VPOS="405" WIDTH="37"/>
						<String ID="P2_ST00003" HPOS="509" VPOS="353" WIDTH="58" HEIGHT="51" CONTENT="ist" WC="0.98" CC="006"/>
						<SP ID="P2_SP00002" HPOS="567" VPOS="405" WIDTH="37"/>
						<String ID="P2_ST00004" HPOS="604" VPOS="352" WIDTH="74" HEIGHT="50" CONTENT="die" WC="0.96" CC="900"/>
						<SP ID="P2_SP00003" HPOS="678" VPOS="405" WIDTH="30"/>
						<String ID="P2_ST00005" HPOS="708" VPOS="352" WIDTH="153" HEIGHT="52" CONTENT="Wahl" WC="0.97" CC="8040"/>
						<SP ID="P2_SP00004" HPOS="861" VPOS="405" WIDTH="30"/>
						<String ID="P2_ST00006" HPOS="891" VPOS="349" WIDTH="80" HEIGHT="52" CONTENT="des" WC="0.93" CC="837"/>
						<SP ID="P2_SP00005" HPOS="971" VPOS="405" WIDTH="32"/>
						<String ID="P2_ST00007" HPOS="1003" VPOS="349" WIDTH="333" HEIGHT="72" CONTENT="Gral-Mythus" WC="0.99" CC="05053090725"/>
						<SP ID="P2_SP00006" HPOS="1336" VPOS="421" WIDTH="28"/>
						<String ID="P2_ST00008" HPOS="1364" VPOS="353" WIDTH="110" HEIGHT="51" CONTENT="sehr" WC="0.98" CC="0070"/>
						<SP ID="P2_SP00007" HPOS="1474" VPOS="421" WIDTH="29"/>
						<String ID="P2_ST00009" HPOS="1503" VPOS="350" WIDTH="201" HEIGHT="69" CONTENT="unglück" SUBS_TYPE="HypPart1" SUBS_CONTENT="unglücklich." WC="0.99" CC="5005000"/>
						<HYP HPOS="1704" VPOS="350" WIDTH="28" CONTENT="-"/>
					</TextLine>
					<TextLine ID="P2_TL00003" HPOS="159" VPOS="432" WIDTH="1572" HEIGHT="69">
						<String ID="P2_ST00010" HPOS="159" VPOS="437" WIDTH="101" HEIGHT="50" CONTENT="lich." SUBS_TYPE="HypPart2" SUBS_CONTENT="unglücklich." WC="0.96" CC="66961"/>
						<SP ID="P2_SP00008" HPOS="260" VPOS="487" WIDTH="32"/>
						<String ID="P2_ST00011" HPOS="292" VPOS="435" WIDTH="77" HEIGHT="51" CONTENT="Sie" WC="0.96" CC="460"/>
						<SP ID="P2_SP00009" HPOS="369" VPOS="487" WIDTH="24"/>
						<String ID="P2_ST00012" HPOS="393" VPOS="433" WIDTH="120" HEIGHT="51" CONTENT="wird" WC="0.97" CC="9200"/>
						<SP ID="P2_SP00010" HPOS="513" VPOS="487" WIDTH="23"/>
						<String ID="P2_ST00013" HPOS="536" VPOS="451" WIDTH="47" HEIGHT="33" CONTENT="es" WC="1.00" CC="00"/>
						<SP ID="P2_SP00011" HPOS="583" VPOS="487" WIDTH="23"/>
						<String ID="P2_ST00014" HPOS="606" VPOS="433" WIDTH="191" HEIGHT="68" CONTENT="doppelt" WC="0.99" CC="0090000"/>
						<SP ID="P2_SP00012" HPOS="797" VPOS="501" WIDTH="26"/>
						<String ID="P2_ST00015" HPOS="823" VPOS="432" WIDTH="156" HEIGHT="50" CONTENT="neben" WC="0.97" CC="50608"/>
						<SP ID="P2_SP00013" HPOS="979" VPOS="501" WIDTH="30"/>
						<String ID="P2_ST00016" HPOS="1009" VPOS="434" WIDTH="306" HEIGHT="67" CONTENT="Wagner's" WC="0.97" CC="00000010"/>
						<SP ID="P2_SP00014" HPOS="1315" VPOS="501" WIDTH="30"/>
						<String ID="P2_ST00017" HPOS="1345" VPOS="433" WIDTH="194" HEIGHT="66" CONTENT="eigenen" WC="0.99" CC="0093002"/>
						<SP ID="P2_SP00015" HPOS="1539" VPOS="501" WIDTH="19"/>
						<String ID="P2_ST00018" HPOS="1558" VPOS="432" WIDTH="145" HEIGHT="49" CONTENT="Anfor" SUBS_TYPE="HypPart1" SUBS_CONTENT="Anforderungen:" WC="0.99" CC="53000"/>
						<HYP HPOS="1703" VPOS="432" WIDTH="28" CONTENT="-"/>
					</TextLine>
					<TextLine ID="P2_TL00004" HPOS="156" VPOS="512" WIDTH="1576" HEIGHT="72">
						<String ID="P2_ST00019" HPOS="156" VPOS="518" WIDTH="268" HEIGHT="66" CONTENT="derungen:" SUBS_TYPE="HypPart2" SUBS_CONTENT="Anforderungen:" WC="1.00" CC="404000020"/>
						<SP ID="P2_SP00016" HPOS="424" VPOS="584" WIDTH="29"/>
						<String ID="P2_ST00020" HPOS="453" VPOS="515" WIDTH="74" HEIGHT="50" CONTENT="ein" WC="0.99" CC="200"/>
						<SP ID="P2_SP00017" HPOS="527" VPOS="584" WIDTH="24"/>
						<String ID="P2_ST00021" HPOS="551" VPOS="514" WIDTH="315" HEIGHT="67" CONTENT="Opern-Text" WC="0.99" CC="4000700060"/>
						<SP ID="P2_SP00018" HPOS="866" VPOS="584" WIDTH="21"/>
						<String ID="P2_ST00022" HPOS="887" VPOS="517" WIDTH="157" HEIGHT="47" CONTENT="müsse" WC="0.98" CC="08500"/>
						<SP ID="P2_SP00019" HPOS="1044" VPOS="584" WIDTH="23"/>
						<String ID="P2_ST00023" HPOS="1067" VPOS="531" WIDTH="83" HEIGHT="33" CONTENT="vor" WC="0.96" CC="540"/>
						<SP ID="P2_SP00020" HPOS="1150" VPOS="584" WIDTH="22"/>
						<String ID="P2_ST00024" HPOS="1172" VPOS="515" WIDTH="154" HEIGHT="50" CONTENT="Allem" WC="0.98" CC="45300"/>
						<SP ID="P2_SP00021" HPOS="1326" VPOS="584" WIDTH="30"/>
						<String ID="P2_ST00025" HPOS="1356" VPOS="512" WIDTH="376" HEIGHT="57" CONTENT="volksthümlich," WC="0.68" CC="60506737140002"/>
					</TextLine>
					<TextLine ID="P2_TL00005" HPOS="157" VPOS="593" WIDTH="1576" HEIGHT="71">
						<String ID="P2_ST00026" HPOS="157" VPOS="595" WIDTH="249" HEIGHT="69" CONTENT="allgemein" WC="0.99" CC="763800015"/>
						<SP ID="P2_SP00022" HPOS="406" VPOS="664" WIDTH="28"/>
						<String ID="P2_ST00027" HPOS="434" VPOS="593" WIDTH="307" HEIGHT="52" CONTENT="verständlich" WC="0.99" CC="020069700000"/>
						<SP ID="P2_SP00023" HPOS="741" VPOS="664" WIDTH="31"/>
						<String ID="P2_ST00028" HPOS="772" VPOS="594" WIDTH="115" HEIGHT="59" CONTENT="sein," WC="0.99" CC="33012"/>
						<SP ID="P2_SP00024" HPOS="887" VPOS="664" WIDTH="40"/>
						<String ID="P2_ST00029" HPOS="927" VPOS="593" WIDTH="75" HEIGHT="52" CONTENT="die" WC="0.97" CC="800"/>
						<SP ID="P2_SP00025" HPOS="1002" VPOS="664" WIDTH="28"/>
						<String ID="P2_ST00030" HPOS="1030" VPOS="594" WIDTH="175" HEIGHT="51" CONTENT="Nation" WC="0.98" CC="700234"/>
						<SP ID="P2_SP00026" HPOS="1205" VPOS="664" WIDTH="30"/>
						<String ID="P2_ST00031" HPOS="1235" VPOS="595" WIDTH="44" HEIGHT="49" CONTENT="in" WC="0.81" CC="21"/>
						<SP ID="P2_SP00027" HPOS="1279" VPOS="664" WIDTH="30"/>
						<String ID="P2_ST00032" HPOS="1309" VPOS="593" WIDTH="149" HEIGHT="49" CONTENT="ihrem" WC="0.99" CC="00500"/>
						<SP ID="P2_SP00028" HPOS="1458" VPOS="664" WIDTH="33"/>
						<String ID="P2_ST00033" HPOS="1491" VPOS="594" WIDTH="242" HEIGHT="47" CONTENT="Innersten" WC="0.99" CC="505060502"/>
					</TextLine>
					<TextLine ID="P2_TL00006" HPOS="156" VPOS="672" WIDTH="1576" HEIGHT="72">
						<String ID="P2_ST00034" HPOS="156" VPOS="675" WIDTH="232" HEIGHT="69" CONTENT="ergreifen" WC="1.00" CC="109200000"/>
						<SP ID="P2_SP00029" HPOS="388" VPOS="744" WIDTH="28"/>
						<String ID="P2_ST00035" HPOS="416" VPOS="692" WIDTH="47" HEIGHT="34" CONTENT="u." WC="0.12" CC="97"/>
						<SP ID="P2_SP00030" HPOS="463" VPOS="744" WIDTH="31"/>
						<String ID="P2_ST00036" HPOS="494" VPOS="674" WIDTH="94" HEIGHT="66" CONTENT="dgl." WC="0.83" CC="0033"/>
						<SP ID="P2_SP00031" HPOS="588" VPOS="744" WIDTH="54"/>
						<String ID="P2_ST00037" HPOS="642" VPOS="675" WIDTH="130" HEIGHT="58" CONTENT="Nun," WC="0.98" CC="0600"/>
						<SP ID="P2_SP00032" HPOS="772" VPOS="744" WIDTH="38"/>
						<String ID="P2_ST00038" HPOS="810" VPOS="674" WIDTH="260" HEIGHT="51" CONTENT="exclusiver" WC="0.86" CC="0903000000"/>
						<SP ID="P2_SP00033" HPOS="1070" VPOS="744" WIDTH="28"/>
						<String ID="P2_ST00039" HPOS="1098" VPOS="674" WIDTH="122" HEIGHT="50" CONTENT="kann" WC="0.99" CC="0060"/>
						<SP ID="P2_SP00034" HPOS="1220" VPOS="744" WIDTH="32"/>
						<String ID="P2_ST00040" HPOS="1252" VPOS="672" WIDTH="124" HEIGHT="50" CONTENT="wohl" WC="0.98" CC="0270"/>
						<SP ID="P2_SP00035" HPOS="1376" VPOS="744" WIDTH="33"/>
						<String ID="P2_ST00041" HPOS="1409" VPOS="672" WIDTH="105" HEIGHT="49" CONTENT="kein" WC="0.97" CC="0608"/>
						<SP ID="P2_SP00036" HPOS="1514" VPOS="744" WIDTH="31"/>
						<String ID="P2_ST00042" HPOS="1545" VPOS="672" WIDTH="156" HEIGHT="67" CONTENT="Opern" SUBS_TYPE="HypPart1" SUBS_CONTENT="Opernheld" WC="0.97" CC="79425"/>
						<HYP HPOS="1701" VPOS="672" WIDTH="31" CONTENT="-"/>
					</TextLine>
					<TextLine ID="P2_TL00007" HPOS="156" VPOS="752" WIDTH="1575" HEIGHT="68">
						<String ID="P2_ST00043" HPOS="156" VPOS="755" WIDTH="109" HEIGHT="51" CONTENT="held" SUBS_TYPE="HypPart2" SUBS_CONTENT="Opernheld" WC="0.98" CC="2060"/>
						<SP ID="P2_SP00037" HPOS="265" VPOS="806" WIDTH="28"/>
						<String ID="P2_ST00044" HPOS="293" VPOS="755" WIDTH="116" HEIGHT="58" CONTENT="sein," WC="1.00" CC="00000"/>
						<SP ID="P2_SP00038" HPOS="409" VPOS="813" WIDTH="29"/>
						<String ID="P2_ST00045" HPOS="438" VPOS="755" WIDTH="66" HEIGHT="50" CONTENT="als" WC="0.97" CC="250"/>
						<SP ID="P2_SP00039" HPOS="504" VPOS="813" WIDTH="30"/>
						<String ID="P2_ST00046" HPOS="534" VPOS="754" WIDTH="153" HEIGHT="50" CONTENT="dieser" WC="1.00" CC="020000"/>
						<SP ID="P2_SP00040" HPOS="687" VPOS="813" WIDTH="29"/>
						<String ID="P2_ST00047" HPOS="716" VPOS="754" WIDTH="155" HEIGHT="50" CONTENT="Ritter" WC="0.99" CC="007200"/>
						<SP ID="P2_SP00041" HPOS="871" VPOS="813" WIDTH="28"/>
						<String ID="P2_ST00048" HPOS="899" VPOS="772" WIDTH="105" HEIGHT="32" CONTENT="vom" WC="0.98" CC="310"/>
						<SP ID="P2_SP00042" HPOS="1004" VPOS="813" WIDTH="24"/>
						<String ID="P2_ST00049" HPOS="1028" VPOS="754" WIDTH="200" HEIGHT="66" CONTENT="heiligen" WC="0.99" CC="70061033"/>
						<SP ID="P2_SP00043" HPOS="1228" VPOS="820" WIDTH="25"/>
						<String ID="P2_ST00050" HPOS="1253" VPOS="753" WIDTH="127" HEIGHT="49" CONTENT="Gral." WC="0.98" CC="46004"/>
						<SP ID="P2_SP00044" HPOS="1380" VPOS="820" WIDTH="38"/>
						<String ID="P2_ST00051" HPOS="1418" VPOS="752" WIDTH="118" HEIGHT="50" CONTENT="Wer" WC="0.96" CC="801"/>
						<SP ID="P2_SP00045" HPOS="1536" VPOS="820" WIDTH="23"/>
						<String ID="P2_ST00052" HPOS="1559" VPOS="752" WIDTH="56" HEIGHT="49" CONTENT="ist" WC="0.99" CC="030"/>
						<SP ID="P2_SP00046" HPOS="1615" VPOS="820" WIDTH="23"/>
						<String ID="P2_ST00053" HPOS="1638" VPOS="753" WIDTH="62" HEIGHT="48" CONTENT="Lo" SUBS_TYPE="HypPart1" SUBS_CONTENT="Lohengrin?" WC="0.89" CC="00"/>
						<HYP HPOS="1700" VPOS="753" WIDTH="31" CONTENT="-"/>
					</TextLine>
					<TextLine ID="P2_TL00008" HPOS="157" VPOS="832" WIDTH="1574" HEIGHT="72">
						<String ID="P2_ST00054" HPOS="157" VPOS="837" WIDTH="233" HEIGHT="67" CONTENT="hengrin?" SUBS_TYPE="HypPart2" SUBS_CONTENT="Lohengrin?" WC="0.41" CC="75296355"/>
						<SP ID="P2_SP00047" HPOS="390" VPOS="904" WIDTH="29"/>
						<String ID="P2_ST00055" HPOS="419" VPOS="837" WIDTH="126" HEIGHT="49" CONTENT="Wer" WC="0.97" CC="016"/>
						<SP ID="P2_SP00048" HPOS="545" VPOS="904" WIDTH="24"/>
						<String ID="P2_ST00056" HPOS="569" VPOS="835" WIDTH="56" HEIGHT="50" CONTENT="ist" WC="0.97" CC="140"/>
						<SP ID="P2_SP00049" HPOS="625" VPOS="904" WIDTH="22"/>
						<String ID="P2_ST00057" HPOS="647" VPOS="834" WIDTH="86" HEIGHT="51" CONTENT="der" WC="0.97" CC="034"/>
						<SP ID="P2_SP00050" HPOS="733" VPOS="904" WIDTH="22"/>
						<String ID="P2_ST00058" HPOS="755" VPOS="835" WIDTH="171" HEIGHT="68" CONTENT="heilige" WC="0.98" CC="6540090"/>
						<SP ID="P2_SP00051" HPOS="926" VPOS="904" WIDTH="25"/>
						<String ID="P2_ST00059" HPOS="951" VPOS="835" WIDTH="142" HEIGHT="49" CONTENT="Gral?" WC="0.98" CC="10065"/>
						<SP ID="P2_SP00052" HPOS="1093" VPOS="904" WIDTH="29"/>
						<String ID="P2_ST00060" HPOS="1122" VPOS="834" WIDTH="83" HEIGHT="48" CONTENT="Bei" WC="0.97" CC="600"/>
						<SP ID="P2_SP00053" HPOS="1205" VPOS="904" WIDTH="30"/>
						<String ID="P2_ST00061" HPOS="1235" VPOS="832" WIDTH="228" HEIGHT="50" CONTENT="welchem" WC="1.00" CC="0000500"/>
						<SP ID="P2_SP00054" HPOS="1463" VPOS="904" WIDTH="20"/>
						<String ID="P2_ST00062" HPOS="1483" VPOS="832" WIDTH="248" HEIGHT="50" CONTENT="Publicum" WC="0.99" CC="56300027"/>
					</TextLine>
					<TextLine ID="P2_TL00009" HPOS="155" VPOS="913" WIDTH="1577" HEIGHT="55">
						<String ID="P2_ST00063" HPOS="155" VPOS="918" WIDTH="127" HEIGHT="50" CONTENT="kann" WC="0.97" CC="8060"/>
						<SP ID="P2_SP00055" HPOS="282" VPOS="968" WIDTH="29"/>
						<String ID="P2_ST00064" HPOS="311" VPOS="915" WIDTH="99" HEIGHT="51" CONTENT="und" WC="0.94" CC="456"/>
						<SP ID="P2_SP00056" HPOS="410" VPOS="968" WIDTH="38"/>
						<String ID="P2_ST00065" HPOS="448" VPOS="914" WIDTH="112" HEIGHT="52" CONTENT="darf" WC="0.96" CC="9060"/>
						<SP ID="P2_SP00057" HPOS="560" VPOS="968" WIDTH="37"/>
						<String ID="P2_ST00066" HPOS="597" VPOS="933" WIDTH="110" HEIGHT="33" CONTENT="man" WC="0.94" CC="916"/>
						<SP ID="P2_SP00058" HPOS="707" VPOS="968" WIDTH="43"/>
						<String ID="P2_ST00067" HPOS="750" VPOS="915" WIDTH="74" HEIGHT="51" CONTENT="die" WC="1.00" CC="000"/>
						<SP ID="P2_SP00059" HPOS="824" VPOS="968" WIDTH="29"/>
						<String ID="P2_ST00068" HPOS="853" VPOS="914" WIDTH="250" HEIGHT="51" CONTENT="Kenntniss" WC="0.79" CC="006803000"/>
						<SP ID="P2_SP00060" HPOS="1103" VPOS="968" WIDTH="30"/>
						<String ID="P2_ST00069" HPOS="1133" VPOS="913" WIDTH="149" HEIGHT="49" CONTENT="dieses" WC="0.99" CC="800000"/>
						<SP ID="P2_SP00061" HPOS="1282" VPOS="968" WIDTH="30"/>
						<String ID="P2_ST00070" HPOS="1312" VPOS="913" WIDTH="420" HEIGHT="49" CONTENT="mittelalterlichen" WC="0.99" CC="00705300506700656"/>
					</TextLine>
					<TextLine ID="P2_TL00010" HPOS="156" VPOS="992" WIDTH="1565" HEIGHT="73">
						<String ID="P2_ST00071" HPOS="156" VPOS="995" WIDTH="339" HEIGHT="70" CONTENT="Sagenkreises" WC="0.99" CC="539060000303"/>
						<SP ID="P2_SP00062" HPOS="495" VPOS="1065" WIDTH="29"/>
						<String ID="P2_ST00072" HPOS="524" VPOS="1003" WIDTH="342" HEIGHT="50" CONTENT="voraussetzen," WC="1.00" CC="0600600036012"/>
						<SP ID="P2_SP00063" HPOS="866" VPOS="1065" WIDTH="42"/>
						<String ID="P2_ST00073" HPOS="908" VPOS="1012" WIDTH="76" HEIGHT="30" CONTENT="um" WC="0.92" CC="10"/>
						<SP ID="P2_SP00064" HPOS="984" VPOS="1065" WIDTH="39"/>
						<String ID="P2_ST00074" HPOS="1023" VPOS="992" WIDTH="91" HEIGHT="50" CONTENT="den" WC="0.97" CC="007"/>
						<SP ID="P2_SP00065" HPOS="1114" VPOS="1065" WIDTH="36"/>
						<String ID="P2_ST00075" HPOS="1150" VPOS="993" WIDTH="97" HEIGHT="49" CONTENT="sich" WC="0.98" CC="2026"/>
						<SP ID="P2_SP00066" HPOS="1247" VPOS="1065" WIDTH="38"/>
						<String ID="P2_ST00076" HPOS="1285" VPOS="993" WIDTH="61" HEIGHT="49" CONTENT="im" WC="0.88" CC="20"/>
						<SP ID="P2_SP00067" HPOS="1346" VPOS="1065" WIDTH="44"/>
						<String ID="P2_ST00077" HPOS="1390" VPOS="993" WIDTH="331" HEIGHT="66" CONTENT='„Lohengrin"' WC="0.62" CC="53470105066"/>
					</TextLine>
					<TextLine ID="P2_TL00011" HPOS="156" VPOS="1072" WIDTH="1577" HEIGHT="56">
						<String ID="P2_ST00078" HPOS="156" VPOS="1077" WIDTH="122" HEIGHT="51" CONTENT="doch" WC="0.93" CC="8977"/>
						<SP ID="P2_SP00068" HPOS="278" VPOS="1128" WIDTH="18"/>
						<String ID="P2_ST00079" HPOS="296" VPOS="1078" WIDTH="128" HEIGHT="50" CONTENT="Alles" WC="1.00" CC="20100"/>
						<SP ID="P2_SP00069" HPOS="424" VPOS="1128" WIDTH="23"/>
						<String ID="P2_ST00080" HPOS="447" VPOS="1075" WIDTH="174" HEIGHT="51" CONTENT="dreht?" WC="0.97" CC="047756"/>
						<SP ID="P2_SP00070" HPOS="621" VPOS="1128" WIDTH="32"/>
						<String ID="P2_ST00081" HPOS="653" VPOS="1077" WIDTH="90" HEIGHT="51" CONTENT="Um" WC="0.48" CC="18"/>
						<SP ID="P2_SP00071" HPOS="743" VPOS="1128" WIDTH="24"/>
						<String ID="P2_ST00082" HPOS="767" VPOS="1074" WIDTH="100" HEIGHT="50" CONTENT="eine" WC="0.98" CC="6220"/>
						<SP ID="P2_SP00072" HPOS="867" VPOS="1128" WIDTH="19"/>
						<String ID="P2_ST00083" HPOS="886" VPOS="1073" WIDTH="135" HEIGHT="51" CONTENT="Welt" WC="0.98" CC="0063"/>
						<SP ID="P2_SP00073" HPOS="1021" VPOS="1128" WIDTH="21"/>
						<String ID="P2_ST00084" HPOS="1042" VPOS="1073" WIDTH="102" HEIGHT="49" CONTENT="sind" WC="0.97" CC="5060"/>
						<SP ID="P2_SP00074" HPOS="1144" VPOS="1128" WIDTH="23"/>
						<String ID="P2_ST00085" HPOS="1167" VPOS="1073" WIDTH="88" HEIGHT="49" CONTENT="wir" WC="0.99" CC="002"/>
						<SP ID="P2_SP00075" HPOS="1255" VPOS="1128" WIDTH="22"/>
						<String ID="P2_ST00086" HPOS="1277" VPOS="1089" WIDTH="88" HEIGHT="33" CONTENT="von" WC="0.95" CC="508"/>
						<SP ID="P2_SP00076" HPOS="1365" VPOS="1128" WIDTH="24"/>
						<String ID="P2_ST00087" HPOS="1389" VPOS="1072" WIDTH="84" HEIGHT="49" CONTENT="der" WC="0.99" CC="003"/>
						<SP ID="P2_SP00077" HPOS="1473" VPOS="1128" WIDTH="29"/>
						<String ID="P2_ST00088" HPOS="1502" VPOS="1073" WIDTH="231" HEIGHT="49" CONTENT="sittlichen" WC="0.98" CC="6058480736"/>
					</TextLine>
					<TextLine ID="P2_TL00012" HPOS="155" VPOS="1153" WIDTH="1578" HEIGHT="72">
						<String ID="P2_ST00089" HPOS="155" VPOS="1157" WIDTH="327" HEIGHT="68" CONTENT="Anschauung" WC="0.99" CC="4701604060"/>
						<SP ID="P2_SP00078" HPOS="482" VPOS="1225" WIDTH="38"/>
						<String ID="P2_ST00090" HPOS="520" VPOS="1157" WIDTH="136" HEIGHT="68" CONTENT="jener" WC="0.96" CC="46737"/>
						<SP ID="P2_SP00079" HPOS="656" VPOS="1225" WIDTH="27"/>
						<String ID="P2_ST00091" HPOS="683" VPOS="1156" WIDTH="100" HEIGHT="49" CONTENT="Zeit" WC="0.98" CC="1500"/>
						<SP ID="P2_SP00080" HPOS="783" VPOS="1225" WIDTH="40"/>
						<String ID="P2_ST00092" HPOS="823" VPOS="1153" WIDTH="96" HEIGHT="51" CONTENT="und" WC="0.97" CC="008"/>
						<SP ID="P2_SP00081" HPOS="919" VPOS="1225" WIDTH="37"/>
						<String ID="P2_ST00093" HPOS="956" VPOS="1154" WIDTH="130" HEIGHT="48" CONTENT="ihrer" WC="0.96" CC="57418"/>
						<SP ID="P2_SP00082" HPOS="1086" VPOS="1225" WIDTH="29"/>
						<String ID="P2_ST00094" HPOS="1115" VPOS="1153" WIDTH="162" HEIGHT="51" CONTENT="Poesie" WC="0.99" CC="060000"/>
						<SP ID="P2_SP00083" HPOS="1277" VPOS="1225" WIDTH="31"/>
						<String ID="P2_ST00095" HPOS="1308" VPOS="1161" WIDTH="236" HEIGHT="61" CONTENT="getrennt," WC="0.99" CC="015000802"/>
						<SP ID="P2_SP00084" HPOS="1544" VPOS="1225" WIDTH="45"/>
						<String ID="P2_ST00096" HPOS="1589" VPOS="1153" WIDTH="144" HEIGHT="51" CONTENT="deren" WC="0.96" CC="05978"/>
					</TextLine>
					<TextLine ID="P2_TL00013" HPOS="153" VPOS="1233" WIDTH="1582" HEIGHT="67">
						<String ID="P2_ST00097" HPOS="153" VPOS="1238" WIDTH="178" HEIGHT="51" CONTENT="Pathos" WC="0.99" CC="007500"/>
						<SP ID="P2_SP00085" HPOS="331" VPOS="1289" WIDTH="29"/>
						<String ID="P2_ST00098" HPOS="360" VPOS="1255" WIDTH="112" HEIGHT="33" CONTENT="man" WC="0.97" CC="007"/>
						<SP ID="P2_SP00086" HPOS="472" VPOS="1289" WIDTH="32"/>
						<String ID="P2_ST00099" HPOS="504" VPOS="1237" WIDTH="277" HEIGHT="51" CONTENT="bewaffnete" WC="0.99" CC="7008330073"/>
						<SP ID="P2_SP00087" HPOS="781" VPOS="1289" WIDTH="23"/>
						<String ID="P2_ST00100" HPOS="804" VPOS="1234" WIDTH="316" HEIGHT="66" CONTENT="Verzückung" WC="0.99" CC="0006030580"/>
						<SP ID="P2_SP00088" HPOS="1120" VPOS="1300" WIDTH="21"/>
						<String ID="P2_ST00101" HPOS="1141" VPOS="1252" WIDTH="187" HEIGHT="32" CONTENT="nennen" WC="0.98" CC="600508"/>
						<SP ID="P2_SP00089" HPOS="1328" VPOS="1300" WIDTH="29"/>
						<String ID="P2_ST00102" HPOS="1357" VPOS="1234" WIDTH="191" HEIGHT="50" CONTENT="könnte." WC="0.99" CC="0078004"/>
						<SP ID="P2_SP00090" HPOS="1548" VPOS="1300" WIDTH="30"/>
						<String ID="P2_ST00103" HPOS="1578" VPOS="1233" WIDTH="157" HEIGHT="51" CONTENT="Selbst" WC="0.98" CC="106762"/>
					</TextLine>
					<TextLine ID="P2_TL00014" HPOS="156" VPOS="1313" WIDTH="1575" HEIGHT="69">
						<String ID="P2_ST00104" HPOS="156" VPOS="1318" WIDTH="84" HEIGHT="50" CONTENT="der" WC="0.96" CC="901"/>
						<SP ID="P2_SP00091" HPOS="240" VPOS="1368" WIDTH="29"/>
						<String ID="P2_ST00105" HPOS="269" VPOS="1324" WIDTH="156" HEIGHT="44" CONTENT="ernste" WC="0.99" CC="006053"/>
						<SP ID="P2_SP00092" HPOS="425" VPOS="1368" WIDTH="29"/>
						<String ID="P2_ST00106" HPOS="454" VPOS="1313" WIDTH="423" HEIGHT="60" CONTENT="Literaturfreund," WC="1.00" CC="4062150700044600"/>
						<SP ID="P2_SP00093" HPOS="877" VPOS="1373" WIDTH="45"/>
						<String ID="P2_ST00107" HPOS="922" VPOS="1313" WIDTH="84" HEIGHT="50" CONTENT="der" WC="0.97" CC="026"/>
						<SP ID="P2_SP00094" HPOS="1006" VPOS="1373" WIDTH="28"/>
						<String ID="P2_ST00108" HPOS="1034" VPOS="1314" WIDTH="96" HEIGHT="50" CONTENT="sich" WC="0.98" CC="2006"/>
						<SP ID="P2_SP00095" HPOS="1130" VPOS="1373" WIDTH="32"/>
						<String ID="P2_ST00109" HPOS="1162" VPOS="1331" WIDTH="114" HEIGHT="51" CONTENT="gern" WC="0.99" CC="0003"/>
						<SP ID="P2_SP00096" HPOS="1276" VPOS="1382" WIDTH="46"/>
						<String ID="P2_ST00110" HPOS="1322" VPOS="1314" WIDTH="46" HEIGHT="50" CONTENT="in" WC="0.51" CC="27"/>
						<SP ID="P2_SP00097" HPOS="1368" VPOS="1382" WIDTH="30"/>
						<String ID="P2_ST00111" HPOS="1398" VPOS="1313" WIDTH="126" HEIGHT="51" CONTENT="diese" WC="1.00" CC="01001"/>
						<SP ID="P2_SP00098" HPOS="1524" VPOS="1382" WIDTH="42"/>
						<String ID="P2_ST00112" HPOS="1566" VPOS="1313" WIDTH="142" HEIGHT="51" CONTENT="christ" SUBS_TYPE="HypPart1" SUBS_CONTENT="christlichen" WC="0.99" CC="160010"/>
						<HYP HPOS="1708" VPOS="1313" WIDTH="23" CONTENT="-"/>
					</TextLine>
					<TextLine ID="P2_TL00015" HPOS="157" VPOS="1394" WIDTH="1574" HEIGHT="71">
						<String ID="P2_ST00113" HPOS="157" VPOS="1398" WIDTH="151" HEIGHT="51" CONTENT="lichen" SUBS_TYPE="HypPart2" SUBS_CONTENT="christlichen" WC="0.98" CC="550406"/>
						<SP ID="P2_SP00099" HPOS="308" VPOS="1449" WIDTH="31"/>
						<String ID="P2_ST00114" HPOS="339" VPOS="1399" WIDTH="134" HEIGHT="66" CONTENT="Epen" WC="0.98" CC="0603"/>
						<SP ID="P2_SP00100" HPOS="473" VPOS="1465" WIDTH="40"/>
						<String ID="P2_ST00115" HPOS="513" VPOS="1397" WIDTH="81" HEIGHT="49" CONTENT="des" WC="0.99" CC="001"/>
						<SP ID="P2_SP00101" HPOS="594" VPOS="1465" WIDTH="42"/>
						<String ID="P2_ST00116" HPOS="636" VPOS="1396" WIDTH="292" HEIGHT="50" CONTENT="Mittelalters" WC="0.99" CC="906050046124"/>
						<SP ID="P2_SP00102" HPOS="928" VPOS="1465" WIDTH="43"/>
						<String ID="P2_ST00117" HPOS="971" VPOS="1394" WIDTH="198" HEIGHT="60" CONTENT="vertieft," WC="0.99" CC="633051064"/>
						<SP ID="P2_SP00103" HPOS="1169" VPOS="1465" WIDTH="44"/>
						<String ID="P2_ST00118" HPOS="1213" VPOS="1394" WIDTH="120" HEIGHT="51" CONTENT="wird" WC="0.99" CC="0040"/>
						<SP ID="P2_SP00104" HPOS="1333" VPOS="1465" WIDTH="42"/>
						<String ID="P2_ST00119" HPOS="1375" VPOS="1394" WIDTH="95" HEIGHT="50" CONTENT="sich" WC="0.98" CC="1006"/>
						<SP ID="P2_SP00105" HPOS="1470" VPOS="1465" WIDTH="45"/>
						<String ID="P2_ST00120" HPOS="1515" VPOS="1394" WIDTH="216" HEIGHT="68" CONTENT="dagegen" WC="0.99" CC="0090006"/>
					</TextLine>
					<TextLine ID="P2_TL00016" HPOS="156" VPOS="1474" WIDTH="1574" HEIGHT="63">
						<String ID="P2_ST00121" HPOS="156" VPOS="1478" WIDTH="292" HEIGHT="59" CONTENT="verwahren," WC="0.99" CC="5040540483"/>
						<SP ID="P2_SP00106" HPOS="448" VPOS="1537" WIDTH="29"/>
						<String ID="P2_ST00122" HPOS="477" VPOS="1477" WIDTH="65" HEIGHT="49" CONTENT="sie" WC="0.98" CC="303"/>
						<SP ID="P2_SP00107" HPOS="542" VPOS="1537" WIDTH="29"/>
						<String ID="P2_ST00123" HPOS="571" VPOS="1474" WIDTH="356" HEIGHT="52" CONTENT="dramatisch" WC="0.99" CC="0960002007"/>
						<SP ID="P2_SP00108" HPOS="927" VPOS="1537" WIDTH="41"/>
						<String ID="P2_ST00124" HPOS="968" VPOS="1493" WIDTH="55" HEIGHT="31" CONTENT="zu" WC="0.88" CC="02"/>
						<SP ID="P2_SP00109" HPOS="1023" VPOS="1537" WIDTH="30"/>
						<String ID="P2_ST00125" HPOS="1053" VPOS="1474" WIDTH="174" HEIGHT="51" CONTENT="finden." WC="0.98" CC="8340062"/>
						<SP ID="P2_SP00110" HPOS="1227" VPOS="1537" WIDTH="50"/>
						<String ID="P2_ST00126" HPOS="1277" VPOS="1476" WIDTH="91" HEIGHT="48" CONTENT="Die" WC="0.96" CC="603"/>
						<SP ID="P2_SP00111" HPOS="1368" VPOS="1537" WIDTH="30"/>
						<String ID="P2_ST00127" HPOS="1398" VPOS="1481" WIDTH="121" HEIGHT="44" CONTENT="erste" WC="0.99" CC="30030"/>
						<SP ID="P2_SP00112" HPOS="1519" VPOS="1537" WIDTH="30"/>
						<String ID="P2_ST00128" HPOS="1549" VPOS="1474" WIDTH="151" HEIGHT="51" CONTENT="Forde" SUBS_TYPE="HypPart1" SUBS_CONTENT="Forderung," WC="0.99" CC="10900"/>
						<HYP HPOS="1700" VPOS="1474" WIDTH="30" CONTENT="-"/>
					</TextLine>
					<TextLine ID="P2_TL00017" HPOS="155" VPOS="1554" WIDTH="1575" HEIGHT="73">
						<String ID="P2_ST00129" HPOS="155" VPOS="1576" WIDTH="138" HEIGHT="51" CONTENT="rung," SUBS_TYPE="HypPart2" SUBS_CONTENT="Forderung," WC="0.99" CC="51001"/>
						<SP ID="P2_SP00113" HPOS="293" VPOS="1627" WIDTH="24"/>
						<String ID="P2_ST00130" HPOS="317" VPOS="1558" WIDTH="73" HEIGHT="48" CONTENT="die" WC="1.00" CC="000"/>
						<SP ID="P2_SP00114" HPOS="390" VPOS="1627" WIDTH="30"/>
						<String ID="P2_ST00131" HPOS="420" VPOS="1557" WIDTH="86" HEIGHT="49" CONTENT="wir" WC="0.99" CC="003"/>
						<SP ID="P2_SP00115" HPOS="506" VPOS="1627" WIDTH="28"/>
						<String ID="P2_ST00132" HPOS="534" VPOS="1573" WIDTH="82" HEIGHT="33" CONTENT="ans" WC="1.00" CC="010"/>
						<SP ID="P2_SP00116" HPOS="616" VPOS="1627" WIDTH="29"/>
						<String ID="P2_ST00133" HPOS="645" VPOS="1557" WIDTH="184" HEIGHT="49" CONTENT="Drama" WC="0.97" CC="95800"/>
						<SP ID="P2_SP00117" HPOS="829" VPOS="1627" WIDTH="29"/>
						<String ID="P2_ST00134" HPOS="858" VPOS="1556" WIDTH="182" HEIGHT="58" CONTENT="stellen," WC="0.98" CC="67055600"/>
						<SP ID="P2_SP00118" HPOS="1040" VPOS="1627" WIDTH="33"/>
						<String ID="P2_ST00135" HPOS="1073" VPOS="1557" WIDTH="71" HEIGHT="56" CONTENT="ist," WC="0.97" CC="2801"/>
						<SP ID="P2_SP00119" HPOS="1144" VPOS="1627" WIDTH="41"/>
						<String ID="P2_ST00136" HPOS="1185" VPOS="1554" WIDTH="104" HEIGHT="51" CONTENT="dass" WC="0.84" CC="0006"/>
						<SP ID="P2_SP00120" HPOS="1289" VPOS="1627" WIDTH="30"/>
						<String ID="P2_ST00137" HPOS="1319" VPOS="1572" WIDTH="47" HEIGHT="33" CONTENT="es" WC="0.94" CC="01"/>
						<SP ID="P2_SP00121" HPOS="1366" VPOS="1627" WIDTH="31"/>
						<String ID="P2_ST00138" HPOS="1397" VPOS="1572" WIDTH="85" HEIGHT="32" CONTENT="uns" WC="0.98" CC="400"/>
						<SP ID="P2_SP00122" HPOS="1482" VPOS="1627" WIDTH="33"/>
						<String ID="P2_ST00139" HPOS="1515" VPOS="1554" WIDTH="185" HEIGHT="51" CONTENT="Charak" SUBS_TYPE="HypPart1" SUBS_CONTENT="Charaktere" WC="0.99" CC="839000"/>
						<HYP HPOS="1700" VPOS="1554" WIDTH="30" CONTENT="-"/>
					</TextLine>
					<TextLine ID="P2_TL00018" HPOS="157" VPOS="1634" WIDTH="1573" HEIGHT="63">
						<String ID="P2_ST00140" HPOS="157" VPOS="1647" WIDTH="99" HEIGHT="41" CONTENT="tere" SUBS_TYPE="HypPart2" SUBS_CONTENT="Charaktere" WC="0.99" CC="0600"/>
						<SP ID="P2_SP00123" HPOS="256" VPOS="1688" WIDTH="28"/>
						<String ID="P2_ST00141" HPOS="284" VPOS="1636" WIDTH="235" HEIGHT="61" CONTENT="vorführt," WC="1.00" CC="000002002"/>
						<SP ID="P2_SP00124" HPOS="519" VPOS="1697" WIDTH="40"/>
						<String ID="P2_ST00142" HPOS="559" VPOS="1637" WIDTH="255" HEIGHT="49" CONTENT="Menschen" WC="0.99" CC="00600704"/>
						<SP ID="P2_SP00125" HPOS="814" VPOS="1697" WIDTH="32"/>
						<String ID="P2_ST00143" HPOS="846" VPOS="1653" WIDTH="86" HEIGHT="32" CONTENT="von" WC="0.97" CC="008"/>
						<SP ID="P2_SP00126" HPOS="932" VPOS="1697" WIDTH="30"/>
						<String ID="P2_ST00144" HPOS="962" VPOS="1636" WIDTH="182" HEIGHT="49" CONTENT="Fleisch" WC="0.99" CC="2410037"/>
						<SP ID="P2_SP00127" HPOS="1144" VPOS="1697" WIDTH="32"/>
						<String ID="P2_ST00145" HPOS="1176" VPOS="1634" WIDTH="98" HEIGHT="50" CONTENT="und" WC="0.92" CC="569"/>
						<SP ID="P2_SP00128" HPOS="1274" VPOS="1697" WIDTH="28"/>
						<String ID="P2_ST00146" HPOS="1302" VPOS="1636" WIDTH="124" HEIGHT="58" CONTENT="Blut," WC="0.99" CC="70000"/>
						<SP ID="P2_SP00129" HPOS="1426" VPOS="1697" WIDTH="46"/>
						<String ID="P2_ST00147" HPOS="1472" VPOS="1652" WIDTH="82" HEIGHT="33" CONTENT="aus" WC="0.99" CC="020"/>
						<SP ID="P2_SP00130" HPOS="1554" VPOS="1697" WIDTH="29"/>
						<String ID="P2_ST00148" HPOS="1583" VPOS="1636" WIDTH="147" HEIGHT="49" CONTENT="deren" WC="0.99" CC="04040"/>
					</TextLine>
					<TextLine ID="P2_TL00019" HPOS="152" VPOS="1713" WIDTH="1575" HEIGHT="71">
						<String ID="P2_ST00149" HPOS="152" VPOS="1716" WIDTH="320" HEIGHT="68" CONTENT="Handlungen" WC="0.99" CC="6780026004"/>
						<SP ID="P2_SP00131" HPOS="472" VPOS="1784" WIDTH="26"/>
						<String ID="P2_ST00150" HPOS="498" VPOS="1716" WIDTH="95" HEIGHT="49" CONTENT="und" WC="0.95" CC="840"/>
						<SP ID="P2_SP00132" HPOS="593" VPOS="1784" WIDTH="24"/>
						<String ID="P2_ST00151" HPOS="617" VPOS="1714" WIDTH="387" HEIGHT="51" CONTENT="Leidenschaften" WC="0.99" CC="01160400500567"/>
						<SP ID="P2_SP00133" HPOS="1004" VPOS="1784" WIDTH="26"/>
						<String ID="P2_ST00152" HPOS="1030" VPOS="1716" WIDTH="72" HEIGHT="48" CONTENT="ihr" WC="0.96" CC="064"/>
						<SP ID="P2_SP00134" HPOS="1102" VPOS="1784" WIDTH="23"/>
						<String ID="P2_ST00153" HPOS="1125" VPOS="1714" WIDTH="237" HEIGHT="51" CONTENT="Schicksal" WC="1.00" CC="003000044"/>
						<SP ID="P2_SP00135" HPOS="1362" VPOS="1784" WIDTH="31"/>
						<String ID="P2_ST00154" HPOS="1393" VPOS="1714" WIDTH="95" HEIGHT="50" CONTENT="sich" WC="0.97" CC="9004"/>
						<SP ID="P2_SP00136" HPOS="1488" VPOS="1784" WIDTH="27"/>
						<String ID="P2_ST00155" HPOS="1515" VPOS="1713" WIDTH="212" HEIGHT="52" CONTENT="bereitet." WC="0.99" CC="775103053"/>
					</TextLine>
					<TextLine ID="P2_TL00020" HPOS="152" VPOS="1794" WIDTH="1576" HEIGHT="69">
						<String ID="P2_ST00156" HPOS="152" VPOS="1797" WIDTH="113" HEIGHT="49" CONTENT="Wir" WC="0.95" CC="813"/>
						<SP ID="P2_SP00137" HPOS="265" VPOS="1846" WIDTH="22"/>
						<String ID="P2_ST00157" HPOS="287" VPOS="1797" WIDTH="169" HEIGHT="51" CONTENT="wollen" WC="0.98" CC="000646"/>
						<SP ID="P2_SP00138" HPOS="456" VPOS="1848" WIDTH="25"/>
						<String ID="P2_ST00158" HPOS="481" VPOS="1797" WIDTH="74" HEIGHT="48" CONTENT="die" WC="0.99" CC="020"/>
						<SP ID="P2_SP00139" HPOS="555" VPOS="1848" WIDTH="23"/>
						<String ID="P2_ST00159" HPOS="578" VPOS="1796" WIDTH="209" HEIGHT="50" CONTENT="Freiheit" WC="0.99" CC="70006004"/>
						<SP ID="P2_SP00140" HPOS="787" VPOS="1848" WIDTH="22"/>
						<String ID="P2_ST00160" HPOS="809" VPOS="1794" WIDTH="80" HEIGHT="51" CONTENT="des" WC="1.00" CC="000"/>
						<SP ID="P2_SP00141" HPOS="889" VPOS="1848" WIDTH="18"/>
						<String ID="P2_ST00161" HPOS="907" VPOS="1796" WIDTH="203" HEIGHT="50" CONTENT="Willens" WC="0.98" CC="0074664"/>
						<SP ID="P2_SP00142" HPOS="1110" VPOS="1848" WIDTH="29"/>
						<String ID="P2_ST00162" HPOS="1139" VPOS="1812" WIDTH="151" HEIGHT="51" CONTENT="gegen" WC="0.99" CC="01003"/>
						<SP ID="P2_SP00143" HPOS="1290" VPOS="1863" WIDTH="25"/>
						<String ID="P2_ST00163" HPOS="1315" VPOS="1812" WIDTH="161" HEIGHT="50" CONTENT="grosse" WC="0.98" CC="056060"/>
						<SP ID="P2_SP00144" HPOS="1476" VPOS="1863" WIDTH="25"/>
						<String ID="P2_ST00164" HPOS="1501" VPOS="1794" WIDTH="227" HEIGHT="51" CONTENT="Confiicte" WC="0.52" CC="608335077"/>
					</TextLine>
					<TextLine ID="P2_TL00021" HPOS="152" VPOS="1876" WIDTH="1575" HEIGHT="68">
						<String ID="P2_ST00165" HPOS="152" VPOS="1876" WIDTH="220" HEIGHT="68" CONTENT="reagiren" WC="0.66" CC="40470307"/>
						<SP ID="P2_SP00145" HPOS="372" VPOS="1944" WIDTH="27"/>
						<String ID="P2_ST00166" HPOS="399" VPOS="1877" WIDTH="161" HEIGHT="58" CONTENT="sehen," WC="0.98" CC="007570"/>
						<SP ID="P2_SP00146" HPOS="560" VPOS="1944" WIDTH="43"/>
						<String ID="P2_ST00167" HPOS="603" VPOS="1895" WIDTH="80" HEIGHT="30" CONTENT="um" WC="0.83" CC="20"/>
						<SP ID="P2_SP00147" HPOS="683" VPOS="1944" WIDTH="39"/>
						<String ID="P2_ST00168" HPOS="722" VPOS="1876" WIDTH="83" HEIGHT="49" CONTENT="mit" WC="0.96" CC="054"/>
						<SP ID="P2_SP00148" HPOS="805" VPOS="1944" WIDTH="28"/>
						<String ID="P2_ST00169" HPOS="833" VPOS="1876" WIDTH="230" HEIGHT="49" CONTENT="innerster" WC="0.99" CC="400034005"/>
						<SP ID="P2_SP00149" HPOS="1063" VPOS="1944" WIDTH="29"/>
						<String ID="P2_ST00170" HPOS="1092" VPOS="1877" WIDTH="277" HEIGHT="65" CONTENT="Bewegung" WC="0.99" CC="70040750"/>
						<SP ID="P2_SP00150" HPOS="1369" VPOS="1944" WIDTH="32"/>
						<String ID="P2_ST00171" HPOS="1401" VPOS="1876" WIDTH="326" HEIGHT="58" CONTENT="mitzufühlen," WC="0.99" CC="906669954050"/>
					</TextLine>
					<TextLine ID="P2_TL00022" HPOS="155" VPOS="1954" WIDTH="1569" HEIGHT="70">
						<String ID="P2_ST00172" HPOS="155" VPOS="1958" WIDTH="87" HEIGHT="50" CONTENT="wie" WC="0.94" CC="952"/>
						<SP ID="P2_SP00151" HPOS="242" VPOS="2008" WIDTH="28"/>
						<String ID="P2_ST00173" HPOS="270" VPOS="1954" WIDTH="139" HEIGHT="70" CONTENT="(nach" WC="0.97" CC="64911"/>
						<SP ID="P2_SP00152" HPOS="409" VPOS="2024" WIDTH="33"/>
						<String ID="P2_ST00174" HPOS="442" VPOS="1958" WIDTH="191" HEIGHT="50" CONTENT="Göthe's" WC="0.69" CC="1006425"/>
						<SP ID="P2_SP00153" HPOS="633" VPOS="2024" WIDTH="34"/>
						<String ID="P2_ST00175" HPOS="667" VPOS="1954" WIDTH="161" HEIGHT="70" CONTENT="Wort)" WC="0.96" CC="25377"/>
						<SP ID="P2_SP00154" HPOS="828" VPOS="2024" WIDTH="57"/>
						<String ID="P2_ST00176" HPOS="885" VPOS="1956" WIDTH="135" HEIGHT="59" CONTENT="„dem" WC="0.98" CC="4070"/>
						<SP ID="P2_SP00155" HPOS="1020" VPOS="2024" WIDTH="30"/>
						<String ID="P2_ST00177" HPOS="1050" VPOS="1957" WIDTH="255" HEIGHT="49" CONTENT="Menschen" WC="0.98" CC="46806307"/>
						<SP ID="P2_SP00156" HPOS="1305" VPOS="2024" WIDTH="44"/>
						<String ID="P2_ST00178" HPOS="1349" VPOS="1975" WIDTH="55" HEIGHT="30" CONTENT="zu" WC="1.00" CC="00"/>
						<SP ID="P2_SP00157" HPOS="1404" VPOS="2024" WIDTH="36"/>
						<String ID="P2_ST00179" HPOS="1440" VPOS="1956" WIDTH="136" HEIGHT="50" CONTENT="Muth" WC="0.71" CC="0505"/>
						<SP ID="P2_SP00158" HPOS="1576" VPOS="2024" WIDTH="39"/>
						<String ID="P2_ST00180" HPOS="1615" VPOS="1957" WIDTH="109" HEIGHT="49" CONTENT='ist".' WC="0.98" CC="00163"/>
					</TextLine>
					<TextLine ID="P2_TL00023" HPOS="153" VPOS="2031" WIDTH="1574" HEIGHT="73">
						<String ID="P2_ST00181" HPOS="153" VPOS="2038" WIDTH="125" HEIGHT="50" CONTENT="Was" WC="0.95" CC="804"/>
						<SP ID="P2_SP00159" HPOS="278" VPOS="2088" WIDTH="14"/>
						<String ID="P2_ST00182" HPOS="292" VPOS="2037" WIDTH="133" HEIGHT="51" CONTENT="weiss" WC="1.00" CC="02000"/>
						<SP ID="P2_SP00160" HPOS="425" VPOS="2088" WIDTH="15"/>
						<String ID="P2_ST00183" HPOS="440" VPOS="2037" WIDTH="274" HEIGHT="67" CONTENT="Lohengrin" WC="0.79" CC="025300015"/>
						<SP ID="P2_SP00161" HPOS="714" VPOS="2104" WIDTH="16"/>
						<String ID="P2_ST00184" HPOS="730" VPOS="2036" WIDTH="182" HEIGHT="50" CONTENT="davon?" WC="1.00" CC="000600"/>
						<SP ID="P2_SP00162" HPOS="912" VPOS="2104" WIDTH="24"/>
						<String ID="P2_ST00185" HPOS="936" VPOS="2038" WIDTH="67" HEIGHT="47" CONTENT="Er" WC="0.53" CC="44"/>
						<SP ID="P2_SP00163" HPOS="1003" VPOS="2104" WIDTH="23"/>
						<String ID="P2_ST00186" HPOS="1026" VPOS="2037" WIDTH="56" HEIGHT="48" CONTENT="ist" WC="0.95" CC="077"/>
						<SP ID="P2_SP00164" HPOS="1082" VPOS="2104" WIDTH="18"/>
						<String ID="P2_ST00187" HPOS="1100" VPOS="2037" WIDTH="149" HEIGHT="49" CONTENT="Ritter" WC="0.97" CC="704645"/>
						<SP ID="P2_SP00165" HPOS="1249" VPOS="2104" WIDTH="17"/>
						<String ID="P2_ST00188" HPOS="1266" VPOS="2036" WIDTH="80" HEIGHT="50" CONTENT="des" WC="0.98" CC="060"/>
						<SP ID="P2_SP00166" HPOS="1346" VPOS="2104" WIDTH="24"/>
						<String ID="P2_ST00189" HPOS="1370" VPOS="2031" WIDTH="202" HEIGHT="73" CONTENT="heiligen" WC="0.99" CC="20021005"/>
						<SP ID="P2_SP00167" HPOS="1572" VPOS="2104" WIDTH="17"/>
						<String ID="P2_ST00190" HPOS="1589" VPOS="2037" WIDTH="138" HEIGHT="49" CONTENT="Grals" WC="0.98" CC="06006"/>
					</TextLine>
					<TextLine ID="P2_TL00024" HPOS="156" VPOS="2116" WIDTH="1570" HEIGHT="68">
						<String ID="P2_ST00191" HPOS="156" VPOS="2117" WIDTH="84" HEIGHT="51" CONTENT="auf" WC="0.90" CC="969"/>
						<SP ID="P2_SP00168" HPOS="240" VPOS="2168" WIDTH="21"/>
						<String ID="P2_ST00192" HPOS="261" VPOS="2118" WIDTH="276" HEIGHT="57" CONTENT="Monsalvat," WC="0.70" CC="5161520402"/>
						<SP ID="P2_SP00169" HPOS="537" VPOS="2175" WIDTH="37"/>
						<String ID="P2_ST00193" HPOS="574" VPOS="2117" WIDTH="132" HEIGHT="67" CONTENT="jenes" WC="0.98" CC="26022"/>
						<SP ID="P2_SP00170" HPOS="706" VPOS="2184" WIDTH="39"/>
						<String ID="P2_ST00194" HPOS="745" VPOS="2117" WIDTH="47" HEIGHT="48" CONTENT="in" WC="0.63" CC="07"/>
						<SP ID="P2_SP00171" HPOS="792" VPOS="2184" WIDTH="45"/>
						<String ID="P2_ST00195" HPOS="837" VPOS="2117" WIDTH="247" HEIGHT="49" CONTENT="kostbarer" WC="0.98" CC="041669959"/>
						<SP ID="P2_SP00172" HPOS="1084" VPOS="2184" WIDTH="28"/>
						<String ID="P2_ST00196" HPOS="1112" VPOS="2116" WIDTH="400" HEIGHT="50" CONTENT="Edelsteinschale" WC="0.99" CC="500460017707530"/>
						<SP ID="P2_SP00173" HPOS="1512" VPOS="2184" WIDTH="45"/>
						<String ID="P2_ST00197" HPOS="1557" VPOS="2116" WIDTH="141" HEIGHT="50" CONTENT="aufbe" SUBS_TYPE="HypPart1" SUBS_CONTENT="aufbewahrten" WC="0.99" CC="05070"/>
						<HYP HPOS="1698" VPOS="2116" WIDTH="28" CONTENT="-"/>
					</TextLine>
					<TextLine ID="P2_TL00025" HPOS="156" VPOS="2196" WIDTH="1571" HEIGHT="68">
						<String ID="P2_ST00198" HPOS="156" VPOS="2198" WIDTH="211" HEIGHT="51" CONTENT="wahrten" SUBS_TYPE="HypPart2" SUBS_CONTENT="aufbewahrten" WC="0.98" CC="5074608"/>
						<SP ID="P2_SP00174" HPOS="367" VPOS="2249" WIDTH="30"/>
						<String ID="P2_ST00199" HPOS="397" VPOS="2198" WIDTH="160" HEIGHT="48" CONTENT="Blutes" WC="0.99" CC="702210"/>
						<SP ID="P2_SP00175" HPOS="557" VPOS="2249" WIDTH="31"/>
						<String ID="P2_ST00200" HPOS="588" VPOS="2197" WIDTH="188" HEIGHT="60" CONTENT="Christi," WC="0.98" CC="76230703"/>
						<SP ID="P2_SP00176" HPOS="776" VPOS="2257" WIDTH="43"/>
						<String ID="P2_ST00201" HPOS="819" VPOS="2196" WIDTH="82" HEIGHT="50" CONTENT="das" WC="0.98" CC="004"/>
						<SP ID="P2_SP00177" HPOS="901" VPOS="2257" WIDTH="40"/>
						<String ID="P2_ST00202" HPOS="941" VPOS="2196" WIDTH="73" HEIGHT="50" CONTENT="die" WC="0.98" CC="031"/>
						<SP ID="P2_SP00178" HPOS="1014" VPOS="2257" WIDTH="30"/>
						<String ID="P2_ST00203" HPOS="1044" VPOS="2198" WIDTH="125" HEIGHT="65" CONTENT="Sage" WC="0.96" CC="4490"/>
						<SP ID="P2_SP00179" HPOS="1169" VPOS="2263" WIDTH="40"/>
						<String ID="P2_ST00204" HPOS="1209" VPOS="2197" WIDTH="66" HEIGHT="49" CONTENT="als" WC="0.98" CC="004"/>
						<SP ID="P2_SP00180" HPOS="1275" VPOS="2263" WIDTH="43"/>
						<String ID="P2_ST00205" HPOS="1318" VPOS="2196" WIDTH="409" HEIGHT="68" CONTENT="wunderthätigen" WC="0.65" CC="04902476060006"/>
					</TextLine>
					<TextLine ID="P2_TL00026" HPOS="160" VPOS="2277" WIDTH="1575" HEIGHT="67">
						<String ID="P2_ST00206" HPOS="160" VPOS="2277" WIDTH="96" HEIGHT="53" CONTENT="und" WC="0.94" CC="860"/>
						<SP ID="P2_SP00181" HPOS="256" VPOS="2330" WIDTH="30"/>
						<String ID="P2_ST00207" HPOS="286" VPOS="2277" WIDTH="347" HEIGHT="51" CONTENT="herrschenden" WC="0.99" CC="603120607004"/>
						<SP ID="P2_SP00182" HPOS="633" VPOS="2330" WIDTH="30"/>
						<String ID="P2_ST00208" HPOS="663" VPOS="2277" WIDTH="303" HEIGHT="67" CONTENT="Mittelpunkt" WC="0.98" CC="92771496800"/>
						<SP ID="P2_SP00183" HPOS="966" VPOS="2344" WIDTH="41"/>
						<String ID="P2_ST00209" HPOS="1007" VPOS="2277" WIDTH="81" HEIGHT="49" CONTENT="des" WC="1.00" CC="000"/>
						<SP ID="P2_SP00184" HPOS="1088" VPOS="2344" WIDTH="37"/>
						<String ID="P2_ST00210" HPOS="1125" VPOS="2277" WIDTH="254" HEIGHT="66" CONTENT="göttlichen" WC="0.99" CC="0087256117"/>
						<SP ID="P2_SP00185" HPOS="1379" VPOS="2344" WIDTH="32"/>
						<String ID="P2_ST00211" HPOS="1411" VPOS="2277" WIDTH="198" HEIGHT="49" CONTENT="Reiches" WC="0.98" CC="7600701"/>
						<SP ID="P2_SP00186" HPOS="1609" VPOS="2344" WIDTH="40"/>
						<String ID="P2_ST00212" HPOS="1649" VPOS="2278" WIDTH="86" HEIGHT="48" CONTENT="auf" WC="0.96" CC="900"/>
					</TextLine>
					<TextLine ID="P2_TL00027" HPOS="155" VPOS="2356" WIDTH="1572" HEIGHT="68">
						<String ID="P2_ST00213" HPOS="155" VPOS="2357" WIDTH="164" HEIGHT="52" CONTENT="Erden" WC="0.96" CC="92647"/>
						<SP ID="P2_SP00187" HPOS="319" VPOS="2409" WIDTH="30"/>
						<String ID="P2_ST00214" HPOS="349" VPOS="2357" WIDTH="144" HEIGHT="51" CONTENT="feiert." WC="0.98" CC="0206961"/>
						<SP ID="P2_SP00188" HPOS="493" VPOS="2409" WIDTH="31"/>
						<String ID="P2_ST00215" HPOS="524" VPOS="2359" WIDTH="101" HEIGHT="47" CONTENT="Der" WC="0.98" CC="005"/>
						<SP ID="P2_SP00189" HPOS="625" VPOS="2409" WIDTH="29"/>
						<String ID="P2_ST00216" HPOS="654" VPOS="2357" WIDTH="169" HEIGHT="67" CONTENT="heilige" WC="0.99" CC="5213006"/>
						<SP ID="P2_SP00190" HPOS="823" VPOS="2424" WIDTH="31"/>
						<String ID="P2_ST00217" HPOS="854" VPOS="2357" WIDTH="112" HEIGHT="49" CONTENT="Gral" WC="0.94" CC="5995"/>
						<SP ID="P2_SP00191" HPOS="966" VPOS="2424" WIDTH="31"/>
						<String ID="P2_ST00218" HPOS="997" VPOS="2356" WIDTH="161" HEIGHT="50" CONTENT="sendet" WC="0.98" CC="238005"/>
						<SP ID="P2_SP00192" HPOS="1158" VPOS="2424" WIDTH="28"/>
						<String ID="P2_ST00219" HPOS="1186" VPOS="2357" WIDTH="126" HEIGHT="49" CONTENT="seine" WC="0.99" CC="00040"/>
						<SP ID="P2_SP00193" HPOS="1312" VPOS="2424" WIDTH="29"/>
						<String ID="P2_ST00220" HPOS="1341" VPOS="2357" WIDTH="303" HEIGHT="49" CONTENT="Ritterschaft" WC="1.00" CC="008000026004"/>
						<SP ID="P2_SP00194" HPOS="1644" VPOS="2424" WIDTH="28"/>
						<String ID="P2_ST00221" HPOS="1672" VPOS="2376" WIDTH="55" HEIGHT="30" CONTENT="zu" WC="0.53" CC="27"/>
					</TextLine>
					<TextLine ID="P2_TL00028" HPOS="156" VPOS="2436" WIDTH="1571" HEIGHT="58">
						<String ID="P2_ST00222" HPOS="156" VPOS="2438" WIDTH="173" HEIGHT="50" CONTENT="seinem" WC="0.97" CC="864720"/>
						<SP ID="P2_SP00195" HPOS="329" VPOS="2488" WIDTH="26"/>
						<String ID="P2_ST00223" HPOS="355" VPOS="2438" WIDTH="192" HEIGHT="50" CONTENT="Dienste" WC="0.99" CC="0006014"/>
						<SP ID="P2_SP00196" HPOS="547" VPOS="2488" WIDTH="31"/>
						<String ID="P2_ST00224" HPOS="578" VPOS="2437" WIDTH="86" HEIGHT="49" CONTENT="auf" WC="0.94" CC="960"/>
						<SP ID="P2_SP00197" HPOS="664" VPOS="2488" WIDTH="23"/>
						<String ID="P2_ST00225" HPOS="687" VPOS="2437" WIDTH="275" HEIGHT="49" CONTENT="Abenteuer" WC="0.99" CC="070114569"/>
						<SP ID="P2_SP00198" HPOS="962" VPOS="2488" WIDTH="28"/>
						<String ID="P2_ST00226" HPOS="990" VPOS="2453" WIDTH="101" HEIGHT="41" CONTENT="aus," WC="0.98" CC="0133"/>
						<SP ID="P2_SP00199" HPOS="1091" VPOS="2494" WIDTH="30"/>
						<String ID="P2_ST00227" HPOS="1121" VPOS="2453" WIDTH="51" HEIGHT="32" CONTENT="er" WC="0.34" CC="66"/>
						<SP ID="P2_SP00200" HPOS="1172" VPOS="2494" WIDTH="24"/>
						<String ID="P2_ST00228" HPOS="1196" VPOS="2437" WIDTH="136" HEIGHT="49" CONTENT="allein" WC="0.99" CC="000028"/>
						<SP ID="P2_SP00201" HPOS="1332" VPOS="2494" WIDTH="32"/>
						<String ID="P2_ST00229" HPOS="1364" VPOS="2436" WIDTH="237" HEIGHT="50" CONTENT="bestimmt" WC="0.98" CC="70160970"/>
						<SP ID="P2_SP00202" HPOS="1601" VPOS="2494" WIDTH="29"/>
						<String ID="P2_ST00230" HPOS="1630" VPOS="2437" WIDTH="97" HEIGHT="49" CONTENT="und" WC="0.97" CC="250"/>
					</TextLine>
					<TextLine ID="P2_TL00029" HPOS="156" VPOS="2516" WIDTH="1571" HEIGHT="59">
						<String ID="P2_ST00231" HPOS="156" VPOS="2517" WIDTH="161" HEIGHT="51" CONTENT="erfüllt" WC="0.98" CC="4799400"/>
						<SP ID="P2_SP00203" HPOS="317" VPOS="2568" WIDTH="28"/>
						<String ID="P2_ST00232" HPOS="345" VPOS="2518" WIDTH="73" HEIGHT="48" CONTENT="ihr" WC="0.95" CC="262"/>
						<SP ID="P2_SP00204" HPOS="418" VPOS="2568" WIDTH="29"/>
						<String ID="P2_ST00233" HPOS="447" VPOS="2517" WIDTH="217" HEIGHT="58" CONTENT="Denken," WC="0.99" CC="0060070"/>
						<SP ID="P2_SP00205" HPOS="664" VPOS="2575" WIDTH="30"/>
						<String ID="P2_ST00234" HPOS="694" VPOS="2517" WIDTH="201" HEIGHT="58" CONTENT="Fühlen," WC="0.98" CC="1070580"/>
						<SP ID="P2_SP00206" HPOS="895" VPOS="2575" WIDTH="31"/>
						<String ID="P2_ST00235" HPOS="926" VPOS="2516" WIDTH="235" HEIGHT="52" CONTENT="Handeln." WC="0.99" CC="49200704"/>
						<SP ID="P2_SP00207" HPOS="1161" VPOS="2575" WIDTH="58"/>
						<String ID="P2_ST00236" HPOS="1219" VPOS="2517" WIDTH="76" HEIGHT="48" CONTENT="Sie" WC="0.94" CC="428"/>
						<SP ID="P2_SP00208" HPOS="1295" VPOS="2575" WIDTH="41"/>
						<String ID="P2_ST00237" HPOS="1336" VPOS="2516" WIDTH="101" HEIGHT="49" CONTENT="sind" WC="0.97" CC="2480"/>
						<SP ID="P2_SP00209" HPOS="1437" VPOS="2575" WIDTH="31"/>
						<String ID="P2_ST00238" HPOS="1468" VPOS="2516" WIDTH="148" HEIGHT="50" CONTENT="durch" WC="0.98" CC="07205"/>
						<SP ID="P2_SP00210" HPOS="1616" VPOS="2575" WIDTH="31"/>
						<String ID="P2_ST00239" HPOS="1647" VPOS="2517" WIDTH="80" HEIGHT="49" CONTENT="ihn" WC="0.94" CC="178"/>
					</TextLine>
					<TextLine ID="P2_TL00030" HPOS="156" VPOS="2596" WIDTH="1570" HEIGHT="68">
						<String ID="P2_ST00240" HPOS="156" VPOS="2597" WIDTH="248" HEIGHT="67" CONTENT="göttlicher" WC="0.98" CC="9777320410"/>
						<SP ID="P2_SP00211" HPOS="404" VPOS="2664" WIDTH="29"/>
						<String ID="P2_ST00241" HPOS="433" VPOS="2598" WIDTH="170" HEIGHT="57" CONTENT="Natur," WC="0.98" CC="002654"/>
						<SP ID="P2_SP00212" HPOS="603" VPOS="2664" WIDTH="30"/>
						<String ID="P2_ST00242" HPOS="633" VPOS="2596" WIDTH="337" HEIGHT="59" CONTENT="untäuschbar," WC="0.63" CC="360930077050"/>
						<SP ID="P2_SP00213" HPOS="970" VPOS="2664" WIDTH="32"/>
						<String ID="P2_ST00243" HPOS="1002" VPOS="2596" WIDTH="251" HEIGHT="58" CONTENT="fehlerfrei," WC="0.99" CC="00720106004"/>
						<SP ID="P2_SP00214" HPOS="1253" VPOS="2664" WIDTH="41"/>
						<String ID="P2_ST00244" HPOS="1294" VPOS="2596" WIDTH="121" HEIGHT="50" CONTENT="doch" WC="0.99" CC="0005"/>
						<SP ID="P2_SP00215" HPOS="1415" VPOS="2664" WIDTH="31"/>
						<String ID="P2_ST00245" HPOS="1446" VPOS="2601" WIDTH="187" HEIGHT="45" CONTENT="müssen" WC="0.98" CC="691023"/>
						<SP ID="P2_SP00216" HPOS="1633" VPOS="2664" WIDTH="29"/>
						<String ID="P2_ST00246" HPOS="1662" VPOS="2598" WIDTH="64" HEIGHT="48" CONTENT="sie" WC="0.95" CC="930"/>
					</TextLine>
					<TextLine ID="P2_TL00031" HPOS="155" VPOS="2676" WIDTH="1571" HEIGHT="68">
						<String ID="P2_ST00247" HPOS="155" VPOS="2676" WIDTH="81" HEIGHT="52" CONTENT="das" WC="0.92" CC="776"/>
						<SP ID="P2_SP00217" HPOS="236" VPOS="2728" WIDTH="18"/>
						<String ID="P2_ST00248" HPOS="254" VPOS="2677" WIDTH="293" HEIGHT="51" CONTENT="Geheimniss" WC="0.76" CC="0074090020"/>
						<SP ID="P2_SP00218" HPOS="547" VPOS="2728" WIDTH="22"/>
						<String ID="P2_ST00249" HPOS="569" VPOS="2676" WIDTH="152" HEIGHT="50" CONTENT="dieser" WC="0.99" CC="000305"/>
						<SP ID="P2_SP00219" HPOS="721" VPOS="2728" WIDTH="23"/>
						<String ID="P2_ST00250" HPOS="744" VPOS="2676" WIDTH="349" HEIGHT="50" CONTENT="wunderbaren" WC="0.99" CC="06002973006"/>
						<SP ID="P2_SP00220" HPOS="1093" VPOS="2728" WIDTH="18"/>
						<String ID="P2_ST00251" HPOS="1111" VPOS="2676" WIDTH="226" HEIGHT="68" CONTENT="Sendung" WC="0.97" CC="3474469"/>
						<SP ID="P2_SP00221" HPOS="1337" VPOS="2744" WIDTH="18"/>
						<String ID="P2_ST00252" HPOS="1355" VPOS="2677" WIDTH="207" HEIGHT="51" CONTENT="wahren." WC="0.98" CC="0765050"/>
						<SP ID="P2_SP00222" HPOS="1562" VPOS="2744" WIDTH="25"/>
						<String ID="P2_ST00253" HPOS="1587" VPOS="2678" WIDTH="139" HEIGHT="50" CONTENT="Kann" WC="0.94" CC="5977"/>
					</TextLine>
					<TextLine ID="P2_TL00032" HPOS="156" VPOS="2756" WIDTH="1570" HEIGHT="68">
						<String ID="P2_ST00254" HPOS="156" VPOS="2773" WIDTH="84" HEIGHT="35" CONTENT="uns" WC="0.94" CC="744"/>
						<SP ID="P2_SP00223" HPOS="240" VPOS="2808" WIDTH="28"/>
						<String ID="P2_ST00255" HPOS="268" VPOS="2757" WIDTH="312" HEIGHT="67" CONTENT="Lohengrin's" WC="0.73" CC="00506060026"/>
						<SP ID="P2_SP00224" HPOS="580" VPOS="2824" WIDTH="32"/>
						<String ID="P2_ST00256" HPOS="612" VPOS="2756" WIDTH="202" HEIGHT="68" CONTENT="Tugend" WC="0.98" CC="069080"/>
						<SP ID="P2_SP00225" HPOS="814" VPOS="2824" WIDTH="42"/>
						<String ID="P2_ST00257" HPOS="856" VPOS="2756" WIDTH="96" HEIGHT="51" CONTENT="und" WC="0.97" CC="270"/>
						<SP ID="P2_SP00226" HPOS="952" VPOS="2824" WIDTH="32"/>
						<String ID="P2_ST00258" HPOS="984" VPOS="2756" WIDTH="353" HEIGHT="68" CONTENT="Gerechtigkeit" WC="1.00" CC="3250063000002"/>
						<SP ID="P2_SP00227" HPOS="1337" VPOS="2824" WIDTH="39"/>
						<String ID="P2_ST00259" HPOS="1376" VPOS="2756" WIDTH="246" HEIGHT="68" CONTENT="bewegen," WC="0.99" CC="73020050"/>
						<SP ID="P2_SP00228" HPOS="1622" VPOS="2824" WIDTH="44"/>
						<String ID="P2_ST00260" HPOS="1666" VPOS="2757" WIDTH="60" HEIGHT="51" CONTENT="da" WC="0.50" CC="09"/>
					</TextLine>
					<TextLine ID="P2_TL00033" HPOS="155" VPOS="2834" WIDTH="1572" HEIGHT="69">
						<String ID="P2_ST00261" HPOS="155" VPOS="2837" WIDTH="64" HEIGHT="50" CONTENT="sie" WC="0.95" CC="641"/>
						<SP ID="P2_SP00229" HPOS="219" VPOS="2887" WIDTH="21"/>
						<String ID="P2_ST00262" HPOS="240" VPOS="2836" WIDTH="129" HEIGHT="52" CONTENT="nicht" WC="0.98" CC="64013"/>
						<SP ID="P2_SP00230" HPOS="369" VPOS="2888" WIDTH="22"/>
						<String ID="P2_ST00263" HPOS="391" VPOS="2837" WIDTH="256" HEIGHT="66" CONTENT="Ergebniss" WC="0.70" CC="300066009"/>
						<SP ID="P2_SP00231" HPOS="647" VPOS="2903" WIDTH="17"/>
						<String ID="P2_ST00264" HPOS="664" VPOS="2837" WIDTH="149" HEIGHT="48" CONTENT="seines" WC="0.99" CC="100603"/>
						<SP ID="P2_SP00232" HPOS="813" VPOS="2903" WIDTH="20"/>
						<String ID="P2_ST00265" HPOS="833" VPOS="2836" WIDTH="143" HEIGHT="49" CONTENT="freien" WC="0.96" CC="956576"/>
						<SP ID="P2_SP00233" HPOS="976" VPOS="2903" WIDTH="21"/>
						<String ID="P2_ST00266" HPOS="997" VPOS="2837" WIDTH="218" HEIGHT="57" CONTENT="Willens," WC="0.99" CC="02701700"/>
						<SP ID="P2_SP00234" HPOS="1215" VPOS="2903" WIDTH="24"/>
						<String ID="P2_ST00267" HPOS="1239" VPOS="2834" WIDTH="201" HEIGHT="51" CONTENT="sondern" WC="0.99" CC="0440046"/>
						<SP ID="P2_SP00235" HPOS="1440" VPOS="2903" WIDTH="27"/>
						<String ID="P2_ST00268" HPOS="1467" VPOS="2834" WIDTH="82" HEIGHT="50" CONTENT="der" WC="0.98" CC="060"/>
						<SP ID="P2_SP00236" HPOS="1549" VPOS="2903" WIDTH="26"/>
						<String ID="P2_ST00269" HPOS="1575" VPOS="2836" WIDTH="152" HEIGHT="49" CONTENT="blosse" WC="0.98" CC="750900"/>
					</TextLine>
					<TextLine ID="P2_TL00034" HPOS="159" VPOS="2914" WIDTH="1568" HEIGHT="70">
						<String ID="P2_ST00270" HPOS="159" VPOS="2916" WIDTH="215" HEIGHT="68" CONTENT="Abglanz" WC="0.97" CC="9606485"/>
						<SP ID="P2_SP00237" HPOS="374" VPOS="2984" WIDTH="37"/>
						<String ID="P2_ST00271" HPOS="411" VPOS="2917" WIDTH="80" HEIGHT="48" CONTENT="des" WC="0.98" CC="003"/>
						<SP ID="P2_SP00238" HPOS="491" VPOS="2984" WIDTH="32"/>
						<String ID="P2_ST00272" HPOS="523" VPOS="2917" WIDTH="136" HEIGHT="50" CONTENT="Grals" WC="0.99" CC="31000"/>
						<SP ID="P2_SP00239" HPOS="659" VPOS="2984" WIDTH="38"/>
						<String ID="P2_ST00273" HPOS="697" VPOS="2914" WIDTH="136" HEIGHT="51" CONTENT="sind?" WC="0.99" CC="00008"/>
						<SP ID="P2_SP00240" HPOS="833" VPOS="2984" WIDTH="60"/>
						<String ID="P2_ST00274" HPOS="893" VPOS="2917" WIDTH="138" HEIGHT="47" CONTENT="Kann" WC="0.97" CC="9040"/>
						<SP ID="P2_SP00241" HPOS="1031" VPOS="2984" WIDTH="30"/>
						<String ID="P2_ST00275" HPOS="1061" VPOS="2932" WIDTH="87" HEIGHT="31" CONTENT="uns" WC="0.95" CC="706"/>
						<SP ID="P2_SP00242" HPOS="1148" VPOS="2984" WIDTH="29"/>
						<String ID="P2_ST00276" HPOS="1177" VPOS="2916" WIDTH="126" HEIGHT="48" CONTENT="seine" WC="0.99" CC="00072"/>
						<SP ID="P2_SP00243" HPOS="1303" VPOS="2984" WIDTH="29"/>
						<String ID="P2_ST00277" HPOS="1332" VPOS="2914" WIDTH="146" HEIGHT="50" CONTENT="Liebe" WC="0.96" CC="53576"/>
						<SP ID="P2_SP00244" HPOS="1478" VPOS="2984" WIDTH="33"/>
						<String ID="P2_ST00278" HPOS="1511" VPOS="2916" WIDTH="78" HEIGHT="47" CONTENT="für" WC="0.96" CC="900"/>
						<SP ID="P2_SP00245" HPOS="1589" VPOS="2984" WIDTH="29"/>
						<String ID="P2_ST00279" HPOS="1618" VPOS="2916" WIDTH="109" HEIGHT="48" CONTENT="Elsa" WC="0.98" CC="1090"/>
					</TextLine>
					<TextLine ID="P2_TL00035" HPOS="156" VPOS="2992" WIDTH="1572" HEIGHT="60">
						<String ID="P2_ST00280" HPOS="156" VPOS="3014" WIDTH="56" HEIGHT="31" CONTENT="zu" WC="0.14" CC="97"/>
						<SP ID="P2_SP00246" HPOS="212" VPOS="3045" WIDTH="30"/>
						<String ID="P2_ST00281" HPOS="242" VPOS="2994" WIDTH="190" HEIGHT="51" CONTENT="Freude" WC="0.98" CC="734103"/>
						<SP ID="P2_SP00247" HPOS="432" VPOS="3045" WIDTH="30"/>
						<String ID="P2_ST00282" HPOS="462" VPOS="2994" WIDTH="94" HEIGHT="50" CONTENT="und" WC="0.98" CC="400"/>
						<SP ID="P2_SP00248" HPOS="556" VPOS="3045" WIDTH="31"/>
						<String ID="P2_ST00283" HPOS="587" VPOS="2994" WIDTH="116" HEIGHT="50" CONTENT="Leid" WC="0.99" CC="6000"/>
						<SP ID="P2_SP00249" HPOS="703" VPOS="3045" WIDTH="31"/>
						<String ID="P2_ST00284" HPOS="734" VPOS="2993" WIDTH="275" HEIGHT="59" CONTENT="mitreissen," WC="0.75" CC="80500100064"/>
						<SP ID="P2_SP00250" HPOS="1009" VPOS="3052" WIDTH="44"/>
						<String ID="P2_ST00285" HPOS="1053" VPOS="2992" WIDTH="61" HEIGHT="51" CONTENT="da" WC="1.00" CC="00"/>
						<SP ID="P2_SP00251" HPOS="1114" VPOS="3052" WIDTH="44"/>
						<String ID="P2_ST00286" HPOS="1158" VPOS="2994" WIDTH="85" HEIGHT="47" CONTENT="wir" WC="0.96" CC="045"/>
						<SP ID="P2_SP00252" HPOS="1243" VPOS="3052" WIDTH="42"/>
						<String ID="P2_ST00287" HPOS="1285" VPOS="2992" WIDTH="119" HEIGHT="51" CONTENT="doch" WC="0.97" CC="0607"/>
						<SP ID="P2_SP00253" HPOS="1404" VPOS="3052" WIDTH="45"/>
						<String ID="P2_ST00288" HPOS="1449" VPOS="2993" WIDTH="183" HEIGHT="59" CONTENT="wissen," WC="1.00" CC="0000601"/>
						<SP ID="P2_SP00254" HPOS="1632" VPOS="3052" WIDTH="45"/>
						<String ID="P2_ST00289" HPOS="1677" VPOS="3011" WIDTH="51" HEIGHT="32" CONTENT="er" WC="0.63" CC="70"/>
					</TextLine>
					<TextLine ID="P2_TL00036" HPOS="160" VPOS="3073" WIDTH="1571" HEIGHT="70">
						<String ID="P2_ST00290" HPOS="160" VPOS="3076" WIDTH="124" HEIGHT="51" CONTENT="habe" WC="0.96" CC="7660"/>
						<SP ID="P2_SP00255" HPOS="284" VPOS="3127" WIDTH="28"/>
						<String ID="P2_ST00291" HPOS="312" VPOS="3074" WIDTH="250" HEIGHT="69" CONTENT="eigentlich" WC="0.99" CC="4004757000"/>
						<SP ID="P2_SP00256" HPOS="562" VPOS="3143" WIDTH="31"/>
						<String ID="P2_ST00292" HPOS="593" VPOS="3074" WIDTH="109" HEIGHT="51" CONTENT="kein" WC="0.98" CC="0025"/>
						<SP ID="P2_SP00257" HPOS="702" VPOS="3143" WIDTH="31"/>
						<String ID="P2_ST00293" HPOS="733" VPOS="3073" WIDTH="196" HEIGHT="52" CONTENT="anderes" WC="0.97" CC="9891065"/>
						<SP ID="P2_SP00258" HPOS="929" VPOS="3143" WIDTH="30"/>
						<String ID="P2_ST00294" HPOS="959" VPOS="3073" WIDTH="193" HEIGHT="59" CONTENT="Pathos," WC="0.98" CC="5036542"/>
						<SP ID="P2_SP00259" HPOS="1152" VPOS="3143" WIDTH="31"/>
						<String ID="P2_ST00295" HPOS="1183" VPOS="3073" WIDTH="65" HEIGHT="50" CONTENT="als" WC="0.96" CC="055"/>
						<SP ID="P2_SP00260" HPOS="1248" VPOS="3143" WIDTH="31"/>
						<String ID="P2_ST00296" HPOS="1279" VPOS="3073" WIDTH="95" HEIGHT="50" CONTENT="sein" WC="0.97" CC="6008"/>
						<SP ID="P2_SP00261" HPOS="1374" VPOS="3143" WIDTH="33"/>
						<String ID="P2_ST00297" HPOS="1407" VPOS="3073" WIDTH="324" HEIGHT="51" CONTENT="Geheimniss?" WC="0.61" CC="03725085440"/>
					</TextLine>
					<TextLine ID="P2_TL00037" HPOS="156" VPOS="3152" WIDTH="1576" HEIGHT="69">
						<String ID="P2_ST00298" HPOS="156" VPOS="3156" WIDTH="193" HEIGHT="51" CONTENT="Müssen" WC="0.98" CC="191007"/>
						<SP ID="P2_SP00262" HPOS="349" VPOS="3207" WIDTH="29"/>
						<String ID="P2_ST00299" HPOS="378" VPOS="3156" WIDTH="87" HEIGHT="48" CONTENT="wir" WC="0.98" CC="005"/>
						<SP ID="P2_SP00263" HPOS="465" VPOS="3207" WIDTH="29"/>
						<String ID="P2_ST00300" HPOS="494" VPOS="3156" WIDTH="127" HEIGHT="49" CONTENT="nicht" WC="0.99" CC="60010"/>
						<SP ID="P2_SP00264" HPOS="621" VPOS="3207" WIDTH="28"/>
						<String ID="P2_ST00301" HPOS="649" VPOS="3154" WIDTH="98" HEIGHT="50" CONTENT="sein" WC="0.99" CC="0003"/>
						<SP ID="P2_SP00265" HPOS="747" VPOS="3207" WIDTH="21"/>
						<String ID="P2_ST00302" HPOS="768" VPOS="3153" WIDTH="252" HEIGHT="68" CONTENT="Begehren" WC="0.98" CC="76906600"/>
						<SP ID="P2_SP00266" HPOS="1020" VPOS="3221" WIDTH="30"/>
						<String ID="P2_ST00303" HPOS="1050" VPOS="3152" WIDTH="348" HEIGHT="51" CONTENT="unmenschlich" WC="0.99" CC="083077046056"/>
						<SP ID="P2_SP00267" HPOS="1398" VPOS="3221" WIDTH="32"/>
						<String ID="P2_ST00304" HPOS="1430" VPOS="3153" WIDTH="174" HEIGHT="57" CONTENT="finden," WC="0.98" CC="7047342"/>
						<SP ID="P2_SP00268" HPOS="1604" VPOS="3221" WIDTH="25"/>
						<String ID="P2_ST00305" HPOS="1629" VPOS="3153" WIDTH="103" HEIGHT="50" CONTENT="dass" WC="0.70" CC="9001"/>
					</TextLine>
					<TextLine ID="P2_TL00038" HPOS="156" VPOS="3233" WIDTH="1577" HEIGHT="69">
						<String ID="P2_ST00306" HPOS="156" VPOS="3236" WIDTH="130" HEIGHT="57" CONTENT="Elsa," WC="0.98" CC="60323"/>
						<SP ID="P2_SP00269" HPOS="286" VPOS="3293" WIDTH="43"/>
						<String ID="P2_ST00307" HPOS="329" VPOS="3234" WIDTH="97" HEIGHT="51" CONTENT="sein" WC="0.97" CC="0174"/>
						<SP ID="P2_SP00270" HPOS="426" VPOS="3293" WIDTH="44"/>
						<String ID="P2_ST00308" HPOS="470" VPOS="3234" WIDTH="252" HEIGHT="68" CONTENT="„geliebtes" WC="0.99" CC="6900056303"/>
						<SP ID="P2_SP00271" HPOS="722" VPOS="3302" WIDTH="32"/>
						<String ID="P2_ST00309" HPOS="754" VPOS="3233" WIDTH="206" HEIGHT="59" CONTENT='Weih",' WC="0.98" CC="901730"/>
						<SP ID="P2_SP00272" HPOS="960" VPOS="3302" WIDTH="44"/>
						<String ID="P2_ST00310" HPOS="1004" VPOS="3233" WIDTH="79" HEIGHT="48" CONTENT="ihn" WC="0.94" CC="177"/>
						<SP ID="P2_SP00273" HPOS="1083" VPOS="3302" WIDTH="37"/>
						<String ID="P2_ST00311" HPOS="1120" VPOS="3233" WIDTH="194" HEIGHT="48" CONTENT="niemals" WC="0.98" CC="7550970"/>
						<SP ID="P2_SP00274" HPOS="1314" VPOS="3302" WIDTH="29"/>
						<String ID="P2_ST00312" HPOS="1343" VPOS="3233" WIDTH="119" HEIGHT="48" CONTENT="nach" WC="0.96" CC="5705"/>
						<SP ID="P2_SP00275" HPOS="1462" VPOS="3302" WIDTH="31"/>
						<String ID="P2_ST00313" HPOS="1493" VPOS="3233" WIDTH="240" HEIGHT="50" CONTENT="Herkunft" WC="0.98" CC="80608367"/>
					</TextLine>
					<TextLine ID="P2_TL00039" HPOS="156" VPOS="3311" WIDTH="1575" HEIGHT="71">
						<String ID="P2_ST00314" HPOS="156" VPOS="3315" WIDTH="99" HEIGHT="52" CONTENT="und" WC="0.97" CC="900"/>
						<SP ID="P2_SP00276" HPOS="255" VPOS="3367" WIDTH="15"/>
						<String ID="P2_ST00315" HPOS="270" VPOS="3317" WIDTH="186" HEIGHT="48" CONTENT="Namen" WC="0.98" CC="86000"/>
						<SP ID="P2_SP00277" HPOS="456" VPOS="3367" WIDTH="26"/>
						<String ID="P2_ST00316" HPOS="482" VPOS="3316" WIDTH="162" HEIGHT="66" CONTENT="fragen" WC="0.99" CC="000007"/>
						<SP ID="P2_SP00278" HPOS="644" VPOS="3382" WIDTH="19"/>
						<String ID="P2_ST00317" HPOS="663" VPOS="3313" WIDTH="167" HEIGHT="50" CONTENT="dürfe?" WC="0.98" CC="094040"/>
						<SP ID="P2_SP00279" HPOS="830" VPOS="3382" WIDTH="33"/>
						<String ID="P2_ST00318" HPOS="863" VPOS="3315" WIDTH="99" HEIGHT="46" CONTENT="Der" WC="0.96" CC="460"/>
						<SP ID="P2_SP00280" HPOS="962" VPOS="3382" WIDTH="16"/>
						<String ID="P2_ST00319" HPOS="978" VPOS="3312" WIDTH="146" HEIGHT="49" CONTENT="Liebe" WC="0.98" CC="10067"/>
						<SP ID="P2_SP00281" HPOS="1124" VPOS="3382" WIDTH="17"/>
						<String ID="P2_ST00320" HPOS="1141" VPOS="3311" WIDTH="133" HEIGHT="50" CONTENT="Band" WC="0.95" CC="9860"/>
						<SP ID="P2_SP00282" HPOS="1274" VPOS="3382" WIDTH="24"/>
						<String ID="P2_ST00321" HPOS="1298" VPOS="3312" WIDTH="54" HEIGHT="48" CONTENT="ist" WC="0.94" CC="564"/>
						<SP ID="P2_SP00283" HPOS="1352" VPOS="3382" WIDTH="16"/>
						<String ID="P2_ST00322" HPOS="1368" VPOS="3312" WIDTH="81" HEIGHT="49" CONTENT="das" WC="0.91" CC="993"/>
						<SP ID="P2_SP00284" HPOS="1449" VPOS="3382" WIDTH="16"/>
						<String ID="P2_ST00323" HPOS="1465" VPOS="3313" WIDTH="266" HEIGHT="50" CONTENT="Vertrauen" WC="0.98" CC="945837667"/>
					</TextLine>
					<TextLine ID="P2_TL00040" HPOS="156" VPOS="3393" WIDTH="1575" HEIGHT="57">
						<String ID="P2_ST00324" HPOS="156" VPOS="3396" WIDTH="98" HEIGHT="49" CONTENT="und" WC="0.91" CC="939"/>
						<SP ID="P2_SP00285" HPOS="254" VPOS="3445" WIDTH="29"/>
						<String ID="P2_ST00325" HPOS="283" VPOS="3396" WIDTH="127" HEIGHT="51" CONTENT="nicht" WC="0.98" CC="90050"/>
						<SP ID="P2_SP00286" HPOS="410" VPOS="3447" WIDTH="28"/>
						<String ID="P2_ST00326" HPOS="438" VPOS="3395" WIDTH="82" HEIGHT="50" CONTENT="das" WC="0.98" CC="060"/>
						<SP ID="P2_SP00287" HPOS="520" VPOS="3447" WIDTH="27"/>
						<String ID="P2_ST00327" HPOS="547" VPOS="3395" WIDTH="316" HEIGHT="53" CONTENT="Geheimniss;" WC="0.76" CC="00001080347"/>
						<SP ID="P2_SP00288" HPOS="863" VPOS="3448" WIDTH="33"/>
						<String ID="P2_ST00328" HPOS="896" VPOS="3395" WIDTH="85" HEIGHT="47" CONTENT="wir" WC="1.00" CC="000"/>
						<SP ID="P2_SP00289" HPOS="981" VPOS="3448" WIDTH="30"/>
						<String ID="P2_ST00329" HPOS="1011" VPOS="3393" WIDTH="161" HEIGHT="49" CONTENT="stellen" WC="0.99" CC="0040363"/>
						<SP ID="P2_SP00290" HPOS="1172" VPOS="3448" WIDTH="33"/>
						<String ID="P2_ST00330" HPOS="1205" VPOS="3410" WIDTH="84" HEIGHT="32" CONTENT="uns" WC="0.96" CC="073"/>
						<SP ID="P2_SP00291" HPOS="1289" VPOS="3448" WIDTH="29"/>
						<String ID="P2_ST00331" HPOS="1318" VPOS="3393" WIDTH="85" HEIGHT="49" CONTENT="auf" WC="0.98" CC="060"/>
						<SP ID="P2_SP00292" HPOS="1403" VPOS="3448" WIDTH="14"/>
						<String ID="P2_ST00332" HPOS="1417" VPOS="3395" WIDTH="147" HEIGHT="48" CONTENT="Elsa's" WC="0.71" CC="600036"/>
						<SP ID="P2_SP00293" HPOS="1564" VPOS="3448" WIDTH="26"/>
						<String ID="P2_ST00333" HPOS="1590" VPOS="3395" WIDTH="141" HEIGHT="55" CONTENT="Seite," WC="0.97" CC="640690"/>
					</TextLine>
					<TextLine ID="P2_TL00041" HPOS="157" VPOS="3472" WIDTH="1573" HEIGHT="69">
						<String ID="P2_ST00334" HPOS="157" VPOS="3477" WIDTH="68" HEIGHT="48" CONTENT="als" WC="0.92" CC="766"/>
						<SP ID="P2_SP00294" HPOS="225" VPOS="3525" WIDTH="26"/>
						<String ID="P2_ST00335" HPOS="251" VPOS="3477" WIDTH="68" HEIGHT="48" CONTENT="sie" WC="0.97" CC="600"/>
						<SP ID="P2_SP00295" HPOS="319" VPOS="3525" WIDTH="27"/>
						<String ID="P2_ST00336" HPOS="346" VPOS="3476" WIDTH="83" HEIGHT="49" CONTENT="der" WC="0.97" CC="051"/>
						<SP ID="P2_SP00296" HPOS="429" VPOS="3525" WIDTH="42"/>
						<String ID="P2_ST00337" HPOS="471" VPOS="3475" WIDTH="293" HEIGHT="59" CONTENT="„sträflichen" WC="0.99" CC="600007000606"/>
						<SP ID="P2_SP00297" HPOS="764" VPOS="3534" WIDTH="26"/>
						<String ID="P2_ST00338" HPOS="790" VPOS="3472" WIDTH="236" HEIGHT="69" CONTENT='Neugier"' WC="0.98" CC="84508054"/>
						<SP ID="P2_SP00298" HPOS="1026" VPOS="3541" WIDTH="34"/>
						<String ID="P2_ST00339" HPOS="1060" VPOS="3473" WIDTH="184" HEIGHT="49" CONTENT="verfällt" WC="0.98" CC="02399500"/>
						<SP ID="P2_SP00299" HPOS="1244" VPOS="3541" WIDTH="30"/>
						<String ID="P2_ST00340" HPOS="1274" VPOS="3472" WIDTH="94" HEIGHT="48" CONTENT="und" WC="1.00" CC="000"/>
						<SP ID="P2_SP00300" HPOS="1368" VPOS="3541" WIDTH="29"/>
						<String ID="P2_ST00341" HPOS="1397" VPOS="3472" WIDTH="216" HEIGHT="51" CONTENT="desshalb" WC="0.72" CC="02065025"/>
						<SP ID="P2_SP00301" HPOS="1613" VPOS="3541" WIDTH="30"/>
						<String ID="P2_ST00342" HPOS="1643" VPOS="3491" WIDTH="87" HEIGHT="32" CONTENT="von" WC="0.98" CC="032"/>
					</TextLine>
					<TextLine ID="P2_TL00042" HPOS="157" VPOS="3551" WIDTH="1573" HEIGHT="67">
						<String ID="P2_ST00343" HPOS="157" VPOS="3555" WIDTH="150" HEIGHT="50" CONTENT="ihrem" WC="0.98" CC="45500"/>
						<SP ID="P2_SP00302" HPOS="307" VPOS="3605" WIDTH="20"/>
						<String ID="P2_ST00344" HPOS="327" VPOS="3557" WIDTH="169" HEIGHT="48" CONTENT="Gatten" WC="0.97" CC="047766"/>
						<SP ID="P2_SP00303" HPOS="496" VPOS="3605" WIDTH="24"/>
						<String ID="P2_ST00345" HPOS="520" VPOS="3556" WIDTH="233" HEIGHT="49" CONTENT="verlassen" WC="0.99" CC="034060404"/>
						<SP ID="P2_SP00304" HPOS="753" VPOS="3605" WIDTH="27"/>
						<String ID="P2_ST00346" HPOS="780" VPOS="3553" WIDTH="132" HEIGHT="50" CONTENT="wird." WC="0.97" CC="00694"/>
						<SP ID="P2_SP00305" HPOS="912" VPOS="3605" WIDTH="34"/>
						<String ID="P2_ST00347" HPOS="946" VPOS="3552" WIDTH="274" HEIGHT="66" CONTENT="Vergebens" WC="0.98" CC="009907184"/>
						<SP ID="P2_SP00306" HPOS="1220" VPOS="3618" WIDTH="26"/>
						<String ID="P2_ST00348" HPOS="1246" VPOS="3551" WIDTH="110" HEIGHT="51" CONTENT="fleht" WC="0.97" CC="70624"/>
						<SP ID="P2_SP00307" HPOS="1356" VPOS="3618" WIDTH="23"/>
						<String ID="P2_ST00349" HPOS="1379" VPOS="3553" WIDTH="63" HEIGHT="49" CONTENT="sie" WC="0.94" CC="644"/>
						<SP ID="P2_SP00308" HPOS="1442" VPOS="3618" WIDTH="23"/>
						<String ID="P2_ST00350" HPOS="1465" VPOS="3571" WIDTH="55" HEIGHT="31" CONTENT="zu" WC="0.40" CC="65"/>
						<SP ID="P2_SP00309" HPOS="1520" VPOS="3618" WIDTH="23"/>
						<String ID="P2_ST00351" HPOS="1543" VPOS="3553" WIDTH="156" HEIGHT="50" CONTENT="Lohen" SUBS_TYPE="HypPart1" SUBS_CONTENT="Lohengrin's" WC="0.50" CC="14666"/>
						<HYP HPOS="1699" VPOS="3553" WIDTH="31" CONTENT="-"/>
					</TextLine>
					<TextLine ID="P2_TL00043" HPOS="161" VPOS="3632" WIDTH="1567" HEIGHT="70">
						<String ID="P2_ST00352" HPOS="161" VPOS="3636" WIDTH="142" HEIGHT="65" CONTENT="grin's" SUBS_TYPE="HypPart2" SUBS_CONTENT="Lohengrin's" WC="0.64" CC="753500"/>
						<SP ID="P2_SP00310" HPOS="303" VPOS="3701" WIDTH="30"/>
						<String ID="P2_ST00353" HPOS="333" VPOS="3637" WIDTH="194" HEIGHT="56" CONTENT="Füssen," WC="0.98" CC="3092462"/>
						<SP ID="P2_SP00311" HPOS="527" VPOS="3701" WIDTH="44"/>
						<String ID="P2_ST00354" HPOS="571" VPOS="3652" WIDTH="50" HEIGHT="32" CONTENT="er" WC="0.82" CC="03"/>
						<SP ID="P2_SP00312" HPOS="621" VPOS="3701" WIDTH="38"/>
						<String ID="P2_ST00355" HPOS="659" VPOS="3640" WIDTH="141" HEIGHT="62" CONTENT="möge" WC="1.00" CC="0000"/>
						<SP ID="P2_SP00313" HPOS="800" VPOS="3702" WIDTH="42"/>
						<String ID="P2_ST00356" HPOS="842" VPOS="3635" WIDTH="94" HEIGHT="58" CONTENT="„als" WC="0.97" CC="4008"/>
						<SP ID="P2_SP00314" HPOS="936" VPOS="3702" WIDTH="28"/>
						<String ID="P2_ST00357" HPOS="964" VPOS="3635" WIDTH="161" HEIGHT="64" CONTENT="Zeuge" WC="0.98" CC="04090"/>
						<SP ID="P2_SP00315" HPOS="1125" VPOS="3702" WIDTH="30"/>
						<String ID="P2_ST00358" HPOS="1155" VPOS="3632" WIDTH="127" HEIGHT="48" CONTENT="ihrer" WC="0.98" CC="07005"/>
						<SP ID="P2_SP00316" HPOS="1282" VPOS="3702" WIDTH="32"/>
						<String ID="P2_ST00359" HPOS="1314" VPOS="3633" WIDTH="170" HEIGHT="47" CONTENT='Busse"' WC="0.98" CC="043574"/>
						<SP ID="P2_SP00317" HPOS="1484" VPOS="3702" WIDTH="46"/>
						<String ID="P2_ST00360" HPOS="1530" VPOS="3632" WIDTH="198" HEIGHT="50" CONTENT="bleiben." WC="0.99" CC="51106380"/>
					</TextLine>
					<TextLine ID="P2_TL00044" HPOS="160" VPOS="3711" WIDTH="1570" HEIGHT="61">
						<String ID="P2_ST00361" HPOS="160" VPOS="3715" WIDTH="70" HEIGHT="48" CONTENT="Er" WC="0.28" CC="94"/>
						<SP ID="P2_SP00318" HPOS="230" VPOS="3763" WIDTH="29"/>
						<String ID="P2_ST00362" HPOS="259" VPOS="3713" WIDTH="81" HEIGHT="50" CONTENT="hat" WC="0.96" CC="605"/>
						<SP ID="P2_SP00319" HPOS="340" VPOS="3763" WIDTH="27"/>
						<String ID="P2_ST00363" HPOS="367" VPOS="3713" WIDTH="134" HEIGHT="51" CONTENT="keine" WC="0.98" CC="03080"/>
						<SP ID="P2_SP00320" HPOS="501" VPOS="3764" WIDTH="30"/>
						<String ID="P2_ST00364" HPOS="531" VPOS="3716" WIDTH="221" HEIGHT="51" CONTENT="Antwort" WC="0.99" CC="0670100"/>
						<SP ID="P2_SP00321" HPOS="752" VPOS="3767" WIDTH="30"/>
						<String ID="P2_ST00365" HPOS="782" VPOS="3713" WIDTH="79" HEIGHT="49" CONTENT="für" WC="0.98" CC="005"/>
						<SP ID="P2_SP00322" HPOS="861" VPOS="3767" WIDTH="29"/>
						<String ID="P2_ST00366" HPOS="890" VPOS="3712" WIDTH="81" HEIGHT="60" CONTENT="sie," WC="0.97" CC="6033"/>
						<SP ID="P2_SP00323" HPOS="971" VPOS="3772" WIDTH="45"/>
						<String ID="P2_ST00367" HPOS="1016" VPOS="3713" WIDTH="94" HEIGHT="49" CONTENT="als:" WC="0.97" CC="5404"/>
						<SP ID="P2_SP00324" HPOS="1110" VPOS="3772" WIDTH="57"/>
						<String ID="P2_ST00368" HPOS="1167" VPOS="3711" WIDTH="107" HEIGHT="58" CONTENT="„Ich" WC="0.97" CC="4306"/>
						<SP ID="P2_SP00325" HPOS="1274" VPOS="3772" WIDTH="31"/>
						<String ID="P2_ST00369" HPOS="1305" VPOS="3727" WIDTH="144" HEIGHT="41" CONTENT="muss," WC="0.54" CC="16490"/>
						<SP ID="P2_SP00326" HPOS="1449" VPOS="3772" WIDTH="37"/>
						<String ID="P2_ST00370" HPOS="1486" VPOS="3712" WIDTH="71" HEIGHT="48" CONTENT="ich" WC="0.98" CC="006"/>
						<SP ID="P2_SP00327" HPOS="1557" VPOS="3772" WIDTH="30"/>
						<String ID="P2_ST00371" HPOS="1587" VPOS="3729" WIDTH="143" HEIGHT="40" CONTENT="muss," WC="0.62" CC="65330"/>
					</TextLine>
					<TextLine ID="P2_TL00045" HPOS="161" VPOS="3791" WIDTH="1569" HEIGHT="62">
						<String ID="P2_ST00372" HPOS="161" VPOS="3795" WIDTH="91" HEIGHT="48" CONTENT="mir" WC="0.95" CC="272"/>
						<SP ID="P2_SP00328" HPOS="252" VPOS="3843" WIDTH="28"/>
						<String ID="P2_ST00373" HPOS="280" VPOS="3797" WIDTH="135" HEIGHT="47" CONTENT="zürnt" WC="0.96" CC="40876"/>
						<SP ID="P2_SP00329" HPOS="415" VPOS="3844" WIDTH="28"/>
						<String ID="P2_ST00374" HPOS="443" VPOS="3795" WIDTH="81" HEIGHT="49" CONTENT="der" WC="0.96" CC="900"/>
						<SP ID="P2_SP00330" HPOS="524" VPOS="3844" WIDTH="32"/>
						<String ID="P2_ST00375" HPOS="556" VPOS="3795" WIDTH="130" HEIGHT="58" CONTENT="Gral," WC="0.98" CC="42040"/>
						<SP ID="P2_SP00331" HPOS="686" VPOS="3853" WIDTH="45"/>
						<String ID="P2_ST00376" HPOS="731" VPOS="3811" WIDTH="136" HEIGHT="33" CONTENT="wenn" WC="0.98" CC="0080"/>
						<SP ID="P2_SP00332" HPOS="867" VPOS="3853" WIDTH="31"/>
						<String ID="P2_ST00377" HPOS="898" VPOS="3793" WIDTH="72" HEIGHT="50" CONTENT="ich" WC="0.97" CC="006"/>
						<SP ID="P2_SP00333" HPOS="970" VPOS="3853" WIDTH="31"/>
						<String ID="P2_ST00378" HPOS="1001" VPOS="3792" WIDTH="119" HEIGHT="51" CONTENT="noch" WC="0.96" CC="8506"/>
						<SP ID="P2_SP00334" HPOS="1120" VPOS="3853" WIDTH="34"/>
						<String ID="P2_ST00379" HPOS="1154" VPOS="3792" WIDTH="125" HEIGHT="50" CONTENT="bleib" WC="0.98" CC="70007"/>
						<SP ID="P2_SP00335" HPOS="1279" VPOS="3853" WIDTH="33"/>
						<String ID="P2_ST00380" HPOS="1312" VPOS="3792" WIDTH="38" HEIGHT="47" CONTENT='!"' WC="0.42" CC="74"/>
						<SP ID="P2_SP00336" HPOS="1350" VPOS="3853" WIDTH="61"/>
						<String ID="P2_ST00381" HPOS="1411" VPOS="3792" WIDTH="90" HEIGHT="53" CONTENT="Ein" WC="0.92" CC="937"/>
						<SP ID="P2_SP00337" HPOS="1501" VPOS="3853" WIDTH="30"/>
						<String ID="P2_ST00382" HPOS="1531" VPOS="3791" WIDTH="199" HEIGHT="59" CONTENT="Wesen," WC="0.99" CC="060030"/>
					</TextLine>
					<TextLine ID="P2_TL00046" HPOS="159" VPOS="3871" WIDTH="1573" HEIGHT="68">
						<String ID="P2_ST00383" HPOS="159" VPOS="3872" WIDTH="85" HEIGHT="52" CONTENT="das" WC="0.92" CC="973"/>
						<SP ID="P2_SP00338" HPOS="244" VPOS="3924" WIDTH="31"/>
						<String ID="P2_ST00384" HPOS="275" VPOS="3890" WIDTH="150" HEIGHT="33" CONTENT="muss" WC="0.62" CC="9500"/>
						<SP ID="P2_SP00339" HPOS="425" VPOS="3924" WIDTH="31"/>
						<String ID="P2_ST00385" HPOS="456" VPOS="3872" WIDTH="162" HEIGHT="67" CONTENT="(„kein" WC="0.98" CC="540600"/>
						<SP ID="P2_SP00340" HPOS="618" VPOS="3939" WIDTH="23"/>
						<String ID="P2_ST00386" HPOS="641" VPOS="3873" WIDTH="189" HEIGHT="51" CONTENT="Mensch" WC="0.99" CC="005006"/>
						<SP ID="P2_SP00341" HPOS="830" VPOS="3939" WIDTH="35"/>
						<String ID="P2_ST00387" HPOS="865" VPOS="3890" WIDTH="124" HEIGHT="33" CONTENT="muss" WC="0.53" CC="3590"/>
						<SP ID="P2_SP00342" HPOS="989" VPOS="3939" WIDTH="25"/>
						<String ID="P2_ST00388" HPOS="1014" VPOS="3877" WIDTH="246" HEIGHT="53" CONTENT='müssen",' WC="0.99" CC="00173830"/>
						<SP ID="P2_SP00343" HPOS="1260" VPOS="3939" WIDTH="29"/>
						<String ID="P2_ST00389" HPOS="1289" VPOS="3878" WIDTH="104" HEIGHT="59" CONTENT="sagt" WC="0.96" CC="0594"/>
						<SP ID="P2_SP00344" HPOS="1393" VPOS="3939" WIDTH="23"/>
						<String ID="P2_ST00390" HPOS="1416" VPOS="3871" WIDTH="230" HEIGHT="66" CONTENT="Lessing)," WC="0.98" CC="069908970"/>
						<SP ID="P2_SP00345" HPOS="1646" VPOS="3939" WIDTH="31"/>
						<String ID="P2_ST00391" HPOS="1677" VPOS="3872" WIDTH="55" HEIGHT="48" CONTENT="ist" WC="0.95" CC="056"/>
					</TextLine>
					<TextLine ID="P2_TL00047" HPOS="157" VPOS="3950" WIDTH="1573" HEIGHT="60">
						<String ID="P2_ST00392" HPOS="157" VPOS="3953" WIDTH="109" HEIGHT="51" CONTENT="kein" WC="0.94" CC="9766"/>
						<SP ID="P2_SP00346" HPOS="266" VPOS="4004" WIDTH="20"/>
						<String ID="P2_ST00393" HPOS="286" VPOS="3952" WIDTH="124" HEIGHT="50" CONTENT="Held" WC="0.96" CC="8560"/>
						<SP ID="P2_SP00347" HPOS="410" VPOS="4004" WIDTH="16"/>
						<String ID="P2_ST00394" HPOS="426" VPOS="3953" WIDTH="127" HEIGHT="49" CONTENT="eines" WC="0.98" CC="03800"/>
						<SP ID="P2_SP00348" HPOS="553" VPOS="4004" WIDTH="16"/>
						<String ID="P2_ST00395" HPOS="569" VPOS="3953" WIDTH="233" HEIGHT="57" CONTENT="Drama's," WC="0.93" CC="00020200"/>
						<SP ID="P2_SP00349" HPOS="802" VPOS="4010" WIDTH="19"/>
						<String ID="P2_ST00396" HPOS="821" VPOS="3952" WIDTH="121" HEIGHT="51" CONTENT="denn" WC="0.98" CC="0331"/>
						<SP ID="P2_SP00350" HPOS="942" VPOS="4010" WIDTH="18"/>
						<String ID="P2_ST00397" HPOS="960" VPOS="3970" WIDTH="51" HEIGHT="32" CONTENT="er" WC="0.65" CC="06"/>
						<SP ID="P2_SP00351" HPOS="1011" VPOS="4010" WIDTH="21"/>
						<String ID="P2_ST00398" HPOS="1032" VPOS="3952" WIDTH="56" HEIGHT="50" CONTENT="ist" WC="0.94" CC="292"/>
						<SP ID="P2_SP00352" HPOS="1088" VPOS="4010" WIDTH="17"/>
						<String ID="P2_ST00399" HPOS="1105" VPOS="3951" WIDTH="161" HEIGHT="52" CONTENT="keiner" WC="1.00" CC="000002"/>
						<SP ID="P2_SP00353" HPOS="1266" VPOS="4010" WIDTH="14"/>
						<String ID="P2_ST00400" HPOS="1280" VPOS="3966" WIDTH="194" HEIGHT="34" CONTENT="unseres" WC="0.99" CC="8450000"/>
						<SP ID="P2_SP00354" HPOS="1474" VPOS="4010" WIDTH="18"/>
						<String ID="P2_ST00401" HPOS="1492" VPOS="3950" WIDTH="238" HEIGHT="50" CONTENT="Gleichen." WC="0.99" CC="050066054"/>
					</TextLine>
					<TextLine ID="P2_TL00048" HPOS="159" VPOS="4030" WIDTH="1573" HEIGHT="67">
						<String ID="P2_ST00402" HPOS="159" VPOS="4035" WIDTH="68" HEIGHT="48" CONTENT="Er" WC="0.36" CC="56"/>
						<SP ID="P2_SP00355" HPOS="227" VPOS="4083" WIDTH="23"/>
						<String ID="P2_ST00403" HPOS="250" VPOS="4033" WIDTH="57" HEIGHT="50" CONTENT="ist" WC="0.93" CC="774"/>
						<SP ID="P2_SP00356" HPOS="307" VPOS="4083" WIDTH="23"/>
						<String ID="P2_ST00404" HPOS="330" VPOS="4032" WIDTH="122" HEIGHT="51" CONTENT="nach" WC="0.96" CC="6076"/>
						<SP ID="P2_SP00357" HPOS="452" VPOS="4083" WIDTH="20"/>
						<String ID="P2_ST00405" HPOS="472" VPOS="4031" WIDTH="215" HEIGHT="51" CONTENT="Stahr's" WC="0.76" CC="5224010"/>
						<SP ID="P2_SP00358" HPOS="687" VPOS="4083" WIDTH="21"/>
						<String ID="P2_ST00406" HPOS="708" VPOS="4032" WIDTH="276" HEIGHT="51" CONTENT="treffendem" WC="0.99" CC="0003334009"/>
						<SP ID="P2_SP00359" HPOS="984" VPOS="4083" WIDTH="19"/>
						<String ID="P2_ST00407" HPOS="1003" VPOS="4031" WIDTH="252" HEIGHT="51" CONTENT="Ausdruck" WC="0.99" CC="58003000"/>
						<SP ID="P2_SP00360" HPOS="1255" VPOS="4083" WIDTH="21"/>
						<String ID="P2_ST00408" HPOS="1276" VPOS="4031" WIDTH="74" HEIGHT="49" CONTENT="ein" WC="1.00" CC="000"/>
						<SP ID="P2_SP00361" HPOS="1350" VPOS="4083" WIDTH="29"/>
						<String ID="P2_ST00409" HPOS="1379" VPOS="4030" WIDTH="353" HEIGHT="67" CONTENT="„seraphischer" WC="0.99" CC="3521095407400"/>
					</TextLine>
					<TextLine ID="P2_TL00049" HPOS="159" VPOS="4110" WIDTH="1572" HEIGHT="66">
						<String ID="P2_ST00410" HPOS="159" VPOS="4113" WIDTH="222" HEIGHT="61" CONTENT='Soldat",' WC="0.98" CC="71784140"/>
						<SP ID="P2_SP00362" HPOS="381" VPOS="4174" WIDTH="35"/>
						<String ID="P2_ST00411" HPOS="416" VPOS="4112" WIDTH="167" HEIGHT="51" CONTENT="dessen" WC="0.99" CC="500005"/>
						<SP ID="P2_SP00363" HPOS="583" VPOS="4174" WIDTH="33"/>
						<String ID="P2_ST00412" HPOS="616" VPOS="4111" WIDTH="144" HEIGHT="51" CONTENT="Wille" WC="0.99" CC="06000"/>
						<SP ID="P2_SP00364" HPOS="760" VPOS="4174" WIDTH="31"/>
						<String ID="P2_ST00413" HPOS="791" VPOS="4112" WIDTH="94" HEIGHT="48" CONTENT="und" WC="0.97" CC="340"/>
						<SP ID="P2_SP00365" HPOS="885" VPOS="4174" WIDTH="28"/>
						<String ID="P2_ST00414" HPOS="913" VPOS="4112" WIDTH="314" HEIGHT="50" CONTENT="Bewusstsein" WC="0.61" CC="70902430508"/>
						<SP ID="P2_SP00366" HPOS="1227" VPOS="4174" WIDTH="30"/>
						<String ID="P2_ST00415" HPOS="1257" VPOS="4111" WIDTH="130" HEIGHT="49" CONTENT="nicht" WC="0.98" CC="64600"/>
						<SP ID="P2_SP00367" HPOS="1387" VPOS="4174" WIDTH="29"/>
						<String ID="P2_ST00416" HPOS="1416" VPOS="4111" WIDTH="43" HEIGHT="48" CONTENT="in" WC="0.75" CC="05"/>
						<SP ID="P2_SP00368" HPOS="1459" VPOS="4174" WIDTH="32"/>
						<String ID="P2_ST00417" HPOS="1491" VPOS="4110" WIDTH="84" HEIGHT="49" CONTENT="der" WC="1.00" CC="000"/>
						<SP ID="P2_SP00369" HPOS="1575" VPOS="4174" WIDTH="30"/>
						<String ID="P2_ST00418" HPOS="1605" VPOS="4110" WIDTH="101" HEIGHT="66" CONTENT="eige" SUBS_TYPE="HypPart1" SUBS_CONTENT="eigenen" WC="0.99" CC="6003"/>
						<HYP HPOS="1706" VPOS="4110" WIDTH="25" CONTENT="-"/>
					</TextLine>
					<TextLine ID="P2_TL00050" HPOS="159" VPOS="4188" WIDTH="1572" HEIGHT="68">
						<String ID="P2_ST00419" HPOS="159" VPOS="4211" WIDTH="92" HEIGHT="32" CONTENT="nen" SUBS_TYPE="HypPart2" SUBS_CONTENT="eigenen" WC="0.93" CC="737"/>
						<SP ID="P2_SP00370" HPOS="251" VPOS="4243" WIDTH="28"/>
						<String ID="P2_ST00420" HPOS="279" VPOS="4195" WIDTH="142" HEIGHT="48" CONTENT="Brust" WC="0.97" CC="74605"/>
						<SP ID="P2_SP00371" HPOS="421" VPOS="4243" WIDTH="30"/>
						<String ID="P2_ST00421" HPOS="451" VPOS="4192" WIDTH="128" HEIGHT="58" CONTENT="ruht," WC="0.99" CC="00072"/>
						<SP ID="P2_SP00372" HPOS="579" VPOS="4250" WIDTH="29"/>
						<String ID="P2_ST00422" HPOS="608" VPOS="4188" WIDTH="205" HEIGHT="52" CONTENT="sondern" WC="0.98" CC="0569490"/>
						<SP ID="P2_SP00373" HPOS="813" VPOS="4250" WIDTH="44"/>
						<String ID="P2_ST00423" HPOS="857" VPOS="4191" WIDTH="70" HEIGHT="57" CONTENT="„in" WC="0.96" CC="703"/>
						<SP ID="P2_SP00374" HPOS="927" VPOS="4250" WIDTH="32"/>
						<String ID="P2_ST00424" HPOS="959" VPOS="4190" WIDTH="105" HEIGHT="50" CONTENT="dem" WC="0.98" CC="600"/>
						<SP ID="P2_SP00375" HPOS="1064" VPOS="4250" WIDTH="25"/>
						<String ID="P2_ST00425" HPOS="1089" VPOS="4190" WIDTH="319" HEIGHT="50" CONTENT="Stirnrunzeln" WC="0.99" CC="130960206050"/>
						<SP ID="P2_SP00376" HPOS="1408" VPOS="4250" WIDTH="24"/>
						<String ID="P2_ST00426" HPOS="1432" VPOS="4190" WIDTH="150" HEIGHT="49" CONTENT="seines" WC="0.99" CC="000742"/>
						<SP ID="P2_SP00377" HPOS="1582" VPOS="4250" WIDTH="26"/>
						<String ID="P2_ST00427" HPOS="1608" VPOS="4192" WIDTH="99" HEIGHT="64" CONTENT="gött" SUBS_TYPE="HypPart1" SUBS_CONTENT="göttlichen" WC="0.96" CC="9067"/>
						<HYP HPOS="1707" VPOS="4192" WIDTH="24" CONTENT="-"/>
					</TextLine>
					<TextLine ID="P2_TL00051" HPOS="161" VPOS="4272" WIDTH="555" HEIGHT="69">
						<String ID="P2_ST00428" HPOS="161" VPOS="4275" WIDTH="150" HEIGHT="49" CONTENT="lichen" SUBS_TYPE="HypPart2" SUBS_CONTENT="göttlichen" WC="0.96" CC="677556"/>
						<SP ID="P2_SP00378" HPOS="311" VPOS="4324" WIDTH="32"/>
						<String ID="P2_ST00429" HPOS="343" VPOS="4272" WIDTH="373" HEIGHT="69" CONTENT='Kriegsherrn".' WC="1.00" CC="6004000001003"/>
					</TextLine>
				</TextBlock>
				<TextBlock ID="P2_TB00003" HPOS="1801" VPOS="348" WIDTH="1592" HEIGHT="3987" STYLEREFS="TXT_1 PAR_BLOCK">
					<TextLine ID="P2_TL00052" HPOS="1926" VPOS="350" WIDTH="1467" HEIGHT="74">
						<String ID="P2_ST00430" HPOS="1926" VPOS="350" WIDTH="124" HEIGHT="51" CONTENT="Dass" WC="0.67" CC="6510"/>
						<SP ID="P2_SP00379" HPOS="2050" VPOS="401" WIDTH="22"/>
						<String ID="P2_ST00431" HPOS="2072" VPOS="352" WIDTH="56" HEIGHT="49" CONTENT="R." WC="0.71" CC="50"/>
						<SP ID="P2_SP00380" HPOS="2128" VPOS="401" WIDTH="19"/>
						<String ID="P2_ST00432" HPOS="2147" VPOS="352" WIDTH="223" HEIGHT="68" CONTENT="Wagner" WC="0.97" CC="465635"/>
						<SP ID="P2_SP00381" HPOS="2370" VPOS="420" WIDTH="20"/>
						<String ID="P2_ST00433" HPOS="2390" VPOS="354" WIDTH="145" HEIGHT="52" CONTENT="selbst" WC="0.98" CC="203416"/>
						<SP ID="P2_SP00382" HPOS="2535" VPOS="420" WIDTH="21"/>
						<String ID="P2_ST00434" HPOS="2556" VPOS="353" WIDTH="92" HEIGHT="52" CONTENT="den" WC="0.93" CC="908"/>
						<SP ID="P2_SP00383" HPOS="2648" VPOS="420" WIDTH="34"/>
						<String ID="P2_ST00435" HPOS="2682" VPOS="352" WIDTH="329" HEIGHT="69" CONTENT='„Lohengrin"' WC="0.75" CC="40015000384"/>
						<SP ID="P2_SP00384" HPOS="3011" VPOS="421" WIDTH="37"/>
						<String ID="P2_ST00436" HPOS="3048" VPOS="353" WIDTH="66" HEIGHT="52" CONTENT="als" WC="0.94" CC="536"/>
						<SP ID="P2_SP00385" HPOS="3114" VPOS="421" WIDTH="18"/>
						<String ID="P2_ST00437" HPOS="3132" VPOS="353" WIDTH="92" HEIGHT="51" CONTENT="den" WC="0.96" CC="603"/>
						<SP ID="P2_SP00386" HPOS="3224" VPOS="421" WIDTH="37"/>
						<String ID="P2_ST00438" HPOS="3261" VPOS="357" WIDTH="99" HEIGHT="67" CONTENT="«Ty" SUBS_TYPE="HypPart1" SUBS_CONTENT="«Typus" WC="0.96" CC="409"/>
						<HYP HPOS="3360" VPOS="357" WIDTH="33" CONTENT="-"/>
					</TextLine>
					<TextLine ID="P2_TL00053" HPOS="1807" VPOS="428" WIDTH="1584" HEIGHT="73">
						<String ID="P2_ST00439" HPOS="1807" VPOS="444" WIDTH="107" HEIGHT="51" CONTENT="pus" SUBS_TYPE="HypPart2" SUBS_CONTENT="«Typus" WC="0.95" CC="334"/>
						<SP ID="P2_SP00387" HPOS="1914" VPOS="495" WIDTH="43"/>
						<String ID="P2_ST00440" HPOS="1957" VPOS="428" WIDTH="99" HEIGHT="51" CONTENT="des" WC="1.00" CC="000"/>
						<SP ID="P2_SP00388" HPOS="2056" VPOS="495" WIDTH="43"/>
						<String ID="P2_ST00441" HPOS="2099" VPOS="430" WIDTH="413" HEIGHT="68" CONTENT="eigentlichen," WC="0.99" CC="0090061306004"/>
						<SP ID="P2_SP00389" HPOS="2512" VPOS="498" WIDTH="44"/>
						<String ID="P2_ST00442" HPOS="2556" VPOS="434" WIDTH="264" HEIGHT="67" CONTENT="einzigen" WC="0.99" CC="00300462"/>
						<SP ID="P2_SP00390" HPOS="2820" VPOS="501" WIDTH="41"/>
						<String ID="P2_ST00443" HPOS="2861" VPOS="434" WIDTH="339" HEIGHT="67" CONTENT="tragischen" WC="0.99" CC="0090000436"/>
						<SP ID="P2_SP00391" HPOS="3200" VPOS="501" WIDTH="38"/>
						<String ID="P2_ST00444" HPOS="3238" VPOS="435" WIDTH="123" HEIGHT="51" CONTENT="Stof" SUBS_TYPE="HypPart1" SUBS_CONTENT="Stoffes," WC="0.98" CC="6034"/>
						<HYP HPOS="3361" VPOS="435" WIDTH="30" CONTENT="-"/>
					</TextLine>
					<TextLine ID="P2_TL00054" HPOS="1808" VPOS="509" WIDTH="1583" HEIGHT="72">
						<String ID="P2_ST00445" HPOS="1808" VPOS="509" WIDTH="97" HEIGHT="58" CONTENT="fes," SUBS_TYPE="HypPart2" SUBS_CONTENT="Stoffes," WC="0.98" CC="5050"/>
						<SP ID="P2_SP00392" HPOS="1905" VPOS="567" WIDTH="33"/>
						<String ID="P2_ST00446" HPOS="1938" VPOS="509" WIDTH="269" HEIGHT="70" CONTENT="überhaupt" WC="0.99" CC="060050020"/>
						<SP ID="P2_SP00393" HPOS="2207" VPOS="579" WIDTH="31"/>
						<String ID="P2_ST00447" HPOS="2238" VPOS="512" WIDTH="83" HEIGHT="50" CONTENT="der" WC="0.96" CC="900"/>
						<SP ID="P2_SP00394" HPOS="2321" VPOS="579" WIDTH="24"/>
						<String ID="P2_ST00448" HPOS="2345" VPOS="515" WIDTH="180" HEIGHT="66" CONTENT="Tragik" WC="0.98" CC="206727"/>
						<SP ID="P2_SP00395" HPOS="2525" VPOS="581" WIDTH="29"/>
						<String ID="P2_ST00449" HPOS="2554" VPOS="515" WIDTH="80" HEIGHT="50" CONTENT="des" WC="0.97" CC="006"/>
						<SP ID="P2_SP00396" HPOS="2634" VPOS="581" WIDTH="29"/>
						<String ID="P2_ST00450" HPOS="2663" VPOS="515" WIDTH="483" HEIGHT="50" CONTENT="Lebens-Elementes" WC="1.00" CC="0070000521209024"/>
						<SP ID="P2_SP00397" HPOS="3146" VPOS="581" WIDTH="31"/>
						<String ID="P2_ST00451" HPOS="3177" VPOS="515" WIDTH="83" HEIGHT="50" CONTENT="der" WC="1.00" CC="000"/>
						<SP ID="P2_SP00398" HPOS="3260" VPOS="581" WIDTH="30"/>
						<String ID="P2_ST00452" HPOS="3290" VPOS="534" WIDTH="68" HEIGHT="32" CONTENT="mo" SUBS_TYPE="HypPart1" SUBS_CONTENT="modernen" WC="0.93" CC="67"/>
						<HYP HPOS="3358" VPOS="534" WIDTH="33" CONTENT="-"/>
					</TextLine>
					<TextLine ID="P2_TL00055" HPOS="1810" VPOS="587" WIDTH="1581" HEIGHT="71">
						<String ID="P2_ST00453" HPOS="1810" VPOS="587" WIDTH="177" HEIGHT="52" CONTENT="dernen" SUBS_TYPE="HypPart2" SUBS_CONTENT="modernen" WC="1.00" CC="000600"/>
						<SP ID="P2_SP00399" HPOS="1987" VPOS="639" WIDTH="33"/>
						<String ID="P2_ST00454" HPOS="2020" VPOS="590" WIDTH="315" HEIGHT="68" CONTENT='Gegenwart"' WC="1.00" CC="5000000007"/>
						<SP ID="P2_SP00400" HPOS="2335" VPOS="658" WIDTH="43"/>
						<String ID="P2_ST00455" HPOS="2378" VPOS="592" WIDTH="289" HEIGHT="63" CONTENT="bezeichnet," WC="0.99" CC="70004062060"/>
						<SP ID="P2_SP00401" HPOS="2667" VPOS="658" WIDTH="34"/>
						<String ID="P2_ST00456" HPOS="2701" VPOS="594" WIDTH="150" HEIGHT="51" CONTENT="davon" WC="1.00" CC="00030"/>
						<SP ID="P2_SP00402" HPOS="2851" VPOS="658" WIDTH="32"/>
						<String ID="P2_ST00457" HPOS="2883" VPOS="595" WIDTH="169" HEIGHT="49" CONTENT="wollen" WC="0.98" CC="800008"/>
						<SP ID="P2_SP00403" HPOS="3052" VPOS="658" WIDTH="31"/>
						<String ID="P2_ST00458" HPOS="3083" VPOS="594" WIDTH="88" HEIGHT="50" CONTENT="wir" WC="0.98" CC="004"/>
						<SP ID="P2_SP00404" HPOS="3171" VPOS="658" WIDTH="30"/>
						<String ID="P2_ST00459" HPOS="3201" VPOS="595" WIDTH="75" HEIGHT="50" CONTENT="bei" WC="0.97" CC="600"/>
						<SP ID="P2_SP00405" HPOS="3276" VPOS="658" WIDTH="31"/>
						<String ID="P2_ST00460" HPOS="3307" VPOS="595" WIDTH="84" HEIGHT="51" CONTENT="der" WC="1.00" CC="000"/>
					</TextLine>
					<TextLine ID="P2_TL00056" HPOS="1810" VPOS="668" WIDTH="1581" HEIGHT="75">
						<String ID="P2_ST00461" HPOS="1810" VPOS="668" WIDTH="269" HEIGHT="51" CONTENT="bekannten" WC="0.99" CC="606350306"/>
						<SP ID="P2_SP00406" HPOS="2079" VPOS="719" WIDTH="18"/>
						<String ID="P2_ST00462" HPOS="2097" VPOS="672" WIDTH="397" HEIGHT="67" CONTENT="Ruhmredigkeit" WC="0.99" CC="7079000059211"/>
						<SP ID="P2_SP00407" HPOS="2494" VPOS="739" WIDTH="25"/>
						<String ID="P2_ST00463" HPOS="2519" VPOS="673" WIDTH="86" HEIGHT="51" CONTENT="der" WC="0.99" CC="001"/>
						<SP ID="P2_SP00408" HPOS="2605" VPOS="739" WIDTH="11"/>
						<String ID="P2_ST00464" HPOS="2616" VPOS="675" WIDTH="381" HEIGHT="68" CONTENT="Wagner'schen" WC="0.73" CC="070005000746"/>
						<SP ID="P2_SP00409" HPOS="2997" VPOS="743" WIDTH="16"/>
						<String ID="P2_ST00465" HPOS="3013" VPOS="674" WIDTH="247" HEIGHT="52" CONTENT="Vorreden" WC="1.00" CC="04020000"/>
						<SP ID="P2_SP00410" HPOS="3260" VPOS="743" WIDTH="25"/>
						<String ID="P2_ST00466" HPOS="3285" VPOS="677" WIDTH="106" HEIGHT="51" CONTENT="kein" WC="0.99" CC="0004"/>
					</TextLine>
					<TextLine ID="P2_TL00057" HPOS="1807" VPOS="749" WIDTH="1581" HEIGHT="65">
						<String ID="P2_ST00467" HPOS="1807" VPOS="749" WIDTH="284" HEIGHT="50" CONTENT="Aufhebens" WC="0.99" CC="540507020"/>
						<SP ID="P2_SP00411" HPOS="2091" VPOS="799" WIDTH="31"/>
						<String ID="P2_ST00468" HPOS="2122" VPOS="752" WIDTH="213" HEIGHT="49" CONTENT="machen." WC="0.99" CC="0004124"/>
						<SP ID="P2_SP00412" HPOS="2335" VPOS="801" WIDTH="32"/>
						<String ID="P2_ST00469" HPOS="2367" VPOS="754" WIDTH="65" HEIGHT="48" CONTENT="Es" WC="0.47" CC="45"/>
						<SP ID="P2_SP00413" HPOS="2432" VPOS="802" WIDTH="32"/>
						<String ID="P2_ST00470" HPOS="2464" VPOS="753" WIDTH="147" HEIGHT="52" CONTENT="bleibt" WC="0.98" CC="601055"/>
						<SP ID="P2_SP00414" HPOS="2611" VPOS="805" WIDTH="29"/>
						<String ID="P2_ST00471" HPOS="2640" VPOS="755" WIDTH="103" HEIGHT="50" CONTENT="eine" WC="0.99" CC="0040"/>
						<SP ID="P2_SP00415" HPOS="2743" VPOS="805" WIDTH="30"/>
						<String ID="P2_ST00472" HPOS="2773" VPOS="754" WIDTH="354" HEIGHT="60" CONTENT="Verkehrtheit," WC="1.00" CC="6030040070012"/>
						<SP ID="P2_SP00416" HPOS="3127" VPOS="814" WIDTH="26"/>
						<String ID="P2_ST00473" HPOS="3153" VPOS="754" WIDTH="74" HEIGHT="51" CONTENT="die" WC="0.97" CC="603"/>
						<SP ID="P2_SP00417" HPOS="3227" VPOS="814" WIDTH="28"/>
						<String ID="P2_ST00474" HPOS="3255" VPOS="758" WIDTH="100" HEIGHT="50" CONTENT="Wie" SUBS_TYPE="HypPart1" SUBS_CONTENT="Wiederbelebung" WC="0.99" CC="000"/>
						<HYP HPOS="3355" VPOS="758" WIDTH="33" CONTENT="-"/>
					</TextLine>
					<TextLine ID="P2_TL00058" HPOS="1808" VPOS="828" WIDTH="1580" HEIGHT="76">
						<String ID="P2_ST00475" HPOS="1808" VPOS="828" WIDTH="329" HEIGHT="71" CONTENT="derbelebung" SUBS_TYPE="HypPart2" SUBS_CONTENT="Wiederbelebung" WC="0.99" CC="06660637360"/>
						<SP ID="P2_SP00418" HPOS="2137" VPOS="899" WIDTH="23"/>
						<String ID="P2_ST00476" HPOS="2160" VPOS="829" WIDTH="83" HEIGHT="52" CONTENT="der" WC="0.96" CC="072"/>
						<SP ID="P2_SP00419" HPOS="2243" VPOS="899" WIDTH="16"/>
						<String ID="P2_ST00477" HPOS="2259" VPOS="833" WIDTH="132" HEIGHT="67" CONTENT="Oper" WC="0.97" CC="7600"/>
						<SP ID="P2_SP00420" HPOS="2391" VPOS="900" WIDTH="23"/>
						<String ID="P2_ST00478" HPOS="2414" VPOS="833" WIDTH="46" HEIGHT="49" CONTENT="in" WC="0.65" CC="06"/>
						<SP ID="P2_SP00421" HPOS="2460" VPOS="900" WIDTH="23"/>
						<String ID="P2_ST00479" HPOS="2483" VPOS="834" WIDTH="85" HEIGHT="50" CONTENT="der" WC="0.99" CC="010"/>
						<SP ID="P2_SP00422" HPOS="2568" VPOS="900" WIDTH="23"/>
						<String ID="P2_ST00480" HPOS="2591" VPOS="837" WIDTH="257" HEIGHT="49" CONTENT="Rückkehr" WC="0.98" CC="91090043"/>
						<SP ID="P2_SP00423" HPOS="2848" VPOS="900" WIDTH="23"/>
						<String ID="P2_ST00481" HPOS="2871" VPOS="837" WIDTH="84" HEIGHT="49" CONTENT="auf" WC="1.00" CC="000"/>
						<SP ID="P2_SP00424" HPOS="2955" VPOS="900" WIDTH="23"/>
						<String ID="P2_ST00482" HPOS="2978" VPOS="835" WIDTH="142" HEIGHT="50" CONTENT="derlei" WC="0.99" CC="030050"/>
						<SP ID="P2_SP00425" HPOS="3120" VPOS="900" WIDTH="28"/>
						<String ID="P2_ST00483" HPOS="3148" VPOS="838" WIDTH="214" HEIGHT="66" CONTENT="mystisch" SUBS_TYPE="HypPart1" SUBS_CONTENT="mystischsymbolische" WC="0.98" CC="07564577"/>
						<HYP HPOS="3362" VPOS="838" WIDTH="26" CONTENT="-"/>
					</TextLine>
					<TextLine ID="P2_TL00059" HPOS="1808" VPOS="909" WIDTH="1581" HEIGHT="74">
						<String ID="P2_ST00484" HPOS="1808" VPOS="909" WIDTH="310" HEIGHT="67" CONTENT="symbolische" SUBS_TYPE="HypPart2" SUBS_CONTENT="mystischsymbolische" WC="0.99" CC="36375400030"/>
						<SP ID="P2_SP00426" HPOS="2118" VPOS="976" WIDTH="31"/>
						<String ID="P2_ST00485" HPOS="2149" VPOS="912" WIDTH="147" HEIGHT="49" CONTENT="Stoffe" WC="0.98" CC="005225"/>
						<SP ID="P2_SP00427" HPOS="2296" VPOS="976" WIDTH="29"/>
						<String ID="P2_ST00486" HPOS="2325" VPOS="931" WIDTH="55" HEIGHT="30" CONTENT="zu" WC="1.00" CC="00"/>
						<SP ID="P2_SP00428" HPOS="2380" VPOS="976" WIDTH="30"/>
						<String ID="P2_ST00487" HPOS="2410" VPOS="914" WIDTH="195" HEIGHT="60" CONTENT="suchen," WC="0.98" CC="0406344"/>
						<SP ID="P2_SP00429" HPOS="2605" VPOS="976" WIDTH="43"/>
						<String ID="P2_ST00488" HPOS="2648" VPOS="914" WIDTH="90" HEIGHT="61" CONTENT="die," WC="0.96" CC="9501"/>
						<SP ID="P2_SP00430" HPOS="2738" VPOS="976" WIDTH="43"/>
						<String ID="P2_ST00489" HPOS="2781" VPOS="935" WIDTH="58" HEIGHT="31" CONTENT="an" WC="0.69" CC="06"/>
						<SP ID="P2_SP00431" HPOS="2839" VPOS="976" WIDTH="41"/>
						<String ID="P2_ST00490" HPOS="2880" VPOS="915" WIDTH="93" HEIGHT="51" CONTENT="sich" WC="0.98" CC="1106"/>
						<SP ID="P2_SP00432" HPOS="2973" VPOS="976" WIDTH="27"/>
						<String ID="P2_ST00491" HPOS="3000" VPOS="915" WIDTH="135" HEIGHT="68" CONTENT="jeder" WC="0.98" CC="36070"/>
						<SP ID="P2_SP00433" HPOS="3135" VPOS="983" WIDTH="30"/>
						<String ID="P2_ST00492" HPOS="3165" VPOS="917" WIDTH="196" HEIGHT="53" CONTENT="dramati" SUBS_TYPE="HypPart1" SUBS_CONTENT="dramatischen" WC="0.98" CC="8055930"/>
						<HYP HPOS="3361" VPOS="917" WIDTH="28" CONTENT="-"/>
					</TextLine>
					<TextLine ID="P2_TL00060" HPOS="1808" VPOS="990" WIDTH="1579" HEIGHT="72">
						<String ID="P2_ST00493" HPOS="1808" VPOS="990" WIDTH="142" HEIGHT="50" CONTENT="schen" SUBS_TYPE="HypPart2" SUBS_CONTENT="dramatischen" WC="0.98" CC="00407"/>
						<SP ID="P2_SP00434" HPOS="1950" VPOS="1040" WIDTH="30"/>
						<String ID="P2_ST00494" HPOS="1980" VPOS="993" WIDTH="278" HEIGHT="66" CONTENT="Bewegung" WC="0.98" CC="80909409"/>
						<SP ID="P2_SP00435" HPOS="2258" VPOS="1059" WIDTH="44"/>
						<String ID="P2_ST00495" HPOS="2302" VPOS="993" WIDTH="103" HEIGHT="60" CONTENT="bar," WC="0.97" CC="6700"/>
						<SP ID="P2_SP00436" HPOS="2405" VPOS="1059" WIDTH="47"/>
						<String ID="P2_ST00496" HPOS="2452" VPOS="994" WIDTH="151" HEIGHT="68" CONTENT="längst" WC="0.97" CC="067961"/>
						<SP ID="P2_SP00437" HPOS="2603" VPOS="1062" WIDTH="42"/>
						<String ID="P2_ST00497" HPOS="2645" VPOS="994" WIDTH="64" HEIGHT="51" CONTENT="im" WC="0.80" CC="40"/>
						<SP ID="P2_SP00438" HPOS="2709" VPOS="1062" WIDTH="39"/>
						<String ID="P2_ST00498" HPOS="2748" VPOS="998" WIDTH="314" HEIGHT="50" CONTENT="Bewusstsein" WC="0.62" CC="80056365050"/>
						<SP ID="P2_SP00439" HPOS="3062" VPOS="1062" WIDTH="42"/>
						<String ID="P2_ST00499" HPOS="3104" VPOS="997" WIDTH="83" HEIGHT="49" CONTENT="der" WC="0.97" CC="520"/>
						<SP ID="P2_SP00440" HPOS="3187" VPOS="1062" WIDTH="30"/>
						<String ID="P2_ST00500" HPOS="3217" VPOS="1001" WIDTH="170" HEIGHT="48" CONTENT="Nation" WC="0.97" CC="468056"/>
					</TextLine>
					<TextLine ID="P2_TL00061" HPOS="1807" VPOS="1069" WIDTH="1581" HEIGHT="75">
						<String ID="P2_ST00501" HPOS="1807" VPOS="1088" WIDTH="56" HEIGHT="31" CONTENT="zu" WC="0.67" CC="06"/>
						<SP ID="P2_SP00441" HPOS="1863" VPOS="1119" WIDTH="30"/>
						<String ID="P2_ST00502" HPOS="1893" VPOS="1069" WIDTH="137" HEIGHT="51" CONTENT="leben" WC="1.00" CC="20100"/>
						<SP ID="P2_SP00442" HPOS="2030" VPOS="1120" WIDTH="32"/>
						<String ID="P2_ST00503" HPOS="2062" VPOS="1072" WIDTH="258" HEIGHT="67" CONTENT="aufgehört" WC="0.99" CC="960003400"/>
						<SP ID="P2_SP00443" HPOS="2320" VPOS="1139" WIDTH="31"/>
						<String ID="P2_ST00504" HPOS="2351" VPOS="1073" WIDTH="171" HEIGHT="51" CONTENT="haben." WC="0.98" CC="034254"/>
						<SP ID="P2_SP00444" HPOS="2522" VPOS="1139" WIDTH="47"/>
						<String ID="P2_ST00505" HPOS="2569" VPOS="1074" WIDTH="90" HEIGHT="50" CONTENT="Die" WC="0.95" CC="705"/>
						<SP ID="P2_SP00445" HPOS="2659" VPOS="1139" WIDTH="41"/>
						<String ID="P2_ST00506" HPOS="2700" VPOS="1077" WIDTH="162" HEIGHT="48" CONTENT="wahre" WC="0.99" CC="00700"/>
						<SP ID="P2_SP00446" HPOS="2862" VPOS="1139" WIDTH="32"/>
						<String ID="P2_ST00507" HPOS="2894" VPOS="1078" WIDTH="132" HEIGHT="66" CONTENT="Oper" WC="0.98" CC="7000"/>
						<SP ID="P2_SP00447" HPOS="3026" VPOS="1144" WIDTH="43"/>
						<String ID="P2_ST00508" HPOS="3069" VPOS="1077" WIDTH="84" HEIGHT="49" CONTENT="der" WC="0.98" CC="040"/>
						<SP ID="P2_SP00448" HPOS="3153" VPOS="1144" WIDTH="27"/>
						<String ID="P2_ST00509" HPOS="3180" VPOS="1078" WIDTH="208" HEIGHT="50" CONTENT="Zukunft" WC="0.98" CC="4153570"/>
					</TextLine>
					<TextLine ID="P2_TL00062" HPOS="1808" VPOS="1149" WIDTH="560" HEIGHT="53">
						<String ID="P2_ST00510" HPOS="1808" VPOS="1150" WIDTH="56" HEIGHT="50" CONTENT="ist" WC="0.98" CC="033"/>
						<SP ID="P2_SP00449" HPOS="1864" VPOS="1200" WIDTH="29"/>
						<String ID="P2_ST00511" HPOS="1893" VPOS="1149" WIDTH="74" HEIGHT="51" CONTENT="die" WC="0.98" CC="050"/>
						<SP ID="P2_SP00450" HPOS="1967" VPOS="1200" WIDTH="30"/>
						<String ID="P2_ST00512" HPOS="1997" VPOS="1150" WIDTH="371" HEIGHT="52" CONTENT="historische." WC="1.00" CC="301030100050"/>
					</TextLine>
					<TextLine ID="P2_TL00063" HPOS="1930" VPOS="1232" WIDTH="1458" HEIGHT="71">
						<String ID="P2_ST00513" HPOS="1930" VPOS="1232" WIDTH="125" HEIGHT="51" CONTENT="Was" WC="0.94" CC="860"/>
						<SP ID="P2_SP00451" HPOS="2055" VPOS="1283" WIDTH="29"/>
						<String ID="P2_ST00514" HPOS="2084" VPOS="1233" WIDTH="260" HEIGHT="67" CONTENT="Wagner's" WC="0.80" CC="07000602"/>
						<SP ID="P2_SP00452" HPOS="2344" VPOS="1300" WIDTH="40"/>
						<String ID="P2_ST00515" HPOS="2384" VPOS="1233" WIDTH="520" HEIGHT="69" CONTENT="christlich-mythische" WC="1.00" CC="06420070234099700270"/>
						<SP ID="P2_SP00453" HPOS="2904" VPOS="1302" WIDTH="32"/>
						<String ID="P2_ST00516" HPOS="2936" VPOS="1236" WIDTH="342" HEIGHT="67" CONTENT="Opern-Texte" WC="0.99" CC="69047370534"/>
						<SP ID="P2_SP00454" HPOS="3278" VPOS="1303" WIDTH="30"/>
						<String ID="P2_ST00517" HPOS="3308" VPOS="1256" WIDTH="80" HEIGHT="33" CONTENT="vor" WC="0.98" CC="500"/>
					</TextLine>
					<TextLine ID="P2_TL00064" HPOS="1808" VPOS="1305" WIDTH="1579" HEIGHT="77">
						<String ID="P2_ST00518" HPOS="1808" VPOS="1305" WIDTH="90" HEIGHT="55" CONTENT="den" WC="0.95" CC="707"/>
						<SP ID="P2_SP00455" HPOS="1898" VPOS="1360" WIDTH="31"/>
						<String ID="P2_ST00519" HPOS="1929" VPOS="1312" WIDTH="390" HEIGHT="51" CONTENT="überwundenen" WC="0.99" CC="060506600300"/>
						<SP ID="P2_SP00456" HPOS="2319" VPOS="1363" WIDTH="24"/>
						<String ID="P2_ST00520" HPOS="2343" VPOS="1314" WIDTH="648" HEIGHT="68" CONTENT="classisch-mythologischen" WC="0.80" CC="010030002010056050017407"/>
						<SP ID="P2_SP00457" HPOS="2991" VPOS="1382" WIDTH="24"/>
						<String ID="P2_ST00521" HPOS="3015" VPOS="1333" WIDTH="167" HEIGHT="35" CONTENT="voraus" WC="1.00" CC="000010"/>
						<SP ID="P2_SP00458" HPOS="3182" VPOS="1382" WIDTH="32"/>
						<String ID="P2_ST00522" HPOS="3214" VPOS="1318" WIDTH="173" HEIGHT="57" CONTENT="haben," WC="0.97" CC="766290"/>
					</TextLine>
					<TextLine ID="P2_TL00065" HPOS="1808" VPOS="1389" WIDTH="1573" HEIGHT="65">
						<String ID="P2_ST00523" HPOS="1808" VPOS="1390" WIDTH="56" HEIGHT="50" CONTENT="ist" WC="0.95" CC="164"/>
						<SP ID="P2_SP00459" HPOS="1864" VPOS="1440" WIDTH="29"/>
						<String ID="P2_ST00524" HPOS="1893" VPOS="1389" WIDTH="83" HEIGHT="52" CONTENT="das" WC="0.95" CC="094"/>
						<SP ID="P2_SP00460" HPOS="1976" VPOS="1441" WIDTH="30"/>
						<String ID="P2_ST00525" HPOS="2006" VPOS="1393" WIDTH="337" HEIGHT="51" CONTENT="Vaterland." WC="0.99" CC="6000020804"/>
						<SP ID="P2_SP00461" HPOS="2343" VPOS="1444" WIDTH="46"/>
						<String ID="P2_ST00526" HPOS="2389" VPOS="1394" WIDTH="75" HEIGHT="50" CONTENT="Sie" WC="0.95" CC="642"/>
						<SP ID="P2_SP00462" HPOS="2464" VPOS="1444" WIDTH="30"/>
						<String ID="P2_ST00527" HPOS="2494" VPOS="1394" WIDTH="103" HEIGHT="50" CONTENT="sind" WC="0.99" CC="0050"/>
						<SP ID="P2_SP00463" HPOS="2597" VPOS="1444" WIDTH="28"/>
						<String ID="P2_ST00528" HPOS="2625" VPOS="1393" WIDTH="213" HEIGHT="61" CONTENT="deutsch," WC="0.98" CC="50055660"/>
						<SP ID="P2_SP00464" HPOS="2838" VPOS="1454" WIDTH="42"/>
						<String ID="P2_ST00529" HPOS="2880" VPOS="1394" WIDTH="94" HEIGHT="50" CONTENT="und" WC="0.95" CC="570"/>
						<SP ID="P2_SP00465" HPOS="2974" VPOS="1454" WIDTH="31"/>
						<String ID="P2_ST00530" HPOS="3005" VPOS="1394" WIDTH="73" HEIGHT="51" CONTENT="die" WC="0.98" CC="004"/>
						<SP ID="P2_SP00466" HPOS="3078" VPOS="1454" WIDTH="32"/>
						<String ID="P2_ST00531" HPOS="3110" VPOS="1398" WIDTH="180" HEIGHT="50" CONTENT="Scenen" WC="0.69" CC="500226"/>
						<SP ID="P2_SP00467" HPOS="3290" VPOS="1454" WIDTH="33"/>
						<String ID="P2_ST00532" HPOS="3323" VPOS="1401" WIDTH="58" HEIGHT="48" CONTENT="im" WC="0.65" CC="06"/>
					</TextLine>
					<TextLine ID="P2_TL00066" HPOS="1818" VPOS="1472" WIDTH="1568" HEIGHT="67">
						<String ID="P2_ST00533" HPOS="1818" VPOS="1472" WIDTH="359" HEIGHT="67" CONTENT='„Lohengrin",' WC="0.77" CC="100645000340"/>
						<SP ID="P2_SP00468" HPOS="2177" VPOS="1539" WIDTH="25"/>
						<String ID="P2_ST00534" HPOS="2202" VPOS="1474" WIDTH="179" HEIGHT="49" CONTENT="welche" WC="0.98" CC="040650"/>
						<SP ID="P2_SP00469" HPOS="2381" VPOS="1539" WIDTH="30"/>
						<String ID="P2_ST00535" HPOS="2411" VPOS="1473" WIDTH="224" HEIGHT="51" CONTENT="deutsche" WC="0.99" CC="00060060"/>
						<SP ID="P2_SP00470" HPOS="2635" VPOS="1539" WIDTH="23"/>
						<String ID="P2_ST00536" HPOS="2658" VPOS="1474" WIDTH="117" HEIGHT="50" CONTENT="Sitte" WC="0.98" CC="40803"/>
						<SP ID="P2_SP00471" HPOS="2775" VPOS="1539" WIDTH="23"/>
						<String ID="P2_ST00537" HPOS="2798" VPOS="1473" WIDTH="251" HEIGHT="61" CONTENT="schildern," WC="0.99" CC="0040800043"/>
						<SP ID="P2_SP00472" HPOS="3049" VPOS="1539" WIDTH="31"/>
						<String ID="P2_ST00538" HPOS="3080" VPOS="1477" WIDTH="190" HEIGHT="49" CONTENT="werden" WC="0.99" CC="003005"/>
						<SP ID="P2_SP00473" HPOS="3270" VPOS="1539" WIDTH="30"/>
						<String ID="P2_ST00539" HPOS="3300" VPOS="1479" WIDTH="58" HEIGHT="50" CONTENT="im" SUBS_TYPE="HypPart1" SUBS_CONTENT="immer" WC="0.96" CC="09"/>
						<HYP HPOS="3358" VPOS="1479" WIDTH="28" CONTENT="-"/>
					</TextLine>
					<TextLine ID="P2_TL00067" HPOS="1808" VPOS="1552" WIDTH="1578" HEIGHT="73">
						<String ID="P2_ST00540" HPOS="1808" VPOS="1568" WIDTH="102" HEIGHT="33" CONTENT="mer" SUBS_TYPE="HypPart2" SUBS_CONTENT="immer" WC="0.98" CC="040"/>
						<SP ID="P2_SP00474" HPOS="1910" VPOS="1601" WIDTH="23"/>
						<String ID="P2_ST00541" HPOS="1933" VPOS="1552" WIDTH="73" HEIGHT="49" CONTENT="die" WC="1.00" CC="000"/>
						<SP ID="P2_SP00475" HPOS="2006" VPOS="1601" WIDTH="23"/>
						<String ID="P2_ST00542" HPOS="2029" VPOS="1553" WIDTH="342" HEIGHT="67" CONTENT="nachhaltigste" WC="0.99" CC="5040781508400"/>
						<SP ID="P2_SP00476" HPOS="2371" VPOS="1620" WIDTH="18"/>
						<String ID="P2_ST00543" HPOS="2389" VPOS="1554" WIDTH="245" HEIGHT="69" CONTENT="Wirkung" WC="1.00" CC="0000510"/>
						<SP ID="P2_SP00477" HPOS="2634" VPOS="1623" WIDTH="18"/>
						<String ID="P2_ST00544" HPOS="2652" VPOS="1554" WIDTH="389" HEIGHT="65" CONTENT="hervorbringen," WC="0.99" CC="10080370080063"/>
						<SP ID="P2_SP00478" HPOS="3041" VPOS="1623" WIDTH="26"/>
						<String ID="P2_ST00545" HPOS="3067" VPOS="1559" WIDTH="138" HEIGHT="64" CONTENT="möge" WC="0.98" CC="0505"/>
						<SP ID="P2_SP00479" HPOS="3205" VPOS="1623" WIDTH="27"/>
						<String ID="P2_ST00546" HPOS="3232" VPOS="1558" WIDTH="116" HEIGHT="67" CONTENT="Wag" SUBS_TYPE="HypPart1" SUBS_CONTENT="Wagner" WC="0.96" CC="068"/>
						<HYP HPOS="3348" VPOS="1558" WIDTH="38" CONTENT="-"/>
					</TextLine>
					<TextLine ID="P2_TL00068" HPOS="1803" VPOS="1632" WIDTH="1575" HEIGHT="71">
						<String ID="P2_ST00547" HPOS="1803" VPOS="1648" WIDTH="85" HEIGHT="33" CONTENT="ner" SUBS_TYPE="HypPart2" SUBS_CONTENT="Wagner" WC="0.97" CC="502"/>
						<SP ID="P2_SP00480" HPOS="1888" VPOS="1681" WIDTH="40"/>
						<String ID="P2_ST00548" HPOS="1928" VPOS="1632" WIDTH="142" HEIGHT="49" CONTENT="selbst" WC="0.99" CC="200700"/>
						<SP ID="P2_SP00481" HPOS="2070" VPOS="1681" WIDTH="42"/>
						<String ID="P2_ST00549" HPOS="2112" VPOS="1634" WIDTH="120" HEIGHT="50" CONTENT="noch" WC="0.98" CC="3004"/>
						<SP ID="P2_SP00482" HPOS="2232" VPOS="1684" WIDTH="44"/>
						<String ID="P2_ST00550" HPOS="2276" VPOS="1651" WIDTH="49" HEIGHT="33" CONTENT="so" WC="0.85" CC="02"/>
						<SP ID="P2_SP00483" HPOS="2325" VPOS="1684" WIDTH="45"/>
						<String ID="P2_ST00551" HPOS="2370" VPOS="1634" WIDTH="276" HEIGHT="69" CONTENT="hartnäckig" WC="1.00" CC="7006000010"/>
						<SP ID="P2_SP00484" HPOS="2646" VPOS="1703" WIDTH="36"/>
						<String ID="P2_ST00552" HPOS="2682" VPOS="1634" WIDTH="81" HEIGHT="51" CONTENT="das" WC="0.95" CC="093"/>
						<SP ID="P2_SP00485" HPOS="2763" VPOS="1703" WIDTH="31"/>
						<String ID="P2_ST00553" HPOS="2794" VPOS="1634" WIDTH="584" HEIGHT="69" CONTENT="Mythisch-Symbolische" WC="1.00" CC="00760947200060020056"/>
					</TextLine>
					<TextLine ID="P2_TL00069" HPOS="1804" VPOS="1713" WIDTH="1575" HEIGHT="71">
						<String ID="P2_ST00554" HPOS="1804" VPOS="1713" WIDTH="66" HEIGHT="50" CONTENT="als" WC="0.98" CC="400"/>
						<SP ID="P2_SP00486" HPOS="1870" VPOS="1763" WIDTH="31"/>
						<String ID="P2_ST00555" HPOS="1901" VPOS="1713" WIDTH="91" HEIGHT="50" CONTENT="den" WC="0.98" CC="004"/>
						<SP ID="P2_SP00487" HPOS="1992" VPOS="1763" WIDTH="30"/>
						<String ID="P2_ST00556" HPOS="2022" VPOS="1714" WIDTH="195" HEIGHT="50" CONTENT="wahren" WC="0.99" CC="006007"/>
						<SP ID="P2_SP00488" HPOS="2217" VPOS="1764" WIDTH="26"/>
						<String ID="P2_ST00557" HPOS="2243" VPOS="1716" WIDTH="129" HEIGHT="48" CONTENT="Kern" WC="0.97" CC="6034"/>
						<SP ID="P2_SP00489" HPOS="2372" VPOS="1764" WIDTH="24"/>
						<String ID="P2_ST00558" HPOS="2396" VPOS="1714" WIDTH="84" HEIGHT="51" CONTENT="der" WC="0.99" CC="030"/>
						<SP ID="P2_SP00490" HPOS="2480" VPOS="1765" WIDTH="23"/>
						<String ID="P2_ST00559" HPOS="2503" VPOS="1717" WIDTH="133" HEIGHT="66" CONTENT="Oper" WC="0.99" CC="0300"/>
						<SP ID="P2_SP00491" HPOS="2636" VPOS="1783" WIDTH="26"/>
						<String ID="P2_ST00560" HPOS="2662" VPOS="1714" WIDTH="297" HEIGHT="51" CONTENT="bezeichnen." WC="0.99" CC="60200041051"/>
						<SP ID="P2_SP00492" HPOS="2959" VPOS="1783" WIDTH="30"/>
						<String ID="P2_ST00561" HPOS="2989" VPOS="1717" WIDTH="120" HEIGHT="49" CONTENT="Eine" WC="0.99" CC="0041"/>
						<SP ID="P2_SP00493" HPOS="3109" VPOS="1783" WIDTH="30"/>
						<String ID="P2_ST00562" HPOS="3139" VPOS="1717" WIDTH="240" HEIGHT="67" CONTENT="specifisch" WC="0.65" CC="0000077677"/>
					</TextLine>
					<TextLine ID="P2_TL00070" HPOS="1803" VPOS="1792" WIDTH="1576" HEIGHT="71">
						<String ID="P2_ST00563" HPOS="1803" VPOS="1792" WIDTH="393" HEIGHT="52" CONTENT="dramatische" WC="1.00" CC="93000000050"/>
						<SP ID="P2_SP00494" HPOS="2196" VPOS="1844" WIDTH="31"/>
						<String ID="P2_ST00564" HPOS="2227" VPOS="1796" WIDTH="138" HEIGHT="49" CONTENT="Kraft" WC="0.97" CC="76006"/>
						<SP ID="P2_SP00495" HPOS="2365" VPOS="1845" WIDTH="22"/>
						<String ID="P2_ST00565" HPOS="2387" VPOS="1796" WIDTH="61" HEIGHT="49" CONTENT="im" WC="1.00" CC="00"/>
						<SP ID="P2_SP00496" HPOS="2448" VPOS="1845" WIDTH="27"/>
						<String ID="P2_ST00566" HPOS="2475" VPOS="1796" WIDTH="265" HEIGHT="49" CONTENT="eminenten" WC="0.99" CC="000273607"/>
						<SP ID="P2_SP00497" HPOS="2740" VPOS="1845" WIDTH="26"/>
						<String ID="P2_ST00567" HPOS="2766" VPOS="1796" WIDTH="141" HEIGHT="49" CONTENT="Sinne" WC="0.95" CC="57875"/>
						<SP ID="P2_SP00498" HPOS="2907" VPOS="1845" WIDTH="24"/>
						<String ID="P2_ST00568" HPOS="2931" VPOS="1799" WIDTH="255" HEIGHT="64" CONTENT="vermögen" WC="1.00" CC="03003000"/>
						<SP ID="P2_SP00499" HPOS="3186" VPOS="1863" WIDTH="32"/>
						<String ID="P2_ST00569" HPOS="3218" VPOS="1797" WIDTH="86" HEIGHT="49" CONTENT="wir" WC="0.99" CC="001"/>
						<SP ID="P2_SP00500" HPOS="3304" VPOS="1863" WIDTH="31"/>
						<String ID="P2_ST00570" HPOS="3335" VPOS="1798" WIDTH="44" HEIGHT="50" CONTENT="in" WC="0.63" CC="07"/>
					</TextLine>
					<TextLine ID="P2_TL00071" HPOS="1803" VPOS="1872" WIDTH="1576" HEIGHT="71">
						<String ID="P2_ST00571" HPOS="1803" VPOS="1872" WIDTH="84" HEIGHT="51" CONTENT="der" WC="0.99" CC="001"/>
						<SP ID="P2_SP00501" HPOS="1887" VPOS="1923" WIDTH="28"/>
						<String ID="P2_ST00572" HPOS="1915" VPOS="1873" WIDTH="241" HEIGHT="69" CONTENT="Dichtung" WC="0.98" CC="66057070"/>
						<SP ID="P2_SP00502" HPOS="2156" VPOS="1942" WIDTH="38"/>
						<String ID="P2_ST00573" HPOS="2194" VPOS="1874" WIDTH="80" HEIGHT="50" CONTENT="des" WC="1.00" CC="000"/>
						<SP ID="P2_SP00503" HPOS="2274" VPOS="1942" WIDTH="42"/>
						<String ID="P2_ST00574" HPOS="2316" VPOS="1876" WIDTH="330" HEIGHT="67" CONTENT='„Lohengrin"' WC="0.69" CC="30250690004"/>
						<SP ID="P2_SP00504" HPOS="2646" VPOS="1943" WIDTH="44"/>
						<String ID="P2_ST00575" HPOS="2690" VPOS="1876" WIDTH="127" HEIGHT="49" CONTENT="nicht" WC="0.97" CC="60065"/>
						<SP ID="P2_SP00505" HPOS="2817" VPOS="1943" WIDTH="40"/>
						<String ID="P2_ST00576" HPOS="2857" VPOS="1895" WIDTH="54" HEIGHT="30" CONTENT="zu" WC="0.66" CC="60"/>
						<SP ID="P2_SP00506" HPOS="2911" VPOS="1943" WIDTH="47"/>
						<String ID="P2_ST00577" HPOS="2958" VPOS="1876" WIDTH="174" HEIGHT="59" CONTENT="finden," WC="0.98" CC="6260503"/>
						<SP ID="P2_SP00507" HPOS="3132" VPOS="1943" WIDTH="44"/>
						<String ID="P2_ST00578" HPOS="3176" VPOS="1877" WIDTH="203" HEIGHT="51" CONTENT="sondern" WC="0.98" CC="4562027"/>
					</TextLine>
					<TextLine ID="P2_TL00072" HPOS="1804" VPOS="1952" WIDTH="1573" HEIGHT="72">
						<String ID="P2_ST00579" HPOS="1804" VPOS="1952" WIDTH="124" HEIGHT="52" CONTENT="bloss" WC="0.97" CC="75422"/>
						<SP ID="P2_SP00508" HPOS="1928" VPOS="2004" WIDTH="30"/>
						<String ID="P2_ST00580" HPOS="1958" VPOS="1954" WIDTH="197" HEIGHT="68" CONTENT="lyrische" WC="0.99" CC="60641030"/>
						<SP ID="P2_SP00509" HPOS="2155" VPOS="2022" WIDTH="22"/>
						<String ID="P2_ST00581" HPOS="2177" VPOS="1954" WIDTH="281" HEIGHT="69" CONTENT="Begabung," WC="0.98" CC="670673890"/>
						<SP ID="P2_SP00510" HPOS="2458" VPOS="2023" WIDTH="25"/>
						<String ID="P2_ST00582" HPOS="2483" VPOS="1956" WIDTH="274" HEIGHT="50" CONTENT="verbunden" WC="0.99" CC="000767063"/>
						<SP ID="P2_SP00511" HPOS="2757" VPOS="2023" WIDTH="30"/>
						<String ID="P2_ST00583" HPOS="2787" VPOS="1956" WIDTH="84" HEIGHT="49" CONTENT="mit" WC="1.00" CC="000"/>
						<SP ID="P2_SP00512" HPOS="2871" VPOS="2023" WIDTH="28"/>
						<String ID="P2_ST00584" HPOS="2899" VPOS="1956" WIDTH="153" HEIGHT="49" CONTENT="einem" WC="0.99" CC="00500"/>
						<SP ID="P2_SP00513" HPOS="3052" VPOS="2023" WIDTH="31"/>
						<String ID="P2_ST00585" HPOS="3083" VPOS="1958" WIDTH="262" HEIGHT="66" CONTENT="ungewöhn" SUBS_TYPE="HypPart1" SUBS_CONTENT="ungewöhnlichen" WC="0.98" CC="54909565"/>
						<HYP HPOS="3345" VPOS="1958" WIDTH="32" CONTENT="-"/>
					</TextLine>
					<TextLine ID="P2_TL00073" HPOS="1801" VPOS="2034" WIDTH="1578" HEIGHT="69">
						<String ID="P2_ST00586" HPOS="1801" VPOS="2034" WIDTH="152" HEIGHT="50" CONTENT="lichen" SUBS_TYPE="HypPart2" SUBS_CONTENT="ungewöhnlichen" WC="0.98" CC="600607"/>
						<SP ID="P2_SP00514" HPOS="1953" VPOS="2084" WIDTH="29"/>
						<String ID="P2_ST00587" HPOS="1982" VPOS="2034" WIDTH="442" HEIGHT="69" CONTENT="Theatergeschick." WC="1.00" CC="0200500000060184"/>
						<SP ID="P2_SP00515" HPOS="2424" VPOS="2103" WIDTH="34"/>
						<String ID="P2_ST00588" HPOS="2458" VPOS="2036" WIDTH="112" HEIGHT="50" CONTENT="Wie" WC="1.00" CC="000"/>
						<SP ID="P2_SP00516" HPOS="2570" VPOS="2103" WIDTH="31"/>
						<String ID="P2_ST00589" HPOS="2601" VPOS="2053" WIDTH="101" HEIGHT="33" CONTENT="arm" WC="0.93" CC="449"/>
						<SP ID="P2_SP00517" HPOS="2702" VPOS="2103" WIDTH="32"/>
						<String ID="P2_ST00590" HPOS="2734" VPOS="2036" WIDTH="272" HEIGHT="49" CONTENT="erscheinen" WC="0.99" CC="0400770120"/>
						<SP ID="P2_SP00518" HPOS="3006" VPOS="2103" WIDTH="32"/>
						<String ID="P2_ST00591" HPOS="3038" VPOS="2036" WIDTH="73" HEIGHT="49" CONTENT="die" WC="0.99" CC="003"/>
						<SP ID="P2_SP00519" HPOS="3111" VPOS="2103" WIDTH="32"/>
						<String ID="P2_ST00592" HPOS="3143" VPOS="2037" WIDTH="236" HEIGHT="49" CONTENT="einzelnen" WC="0.98" CC="405660656"/>
					</TextLine>
					<TextLine ID="P2_TL00074" HPOS="1804" VPOS="2114" WIDTH="1573" HEIGHT="69">
						<String ID="P2_ST00593" HPOS="1804" VPOS="2114" WIDTH="366" HEIGHT="51" CONTENT="Charaktere" WC="0.99" CC="6600000060"/>
						<SP ID="P2_SP00520" HPOS="2170" VPOS="2165" WIDTH="37"/>
						<String ID="P2_ST00594" HPOS="2207" VPOS="2116" WIDTH="64" HEIGHT="49" CONTENT="im" WC="0.80" CC="03"/>
						<SP ID="P2_SP00521" HPOS="2271" VPOS="2165" WIDTH="43"/>
						<String ID="P2_ST00595" HPOS="2314" VPOS="2116" WIDTH="359" HEIGHT="67" CONTENT='„Lohengrin",' WC="0.66" CC="430026070644"/>
						<SP ID="P2_SP00522" HPOS="2673" VPOS="2183" WIDTH="46"/>
						<String ID="P2_ST00596" HPOS="2719" VPOS="2116" WIDTH="73" HEIGHT="49" CONTENT="die" WC="1.00" CC="000"/>
						<SP ID="P2_SP00523" HPOS="2792" VPOS="2183" WIDTH="44"/>
						<String ID="P2_ST00597" HPOS="2836" VPOS="2117" WIDTH="89" HEIGHT="49" CONTENT="alle" WC="0.99" CC="0320"/>
						<SP ID="P2_SP00524" HPOS="2925" VPOS="2183" WIDTH="43"/>
						<String ID="P2_ST00598" HPOS="2968" VPOS="2133" WIDTH="87" HEIGHT="32" CONTENT="von" WC="0.96" CC="046"/>
						<SP ID="P2_SP00525" HPOS="3055" VPOS="2183" WIDTH="32"/>
						<String ID="P2_ST00599" HPOS="3087" VPOS="2117" WIDTH="191" HEIGHT="66" CONTENT="Anfang" WC="0.97" CC="079770"/>
						<SP ID="P2_SP00526" HPOS="3278" VPOS="2183" WIDTH="30"/>
						<String ID="P2_ST00600" HPOS="3308" VPOS="2117" WIDTH="69" HEIGHT="51" CONTENT="bis" WC="0.95" CC="607"/>
					</TextLine>
					<TextLine ID="P2_TL00075" HPOS="1802" VPOS="2194" WIDTH="1573" HEIGHT="70">
						<String ID="P2_ST00601" HPOS="1802" VPOS="2213" WIDTH="55" HEIGHT="31" CONTENT="zu" WC="0.58" CC="52"/>
						<SP ID="P2_SP00527" HPOS="1857" VPOS="2244" WIDTH="30"/>
						<String ID="P2_ST00602" HPOS="1887" VPOS="2194" WIDTH="135" HEIGHT="51" CONTENT="Ende" WC="0.99" CC="0300"/>
						<SP ID="P2_SP00528" HPOS="2022" VPOS="2245" WIDTH="29"/>
						<String ID="P2_ST00603" HPOS="2051" VPOS="2202" WIDTH="233" HEIGHT="61" CONTENT="stereotyp" WC="0.99" CC="250260300"/>
						<SP ID="P2_SP00529" HPOS="2284" VPOS="2263" WIDTH="32"/>
						<String ID="P2_ST00604" HPOS="2316" VPOS="2196" WIDTH="122" HEIGHT="49" CONTENT="ohne" WC="0.95" CC="4476"/>
						<SP ID="P2_SP00530" HPOS="2438" VPOS="2263" WIDTH="22"/>
						<String ID="P2_ST00605" HPOS="2460" VPOS="2196" WIDTH="335" HEIGHT="67" CONTENT="Entwicklung" WC="0.99" CC="06082002340"/>
						<SP ID="P2_SP00531" HPOS="2795" VPOS="2263" WIDTH="32"/>
						<String ID="P2_ST00606" HPOS="2827" VPOS="2196" WIDTH="96" HEIGHT="49" CONTENT="und" WC="0.98" CC="060"/>
						<SP ID="P2_SP00532" HPOS="2923" VPOS="2263" WIDTH="24"/>
						<String ID="P2_ST00607" HPOS="2947" VPOS="2196" WIDTH="284" HEIGHT="68" CONTENT="Steigerung" WC="0.98" CC="1621870179"/>
						<SP ID="P2_SP00533" HPOS="3231" VPOS="2264" WIDTH="31"/>
						<String ID="P2_ST00608" HPOS="3262" VPOS="2197" WIDTH="91" HEIGHT="49" CONTENT="blei" SUBS_TYPE="HypPart1" SUBS_CONTENT="bleiben," WC="0.96" CC="7752"/>
						<HYP HPOS="3353" VPOS="2197" WIDTH="22" CONTENT="-"/>
					</TextLine>
					<TextLine ID="P2_TL00076" HPOS="1807" VPOS="2274" WIDTH="1570" HEIGHT="68">
						<String ID="P2_ST00609" HPOS="1807" VPOS="2274" WIDTH="107" HEIGHT="60" CONTENT="ben," SUBS_TYPE="HypPart2" SUBS_CONTENT="bleiben," WC="0.96" CC="6604"/>
						<SP ID="P2_SP00534" HPOS="1914" VPOS="2334" WIDTH="30"/>
						<String ID="P2_ST00610" HPOS="1944" VPOS="2292" WIDTH="153" HEIGHT="50" CONTENT="gegen" WC="0.99" CC="04005"/>
						<SP ID="P2_SP00535" HPOS="2097" VPOS="2342" WIDTH="30"/>
						<String ID="P2_ST00611" HPOS="2127" VPOS="2274" WIDTH="81" HEIGHT="51" CONTENT="das" WC="0.99" CC="300"/>
						<SP ID="P2_SP00536" HPOS="2208" VPOS="2342" WIDTH="30"/>
						<String ID="P2_ST00612" HPOS="2238" VPOS="2276" WIDTH="162" HEIGHT="49" CONTENT="Leben" WC="0.97" CC="70656"/>
						<SP ID="P2_SP00537" HPOS="2400" VPOS="2342" WIDTH="31"/>
						<String ID="P2_ST00613" HPOS="2431" VPOS="2276" WIDTH="82" HEIGHT="49" CONTENT="der" WC="1.00" CC="000"/>
						<SP ID="P2_SP00538" HPOS="2513" VPOS="2342" WIDTH="24"/>
						<String ID="P2_ST00614" HPOS="2537" VPOS="2277" WIDTH="184" HEIGHT="48" CONTENT="Massen" WC="0.98" CC="550507"/>
						<SP ID="P2_SP00539" HPOS="2721" VPOS="2342" WIDTH="32"/>
						<String ID="P2_ST00615" HPOS="2753" VPOS="2276" WIDTH="160" HEIGHT="49" CONTENT="darin!" WC="0.99" CC="090050"/>
						<SP ID="P2_SP00540" HPOS="2913" VPOS="2342" WIDTH="31"/>
						<String ID="P2_ST00616" HPOS="2944" VPOS="2276" WIDTH="163" HEIGHT="49" CONTENT="Dieses" WC="0.98" CC="143511"/>
						<SP ID="P2_SP00541" HPOS="3107" VPOS="2342" WIDTH="26"/>
						<String ID="P2_ST00617" HPOS="3133" VPOS="2277" WIDTH="244" HEIGHT="60" CONTENT="Geschick," WC="0.99" CC="371160191"/>
					</TextLine>
					<TextLine ID="P2_TL00077" HPOS="1806" VPOS="2354" WIDTH="1568" HEIGHT="68">
						<String ID="P2_ST00618" HPOS="1806" VPOS="2356" WIDTH="227" HEIGHT="66" CONTENT="Gruppen" WC="0.97" CC="9070975"/>
						<SP ID="P2_SP00542" HPOS="2033" VPOS="2422" WIDTH="29"/>
						<String ID="P2_ST00619" HPOS="2062" VPOS="2373" WIDTH="56" HEIGHT="31" CONTENT="zu" WC="0.86" CC="10"/>
						<SP ID="P2_SP00543" HPOS="2118" VPOS="2422" WIDTH="32"/>
						<String ID="P2_ST00620" HPOS="2150" VPOS="2354" WIDTH="155" HEIGHT="50" CONTENT="bilden" WC="0.98" CC="700107"/>
						<SP ID="P2_SP00544" HPOS="2305" VPOS="2422" WIDTH="29"/>
						<String ID="P2_ST00621" HPOS="2334" VPOS="2354" WIDTH="97" HEIGHT="51" CONTENT="und" WC="0.97" CC="080"/>
						<SP ID="P2_SP00545" HPOS="2431" VPOS="2422" WIDTH="29"/>
						<String ID="P2_ST00622" HPOS="2460" VPOS="2356" WIDTH="294" HEIGHT="50" CONTENT="Situationen" WC="0.99" CC="10060200058"/>
						<SP ID="P2_SP00546" HPOS="2754" VPOS="2422" WIDTH="37"/>
						<String ID="P2_ST00623" HPOS="2791" VPOS="2356" WIDTH="163" HEIGHT="49" CONTENT="herbei" WC="0.98" CC="650703"/>
						<SP ID="P2_SP00547" HPOS="2954" VPOS="2422" WIDTH="30"/>
						<String ID="P2_ST00624" HPOS="2984" VPOS="2375" WIDTH="54" HEIGHT="30" CONTENT="zu" WC="0.57" CC="43"/>
						<SP ID="P2_SP00548" HPOS="3038" VPOS="2422" WIDTH="34"/>
						<String ID="P2_ST00625" HPOS="3072" VPOS="2356" WIDTH="192" HEIGHT="58" CONTENT="führen," WC="0.98" CC="0930643"/>
						<SP ID="P2_SP00549" HPOS="3264" VPOS="2422" WIDTH="36"/>
						<String ID="P2_ST00626" HPOS="3300" VPOS="2356" WIDTH="74" HEIGHT="50" CONTENT="die" WC="0.96" CC="037"/>
					</TextLine>
					<TextLine ID="P2_TL00078" HPOS="1803" VPOS="2434" WIDTH="1575" HEIGHT="60">
						<String ID="P2_ST00627" HPOS="1803" VPOS="2434" WIDTH="128" HEIGHT="51" CONTENT="nicht" WC="0.99" CC="40000"/>
						<SP ID="P2_SP00550" HPOS="1931" VPOS="2485" WIDTH="31"/>
						<String ID="P2_ST00628" HPOS="1962" VPOS="2434" WIDTH="168" HEIGHT="51" CONTENT="anders" WC="0.99" CC="180130"/>
						<SP ID="P2_SP00551" HPOS="2130" VPOS="2485" WIDTH="31"/>
						<String ID="P2_ST00629" HPOS="2161" VPOS="2436" WIDTH="65" HEIGHT="49" CONTENT="als" WC="0.95" CC="067"/>
						<SP ID="P2_SP00552" HPOS="2226" VPOS="2485" WIDTH="31"/>
						<String ID="P2_ST00630" HPOS="2257" VPOS="2436" WIDTH="246" HEIGHT="49" CONTENT="malerisch" WC="0.99" CC="490501453"/>
						<SP ID="P2_SP00553" HPOS="2503" VPOS="2485" WIDTH="33"/>
						<String ID="P2_ST00631" HPOS="2536" VPOS="2436" WIDTH="225" HEIGHT="50" CONTENT="ausfallen" WC="0.99" CC="606090407"/>
						<SP ID="P2_SP00554" HPOS="2761" VPOS="2486" WIDTH="44"/>
						<String ID="P2_ST00632" HPOS="2805" VPOS="2436" WIDTH="205" HEIGHT="58" CONTENT="können," WC="0.99" CC="0055011"/>
						<SP ID="P2_SP00555" HPOS="3010" VPOS="2494" WIDTH="43"/>
						<String ID="P2_ST00633" HPOS="3053" VPOS="2436" WIDTH="56" HEIGHT="49" CONTENT="ist" WC="0.97" CC="061"/>
						<SP ID="P2_SP00556" HPOS="3109" VPOS="2494" WIDTH="40"/>
						<String ID="P2_ST00634" HPOS="3149" VPOS="2436" WIDTH="229" HEIGHT="50" CONTENT="vielleicht" WC="0.99" CC="9007640176"/>
					</TextLine>
					<TextLine ID="P2_TL00079" HPOS="1803" VPOS="2514" WIDTH="1575" HEIGHT="69">
						<String ID="P2_ST00635" HPOS="1803" VPOS="2514" WIDTH="83" HEIGHT="50" CONTENT="das" WC="0.99" CC="030"/>
						<SP ID="P2_SP00557" HPOS="1886" VPOS="2564" WIDTH="29"/>
						<String ID="P2_ST00636" HPOS="1915" VPOS="2516" WIDTH="453" HEIGHT="67" CONTENT="Eigentümlichste" WC="1.00" CC="100158000007900"/>
						<SP ID="P2_SP00558" HPOS="2368" VPOS="2583" WIDTH="31"/>
						<String ID="P2_ST00637" HPOS="2399" VPOS="2517" WIDTH="43" HEIGHT="48" CONTENT="in" WC="0.67" CC="06"/>
						<SP ID="P2_SP00559" HPOS="2442" VPOS="2583" WIDTH="29"/>
						<String ID="P2_ST00638" HPOS="2471" VPOS="2517" WIDTH="259" HEIGHT="66" CONTENT="Wagner's" WC="0.61" CC="07074532"/>
						<SP ID="P2_SP00560" HPOS="2730" VPOS="2583" WIDTH="31"/>
						<String ID="P2_ST00639" HPOS="2761" VPOS="2517" WIDTH="183" HEIGHT="57" CONTENT="Talent," WC="0.99" CC="0000680"/>
						<SP ID="P2_SP00561" HPOS="2944" VPOS="2583" WIDTH="31"/>
						<String ID="P2_ST00640" HPOS="2975" VPOS="2514" WIDTH="96" HEIGHT="51" CONTENT="und" WC="0.99" CC="100"/>
						<SP ID="P2_SP00562" HPOS="3071" VPOS="2583" WIDTH="29"/>
						<String ID="P2_ST00641" HPOS="3100" VPOS="2516" WIDTH="84" HEIGHT="49" CONTENT="der" WC="1.00" CC="000"/>
						<SP ID="P2_SP00563" HPOS="3184" VPOS="2583" WIDTH="23"/>
						<String ID="P2_ST00642" HPOS="3207" VPOS="2517" WIDTH="171" HEIGHT="57" CONTENT="Punkt," WC="0.98" CC="460091"/>
					</TextLine>
					<TextLine ID="P2_TL00080" HPOS="1803" VPOS="2594" WIDTH="1574" HEIGHT="69">
						<String ID="P2_ST00643" HPOS="1803" VPOS="2596" WIDTH="85" HEIGHT="49" CONTENT="auf" WC="0.98" CC="050"/>
						<SP ID="P2_SP00564" HPOS="1888" VPOS="2645" WIDTH="23"/>
						<String ID="P2_ST00644" HPOS="1911" VPOS="2594" WIDTH="90" HEIGHT="51" CONTENT="den" WC="0.99" CC="003"/>
						<SP ID="P2_SP00565" HPOS="2001" VPOS="2645" WIDTH="29"/>
						<String ID="P2_ST00645" HPOS="2030" VPOS="2594" WIDTH="46" HEIGHT="51" CONTENT="in" WC="0.65" CC="15"/>
						<SP ID="P2_SP00566" HPOS="2076" VPOS="2645" WIDTH="32"/>
						<String ID="P2_ST00646" HPOS="2108" VPOS="2596" WIDTH="130" HEIGHT="49" CONTENT="einer" WC="0.98" CC="00704"/>
						<SP ID="P2_SP00567" HPOS="2238" VPOS="2645" WIDTH="29"/>
						<String ID="P2_ST00647" HPOS="2267" VPOS="2596" WIDTH="409" HEIGHT="49" CONTENT="ausführlicheren" WC="0.99" CC="030000550666056"/>
						<SP ID="P2_SP00568" HPOS="2676" VPOS="2645" WIDTH="23"/>
						<String ID="P2_ST00648" HPOS="2699" VPOS="2596" WIDTH="384" HEIGHT="67" CONTENT="Untersuchung," WC="0.99" CC="4752004054600"/>
						<SP ID="P2_SP00569" HPOS="3083" VPOS="2663" WIDTH="31"/>
						<String ID="P2_ST00649" HPOS="3114" VPOS="2596" WIDTH="65" HEIGHT="49" CONTENT="als" WC="0.94" CC="553"/>
						<SP ID="P2_SP00570" HPOS="3179" VPOS="2663" WIDTH="25"/>
						<String ID="P2_ST00650" HPOS="3204" VPOS="2596" WIDTH="63" HEIGHT="49" CONTENT="sie" WC="0.99" CC="002"/>
						<SP ID="P2_SP00571" HPOS="3267" VPOS="2663" WIDTH="25"/>
						<String ID="P2_ST00651" HPOS="3292" VPOS="2613" WIDTH="85" HEIGHT="32" CONTENT="uns" WC="0.93" CC="737"/>
					</TextLine>
					<TextLine ID="P2_TL00081" HPOS="1802" VPOS="2674" WIDTH="1575" HEIGHT="70">
						<String ID="P2_ST00652" HPOS="1802" VPOS="2676" WIDTH="103" HEIGHT="48" CONTENT="hier" WC="0.98" CC="7003"/>
						<SP ID="P2_SP00572" HPOS="1905" VPOS="2724" WIDTH="29"/>
						<String ID="P2_ST00653" HPOS="1934" VPOS="2674" WIDTH="187" HEIGHT="51" CONTENT="erlaubt" WC="0.98" CC="0350562"/>
						<SP ID="P2_SP00573" HPOS="2121" VPOS="2725" WIDTH="36"/>
						<String ID="P2_ST00654" HPOS="2157" VPOS="2676" WIDTH="74" HEIGHT="57" CONTENT="ist," WC="1.00" CC="0000"/>
						<SP ID="P2_SP00574" HPOS="2231" VPOS="2733" WIDTH="42"/>
						<String ID="P2_ST00655" HPOS="2273" VPOS="2676" WIDTH="268" HEIGHT="67" CONTENT="vorzüglich" WC="0.99" CC="5006000033"/>
						<SP ID="P2_SP00575" HPOS="2541" VPOS="2743" WIDTH="43"/>
						<String ID="P2_ST00656" HPOS="2584" VPOS="2676" WIDTH="327" HEIGHT="68" CONTENT="eingegangen" WC="1.00" CC="02303002004"/>
						<SP ID="P2_SP00576" HPOS="2911" VPOS="2744" WIDTH="43"/>
						<String ID="P2_ST00657" HPOS="2954" VPOS="2676" WIDTH="192" HEIGHT="49" CONTENT="werden" WC="0.99" CC="040006"/>
						<SP ID="P2_SP00577" HPOS="3146" VPOS="2744" WIDTH="44"/>
						<String ID="P2_ST00658" HPOS="3190" VPOS="2680" WIDTH="187" HEIGHT="45" CONTENT="müsste." WC="0.79" CC="0005503"/>
					</TextLine>
					<TextLine ID="P2_TL00082" HPOS="1803" VPOS="2756" WIDTH="1576" HEIGHT="67">
						<String ID="P2_ST00659" HPOS="1803" VPOS="2756" WIDTH="221" HEIGHT="67" CONTENT="Wagner" WC="0.98" CC="420708"/>
						<SP ID="P2_SP00578" HPOS="2024" VPOS="2823" WIDTH="29"/>
						<String ID="P2_ST00660" HPOS="2053" VPOS="2756" WIDTH="56" HEIGHT="49" CONTENT="ist" WC="0.96" CC="065"/>
						<SP ID="P2_SP00579" HPOS="2109" VPOS="2823" WIDTH="29"/>
						<String ID="P2_ST00661" HPOS="2138" VPOS="2756" WIDTH="159" HEIGHT="49" CONTENT="weder" WC="0.99" CC="01030"/>
						<SP ID="P2_SP00580" HPOS="2297" VPOS="2823" WIDTH="36"/>
						<String ID="P2_ST00662" HPOS="2333" VPOS="2756" WIDTH="72" HEIGHT="49" CONTENT="ein" WC="0.97" CC="008"/>
						<SP ID="P2_SP00581" HPOS="2405" VPOS="2823" WIDTH="32"/>
						<String ID="P2_ST00663" HPOS="2437" VPOS="2772" WIDTH="187" HEIGHT="51" CONTENT="grosser" WC="0.99" CC="0106330"/>
						<SP ID="P2_SP00582" HPOS="2624" VPOS="2823" WIDTH="28"/>
						<String ID="P2_ST00664" HPOS="2652" VPOS="2756" WIDTH="214" HEIGHT="57" CONTENT="Dichter," WC="1.00" CC="00016002"/>
						<SP ID="P2_SP00583" HPOS="2866" VPOS="2823" WIDTH="45"/>
						<String ID="P2_ST00665" HPOS="2911" VPOS="2756" WIDTH="122" HEIGHT="48" CONTENT="noch" WC="0.98" CC="5101"/>
						<SP ID="P2_SP00584" HPOS="3033" VPOS="2823" WIDTH="44"/>
						<String ID="P2_ST00666" HPOS="3077" VPOS="2756" WIDTH="72" HEIGHT="49" CONTENT="ein" WC="0.98" CC="004"/>
						<SP ID="P2_SP00585" HPOS="3149" VPOS="2823" WIDTH="45"/>
						<String ID="P2_ST00667" HPOS="3194" VPOS="2772" WIDTH="185" HEIGHT="50" CONTENT="grosser" WC="0.98" CC="0765454"/>
					</TextLine>
					<TextLine ID="P2_TL00083" HPOS="1802" VPOS="2834" WIDTH="1576" HEIGHT="59">
						<String ID="P2_ST00668" HPOS="1802" VPOS="2834" WIDTH="227" HEIGHT="59" CONTENT="Musiker," WC="1.00" CC="06020000"/>
						<SP ID="P2_SP00586" HPOS="2029" VPOS="2893" WIDTH="31"/>
						<String ID="P2_ST00669" HPOS="2060" VPOS="2834" WIDTH="136" HEIGHT="50" CONTENT="allein" WC="0.98" CC="936007"/>
						<SP ID="P2_SP00587" HPOS="2196" VPOS="2893" WIDTH="31"/>
						<String ID="P2_ST00670" HPOS="2227" VPOS="2852" WIDTH="108" HEIGHT="32" CONTENT="man" WC="0.94" CC="094"/>
						<SP ID="P2_SP00588" HPOS="2335" VPOS="2893" WIDTH="32"/>
						<String ID="P2_ST00671" HPOS="2367" VPOS="2834" WIDTH="125" HEIGHT="50" CONTENT="kann" WC="0.96" CC="0934"/>
						<SP ID="P2_SP00589" HPOS="2492" VPOS="2893" WIDTH="30"/>
						<String ID="P2_ST00672" HPOS="2522" VPOS="2834" WIDTH="79" HEIGHT="50" CONTENT="ihn" WC="0.94" CC="078"/>
						<SP ID="P2_SP00590" HPOS="2601" VPOS="2893" WIDTH="25"/>
						<String ID="P2_ST00673" HPOS="2626" VPOS="2836" WIDTH="74" HEIGHT="48" CONTENT="ein" WC="0.97" CC="106"/>
						<SP ID="P2_SP00591" HPOS="2700" VPOS="2893" WIDTH="23"/>
						<String ID="P2_ST00674" HPOS="2723" VPOS="2834" WIDTH="62" HEIGHT="50" CONTENT="im" WC="1.00" CC="00"/>
						<SP ID="P2_SP00592" HPOS="2785" VPOS="2893" WIDTH="24"/>
						<String ID="P2_ST00675" HPOS="2809" VPOS="2834" WIDTH="210" HEIGHT="50" CONTENT="höheren" WC="0.98" CC="6350150"/>
						<SP ID="P2_SP00593" HPOS="3019" VPOS="2893" WIDTH="25"/>
						<String ID="P2_ST00676" HPOS="3044" VPOS="2834" WIDTH="142" HEIGHT="49" CONTENT="Sinne" WC="0.99" CC="00150"/>
						<SP ID="P2_SP00594" HPOS="3186" VPOS="2893" WIDTH="31"/>
						<String ID="P2_ST00677" HPOS="3217" VPOS="2834" WIDTH="129" HEIGHT="50" CONTENT="deco" SUBS_TYPE="HypPart1" SUBS_CONTENT="decoratives" WC="0.93" CC="0001"/>
						<HYP HPOS="3346" VPOS="2834" WIDTH="32" CONTENT="-"/>
					</TextLine>
					<TextLine ID="P2_TL00084" HPOS="1804" VPOS="2913" WIDTH="1573" HEIGHT="59">
						<String ID="P2_ST00678" HPOS="1804" VPOS="2914" WIDTH="213" HEIGHT="49" CONTENT="ratives" SUBS_TYPE="HypPart2" SUBS_CONTENT="decoratives" WC="0.71" CC="2960010"/>
						<SP ID="P2_SP00595" HPOS="2017" VPOS="2963" WIDTH="31"/>
						<String ID="P2_ST00679" HPOS="2048" VPOS="2914" WIDTH="146" HEIGHT="49" CONTENT="Genie" WC="0.99" CC="00800"/>
						<SP ID="P2_SP00596" HPOS="2194" VPOS="2963" WIDTH="31"/>
						<String ID="P2_ST00680" HPOS="2225" VPOS="2931" WIDTH="198" HEIGHT="33" CONTENT="nennen." WC="0.98" CC="8457070"/>
						<SP ID="P2_SP00597" HPOS="2423" VPOS="2964" WIDTH="52"/>
						<String ID="P2_ST00681" HPOS="2475" VPOS="2916" WIDTH="97" HEIGHT="48" CONTENT="Das" WC="0.97" CC="403"/>
						<SP ID="P2_SP00598" HPOS="2572" VPOS="2964" WIDTH="30"/>
						<String ID="P2_ST00682" HPOS="2602" VPOS="2914" WIDTH="226" HEIGHT="58" CONTENT="Höchste," WC="0.98" CC="70076604"/>
						<SP ID="P2_SP00599" HPOS="2828" VPOS="2972" WIDTH="33"/>
						<String ID="P2_ST00683" HPOS="2861" VPOS="2931" WIDTH="133" HEIGHT="32" CONTENT="wozu" WC="0.98" CC="0033"/>
						<SP ID="P2_SP00600" HPOS="2994" VPOS="2972" WIDTH="28"/>
						<String ID="P2_ST00684" HPOS="3022" VPOS="2913" WIDTH="127" HEIGHT="50" CONTENT="solch" WC="0.98" CC="07404"/>
						<SP ID="P2_SP00601" HPOS="3149" VPOS="2972" WIDTH="33"/>
						<String ID="P2_ST00685" HPOS="3182" VPOS="2913" WIDTH="168" HEIGHT="51" CONTENT="decora" SUBS_TYPE="HypPart1" SUBS_CONTENT="decoratives" WC="0.68" CC="056007"/>
						<HYP HPOS="3350" VPOS="2913" WIDTH="27" CONTENT="-"/>
					</TextLine>
					<TextLine ID="P2_TL00085" HPOS="1802" VPOS="2993" WIDTH="1576" HEIGHT="68">
						<String ID="P2_ST00686" HPOS="1802" VPOS="2993" WIDTH="113" HEIGHT="48" CONTENT="tives" SUBS_TYPE="HypPart2" SUBS_CONTENT="decoratives" WC="0.90" CC="01011"/>
						<SP ID="P2_SP00602" HPOS="1915" VPOS="3041" WIDTH="33"/>
						<String ID="P2_ST00687" HPOS="1948" VPOS="2993" WIDTH="163" HEIGHT="59" CONTENT="Genie," WC="0.98" CC="047060"/>
						<SP ID="P2_SP00603" HPOS="2111" VPOS="3052" WIDTH="45"/>
						<String ID="P2_ST00688" HPOS="2156" VPOS="3011" WIDTH="88" HEIGHT="32" CONTENT="von" WC="0.96" CC="038"/>
						<SP ID="P2_SP00604" HPOS="2244" VPOS="3052" WIDTH="32"/>
						<String ID="P2_ST00689" HPOS="2276" VPOS="2993" WIDTH="129" HEIGHT="50" CONTENT="Geist" WC="0.98" CC="02056"/>
						<SP ID="P2_SP00605" HPOS="2405" VPOS="3052" WIDTH="38"/>
						<String ID="P2_ST00690" HPOS="2443" VPOS="2993" WIDTH="95" HEIGHT="50" CONTENT="und" WC="0.97" CC="070"/>
						<SP ID="P2_SP00606" HPOS="2538" VPOS="3052" WIDTH="30"/>
						<String ID="P2_ST00691" HPOS="2568" VPOS="2993" WIDTH="204" HEIGHT="68" CONTENT="Bildung" WC="0.99" CC="7000570"/>
						<SP ID="P2_SP00607" HPOS="2772" VPOS="3061" WIDTH="41"/>
						<String ID="P2_ST00692" HPOS="2813" VPOS="3001" WIDTH="245" HEIGHT="60" CONTENT="getragen," WC="0.98" CC="034990090"/>
						<SP ID="P2_SP00608" HPOS="3058" VPOS="3061" WIDTH="43"/>
						<String ID="P2_ST00693" HPOS="3101" VPOS="3010" WIDTH="47" HEIGHT="33" CONTENT="es" WC="0.66" CC="06"/>
						<SP ID="P2_SP00609" HPOS="3148" VPOS="3061" WIDTH="33"/>
						<String ID="P2_ST00694" HPOS="3181" VPOS="2993" WIDTH="197" HEIGHT="68" CONTENT="bringen" WC="0.97" CC="7007998"/>
					</TextLine>
					<TextLine ID="P2_TL00086" HPOS="1810" VPOS="3071" WIDTH="1563" HEIGHT="70">
						<String ID="P2_ST00695" HPOS="1810" VPOS="3072" WIDTH="140" HEIGHT="58" CONTENT="kann," WC="0.97" CC="00684"/>
						<SP ID="P2_SP00610" HPOS="1950" VPOS="3130" WIDTH="31"/>
						<String ID="P2_ST00696" HPOS="1981" VPOS="3071" WIDTH="100" HEIGHT="50" CONTENT="sind" WC="0.97" CC="0580"/>
						<String ID="P2_ST00697" HPOS="2100" VPOS="3073" WIDTH="508" HEIGHT="65" CONTENT="—Wagner'sche" WC="0.99" CC="897016541050"/>
						<SP ID="P2_SP00611" HPOS="2608" VPOS="3138" WIDTH="32"/>
						<String ID="P2_ST00698" HPOS="2640" VPOS="3073" WIDTH="208" HEIGHT="68" CONTENT="Opern." WC="0.99" CC="400300"/>
						<SP ID="P2_SP00612" HPOS="2848" VPOS="3141" WIDTH="36"/>
						<String ID="P2_ST00699" HPOS="2884" VPOS="3072" WIDTH="110" HEIGHT="49" CONTENT="Wir" WC="1.00" CC="000"/>
						<SP ID="P2_SP00613" HPOS="2994" VPOS="3141" WIDTH="30"/>
						<String ID="P2_ST00700" HPOS="3024" VPOS="3072" WIDTH="186" HEIGHT="51" CONTENT="können" WC="0.97" CC="089705"/>
						<SP ID="P2_SP00614" HPOS="3210" VPOS="3141" WIDTH="31"/>
						<String ID="P2_ST00701" HPOS="3241" VPOS="3073" WIDTH="132" HEIGHT="50" CONTENT="ihren" WC="0.98" CC="04066"/>
					</TextLine>
					<TextLine ID="P2_TL00087" HPOS="1806" VPOS="3151" WIDTH="1573" HEIGHT="68">
						<String ID="P2_ST00702" HPOS="1806" VPOS="3152" WIDTH="230" HEIGHT="67" CONTENT="Schöpfer" WC="0.99" CC="07200503"/>
						<SP ID="P2_SP00615" HPOS="2036" VPOS="3219" WIDTH="30"/>
						<String ID="P2_ST00703" HPOS="2066" VPOS="3151" WIDTH="290" HEIGHT="50" CONTENT="bewundern" WC="0.98" CC="700738507"/>
						<SP ID="P2_SP00616" HPOS="2356" VPOS="3219" WIDTH="31"/>
						<String ID="P2_ST00704" HPOS="2387" VPOS="3152" WIDTH="60" HEIGHT="49" CONTENT="ob" WC="0.63" CC="07"/>
						<SP ID="P2_SP00617" HPOS="2447" VPOS="3219" WIDTH="24"/>
						<String ID="P2_ST00705" HPOS="2471" VPOS="3152" WIDTH="84" HEIGHT="49" CONTENT="der" WC="0.97" CC="015"/>
						<SP ID="P2_SP00618" HPOS="2555" VPOS="3219" WIDTH="23"/>
						<String ID="P2_ST00706" HPOS="2578" VPOS="3152" WIDTH="209" HEIGHT="49" CONTENT="Einsicht" WC="0.99" CC="70030460"/>
						<SP ID="P2_SP00619" HPOS="2787" VPOS="3219" WIDTH="30"/>
						<String ID="P2_ST00707" HPOS="2817" VPOS="3151" WIDTH="94" HEIGHT="50" CONTENT="und" WC="0.95" CC="760"/>
						<SP ID="P2_SP00620" HPOS="2911" VPOS="3219" WIDTH="25"/>
						<String ID="P2_ST00708" HPOS="2936" VPOS="3152" WIDTH="221" HEIGHT="67" CONTENT="Energie," WC="0.99" CC="08009050"/>
						<SP ID="P2_SP00621" HPOS="3157" VPOS="3219" WIDTH="32"/>
						<String ID="P2_ST00709" HPOS="3189" VPOS="3152" WIDTH="82" HEIGHT="49" CONTENT="mit" WC="0.98" CC="040"/>
						<SP ID="P2_SP00622" HPOS="3271" VPOS="3219" WIDTH="23"/>
						<String ID="P2_ST00710" HPOS="3294" VPOS="3152" WIDTH="85" HEIGHT="49" CONTENT="der" WC="0.96" CC="056"/>
					</TextLine>
					<TextLine ID="P2_TL00088" HPOS="1807" VPOS="3231" WIDTH="1566" HEIGHT="68">
						<String ID="P2_ST00711" HPOS="1807" VPOS="3250" WIDTH="51" HEIGHT="30" CONTENT="er" WC="0.46" CC="37"/>
						<SP ID="P2_SP00623" HPOS="1858" VPOS="3280" WIDTH="28"/>
						<String ID="P2_ST00712" HPOS="1886" VPOS="3232" WIDTH="95" HEIGHT="49" CONTENT="sich" WC="0.96" CC="3457"/>
						<SP ID="P2_SP00624" HPOS="1981" VPOS="3281" WIDTH="32"/>
						<String ID="P2_ST00713" HPOS="2013" VPOS="3232" WIDTH="101" HEIGHT="49" CONTENT="eine" WC="0.97" CC="0092"/>
						<SP ID="P2_SP00625" HPOS="2114" VPOS="3281" WIDTH="31"/>
						<String ID="P2_ST00714" HPOS="2145" VPOS="3233" WIDTH="174" HEIGHT="48" CONTENT="seinem" WC="0.98" CC="061860"/>
						<SP ID="P2_SP00626" HPOS="2319" VPOS="3281" WIDTH="34"/>
						<String ID="P2_ST00715" HPOS="2353" VPOS="3233" WIDTH="194" HEIGHT="48" CONTENT="Talente" WC="0.99" CC="0013805"/>
						<SP ID="P2_SP00627" HPOS="2547" VPOS="3281" WIDTH="37"/>
						<String ID="P2_ST00716" HPOS="2584" VPOS="3232" WIDTH="315" HEIGHT="49" CONTENT="vollkommen" WC="0.98" CC="0653039936"/>
						<SP ID="P2_SP00628" HPOS="2899" VPOS="3281" WIDTH="38"/>
						<String ID="P2_ST00717" HPOS="2937" VPOS="3231" WIDTH="233" HEIGHT="68" CONTENT="adäquate" WC="0.98" CC="77907044"/>
						<SP ID="P2_SP00629" HPOS="3170" VPOS="3299" WIDTH="29"/>
						<String ID="P2_ST00718" HPOS="3199" VPOS="3233" WIDTH="145" HEIGHT="48" CONTENT="Kunst" SUBS_TYPE="HypPart1" SUBS_CONTENT="Kunstform" WC="0.98" CC="03860"/>
						<HYP HPOS="3344" VPOS="3233" WIDTH="29" CONTENT="-"/>
					</TextLine>
					<TextLine ID="P2_TL00089" HPOS="1808" VPOS="3311" WIDTH="1567" HEIGHT="68">
						<String ID="P2_ST00719" HPOS="1808" VPOS="3312" WIDTH="117" HEIGHT="49" CONTENT="form" SUBS_TYPE="HypPart2" SUBS_CONTENT="Kunstform" WC="0.98" CC="0720"/>
						<SP ID="P2_SP00630" HPOS="1925" VPOS="3361" WIDTH="33"/>
						<String ID="P2_ST00720" HPOS="1958" VPOS="3312" WIDTH="267" HEIGHT="67" CONTENT="geschaffen" WC="0.99" CC="0855601116"/>
						<SP ID="P2_SP00631" HPOS="2225" VPOS="3379" WIDTH="33"/>
						<String ID="P2_ST00721" HPOS="2258" VPOS="3312" WIDTH="95" HEIGHT="57" CONTENT="hat," WC="0.95" CC="3970"/>
						<SP ID="P2_SP00632" HPOS="2353" VPOS="3379" WIDTH="37"/>
						<String ID="P2_ST00722" HPOS="2390" VPOS="3311" WIDTH="74" HEIGHT="50" CONTENT="die" WC="0.99" CC="002"/>
						<SP ID="P2_SP00633" HPOS="2464" VPOS="3379" WIDTH="30"/>
						<String ID="P2_ST00723" HPOS="2494" VPOS="3312" WIDTH="175" HEIGHT="67" CONTENT="einzige" WC="0.99" CC="0077000"/>
						<SP ID="P2_SP00634" HPOS="2669" VPOS="3379" WIDTH="32"/>
						<String ID="P2_ST00724" HPOS="2701" VPOS="3312" WIDTH="258" HEIGHT="49" CONTENT="artistische" WC="0.99" CC="00406625700"/>
						<SP ID="P2_SP00635" HPOS="2959" VPOS="3379" WIDTH="30"/>
						<String ID="P2_ST00725" HPOS="2989" VPOS="3312" WIDTH="284" HEIGHT="67" CONTENT="Specialität," WC="0.93" CC="200000000023"/>
						<SP ID="P2_SP00636" HPOS="3273" VPOS="3379" WIDTH="30"/>
						<String ID="P2_ST00726" HPOS="3303" VPOS="3311" WIDTH="72" HEIGHT="50" CONTENT="die" WC="0.97" CC="052"/>
					</TextLine>
					<TextLine ID="P2_TL00090" HPOS="1806" VPOS="3391" WIDTH="1567" HEIGHT="68">
						<String ID="P2_ST00727" HPOS="1806" VPOS="3392" WIDTH="113" HEIGHT="50" CONTENT="ihm" WC="0.95" CC="660"/>
						<SP ID="P2_SP00637" HPOS="1919" VPOS="3442" WIDTH="45"/>
						<String ID="P2_ST00728" HPOS="1964" VPOS="3392" WIDTH="289" HEIGHT="58" CONTENT="erreichbar," WC="1.00" CC="00300416002"/>
						<SP ID="P2_SP00638" HPOS="2253" VPOS="3450" WIDTH="45"/>
						<String ID="P2_ST00729" HPOS="2298" VPOS="3392" WIDTH="115" HEIGHT="50" CONTENT="aber" WC="0.96" CC="5670"/>
						<SP ID="P2_SP00639" HPOS="2413" VPOS="3450" WIDTH="30"/>
						<String ID="P2_ST00730" HPOS="2443" VPOS="3393" WIDTH="120" HEIGHT="50" CONTENT="auch" WC="0.98" CC="0406"/>
						<SP ID="P2_SP00640" HPOS="2563" VPOS="3450" WIDTH="38"/>
						<String ID="P2_ST00731" HPOS="2601" VPOS="3393" WIDTH="209" HEIGHT="66" CONTENT="zugleich" WC="0.98" CC="73054036"/>
						<SP ID="P2_SP00641" HPOS="2810" VPOS="3459" WIDTH="33"/>
						<String ID="P2_ST00732" HPOS="2843" VPOS="3392" WIDTH="247" HEIGHT="67" CONTENT="diejenige," WC="0.99" CC="1060060004"/>
						<SP ID="P2_SP00642" HPOS="3090" VPOS="3459" WIDTH="43"/>
						<String ID="P2_ST00733" HPOS="3133" VPOS="3391" WIDTH="74" HEIGHT="51" CONTENT="die" WC="1.00" CC="000"/>
						<SP ID="P2_SP00643" HPOS="3207" VPOS="3459" WIDTH="43"/>
						<String ID="P2_ST00734" HPOS="3250" VPOS="3392" WIDTH="123" HEIGHT="50" CONTENT="wohl" WC="0.96" CC="0674"/>
					</TextLine>
					<TextLine ID="P2_TL00091" HPOS="1806" VPOS="3471" WIDTH="1571" HEIGHT="68">
						<String ID="P2_ST00735" HPOS="1806" VPOS="3490" WIDTH="104" HEIGHT="32" CONTENT="nur" WC="0.97" CC="510"/>
						<SP ID="P2_SP00644" HPOS="1910" VPOS="3522" WIDTH="39"/>
						<String ID="P2_ST00736" HPOS="1949" VPOS="3471" WIDTH="148" HEIGHT="51" CONTENT="durch" WC="0.97" CC="06907"/>
						<SP ID="P2_SP00645" HPOS="2097" VPOS="3522" WIDTH="44"/>
						<String ID="P2_ST00737" HPOS="2141" VPOS="3473" WIDTH="76" HEIGHT="47" CONTENT="ihn" WC="0.97" CC="034"/>
						<SP ID="P2_SP00646" HPOS="2217" VPOS="3522" WIDTH="47"/>
						<String ID="P2_ST00738" HPOS="2264" VPOS="3472" WIDTH="271" HEIGHT="50" CONTENT="erreichbar" WC="0.99" CC="0054474600"/>
						<SP ID="P2_SP00647" HPOS="2535" VPOS="3522" WIDTH="30"/>
						<String ID="P2_ST00739" HPOS="2565" VPOS="3490" WIDTH="231" HEIGHT="49" CONTENT="gewesen." WC="0.98" CC="96006280"/>
						<SP ID="P2_SP00648" HPOS="2796" VPOS="3539" WIDTH="54"/>
						<String ID="P2_ST00740" HPOS="2850" VPOS="3473" WIDTH="99" HEIGHT="49" CONTENT="Der" WC="1.00" CC="000"/>
						<SP ID="P2_SP00649" HPOS="2949" VPOS="3539" WIDTH="30"/>
						<String ID="P2_ST00741" HPOS="2979" VPOS="3472" WIDTH="193" HEIGHT="50" CONTENT="höchste" WC="0.99" CC="5004101"/>
						<SP ID="P2_SP00650" HPOS="3172" VPOS="3539" WIDTH="31"/>
						<String ID="P2_ST00742" HPOS="3203" VPOS="3473" WIDTH="145" HEIGHT="49" CONTENT="Kunst" SUBS_TYPE="HypPart1" SUBS_CONTENT="Kunstgewinn," WC="0.98" CC="07371"/>
						<HYP HPOS="3348" VPOS="3473" WIDTH="29" CONTENT="-"/>
					</TextLine>
					<TextLine ID="P2_TL00092" HPOS="1806" VPOS="3551" WIDTH="1572" HEIGHT="67">
						<String ID="P2_ST00743" HPOS="1806" VPOS="3552" WIDTH="204" HEIGHT="66" CONTENT="gewinn," SUBS_TYPE="HypPart2" SUBS_CONTENT="Kunstgewinn," WC="0.98" CC="0080663"/>
						<SP ID="P2_SP00651" HPOS="2010" VPOS="3618" WIDTH="31"/>
						<String ID="P2_ST00744" HPOS="2041" VPOS="3551" WIDTH="82" HEIGHT="49" CONTENT="der" WC="0.98" CC="006"/>
						<SP ID="P2_SP00652" HPOS="2123" VPOS="3618" WIDTH="23"/>
						<String ID="P2_ST00745" HPOS="2146" VPOS="3553" WIDTH="83" HEIGHT="49" CONTENT="mit" WC="0.98" CC="022"/>
						<SP ID="P2_SP00653" HPOS="2229" VPOS="3618" WIDTH="25"/>
						<String ID="P2_ST00746" HPOS="2254" VPOS="3552" WIDTH="309" HEIGHT="66" CONTENT="Wagner's" WC="0.71" CC="15050036"/>
						<SP ID="P2_SP00654" HPOS="2563" VPOS="3618" WIDTH="29"/>
						<String ID="P2_ST00747" HPOS="2592" VPOS="3552" WIDTH="187" HEIGHT="50" CONTENT="Einsatz" WC="0.99" CC="0724006"/>
						<SP ID="P2_SP00655" HPOS="2779" VPOS="3618" WIDTH="22"/>
						<String ID="P2_ST00748" HPOS="2801" VPOS="3570" WIDTH="52" HEIGHT="32" CONTENT="zu" WC="0.51" CC="63"/>
						<SP ID="P2_SP00656" HPOS="2853" VPOS="3618" WIDTH="27"/>
						<String ID="P2_ST00749" HPOS="2880" VPOS="3552" WIDTH="139" HEIGHT="50" CONTENT="holen" WC="0.97" CC="52650"/>
						<SP ID="P2_SP00657" HPOS="3019" VPOS="3618" WIDTH="25"/>
						<String ID="P2_ST00750" HPOS="3044" VPOS="3569" WIDTH="116" HEIGHT="41" CONTENT="war," WC="0.98" CC="0504"/>
						<SP ID="P2_SP00658" HPOS="3160" VPOS="3618" WIDTH="22"/>
						<String ID="P2_ST00751" HPOS="3182" VPOS="3551" WIDTH="59" HEIGHT="49" CONTENT="ist" WC="0.96" CC="243"/>
						<SP ID="P2_SP00659" HPOS="3241" VPOS="3618" WIDTH="23"/>
						<String ID="P2_ST00752" HPOS="3264" VPOS="3552" WIDTH="114" HEIGHT="50" CONTENT="aber" WC="0.99" CC="0420"/>
					</TextLine>
					<TextLine ID="P2_TL00093" HPOS="1808" VPOS="3631" WIDTH="1569" HEIGHT="67">
						<String ID="P2_ST00753" HPOS="1808" VPOS="3631" WIDTH="118" HEIGHT="49" CONTENT="noch" WC="0.95" CC="7607"/>
						<SP ID="P2_SP00660" HPOS="1926" VPOS="3680" WIDTH="31"/>
						<String ID="P2_ST00754" HPOS="1957" VPOS="3631" WIDTH="127" HEIGHT="49" CONTENT="nicht" WC="0.98" CC="40070"/>
						<SP ID="P2_SP00661" HPOS="2084" VPOS="3680" WIDTH="29"/>
						<String ID="P2_ST00755" HPOS="2113" VPOS="3631" WIDTH="84" HEIGHT="49" CONTENT="der" WC="0.97" CC="034"/>
						<SP ID="P2_SP00662" HPOS="2197" VPOS="3680" WIDTH="29"/>
						<String ID="P2_ST00756" HPOS="2226" VPOS="3631" WIDTH="192" HEIGHT="51" CONTENT="höchste" WC="0.99" CC="4007071"/>
						<SP ID="P2_SP00663" HPOS="2418" VPOS="3682" WIDTH="32"/>
						<String ID="P2_ST00757" HPOS="2450" VPOS="3631" WIDTH="196" HEIGHT="49" CONTENT="Gewinn" WC="1.00" CC="000040"/>
						<SP ID="P2_SP00664" HPOS="2646" VPOS="3682" WIDTH="32"/>
						<String ID="P2_ST00758" HPOS="2678" VPOS="3631" WIDTH="84" HEIGHT="49" CONTENT="der" WC="0.99" CC="020"/>
						<SP ID="P2_SP00665" HPOS="2762" VPOS="3682" WIDTH="23"/>
						<String ID="P2_ST00759" HPOS="2785" VPOS="3632" WIDTH="168" HEIGHT="50" CONTENT="Kunst." WC="0.97" CC="532933"/>
						<SP ID="P2_SP00666" HPOS="2953" VPOS="3682" WIDTH="31"/>
						<String ID="P2_ST00760" HPOS="2984" VPOS="3631" WIDTH="122" HEIGHT="51" CONTENT="Was" WC="1.00" CC="000"/>
						<SP ID="P2_SP00667" HPOS="3106" VPOS="3682" WIDTH="24"/>
						<String ID="P2_ST00761" HPOS="3130" VPOS="3646" WIDTH="151" HEIGHT="52" CONTENT="gegen" WC="0.97" CC="03934"/>
						<SP ID="P2_SP00668" HPOS="3281" VPOS="3698" WIDTH="22"/>
						<String ID="P2_ST00762" HPOS="3303" VPOS="3631" WIDTH="74" HEIGHT="49" CONTENT="die" WC="0.93" CC="747"/>
					</TextLine>
					<TextLine ID="P2_TL00094" HPOS="1804" VPOS="3711" WIDTH="1573" HEIGHT="67">
						<String ID="P2_ST00763" HPOS="1804" VPOS="3712" WIDTH="317" HEIGHT="48" CONTENT="vermeintlich" WC="0.99" CC="866900360505"/>
						<SP ID="P2_SP00669" HPOS="2121" VPOS="3760" WIDTH="25"/>
						<String ID="P2_ST00764" HPOS="2146" VPOS="3711" WIDTH="213" HEIGHT="51" CONTENT="absolute" WC="0.99" CC="05006752"/>
						<SP ID="P2_SP00670" HPOS="2359" VPOS="3762" WIDTH="25"/>
						<String ID="P2_ST00765" HPOS="2384" VPOS="3712" WIDTH="171" HEIGHT="50" CONTENT="Grösse" WC="0.98" CC="940032"/>
						<SP ID="P2_SP00671" HPOS="2555" VPOS="3762" WIDTH="24"/>
						<String ID="P2_ST00766" HPOS="2579" VPOS="3711" WIDTH="84" HEIGHT="51" CONTENT="der" WC="1.00" CC="000"/>
						<SP ID="P2_SP00672" HPOS="2663" VPOS="3762" WIDTH="23"/>
						<String ID="P2_ST00767" HPOS="2686" VPOS="3711" WIDTH="378" HEIGHT="67" CONTENT="Wagner'schen" WC="0.82" CC="060402000511"/>
						<SP ID="P2_SP00673" HPOS="3064" VPOS="3778" WIDTH="26"/>
						<String ID="P2_ST00768" HPOS="3090" VPOS="3712" WIDTH="164" HEIGHT="64" CONTENT="Opern" WC="0.97" CC="67005"/>
						<SP ID="P2_SP00674" HPOS="3254" VPOS="3778" WIDTH="25"/>
						<String ID="P2_ST00769" HPOS="3279" VPOS="3718" WIDTH="74" HEIGHT="42" CONTENT="ent" SUBS_TYPE="HypPart1" SUBS_CONTENT="entscheidend" WC="0.97" CC="460"/>
						<HYP HPOS="3353" VPOS="3718" WIDTH="24" CONTENT="-"/>
					</TextLine>
					<TextLine ID="P2_TL00095" HPOS="1804" VPOS="3791" WIDTH="1569" HEIGHT="58">
						<String ID="P2_ST00770" HPOS="1804" VPOS="3791" WIDTH="249" HEIGHT="49" CONTENT="scheidend" SUBS_TYPE="HypPart2" SUBS_CONTENT="entscheidend" WC="0.98" CC="560007289"/>
						<SP ID="P2_SP00675" HPOS="2053" VPOS="3840" WIDTH="33"/>
						<String ID="P2_ST00771" HPOS="2086" VPOS="3791" WIDTH="160" HEIGHT="58" CONTENT="bleibt," WC="0.99" CC="7400600"/>
						<SP ID="P2_SP00676" HPOS="2246" VPOS="3849" WIDTH="30"/>
						<String ID="P2_ST00772" HPOS="2276" VPOS="3791" WIDTH="55" HEIGHT="49" CONTENT="ist" WC="0.98" CC="060"/>
						<SP ID="P2_SP00677" HPOS="2331" VPOS="3849" WIDTH="30"/>
						<String ID="P2_ST00773" HPOS="2361" VPOS="3791" WIDTH="100" HEIGHT="49" CONTENT="ihre" WC="0.98" CC="0350"/>
						<SP ID="P2_SP00678" HPOS="2461" VPOS="3849" WIDTH="32"/>
						<String ID="P2_ST00774" HPOS="2493" VPOS="3791" WIDTH="320" HEIGHT="51" CONTENT="musicalischc" WC="0.80" CC="040000506024"/>
						<SP ID="P2_SP00679" HPOS="2813" VPOS="3849" WIDTH="30"/>
						<String ID="P2_ST00775" HPOS="2843" VPOS="3791" WIDTH="435" HEIGHT="49" CONTENT="Unfruchtbarkeit." WC="0.99" CC="0007507067403054"/>
						<SP ID="P2_SP00680" HPOS="3278" VPOS="3849" WIDTH="34"/>
						<String ID="P2_ST00776" HPOS="3312" VPOS="3791" WIDTH="61" HEIGHT="47" CONTENT="Es" WC="0.28" CC="67"/>
					</TextLine>
					<TextLine ID="P2_TL00096" HPOS="1806" VPOS="3868" WIDTH="1569" HEIGHT="61">
						<String ID="P2_ST00777" HPOS="1806" VPOS="3869" WIDTH="113" HEIGHT="54" CONTENT="fehlt" WC="0.97" CC="44604"/>
						<SP ID="P2_SP00681" HPOS="1919" VPOS="3923" WIDTH="29"/>
						<String ID="P2_ST00778" HPOS="1948" VPOS="3871" WIDTH="157" HEIGHT="58" CONTENT="ihnen," WC="0.97" CC="177084"/>
						<SP ID="P2_SP00682" HPOS="2105" VPOS="3929" WIDTH="44"/>
						<String ID="P2_ST00779" HPOS="2149" VPOS="3889" WIDTH="96" HEIGHT="33" CONTENT="was" WC="1.00" CC="000"/>
						<SP ID="P2_SP00683" HPOS="2245" VPOS="3929" WIDTH="28"/>
						<String ID="P2_ST00780" HPOS="2273" VPOS="3871" WIDTH="95" HEIGHT="49" CONTENT="sich" WC="0.96" CC="6470"/>
						<SP ID="P2_SP00684" HPOS="2368" VPOS="3929" WIDTH="32"/>
						<String ID="P2_ST00781" HPOS="2400" VPOS="3871" WIDTH="127" HEIGHT="49" CONTENT="nicht" WC="0.97" CC="30545"/>
						<SP ID="P2_SP00685" HPOS="2527" VPOS="3929" WIDTH="29"/>
						<String ID="P2_ST00782" HPOS="2556" VPOS="3871" WIDTH="249" HEIGHT="49" CONTENT="erwerben" WC="1.00" CC="00000522"/>
						<SP ID="P2_SP00686" HPOS="2805" VPOS="3929" WIDTH="31"/>
						<String ID="P2_ST00783" HPOS="2836" VPOS="3871" WIDTH="94" HEIGHT="49" CONTENT="und" WC="0.95" CC="660"/>
						<SP ID="P2_SP00687" HPOS="2930" VPOS="3929" WIDTH="31"/>
						<String ID="P2_ST00784" HPOS="2961" VPOS="3871" WIDTH="126" HEIGHT="48" CONTENT="nicht" WC="0.97" CC="80382"/>
						<SP ID="P2_SP00688" HPOS="3087" VPOS="3929" WIDTH="28"/>
						<String ID="P2_ST00785" HPOS="3115" VPOS="3868" WIDTH="260" HEIGHT="51" CONTENT="entbehren" WC="0.98" CC="617625405"/>
					</TextLine>
					<TextLine ID="P2_TL00097" HPOS="1804" VPOS="3947" WIDTH="1570" HEIGHT="70">
						<String ID="P2_ST00786" HPOS="1804" VPOS="3951" WIDTH="129" HEIGHT="48" CONTENT="lässt:" WC="0.55" CC="760181"/>
						<SP ID="P2_SP00689" HPOS="1933" VPOS="3999" WIDTH="40"/>
						<String ID="P2_ST00787" HPOS="1973" VPOS="3950" WIDTH="73" HEIGHT="49" CONTENT="die" WC="0.98" CC="040"/>
						<SP ID="P2_SP00690" HPOS="2046" VPOS="3999" WIDTH="30"/>
						<String ID="P2_ST00788" HPOS="2076" VPOS="3950" WIDTH="221" HEIGHT="67" CONTENT="göttliche" WC="0.99" CC="007655060"/>
						<SP ID="P2_SP00691" HPOS="2297" VPOS="4017" WIDTH="31"/>
						<String ID="P2_ST00789" HPOS="2328" VPOS="3950" WIDTH="188" HEIGHT="67" CONTENT="Mitgift," WC="1.00" CC="00000502"/>
						<SP ID="P2_SP00692" HPOS="2516" VPOS="4017" WIDTH="43"/>
						<String ID="P2_ST00790" HPOS="2559" VPOS="3950" WIDTH="73" HEIGHT="49" CONTENT="die" WC="1.00" CC="000"/>
						<SP ID="P2_SP00693" HPOS="2632" VPOS="4017" WIDTH="30"/>
						<String ID="P2_ST00791" HPOS="2662" VPOS="3950" WIDTH="240" HEIGHT="67" CONTENT="zeugende" WC="0.99" CC="60000600"/>
						<SP ID="P2_SP00694" HPOS="2902" VPOS="4017" WIDTH="30"/>
						<String ID="P2_ST00792" HPOS="2932" VPOS="3950" WIDTH="155" HEIGHT="58" CONTENT="Kraft," WC="0.98" CC="401063"/>
						<SP ID="P2_SP00695" HPOS="3087" VPOS="4017" WIDTH="31"/>
						<String ID="P2_ST00793" HPOS="3118" VPOS="3947" WIDTH="83" HEIGHT="49" CONTENT="der" WC="1.00" CC="000"/>
						<SP ID="P2_SP00696" HPOS="3201" VPOS="4017" WIDTH="31"/>
						<String ID="P2_ST00794" HPOS="3232" VPOS="3965" WIDTH="114" HEIGHT="49" CONTENT="ange" SUBS_TYPE="HypPart1" SUBS_CONTENT="angeborene" WC="0.98" CC="0590"/>
						<HYP HPOS="3346" VPOS="3965" WIDTH="28" CONTENT="-"/>
					</TextLine>
					<TextLine ID="P2_TL00098" HPOS="1806" VPOS="4027" WIDTH="1569" HEIGHT="70">
						<String ID="P2_ST00795" HPOS="1806" VPOS="4030" WIDTH="175" HEIGHT="49" CONTENT="borene" SUBS_TYPE="HypPart2" SUBS_CONTENT="angeborene" WC="0.98" CC="504064"/>
						<SP ID="P2_SP00697" HPOS="1981" VPOS="4079" WIDTH="29"/>
						<String ID="P2_ST00796" HPOS="2010" VPOS="4030" WIDTH="282" HEIGHT="49" CONTENT="Reichthum" WC="0.99" CC="704010749"/>
						<SP ID="P2_SP00698" HPOS="2292" VPOS="4079" WIDTH="140"/>
						<String ID="P2_ST00797" HPOS="2432" VPOS="4030" WIDTH="134" HEIGHT="49" CONTENT="kurz:" WC="0.98" CC="05064"/>
						<SP ID="P2_SP00699" HPOS="2566" VPOS="4079" WIDTH="46"/>
						<String ID="P2_ST00798" HPOS="2612" VPOS="4028" WIDTH="74" HEIGHT="51" CONTENT="die" WC="0.98" CC="050"/>
						<SP ID="P2_SP00700" HPOS="2686" VPOS="4079" WIDTH="29"/>
						<String ID="P2_ST00799" HPOS="2715" VPOS="4047" WIDTH="145" HEIGHT="50" CONTENT="ganze" WC="1.00" CC="00020"/>
						<SP ID="P2_SP00701" HPOS="2860" VPOS="4097" WIDTH="39"/>
						<String ID="P2_ST00800" HPOS="2899" VPOS="4030" WIDTH="175" HEIGHT="48" CONTENT="schöne" WC="0.98" CC="344050"/>
						<SP ID="P2_SP00702" HPOS="3074" VPOS="4097" WIDTH="28"/>
						<String ID="P2_ST00801" HPOS="3102" VPOS="4027" WIDTH="243" HEIGHT="67" CONTENT="Ungerech" SUBS_TYPE="HypPart1" SUBS_CONTENT="Ungerechtigkeit" WC="0.98" CC="97008362"/>
						<HYP HPOS="3345" VPOS="4027" WIDTH="30" CONTENT="-"/>
					</TextLine>
					<TextLine ID="P2_TL00099" HPOS="1804" VPOS="4108" WIDTH="470" HEIGHT="69">
						<String ID="P2_ST00802" HPOS="1804" VPOS="4110" WIDTH="163" HEIGHT="67" CONTENT="tigkeit" SUBS_TYPE="HypPart2" SUBS_CONTENT="Ungerechtigkeit" WC="1.00" CC="3000003"/>
						<SP ID="P2_SP00703" HPOS="1967" VPOS="4177" WIDTH="29"/>
						<String ID="P2_ST00803" HPOS="1996" VPOS="4108" WIDTH="83" HEIGHT="50" CONTENT="der" WC="0.94" CC="960"/>
						<SP ID="P2_SP00704" HPOS="2079" VPOS="4177" WIDTH="28"/>
						<String ID="P2_ST00804" HPOS="2107" VPOS="4111" WIDTH="167" HEIGHT="48" CONTENT="Natur." WC="0.99" CC="600214"/>
					</TextLine>
					<TextLine ID="P2_TL00100" HPOS="1925" VPOS="4186" WIDTH="1452" HEIGHT="54">
						<String ID="P2_ST00805" HPOS="1925" VPOS="4190" WIDTH="81" HEIGHT="50" CONTENT="Als" WC="0.96" CC="450"/>
						<SP ID="P2_SP00705" HPOS="2006" VPOS="4240" WIDTH="31"/>
						<String ID="P2_ST00806" HPOS="2037" VPOS="4188" WIDTH="84" HEIGHT="50" CONTENT="der" WC="0.98" CC="032"/>
						<SP ID="P2_SP00706" HPOS="2121" VPOS="4240" WIDTH="30"/>
						<String ID="P2_ST00807" HPOS="2151" VPOS="4188" WIDTH="250" HEIGHT="51" CONTENT="berühmte" WC="0.99" CC="60206010"/>
						<SP ID="P2_SP00707" HPOS="2401" VPOS="4240" WIDTH="27"/>
						<String ID="P2_ST00808" HPOS="2428" VPOS="4190" WIDTH="232" HEIGHT="48" CONTENT="Jomelli" WC="0.82" CC="1000424"/>
						<SP ID="P2_SP00708" HPOS="2660" VPOS="4240" WIDTH="30"/>
						<String ID="P2_ST00809" HPOS="2690" VPOS="4188" WIDTH="47" HEIGHT="50" CONTENT="in" WC="0.40" CC="46"/>
						<SP ID="P2_SP00709" HPOS="2737" VPOS="4240" WIDTH="29"/>
						<String ID="P2_ST00810" HPOS="2766" VPOS="4187" WIDTH="152" HEIGHT="51" CONTENT="einem" WC="0.98" CC="00727"/>
						<SP ID="P2_SP00710" HPOS="2918" VPOS="4240" WIDTH="23"/>
						<String ID="P2_ST00811" HPOS="2941" VPOS="4186" WIDTH="172" HEIGHT="51" CONTENT="Streite" WC="1.00" CC="0000600"/>
						<SP ID="P2_SP00711" HPOS="3113" VPOS="4240" WIDTH="30"/>
						<String ID="P2_ST00812" HPOS="3143" VPOS="4187" WIDTH="119" HEIGHT="51" CONTENT="über" WC="0.97" CC="9011"/>
						<SP ID="P2_SP00712" HPOS="3262" VPOS="4240" WIDTH="30"/>
						<String ID="P2_ST00813" HPOS="3292" VPOS="4187" WIDTH="85" HEIGHT="50" CONTENT="da»" WC="0.93" CC="873"/>
					</TextLine>
					<TextLine ID="P2_TL00101" HPOS="1808" VPOS="4266" WIDTH="1570" HEIGHT="68">
						<String ID="P2_ST00814" HPOS="1808" VPOS="4268" WIDTH="168" HEIGHT="50" CONTENT="Talent" WC="0.99" CC="093010"/>
						<SP ID="P2_SP00713" HPOS="1976" VPOS="4318" WIDTH="42"/>
						<String ID="P2_ST00815" HPOS="2018" VPOS="4268" WIDTH="265" HEIGHT="49" CONTENT="Piccini's" WC="0.58" CC="015036747"/>
						<SP ID="P2_SP00714" HPOS="2283" VPOS="4318" WIDTH="41"/>
						<String ID="P2_ST00816" HPOS="2324" VPOS="4267" WIDTH="89" HEIGHT="50" CONTENT="den" WC="0.97" CC="007"/>
						<SP ID="P2_SP00715" HPOS="2413" VPOS="4318" WIDTH="29"/>
						<String ID="P2_ST00817" HPOS="2442" VPOS="4267" WIDTH="264" HEIGHT="66" CONTENT="Ausschlag" WC="0.99" CC="000507160"/>
						<SP ID="P2_SP00716" HPOS="2706" VPOS="4333" WIDTH="38"/>
						<String ID="P2_ST00818" HPOS="2744" VPOS="4266" WIDTH="154" HEIGHT="68" CONTENT="geben" WC="1.00" CC="02000"/>
						<SP ID="P2_SP00717" HPOS="2898" VPOS="4334" WIDTH="29"/>
						<String ID="P2_ST00819" HPOS="2927" VPOS="4266" WIDTH="151" HEIGHT="59" CONTENT="sollte," WC="0.99" CC="1074312"/>
						<SP ID="P2_SP00718" HPOS="3078" VPOS="4334" WIDTH="43"/>
						<String ID="P2_ST00820" HPOS="3121" VPOS="4266" WIDTH="99" HEIGHT="49" CONTENT="that" WC="0.37" CC="5774"/>
						<SP ID="P2_SP00719" HPOS="3220" VPOS="4334" WIDTH="31"/>
						<String ID="P2_ST00821" HPOS="3251" VPOS="4284" WIDTH="51" HEIGHT="31" CONTENT="er" WC="0.94" CC="01"/>
						<SP ID="P2_SP00720" HPOS="3302" VPOS="4334" WIDTH="29"/>
						<String ID="P2_ST00822" HPOS="3331" VPOS="4284" WIDTH="47" HEIGHT="31" CONTENT="es" WC="0.69" CC="06"/>
					</TextLine>
				</TextBlock>
			</PrintSpace>
		</Page>
	</Layout>
</alto>
