2723 4120
2102 3194 44 34 81

534 3263 18 26 6

559 654 82 36 The
665 654 158 37 trouble
847 655 99 37 with
970 658 73 35 Mr.
1072 656 162 37 Gordon
1260 657 150 47 Craig's
1434 660 237 47 conception
1695 661 42 35 of
1759 661 70 35 the
1853 661 157 37 theatre
2028 673 125 25 seems
2168 666 45 32 to

410 717 51 36 be
496 716 61 36 his
583 717 310 47 preoccupation
928 718 99 36 with
1051 718 71 36 the
1165 718 187 48 pictorial
1379 720 80 37 and
1493 721 230 38 decorative
1750 722 82 37 side
1867 724 40 35 of
1942 724 150 36 drama.
2131 723 82 37 The

409 778 119 47 plays
550 778 42 36 of
615 776 270 51 Shakespeare
909 780 69 36 fall
994 780 87 36 into
1099 780 61 36 his
1182 780 156 38 scheme
1361 781 87 37 well
1471 783 158 46 enough
1645 794 8 32 ;
1690 783 74 37 but
1786 784 113 36 there
1922 784 34 37 is
1977 784 103 37 little
2103 797 112 24 room

413 840 61 36 for
500 839 205 44 Sheridan,
733 840 80 37 and
839 840 82 37 still
948 841 77 37 less
1051 842 60 36 for
1137 841 128 38 Shaw.
1321 844 62 35 He
1408 842 156 47 ignores
1590 844 166 37 modern
1782 846 171 45 comedy
1979 846 234 47 altogether,

412 901 81 37 and
515 901 166 37 modern
703 903 168 45 comedy
892 902 33 37 is
948 914 44 25 as
1028 903 160 37 needful
1210 904 61 37 for
1293 917 73 24 our
1388 905 135 45 sanity
1545 918 43 24 as
1610 906 32 36 it
1666 906 32 37 is
1721 907 60 36 for
1802 919 73 25 our
1911 912 260 33 amusement.

515 962 149 46 Ashley
703 964 149 43 Dukes,
892 964 119 37 letter
1037 968 44 33 to
1110 964 120 49 Daily
1268 966 117 43 Mail,
1417 977 19 25 i
1477 966 110 48 Sept.
1632 978 109 38 1913.

670 1024 162 38 Gordon
859 1025 114 47 Craig
1004 1027 133 36 would
1170 1027 93 36 shut
1296 1028 70 36 the
1392 1028 76 47 lips
1495 1029 41 36 of
1561 1029 71 36 the
1664 1030 171 36 theatre.

515 1088 42 35 P.
578 1088 43 35 P.
641 1088 51 35 H.
716 1088 125 46 [owe.]
865 1088 159 36 Review
1041 1088 41 36 of
1101 1088 59 36 On
1178 1089 56 37 the
1252 1089 73 37 Art
1351 1089 39 45 of
1406 1090 56 36 the
1483 1090 157 36 Theatre
1665 1091 41 37 in
1731 1092 174 43 Outlook,
1932 1103 47 35 23
1992 1094 94 35 Dec.
2103 1103 109 37 1912.

554 1196 73 34 Mr.
659 1194 113 46 Craig
800 1194 33 36 is
856 1208 23 24 a
899 1195 183 47 prophet.
1136 1196 98 40 Like
1263 1197 52 37 all
1342 1197 203 47 prophets,
1576 1198 49 36 he
1653 1199 33 36 is
1713 1211 147 35 wrong.
1916 1199 104 44 And,
2050 1201 78 36 like
2155 1201 52 36 all

414 1256 203 47 prophets,
645 1256 49 35 he
731 1256 33 36 is
799 1256 196 37 valuable.
1051 1258 37 35 If
1112 1258 82 37 this
1218 1258 107 37 book
1350 1259 34 36 is
1410 1272 74 24 one
1509 1260 42 35 of
1575 1260 70 36 the
1671 1265 106 33 most
1802 1261 130 37 useful
1957 1262 136 46 things
2119 1274 91 25 ever

410 1317 163 36 written
597 1330 110 34 upon
733 1317 69 37 the
829 1317 158 47 subject
1013 1319 42 36 of
1079 1319 70 36 the
1176 1320 139 37 drama
1341 1321 32 36 it
1401 1321 33 37 is
1458 1321 93 36 that
1577 1321 133 38 virtue
1736 1327 72 32 not
1836 1324 40 35 of
1902 1323 53 37 its
1981 1324 230 37 immediate

408 1379 196 47 practical
639 1379 259 46 suggestions,
928 1380 75 36 but
1038 1381 194 47 precisely
1257 1382 55 45 by
1338 1382 134 37 virtue
1507 1383 42 36 of
1582 1383 71 37 the
1688 1384 115 36 fierce
1839 1385 296 47 impossibilism
2169 1386 41 36 of

408 1440 55 37 its
489 1441 115 36 ideal.
660 1442 62 35 He
750 1442 111 45 gives
884 1453 49 25 us
961 1456 22 23 a
1010 1442 107 37 fresh
1143 1444 274 47 appreciation
1443 1445 41 36 of
1510 1445 70 36 the
1608 1446 184 46 possible.

513 1502 128 45 Floyd
665 1503 99 37 Dell.
822 1503 161 37 Review
1006 1505 40 36 of
1072 1505 58 36 On
1154 1505 56 37 the
1235 1505 72 37 Art
1331 1506 37 46 of
1391 1507 56 36 the
1474 1507 156 36 Theatre
1654 1507 41 36 in
1721 1507 165 49 Chicago
1909 1509 174 47 Evening
2106 1509 102 43 Post,

413 1574 48 37 19
488 1566 89 42 Jan.
606 1575 108 37 1912.

552 1674 73 35 Mr.
658 1672 165 37 Gordon
853 1674 125 46 Craig,
1009 1674 42 36 in
1077 1674 70 36 the
1176 1674 156 47 highest
1363 1676 134 47 flights
1525 1677 42 36 of
1596 1677 60 36 his
1684 1677 132 46 fancy,
1848 1690 125 25 seems
1999 1682 44 33 to
2071 1679 137 43 desire,

408 1733 81 38 and
515 1738 154 43 expect,
697 1734 70 37 the
791 1735 105 37 total
921 1736 250 37 elimination
1196 1738 40 35 of
1260 1738 70 36 the
1355 1738 190 47 speaking
1574 1743 123 39 actor,
1724 1740 157 46 leaving
1892 1740 69 36 the
1974 1740 214 47 interpreta-

406 1795 90 37 tion
522 1796 42 36 of
599 1796 69 36 the
698 1796 140 38 drama
865 1801 44 33 to
940 1802 110 32 mute
1079 1798 144 46 figures
1248 1821 52 4 —
1324 1800 227 46 preferably
1596 1801 246 36 mechanical
1870 1823 50 4 —
1949 1802 137 44 music,
2118 1803 72 36 alle-

405 1857 150 46 gorical
582 1858 177 43 dancers,
797 1859 80 36 and
912 1860 146 47 special
1092 1860 166 47 painted
1287 1862 79 36 and
1402 1863 267 47 atmospheric
1697 1863 148 36 effects.

512 1919 161 37 Review
696 1920 41 36 of
762 1921 60 35 On
844 1921 58 36 the
927 1921 71 36 Art
1020 1921 38 47 of
1081 1922 56 37 the
1164 1923 155 36 Theatre
1343 1923 41 36 in
1410 1924 77 37 The
1510 1925 162 43 Nation,
1698 1927 48 34 U.
1773 1924 37 39 S.
1836 1925 62 43 A.,
1926 1936 19 25 1
1972 1925 93 37 Feb.
2097 1936 109 37 1912.

554 2030 19 33 I
604 2028 249 37 understand
882 2029 93 37 that
1005 2030 81 37 this
1113 2031 305 38 subordination
1437 2033 42 36 of
1502 2033 69 36 the
1604 2033 138 48 player
1773 2034 33 36 is
1833 2047 74 24 one
1937 2034 42 37 of
2008 2034 70 37 the
2109 2034 99 37 aims

404 2090 45 36 of
474 2091 73 35 Mr.
578 2090 164 37 Gordon
768 2091 126 46 Craig.

513 2151 258 38 Westminster
810 2152 156 38 Gazette.
1020 2153 143 37 Notice
1190 2155 42 36 of
1262 2155 76 37 The
1377 2156 175 44 Miracle,
1593 2167 48 37 27
1679 2159 95 35 Dec.
1806 2169 110 36 1912.

555 2268 73 35 Mr.
662 2267 148 46 Craig's
839 2267 157 47 designs
1022 2272 72 32 not
1121 2269 96 44 only
1245 2269 116 36 make
1379 2282 51 24 an
1448 2271 143 46 appeal
1620 2271 315 47 independently
1963 2272 41 37 of
2030 2272 68 37 the
2114 2273 96 47 play

403 2326 104 46 they
537 2340 67 24 are
634 2329 200 47 supposed
863 2334 44 32 to
937 2330 198 37 illustrate
1154 2342 6 24 :
1207 2330 98 46 they
1352 2332 177 45 actually
1572 2332 126 37 dwarf
1726 2333 72 37 the
1838 2333 172 48 player's
2039 2338 63 33 art
2130 2335 80 36 and

402 2388 268 47 •disastrously
696 2395 185 43 compete
908 2392 99 35 with
1032 2392 70 37 the
1127 2393 180 37 author's
1333 2393 213 38 intention.

514 2451 76 37 The
621 2453 145 35 Future
797 2453 39 45 of
858 2453 56 37 the
947 2454 168 43 Theatre,
1146 2455 107 45 John
1283 2456 168 44 Palmer,
1483 2466 97 38 1913
1600 2451 25 42 \

510 2561 19 34 I
555 2559 96 37 hold
674 2559 93 38 that
792 2565 69 32 too
888 2561 121 37 much
1032 2563 42 35 of
1097 2562 83 37 this
1204 2563 34 36 is
1263 2563 93 37 rash
1382 2563 79 37 and
1487 2565 265 45 exaggerated
1778 2565 294 37 misstatement
2107 2566 99 37 born

402 2620 47 37 of
489 2622 263 37 unconscious
783 2622 67 48 (let
891 2636 47 24 us
979 2624 103 48 hope
1123 2625 275 46 unconscious)
1444 2625 403 47 misunderstanding.

508 2684 141 46 Again,
679 2686 21 35 I
738 2686 219 36 remember
983 2699 98 24 once
1121 2699 52 24 an
1211 2692 319 41 actor-manager
1568 2687 189 47 laughing
1795 2693 44 32 at
1878 2700 108 25 some
2024 2690 182 47 painting

406 2745 169 38 because
596 2746 71 36 the
690 2746 118 38 artist
834 2747 82 37 had
938 2748 117 37 made
1077 2749 70 36 the
1170 2761 66 25 sea
1258 2749 141 45 yellow
1422 2749 80 37 and
1523 2749 69 36 the
1615 2750 115 36 rocks
1753 2762 130 35 green.
1938 2750 84 37 The
2045 2764 66 25 sea
2133 2765 76 24 can

406 2807 49 37 be
482 2808 141 45 yellow
650 2809 108 36 —it
778 2822 75 24 can
872 2810 49 36 be
940 2811 69 36 red
1036 2832 51 4 —
1112 2813 20 34 I
1151 2811 103 37 have
1272 2823 92 25 seen
1382 2812 33 36 it
1433 2812 102 36 both
1554 2812 167 36 colours.
1778 2813 134 36 Rocks
1930 2825 76 25 can
2024 2813 49 37 be
2092 2826 119 34 green

406 2870 81 36 and
514 2870 92 37 blue
634 2871 80 36 and
741 2871 173 38 crimson
941 2885 44 24 as
1009 2873 88 36 well
1124 2885 43 25 as
1194 2885 109 35 gray,
1332 2873 133 44 white,
1495 2886 43 24 or
1565 2874 150 37 brown.
1770 2874 210 46 Trelawny
2006 2876 117 36 —in
2150 2876 60 37 his

402 2932 167 36 Records
608 2954 52 4 —
697 2933 160 38 writes:

496 3024 11 16 1
535 3019 83 32 This
641 3019 114 33 writer
778 3021 82 31 calls
881 3020 53 32 his
955 3022 93 31 book
1203 3022 128 32 Future
1354 3022 36 32 of
1412 3024 60 30 the
1495 3023 157 37 Theatre,
1714 3024 70 31 and
1827 3027 60 37 yet
1911 3024 113 32 writes
2046 3025 106 40 solely
2177 3025 37 32 of

402 3080 70 22 one
491 3071 130 32 branch
639 3071 36 31 of
691 3071 30 33 it
748 3090 32 5 —
808 3072 36 32 of
861 3073 60 31 the
938 3074 139 39 English
1095 3074 158 32 Theatre.
