2723 4120
2161 3142 43 35 45

469 579 89 35 who
581 579 127 46 might
729 579 103 37 have
852 579 100 37 been
973 580 127 37 either
1121 593 22 24 a
1164 581 167 37 butcher
1352 594 43 24 or
1419 594 22 23 a
1462 582 134 47 priest.
1648 583 85 38 The
1754 585 113 36 other
1888 585 80 36 had
1999 586 69 36 the
2088 586 155 39 indubit-

470 640 90 37 able
575 641 123 46 figure
715 642 40 35 of
772 654 23 23 a
813 641 127 38 Greek
955 646 94 43 poet
1067 643 78 35 and
1162 643 69 35 the
1247 643 86 37 face
1350 644 40 36 of
1408 656 22 23 a
1447 644 170 38 dubious
1634 645 127 37 Greek
1777 647 77 46 god
1872 659 7 32 ;
1898 647 61 37 his
1976 648 173 38 features
2165 662 100 24 were

470 702 145 37 almost
637 703 151 47 perfect
811 708 141 43 except
975 705 61 35 for
1059 717 23 24 a
1104 705 217 47 peculiarly
1342 706 92 46 long
1457 706 80 36 and
1559 708 216 46 peculiarly
1797 709 94 36 cleft
1907 710 103 36 chin.
2036 710 127 37 There
2185 724 81 25 was

469 765 168 47 nothing
657 765 150 47 angelic
827 766 124 36 about
971 766 84 36 him
1074 766 80 36 and
1174 771 68 41 yet
1262 767 50 36 he
1330 767 95 37 bore
1444 768 70 36 the
1533 769 295 37 unmistakable
1846 774 129 34 traces
1995 772 41 36 of
2073 785 75 24 one
2177 774 90 35 who

471 826 80 37 had
581 827 100 36 been
711 839 76 24 one
818 828 40 35 of
890 828 121 37 God's
1039 829 145 46 angels.

614 891 92 33 You
729 901 66 23 are
817 901 136 35 wrong
976 890 127 46 again.
1244 903 79 24 was
1345 891 152 47 saying.
1592 891 127 38 There
1741 892 33 37 is
1796 905 52 24 no
1872 894 176 46 divinity
2069 896 42 35 in
2133 909 132 34 peace.

470 948 126 38 There
619 963 74 23 can
714 950 50 37 be
785 962 52 24 no
860 951 99 36 such
979 951 116 47 thing
1117 964 42 24 as
1182 964 23 23 a
1229 952 133 37 divine
1384 957 176 33 content.
1615 955 238 37 Discontent
1874 956 33 36 is
1930 957 69 35 the
2021 969 133 35 power
2175 959 93 36 that

471 1011 130 38 drives
616 1013 70 35 the
701 1012 154 36 worlds.
908 1011 84 38 The
1008 1025 125 34 angry
1147 1018 143 33 waters
1305 1015 98 36 send
1417 1016 194 47 storming
1626 1016 212 47 regiments
1853 1029 109 36 upon
1986 1019 70 35 the
2088 1020 115 36 earth
2223 1042 41 4 —

471 1073 79 37 and
575 1086 88 24 new
686 1074 67 35 life
780 1086 177 34 appears.
1011 1074 85 37 The
1120 1075 133 47 placid
1277 1080 143 33 waters
1446 1077 139 37 collect
1609 1089 112 26 scum
1761 1091 52 24 on
1839 1093 23 23 a
1886 1083 192 44 stagnant
2102 1081 90 37 lake
2223 1103 41 5 —

472 1136 80 35 and
578 1136 165 35 breathe
770 1136 123 35 death
917 1148 54 25 on
997 1138 235 47 everything
1258 1139 98 45 they
1381 1140 135 36 touch.
1570 1141 92 35 Men
1689 1141 50 35 do
1765 1145 73 33 not
1865 1143 118 35 know
2008 1143 130 37 where
2163 1144 104 37 their

471 1197 246 36 deliverance
740 1197 70 36 lies
834 1209 72 24 nor
929 1199 87 35 who
1042 1199 33 36 is
1098 1200 105 35 their
1226 1204 90 32 true
1340 1200 202 38 deliverer.
1594 1201 113 47 They
1730 1215 120 35 grope
1871 1225 40 4 —

613 1258 238 39 Sometimes
874 1260 99 46 they
995 1261 95 36 hold
1113 1262 135 47 things
1265 1263 159 45 beyond
1441 1263 104 37 their
1561 1276 128 35 grasp,
1759 1265 140 45 mildly
1915 1265 267 48 interpolated
2198 1268 69 36 the

469 1320 196 37 rubicund
692 1333 85 24 one.

611 1382 114 46 They
750 1395 131 35 grope,
953 1385 215 36 continued
1194 1385 61 37 his
1281 1387 249 46 companion,
1667 1400 25 23 a
1719 1388 190 37 darkness
1938 1390 93 35 that
2057 1390 33 36 is
2115 1402 51 25 no
2192 1391 76 37 less

470 1444 101 36 dark
590 1444 62 36 for
674 1444 117 47 being
813 1445 156 37 electric
987 1457 8 33 ;
1020 1458 22 24 a
1065 1446 190 38 darkness
1277 1448 213 47 compared
1511 1452 44 32 to
1577 1449 130 37 which
1727 1451 70 35 the
1818 1451 190 36 so-called
2029 1453 113 34 Dark
2161 1453 106 47 Ages

469 1516 112 34 were,
597 1507 31 35 if
642 1508 20 34 I
679 1519 94 33 may
787 1507 49 36 be
851 1507 216 47 permitted
1081 1510 69 35 the
1166 1510 220 47 metaphor,
1405 1522 23 24 a
1443 1511 223 37 succession
1681 1512 40 35 of
1735 1512 101 36 brief
1851 1512 75 37 but
1940 1513 181 48 blinding
2135 1514 112 36 shoot-

468 1567 200 47 ing-stars.
722 1569 106 37 Wild
849 1569 119 37 deeds
990 1570 79 36 and
1088 1571 135 36 wilder
1242 1572 194 47 thoughts
1453 1585 94 33 may
1564 1574 103 36 have
1684 1574 198 37 reddened
1900 1587 123 34 many
2039 1588 23 23 a
2079 1577 191 46 sanguine

471 1629 81 46 day
569 1641 7 33 ;
610 1630 74 37 but
717 1631 31 36 if
779 1632 70 35 the
881 1644 114 33 years
1027 1633 123 36 shone
1182 1634 79 35 like
1293 1635 236 36 short-lived
1563 1635 79 36 and
1674 1635 158 37 sinister
1864 1649 106 32 suns,
1991 1641 42 32 at
2053 1638 101 37 least
2171 1639 99 45 they

468 1691 134 37 shone.

613 1755 38 35 If
678 1766 81 33 you
785 1755 79 36 will
889 1756 154 46 pardon
1071 1768 22 24 a
1125 1779 41 3 —

611 1815 85 38 The
717 1816 253 45 blacksmith,
1036 1818 50 37 he
1107 1823 106 33 went
1236 1832 62 31 on,
1323 1820 236 47 unheeding,
1625 1821 42 36 in
1688 1821 116 37 those
1826 1822 99 45 days
1947 1823 80 36 had
2050 1835 23 24 a
2094 1823 175 48 position

470 1889 42 25 as
531 1877 186 47 dignified
736 1891 43 24 as
796 1879 69 36 the
883 1881 223 45 songsmith
1122 1893 7 31 ;
1149 1881 70 36 the
1237 1894 131 24 armor
1385 1882 50 36 he
1452 1882 208 37 fashioned
1677 1884 206 47 protected
1903 1896 91 25 men
2011 1885 56 46 by
2085 1886 184 47 covering

469 1939 104 36 their
590 1940 136 36 bodies
745 1952 7 32 ;
771 1942 144 45 to-day
932 1942 70 36 the
1019 1954 109 25 same
1145 1943 87 35 iron
1251 1943 182 46 destroys
1450 1945 113 36 them
1581 1945 106 37 since
1704 1945 33 37 it
1756 1947 71 36 has
1846 1947 164 36 entered
2027 1947 104 36 their
2147 1948 118 37 souls.

469 2002 251 46 Hospitality
744 2015 81 24 was
849 2016 98 24 once
973 2004 225 47 something
1224 2018 108 24 more
1357 2007 100 35 than
1484 2019 23 23 a
1532 2008 113 35 weak
1669 2008 218 36 invitation
1912 2009 61 35 for
1999 2022 24 22 a
2048 2010 217 37 week-end.

470 2063 85 36 One
580 2064 115 36 could
718 2064 50 36 be
791 2077 88 25 sure
902 2066 41 36 of
967 2067 116 36 cakes
1107 2067 80 36 and
1211 2067 59 36 ale
1295 2072 42 31 at
1361 2081 120 33 every
1504 2069 216 48 door-step,
1747 2070 79 36 and
1850 2082 120 34 every
1993 2071 124 37 house
2140 2084 81 25 was
2246 2084 23 24 a

468 2125 287 46 public-house.
809 2126 113 47 They
944 2128 103 37 have
1070 2129 146 36 turned
1238 2129 100 37 with
1361 2142 22 24 a
1408 2130 294 48 disheartening
1725 2131 177 47 docility,
1927 2133 104 36 from
2053 2134 70 35 the
2155 2134 92 37 time-

470 2187 114 47 spirit
618 2192 43 32 to
700 2188 78 37 The
814 2190 139 36 Times.

670 2262 82 33 you
771 2251 78 36 will
869 2251 154 47 pardon
1042 2264 75 32 me,
1139 2253 99 45 they
1257 2254 104 37 have
1380 2253 103 38 done
1502 2255 169 47 nothing
1691 2267 44 25 so
1756 2256 160 43 radical,
1998 2256 184 48 objected
2201 2258 70 37 the

468 2311 162 47 simpler
649 2324 154 35 person,
971 2314 103 37 have
1095 2316 148 45 merely
1262 2316 247 36 substituted
1528 2317 69 36 the
1617 2317 148 37 middle
1786 2318 141 37 classes
1947 2319 62 36 for
2029 2319 73 37 the
2121 2319 149 37 Middle

467 2373 114 47 Ages.

611 2436 113 46 They
755 2437 103 37 have
891 2437 103 37 done
1025 2439 224 47 something
1282 2439 61 37 far
1375 2452 123 25 worse
1516 2452 7 32 ;
1557 2441 98 46 they
1687 2441 103 37 have
1821 2442 160 37 learned
2012 2446 45 33 to
2098 2444 171 47 worship

470 2496 94 46 only
588 2498 70 36 the
685 2498 169 38 middles
871 2511 8 32 ;
908 2500 126 36 either
1060 2505 177 33 extreme
1263 2502 33 36 is
1322 2506 69 32 too
1418 2503 122 37 much
1564 2503 61 36 for
1651 2503 123 38 them.
1828 2504 93 38 And
1947 2517 45 25 so
2018 2505 98 46 they
2166 2506 103 37 have

468 2558 162 38 become
649 2561 70 35 the
740 2564 198 34 creatures
959 2563 40 35 of
1016 2563 105 36 their
1141 2576 89 23 own
1251 2564 188 37 creation.
1460 2567 40 34 It
1521 2565 97 37 used
1637 2569 44 33 to
1701 2566 50 37 be
1787 2566 230 37 considered
2050 2568 137 47 cheap,
2210 2568 61 36 for

468 2620 192 45 instance,
690 2626 43 32 to
764 2636 88 23 own
881 2623 141 38 slaves.
1075 2624 115 46 They
1234 2626 104 37 have
1368 2627 207 37 advanced
1604 2629 286 45 economically
1906 2641 8 32 ;
1969 2630 99 45 they
2124 2629 85 38 find
2236 2630 34 37 it

469 2684 169 47 cheaper
653 2688 43 33 to
715 2685 40 36 be
771 2685 129 38 slaves
919 2716 63 7 ...
1051 2688 50 35 In
1117 2688 170 46 nothing
1303 2688 33 36 is
1353 2689 105 35 their
1474 2689 159 46 slavery
1649 2702 44 24 so
1711 2695 196 42 apparent
1925 2703 43 25 as
1984 2691 42 36 in
2042 2692 70 36 the
2130 2692 140 37 fetters

467 2745 99 46 they
586 2747 112 47 place
717 2759 110 36 upon
846 2748 250 37 themselves.
1151 2751 64 34 No
1235 2750 135 47 longer
1390 2750 51 37 do
1461 2751 99 46 they
1580 2764 70 33 cry
1669 2756 72 32 out
1782 2753 9 13 '
1810 2752 127 37 These
1956 2754 135 47 things
2112 2766 66 25 are
2198 2766 48 25 un-

467 2809 158 45 worthy
639 2810 41 35 of
694 2822 47 24 us
759 2810 21 37 .'
811 2809 113 47 They
939 2811 83 43 ask,
1037 2811 43 36 in
1095 2824 51 23 an
1161 2824 134 24 excess
1310 2812 40 36 of
1364 2813 199 45 humility,
1593 2814 90 37 'Are
1697 2827 59 23 we
1770 2815 158 46 worthy
1942 2816 40 35 of
1996 2828 73 24 our
2084 2817 137 36 chains
2239 2817 31 37 ?'

468 2870 39 35 If
527 2883 81 33 any
628 2872 41 35 of
689 2872 113 36 them
821 2872 96 37 bear
938 2885 23 24 a
983 2885 116 32 cioss,
1121 2874 99 45 they
1239 2874 116 37 insist
1375 2876 91 35 that
1483 2876 98 45 they
1603 2888 65 24 are
1689 2876 182 48 carrying
1892 2890 52 24 on
1966 2891 23 23 a
2005 2890 87 24 new
2114 2879 97 36 kind
2232 2879 39 36 of

468 2931 180 47 physical
674 2934 163 37 culture.
891 2935 94 38 And
1009 2936 106 43 thus,
1145 2949 23 23 a
1192 2937 191 47 lethargic
1409 2941 175 41 content,
1614 2951 22 23 a
1663 2942 226 34 monstrous
1925 2940 250 37 satisfaction
2200 2942 71 36 has

468 2994 132 47 begun
622 2999 44 33 to
689 3008 72 36 sap
784 2998 105 36 their
910 2998 131 37 blood.
1065 3001 40 33 It
1129 2999 71 36 has
1224 3003 123 43 crept,
1365 2999 79 37 like
1466 3012 109 25 some
1597 3002 265 36 unnameable
1885 3003 149 43 horror,
2058 3003 87 36 into
2168 3003 103 36 their
