2723 4120
2071 3108 44 37 27

383 555 62 36 his
463 554 139 38 throat
623 554 81 38 and
724 553 99 45 said,
889 557 20 34 I
929 558 110 34 want
1060 565 81 34 you
1162 553 226 47 gentlemen
1407 558 44 32 to
1474 553 116 37 know
1609 553 93 38 that
1723 554 33 36 it
1776 565 82 26 was
1879 567 22 23 a
1921 553 67 47 big
2008 553 69 47 job
2097 566 82 33 you

381 617 104 37 have
511 616 118 47 given
656 629 75 25 me.
788 619 19 33 I
828 621 107 31 went
956 616 127 36 direct
1113 619 45 33 to
1190 615 301 48 headquarters.
1545 615 141 38 That's
1707 616 148 45 always
1874 616 70 36 the
1965 615 89 37 best
2075 628 101 33 way.

381 678 112 46 They
518 679 53 36 all
595 679 118 36 know
738 691 76 31 me,
833 678 79 37 and
934 678 143 45 they'll
1102 678 51 35 do
1180 677 196 46 anything
1402 679 19 34 I
1448 677 73 37 ask
1543 677 125 36 them.
1722 677 207 47 Anything
1954 677 42 36 in
2023 689 153 32 reason,

380 741 42 37 of
452 752 150 26 course.
659 742 82 34 But
770 740 101 44 they
900 739 161 37 showed
1091 752 63 24 me
1183 739 70 35 the
1283 751 134 34 young
1449 739 129 37 man's
1606 739 141 36 record
1775 739 120 37 black
1924 751 52 24 on

381 804 106 35 Here
510 802 69 37 the
605 802 217 37 Alderman
847 800 117 47 again
986 801 154 47 tapped
1162 800 71 37 the
1258 800 414 47 formidable-looking
1696 813 126 36 paper
1845 800 49 36 he
1918 800 92 36 held
2034 800 42 36 in
2119 801 61 37 his

380 863 72 37 left
475 863 120 37 hand.
693 865 20 35 I
735 866 110 34 want
867 874 81 33 you
969 866 44 33 to
1036 863 251 36 understand
1310 865 109 34 lam
1440 866 72 34 not
1536 863 227 47 expressing
1786 874 69 33 my
1877 874 89 24 own
2004 861 174 48 opinion.

381 927 20 34 I
420 938 120 24 never
558 926 78 36 like
652 929 44 33 to
717 936 160 36 express
894 924 184 48 opinions
1094 925 42 35 in
1153 924 99 37 such
1267 924 147 46 things.
1486 926 82 34 But
1600 924 114 37 there
1731 924 33 37 it
1782 924 33 36 is
1834 924 6 36 !
1937 925 64 35 He
2026 924 153 47 opened

379 987 70 37 the
469 999 126 36 paper
615 987 139 45 slowly
775 987 80 36 and
875 986 204 45 carefully,
1103 985 151 47 saying,
1321 986 74 36 His
1415 987 140 36 record
1575 987 129 36 shows
1724 986 120 37 black
1863 998 53 25 on
1935 985 121 37 white
2086 986 93 37 that

379 1049 70 37 the
479 1061 136 34 young
646 1061 95 24 man
771 1048 33 37 is
836 1048 8 14 '
861 1047 278 48 incorrigible,'
1172 1047 96 48 (The
1298 1047 218 38 Alderman
1545 1049 82 37 had
1657 1061 24 24 a
1710 1047 162 38 terrible
1902 1047 143 47 feeling
2086 1048 92 38 that

379 1110 49 37 he
454 1112 144 36 hadn't
629 1110 258 47 pronounced
917 1110 71 36 the
1018 1110 109 37 word
1152 1110 199 48 properly)
1410 1110 8 14 '
1435 1110 232 44 obstinate,'
1707 1110 50 38 he
1797 1110 230 44 continued,
2098 1110 81 37 and

380 1176 9 14 '
409 1173 248 44 refractory.'
713 1173 82 35 But
815 1173 7 36 !
892 1172 49 36 he
968 1172 119 46 fairly
1112 1172 182 43 shouted,
1321 1172 79 36 and
1427 1172 117 46 again
1569 1173 49 36 he
1639 1173 153 47 tapped
1810 1172 71 36 the
1905 1183 125 36 paper
2055 1171 42 36 in
2117 1171 62 38 his

379 1234 72 36 left
476 1235 109 37 hand
609 1234 101 36 with
732 1234 70 36 the
827 1234 130 47 pencil
981 1235 94 36 that
1100 1234 50 37 he
1174 1234 93 36 held
1291 1233 43 37 in
1357 1233 62 37 his
1443 1234 119 46 right.
1661 1237 20 33 I
1705 1245 122 25 never
1853 1246 72 33 say
1950 1233 63 37 die
2033 1234 7 36 !
2093 1235 85 35 Not

379 1308 63 24 me
461 1297 7 36 !
523 1299 21 34 I
567 1296 104 37 have
695 1300 72 33 not
792 1295 118 47 given
933 1296 82 37 this
1039 1300 149 33 matter
1211 1308 55 35 up
1290 1299 83 41 yet.
1427 1298 83 34 Not
1534 1296 57 45 by
1614 1310 23 23 a
1672 1296 93 46 long
1788 1294 93 38 shot
1900 1296 7 35 !
1961 1294 127 37 There
2112 1307 67 25 are

378 1369 109 26 more
505 1370 110 34 ways
633 1362 44 32 to
697 1357 70 37 kill
785 1371 23 23 a
827 1358 79 37 calf
923 1357 156 38 besides
1095 1358 167 46 tickling
1280 1357 34 37 it
1331 1361 44 33 to
1396 1357 135 38 death.
1587 1360 19 34 I
1625 1358 142 36 intend
1783 1361 44 33 to
1847 1369 49 35 go
1914 1356 106 47 right
2050 1356 129 38 ahead

376 1433 54 24 on
454 1420 94 36 this.
603 1420 51 37 So
682 1419 121 37 much
828 1419 61 37 for
913 1420 120 40 that.!
1104 1420 49 36 he
1179 1420 99 42 said,
1306 1419 148 47 closing
1481 1419 70 37 the
1576 1420 159 46 subject
1754 1431 7 32 ;
1790 1420 79 35 and
1893 1419 100 36 then
2034 1418 142 44 added,

419 1482 93 46 Any
534 1482 99 36 time
657 1494 81 32 any
760 1481 42 37 of
824 1494 81 32 you
928 1482 227 46 gentlemen
1178 1482 100 36 need
1302 1495 23 23 a
1348 1481 105 36 little
1476 1482 128 37 favor.
1660 1481 250 42 Remember,
1935 1492 69 34 my
2027 1481 96 36 door
2146 1480 34 37 is

377 1544 148 46 always
547 1556 104 36 open
673 1543 61 37 for
756 1555 92 34 you.
903 1544 92 45 Any
1016 1543 99 37 time
1138 1548 43 32 at
1204 1543 63 38 all.
1322 1545 93 43 Day
1435 1555 44 25 or
1501 1543 127 47 night.
1684 1543 135 37 You'll
1840 1543 83 36 find
1945 1555 63 24 me
2030 1555 23 23 a
2075 1542 104 47 good

377 1606 140 37 fellow.
574 1608 110 45 Drop
706 1605 42 36 in
768 1606 61 36 for
851 1619 23 23 a
896 1606 173 45 friendly
1089 1606 88 36 call.
1232 1606 92 45 Any
1345 1605 98 36 time
1463 1618 82 33 you
1566 1605 75 37 feel
1661 1605 78 36 like
1760 1604 46 37 it.
1862 1604 113 37 Good
1996 1604 180 47 evening,

376 1668 239 46 gentlemen.
672 1667 102 38 Glad
800 1672 44 32 to
872 1668 118 37 know

477 1730 92 37 And
590 1742 43 24 so
654 1730 169 46 nothing
845 1742 111 24 came
977 1730 41 36 of
1037 1729 94 38 that
1153 1733 177 43 attempt
1350 1733 44 33 to
1415 1733 67 43 get
1507 1729 164 45 Johnny
1691 1728 174 38 released
1886 1728 104 37 from
2009 1728 70 36 the
2102 1730 50 34 Re-

377 1792 104 37 form
508 1791 155 38 School.

478 1853 82 37 The
578 1858 106 33 most
702 1853 149 37 serious
868 1857 178 44 attempt
1063 1854 42 35 in
1124 1853 200 45 Johnny's
1339 1853 136 37 behalf
1490 1865 81 24 was
1588 1853 117 36 made
1721 1853 70 36 the
1808 1852 200 46 following
2029 1851 146 49 spring.

375 1914 83 38 The
530 1915 144 40 Elston
700 1914 130 39 Social
847 1916 80 36 and
944 1916 177 36 Athletic
1453 1929 23 23 a
1493 1927 135 34 young
1645 1915 126 37 men's
1788 1914 92 37 club
1898 1914 41 36 of
1955 1914 70 36 the
2042 1913 112 47 neigh-

374 1976 193 45 borhood,
592 1978 80 36 and
691 1977 70 36 the
823 1977 119 40 Lilies
963 1978 40 36 of
1024 1976 83 37 The
1127 1977 154 45 Valley,
1356 1991 23 24 a
1409 1989 136 34 young
1580 1976 138 38 ladies'
1740 1976 104 44 club,
1886 1980 70 42 got
1991 1975 186 47 together

376 2039 80 37 and
471 2039 209 47 organised
695 2053 23 24 a
732 2039 82 37 ball
829 2039 61 37 for
907 2039 200 45 Johnny's
1120 2039 161 37 benefit.
1336 2039 84 37 The
1434 2039 83 37 ball
1529 2051 82 25 was
1627 2052 22 24 a
1664 2039 127 47 grand
1805 2049 167 26 success.
2027 2037 126 46 Every-

375 2100 110 46 body
511 2102 87 37 said
625 2114 55 25 so.
736 2101 245 46 Everybody
1004 2102 114 35 knew
1140 2101 233 46 everybody
1394 2100 90 44 else,
1509 2101 80 36 and
1611 2100 53 37 all
1685 2100 81 37 had
1783 2113 23 23 a
1823 2100 223 36 wonderful
2065 2098 111 37 time.

374 2163 219 38 Alderman
622 2163 210 38 Kielbassa
851 2164 123 47 spoke
994 2164 105 37 from
1116 2163 70 37 the
1204 2163 195 48 platform
1417 2163 135 36 beside
1569 2162 72 37 the
1660 2162 225 37 musicians.
1941 2163 63 34 He
2022 2161 158 49 praised

374 2225 232 46 everybody
625 2230 162 44 present
810 2227 60 36 for
891 2226 105 36 their
1017 2226 139 36 efforts
1176 2226 42 36 in
1239 2239 22 23 a
1282 2225 160 45 worthy
1463 2236 130 33 cause,
1608 2225 80 37 and
1706 2225 49 36 he
1775 2224 88 37 told
1879 2223 41 37 of
1942 2223 52 37 all
2010 2224 49 36 he
2079 2223 75 36 him-

374 2287 73 37 self
466 2288 81 36 had
568 2288 114 36 done.
737 2288 54 36 At
811 2288 70 36 the
902 2288 78 36 end
1000 2288 40 36 of
1061 2287 61 37 his
1143 2288 188 47 eloquent
1352 2287 163 37 address
1533 2286 50 37 he
1604 2287 236 36 announced
1858 2286 93 37 that
1978 2286 49 36 he
2046 2285 133 37 would

373 2350 231 37 contribute
628 2350 253 45 twenty-five
907 2350 147 37 dollars
1079 2350 176 37 towards
1279 2349 70 36 the
1374 2349 159 45 worthy
1557 2361 129 25 cause.
1743 2348 246 46 Everybody
2013 2347 167 37 cheered

373 2411 85 37 him
485 2411 118 47 again
630 2413 80 35 and
737 2412 128 46 again.

477 2475 81 36 But
576 2486 44 25 as
636 2474 232 45 everybody
884 2474 82 37 had
981 2478 119 43 spent
1117 2485 42 26 so
1177 2474 121 36 much
1314 2474 118 36 effort
1447 2477 45 33 to
1511 2473 117 37 make
1643 2473 71 36 the
1729 2472 83 38 ball
1828 2486 23 24 a
1867 2472 127 47 grand
2009 2482 168 32 success,

374 2536 80 37 and
471 2537 81 36 had
568 2540 118 44 spent
704 2537 52 36 all
771 2536 98 45 they
887 2537 119 36 could
1023 2536 129 37 afford
1167 2540 44 32 to
1230 2535 117 37 make
1364 2549 23 23 a
1403 2535 253 48 presentable
1674 2547 248 36 appearance
1940 2538 42 33 at
1998 2533 70 37 the
2084 2533 94 44 ball,

374 2598 80 37 and
473 2599 106 37 since
598 2598 32 36 it
650 2598 133 37 would
800 2602 73 33 not
892 2598 103 37 have
1013 2599 103 36 been
1133 2597 71 37 the
1222 2601 155 33 correct
1405 2597 117 46 thing
1550 2601 43 33 to
1620 2597 70 37 sell
1720 2601 138 42 strong
1888 2596 137 37 drinks
2055 2599 43 33 at
2128 2608 52 24 an

372 2660 119 38 affair
510 2661 42 36 of
571 2660 93 37 that
686 2665 158 39 nature,
878 2660 95 45 only
1006 2674 22 24 a
1060 2660 106 37 little
1188 2671 110 26 more
1318 2660 102 36 than
1453 2672 23 24 a
1508 2659 184 36 hundred
1714 2659 80 37 and
1816 2659 92 46 fifty
1931 2658 146 37 dollars
2098 2669 82 26 was

372 2723 170 36 realised
564 2723 105 36 from
694 2723 71 36 the
792 2726 182 35 venture.

474 2785 36 37 A
535 2785 147 45 lawyer
706 2797 82 25 was
811 2785 179 47 engaged
1013 2789 44 33 to
1081 2798 49 33 go
1155 2789 44 31 to
1225 2783 237 49 Springfield
1486 2784 81 36 and
1590 2795 64 25 see
1677 2782 70 37 the
1771 2794 208 36 governor,
2006 2782 81 37 and
2109 2780 71 38 the

373 2848 137 37 Board
532 2848 42 37 of
598 2848 193 37 Pardons.
845 2846 83 39 The
951 2848 148 45 lawyer
1121 2858 82 25 was
1228 2847 88 37 told
1334 2850 73 33 not
1432 2850 44 33 to
1500 2846 130 36 mince
1648 2849 170 34 matters
1841 2857 72 26 nor
1935 2845 96 36 beat
2055 2844 125 37 about

371 2909 71 37 the
463 2909 116 38 bush.
635 2910 64 37 He
720 2909 144 38 should
884 2910 71 37 tell
975 2910 117 37 those
1113 2909 151 37 fellows
1286 2909 117 37 down
1423 2909 43 36 in
1486 2907 238 49 Springfield
1747 2907 94 38 that
1862 2907 71 37 the
1954 2905 163 38 citizens
2139 2906 41 36 of

371 2972 70 37 the
456 2972 316 45 twenty-fourth
783 2972 110 37 ward
910 2972 224 37 demanded
1152 2973 22 44 J
1179 2972 138 45 ohnny
1330 2971 231 47 Kerrigan's
1576 2970 147 38 release
1789 2975 43 33 at
1848 2982 98 25 once
1962 2970 6 36 !
1986 2969 55 37 At
2056 2981 98 25 once
2170 2968 6 37 !
