2723 4120
534 3233 46 35 74

881 1005 63 42 IF
976 1005 131 42 YOU
1141 1005 132 42 HAD
1306 1003 216 44 THREE
1555 1000 330 46 HUSBANDS

1281 1074 202 40 (icontinued)

1134 1182 222 43 LENGTH
1383 1182 70 38 OF
1478 1180 136 40 TIME

580 1355 64 34 He
663 1352 155 47 agreed.
874 1353 64 34 He
964 1350 86 38 said
1076 1352 20 34 I
1123 1349 132 36 would
1281 1349 104 36 have
1412 1348 145 35 known
1583 1347 55 45 by
1656 1346 82 37 this
1763 1346 111 37 time.
1940 1348 21 34 I
1988 1346 112 36 don't
2136 1345 78 37 like
2239 1350 44 31 to

479 1415 120 36 think
620 1415 126 36 about
767 1414 44 37 it.
868 1416 41 35 It
929 1412 131 37 would
1081 1412 103 36 have
1205 1411 64 36 led
1290 1414 45 33 to
1356 1421 44 26 so
1422 1409 132 36 much.
1608 1411 85 34 Not
1726 1408 94 36 that
1851 1410 21 35 I
1905 1419 66 25 am
2003 1407 282 48 disappointed

479 1480 20 34 I
523 1480 147 34 cannot
688 1477 50 36 be
757 1474 281 49 disappointed
1062 1474 114 36 when
1193 1475 21 35 I
1232 1473 103 37 have
1359 1484 43 25 so
1420 1472 121 36 much
1560 1475 44 32 to
1625 1471 117 35 make
1760 1482 64 24 me
1841 1470 150 47 happy.
2047 1472 20 34 I
2093 1470 117 36 know
2234 1468 51 37 all

478 1539 94 37 that
591 1541 107 34 lam
717 1542 45 32 to
782 1537 224 48 happiness,
1028 1536 34 36 it
1080 1536 33 36 is
1133 1539 43 32 to
1196 1535 50 37 be
1265 1535 139 47 happy
1425 1534 80 36 and
1524 1535 108 35 lam
1650 1532 150 48 happy.
1855 1534 108 35 lam
1982 1543 45 26 so
2047 1531 238 48 completely

477 1601 139 48 happy
641 1600 92 37 that
761 1602 20 34 I
808 1599 181 36 mention
1014 1598 45 37 it.

580 1665 50 34 In
650 1661 158 47 writing
827 1673 90 24 now
938 1663 20 34 I
980 1660 83 36 find
1082 1659 34 37 it
1136 1672 110 23 more
1265 1659 42 36 of
1329 1671 23 23 a
1371 1658 127 38 strain
1518 1657 169 37 because
1707 1668 91 25 now
1817 1658 21 35 I
1858 1655 113 37 write
1991 1656 56 45 by
2066 1659 217 34 sentences.

477 1727 19 34 I
521 1725 114 36 don't
658 1736 118 24 mean
797 1724 93 36 that
913 1725 20 34 I
957 1722 75 37 feel
1053 1722 34 36 it
1111 1721 140 38 above.
1305 1722 21 35 I
1349 1720 76 37 feel
1446 1720 34 36 it
1503 1719 92 37 here
1613 1719 79 36 and
1709 1719 56 45 by
1787 1718 80 37 this
1884 1717 100 37 time
2006 1720 21 34 I
2051 1718 180 36 mention
2252 1717 33 36 it

475 1791 82 33 too.
613 1786 94 37 Ido
728 1789 72 33 not
821 1785 75 36 feel
917 1785 70 36 the
1008 1784 252 47 significance
1281 1783 41 36 of
1342 1782 83 37 this
1451 1782 80 37 list.

579 1848 82 38 Can
688 1860 81 34 you
795 1847 95 37 read
918 1860 23 22 a
968 1846 118 38 book,

580 1912 62 44 By
664 1910 70 37 the
756 1910 99 36 time
879 1908 183 37 artificial
1086 1908 151 35 flowers
1260 1919 101 24 were
1384 1906 118 37 made
1526 1909 71 32 out
1620 1905 42 36 of
1684 1905 175 36 feathers
1883 1916 52 24 no
1959 1903 112 48 pride
2094 1915 81 25 was
2198 1902 84 38 left.

474 1973 95 46 Any
591 1985 76 24 one
690 1973 34 36 is
748 1971 130 49 proud
901 1971 31 36 if
955 1972 70 35 the
1049 1982 118 24 name
1192 1969 41 37 of
1256 1969 107 36 their
1385 1969 125 36 house
1532 1968 35 37 is
1590 1967 70 37 the
1684 1978 119 25 name
1827 1966 41 36 of
1893 1979 23 23 a
1942 1966 95 45 city.

576 2037 21 35 I
616 2034 219 37 remember
855 2046 99 33 very
971 2046 29 23 w
1001 2046 7 9 r
1009 2032 49 37 ell
1076 2033 71 35 the
1166 2033 99 35 time
1284 2033 21 35 I
1324 2042 82 26 was
1427 2030 123 37 asked
1569 2034 43 32 to
1633 2040 112 26 come
1763 2040 55 36 up
1839 2028 80 37 and
1938 2030 20 35 I
1977 2028 88 37 said
2084 2030 21 35 I
2125 2027 68 36 did
2212 2030 72 33 not

474 2101 109 32 want
607 2100 55 33 to.
719 2099 20 35 I
762 2096 88 37 said
874 2098 21 34 I
919 2095 69 37 did
1011 2098 73 33 not
1109 2098 109 33 want
1241 2097 58 41 to,
1317 2093 77 37 but
1417 2095 22 34 I
1462 2104 82 25 was
1568 2091 149 47 willing
1740 2094 73 33 not
1838 2091 112 47 quite
1972 2093 45 33 to
2033 2089 251 37 understand

474 2159 94 46 why
590 2159 105 36 after
718 2158 54 37 all
796 2159 114 35 there
932 2157 102 37 need
1056 2161 45 32 to
1124 2156 153 48 poison.
1333 2158 63 34 Do
1419 2159 73 32 not
1516 2166 73 34 say
1612 2166 110 24 more
1744 2153 102 37 than
1869 2164 24 24 a
1916 2152 121 36 word.

576 2223 65 34 No
667 2221 94 36 that
787 2220 35 37 is
848 2232 146 34 wrong.

578 2282 165 38 Cousins
771 2282 80 37 and
879 2282 169 43 cousins,
1077 2281 138 46 height
1244 2280 35 37 is
1307 2292 24 23 a
1359 2279 176 37 brother.
1590 2278 79 38 Are
1697 2279 100 43 they
1825 2275 148 39 careful
2000 2279 45 33 to
2073 2279 106 42 stay.

576 2346 38 35 If
640 2357 82 34 you
748 2345 82 36 had
855 2345 113 35 three
994 2343 207 37 husbands
1237 2345 22 35 I
1296 2341 115 37 don't
1438 2352 119 25 mean
1582 2340 94 36 that
1711 2339 33 37 it
1772 2339 34 37 is
1844 2352 24 23 a
1893 2350 117 36 guess
2035 2350 44 24 or
2106 2350 24 24 a
2171 2337 110 37 wish.

474 2409 20 35 I
526 2407 153 37 believe
696 2408 140 45 finally
854 2406 42 36 in
914 2406 109 36 what
1042 2408 21 35 I
1082 2416 82 26 saw
1191 2405 43 36 in
1262 2404 110 36 what
1401 2405 21 36 I
1440 2415 76 25 see.
1571 2404 21 35 I
1611 2402 152 37 believe
1781 2401 138 46 finally
1941 2401 43 36 in
2012 2401 110 36 what
2151 2402 21 34 I
2205 2411 78 37 see,

474 2468 38 37 in
543 2470 131 36 where
701 2471 20 34 I
749 2469 147 45 satisfy
924 2480 70 34 my
1021 2471 178 32 extreme
1226 2466 176 37 shadow.

578 2531 206 47 Believing
810 2531 42 36 in
880 2542 52 24 an
958 2533 177 33 extreme
1162 2529 148 36 dream.
1364 2528 97 36 This
1497 2528 33 36 is
1566 2538 44 26 so
1646 2526 93 36 that
1775 2526 71 37 she
1881 2525 88 37 told
2005 2525 70 36 her
2112 2524 169 37 mother.

475 2595 20 35 I
527 2593 51 37 do
603 2597 74 32 not
701 2593 153 37 believe
878 2592 34 36 it
938 2604 75 24 can
1037 2592 50 36 be
1112 2590 242 37 mentioned.

577 2655 264 47 Astonishing
866 2655 132 36 leaves
1027 2665 65 24 are
1119 2653 126 36 found
1267 2653 43 36 in
1326 2652 104 37 their
1458 2652 122 37 dread
1606 2651 42 37 in
1671 2651 106 37 their
1803 2649 123 38 dread
1964 2649 41 37 of
2042 2649 95 36 that
2163 2648 118 36 color.

475 2717 263 47 Astonishing
766 2718 132 36 leaves
929 2728 74 26 can
1038 2715 50 37 be
1123 2715 126 37 found
1284 2715 39 36 in
1355 2715 106 36 their
1490 2714 123 37 dread
1643 2717 73 32 not
1754 2713 44 36 in
1831 2712 106 37 their
1968 2711 122 36 dread
2121 2710 42 36 of
2192 2710 92 36 that

479 2779 118 37 color.
661 2779 261 47 Astonishing
961 2778 132 37 leaves
1130 2790 75 25 can
1241 2778 50 37 be
1328 2776 127 38 found
1490 2776 43 37 in
1568 2776 105 36 their
1714 2775 123 36 dread
1873 2775 43 35 in
1951 2773 106 36 their
2088 2772 123 37 dread
2244 2772 40 36 of

475 2842 96 36 that
593 2842 117 37 color.

578 2905 129 36 When
733 2903 33 37 it
794 2916 111 24 came
930 2907 44 33 to
1001 2915 73 34 say
1102 2904 20 34 I
1149 2914 118 25 mean
1294 2914 23 24 a
1359 2901 127 37 whole
1514 2900 82 45 day
1630 2898 166 46 nobody
1822 2901 137 33 meant
1987 2909 23 24 a
2037 2896 126 37 whole
2190 2896 91 46 day.

474 2966 128 38 When
618 2966 33 37 it
668 2978 114 26 came
806 2969 73 33 not
893 2969 43 32 to
953 2977 73 33 say
1042 2977 23 24 a
1080 2964 126 37 whole
1317 2963 164 45 nobody
1507 2966 137 32 meant
1670 2973 23 24 a
1724 2960 127 37 whole
1872 2959 92 45 day.
2017 2958 128 37 There
2164 2970 121 25 never

474 3042 29 23 w
504 3042 6 7 T
512 3041 43 24 as
576 3041 25 24 a
620 3029 125 47 single
766 3028 81 46 day
867 3040 44 24 or
933 3039 23 24 a
976 3027 126 47 single
1122 3038 180 25 murmur
1323 3038 45 24 or
1389 3037 22 24 a
1431 3024 125 47 single
1577 3023 109 37 word
1720 3035 44 24 or
1784 3034 24 25 a
1838 3022 125 47 single
1997 3021 288 37 circumstance

474 3091 41 37 of
545 3091 203 47 sweating.
804 3091 124 37 What
958 3090 32 36 is
1014 3089 204 46 sweating.
1274 3090 83 34 Not
1388 3086 205 47 distilling.
1648 3085 203 46 Distilling
1873 3084 257 37 necessitates
2150 3083 133 36 know-
