2723 4120
2001 3017 40 35 15

535 468 72 40 No
639 465 111 42 dens
779 464 112 43 with
921 463 124 42 locks
1076 463 105 41 that
1211 461 141 53 softly
1381 460 128 43 click.

534 530 71 40 No
628 527 7 41 !
668 527 127 42 there
826 540 76 27 are
933 524 262 42 mountains
1227 523 92 42 and
1349 522 192 54 nothing
1573 522 100 49 else,

535 592 188 47 Nature,
758 588 92 42 and
880 586 192 53 nothing
1103 586 113 50 else;

533 651 147 43 Noble
710 650 221 53 thoughts
952 649 8 42 !
995 647 143 43 music
1172 649 7 40 !
1214 649 23 39 I
1270 660 75 28 am
1376 660 27 27 a
1433 646 143 49 beast,

533 713 89 44 She
652 726 106 38 says
789 717 49 36 to
871 725 72 27 me
974 710 92 42 and
1097 724 27 27 a
1153 709 167 41 hunter
1338 733 57 3 —

532 774 90 43 Are
651 788 94 39 you
775 778 82 36 not
889 771 217 43 ashamed
1136 771 47 41 in
1214 770 79 42 the
1322 783 212 42 presence
1566 768 47 42 of
1644 768 260 42 mountains

532 835 121 43 That
684 849 93 39 you
806 839 86 50 put
922 839 129 49 traps
1080 833 49 41 of
1159 832 111 42 steel

532 898 158 43 Under
719 897 80 42 the
830 896 179 42 matted
1039 908 168 28 masses
1239 893 47 42 of
1315 898 138 37 sweet
1484 906 125 40 grass

532 959 66 42 To
629 959 134 42 catch
794 959 79 42 the
905 957 192 42 delicate
1127 956 92 41 feet
1251 955 47 42 of
1329 969 26 27 a
1385 954 120 42 little
1536 954 82 54 girl
1637 979 58 3 —
1725 968 72 27 me
1817 954 15 40 ?

532 1021 105 42 And
667 1020 128 42 Aunt
826 1019 202 52 Visyana
1059 1032 105 38 says
1194 1023 50 37 to
1275 1017 176 42 beware
1481 1030 106 38 you.

531 1082 90 45 She
651 1082 121 54 sighs
803 1082 89 41 like
925 1096 26 26 a
981 1081 192 42 seedless
1202 1079 106 56 pod,
1342 1078 135 53 being
1510 1078 57 41 all
1598 1077 143 56 spirit,

530 1145 107 43 And
666 1149 102 50 pets
798 1144 80 41 the
909 1143 163 54 golden
1102 1142 91 50 fox,
1227 1146 202 50 protects
1460 1141 79 41 her

530 1206 106 43 And
666 1206 166 42 frowns
864 1220 59 27 on
954 1220 72 26 me

529 1268 63 43 As
624 1283 27 27 a
682 1269 79 41 red
791 1268 133 41 faced
953 1266 145 44 Satan
1127 1264 210 54 tracking
1370 1278 59 27 an
1461 1263 142 54 angel,

529 1331 42 42 A
600 1329 132 56 spirit
762 1343 113 42 pure
906 1342 50 28 as
986 1328 184 42 whitest
1200 1327 80 41 fire
1299 1351 59 5 —■

529 1392 168 52 Maybe
714 1417 59 4 —
800 1391 87 42 but
918 1390 107 52 why
1056 1404 76 27 am
1162 1392 23 38 I
1216 1389 106 41 here
1343 1389 15 40 ?

531 1455 122 52 Why
682 1453 243 54 telegrams
947 1453 16 41 ?

530 1581 93 39 But
655 1578 117 42 after
804 1592 27 26 a
860 1591 33 27 w
894 1592 7 10 r
903 1576 102 49 hile,
1040 1590 66 27 we
1136 1575 119 41 walk
1285 1573 46 42 in
1362 1574 80 42 the
1474 1572 276 50 mountains,

528 1641 140 42 What
699 1640 70 41 for
790 1640 15 41 ?
842 1638 141 42 Thrill
1013 1638 48 41 of
1091 1637 109 53 high
1229 1636 165 55 places,

529 1702 159 54 Ivights
720 1701 47 42 of
797 1705 170 44 sunset,
1000 1705 119 37 stars
1151 1704 49 36 at
1232 1698 130 42 dusk.

527 1764 74 42 All
631 1764 134 53 right,
799 1768 132 43 stars,
965 1761 128 43 smell
1122 1761 50 42 of
1200 1760 107 55 pine
1338 1759 192 49 needles,
1566 1763 175 45 nature,

527 1826 218 55 Spiritual
776 1830 209 49 raptures
1006 1825 6 41 !

529 1891 93 39 But
652 1888 132 42 when
814 1901 67 27 we
911 1891 76 49 get
1018 1886 128 42 there

527 1950 90 44 She
647 1950 37 42 is
715 1950 79 41 the
825 1949 163 54 golden
1019 1948 80 41 fox
1130 1946 131 54 again
1286 1961 7 27 :

527 2012 183 53 Laughs
741 2011 92 42 and
863 2010 134 43 shifts
1028 2010 80 41 her
1138 2022 118 38 eyes,
1291 2012 149 50 pants,
1475 2008 148 41 shows
1654 2006 141 49 teeth,

526 2074 116 45 Eats
672 2087 161 41 grapes
865 2072 118 43 from
1013 2086 79 37 my
1122 2071 125 41 hand
1265 2095 59 3 —
1353 2083 140 37 many
1523 2068 142 42 kisses
1687 2082 9 36 ;

529 2139 129 39 Runs
688 2136 107 41 here
826 2135 92 42 and
948 2134 129 41 there
1098 2147 7 28 :
1140 2132 124 42 anise
1294 2130 277 43 theatricals.

528 2199 84 48 Oh,
647 2196 129 43 Aunt
806 2196 217 52 Visyana,
1058 2210 128 26 come
1218 2194 92 42 and
1341 2208 85 28 see.

529 2260 136 42 Come
696 2259 93 43 and
818 2259 110 41 hear
958 2258 80 42 the
1068 2257 142 42 bitter
1239 2255 184 56 prattle,

527 2321 153 45 Snarls
711 2321 47 42 of
789 2321 79 42 the
892 2320 172 57 golden
1095 2319 79 42 fox
1196 2319 7 41 !

527 2384 143 43 Other
701 2384 148 41 lovers
870 2384 7 41 !
912 2382 153 42 favors
1086 2382 16 41 ?
1138 2383 131 40 None
1299 2380 48 42 of
1378 2393 115 38 your
1523 2378 206 42 business
1751 2378 6 41 !

526 2446 222 52 Anyway,
782 2445 183 42 wishers
996 2449 49 37 to
1076 2445 58 41 be
1164 2442 247 50 husbands,
1446 2446 80 37 not
1558 2440 96 55 just
1684 2440 203 48 hunters,

527 2508 224 55 Trappers
781 2507 90 42 like
901 2520 105 39 you,
1040 2519 94 39 you
1164 2505 132 42 beast
1317 2506 7 40 !

527 2570 137 43 Come
694 2570 63 41 let
789 2584 72 26 me
891 2568 154 42 stroke
1076 2568 80 42 the
1187 2580 107 28 corn
1326 2565 138 43 tassel
1496 2565 99 41 hair
1626 2565 48 41 of
1703 2578 106 38 you,

531 2635 111 39 Part
672 2631 37 43 it
740 2632 119 41 from
889 2631 80 42 the
1000 2629 274 52 strawberry
1304 2628 100 41 hair
1435 2627 47 42 of
1511 2641 105 38 you,

529 2698 22 39 I
583 2695 102 42 love
714 2707 106 40 you,
854 2706 94 39 you
978 2692 135 41 know
1134 2693 6 40 !
1176 2690 95 43 Call
1301 2690 120 42 back
1452 2704 79 37 my
1561 2688 194 42 hounds.

529 2756 191 44 Craftier
750 2756 126 42 work
896 2770 9 36 ;
938 2768 160 42 grapes
1129 2754 125 53 hung
1285 2766 60 28 on
1376 2752 179 53 hedges,

525 2820 89 42 Fat
644 2819 187 55 pigeons
862 2817 93 42 laid
984 2831 61 28 on
1075 2816 94 55 pits
1190 2830 8 37 ;

529 2881 120 43 That
680 2881 37 43 is
741 2885 24 40 I
803 2894 122 40 grow
955 2880 95 49 sad,
1086 2878 81 43 ask
1197 2877 276 54 forgiveness
1505 2876 69 41 for
1604 2874 83 51 sin,
