2723 4120
2086 3147 20 33 3

475 922 129 45 THE
632 921 148 46 NEW
806 918 374 46 CONDITIONS
1211 918 78 45 OF
1315 917 323 50 LITERARY
1669 917 392 47 PHENOMENA

470 1081 83 37 The
571 1081 84 37 fact
672 1080 92 37 that
781 1080 70 36 the
868 1079 124 37 world
1009 1079 72 38 has
1098 1078 180 47 changed
1295 1091 76 24 can
1387 1078 96 45 only
1499 1078 103 37 have
1615 1091 22 24 a
1653 1077 237 38 theoretical
1906 1078 262 47 importance,

370 1143 156 38 furnish
552 1142 184 37 material
762 1142 61 37 for
850 1141 253 49 hypotheses,
1133 1153 43 25 or
1202 1153 93 36 pass
1321 1140 229 44 unnoticed,
1580 1153 23 24 a
1630 1139 140 49 simple
1796 1139 250 49 probability
2070 1152 101 33 very

367 1205 121 46 likely
507 1209 102 33 true.
666 1207 39 33 It
726 1204 34 36 is
780 1216 73 25 our
874 1203 231 47 knowledge
1125 1203 41 37 of
1185 1203 70 36 the
1272 1203 124 37 world
1415 1203 94 36 that
1526 1202 73 37 has
1615 1202 191 46 changed.
1860 1201 84 37 The
1962 1213 89 26 sum
2066 1202 105 37 total

367 1268 42 37 of
441 1279 139 31 errors,
615 1266 42 37 of
689 1266 357 48 approximations,
1081 1265 40 37 of
1155 1265 201 43 arbitrary
1388 1276 44 25 or
1465 1264 290 48 experimental
1787 1263 183 49 opinions
1999 1285 49 4 —•
2072 1263 99 37 with

367 1329 131 37 which
517 1328 176 47 thought
713 1339 156 27 weaves
891 1341 23 24 a
935 1332 71 32 net
1025 1332 45 32 to
1093 1331 86 32 cast
1201 1338 95 26 over
1317 1325 157 47 objects
1494 1325 133 37 whose
1648 1325 155 37 meshes
1823 1325 99 37 then
1942 1325 127 37 break
2090 1325 80 37 and

367 1396 109 32 must
503 1391 50 36 be
580 1390 113 37 laced
717 1402 55 36 up
790 1390 118 47 again
924 1411 50 5 —
988 1390 94 36 that
1100 1389 171 46 changes
1288 1387 292 47 astonishingly
1596 1387 42 37 in
1653 1388 71 36 the
1741 1399 138 25 course
1897 1388 41 37 of
1954 1391 71 32 ten
2041 1399 127 34 years.

369 1455 40 34 It
430 1453 33 37 is
482 1457 92 32 true
595 1452 225 47 something
840 1452 172 37 remains
1032 1452 41 36 of
1092 1451 70 36 the
1183 1451 66 37 old
1270 1454 202 44 concepts,
1494 1450 75 36 but
1589 1450 116 37 those
1724 1449 94 37 that
1837 1461 103 25 were
1959 1453 70 34 too
2051 1449 121 37 much

366 1520 43 32 at
440 1514 186 39 variance
656 1514 98 36 with
781 1514 71 37 the
882 1527 86 24 new
997 1513 228 37 conditions
1254 1513 41 37 of
1324 1513 68 36 life
1422 1512 102 37 have
1554 1512 101 38 been
1686 1512 296 47 expeditiously
2003 1512 164 43 effaced,

365 1590 44 24 or
428 1581 42 33 at
489 1577 101 37 least
609 1576 240 45 sufficiently
866 1576 270 37 transformed
1153 1587 43 26 so
1216 1587 44 25 as
1277 1587 52 25 no
1348 1586 109 25 more
1474 1578 44 33 to
1538 1586 148 35 oppose
1704 1578 141 34 events
1862 1574 76 36 but
1966 1578 44 33 to
2039 1573 133 37 follow

364 1639 124 37 them.
543 1639 241 43 Literature,
805 1639 93 37 that
937 1638 223 37 automatic
1197 1638 164 46 register
1388 1637 42 36 of
1467 1636 153 37 human
1646 1635 235 47 sensibility,
1911 1635 33 38 is
1982 1649 51 24 no
2063 1647 108 25 more

365 1701 130 37 stable
513 1712 7 25 :
544 1715 23 23 a
586 1701 289 44 weathercock,
899 1701 176 46 showing
1094 1701 71 36 the
1186 1700 137 38 actual
1342 1698 107 38 wind
1469 1699 106 36 from
1592 1698 70 37 the
1684 1698 106 45 lofty
1819 1700 196 47 plateaux
2044 1698 42 37 of
2112 1697 40 37 in-

364 1763 219 47 telligence,
613 1763 75 37 but
715 1763 147 37 unable
887 1767 47 32 to
961 1763 127 36 direct
1115 1763 33 36 it
1176 1775 53 25 on
1255 1762 71 37 the
1354 1761 81 36 dial
1463 1760 41 38 of
1530 1760 71 37 the
1628 1773 195 36 compass.

466 1828 41 35 W
508 1828 8 12 r
517 1825 72 37 hat
616 1837 66 26 are
707 1825 70 36 the
802 1838 87 23 new
914 1825 227 37 conditions
1166 1825 42 37 of
1233 1823 231 47 knowledge
1490 1823 80 37 and
1595 1823 67 37 life
1680 1823 14 37 ?

1228 1967 19 32 I

465 2071 84 37 The
569 2072 120 47 speed
710 2072 170 36 realized
900 2072 55 45 by
975 2084 95 24 man
1091 2072 73 37 has
1183 2072 119 47 given
1322 2086 23 22 a
1366 2084 85 24 new
1472 2072 209 37 character
1700 2076 45 33 to
1768 2072 182 37 civilized
1971 2072 78 43 life,
2083 2084 66 36 spa-

362 2133 75 38 tial
456 2134 120 47 speed
596 2134 86 37 first
702 2134 42 37 of
764 2134 64 37 all.
861 2134 121 37 Cities
1002 2146 66 25 are
1087 2134 138 37 bonnd
1243 2138 45 33 to
1309 2134 98 36 each
1426 2134 115 37 other
1561 2134 55 46 by
1632 2134 70 37 the
1716 2134 264 37 close-woven
1991 2135 182 37 network

362 2197 42 36 of
431 2195 71 37 the
529 2196 94 37 rails
689 2195 211 39 Countries
928 2208 102 26 even
1051 2208 109 25 more
1181 2196 102 37 than
1302 2196 125 37 cities.
1482 2196 277 38 Automobiles
1776 2195 73 38 roll
1867 2197 128 45 along.
2051 2196 96 38 Aero-

362 2258 150 48 planes,
548 2258 42 37 in
623 2272 23 23 a
669 2258 78 37 line
780 2258 130 37 which
931 2258 33 37 is
997 2258 82 37 still
1101 2270 109 25 more
1244 2258 139 43 direct,
1418 2258 90 48 leap
1540 2272 97 24 over
1671 2258 210 37 distances.
1937 2258 236 38 Continents

364 2320 129 48 again,
521 2333 100 24 even
644 2324 45 33 to
726 2334 23 23 a
784 2324 157 43 greater
967 2320 139 47 degree
1130 2321 102 36 than
1256 2320 214 44 countries,
1498 2322 148 36 extend
1672 2321 146 37 mobile
1841 2321 158 47 bridges
2023 2325 44 33 to
2098 2333 75 25 one

364 2382 184 38 another.

465 2444 136 45 Every
621 2448 72 33 ten
714 2456 116 33 years
852 2444 70 37 the
945 2444 223 44 kilometre,
1189 2444 78 37 like
1285 2458 23 24 a
1333 2444 256 49 depreciated
1611 2445 219 43 banknote,
1854 2444 102 38 loses
1979 2445 42 36 in
2043 2446 129 37 value.

362 2506 84 37 The
467 2507 110 36 word
642 2507 61 36 far
769 2507 72 36 has
863 2510 73 33 not
958 2507 71 36 the
1051 2519 110 24 same
1183 2507 187 47 meaning
1390 2507 130 45 today
1542 2519 43 26 as
1606 2507 229 46 yesterday,
1881 2519 73 26 nor
1977 2519 43 25 as
2041 2508 34 36 it
2097 2509 79 36 will

361 2569 103 37 have
491 2573 246 33 to-morrow.
794 2570 137 36 Waste
959 2569 116 37 lands
1103 2569 165 37 become
1296 2569 211 48 populous,
1549 2570 126 47 cheap
1714 2573 129 33 tracts
1884 2569 211 49 quintuple
2133 2570 42 37 in

359 2631 109 48 price
490 2631 171 37 because
684 2644 22 23 a
728 2634 211 42 tramway,
965 2632 79 36 and
1066 2631 93 37 that
1183 2631 89 36 feed
1293 2631 94 37 wire
1410 2632 106 35 from
1537 2632 130 36 which
1689 2632 33 37 it
1744 2631 100 37 licks
1867 2644 54 36 up
1944 2633 71 36 the
2037 2645 72 35 sap
2133 2633 42 36 of

362 2705 183 36 amperes
574 2693 80 37 and
682 2694 120 42 volts,
832 2706 91 23 now
950 2705 135 36 passes
1114 2693 177 46 through
1320 2707 23 23 a
1372 2693 165 38 suburb.
1592 2696 73 35 We
1691 2693 133 38 travel
1853 2693 109 48 eight
1991 2695 185 37 hundred

360 2756 230 36 kilometres
618 2759 44 33 to
692 2755 133 37 divert
854 2756 214 44 ourselves,
1097 2756 113 36 three
1238 2756 204 37 thousand
1470 2759 44 33 to
1535 2756 71 37 sell
1634 2770 23 23 a
1677 2755 117 39 stock
1816 2756 42 36 of
1878 2756 97 38 furs.
2030 2758 35 36 A
2089 2769 87 25 new

359 2829 90 26 race
470 2818 41 37 of
531 2830 92 24 men
642 2818 33 37 is
694 2818 105 37 born
819 2818 128 37 under
966 2818 72 36 the
1058 2818 139 47 glazed
1216 2818 319 47 waiting-rooms
1554 2818 42 37 of
1616 2818 70 37 the
1706 2818 175 38 railroad
1902 2819 173 38 stations
2096 2819 80 37 and

361 2892 53 24 on
430 2879 70 37 the
517 2880 122 37 decks
655 2880 41 37 of
713 2893 125 24 ocean
854 2879 120 38 liners
1001 2902 51 3 —
1065 2880 69 37 the
1154 2880 281 48 Cosmopolite.
1486 2883 21 34 I
1524 2885 73 32 not
1625 2893 73 33 say
1726 2881 50 37 do
1807 2881 366 38 Internationalist.

360 2941 84 37 The
469 2942 279 48 Cosmopolite,
775 2942 364 47 notwithstanding
1162 2943 70 36 the
1256 2955 117 25 scorn
1396 2943 100 37 with
1519 2943 131 37 which
1673 2955 110 25 some
1816 2955 232 35 pronounce
2079 2944 94 37 that

359 3004 123 44 word,
510 3017 75 24 can
609 3004 49 37 be
685 3017 42 24 as
752 3005 104 46 good
880 3018 23 24 a
927 3004 155 48 patriot
1108 3005 80 37 and
1215 3017 43 26 as
1281 3005 82 38 bad
1392 3019 23 24 a
1441 3005 236 38 Chauvinist
1702 3018 44 25 as
1771 3007 170 37 another
1966 3020 95 24 man
2084 3006 88 38 who
