2723 4120
2062 3164 43 34 55

1211 966 141 46 FISH

787 1150 48 40 It
865 1149 37 42 is
933 1150 78 42 the
1041 1152 167 44 whales
1238 1154 104 42 that
1374 1156 127 43 drive

783 1211 80 42 the
893 1213 130 40 small
1054 1213 86 42 fish
1169 1215 100 43 into
1298 1218 82 40 the
1410 1218 149 44 fiords.
1587 1232 5 5 *

783 1274 23 39 I
837 1273 118 43 have
985 1289 104 28 seen
1122 1276 123 53 forty
1276 1292 50 27 or
1356 1279 106 52 fifty

784 1335 47 40 of
860 1335 128 42 them
1018 1336 47 42 in
1095 1338 80 42 the
1204 1345 141 37 water
1377 1347 48 36 at
1456 1357 86 27 one
1572 1344 125 43 time.

785 1399 23 38 I
839 1397 118 42 have
987 1398 115 43 been
1133 1400 44 41 in
1211 1415 26 27 a
1268 1401 118 43 little
1416 1404 124 44 boat.

782 1459 132 41 when
945 1460 79 42 the
1054 1467 141 36 water
1223 1477 94 28 was
1347 1465 171 55 boiling

784 1535 60 26 on
876 1521 59 41 all
965 1522 117 42 sides
1114 1524 47 41 of
1191 1538 53 28 us

783 1582 120 42 from
933 1584 128 42 them
1090 1585 255 56 swimming
1374 1590 298 44 underneath.

781 1704 94 43 The
905 1707 125 42 noise
1061 1709 48 41 of
1138 1710 79 41 the
1248 1711 179 55 herring

780 1781 85 27 can
896 1768 56 42 be
983 1770 141 42 heard
1155 1773 157 52 nearly
1343 1789 26 26 a
1401 1775 118 43 mile.

780 1828 59 44 So
870 1829 128 43 thick
1028 1831 47 41 in
1106 1833 79 41 the
1215 1839 155 46 water,
1404 1837 113 52 they
1549 1853 85 36 are,

779 1905 93 37 you
903 1893 123 42 can't
1058 1893 76 56 dip
1166 1896 79 41 the
1276 1911 100 27 oars
1407 1898 59 43 in.

780 1952 73 42 All
882 1953 135 43 silver
1039 1956 6 41 !

778 2078 104 40 Men
913 2078 86 41 call
1030 2078 117 43 from
1177 2081 79 42 the
1287 2082 114 43 cliffs

779 2152 50 27 or
859 2139 118 43 blow
1008 2141 137 43 horns

776 2201 106 41 that
913 2202 80 42 the
1023 2203 240 43 fishermen

781 2263 114 41 shall
925 2278 57 39 go
1014 2265 132 42 down
1177 2272 49 37 to
1258 2269 79 41 the
1367 2270 131 42 shore

778 2329 49 37 to
858 2325 120 42 their
1008 2327 134 43 boats
1174 2330 90 41 and
1295 2336 101 37 nets

777 2391 49 36 to
858 2388 134 41 make
1023 2390 80 41 the
1134 2392 145 42 catch.

768 2508 105 43 And
895 2510 59 42 all
980 2513 130 41 those
1139 2514 194 43 millions
1355 2516 48 41 of
1423 2517 85 42 fish

775 2576 124 37 must
926 2573 57 42 be
1011 2574 154 51 taken,
1197 2577 110 41 each
1335 2593 97 35 one,
1458 2579 65 54 by
1544 2580 136 43 hand.

773 2632 97 43 The
898 2649 177 28 women
1110 2638 93 42 and
1229 2638 201 43 children

772 2695 96 55 pull
894 2701 82 38 out
1005 2712 27 27 a
1061 2697 119 44 little
1200 2700 126 54 piece

776 2758 145 42 under
944 2760 79 41 the
1044 2761 158 43 throat
1227 2762 111 43 with
1371 2764 120 42 their
1512 2765 164 55 fingers

776 2833 50 29 so
856 2821 106 42 that
987 2822 82 42 the
1091 2823 131 43 brine
1251 2831 99 47 gets
1385 2826 158 44 inside.

775 2946 23 39 I
831 2944 118 43 have
980 2960 104 28 seen
1115 2948 253 43 thousands
1392 2951 47 42 of
1469 2952 167 43 barrels

778 3007 177 53 packed
985 3008 113 42 with
1128 3010 80 42 the
1239 3011 85 43 fish
1356 3027 58 27 on
1445 3014 79 41 the
1555 3015 145 43 shore.
