2723 4120
577 3254 46 43 84

513 714 132 48 Appia
665 726 127 24 seems
809 718 43 32 to
868 713 105 48 pack
983 712 63 38 his
1057 717 140 42 empty
1215 712 212 47 platforms
1446 711 100 37 with
1565 725 23 23 a
1608 709 181 38 hundred
1808 708 182 37 hundred
2009 707 134 47 angels
2159 727 48 5 —
2225 708 79 36 and

513 781 44 32 to
583 780 103 33 start
710 776 114 35 them
848 775 154 46 singing
1026 774 115 36 when
1165 774 49 35 he
1239 773 174 37 chooses.
1467 772 96 37 This
1588 772 34 37 is
1646 772 70 37 the
1739 782 133 37 power
1896 770 42 36 of
1963 768 269 48 Imagination
2256 790 51 5 —

513 850 82 34 you
615 837 101 37 both
736 849 157 35 possess
917 837 33 36 it
971 858 50 5 -—
1047 840 70 41 yet
1137 847 81 34 you
1239 835 144 37 choose
1402 839 44 33 to
1467 834 105 37 trifle
1594 855 51 5 —
1662 845 82 34 you
1764 832 89 36 who
1874 831 103 37 have
1998 844 51 24 no
2076 831 101 36 need
2196 835 57 32 to.

616 901 111 35 Your
751 903 113 42 great
888 910 133 36 power
1050 897 81 48 (the
1155 908 132 36 power
1312 900 73 33 not
1408 907 123 34 yours
1553 896 76 37 but
1653 894 130 37 which
1807 893 126 46 yields
1957 896 43 33 to
2025 893 94 47 you)
2148 892 159 37 enables

513 973 82 34 you
618 965 43 32 to
686 973 116 24 move
828 971 102 34 your
956 959 109 37 hand
1089 959 93 43 and,
1207 971 58 23 we
1289 970 106 25 seem
1416 962 44 33 to
1484 969 64 26 see
1571 957 99 37 lilies
1693 968 43 26 or
1759 967 108 25 roses
1890 966 43 25 or
1957 955 89 36 lilac
2069 954 173 47 growing
2258 975 51 5 —

557 1022 116 37 when
701 1022 89 37 lilac
820 1022 86 36 first
933 1021 41 36 in
999 1021 70 36 the
1099 1021 188 44 doorway
1305 1049 35 8 ..
1361 1049 7 7 .
1465 1021 92 35 You
1583 1023 98 32 turn
1707 1017 177 38 towards
1910 1016 72 37 the
2011 1016 106 47 right
2145 1016 79 37 and
2252 1015 57 45 by

513 1084 70 37 the
614 1085 106 36 force
751 1084 41 36 of
820 1095 102 34 your
951 1082 263 47 imagination
1246 1094 81 33 you
1349 1081 159 48 project
1532 1081 60 37 for
1608 1093 48 24 us
1684 1094 22 23 a
1719 1092 125 35 group
1874 1079 41 37 of
1941 1077 113 37 three
2081 1077 89 37 who
2201 1089 108 25 seem

514 1150 43 33 to
582 1147 178 36 advance
781 1145 177 37 towards
979 1157 82 33 you
1079 1155 7 25 :
1110 1156 82 34 you
1213 1148 97 32 turn
1331 1143 105 37 from
1458 1155 47 25 us
1531 1157 23 23 a
1580 1142 104 38 little
1707 1142 81 37 and
1808 1142 69 36 the
1901 1140 100 37 dark
2026 1150 132 26 comes
2180 1150 52 26 on
2258 1160 51 4 —

514 1220 81 33 you
616 1212 97 32 turn
739 1221 23 23 a
785 1206 105 37 little
913 1218 121 31 more,
1061 1206 168 45 evening
1247 1217 7 32 ;
1281 1219 22 23 a
1326 1205 104 37 little
1453 1216 108 26 more
1585 1204 80 38 and
1686 1204 33 37 it
1742 1203 33 37 is
1801 1202 125 47 night.

617 1271 39 34 It
681 1269 33 36 is
738 1269 70 36 the
832 1280 134 35 power
990 1269 40 35 of
1056 1267 281 47 Imagination,
1363 1271 71 32 not
1458 1278 101 33 your
1583 1277 145 37 power,
1755 1265 80 37 and
1858 1275 81 35 you
1962 1274 154 36 possess
2132 1274 109 25 some
2267 1262 41 36 of

514 1331 33 36 it
571 1352 52 3 —
645 1330 158 46 enough
825 1335 43 32 to
894 1329 191 37 convince
1110 1343 22 23 a
1156 1328 126 36 world
1306 1328 80 36 and
1409 1328 117 36 baffle
1551 1341 23 23 a
1598 1327 152 37 nation.
1806 1329 19 34 I
1849 1326 102 37 have
1975 1336 92 25 seen
2089 1336 81 33 you
2193 1323 115 46 bring

514 1392 111 47 palm
651 1397 44 32 to
724 1392 111 47 palm
864 1391 161 45 silently
1054 1390 79 37 and
1159 1390 123 37 heard
1304 1390 69 35 the
1402 1389 181 45 cymbals
1611 1411 51 4 —
1689 1389 180 45 cymbals
1894 1387 129 37 which
2051 1398 97 34 sang
2173 1385 136 38 rather

513 1454 102 37 than
639 1454 171 36 clashed.
866 1456 20 33 I
912 1453 104 37 have
1040 1465 91 24 seen
1154 1463 100 33 your
1279 1451 206 37 shoulders
1508 1463 117 25 move
1648 1450 176 47 bending
1849 1450 79 37 and
1951 1448 123 37 heard
2096 1448 70 36 the
2187 1448 96 36 thun-

516 1516 90 36 ders
632 1516 41 36 of
699 1528 49 24 an
776 1515 66 37 old
869 1519 112 40 story
1006 1514 141 46 rolling
1171 1526 54 35 up
1254 1513 154 36 around
1432 1525 93 32 you.
1552 1514 92 35 You
1669 1512 103 37 have
1798 1512 81 37 lain
1903 1522 101 34 your
2029 1510 109 37 hand
2163 1521 53 25 on
2239 1509 70 36 the

515 1578 117 35 earth
658 1576 230 45 obediently
914 1576 170 46 obeying
1110 1575 71 36 the
1208 1575 67 36 old
1302 1574 112 43 Fate,
1446 1575 79 36 and
1552 1576 20 34 I
1599 1574 104 37 have
1731 1586 91 24 seen
1843 1573 70 36 the
1941 1571 117 38 earth
2084 1584 103 35 open
2220 1582 42 25 as
2286 1583 23 23 a

514 1639 111 35 smile
652 1638 163 48 spreads
842 1638 80 36 and
950 1637 150 38 drench
1126 1649 81 33 you
1233 1637 42 35 in
1303 1650 22 23 a
1352 1636 143 45 yellow
1521 1636 113 46 light.
1689 1637 91 35 You
1806 1647 102 24 were
1935 1645 109 25 more
2070 1634 102 36 than
2197 1632 112 37 three

514 1700 182 36 hundred
721 1711 116 34 years
861 1700 67 36 old
953 1711 45 25 as
1020 1711 81 33 you
1125 1699 98 36 bent
1246 1702 45 33 to
1317 1698 104 45 obey
1446 1698 80 37 and
1552 1709 80 33 you
1656 1709 87 25 rose
1768 1709 55 35 up
1849 1710 23 23 a
1895 1709 17 33 3
1912 1709 10 17 r
1924 1707 105 34 oung
2056 1707 169 24 woman.

616 1764 90 34 You
728 1762 88 36 who
841 1762 114 36 alone
982 1761 102 37 have
1107 1761 69 36 the
1199 1764 128 32 secret
1350 1760 42 36 of
1413 1759 82 37 this
1519 1759 128 46 magic
1669 1758 79 36 will
1774 1770 120 25 never
1926 1757 133 37 tinker
2104 1756 99 37 with
2239 1756 70 36 the

513 1827 216 44 twopenny
760 1823 124 37 tricks
917 1823 41 36 of
983 1822 71 37 the
1086 1822 127 37 trade.

1344 1994 79 35 VII

614 2135 21 35 I
661 2134 115 36 write
804 2137 42 33 at
876 2133 167 37 another
1071 2131 182 38 Theatre.

614 2197 103 35 How
743 2195 242 46 enchanting
1011 2207 66 24 are
1093 2194 70 37 the
1180 2194 158 37 electric
1364 2192 192 37 batteries
1573 2192 41 37 of
1630 2192 70 36 the
1716 2191 167 37 Modern
1908 2190 183 42 Theatre,
2110 2189 54 37 its
2181 2189 125 43 wires,

512 2257 54 37 its
602 2257 129 43 bulbs,
775 2257 55 36 its
871 2256 183 37 switches
1098 2257 80 36 and
1220 2256 52 36 its
1315 2255 263 36 resistances!
1646 2255 103 35 How
1788 2251 240 47 enchanting
2055 2251 69 36 the
2152 2251 158 36 mirrors

512 2320 41 36 of
572 2319 70 36 the
670 2319 181 36 ancients
870 2340 52 4 —
941 2319 80 37 and
1060 2318 71 36 the
1171 2318 202 36 reflectors
1401 2317 42 35 of
1477 2316 145 44 to-day
1641 2345 5 7 .
1668 2345 7 7 .
1696 2345 7 6 .
1738 2315 90 36 how
1861 2314 187 36 delicious
2076 2313 32 36 is
2140 2312 52 37 all
2229 2312 81 37 this

512 2380 245 37 mechanism
790 2381 80 36 and
903 2381 52 36 all
983 2380 52 37 its
1069 2380 184 37 artificial
1283 2378 205 48 products.

613 2445 92 34 You
722 2443 89 36 who
830 2442 96 37 read
943 2442 89 47 give
1051 2454 63 24 me
1131 2453 68 36 up,
1255 2443 20 34 I
1294 2452 183 35 suppose.
1533 2441 91 34 You
1651 2438 124 36 heard
1794 2450 62 24 me
1875 2438 94 45 only
1997 2441 80 32 two
2112 2439 198 33 moments

512 2517 74 34 ago
612 2504 144 46 calling
782 2504 99 38 such
904 2504 138 45 things
1064 2508 220 43 twopenny
1308 2502 138 36 tricks.

614 2565 188 46 Exactly,
836 2566 94 36 dear
961 2565 141 43 friend,
1136 2564 172 44 exactly.

614 2627 79 37 For
720 2627 70 37 her
817 2639 121 25 —or
966 2627 61 37 for
1055 2626 85 36 him
1166 2631 49 31 tw
1216 2639 6 8 T
1223 2638 160 35 openny
1402 2636 7 32 ;
1454 2624 80 37 and
1560 2628 208 43 twopence
1795 2623 34 36 is
1855 2627 68 32 too
1952 2622 131 37 much.
2139 2623 82 34 But
2250 2621 59 36 for

512 2689 70 37 the
613 2689 147 43 others,
795 2690 78 36 and
905 2688 198 45 certainly
1133 2688 61 37 for
1220 2700 74 30 me,
1330 2686 111 47 quite
1472 2686 269 45 satisfactory.

614 2752 62 35 Do
699 2763 81 33 you
803 2763 171 36 suppose
1000 2752 20 34 I
1043 2763 76 24 can
1141 2762 64 25 see
1230 2749 79 37 and
1333 2749 150 37 admire
1505 2752 81 32 two
1612 2747 79 37 and
1714 2747 95 37 take
1832 2746 114 36 them
1967 2750 44 32 to
2034 2746 50 36 be
2107 2758 75 24 one
2201 2745 14 36 ?
2272 2744 37 36 If

512 2813 262 47 imagination
800 2813 107 37 itself
931 2813 106 46 sings
1061 2812 104 37 from
1187 2812 70 36 the
1281 2811 117 46 being
1421 2823 59 23 we
1503 2810 77 36 call
1602 2812 155 34 Mozart
1783 2831 50 3 —
1855 2807 225 46 something
2104 2807 77 36 else
2204 2806 106 47 sings

513 2876 103 36 from
643 2875 84 36 him
753 2888 58 23 we
838 2874 76 38 call
941 2874 114 37 Balfe
1075 2904 91 7 ....

615 2937 117 36 Place
752 2937 60 36 for
826 2937 114 36 Balfe
950 2958 51 3 —
1010 2937 113 47 place
1143 2936 61 36 for
1222 2937 140 41 Iyecoc,
1382 2934 143 48 plenty
1544 2933 41 37 of
1604 2945 111 25 room
1736 2933 61 36 for
1816 2932 103 36 both
1938 2931 80 37 and
2037 2931 61 36 for
2116 2930 135 36 Bizet.
2272 2960 7 6 .
2301 2960 7 7 .

512 2998 114 37 three
653 2998 187 36 different
865 2999 146 47 places,
1038 2998 113 36 three
1178 3001 184 44 separate
1388 2996 140 47 planes
1545 3026 7 6 .
1574 3025 6 7 .
1602 3026 6 6 .
1634 2994 190 37 Mozart's
1850 2994 113 47 place
1981 2993 33 37 is
2027 2993 96 47 kept
2151 2993 60 36 for
2229 2992 82 36 him

513 3065 44 32 at
581 3060 305 46 Imagination's
908 3059 106 47 right
1037 3059 120 36 hand.
1212 3059 77 38 She
1314 3058 143 37 herself
1495 3057 122 48 keeps
1653 3057 33 36 it
1724 3057 61 36 for
1823 3055 95 37 him.
1976 3054 106 38 Then
2105 3066 50 24 me
2201 3055 110 35 needs

515 3125 100 33 must
639 3122 81 45 find
746 3123 126 47 places
899 3121 58 47 for
983 3121 56 37 the
1066 3124 84 33 rest.
