2723 4120
2085 3119 42 42 63

394 567 231 47 twittering.
681 569 48 35 In
749 567 69 37 the
835 567 163 37 shadow
1014 567 127 37 below
1156 567 69 37 the
1248 566 207 38 blackbird
1483 567 174 38 whistles
1686 579 97 26 once
1811 579 119 25 more.
1986 571 101 33 Now
2113 569 81 37 and

394 630 97 37 then
509 641 74 25 one
604 641 124 25 seems
747 634 43 32 to
812 630 95 36 hear
925 630 69 36 the
1027 630 113 36 voice
1171 630 93 36 that
1297 630 32 36 is
1363 629 170 37 silenced
1566 630 61 36 for
1660 643 102 24 ever.

539 693 103 34 How
661 692 182 46 pleasant
862 696 45 33 to
926 691 50 37 be
995 692 92 37 here
1106 693 6 35 !
1169 692 75 36 It's
1263 691 78 37 like
1360 691 141 48 sitting
1519 691 134 37 beside
1674 705 23 24 a
1717 693 145 47 spring,
1884 692 164 47 reading
2067 692 127 37 under

394 766 24 24 a
444 758 96 39 tree,
568 753 78 37 like
672 753 144 47 letting
842 754 69 36 the
938 759 150 31 stream
1113 754 41 36 of
1181 766 23 23 a
1230 754 99 45 lyric
1366 753 103 37 river
1506 766 114 33 carry
1646 766 74 24 one
1747 766 125 33 away.
1894 785 7 6 .
1923 785 6 7 .
1999 754 91 37 And
2117 766 75 24 one

394 816 95 37 feels
507 816 79 37 like
605 827 121 25 never
745 815 163 47 moving
927 827 6 24 :
955 816 77 37 like
1063 815 188 47 plucking
1279 820 44 32 to
1354 814 170 46 infinity,
1559 827 43 25 as
1632 827 75 24 one
1737 816 127 46 might
1893 820 88 33 tear
2011 828 105 25 roses
2147 821 45 32 to

392 877 141 47 pieces,
555 877 113 37 these
688 877 121 37 white
829 877 73 37 full
923 877 120 37 hours
1061 889 8 32 ;
1091 877 80 37 like
1192 877 171 47 clinging
1383 877 155 37 forever
1557 881 44 33 to
1632 877 82 37 this
1745 878 104 36 clear
1878 878 161 37 teacher
2060 879 41 35 in
2123 878 70 36 the

393 940 151 36 eternal
567 938 172 48 twilight
762 940 41 35 of
826 939 81 37 this
929 940 79 36 last
1031 940 130 36 lesson
1185 940 40 36 of
1249 939 195 46 austerity
1468 940 80 36 and
1571 940 163 45 beauty.

535 1124 217 47 Municipal
772 1124 206 46 Cemetery
1046 1124 33 37 it
1097 1137 92 33 says
1208 1136 52 25 on
1278 1125 69 36 the
1366 1129 91 42 gate
1476 1137 43 25 so
1538 1126 91 36 that
1664 1137 74 25 one
1768 1138 94 33 may
1890 1126 116 35 know
2034 1126 40 36 of
2100 1126 93 36 that

392 1187 116 36 other
534 1186 98 47 sign,
664 1185 178 38 Catholic
871 1186 208 46 Cemetery
1109 1187 194 47 opposite.

538 1250 64 34 He
623 1248 132 37 didn't
776 1253 108 32 want
905 1252 44 33 to
971 1249 50 36 be
1042 1249 139 37 buried
1203 1249 41 38 in
1265 1249 92 37 that
1379 1253 211 41 cemetery,
1611 1261 46 25 so
1679 1249 176 47 opposed
1876 1253 44 33 to
1941 1249 70 37 the
2036 1249 156 48 smiling

392 1321 191 26 savorous
609 1314 144 43 poetry
779 1311 41 36 of
846 1310 61 37 his
935 1311 124 46 spirit.
1117 1313 81 35 But
1225 1311 32 36 it
1284 1310 80 37 had
1391 1315 43 32 to
1462 1311 61 36 be.
1579 1312 105 35 He'll
1711 1311 81 37 still
1825 1312 95 36 hear
1957 1312 69 35 the
2058 1311 113 37 black-

391 1371 109 38 birds
526 1372 41 36 of
590 1373 70 36 the
684 1372 172 37 familiar
880 1373 161 47 garden.
1101 1395 40 4 —
1196 1374 116 35 After
1336 1373 63 43 all,
1427 1385 92 33 says
1545 1373 143 43 Cossio,
1716 1376 20 34 I
1762 1373 100 40 dont
1885 1373 120 36 think
2028 1373 93 37 he'll
2144 1374 50 36 be

391 1446 112 33 sorry
524 1439 44 31 to
590 1434 123 47 spend
738 1446 23 24 a
783 1434 104 37 little
908 1435 115 37 while
1045 1435 98 37 with
1164 1437 92 34 Don
1279 1435 135 45 Julian
1433 1465 6 6 .
1462 1465 6 7 .
1490 1465 6 7 .

537 1495 155 38 Careful
716 1496 129 38 hands
869 1497 104 36 have
996 1498 124 36 taken
1144 1498 70 35 the
1239 1496 212 47 dampness
1476 1501 72 32 out
1573 1498 41 35 of
1648 1498 69 36 the
1753 1498 114 37 earth
1904 1496 97 38 with
2025 1498 140 45 thyme
2184 1509 7 26 :

390 1570 52 26 on
468 1559 70 36 the
564 1559 117 36 coffin
707 1559 99 45 they
830 1559 103 36 have
955 1561 157 34 thrown
1135 1571 118 31 roses,
1277 1559 207 44 narcissus,
1504 1559 154 37 violets.
1713 1559 126 36 There
1862 1571 142 32 comes,
2029 1559 89 44 lost,
2142 1571 52 25 an

390 1632 137 25 aroma
551 1620 42 36 of
616 1622 78 36 last
718 1620 180 48 evening,
925 1634 23 23 a
971 1622 61 36 bit
1056 1622 42 36 of
1120 1622 70 36 the
1214 1620 192 38 bedroom
1429 1622 104 35 from
1568 1622 129 36 which
1731 1622 100 45 they
1863 1622 99 36 took
1995 1633 43 25 so
2074 1622 120 36 much

390 1695 115 33 away
524 1712 6 7 .
551 1713 6 6 .
580 1712 7 7 .

534 1744 162 39 Silence.
752 1745 120 37 Faint
913 1745 189 47 sunlight.
1159 1745 121 38 Great
1305 1746 98 46 piles
1427 1745 42 37 of
1494 1745 117 37 cloud
1636 1745 72 37 full
1733 1746 41 36 of
1814 1745 104 37 wind
1945 1745 98 47 drag
2059 1746 135 36 frozen

390 1806 182 37 shadows
589 1818 132 26 across
738 1819 58 32 us,
816 1807 79 37 and
912 1808 176 47 through
1104 1808 114 36 them
1234 1808 123 46 flying
1372 1808 87 43 low,
1474 1808 119 36 black
1608 1808 189 47 grackles.
1838 1809 50 35 In
1912 1808 70 36 the
2000 1807 190 45 distance,

390 1869 294 37 Guardarrama
712 1870 137 36 chaste
876 1869 160 46 beyond
1063 1869 119 37 belief
1207 1869 86 38 lifts
1322 1870 168 44 crystals
1517 1870 42 36 of
1585 1870 128 37 cubed
1751 1870 120 37 white
1907 1870 113 46 light.
2076 1869 116 39 Some

388 1930 91 46 tiny
505 1930 89 37 bird
621 1931 102 37 trills
750 1931 62 37 for
839 1944 24 24 a
890 1932 146 36 second
1059 1931 41 39 in
1122 1932 69 36 the
1213 1943 109 25 sown
1345 1932 112 36 fields
1481 1932 152 45 nearby
1655 1933 91 36 that
1761 1945 67 23 are
1843 1931 163 45 already
2021 1931 173 47 vaguely

387 1992 193 47 greenish,
606 1993 99 36 then
728 1993 121 47 lights
875 2005 51 24 on
951 1994 69 36 the
1046 2006 160 33 creamy
1229 1998 72 43 top
1326 1994 42 36 of
1392 2006 23 24 a
1440 1994 126 44 tomb,
1594 1994 97 36 then
1716 1994 83 37 flies
1825 2006 115 33 away
1958 2024 7 6 .
1987 2024 6 6 .
2015 2023 7 7 .

534 2055 167 36 Neither
728 2055 240 48 impatience
995 2067 74 25 nor
1096 2056 163 47 carping
1287 2057 185 36 slowness
1500 2057 80 36 and
1608 2057 280 46 forgetfulness
1907 2086 35 7 ..
1964 2086 6 6 .
2026 2055 164 38 Silence.

387 2118 50 34 In
459 2117 70 37 the
551 2117 155 44 silence,
730 2118 71 36 the
822 2117 113 38 voice
957 2119 41 35 of
1021 2130 23 24 a
1067 2117 105 37 child
1194 2118 172 46 walking
1388 2118 175 47 through
1594 2119 70 36 the
1697 2118 123 44 fields,
1855 2118 70 37 the
1955 2119 128 36 sound
2105 2117 43 37 of
2170 2130 23 24 a

388 2178 71 38 sob
479 2179 149 39 hidden
649 2191 145 36 among
813 2180 70 36 the
903 2180 263 44 tombstones,
1190 2180 68 37 the
1289 2180 119 43 wind,
1441 2180 69 37 the
1530 2181 125 36 broad
1689 2180 107 37 wind
1816 2181 41 36 of
1876 2180 112 37 these
2009 2180 125 45 days..
2156 2210 7 7 .
2184 2210 7 7 .

532 2242 86 36 I've
653 2253 92 25 seen
780 2241 266 46 occasionally
1090 2255 24 23 a
1147 2243 69 36 fire
1243 2246 75 43 put
1356 2246 71 32 out
1461 2243 98 37 with
1592 2243 126 36 earth.
1774 2242 281 37 Innumerable
2088 2241 104 37 little

388 2307 170 43 tongues
577 2304 161 47 spurted
761 2304 104 36 from
883 2317 121 33 every
1021 2304 96 37 side.
1172 2304 35 37 A
1227 2305 111 47 pupil
1357 2305 41 36 of
1416 2304 61 36 his
1496 2305 88 35 who
1603 2316 80 25 was
1704 2317 22 24 a
1745 2317 139 25 mason
1904 2304 116 36 made
2038 2304 62 36 for
2111 2303 81 37 this

388 2364 277 48 extinguished
685 2366 70 36 fire
773 2366 52 37 its
845 2367 138 46 palace
1002 2367 41 36 of
1063 2366 97 37 mud
1178 2366 42 37 in
1239 2379 24 24 a
1282 2366 108 47 piece
1410 2368 41 35 of
1470 2367 115 36 earth
1603 2371 81 32 two
1703 2366 148 38 friends
1874 2367 97 46 kept
2001 2367 92 36 free.
2130 2368 63 34 He

388 2427 72 37 has
482 2431 45 33 at
549 2428 70 36 the
642 2427 103 38 head
769 2441 23 23 a
816 2429 220 43 euonimus,
1055 2440 135 36 young
1213 2429 80 36 and
1317 2433 148 43 strong,
1486 2430 79 37 and
1589 2434 43 32 at
1656 2430 69 36 the
1749 2430 97 43 foot,
1867 2428 162 46 already
2052 2428 73 36 full
2152 2428 41 36 of

387 2493 160 44 sprouts
576 2489 98 37 with
704 2490 156 47 coming
890 2490 147 48 spring,
1070 2502 52 24 an
1152 2491 135 37 acacia

491 2676 146 37 Round
661 2676 49 38 El
734 2676 128 36 Pardo
885 2677 69 35 the
977 2688 227 35 ever-green
1227 2676 109 43 oaks,
1361 2676 172 44 encinas,
1559 2690 66 23 are
1648 2677 200 37 scattered
1871 2676 190 48 sparsely,
2085 2676 107 47 tight

388 2738 129 37 round
533 2738 123 37 heads
676 2739 41 35 of
734 2738 91 38 blue
842 2751 129 34 green,
992 2751 94 24 over
1103 2738 89 37 hills
1209 2738 91 37 that
1320 2738 41 37 in
1379 2751 175 24 summer
1570 2751 66 24 are
1653 2739 141 45 yellow
1808 2739 78 36 like
1902 2739 70 36 the
1989 2738 202 37 haunches

387 2800 41 36 of
449 2799 112 38 lions.
616 2801 120 36 From
757 2800 158 38 Madrid
935 2804 45 32 to
1002 2799 49 40 El
1074 2801 129 36 Pardo
1230 2813 80 25 was
1332 2813 75 25 one
1428 2801 42 36 of
1491 2803 91 35 Don
1604 2801 244 37 Francisco's
1866 2800 172 38 favorite
2055 2799 135 45 walks,

387 2866 72 33 out
486 2867 92 42 past
601 2863 69 37 the
694 2863 70 48 jail
799 2863 128 37 where
961 2876 95 24 over
1091 2863 68 37 the
1194 2867 92 43 gate
1319 2863 33 37 is
1387 2875 50 25 an
1473 2864 96 36 echo
1605 2864 41 35 of
1679 2864 62 36 his
1775 2864 186 47 teaching
1981 2874 6 25 :
2023 2877 15 20 «
2056 2862 137 37 Abhor

387 2924 70 37 the
481 2925 120 36 crime
624 2925 75 37 but
722 2925 91 47 pity
835 2926 70 36 the
929 2925 205 44 criminal;
1203 2930 91 42 past
1317 2926 70 36 the
1411 2926 138 47 palace
1573 2926 42 36 of
1638 2926 182 37 Moncloa
1844 2926 100 37 with
1966 2926 54 37 its
2045 2925 149 45 stately

388 2987 237 37 abandoned
643 2987 181 47 gardens,
844 2987 81 38 and
942 2992 71 32 out
1032 2988 116 46 along
1164 2988 69 36 the
1251 2989 259 36 Manzanares
1526 2988 56 46 by
1604 3001 24 23 a
1656 2988 96 37 road
1780 2989 177 46 through
1984 2989 69 35 the
2082 2989 114 44 royal
