2723 4120
573 3189 44 35 86

616 647 90 37 And
733 647 100 37 then
859 647 69 37 she
957 647 163 37 marries
1146 668 52 5 —
1223 646 185 38 Sandeau
1427 647 7 36 !
1456 647 7 37 !
1492 669 51 4 —
1569 647 79 37 and
1673 647 31 36 if
1731 658 92 26 ever
1847 646 114 37 there
1987 659 81 25 was
2096 661 23 23 a
2146 647 157 47 forgery

512 708 186 39 Sandeau
739 720 82 26 was
851 708 45 37 it.
951 708 185 39 Sandeau
1169 708 61 37 for
1263 708 153 48 Chopin
1435 709 35 36 !!
1492 709 6 36 !
1567 708 112 44 Well,
1704 707 171 47 Georges
1896 708 80 37 and
1997 709 71 36 the
2087 708 216 46 Syndicate

511 775 44 33 at
588 770 53 37 Co
643 774 99 33 vent
776 770 159 37 Garden
968 783 66 24 are
1066 782 42 25 so
1143 770 114 37 alike.
1313 772 188 35 Perverse
1536 771 79 36 and
1646 770 160 48 piqued.

612 835 40 33 It
678 844 94 33 may
797 832 50 36 be
873 844 106 24 mere
1004 832 120 47 pique
1149 832 93 36 that
1268 844 139 25 causes
1430 832 71 36 the
1527 832 231 37 aristocrats
1783 832 42 36 of
1867 831 152 37 Covent.
2062 832 158 37 Garden
2259 837 44 34 to

511 894 94 46 fling
638 893 243 38 themselves
915 907 52 23 on
999 893 70 36 the
1103 894 103 45 good
1242 894 198 37 Beecham
1473 894 80 36 and
1585 894 70 35 the
1682 894 192 36 excellent
1910 894 195 47 Djagelief
2139 895 78 37 and
2230 896 75 47 beg

511 955 81 37 and
617 955 75 46 beg
718 955 61 37 for
805 955 108 37 what
940 967 58 24 we
1024 955 77 37 call
1165 955 123 44 fakes,
1428 955 129 37 which
1581 955 99 45 they
1705 959 89 42 get;
1822 955 74 37 but
1921 955 71 37 the
2016 960 120 33 worst
2163 957 41 37 of
2224 957 32 37 it
2272 959 33 36 is

509 1017 93 37 that
626 1017 70 36 the
722 1016 139 37 artists
886 1017 42 36 of
953 1021 138 42 strong
1115 1016 249 48 personality
1388 1029 106 25 seem
1517 1021 44 32 to
1598 1017 146 47 inspire
1778 1022 128 32 terror
1941 1017 42 36 in
2018 1018 284 39 shareholders.

511 1077 95 38 This
634 1091 76 23 can
737 1079 96 44 only
861 1090 118 25 mean
995 1091 76 26 one
1087 1079 126 47 thing,
1244 1079 129 36 which
1399 1079 33 36 is
1459 1078 93 37 that
1579 1079 70 36 the
1670 1078 273 38 shareholders
1966 1079 75 36 feel
2061 1079 93 38 that
2174 1081 131 38 unless

509 1140 105 36 their
638 1140 79 36 will
741 1140 226 36 dominates
990 1140 69 36 the
1084 1139 171 38 Theatre
1278 1140 70 36 the
1372 1140 145 37 results
1542 1145 108 31 must
1675 1140 49 36 be
1748 1141 282 37 unsuccessful.
2053 1140 94 38 This
2171 1143 33 36 is
2230 1155 75 25 one

510 1202 41 36 of
574 1201 70 36 the
669 1206 107 33 most
801 1202 213 47 expensive
1038 1202 198 36 delusions
1260 1202 115 46 good,
1401 1201 31 36 if
1455 1214 196 35 perverse,
1677 1203 141 47 people
1843 1214 66 25 are
1927 1203 117 45 alwa}
2044 1216 10 14 r
2055 1216 19 24 s
2090 1204 156 47 obliged
2260 1209 43 33 to

509 1275 82 35 pay
617 1263 73 37 for.

612 1390 19 33 I
656 1387 120 38 think
800 1387 82 37 this
904 1387 32 38 is
962 1388 69 36 the
1058 1399 100 34 very
1181 1388 113 47 place
1321 1387 60 37 for
1418 1401 63 24 me
1506 1392 44 33 to
1586 1392 138 43 repeat
1747 1388 61 37 for
1839 1388 69 36 the
1936 1388 247 47 fifty-eighth
2206 1390 99 37 time

510 1449 92 37 that
628 1449 70 37 the
725 1449 171 37 Theatre
921 1449 164 47 belongs
1109 1453 43 33 to
1178 1450 70 36 the
1274 1449 150 38 Artists
1449 1451 42 36 of
1516 1454 137 42 strong
1679 1450 257 48 personality.
1991 1452 63 44 By
2077 1451 92 37 that
2197 1454 20 34 I
2254 1452 50 36 do

510 1515 73 32 not
602 1523 116 24 mean
736 1510 162 47 belongs
915 1515 44 32 to
977 1511 215 37 theatrical
1208 1512 142 47 people
1367 1512 99 36 with
1484 1525 22 23 a
1524 1515 139 44 strong
1680 1512 76 47 gift
1774 1512 61 37 for
1865 1512 213 47 managing
2106 1526 91 24 men
2225 1514 81 36 and

508 1585 167 31 women,
701 1573 194 46 although
915 1572 83 37 this
1020 1572 34 37 is
1075 1578 73 32 not
1171 1574 153 36 seldom
1344 1573 70 37 the
1437 1573 209 38 definition
1668 1574 118 47 given
1808 1575 60 35 for
1891 1587 52 24 an
1966 1575 117 36 artist
2106 1576 41 35 of
2169 1580 136 42 strong

507 1634 248 47 personality
773 1663 63 8 ...
861 1634 41 36 of
923 1634 130 36 which
1075 1635 193 46 calamity
1291 1637 19 34 I
1333 1635 100 37 shall
1455 1635 103 37 have
1580 1635 225 47 something
1826 1641 44 31 to
1893 1648 72 33 say
2002 1636 41 36 in
2065 1649 24 24 a
2126 1641 179 33 moment

508 1708 45 24 or
578 1700 93 32 two.
727 1698 19 33 I
774 1708 117 25 mean
917 1696 55 46 by
999 1709 52 24 an
1078 1697 118 36 artist
1223 1698 41 36 of
1291 1701 137 42 strong
1455 1698 247 47 personality
1727 1710 75 23 one
1828 1698 89 37 who
1944 1698 72 37 has
2042 1711 92 24 seen
2160 1698 145 48 superb

508 1757 127 47 sights
654 1757 130 37 which
803 1770 50 25 no
875 1771 75 23 one
970 1759 77 37 else
1064 1759 72 37 has
1167 1771 92 25 ever
1289 1771 103 31 seen,
1423 1759 80 37 and
1530 1759 33 37 is
1591 1759 87 37 able
1708 1759 42 36 in
1766 1759 61 37 his
1854 1764 64 32 art
1944 1764 43 33 to
2011 1773 159 35 express
2195 1761 109 36 what

508 1819 49 36 he
592 1819 72 37 has
692 1831 92 25 seen
811 1820 191 47 strongly.

607 1881 127 36 There
765 1894 66 25 are
858 1883 97 44 only
984 1896 23 23 a
1037 1895 100 33 very
1163 1883 75 36 few
1264 1883 98 37 such
1392 1895 92 24 men
1513 1883 80 36 and
1619 1894 166 25 women.

608 1945 20 34 I
649 1944 132 36 would
800 1948 76 43 put
898 1944 118 37 down
1040 1945 71 36 the
1132 1956 137 26 names
1289 1944 42 38 of
1352 1958 23 24 a
1397 1945 75 36 few
1492 1945 41 37 of
1552 1944 71 37 the
1643 1949 112 41 great
1776 1949 104 43 past,
1903 1945 75 37 but
2000 1945 33 37 it
2053 1945 132 37 would
2211 1945 96 45 only

506 2005 174 37 confuse.
736 2008 21 34 I
784 2006 79 35 will
891 2006 154 37 confine
1073 2007 142 44 myself
1241 2011 44 32 to
1312 2006 139 47 telling
1479 2007 106 37 facts
1613 2006 124 37 about
1753 2007 70 36 the
1838 2011 174 42 greatest
2028 2007 124 47 living
2169 2007 138 37 artists

506 2067 42 37 of
579 2067 70 36 the
681 2067 171 37 Theatre
870 2097 8 7 .
899 2098 7 6 .
927 2098 7 7 .
951 2080 82 33 you
1051 2068 117 37 know
1193 2068 104 37 their
1329 2079 137 26 names
1497 2069 88 36 well
1616 2068 167 46 enough.

608 2131 20 34 I
648 2129 152 37 believe
818 2129 114 37 there
953 2142 66 24 are
1040 2130 101 43 four,
1162 2130 174 47 perhaps
1352 2130 90 43 five,
1461 2135 113 42 great
1591 2130 139 36 artists
1746 2130 41 36 in
1802 2130 70 36 the
1889 2129 170 39 Theatre
2077 2131 40 37 of
2134 2130 170 48 Europe.

507 2189 127 38 There
656 2203 66 24 are
743 2190 62 37 six
824 2203 45 24 or
890 2203 121 25 seven
1032 2203 109 25 more
1162 2192 247 37 remarkable
1430 2192 163 44 talents,
1615 2213 51 4 —
1687 2192 80 37 and
1793 2192 168 37 another
1982 2192 78 38 five
2086 2192 88 37 who
2213 2204 95 33 may

506 2251 50 37 be
591 2252 87 37 said
713 2257 44 32 to
793 2252 103 38 have
924 2264 109 26 some
1059 2253 220 48 surprising
1315 2253 197 48 qualities.

609 2317 94 34 Not
728 2323 85 29 one
839 2323 52 28 of
916 2323 135 29 these
1075 2323 112 30 ever
1214 2324 136 29 comes
1375 2324 51 28 to
1451 2317 196 41 London,
1698 2316 135 36 unless
1857 2316 34 36 it
1916 2316 49 36 be
1989 2320 44 32 to
2060 2328 107 25 some
2193 2316 114 37 small

503 2375 272 47 insignificant
801 2376 159 37 theatre
985 2377 131 36 which
1150 2377 100 45 they
1285 2381 91 32 rent
1412 2378 60 36 for
1509 2391 23 23 a
1569 2377 112 36 short
1719 2389 141 25 season
1896 2382 42 33 at
1974 2383 113 41 great
2122 2378 186 47 personal

504 2450 185 35 expense.

607 2502 101 36 Now
725 2500 31 37 if
772 2500 113 37 there
904 2512 67 25 are
988 2500 138 37 fifteen
1145 2500 150 44 artists,
1315 2500 78 38 five
1411 2501 41 36 of
1468 2500 133 37 whom
1619 2512 66 25 are
1701 2500 71 37 the
1789 2513 100 34 very
1905 2502 86 36 first
2009 2502 123 46 living
2148 2502 157 44 to-day,

506 2563 34 38 is
563 2564 34 37 it
622 2568 72 32 not
718 2562 233 37 reasonable
979 2563 61 36 for
1063 2574 48 25 us
1136 2562 52 37 all
1211 2566 45 33 to
1282 2575 171 35 suppose
1477 2563 92 36 that
1595 2561 155 38 Covent
1776 2562 160 37 Garden
1970 2575 43 25 or
2040 2566 134 44 Drury
2198 2566 111 38 Lane

503 2627 70 36 the
601 2630 81 33 two
711 2624 314 48 quasi-national
1052 2623 194 39 Theatres
1284 2625 42 37 of
1357 2624 122 38 Great
1509 2624 169 43 Biitain,
1707 2625 144 37 should
1877 2625 249 38 understand
2154 2626 88 36 how
2263 2629 44 33 to

505 2688 128 38 invite
659 2688 112 36 these
797 2690 44 33 to
869 2686 110 37 show
1005 2686 170 40 London
1200 2686 71 37 the
1298 2686 76 37 Art
1402 2687 41 36 of
1469 2686 70 37 the
1566 2685 173 38 Theatre
1757 2687 15 36 ?

606 2749 84 37 The
716 2748 119 37 truth
861 2748 33 37 is
920 2748 94 37 that
1042 2749 155 36 Covent
1226 2747 160 39 Garden
1414 2748 81 37 and
1522 2750 136 44 Druiy
1684 2751 110 37 Lane
1823 2749 50 36 do
1902 2754 72 32 not
2003 2751 118 35 know
2148 2749 89 37 how
2263 2753 44 32 to

507 2812 164 36 address
700 2823 80 32 any
807 2810 76 36 but
913 2810 140 38 artists
1080 2810 42 37 of
1150 2810 70 36 the
1249 2810 148 37 second
1425 2822 44 25 or
1498 2810 111 37 third
1637 2811 113 36 rank.

608 2872 51 39 So
684 2872 94 37 that
803 2872 126 45 really
954 2884 74 24 our
1054 2871 167 48 English
1248 2872 154 38 Covent
1421 2872 160 37 Garden
1607 2873 80 36 and
1704 2885 72 24 our
1793 2875 110 37 Lane
1929 2886 66 24 are
2022 2873 77 36 like
2112 2887 23 23 a
2148 2874 138 46 Zoolog-

506 2935 77 38 ical
623 2933 180 39 Gardens
850 2933 172 37 without
1062 2946 79 33 any
1190 2935 203 47 examples
1432 2936 41 36 of
1498 2934 134 44 Lions,
1674 2934 148 46 Tigers,
1861 2934 155 47 Eagles,
2059 2936 192 45 Pythons.
2272 2966 7 6 .
2300 2965 7 7 .

609 2999 21 34 I
656 2996 95 38 take
774 2996 33 36 it
831 2995 94 37 that
948 2996 115 36 these
1086 2996 106 46 good
1215 2996 168 37 animals
1408 3009 65 24 are
1497 3008 97 33 very
1624 2996 169 36 difficult
1817 3001 203 33 creatures
2042 3001 44 33 to
2111 2998 129 37 catch.
2273 3027 6 7 .
2301 3027 8 7 .

507 3059 136 37 rather
670 3057 189 39 sensitive
887 3058 80 37 and
993 3069 100 33 very
1119 3057 196 37 ferocious
1333 3069 8 32 ;
1370 3058 75 45 shy
1471 3070 43 25 as
1541 3058 196 47 anything
1774 3058 42 37 in
1843 3059 109 37 front
1980 3060 41 37 of
2047 3074 23 23 a
2097 3060 147 37 hunter
2267 3081 41 4 —
