2723 4120
582 3169 43 33 60

620 612 48 34 In
688 609 69 37 the
778 620 92 36 pass
891 608 129 36 above
1041 608 140 47 people
1201 619 100 24 were
1321 606 140 47 skiing.
1517 607 63 35 On
1600 604 69 37 the
1690 603 99 37 hard
1810 614 110 25 snow
1940 603 40 36 of
2001 602 70 37 the
2092 602 98 37 road
2209 603 112 36 there

516 683 101 25 were
637 683 144 34 orange
801 670 121 37 skins.
977 670 36 36 A
1033 668 168 39 victoria
1222 668 81 37 had
1321 668 83 47 just
1425 667 139 37 driven
1583 667 56 44 by
1657 667 41 34 in
1736 665 131 36 which
1886 668 64 33 sat
1971 677 22 23 a
2013 664 124 37 bored
2154 664 168 37 inflated

518 734 140 47 couple
684 733 121 36 much
831 732 180 37 swathed
1037 732 42 36 in
1105 731 96 37 furs.
1229 752 41 4 —
1300 731 142 36 Where
1469 741 50 24 on
1547 728 115 37 earth
1690 740 64 23 are
1781 727 100 44 they
1906 726 119 47 going
2046 727 12 35 ?
2096 747 40 3 —
2166 724 58 38 To
2250 726 71 37 the

518 797 148 35 Puerta
690 796 49 36 de
763 794 292 44 Navecerrada,
1082 805 70 34 my
1175 792 129 38 friend
1340 791 212 37 answered.
1587 811 40 4 —
1660 792 82 35 But
1777 789 102 45 they
1912 788 94 37 look
2040 800 43 25 as
2118 788 31 36 if
2182 788 140 46 they'd

516 863 51 37 be
584 859 166 48 happier
766 857 150 46 having
933 861 66 32 tea
1017 860 44 33 at
1077 855 227 36 Molinero's
1320 855 100 35 than
1437 853 192 47 paddling
1646 853 125 35 about
1788 863 55 36 up
1861 851 112 37 there
1989 851 42 36 in
2048 851 70 35 the
2134 862 121 24 snow.
2280 872 40 3 —

516 924 114 42 They
654 920 132 37 would
812 920 60 42 be,
902 919 74 36 but
1001 918 69 37 it's
1096 917 70 37 the
1191 917 104 45 style
1313 946 6 7 .
1342 946 7 6 .
1370 945 6 7 .
1406 915 141 37 winter
1572 918 112 43 sport
1704 944 6 6 .
1731 943 7 7 .
1760 943 6 7 .
1795 913 81 37 and
1902 913 52 36 all
1980 913 169 36 because
2175 924 24 23 a
2224 912 100 37 lithe

516 985 105 37 little
645 983 138 37 brown
808 993 93 25 man
926 981 88 35 who
1040 978 91 38 died
1156 983 79 33 two
1261 990 115 33 years
1400 989 73 35 ago
1498 976 108 37 liked
1630 976 70 37 the
1725 975 241 36 mountains.
1998 975 139 35 Before
2161 973 85 37 him
2270 985 51 24 no

516 1046 219 38 Madrileno
762 1055 93 25 ever
881 1042 113 36 knew
1020 1042 69 36 the
1116 1041 129 40 Sierra
1271 1039 166 38 existed.
1471 1060 40 4 —
1541 1039 102 36 Who
1670 1049 81 25 was
1777 1037 92 37 that
1884 1037 14 37 ?
1934 1058 39 4 —
1995 1038 91 34 Don
2112 1035 209 37 Francisco

518 1110 131 37 Giner.

618 1169 108 37 That
765 1168 212 37 afternoon
1011 1166 115 37 when
1159 1165 33 37 it
1227 1176 81 25 was
1342 1163 163 45 already
1537 1162 156 47 getting
1726 1161 101 37 dark
1860 1173 58 24 we
1950 1173 101 24 were
2085 1159 238 48 scrambling

517 1231 157 44 chilled,
688 1243 72 24 our
776 1230 107 37 faces
898 1228 139 37 lashed
1055 1230 54 43 by
1124 1228 70 36 the
1211 1239 120 31 snow,
1351 1226 116 36 down
1483 1225 175 47 through
1675 1224 117 37 drifts
1808 1223 104 37 from
1924 1236 23 23 a
1965 1222 185 38 shoulder
2165 1222 41 36 of
2217 1221 106 39 Siete

519 1296 114 37 Picos
651 1294 99 37 with
766 1293 70 35 the
855 1290 94 38 mist
968 1289 53 37 all
1039 1291 125 36 about
1182 1301 47 26 us
1247 1290 79 36 and
1344 1288 170 46 nothing
1536 1288 75 36 but
1639 1287 69 36 the
1737 1286 116 37 track
1880 1285 41 36 of
1951 1297 22 24 a
2003 1284 104 37 flock
2134 1284 41 36 of
2203 1284 120 47 sheep

517 1359 62 36 for
598 1370 23 22 a
642 1356 130 47 guide.
826 1352 84 38 The
927 1353 102 46 light
1046 1353 104 36 from
1167 1364 23 23 a
1208 1352 75 35 hut
1300 1350 154 48 pushed
1472 1362 24 23 a
1513 1350 93 46 long
1622 1348 197 48 gleaming
1847 1359 145 35 orange
2020 1347 123 46 finger
2172 1357 54 35 up
2253 1346 70 36 the

517 1417 325 39 mountain-side.
897 1417 108 35 Once
1028 1414 139 44 inside,
1192 1427 59 23 we
1274 1413 134 47 pulled
1431 1411 57 37 off
1509 1423 74 25 our
1606 1411 114 37 shoes
1737 1410 80 37 and
1834 1410 213 46 stockings,
2067 1408 80 36 and
2163 1407 160 37 toasted

515 1493 73 25 our
607 1481 81 36 feet
708 1483 42 32 at
769 1491 23 23 a
811 1481 111 43 great
952 1477 183 47 fireplace
1163 1475 130 37 round
1320 1474 131 37 which
1478 1486 100 24 were
1609 1472 152 37 flushed
1792 1473 119 42 faces,
1942 1471 101 46 glint
2072 1470 40 36 of
2140 1470 113 36 teeth
2280 1470 42 36 in

515 1543 195 47 laughter,
736 1539 237 45 schoolboys
998 1538 80 37 and
1102 1538 141 47 people
1265 1538 105 35 from
1394 1537 69 36 the
1481 1535 225 45 university
1721 1534 188 46 shouting
1926 1533 80 37 and
2026 1531 246 48 declaiming,
2299 1544 24 24 a

516 1605 112 38 smell
651 1604 40 37 of
714 1607 66 32 tea
804 1601 80 37 and
907 1604 78 33 wet
1007 1600 197 37 woollens.
1259 1597 246 46 Everybody
1526 1609 81 24 was
1624 1596 116 45 noisy
1762 1596 98 36 with
1882 1596 70 36 the
1975 1595 135 36 rather
2132 1594 170 45 hysteric-

516 1668 38 37 al
590 1667 242 37 excitement
863 1664 91 36 that
975 1662 172 37 warmth
1166 1662 134 46 brings
1322 1661 103 36 after
1445 1660 179 36 exertion
1643 1658 42 37 in
1707 1658 87 36 cold
1816 1657 210 37 mountain
2048 1657 68 36 air.
2173 1655 150 38 Cheeks

516 1742 101 24 were
636 1727 140 49 purple
796 1726 80 37 and
895 1724 182 48 tingling.
1132 1724 36 36 A
1187 1735 135 35 young
1342 1734 94 25 man
1455 1721 100 36 with
1573 1721 119 45 fuzzy
1711 1720 139 44 yellow
1870 1719 87 37 hair
1976 1719 87 36 told
2084 1730 63 24 me
2168 1730 22 23 a
2210 1722 113 41 story

515 1792 42 37 in
580 1791 155 37 French
757 1788 125 37 about
904 1787 71 37 the
997 1786 195 48 Emperor
1213 1786 42 36 of
1277 1787 194 40 Morocco,
1497 1783 80 37 and
1599 1781 204 50 produced
1826 1794 24 24 a
1872 1782 62 36 tin
1956 1781 42 36 of
2020 1779 146 49 potted
2187 1779 114 37 black-

516 1853 109 38 birds
647 1851 130 38 which
797 1851 33 36 it
853 1861 111 26 came
986 1853 72 32 out
1079 1861 101 24 were
1201 1848 104 36 from
1326 1847 70 37 the
1417 1846 86 37 said
1525 1844 250 48 personage's
1793 1844 157 47 private
1967 1847 138 32 stores.
2161 1841 135 37 Unend-

514 1916 69 47 ing
609 1914 205 38 fountains
841 1912 41 37 of
907 1916 68 33 tea
1001 1911 163 38 seethed
1190 1911 41 36 in
1258 1914 79 33 two
1365 1907 375 39 smoke-blackened
1766 1911 94 42 pots
1886 1918 52 24 on
1964 1905 70 37 the
2061 1904 154 36 hearth.
2271 1905 48 34 In

515 1978 70 37 the
603 1978 104 37 back
726 1977 40 36 of
783 1975 70 37 the
871 1975 75 36 hut
966 1985 144 35 among
1128 1972 159 48 leaping
1303 1971 182 38 shadows
1503 1982 101 24 were
1623 1969 96 48 piles
1737 1969 41 36 of
1792 1968 81 38 skis
1893 1968 79 37 and
1991 1967 69 37 the
2079 1966 96 37 door
2192 1977 110 26 occas-

515 2040 150 46 ionally
687 2038 155 48 opened
862 2041 43 33 to
928 2037 55 36 let
1005 2037 42 36 in
1069 2048 23 24 a
1115 2039 77 33 wet
1215 2046 137 33 snowy
1375 2034 122 46 figure
1520 2032 79 37 and
1638 2032 94 37 shut
1763 2030 118 48 again
1902 2042 53 25 on
1977 2029 216 46 skimming
2214 2039 111 26 snow

516 2107 124 44 gusts.
695 2101 210 44 Everyone
941 2112 30 23 w
972 2112 5 5 T
978 2111 44 24 as
1058 2097 145 38 rocked
1239 2097 98 36 with
1373 2107 210 25 enormous
1618 2094 145 47 jollity.
1816 2092 113 38 Then
1965 2092 224 36 train-time
2212 2102 111 24 came

517 2165 197 45 suddenly
739 2163 81 36 and
845 2175 58 23 we
929 2172 72 26 ran
1026 2161 70 36 the
1122 2159 111 37 miles
1258 2163 43 33 to
1328 2159 72 36 the
1426 2158 151 38 station
1603 2156 183 47 crashing
1813 2155 116 37 down
1954 2154 70 37 the
2061 2153 123 45 rocky
2210 2152 111 47 path.

618 2231 50 33 In
692 2227 69 36 the
786 2224 104 38 third
919 2224 100 37 class
1044 2223 172 46 carriage
1241 2221 140 48 people
1405 2232 97 35 sang
1526 2231 119 35 songs
1669 2231 43 24 as
1736 2219 70 36 the
1830 2217 107 37 train
1961 2215 172 48 jounced
2157 2215 53 36 its
2235 2225 90 34 way

515 2289 176 39 towards
715 2289 70 37 the
811 2286 108 48 plain
947 2286 80 37 and
1053 2284 169 37 Madrid.
1276 2283 84 37 The
1387 2295 94 24 man
1507 2282 88 36 who
1623 2286 62 32 sat
1712 2283 98 33 next
1836 2283 42 33 to
1907 2290 63 25 me
1998 2276 121 38 asked
2157 2288 63 24 me
2245 2276 31 36 if
2303 2278 20 34 I

517 2354 112 35 knew
654 2352 34 35 it
712 2362 80 25 was
815 2351 91 35 Don
929 2348 209 37 Francisco
1161 2347 88 35 who
1273 2346 80 36 had
1375 2345 80 36 had
1477 2344 93 37 that
1592 2344 75 36 hut
1691 2342 103 37 built
1819 2342 62 36 for
1905 2342 69 36 the
1999 2339 176 38 children
2197 2338 41 36 of
2254 2339 69 35 the

517 2415 243 37 Institucion
782 2412 118 40 Libre
924 2411 49 36 de
996 2409 249 40 Ensefianza.
1299 2408 124 38 Little
1445 2407 57 44 by
1523 2406 104 37 little
1650 2406 49 35 he
1723 2405 85 36 told
1833 2415 62 25 me
1919 2404 69 35 the
2011 2403 155 43 history
2189 2401 40 36 of
2253 2401 71 35 the

519 2476 231 38 Krausistas
775 2474 80 36 and
878 2473 210 36 Francisco
1114 2471 120 38 Giner
1257 2471 48 36 de
1328 2470 59 36 los
1412 2469 96 37 Rios
1532 2468 79 36 and
1634 2468 69 36 the
1727 2466 225 38 revolution
1975 2466 42 35 of
2040 2464 111 47 1873,
2171 2475 23 24 a
2211 2467 113 40 story

516 2540 79 36 like
625 2538 157 46 enough
809 2540 44 33 to
883 2547 123 33 many
1034 2534 134 37 others
1196 2534 42 36 in
1266 2533 69 36 the
1358 2532 140 36 annals
1521 2531 41 36 of
1583 2531 70 35 the
1675 2529 206 37 nineteeth
1904 2532 168 40 century
2095 2528 228 34 movement

515 2602 62 37 for
599 2600 213 37 education
834 2598 74 37 but
929 2598 42 36 in
993 2598 55 36 its
1070 2601 210 32 overtones
1302 2607 43 25 so
1368 2593 229 45 intimately
1619 2592 172 48 Spanish
1813 2591 80 38 and
1914 2588 237 43 individual,
2175 2587 93 36 that
2290 2586 33 37 it

517 2676 111 24 came
649 2675 44 25 as
713 2663 69 36 the
802 2660 260 47 explanation
1083 2659 41 36 of
1144 2669 124 34 many
1287 2657 135 47 things
1443 2659 20 34 I
1484 2655 80 37 had
1585 2655 100 37 been
1705 2653 229 46 wondering
1955 2652 125 36 about
2112 2649 80 37 and
2222 2660 101 35 gave

516 2738 64 25 me
600 2738 51 24 an
669 2725 152 46 inkling
841 2724 40 36 of
900 2734 108 26 some
1028 2723 41 35 of
1087 2722 70 36 the
1177 2720 144 47 origins
1341 2720 41 36 of
1401 2732 22 24 a
1444 2719 134 37 rather
1597 2717 145 48 special
1773 2715 214 45 mentality
2005 2716 20 33 I
2055 2712 80 36 had
2165 2709 159 38 noticed

515 2789 42 36 in
583 2787 140 49 people
748 2789 20 33 I
795 2787 114 35 knew
935 2785 125 36 about
1085 2783 169 37 Madrid.

618 2849 247 39 Somewhere
888 2848 41 36 in
953 2848 84 35 the'
1062 2847 136 36 forties
1223 2858 23 23 a
1270 2845 196 47 professor
1491 2843 41 37 of
1556 2843 70 36 the
1651 2839 266 39 Universidad
1943 2836 169 44 Central,
2149 2842 101 31 banz
2276 2834 48 37 de

517 2913 88 43 Rio,
628 2924 80 25 was
730 2915 89 33 sent
839 2915 43 32 to
906 2910 200 44 Germany
1126 2913 43 31 to
1201 2906 123 46 study
1354 2906 240 47 philosophy
1625 2916 51 24 on
1708 2915 22 24 a
1762 2904 261 45 government
2065 2897 256 47 scholarship.

515 2975 125 47 Spain
657 2987 81 25 was
756 2974 81 36 still
855 2973 41 36 in
914 2972 69 36 the
1001 2970 245 37 intellectual
1264 2981 113 25 coma
1394 2968 92 37 that
1504 2967 82 36 had
1603 2965 182 36 followed
1817 2965 69 36 the
1903 2963 140 36 failure
2062 2961 40 37 of
2144 2961 69 37 the
2233 2960 68 36 Cor-

514 3042 62 33 tes
599 3037 42 36 of
663 3036 119 37 Cadiz
804 3035 78 37 and
906 3035 71 37 the
999 3032 240 39 restoration
1272 3031 41 37 of
1345 3029 210 38 Fernando
1589 3027 191 48 Septimo.
1833 3026 36 37 A
1892 3024 147 38 decade
2062 3036 44 25 or
2128 3035 107 24 more
2257 3022 66 37 be-
