5387 7452
905 746 281 251 N*E
1227 881 264 119 UE

902 1064 1388 149 RUSSLAND

909 1301 465 61 Monatsscbrift
1398 1303 95 58 fur
1516 1303 243 58 Kultur-
1782 1320 53 42 u.
1858 1303 431 61 Wirtschafts-

907 1381 235 73 Fragen
1164 1381 24 61 /
1213 1381 503 73 herausgegeben
1745 1396 124 43 von
1901 1383 112 56 der

907 1476 711 62 GESELLSCHAFT
1665 1474 180 68 DER
1892 1476 398 64 FREUNDE

907 1572 205 61 DES
1179 1572 395 60 NEUEN
1642 1572 645 66 RUSSLAND.

908 1756 243 56 Schriftlg.
1175 1756 143 44 Erich
1342 1756 171 53 Baron,
1536 1757 362 54 Bln.-Pankow,
1917 1758 304 45 Kavalierstr.
2236 1757 53 43 10

909 1950 276 85 „DAS
1254 1950 308 71 NEUE

907 2065 79 59 ist
1002 2065 101 58 die
1124 2065 240 73 einzige
1381 2063 369 73 Zeitschrift,
1772 2067 100 56 die
1891 2065 191 58 durch
2101 2065 184 58 sach-

905 2143 273 73 kundige
1230 2141 286 75 Beitrage
1571 2145 525 71 hervorragender
2150 2158 137 41 rus-

907 2221 242 56 sischer
1169 2219 126 58 und
1320 2221 334 56 deutscher
1671 2219 379 58 Mitarbeiter
2070 2233 215 42 zuver-

905 2297 237 73 lassige
1185 2297 480 59 Informationen
1718 2300 154 56 iiber
1913 2300 118 55 den
2084 2295 203 58 kultu-

905 2375 191 56 rellen
1149 2373 124 58 und
1325 2373 552 59 wirtschaftlichen
1919 2372 368 59 Neuaufbau

909 2449 318 63 Rußlands
1246 2453 348 56 vermittelt.
1618 2451 115 58 Die
1747 2451 350 58 Zeitschrift
2118 2451 169 58 dient

909 2529 194 58 damit
1132 2527 281 75 zugleich
1439 2529 108 56 der
1571 2527 357 75 Forderung
1953 2527 110 58 der
2087 2527 200 56 kultu-

907 2607 191 57 rellen
1147 2607 126 56 und
1327 2605 552 58 wirtschaftlichen
1923 2602 362 59 Verstandi-

907 2697 167 59 gung
1117 2680 464 61 Deutschlands
1625 2681 123 58 und
1792 2680 337 62 Rußlands.

909 2854 99 45 Der
1027 2854 135 44 Preis
1186 2854 85 44 der
1292 2854 274 44 Zeitschrift
1585 2854 195 55 betragt
1812 2854 74 42 fur
1908 2853 86 43 das
2018 2852 270 44 Einzelheft

907 2913 68 43 M.
995 2912 114 53 0.60,
1132 2913 77 43 fur
1230 2915 89 42 das
1343 2912 293 55 Doppelheft
1656 2912 128 43 M.1.
1788 2936 70 28 —,
1881 2912 76 42 fur
1978 2913 88 41 das
2087 2911 197 43 Viertel-

908 2970 495 54 jahrsabbonnement
1432 2969 68 43 M.
1523 2968 111 45 1.50.
1676 2996 55 4 —
1769 2968 94 44 Fur
1893 2968 279 55 Mitglieder
2204 2969 84 43 der

1326 3029 63 42 ist
1426 3029 85 41 der
1545 3028 165 55 Bezug
1747 3028 64 42 im
1843 3026 444 57 Mitgliedsbeitrag

907 3098 96 31 von
1035 3086 69 46 M.
1127 3085 41 44 5.
1171 3111 55 5 —
1259 3097 86 43 pro
1377 3084 284 56 Vierteljahr
1693 3085 305 55 inbegriffen.

2740 1089 366 75 Neue
3187 1091 1010 76 franzosische
4285 1096 460 75 Revue

2739 1223 789 76 Individual
3580 1226 652 75 istische
4325 1230 420 74 Hefte

2737 1357 643 76 Studien
3474 1362 260 73 und
3826 1364 918 76 Dokumente

3269 1821 269 73 Jenseits
3607 1821 110 57 der
3785 1821 405 74 freiphiloso-

3270 1907 304 75 phischen
3643 1907 361 76 Auslegung
4066 1914 122 58 und

3272 1997 108 56 der
3396 1997 293 69 sozialen,
3704 1997 342 58 sinnlichen
4066 1997 124 58 und

3269 2082 193 59 freien
3506 2082 311 74 Tatigkeit
3858 2083 58 58 in
3963 2083 225 58 Frank-

3272 2168 164 58 reich
3477 2171 157 56 wird
3675 2170 114 57 der
3829 2170 358 59 internatio-

3270 2256 180 56 nalen
3492 2254 698 78 Arbeiterbewegung

3270 2341 224 57 breiter
3597 2341 190 62 Raum
3894 2347 291 72 gewahrt.

3446 2780 6 12 /

2735 2798 115 59 Die
2883 2798 208 63 Revue
3123 2800 313 57 erscheint
3467 2803 118 56 alle
3616 2803 74 58 20
3719 2800 190 76 Tage.
3939 2800 24 66 /
3993 2801 459 63 Abonnement:
4496 2805 36 59 5
4561 2805 179 61 Hefte

2730 2900 34 52 5
2808 2894 202 60 francs
3035 2893 25 66 /
3093 2898 72 56 10
3194 2894 181 61 Hefte
3419 2896 73 58 10
3519 2896 207 59 francs
3755 2894 25 66 /
3814 2901 25 54 1
3875 2896 142 59 Heft
4061 2901 26 56 1
4122 2898 168 59 franc
4330 2901 75 58 25

2730 3008 193 61 Alle
2988 3010 450 74 Korrespo
3463 3028 39 39 n
3528 3011 39 58 d
3592 3028 93 43 en
3711 3032 30 37 z
3765 3028 93 43 en
3910 3030 92 41 an
4054 3013 134 58 die
4241 3011 499 65 Redaktion

2732 3106 300 59 Lueurs
3060 3104 26 66 /
3118 3108 198 74 Lyon
3352 3108 17 74 /
3406 3108 476 73 Frankreich,
3938 3109 157 73 232,
4149 3125 122 44 rue
4325 3109 415 67 Garibaldi.

748 3683 386 155 MET
1263 3681 1192 164 OUERZICHT

736 3882 275 46 Direktion:
1056 3881 280 45 FBRNANT
1366 3879 429 47 BERCKELAERS
1832 3881 100 44 und
1974 3879 190 46 JOSEF
2194 3879 271 46 PEETERS

777 3999 107 58 Die
946 3998 232 72 einzige
1232 3998 466 57 Monatsschrift
1757 3999 104 54 des
1920 3996 503 57 Internationalen

892 4075 335 70 Vortrapps
1293 4074 61 56 in
1425 4074 564 57 niederlandischer
2050 4074 258 71 Sprache

1000 4207 232 56 Standige
1265 4206 268 45 Rubriken:
1565 4207 229 44 Radikale
1827 4207 166 51 Kunst,
2023 4206 179 53 Musik,

1112 4264 332 55 Philosophie,
1492 4265 370 43 internationale
1894 4263 193 57 Politik,

1226 4323 252 49 Literatur,
1538 4322 434 54 Wissenschaften,

1342 4379 320 55 Architektur,
1707 4380 149 43 Kritik

1545 4450 121 32 usw.

794 4575 135 43 Preis
961 4575 138 53 jedes
1135 4572 254 46 einzelnen
1420 4572 133 43 reich
1585 4570 317 46 illustrierten
1934 4570 170 43 Heftes
2148 4570 45 44 in
2234 4571 165 43 kunst-

794 4633 261 44 lerischem
1087 4631 281 54 Umschlag,
1399 4627 57 45 24
1489 4628 180 45 Seiien.
1736 4627 196 44 Format
1961 4627 188 56 25X32,
2182 4627 73 44 Fr.
2281 4628 37 45 2.
2326 4652 74 32 —,

794 4691 343 46 Abonnement
1182 4688 77 56 (12
1306 4688 163 51 Hefte)
1517 4687 74 45 Fr.
1625 4686 145 53 16.—,
1817 4685 291 45 Frankreich
2150 4685 73 45 Fr.
2259 4684 143 46 20.—.

1324 4744 321 45 Niederlande
1677 4744 52 43 fl.
1763 4742 101 45 4.25

1154 4859 325 48 Redaktion
1512 4859 115 46 und
1662 4857 380 56 Verwaltung

736 4931 363 71 Antwerpen
1143 4928 333 76 (Belgien),
1541 4928 301 58 Chaussee
1886 4930 71 53 de
1999 4927 307 57 Turnhout
2347 4926 109 58 105

2910 3766 1649 250 Contimporanui

3090 4199 298 90 Einzige
3457 4204 384 71 moderne
3901 4199 467 78 rumanische

3091 4314 273 75 Kunst-
3416 4345 70 45 11.
3538 4314 833 78 Literatur-Zeitschrift

3602 4434 5 14 I

2898 4599 485 78 Direktoren:
3432 4602 50 88 }.
3516 4600 319 78 VINCA
3870 4609 154 69 und
4078 4602 105 76 M.
4216 4602 342 91 JANCO

3432 4716 108 57 Str.
3604 4714 288 57 Trinitatii
3960 4717 76 56 29

3425 4812 615 78 BUCAREST

1885 5340 293 258 T
2275 5423 1297 90 INTERNATIONALE
3640 5425 941 90 ZEITSCHRIFI

2260 5577 1393 16 ptMHIBpnHWWMnawMMMMaMMMWMmaMMMMaHnaMVMaMRMMnMnMnMaHMMaMIMIM
3659 5577 924 15 IMiMHNmMMMaHMManaWMaMMMHMffiniHMMMMMHIMI

710 5698 808 89 KALENDER
1584 5704 250 73 DER
1901 5696 501 86 NEUEN
2471 5696 503 88 KUNST
3027 5706 264 75 UND
3338 5703 251 76 DER
3651 5693 309 91 GEG
3980 5698 183 83 EN
4181 5696 432 86 WART

1318 6367 574 74 Fuhrende
1992 6367 632 83 Zeitschrift,
2725 6367 175 74 die
2996 6367 1013 76 unveroffentlichte

1296 6502 740 93 Manuskripte
2083 6502 94 73 in
2214 6502 284 75 alien
2529 6500 577 95 Sprachen
3145 6502 190 75 der
3362 6502 252 73 Welt
3658 6500 354 93 bringt
