2497 3982
924 394 212 42 REVUE
1170 393 108 40 DES
1310 390 325 45 CONCERTS

2074 393 75 40 125

396 541 133 49 quelle
550 541 210 51 plénitude
786 542 152 39 d'effets
967 543 57 36 M.
1047 541 178 38 Gounod
1252 552 21 25 a
1301 553 45 25 su
1369 540 199 38 atteindre
1596 551 98 28 avec
1720 552 80 27 une
1823 539 162 50 pareille
2007 538 149 50 simpli»

396 610 76 37 cité
490 611 49 37 de
559 625 182 36 moyens.

449 680 276 42 L'exécution,
759 679 193 38 conduite
983 691 73 37 par
1089 680 55 40 M,
1169 679 178 38 Gounod
1378 678 227 49 lui-même,
1634 691 22 24 a
1684 680 62 37 été
1774 680 80 36 très
1878 676 276 40 satisfaisante,

1741 802 59 39 H,
1821 802 214 38 Marcello.

445 931 263 38 CONCERT
736 931 297 39 SPIRITUEL
1061 932 73 36 DE
1165 920 257 49 L'ODÉON.
1514 932 56 37 Le
1601 931 179 37 Concert
1805 929 180 49 spirituel
2018 927 137 37 donné

396 999 22 36 à
451 999 194 47 l'Odéon,
675 998 35 37 le
751 998 81 37 soir
871 1000 54 36 du
956 999 107 52 jeudi
1105 1008 119 40 saint,
1261 1000 64 37 n'a
1357 1000 62 37 été
1453 999 320 48 complètement
1804 996 239 38 satisfaisant
2077 1007 78 37 que

396 1078 94 25 sous
532 1066 35 36 le
598 1074 166 40 rapport
797 1066 47 37 de
877 1067 258 37 l'exécution.
1172 1068 129 37 Outre
1331 1067 234 37 l'orchestre
1599 1066 48 37 de
1679 1066 58 39 M.
1775 1065 77 37 Ch.
1893 1063 262 45 Constantin,

393 1132 36 37 la
450 1133 128 48 partie
600 1133 139 38 vocale
761 1146 21 25 a
805 1135 61 36 été
889 1134 284 50 parfaitement
1195 1143 200 29 soutenue
1415 1147 71 36 par
1507 1133 343 38 mesdemoiselles
1866 1133 134 48 Jenny
2011 1132 141 44 Howe,

395 1200 127 39 Bloch
544 1210 39 28 et
604 1201 167 48 Puisais,
809 1203 184 37 madame
1026 1202 349 39 Brunet-Lafleur
1397 1210 39 29 et
1459 1202 105 35 MM.
1590 1200 183 50 Auguez,
1800 1199 164 48 Bouhy,
1987 1196 168 39 Talazac

392 1278 39 28 et
456 1269 172 39 Laffîtte.
665 1269 103 38 Mais
801 1270 36 37 le
871 1270 122 37 choix
1025 1271 69 36 des
1129 1270 293 49 compositions
1458 1281 22 25 a
1518 1270 213 46 beaucoup
1774 1267 113 37 laissé
1926 1270 21 33 à
1981 1265 168 40 désirer.

394 1338 190 36 Madame
605 1338 49 37 de
677 1338 217 48 Grandval,
919 1338 99 37 dont
1042 1338 34 51 je
1102 1337 82 37 suis
1205 1338 35 36 le
1273 1337 156 38 sincère
1452 1336 262 46 admirateur,
1736 1347 160 26 comme
1915 1333 66 52 j'ai
2004 1333 30 37 si
2057 1345 75 25 sou-

392 1414 97 29 vent
511 1418 50 24 eu
581 1406 216 37 l'occasion
821 1407 55 36 de-
893 1406 34 37 le
948 1406 230 48 témoigner
1209 1406 99 35 dans
1337 1405 37 37 la
1408 1405 231 49 Chronique
1660 1403 200 37 Musicale
1865 1433 7 16 ,
1910 1414 50 24 ne
1988 1401 77 36 m'a
2086 1412 69 36 pas

393 1486 114 36 paru,
545 1474 100 36 dans
678 1474 141 37 Sainte
840 1475 134 50 Agnès
979 1504 8 18 ,
1013 1474 114 37 avoir
1145 1474 62 36 été
1230 1472 109 38 aussi
1371 1474 317 36 heureusement
1707 1470 175 50 inspirée
1903 1469 145 49 qu'elle
2070 1468 87 37 l'est

392 1539 248 37 d'habitude.
680 1541 30 35 Il
736 1548 58 28 est
821 1540 85 38 vrai
934 1541 153 48 qu'une
1118 1539 127 51 partie
1276 1541 48 35 de
1353 1552 43 25 ce
1425 1540 139 36 drame
1585 1540 109 36 sacré
1716 1552 22 23 a
1759 1537 108 37 seule
1887 1538 62 36 été
1969 1535 186 38 chantée*

395 1608 103 36 Peut
517 1608 83 36 être
621 1608 138 36 faut-il
780 1608 236 37 l'ensemble
1038 1608 47 37 de
1108 1608 169 38 l'œuvre
1296 1620 104 36 pour
1418 1607 36 37 la
1475 1606 94 38 bien
1590 1607 133 51 juger;
1755 1604 116 47 mais,
1901 1602 21 39 à
1952 1611 90 41 part
2063 1602 76 37 l'in-

390 1674 190 38 vocation
606 1682 39 29 et
673 1686 79 25 une
776 1675 101 37 belle
903 1675 146 49 phrase
1084 1675 54 35 du
1165 1675 82 37 duo
1277 1684 115 28 entre
1418 1676 137 48 Agnès
1588 1682 38 28 et
1661 1672 181 47 Fulvius,
1882 1672 37 36 le
1953 1679 101 29 reste
2093 1670 63 36 n'a

390 1753 69 37 pas
480 1745 81 35 très
575 1742 207 38 vivement
798 1741 299 50 impressionné
1113 1741 242 39 l'auditoire.
1386 1743 53 35 Le
1454 1740 494 49 soixante-dix-septième
1967 1739 186 44 Psaume,

390 1809 75 38 mis
487 1821 50 26 en
561 1809 190 49 musique
774 1823 70 36 par
878 1812 57 36 M.
960 1811 144 37 Ch.-L.
1132 1811 117 45 Hess,
1275 1809 141 38 n'offre
1439 1813 123 45 guère
1581 1809 129 49 qu'un
1731 1808 93 47 trio,
1849 1816 39 28 et
1907 1808 35 35 le
1964 1806 99 37 Dies
2081 1806 74 36 irœ

390 1879 48 35 de
462 1878 56 36 M.
544 1877 176 50 Georges
743 1876 152 39 Martin
931 1891 21 23 a
983 1879 177 47 manqué
1191 1877 148 48 d'effet,
1374 1877 151 49 malgré
1557 1889 62 25 ses
1654 1876 217 38 excellents
1898 1877 254 45 interprètes,

390 1945 340 38 mesdemoiselles
766 1946 129 36 Howe
927 1954 38 28 et
1001 1945 142 47 Bloch,
1181 1954 38 28 et
1253 1946 57 39 M.
1332 1945 181 50 Auguez.
1537 1945 45 37 Je
1607 1943 93 39 n'en
1722 1955 152 26 saurais
1895 1952 102 28 citer
2017 1952 77 40 que
2117 1940 37 40 le

390 2013 246 47 Itecordare,
660 2011 35 40 le
721 2013 82 37 Con
804 2014 66 48 fut
873 2013 78 37 atis
970 2021 38 29 et
1030 2013 34 37 le
1082 2013 75 36 Pie
1177 2014 110 37 Jesu.

438 2215 298 36 CONCERTS
785 2215 330 38 MODERNES.
1224 2216 55 36 Le
1319 2223 165 29 concert
1519 2214 183 48 spirituel
1740 2215 68 36 des
1847 2214 194 37 Concerts
2061 2225 66 26 mo

388 2281 141 37 dernes
534 2311 8 18 ,
567 2293 93 25 sous
684 2281 37 36 la
741 2281 202 38 direction
965 2283 48 36 de
1038 2283 57 36 M.
1127 2281 132 38 Henri
1287 2282 175 47 Chollet,
1487 2283 35 36 le
1544 2283 87 36 seul
1658 2282 149 48 auquel
1832 2281 61 51 j'ai
1916 2293 55 36 pu
1996 2281 159 38 assister

388 2349 68 36 des
478 2357 141 40 quatre
655 2358 184 29 concerts
862 2349 203 49 spirituels
1090 2350 70 48 qui
1184 2363 39 24 se
1245 2358 94 29 sont
1371 2350 158 37 donnés
1558 2349 40 38 le
1627 2350 81 37 soir
1739 2350 54 36 du
1811 2349 195 38 vendredi
2034 2349 119 47 saint,

388 2427 21 25 a
429 2416 70 36 fait
519 2417 196 36 entendre
739 2430 81 24 une
840 2420 172 45 superbe
1031 2421 119 33 scène
1170 2418 48 36 de
1241 2419 57 36 M.
1320 2416 177 39 Félicien
1515 2417 144 47 David,
1684 2416 184 39 intitulée
1889 2416 35 37 le
1938 2418 218 50 Jugement

387 2484 173 36 dernier.
586 2483 191 50 Quoique
805 2484 198 49 première
1019 2484 199 48 audition,
1244 2494 104 28 cette
1368 2488 117 34 scène
1508 2487 63 35 n'a
1593 2497 82 36 pas,
1701 2485 22 37 à
1742 2497 43 24 ce
1805 2484 99 49 qu'il
1922 2486 141 47 paraît,
2092 2484 62 37 été

388 2551 303 38 nouvellement
713 2552 135 37 écrite.
878 2554 107 35 C'est
1006 2565 81 24 une
1109 2552 246 50 symphonie
1377 2564 95 26 avec
1494 2552 177 46 chœurs,
1699 2552 351 48 supérieurement
2069 2551 63 36 ins-

386 2621 231 37 trumentée
631 2629 38 29 et
684 2620 168 49 remplie
870 2620 47 37 de
933 2620 148 49 grands
1098 2619 125 38 effets.
1247 2620 46 37 Je
1318 2632 51 24 ne
1391 2620 136 36 citerai
1550 2619 130 48 parmi
1701 2618 56 38 les
1781 2620 131 37 divers
1933 2631 219 24 morceaux

386 2690 100 36 dont
513 2689 74 37 elle
615 2696 60 29 est
703 2688 229 48 composée,
962 2695 39 28 et
1028 2686 70 49 qui
1136 2695 92 28 sont
1258 2695 93 28 tous
1379 2685 70 38 liés
1480 2694 114 29 entre
1624 2698 91 33 eux,
1745 2698 79 37 que
1857 2686 36 37 le
1913 2686 140 37 Réveil
2085 2686 67 36 des

386 2765 128 29 morts
520 2788 6 15 ,
562 2760 54 34 où
637 2754 144 50 l'appel
798 2755 68 36 des
888 2762 238 41 trompettes
1148 2762 58 28 est
1226 2752 222 50 splendide,
1473 2753 38 36 la
1532 2753 173 37 Marche
1726 2754 67 36 des
1814 2754 197 50 trépassés
2023 2782 7 17 ,
2053 2754 99 37 dans

384 2824 176 49 laquelle
576 2837 57 24 un
642 2824 202 51 pizzicato
869 2823 48 36 de
934 2822 278 36 contrebasses
1227 2830 215 39 persistant
1464 2833 50 24 en
1541 2821 211 37 crescendo
1776 2820 142 49 depuis
1939 2821 35 37 le
1994 2822 135 49 pianis-

383 2893 100 37 simo
506 2891 186 51 jusqu'au
724 2898 182 30 moment
939 2890 48 36 de
1016 2888 240 50 l'explosion
1287 2889 68 36 des
1384 2889 204 48 cymbales
1623 2898 38 28 et
1696 2889 49 37 de
1777 2889 36 36 la
1846 2901 135 37 grosse
2010 2888 140 49 caisse,

385 2961 164 47 produit
580 2973 57 24 un
659 2959 91 37 effet
772 2958 160 38 sinistre
959 2966 39 28 et
1020 2956 213 49 terrifiant,
1258 2964 39 30 et
1315 2956 251 51 l'Apothéose
1573 2985 7 20 ,
1602 2956 70 50 qui
1692 2964 58 31 est
1774 2969 58 25 un
1855 2956 295 40 chef-d'œuvre

384 3028 47 36 de
453 3028 203 48 grandeur
677 3037 40 28 et
739 3027 48 38 de
811 3025 215 40 solennité.

433 3219 315 38 CONCERTS..
756 3242 46 4 —
814 3221 134 36 Avant
969 3221 47 36 de
1037 3219 132 50 parler
1183 3218 68 37 des
1272 3217 198 37 Concerts
1492 3217 70 48 qui
1585 3226 73 29 ont
1677 3229 49 25 eu
1747 3217 81 36 lieu
1846 3218 179 48 pendant
2042 3226 103 29 cette

391 3285 231 49 quinzaine,
642 3285 36 50 je
700 3287 88 36 dois
809 3287 134 37 solder
964 3300 99 24 mon
1085 3286 161 38 arriéré.
1273 3286 61 36 En
1357 3286 296 47 conséquence,
1683 3285 34 50 je
1747 3285 100 36 dirai
1875 3297 94 36 que,
1993 3286 98 37 dans
2113 3287 35 36 le

384 3361 167 30 concert
572 3366 78 35 que
673 3354 162 37 l'habile
853 3353 314 50 violoncelliste,
1193 3355 58 36 M.
1277 3352 215 47 Reucksel,
1515 3365 21 24 a
1559 3353 132 37 donné
1714 3352 35 38 le
1781 3366 10 22 i
1801 3361 27 17 er
1851 3352 111 49 avril,
1988 3354 27 36 il
2034 3366 20 25 a
2077 3354 70 38 fait

387 3421 193 38 entendre
609 3433 54 23 un
693 3431 191 28 concerto
915 3435 48 23 en
995 3422 37 37 la
1063 3423 162 36 mineur
1252 3423 49 34 de
1332 3433 37 24 sn
1401 3420 286 48 composition,
1718 3425 51 33 où
1805 3421 22 36 il
1850 3434 18 25 a
1894 3435 42 23 su
1962 3422 131 37 varier
2113 3423 34 36 la
