2497 3982
451 349 77 40 116

911 349 79 43 LA
1021 350 390 53 CHRONIQUE
1444 349 322 45 MUSICALE

441 498 179 42 troubla
641 498 114 43 leurs
776 501 367 55 représentations
1173 515 54 28 au
1252 501 125 56 point
1399 502 51 42 de
1477 502 60 42 les
1577 502 303 55 interrompre.
1913 500 102 44 Cela
2047 510 166 47 permet

441 572 52 42 de
520 587 212 43 supposer
761 589 83 41 que
865 576 59 40 les
952 583 173 33 acteurs
1165 575 52 41 de
1259 577 205 53 province
1492 577 323 55 fréquentaient
1847 577 41 41 la
1921 577 130 42 Foire
2071 577 146 42 Saint-

444 646 211 43 Germain
678 662 57 27 au
759 649 147 40 moins
932 647 154 56 depuis
1119 661 61 28 un
1203 650 157 55 couple
1380 651 219 41 d'années.
1639 651 160 41 Disons
1834 665 85 41 que
1949 653 40 39 la
2012 660 203 34 sentence

444 721 67 43 fut
534 722 178 55 publiée
733 726 22 37 à
780 736 78 27 son
884 722 51 41 de
966 733 170 44 trompe
1157 723 108 41 dans
1288 724 59 40 les
1370 725 240 41 carrefours
1638 725 52 41 de
1726 725 136 54 Paris,
1887 734 41 33 et
1956 725 160 56 qu'elle
2138 726 58 43 sti-

441 795 142 56 pulait
612 809 86 38 que
720 797 144 40 bonne
884 796 153 55 justice
1054 806 134 46 ayant
1210 799 66 40 été
1298 799 182 50 rendue,
1506 799 38 41 le
1566 799 171 57 peuple,
1762 804 23 37 à
1803 800 198 54 l'avenir,
2026 801 144 42 aurait
2191 806 24 36 à

441 870 227 42 s'abstenir
685 870 51 40 de
754 877 142 35 toutes
922 888 18 20 «
959 871 242 41 insolences
1224 872 160 41 devant
1404 873 40 42 la
1463 882 124 47 porte
1602 875 60 41 du
1683 875 164 42 théâtre
1868 875 73 42 des
1963 878 177 40 maîtres
2156 887 55 43 et,

441 946 24 38 à
485 944 265 51 Tintérieur,
775 945 52 41 de
846 945 104 41 tirer
973 945 165 55 poudre
1161 954 40 34 et
1223 946 159 55 pierres
1406 963 42 27 ».

500 1018 156 50 Quelle
697 1019 106 42 était
842 1020 42 41 la
922 1030 157 32 nature
1124 1021 73 41 des
1234 1021 143 56 pièces
1413 1022 147 53 jouées
1599 1036 77 42 par
1716 1023 59 42 les
1815 1032 171 34 acteurs
2020 1025 187 43 forains?

448 1091 195 57 Puisque
672 1093 59 41 les
757 1094 252 42 comédiens
1037 1096 51 40 de
1110 1096 150 42 l'hôtel
1286 1096 52 41 de
1368 1096 264 56 Bourgogne
1655 1110 55 28 en
1740 1097 166 55 prirent
1933 1100 223 54 ombrage,
2182 1101 30 41 il

443 1167 95 41 faut
556 1167 136 42 croire
712 1169 179 54 qu'elles
913 1169 179 43 allaient
1114 1184 75 27 sur
1209 1171 60 40 les
1292 1171 156 41 brisées
1470 1171 225 48 desleuis;
1723 1181 39 32 et
1784 1173 245 54 cependant
2050 1173 32 41 il
2106 1174 109 42 n'est

442 1242 78 41 fait
539 1243 200 41 mention
760 1243 221 42 d'aucune
997 1246 108 40 dans
1128 1246 60 40 les
1204 1245 268 56 chroniques
1489 1254 40 33 et
1545 1246 256 52 mémoires;
1827 1246 73 41 des
1924 1256 171 32 acteurs
2111 1262 78 27 eux-

441 1317 165 42 mêmes
628 1317 31 42 il
682 1317 100 42 n'en
808 1327 63 33 est
909 1333 76 41 pas
1006 1321 120 54 parlé
1145 1334 10 39 ;
1192 1320 35 40 si
1261 1320 103 42 bien
1403 1334 87 41 que
1517 1320 190 56 lorsque,
1741 1320 242 55 cinquante
2010 1336 78 27 ans
2116 1322 99 55 plus

442 1391 112 51 tard,
577 1392 252 42 l'obscurité
850 1407 115 28 cesse
1002 1394 119 42 enfin
1153 1409 75 27 sur
1264 1395 60 41 les
1360 1395 233 56 spectacles
1622 1395 51 42 de
1707 1396 41 41 la
1786 1395 146 51 Foire,
1956 1395 33 42 il
2014 1406 61 31 est
2112 1396 101 42 bien

442 1466 206 55 question
670 1467 53 41 de
745 1477 177 47 troupes
945 1469 52 41 de
1019 1469 225 55 province,
1277 1470 113 41 mais
1419 1477 141 35 toutes
1584 1479 100 33 sont
1705 1470 223 54 désignées
1951 1484 102 28 sous
2074 1470 41 43 la
2137 1471 51 41 dé-

446 1542 280 42 nomination
745 1544 51 40 de
815 1561 17 22 «
858 1544 211 41 danseurs
1089 1544 52 42 de
1162 1545 127 40 corde
1309 1562 38 23 ».

499 1616 145 54 Ainsi,
679 1632 54 26 en
776 1619 125 54 1646,
943 1618 227 56 Daubray,
1199 1619 393 53 lieutenant-civil,
1617 1619 183 42 accorde
1831 1634 88 27 une
1951 1620 262 56 permission

448 1708 17 21 «
493 1696 23 36 à
536 1692 74 41 des
631 1692 210 42 danseurs
865 1693 52 41 de
935 1695 127 39 corde
1086 1710 36 26 ».
1148 1693 68 41 En
1246 1695 129 55 1657,
1410 1703 123 33 autre
1556 1695 261 55 permission
1839 1695 59 41 du
1921 1697 143 39 même
2081 1699 23 37 à
2130 1696 56 41 Da-

444 1766 107 41 telin
573 1781 22 24 ((
616 1776 315 46 entrepreneur
951 1768 53 41 de
1034 1768 211 41 danseurs
1280 1768 53 41 de
1366 1769 127 40 corde
1516 1785 37 24 ».
1589 1758 313 53 Évidemment
1945 1783 67 28 ces
2034 1770 174 54 gens-là

444 1853 54 27 ne
520 1841 246 54 pouvaient
788 1842 123 41 avoir
933 1841 95 42 rien
1069 1842 52 41 de
1160 1856 215 28 commun
1407 1856 102 28 avec
1533 1844 58 40 les
1612 1855 171 29 acteurs
1805 1844 52 41 de
1893 1844 207 56 province
2128 1858 85 40 que

444 1914 91 41 vise
567 1914 41 41 la
627 1924 203 33 sentence
850 1915 59 42 du
931 1918 20 39 5
979 1916 156 41 février
1163 1917 130 54 1596,
1324 1930 72 27 car
1413 1916 205 55 jusqu'en
1656 1918 131 55 1678,
1811 1926 201 33 sauteurs
2040 1927 41 32 et
2102 1919 84 39 dan-

444 2001 118 28 seurs
594 1989 53 41 de
682 1989 129 41 corde
843 1990 89 40 s'en
968 1990 165 41 tinrent
1167 1998 232 47 purement
1430 1998 42 32 et
1503 1990 283 55 simplement
1809 1995 23 37 à
1864 1990 114 42 leurs
2001 1992 210 40 exercices

442 2064 230 53 corporels.
710 2063 104 43 Cela
848 2064 157 42 résulte
1039 2065 53 40 de
1120 2065 363 41 l'avertissement
1514 2065 77 54 qui
1629 2079 43 27 se
1704 2074 155 33 trouve
1889 2079 54 28 en
1972 2068 84 41 tête
2083 2066 134 41 d'une

442 2140 149 52 espèce
611 2139 53 40 de
700 2139 119 56 pièce
851 2140 78 54 qui
965 2139 67 42 fut
1064 2140 125 54 jouée
1230 2147 108 34 cette
1366 2141 138 39 année
1537 2144 22 36 à
1597 2140 41 40 la
1675 2140 128 42 Foire
1840 2139 377 55 Saint-Germain,

445 2227 56 26 au
541 2213 71 54 jeu
656 2212 53 42 de
754 2227 161 41 paume
954 2213 248 52 d'Orléans,
1250 2213 113 41 situé
1404 2213 557 42 Cul-de-sac-de-la-Foire
2003 2216 97 49 (rue
2139 2216 73 39 des

444 2286 367 56 Quatre-Vents).
853 2287 35 41 Il
910 2302 30 41 y
962 2295 62 33 est
1046 2288 66 40 dit
1143 2300 100 42 que,
1268 2288 196 54 quoique
1489 2303 18 22 «
1534 2288 218 53 plusieurs
1776 2288 194 41 endroits
1993 2288 76 54 qui
2090 2290 102 40 envi-

443 2370 191 34 ronnent
657 2363 39 41 la
722 2361 126 42 Foire
863 2361 355 43 Saint-Germain
1239 2370 172 33 servent
1433 2361 53 41 de
1507 2361 165 42 théâtre
1690 2365 22 37 à
1735 2362 122 41 mille
1876 2363 149 40 choses
2048 2376 144 42 surpre-

446 2446 154 30 nantes
631 2450 86 41 que
756 2436 90 41 l'on
883 2436 168 41 admire
1081 2444 101 33 tous
1223 2436 60 41 les
1311 2450 97 40 ans,
1443 2436 95 41 rien
1577 2436 265 55 n'approche
1878 2437 52 40 de
1965 2451 46 26 ce
2048 2438 77 54 qui
2159 2451 53 29 va

444 2513 199 53 paraître.
670 2526 19 25 #
714 2511 233 51 Qu'est-ce
970 2524 86 42 que
1083 2510 144 42 c'était
1245 2524 86 41 que
1353 2518 112 34 cette
1486 2510 251 42 merveille?
1768 2510 62 42 La
1860 2512 117 54 pièce
1999 2526 54 28 en
2088 2525 104 41 ques-

442 2592 114 47 tion,
587 2586 188 55 laquelle
804 2600 24 27 a
862 2599 114 42 pour
1003 2585 102 44 titre
1142 2585 64 41 les
1230 2586 171 41 Forces
1436 2585 55 41 de
1520 2584 196 42 Vamour
1751 2592 41 34 et
1822 2585 56 42 de
1911 2586 45 41 la
1991 2587 153 53 magie
2176 2594 41 34 et

444 2674 123 41 passe
588 2674 114 42 pour
725 2660 40 42 la
778 2661 230 54 première
1030 2660 77 55 qui
1129 2660 61 42 ait
1211 2661 65 41 été
1295 2660 269 55 représentée
1586 2663 22 37 à
1633 2659 41 42 la
1698 2659 147 45 Foire.
1870 2660 172 55 Malgré
2063 2661 133 41 l'aver-

445 2735 245 53 tissement,
715 2749 114 27 nous
845 2749 192 27 sommes
1060 2735 153 41 fondés
1232 2739 23 37 à
1278 2735 140 40 croire
1441 2748 86 41 que
1555 2735 90 41 cela
1674 2735 110 41 n'est
1814 2749 91 41 pas.
1943 2735 271 54 Seulement,

448 2823 86 41 que
557 2816 103 34 sont
676 2810 219 40 devenues
912 2810 60 40 les
987 2812 169 39 autres?
1187 2808 228 56 Pourquoi
1436 2823 55 28 ne
1514 2817 280 34 trouve-t-on
1811 2810 95 40 rien
1930 2809 80 55 qui
2034 2823 182 41 marque

446 2898 55 26 au
528 2883 146 41 moins
692 2883 38 41 le
754 2897 178 41 passage
952 2886 24 38 à
994 2882 40 42 la
1056 2882 129 42 Foire
1205 2883 76 41 des
1302 2883 155 41 rivaux
1491 2897 57 27 ou
1580 2885 73 39 des
1676 2884 167 40 émules
1871 2883 71 41 des
1966 2883 250 41 comédiens

444 2959 54 40 de
537 2958 149 41 l'hôtel
728 2958 51 41 de
816 2958 261 55 Bourgogne
1095 2961 16 39 ?
1145 2958 61 42 Ce
1246 2967 101 34 sont
1383 2958 73 41 des
1485 2958 229 56 questions
1744 2971 83 41 que
1858 2966 107 33 cette
1995 2958 128 42 étude
2165 2973 52 28 ne

444 3043 166 47 permet
651 3047 77 42 pas
762 3032 251 43 d'élucider.

503 3109 415 42 Contentons-nous
936 3107 52 42 de
1011 3108 89 41 dire
1123 3121 86 42 que
1230 3107 253 44 l'obscurité
1498 3121 114 28 cesse
1634 3112 22 37 à
1678 3106 135 56 partir
1835 3107 51 41 de
1904 3107 87 41 l'an
2023 3108 128 56 1697.

506 3184 269 41 N'oublions
808 3199 75 40 pas
916 3197 154 28 encore
1103 3183 212 55 d'ajouter
1341 3198 86 41 que
1449 3183 109 42 dans
1592 3182 39 42 le
1651 3182 92 55 laps
1771 3182 51 41 de
1845 3190 140 48 temps
2010 3183 78 55 qui
2120 3184 100 43 s'est

449 3259 148 41 écoulé
619 3268 118 34 entre
759 3259 280 55 l'apparition
1063 3259 73 41 des
1158 3269 170 31 acteurs
1348 3259 51 41 de
1423 3257 208 57 province
1647 3265 41 33 et
1709 3257 40 41 la
1772 3257 212 55 première
1998 3260 198 53 représen-

448 3333 93 42 tion
559 3334 72 41 des
654 3335 169 42 Forces
844 3336 55 41 de
931 3335 196 42 Vamour
1147 3342 42 34 et
1210 3335 55 41 de
1288 3335 45 42 la
1356 3333 154 56 magie
1515 3366 9 19 ,
1553 3332 185 42 Brioché
1757 3333 119 42 avait
1898 3333 221 43 introduit
2139 3350 80 27 son

446 3408 99 55 jeux
569 3408 53 42 de
642 3408 320 43 marionnettes
984 3412 22 38 à
1031 3409 39 41 la
1095 3408 144 52 Foire,
1258 3417 42 33 et
1316 3408 108 55 qu'il
1440 3407 116 41 avait
1578 3420 52 28 eu
1655 3408 227 56 beaucoup
1904 3409 314 44 d'imitateurs.
