2497 3982
919 436 212 42 REVUE
1166 436 111 42 DES
1307 436 333 43 CONCERTS

2070 442 79 41 123

445 584 293 39 CONCERTS
760 586 359 37 POPULAIRES.
1222 586 55 37 Le
1306 595 165 29 concert
1492 587 184 50 spirituel
1698 588 54 38 du
1780 589 194 37 vendredi
2000 588 105 38 saint
2133 602 23 24 a

394 650 61 38 été
478 654 167 47 marqué
681 665 70 36 par
777 652 35 37 la
842 653 198 47 première
1071 652 186 38 audition
1280 654 97 37 d'un
1409 656 191 50 Requiem
1633 656 127 38 inédit
1788 656 47 38 de
1873 657 55 36 M.
1960 657 190 37 Gounod.

395 718 113 37 Cette
543 717 271 50 composition
847 718 210 51 religieuse
1098 722 222 48 comprend
1355 722 68 37 dix
1461 736 219 25 morceaux
1711 736 7 25 :
1755 725 149 37 Introït
1940 731 39 29 et
2010 723 144 51 Kyrie

393 786 165 44 (double
579 786 182 49 chœur);
792 786 98 38 Dies
912 788 84 36 Irœ
1015 788 193 49 (chœur);
1242 790 108 47 Quid
1367 802 87 26 sum
1482 792 123 37 miser
1622 795 225 47 (quatuor);
1874 793 195 45 Quœrens
2093 804 63 24 me

393 854 135 36 sedisti
559 853 197 46 (chœur);
779 855 231 50 Ingemisco
1045 857 132 46 (duo);
1207 859 111 36 Inter
1339 871 90 25 oves
1457 859 196 49 (chœur);
1677 861 259 49 Lacrymosa
1958 859 199 49 (chœur);

393 920 169 36 Sanctus
584 919 197 49 (chœur);
804 921 77 37 Pie
908 923 97 36 Jesu
1025 925 215 47 (sextuor);
1264 925 146 52 Agnus
1429 928 79 36 Dei
1532 927 188 49 (chœur).
1746 929 66 36 Un
1835 927 184 38 onzième
2046 939 84 25 mor-

393 1000 111 33 ceau,
537 988 36 36 le
595 988 147 37 chœur
777 989 47 37 de
848 990 21 36 /'
878 991 219 51 Offertoire
1117 1005 22 25 a
1164 994 62 37 été
1249 995 205 50 supprimé
1473 1009 71 37 par
1565 997 174 37 Fauteur
1765 996 216 38 lui-même
2004 997 22 36 à
2047 996 111 38 l'une

392 1056 67 36 des
478 1056 205 38 dernières
706 1058 254 48 répétitions.

440 1143 129 49 Après
592 1155 81 25 une
696 1143 240 40 ritournelle
964 1146 48 39 de
1035 1148 196 50 quelques
1248 1162 194 36 mesures,
1460 1150 56 38 les
1534 1151 95 38 voix
1647 1158 214 42 attaquent
1880 1150 175 38 Vlntroït
2065 1164 71 38 pia-

394 1211 187 48 nissimo;
602 1212 95 37 elles
720 1212 186 40 s'enflent
926 1227 79 38 peu
1035 1214 22 38 à
1088 1229 93 36 peu,
1213 1226 223 30 soutenues
1465 1231 73 37 par
1571 1232 57 25 un
1662 1219 213 39 crescendo
1906 1220 249 37 d'orchestre

393 1277 70 48 qui
484 1278 160 39 aboutit
677 1280 22 37 à
721 1293 81 25 une
834 1281 187 39 brillante
1051 1282 212 50 explosion
1283 1285 69 37 des
1380 1286 171 39 cuivres.
1579 1287 110 47 Puis,
1713 1301 51 24 au
1795 1299 150 39 moyen
1967 1287 98 37 d'un
2086 1287 46 37 de-

394 1349 217 35 crescendo
633 1347 250 39 habilement
915 1350 184 50 ménagé,
1132 1351 55 37 les
1210 1352 201 39 sonorités
1442 1355 49 37 de
1512 1355 235 38 l'orchestre
1779 1364 40 29 et
1849 1355 70 38 des
1952 1355 95 37 voix
2071 1369 16 21 «
2119 1367 40 25 se

396 1423 199 28 couvrent
616 1415 49 37 de
688 1416 168 38 cendres
875 1431 15 21 »
918 1426 38 28 et
982 1418 197 38 viennent
1203 1421 214 38 s'éteindre
1443 1422 100 38 dans
1565 1435 58 24 un
1646 1422 147 38 silence
1821 1423 174 49 lugubre
2026 1430 113 29 entre-

396 1483 129 48 coupé
541 1494 71 37 par
633 1482 55 37 les
709 1485 142 48 Kyrie
867 1485 146 37 eleison
1024 1489 14 33 !
1062 1487 162 38 Christe
1244 1488 175 38 eleison!
1438 1502 80 36 que
1541 1490 35 37 le
1605 1491 146 36 chœur
1778 1490 97 49 jette
1910 1491 121 36 d'une
2063 1487 97 39 voix

395 1550 149 36 sourde
563 1562 159 26 comme
738 1552 36 36 le
795 1553 274 47 grondement
1090 1554 174 38 lointain
1287 1557 96 36 d'un
1406 1557 82 49 glas
1509 1557 187 40 funèbre.
1727 1559 103 36 Sans
1858 1571 200 36 manquer
2079 1557 22 37 à
2123 1559 37 37 la

395 1617 168 37 sévérité
595 1618 55 36 du
691 1619 101 49 style
833 1619 207 50 religieux,
1078 1633 44 26 ce
1162 1635 191 26 morceau
1393 1623 148 38 atteint
1572 1625 21 36 à
1634 1637 82 24 une
1747 1626 152 49 grande
1939 1626 216 49 puissance

393 1685 276 48 d'expression
689 1695 38 28 et
748 1687 49 37 de
820 1687 161 48 coloris,
1006 1697 39 29 et
1066 1702 58 36 ce,
1142 1703 72 36 par
1230 1691 180 49 l'emploi
1427 1693 69 36 des
1515 1705 170 38 moyens
1706 1693 57 37 les
1778 1694 92 47 plus
1886 1693 175 49 simples.
2084 1695 75 36 Les

395 1751 136 49 appels
550 1752 48 36 de
619 1761 238 41 trompettes
879 1754 72 50 qui
970 1765 160 28 servent
1158 1757 322 39 d'introduction
1502 1773 53 23 au
1588 1760 99 38 Dies
1715 1762 84 37 Irœ
1804 1792 8 15 ,
1845 1761 191 38 n'offrent
2069 1760 87 39 rien

395 1820 48 36 de
467 1820 173 48 saillant,
672 1821 93 37 sauf
793 1823 197 48 quelques
1016 1825 304 38 combinaisons
1351 1827 296 51 harmoniques
1675 1842 108 24 assez
1818 1830 230 36 heureuses.
2084 1831 74 35 Les

398 1887 165 38 chœurs
584 1898 163 28 entrent
759 1903 241 37 pianissimo
1021 1900 40 29 et
1087 1905 39 24 se
1143 1893 269 50 développent
1431 1908 68 24 sur
1521 1908 81 25 une
1626 1898 259 49 progression
1915 1897 244 37 ascendante

398 1955 54 36 du
469 1956 91 48 plus
579 1957 64 36 bel
659 1956 115 49 effet;
795 1958 36 36 la
847 1971 137 36 grosse
1007 1959 122 38 caisse
1150 1970 38 27 et
1209 1962 57 37 les
1282 1971 116 29 notes
1413 1976 140 37 graves
1567 1965 68 37 des
1656 1967 240 36 trombones
1915 1974 244 29 accentuent

395 2023 36 36 le
452 2021 191 50 rhythme
665 2037 67 24 sur
754 2025 159 50 chaque
941 2035 129 40 temps
1092 2027 138 41 faible.
1259 2030 56 37 Ce
1344 2032 146 36 chœur
1511 2040 58 28 est
1591 2046 56 23 un
1670 2033 68 37 des
1762 2046 219 25 morceaux
2008 2035 35 36 le
2070 2034 89 50 plus

394 2087 221 51 largement
631 2103 152 40 conçus
800 2093 47 36 de
863 2096 36 33 la
915 2094 207 48 partition.
1143 2096 187 37 L'accent
1346 2098 232 50 mélodique
1595 2108 38 28 et
1649 2100 262 50 l'expression
1927 2101 228 38 touchante

395 2156 55 36 du
475 2156 107 45 Quid
618 2170 86 25 sum
737 2160 122 37 miser
886 2169 72 29 ont
991 2162 208 38 vivement
1229 2166 114 47 porté
1372 2178 69 24 sur
1474 2167 37 36 le
1545 2167 138 49 public
1705 2167 71 50 qui
1798 2181 22 24 a
1852 2169 242 38 redemandé
2117 2170 38 37 le

394 2235 204 26 morceau.
624 2226 56 37 Ce
704 2227 101 36 beau
825 2237 192 40 quatuor,
1039 2230 101 37 dont
1155 2231 35 37 le
1209 2242 358 29 commencement
1594 2237 177 48 rappelle
1802 2237 35 37 le
1866 2247 179 39 quatuor
2061 2251 92 24 sans

391 2301 392 40 accompagnement
805 2295 54 36 du
894 2296 144 38 Stabat
1066 2298 49 36 de
1139 2299 175 48 Rossini,
1348 2310 59 28 est
1440 2314 82 25 une
1555 2303 207 38 merveille
1797 2305 47 36 de
1873 2305 168 38 facture.
2081 2307 78 36 Les

391 2357 210 39 différents
628 2361 183 48 épisodes
841 2363 99 48 qu'il
979 2376 217 37 renrerme,
1224 2368 97 36 Rex
1358 2369 221 37 tremendœ
1606 2378 39 29 et
1676 2371 234 38 Recordare
1948 2381 92 29 sont
2061 2385 71 36 par-

391 2425 212 40 faitement
641 2427 188 51 indiqués
864 2439 39 28 et
939 2430 160 39 chacun
1134 2434 121 36 d'eux
1289 2442 59 30 est
1382 2438 169 48 marqué
1587 2439 48 36 de
1661 2451 73 24 son
1758 2443 202 34 caractère
1993 2453 164 37 propre.

393 2495 139 46 Quant
547 2507 50 25 au
621 2496 113 49 style,
758 2498 29 35 il
810 2510 40 25 se
873 2498 101 38 tient
995 2509 301 29 constamment
1318 2515 70 25 sur
1409 2503 55 37 les
1487 2505 158 37 confins
1665 2506 48 37 de
1741 2506 37 37 la
1793 2507 189 49 musique
1999 2508 130 39 drama-

391 2563 115 48 tique
527 2571 38 28 et
584 2563 49 37 de
652 2563 37 37 la
706 2564 186 49 musique
909 2566 213 49 religieuse
1140 2578 8 36 ;
1169 2566 21 39 à
1213 2581 97 25 mon
1329 2570 97 47 avis,
1451 2571 26 36 il
1498 2573 159 47 penche
1678 2581 91 30 tout
1790 2578 20 33 à
1832 2574 70 37 fait
1917 2576 54 36 du
1992 2577 88 36 côté
2103 2577 48 38 de

389 2630 35 37 la
448 2630 213 49 première.
682 2632 54 37 Le
756 2632 145 37 chœur
921 2634 194 46 Quœrens
1144 2648 63 24 me
1226 2644 58 29 est
1306 2649 176 39 presque
1506 2639 253 50 pittoresque
1782 2642 95 37 bien
1896 2642 99 50 qu'il
2029 2644 55 37 ait
2117 2645 36 37 la

391 2696 215 51 simplicité
623 2699 182 38 d'accent
826 2700 71 49 qui
920 2701 193 39 convient
1134 2703 22 36 à
1170 2715 57 25 un
1250 2717 192 26 morceau
1459 2705 211 51 religieux.

442 2785 41 37 L'
487 2785 243 53 lngemisco,
757 2787 81 37 duo
871 2800 105 37 pour
997 2801 175 37 soprano
1193 2799 38 29 et
1254 2792 126 47 basse,
1405 2801 39 29 et
1466 2793 35 37 le
1524 2794 147 38 chœur
1692 2797 113 37 Inter
1825 2809 91 27 oves
1938 2809 40 26 se
2004 2798 127 38 distin-

389 2862 127 38 guent
537 2862 162 29 surtout
717 2867 72 36 par
809 2856 265 38 dëminentes
1108 2857 171 49 qualités
1300 2860 50 36 de
1371 2860 175 49 facture;
1573 2871 163 41 notons,
1773 2865 99 38 dans
1894 2879 44 24 ce
1972 2867 176 45 dernier,

388 2933 57 24 un
466 2935 164 36 passage
650 2923 98 37 d'un
769 2924 102 37 beau
892 2925 235 48 sentiment,
1155 2926 80 37 Oro
1256 2928 175 49 supplex
1437 2958 7 17 ,
1466 2933 273 49 accompagné
1768 2945 74 36 par
1862 2934 35 37 le
1920 2935 86 36 seul
2028 2935 98 36 haut-

388 2989 101 38 bois.
516 2991 54 37 Le
593 3002 354 29 commencement
981 2994 54 36 du
1058 2995 258 49 Lacrymosa
1350 2998 213 46 reproduit
1590 2999 35 37 le
1653 3001 134 38 dessin
1820 3003 236 49 mélodique
2092 3004 54 36 du

391 3057 108 46 Qiiid
517 3070 88 27 sum
627 3061 145 48 miser]
797 3062 38 38 la
856 3062 240 38 conclusion
1119 3063 112 38 Huic
1252 3076 114 40 ergo,
1402 3074 200 30 soutenue
1635 3070 144 46 parles
1812 3071 159 48 harpes,
2005 3083 49 24 en
2088 3080 63 28 est

389 3128 79 33 très
499 3128 115 38 belle.
647 3130 149 50 Malgré
831 3131 35 37 la
896 3143 148 38 pompe
1080 3131 120 38 d'une
1237 3133 297 38 orchestration
1570 3139 79 34 très
1685 3137 188 38 brillante
1907 3138 35 37 le
1970 3140 172 36 Sanctus

390 3206 175 37 manque
584 3197 48 37 de
650 3199 204 47 grandeur
889 3208 38 29 et
958 3200 359 37 d'enthousiasme.
1345 3202 53 36 Le
1420 3203 74 36 Pie
1527 3205 95 36 Jesu
1659 3214 58 28 est
1751 3205 99 38 écrit
1878 3206 47 37 de
1962 3206 111 38 main
2099 3208 49 36 de

390 3262 141 37 maître
560 3272 37 28 et
612 3267 183 37 contient
817 3280 55 24 un
891 3268 126 49 grand
1035 3269 171 37 nombre
1223 3267 153 39 d'effets
1395 3270 170 38 curieux
1583 3280 38 29 et
1645 3273 47 36 de
1717 3274 301 38 combinaisons
2041 3276 86 36 inté-

392 3339 211 39 ressantes,
623 3345 78 36 que
722 3334 34 51 je
777 3337 288 36 recommande
1090 3339 21 34 à
1132 3336 230 38 l'attention
1386 3338 67 37 des
1477 3338 233 50 musiciens,
1729 3349 39 29 et
1783 3342 131 48 parmi
1937 3342 214 50 lesquelles

393 3396 33 51 je
448 3395 211 50 signalerai
680 3402 377 47 particulièrement
1078 3416 57 25 un
1166 3404 204 51 fragment
1400 3405 49 38 de
1483 3418 160 38 gamme
1684 3407 284 51 chromatique
2002 3410 149 38 chanté

389 3474 72 38 par
483 3464 35 37 le
537 3464 145 38 chœur
702 3479 49 25 en
772 3479 263 30 mouvement
1056 3472 248 39 descendant
1323 3481 39 30 et
1381 3474 198 49 complété
1602 3487 71 36 par
1694 3476 233 40 l'orchestre
1948 3490 49 26 en
2030 3490 89 26 mou-
