2497 3982
921 328 78 41 LA
1031 328 389 55 CHRONIQUE
1453 331 319 44 MUSICALE

547 365 0 0 110

459 468 261 44 distincts-là
744 477 56 36 où
823 473 40 41 la
887 482 153 34 nature
1063 476 58 41 du
1143 477 63 41 sol
1228 486 40 33 et
1283 478 40 42 la
1346 480 203 53 présence
1562 480 59 41 du
1642 479 85 43 fort
1747 480 250 42 hollandais
2013 482 76 54 qui
2105 496 90 28 com-

461 545 159 42 mande
643 547 38 42 le
699 547 63 42 lac
786 548 293 56 s'opposaient
1100 557 23 35 à
1145 552 41 41 la
1208 554 242 53 possibilité
1470 556 52 41 de
1543 563 108 34 cette
1672 556 306 55 propagation.
2007 573 17 21 »

519 620 83 41 Des
626 635 100 26 sons
759 623 274 52 semblables,
1057 625 107 42 dont
1185 627 59 40 les
1267 642 240 41 voyageurs
1533 630 143 41 disent
1705 630 237 51 merveille,
1966 638 99 34 sont
2086 632 117 54 égale-

459 706 121 29 ment
599 696 216 40 entendus
839 710 74 26 sur
934 698 143 41 divers
1098 700 147 54 points
1267 702 59 41 du
1357 704 223 54 voisinage
1608 705 73 41 des
1702 707 116 41 côtes
1843 705 202 56 baignées
2078 719 76 42 par
2182 706 42 41 la

460 782 92 27 mer
570 770 70 39 des
665 769 142 53 Indes,
830 779 42 32 et
889 771 108 42 dans
1015 773 38 40 le
1074 784 97 44 port
1188 776 141 42 même
1351 778 52 40 de
1425 779 216 55 Bombay.

524 844 109 40 Tout
654 845 97 53 près
773 846 59 39 du
854 846 284 42 débarcadère
1157 849 52 41 de
1232 849 199 55 Caldéra,
1461 863 99 44 port
1582 854 163 42 chilien
1766 855 52 41 de
1838 855 38 41 la
1902 869 91 27 mer
2020 855 59 41 du
2114 855 106 52 Sud,

458 917 71 40 des
561 926 196 33 concerts
779 921 289 40 sous-marins
1090 922 50 40 de
1176 925 141 39 même
1339 934 112 33 sorte
1484 935 77 32 ont
1583 928 85 40 lieu
1691 929 338 54 fréquemment.
2057 929 73 40 On
2152 944 46 26 as-

456 1005 98 26 sure
576 1006 85 40 que
682 992 58 40 les
762 1007 101 27 sons
887 994 200 54 produits
1112 1010 75 41 par
1217 997 58 41 les
1299 999 237 41 musiciens
1564 1002 76 53 qui
1663 1016 28 40 y
1725 1002 95 42 font
1840 1003 94 41 leur
1966 1004 138 54 partie
2126 1015 97 30 sont

457 1065 133 40 d'une
609 1067 162 52 grande
792 1067 194 42 douceur
1007 1077 41 34 et
1068 1070 133 42 d'une
1220 1072 248 42 délicatesse
1486 1076 207 51 extrême,
1719 1084 40 33 et
1782 1077 212 41 semblent
2017 1077 205 55 provenir

460 1139 72 40 des
557 1140 147 40 cordes
735 1140 133 42 d'une
891 1142 240 43 multitude
1151 1145 51 41 de
1222 1145 153 56 harpes
1403 1147 129 41 mises
1555 1161 53 27 en
1639 1149 221 41 vibration
1893 1164 77 41 par
1998 1151 60 40 les
2079 1152 141 52 doigts

456 1212 178 42 délicats
658 1223 41 32 et
721 1222 296 48 transparents
1035 1218 52 40 de
1100 1227 97 33 tout
1221 1234 86 26 une
1326 1221 139 41 bande
1486 1222 51 40 de
1559 1223 173 54 syrènes
1754 1223 240 42 invisibles.
2017 1224 80 41 Ces
2119 1239 101 26 sons

454 1288 207 41 s'élèvent
684 1298 41 31 et
757 1289 256 44 s'abaissent
1025 1291 52 41 de
1098 1303 153 44 quatre
1274 1302 139 34 notes.

510 1360 156 50 Quant
697 1376 83 27 aux
804 1364 212 42 animaux
1049 1366 78 54 qui
1157 1368 259 53 produisent
1446 1369 52 41 de
1531 1370 80 41 tels
1640 1384 114 38 sons,
1781 1371 31 40 il
1837 1373 139 52 paraît
2004 1385 86 41 que
2123 1385 73 42 per-

453 1448 140 28 sonne
618 1450 52 26 ne
687 1436 98 42 s'est
803 1437 118 42 avisé
940 1439 52 40 de
1016 1441 202 41 s'assurer
1232 1442 50 40 de
1303 1443 94 41 leur
1415 1443 180 41 identité
1688 1458 53 28 en
1764 1453 98 33 tout
1883 1460 69 26 cas
1970 1445 38 41 le
2030 1450 186 51 mystère

453 1509 50 40 de
526 1509 94 41 leur
642 1510 216 42 existence
880 1521 63 33 est
961 1513 177 42 inviolé.
1166 1516 68 40 En
1255 1519 316 52 conséquence,,
1594 1518 323 54 l'imagination
1941 1527 104 47 peut
2067 1533 152 28 encore

455 1597 42 26 se
520 1583 169 42 donner
712 1586 182 40 carrière
916 1595 41 32 et
978 1587 38 40 le
1039 1588 132 41 chant
1185 1590 71 39 des
1278 1592 175 52 syrènes
1474 1591 226 41 redevenir
1722 1597 23 35 à
1766 1592 40 40 la
1830 1592 146 42 mode.

513 1657 34 41 Il
570 1666 63 32 est
654 1658 93 41 vrai
770 1672 86 42 que
879 1660 61 41 les
959 1671 193 32 concerts
1173 1664 59 40 du
1255 1672 95 46 port
1368 1664 52 41 de
1439 1664 181 42 Caldera
1644 1674 41 32 et
1706 1679 107 27 ceux
1836 1667 59 39 du
1924 1666 64 41 lac
2005 1666 52 41 de
2082 1665 113 41 Batti-

451 1733 135 49 caloa,
611 1742 79 32 ont
710 1733 228 56 beaucoup
959 1737 51 38 de
1028 1737 329 53 ressemblance,
1383 1751 44 27 ce
1449 1738 79 54 qui
1550 1738 209 54 autorise,
1780 1739 175 54 jusqu'à
1976 1753 61 27 un
2053 1740 162 40 certain

452 1806 138 54 point,
626 1810 23 36 à
677 1808 203 40 conclure
901 1811 23 37 à
946 1808 215 43 l'identité
1182 1811 73 40 des
1282 1811 189 53 artistes,
1509 1811 109 41 dont
1660 1825 87 28 une
1782 1820 158 46 troupe
1962 1813 253 51 vagabonde

450 1880 199 54 pourrait
684 1881 123 41 s'être
829 1884 269 53 transportée
1127 1884 108 41 d'un
1265 1885 125 55 point
1424 1900 75 27 sur
1521 1886 168 42 l'autre.
1716 1886 118 41 Mais
1856 1900 46 28 ce
1924 1886 111 42 n'est
2052 1886 165 56 qu'une

449 1953 247 42 induction.

505 2029 64 42 M.
585 2031 54 40 A.
658 2027 52 42 de
726 2029 197 52 Thoron,
946 2030 110 41 dans
1082 2046 87 26 une
1191 2032 125 41 lettre
1338 2033 192 41 adressée
1562 2037 24 37 à
1615 2034 268 41 l'Académie
1912 2034 71 41 des
2011 2034 201 54 sciences,

448 2104 106 39 rend
591 2110 171 48 compte
795 2117 171 28 comme
988 2105 31 40 il
1043 2105 89 42 suit
1152 2106 52 41 de
1233 2107 232 41 l'audition
1488 2108 106 40 d'un
1615 2117 169 33 concert
1818 2108 59 41 du
1902 2109 141 40 même
2065 2121 146 41 genre,

447 2178 108 40 dont
582 2176 31 41 il
644 2176 68 41 fut
744 2177 142 54 régalé
921 2192 76 26 sur
1032 2178 41 42 la
1106 2179 124 55 plage
1252 2180 52 40 de
1339 2180 41 42 la
1420 2182 94 40 baie
1547 2182 58 40 du
1641 2182 154 40 Pailon
1828 2182 302 54 (République
2162 2182 50 40 de

447 2248 295 57 l'Equateur).

507 2341 116 25 «...
658 2325 74 41 Un
766 2339 78 27 son
880 2326 188 55 étiange,
1094 2328 315 41 extrêmement
1435 2342 131 41 grave
1597 2339 40 31 et
1670 2329 225 55 prolongé,
1926 2342 42 27 se
1995 2329 218 55 produisit

449 2406 162 34 autour
630 2399 50 40 de
701 2399 107 40 moi.
844 2400 74 40 Un
943 2414 84 41 peu
1051 2401 97 54 plus
1168 2401 110 52 loin,
1301 2402 229 55 j'entendis
1553 2417 88 27 une
1676 2403 240 42 multitude
1943 2403 52 40 de
2015 2403 106 41 voix
2150 2403 42 40 di-

447 2486 140 26 verses
609 2472 78 55 qui
711 2473 385 43 s'harmonisaient
1125 2483 42 34 et
1194 2476 222 42 imitaient
1448 2477 305 55 parfaitement
1773 2477 59 41 les
1853 2491 99 27 sons
1973 2478 52 40 de
2046 2477 165 55 l'orgue

445 2547 194 49 d'église.

505 2639 17 20 «
548 2622 116 42 C'est
695 2636 94 28 vers
821 2624 39 40 le
893 2623 186 41 coucher
1100 2624 59 42 du
1183 2624 122 42 soleil
1336 2639 85 41 que
1442 2626 60 41 les
1536 2626 200 55 poissons
1771 2637 301 30 commencent
2104 2634 106 33 cette

446 2706 110 31 sorte
575 2696 53 41 de
648 2697 149 53 chant,
820 2706 40 31 et
877 2697 52 42 ils
949 2698 265 43 continuent
1235 2700 191 54 pendant
1446 2699 41 42 la
1511 2702 116 51 nuit,
1649 2701 180 41 imitant
1851 2701 59 40 les
1939 2708 100 33 tons
2062 2713 149 40 graves

445 2779 41 32 et
509 2784 182 41 moyens
712 2772 52 40 de
796 2771 181 55 l'orgue.
1010 2772 60 41 La
1094 2774 222 41 sensation
1337 2776 217 53 éprouvée
1583 2783 63 34 est
1679 2775 237 40 semblable
1938 2778 23 37 à
1994 2774 101 40 celle
2123 2787 87 40 que

444 2843 240 42 détermine
704 2844 38 41 le
762 2844 71 55 jeu
857 2847 52 38 de
929 2853 67 33 cet
1018 2845 286 55 instrument,
1324 2861 90 27 non
1438 2862 100 27 sous
1560 2848 58 41 les
1640 2850 166 49 voûtes,
1832 2848 109 40 mais
1954 2847 59 40 du
2032 2846 174 53 dehors,

443 2932 172 28 comme
637 2918 227 56 lorsqu'on
884 2927 63 34 est
969 2921 97 54 près
1087 2921 52 40 de
1157 2921 40 40 la
1218 2930 122 46 porte
1359 2923 132 40 d'une
1512 2923 144 53 église.
1683 2939 18 20 »

499 2994 64 41 M.
594 2994 38 40 le
654 3003 142 31 comte
823 2995 52 39 de
903 2993 251 52 Castelnau,
1179 2997 107 39 dans
1310 3010 44 27 sa
1375 2996 287 54 Description
1685 2995 78 41 des
1774 2995 215 55 poissons
2011 2996 173 40 recueil-

442 3069 58 41 lis
533 3069 113 40 dans
682 3068 275 56 iAmérique
990 3069 61 41 du
1092 3071 98 40 Sud
1196 3104 9 20 ,
1247 3070 144 55 ajoute
1432 3071 40 40 la
1509 3070 201 40 suivante
1742 3073 22 36 à
1799 3077 96 34 tant
1927 3069 51 42 de
1999 3069 207 42 relations

441 3143 238 41 curieuses.

498 3235 22 21 «
544 3219 125 40 Nous
689 3219 142 42 étions
854 3233 61 26 un
932 3219 86 41 soir
1039 3220 107 41 dans
1168 3219 39 42 la
1230 3219 138 55 partie
1390 3219 52 40 de
1463 3218 336 55 l'Araguayqui
1823 3226 63 33 est
1907 3219 203 41 obstruée
2133 3233 77 41 par

439 3292 73 41 des
534 3293 230 42 bas-fonds
787 3302 41 33 et
862 3294 72 40 des
968 3295 187 54 rapides,
1181 3305 40 30 et
1246 3294 38 41 le
1319 3293 122 41 soleil
1476 3293 149 40 venait
1647 3292 49 41 de
1726 3307 41 27 se
1802 3293 187 42 coucher
2022 3295 186 41 derrière

439 3364 194 55 l'épaisse
652 3367 248 53 végétation
922 3367 79 55 qui
1027 3368 130 41 borde
1191 3381 46 27 ce
1270 3367 141 40 fleuve
1432 3365 107 42 dans
1562 3374 100 34 tout
1684 3380 78 28 son
1786 3381 220 41 parcours,
2032 3368 176 57 lorsque
