2497 3982
457 344 82 41 150

922 347 77 43 LA
1032 348 388 55 CHRONIQUE
1455 353 320 42 MUSICALE

574 475 65 37 On
663 476 136 39 étudie
828 490 49 25 en
912 491 43 26 ce
990 489 197 40 moment,
1211 495 80 24 aux
1312 482 231 40 ministères
1565 485 70 37 des
1660 484 257 38 Beaux-Arts
1945 492 38 30 et
2008 484 54 37 du
2094 485 93 37 Com-

451 547 149 36 merce,
625 538 106 37 deux
759 540 307 38 combinaisons
1098 551 122 39 ayant
1247 556 105 36 pour
1373 547 72 35 but
1465 546 37 36 la
1536 547 180 38 création
1740 548 47 36 de
1809 545 210 39 différents
2040 546 177 39 théâtres

451 596 100 39 dans
569 599 12 36 1
599 600 184 38 enceinte
804 601 48 38 de
875 602 36 37 la
934 603 135 36 future
1094 604 244 49 Exposition
1358 608 248 38 universelle
1629 609 49 38 de
1700 609 116 50 1878.

566 737 36 36 A
623 736 11 37 1
653 738 187 37 occasion
861 738 49 37 de
927 739 11 36 1
955 738 291 51 inauguration
1274 742 48 38 de
1341 743 37 38 la
1399 752 131 31 statue
1552 747 47 37 de
1625 748 195 47 Rameau,
1844 748 183 37 l'illustre
2049 759 137 38 compo-

449 797 126 37 siteur
597 801 165 35 nommé
781 802 19 33 à
822 797 104 51 juste
948 800 93 37 titre
1061 802 36 36 le
1124 805 94 46 père
1247 805 49 36 de
1324 805 36 37 la
1386 808 187 48 musique
1602 808 213 54 française,
1841 809 35 38 la
1898 809 96 39 ville
2017 810 49 37 de
2090 809 125 50 Dijon

448 870 140 37 ouvre,
611 872 106 35 pour
731 860 35 37 le
785 873 41 25 io
849 862 98 36 août
968 862 214 50 prochain,
1205 878 56 24 un
1284 868 128 47 grand
1435 881 202 26 concours
1656 872 294 38 international
1966 872 250 50 d'orphéons

447 928 38 29 et
505 921 48 36 de
582 921 222 51 musiques,
827 923 151 50 auquel
999 933 94 29 sont
1114 927 187 39 conviées
1330 936 134 32 toutes
1496 931 56 37 les
1575 932 181 39 Sociétés
1776 933 220 53 françaises
2017 943 39 30 et
2077 935 114 38 étran-

445 983 131 47 gères.

572 1118 65 38 On
665 1121 113 36 vient
805 1121 48 37 de
877 1122 231 49 découvrir,
1133 1124 101 39 dans
1254 1125 56 38 les
1338 1126 184 39 archives
1542 1128 56 37 du
1622 1127 157 41 théâtre
1798 1130 48 38 de
1872 1131 170 51 Raguse,
2066 1132 131 51 l'origi-

446 1176 66 39 nal
534 1178 98 39 delà
649 1183 196 47 partition
865 1184 47 37 de
935 1185 40 37 la
991 1186 163 37 Norma
1159 1216 8 18 ,
1185 1187 36 37 le
1245 1187 293 40 chef-d'œuvre
1557 1190 48 37 de
1624 1191 165 48 Bellini,
1808 1204 50 26 en
1871 1201 143 41 quatre
2029 1194 185 38 volumes

445 1241 48 36 de
513 1243 203 48 musique,
741 1245 119 38 écrits
883 1246 49 38 de
953 1246 36 37 la
1011 1247 112 38 main
1146 1249 48 37 de
1225 1249 150 37 Bellini
1396 1250 229 40 lui-même.

494 1302 56 38 Ce
569 1305 224 38 manuscrit
814 1319 22 24 a
858 1307 61 38 été
941 1309 142 38 acheté
1101 1322 118 35 2,000
1241 1310 133 39 francs
1392 1324 71 37 par
1482 1313 35 37 le
1543 1314 139 38 musée
1703 1315 48 37 de
1776 1316 37 37 la
1834 1315 109 39 ville.

564 1442 92 37 Une
679 1443 188 38 nouvelle
888 1445 217 50 supplique
1126 1460 48 25 va
1197 1449 84 37 être
1301 1449 185 39 adressée
1507 1453 20 35 à
1543 1450 37 38 la
1602 1451 206 39 Chambre
1824 1465 72 37 par
1909 1453 56 38 les
1989 1453 224 38 directeurs

444 1500 48 38 de
519 1502 170 49 théâtre,
713 1505 282 40 relativement
1020 1521 50 24 au
1100 1509 107 38 droit
1227 1510 68 37 des
1320 1523 185 37 pauvres.
1528 1513 115 37 Cette
1667 1514 212 47 demande,
1898 1515 70 49 qui
1991 1524 60 29 est
2072 1516 138 49 signée

444 1575 71 37 par
538 1566 104 38 MM.
666 1566 83 37 Ritt
770 1576 39 28 et
827 1569 250 49 Larochelle,
1105 1571 207 49 Plunkett,
1331 1573 145 37 Victor
1501 1575 178 49 Koning,
1709 1577 75 36 Ch.
1822 1577 158 47 Comte,
2008 1577 200 38 Bertrand

443 1634 39 28 et
507 1627 212 48 Raymond
740 1629 234 51 Deslandes,
999 1644 87 25 sera
1109 1636 79 34 très
1211 1634 205 38 vivement
1433 1644 202 29 soutenue
1658 1646 38 28 et
1712 1650 72 37 par
1802 1638 58 37 les
1876 1640 203 36 membres
2096 1640 48 36 de
2166 1640 39 36 la

442 1687 131 37 droite
596 1697 38 28 et
651 1702 72 35 par
746 1703 101 25 ceux
867 1692 48 38 de
938 1693 36 37 la
990 1695 171 48 gauche,
1385 1705 93 28 tous
1498 1698 186 37 d'accord
1706 1712 105 37 pour
1834 1701 194 37 réclamer
2048 1702 138 36 l'annu-

443 1748 128 37 lation
600 1762 68 29 ou,
693 1759 91 29 tout
801 1765 52 24 au
875 1753 149 49 moins,
1048 1768 82 25 une
1159 1756 172 38 réforme
1360 1757 249 49 importante
1631 1760 47 36 de
1702 1773 43 25 ce
1768 1762 123 36 droit.
1917 1763 105 37 MM.
2046 1763 163 48 Tirard,

445 1810 128 36 RaouJ
602 1812 63 36 Du
672 1811 73 50 val,
767 1813 211 52 d'Osmoy,
1000 1817 167 38 Janvier
1188 1818 48 37 de
1270 1818 38 37 la
1341 1820 145 47 Motte,
1512 1821 55 36 H.
1591 1821 182 50 Lefèvre,
1801 1831 93 41 etc.,
1919 1832 89 37 etc.,
2043 1824 167 40 doivent

441 1872 176 47 prendre
638 1873 37 38 la
694 1875 138 50 parole
858 1888 52 26 en
929 1878 142 38 faveur
1088 1879 49 37 de
1162 1881 110 38 MM.
1296 1880 56 38 les
1373 1881 236 40 directeurs.

563 2013 126 38 Notre
712 2015 301 39 collaborateur
1032 2018 159 38 Arthur
1221 2020 160 50 Pougin
1402 2021 156 51 corrige
1588 2035 49 25 en
1659 2035 44 25 ce
1726 2032 186 30 moment
1933 2024 56 38 les
2011 2027 199 47 épreuves

441 2072 54 37 du
517 2075 176 48 premier
710 2078 163 38 volume
896 2079 54 36 du
972 2081 262 49 supplément
1265 2082 49 37 de
1354 2083 36 37 la
1423 2084 255 52 Biographie
1707 2086 238 39 universelle
1976 2088 68 37 des
2081 2088 104 37 Musi-

439 2133 124 43 ciens.
592 2137 55 37 Ce
668 2138 176 47 premier
864 2140 180 49 volume,
1071 2141 71 49 qui
1166 2143 239 37 contiendra
1427 2147 171 36 environ
1620 2147 108 37 deux
1756 2147 111 38 mille
1885 2147 171 45 notices,
2080 2149 107 49 paraî-

439 2204 62 28 tra
520 2196 23 38 à
562 2198 37 36 la
618 2198 179 38 librairie
816 2200 157 38 Firmin
993 2202 123 37 Didot
1133 2203 99 37 dans
1244 2204 35 37 le
1298 2215 172 28 courant
1486 2207 54 36 du
1561 2208 104 36 mois
1682 2208 48 37 de
1749 2210 228 48 septembre
1994 2210 213 44 prochain.

439 2259 104 36 Vers
562 2259 35 37 la
621 2260 132 37 même
777 2262 175 49 époque,
975 2262 35 38 la
1034 2264 180 38 librairie
1250 2265 270 51 Charpentier
1545 2277 146 29 mettra
1726 2282 50 25 en
1811 2278 122 30 vente
1966 2284 56 24 un
2058 2272 153 38 nouvel

441 2331 177 38 ouvrage
642 2321 54 37 du
717 2323 133 37 même
884 2323 178 38 écrivain
1087 2338 9 25 :
1133 2326 185 51 Adolphe
1345 2328 150 48 Adam,
1524 2342 48 25 sa
1598 2330 74 47 vie,
1707 2342 47 26 sa
1785 2332 195 47 carrière,
2024 2344 63 26 ses
2116 2334 64 37 Mé-

443 2392 148 27 moires
611 2383 233 51 artistiques
854 2415 7 7 .
891 2386 137 48 Enfin,
1057 2387 56 39 M.
1140 2387 161 49 Pougin
1332 2389 187 50 s'occupe
1550 2392 107 37 aussi
1680 2392 48 37 de
1750 2392 38 37 la
1822 2392 255 51 publication
2112 2407 74 36 pro-

440 2443 145 38 chaine
606 2445 25 35 d
647 2457 56 24 un
727 2445 100 38 livre
844 2450 80 33 très
947 2446 246 39 intéressant
1215 2459 39 27 et
1273 2452 103 36 resté
1397 2451 129 38 inédit
1548 2453 143 49 depuis
1707 2454 91 50 plus
1816 2455 97 37 d'un
1933 2454 120 39 siècle
2073 2467 7 26 :
2104 2469 106 26 nous

438 2504 175 38 voulons
647 2507 134 48 parler
815 2509 121 37 d'une
972 2511 189 36 Histoire
1188 2511 49 37 de
1272 2512 247 39 ïAcadémie
1553 2515 147 48 royale
1733 2516 49 37 de
1812 2517 180 49 musique
1997 2547 8 18 ,
2046 2531 73 37 par
2152 2518 57 38 les

433 2566 127 39 frères
583 2567 167 51 Parfait,
772 2582 79 37 que
886 2580 118 28 notre
1029 2570 300 41 collaborateur
1352 2575 87 37 doit
1460 2575 162 50 publier
1640 2589 50 25 en
1712 2577 352 51 l'accompagnant
2086 2580 121 38 d'une

436 2629 157 48 préface
616 2638 38 29 et
673 2630 49 38 de
745 2640 116 29 notes
882 2633 289 48 nombreuses,
1197 2635 155 48 d'après
1380 2636 184 51 l'unique
1583 2639 228 38 manuscrit
1829 2652 138 25 connu
1984 2642 48 36 de
2050 2650 63 30 cet
2135 2653 48 25 ou-

436 2702 133 38 vrage,
593 2691 72 50 qui
686 2692 125 39 existe
835 2697 21 34 à
876 2693 37 39 la
933 2693 292 53 Bibliothèque
1248 2697 221 40 nationale.

551 2833 133 38 Mardi
705 2833 176 50 dernier,
912 2836 44 37 25
988 2837 117 49 avril,
1134 2836 36 38 le
1192 2836 157 40 théâtre
1377 2840 69 37 des
1467 2840 95 38 Arts
1583 2841 49 37 de
1670 2843 146 37 Rouen
1849 2855 23 25 a
1894 2843 62 38 été
1984 2843 134 38 réduit
2152 2855 51 26 en

435 2895 169 37 cendres
631 2907 72 37 par
723 2909 57 25 un
809 2898 299 47 épouvantable
1141 2899 206 48 incendie,
1371 2902 72 49 qui
1475 2903 64 37 n'a
1561 2916 69 36 pas
1656 2903 70 38 fait
1754 2905 135 37 moins
1910 2906 49 36 de
1981 2905 115 49 vingt
2123 2906 61 38 vic-

433 2954 131 39 times.
586 2957 175 37 Hamlet
783 2959 97 36 était
908 2961 188 37 annoncé
1127 2972 106 37 pour
1254 2961 36 37 la
1313 2963 324 48 représentation
1666 2965 54 36 du
1756 2965 93 37 soir.
1875 2967 53 36 Le
1964 2967 67 37 feu
2051 2968 153 38 allumé

433 3017 99 37 dans
561 3018 57 37 les
638 3019 113 37 frises
772 3031 72 38 par
870 3033 57 24 un
949 3021 55 49 jet
1028 3022 47 37 de
1107 3034 85 38 gaz,
1215 3036 20 25 a
1268 3024 126 37 éclaté
1424 3037 81 25 une
1542 3025 261 39 demi-heure
1830 3026 173 39 environ
2029 3038 120 30 avant
2167 3030 36 38 le

432 3078 108 38 lever
560 3081 53 35 du
634 3081 154 37 rideau.
822 3082 75 37 Les
917 3081 173 50 artistes,
1114 3085 57 36 les
1195 3085 211 48 choristes,
1431 3087 57 36 les
1511 3086 197 51 figurants
1726 3087 176 50 (ceux-ci
1919 3092 212 47 composés
2152 3104 52 26 en

433 3141 150 48 grande
610 3142 130 49 partie
761 3144 69 37 des
854 3144 149 38 soldats
1025 3145 48 37 de
1093 3146 38 36 la
1152 3147 207 51 garnison)
1392 3148 273 38 s'habillaient
1686 3150 98 36 dans
1812 3150 109 38 leurs
1956 3151 110 50 loges
2091 3156 54 35 où
2166 3154 38 37 la

432 3203 133 37 tumée
588 3212 38 28 et
642 3205 37 35 la
698 3204 163 39 flamme
881 3214 93 29 sont
995 3219 153 26 venues
1168 3208 250 39 subitement
1439 3210 57 37 les
1516 3211 262 48 surprendre.
1809 3213 300 49 Quelques-uns
2131 3224 73 29 ont

433 3275 56 36 pu
510 3276 40 25 se
571 3262 99 51 jeter
693 3278 72 36 par
792 3267 55 37 les
879 3267 188 46 fenêtres,
1092 3281 69 25 sur
1187 3271 70 37 des
1280 3271 169 37 matelas
1473 3273 189 48 apportés
1684 3285 51 24 en
1768 3273 94 38 hâte
1885 3287 72 36 par
1988 3276 57 37 les
2082 3276 94 39 habi-

435 3332 106 30 tants
564 3340 7 24 :
597 3327 176 38 d'autres
795 3337 75 29 ont
895 3330 86 47 péri
1004 3330 214 50 asphyxiés
1235 3339 40 30 et
1294 3332 251 40 carbonisés.
1578 3334 54 36 Le
1653 3335 216 50 contralto,
1895 3338 307 39 mademoiselle

437 3387 153 39 Barbot
617 3396 39 30 et
678 3388 37 39 le
743 3389 174 50 baryton
950 3390 224 41 Guillemot
1194 3402 94 31 sont
1315 3394 58 39 les
1394 3394 109 39 seuls
1525 3396 197 49 premiers
1753 3396 127 53 sujets
1902 3398 71 51 qui
2004 3401 112 39 aient
2136 3403 63 39 été
