2497 3982
953 376 79 41 LA
1065 374 195 43 FOIRE
1295 373 514 43 SAINT-GERMAIN

2181 393 83 41 117

502 531 153 43 Moins
694 534 195 41 heureux
923 532 68 41 fut
1027 531 41 42 le
1107 530 166 43 théâtre
1305 529 74 43 des
1421 529 286 45 Bamboches.
1745 530 36 43 Il
1822 540 130 47 parut
1991 541 41 35 et
2068 534 199 56 disparut

505 609 24 38 à
562 607 40 42 la
636 607 126 42 Foire
786 607 53 41 de
879 607 128 55 1677.

1338 794 87 42 XII

559 954 128 43 Ainsi
710 971 87 41 que
818 971 113 28 nous
952 957 171 44 l'avons
1143 959 66 42 dit
1225 961 99 55 plus
1347 959 124 52 haut,
1492 961 100 42 c'est
1612 966 22 37 à
1654 961 138 57 partir
1813 962 52 42 de
1893 964 110 57 1697
2025 978 12 26 c
2037 978 15 41 l
2056 978 53 28 ue
2211 978 28 28 u

505 1030 134 41 mière
660 1044 42 28 se
724 1031 77 42 fait
816 1046 75 27 sur
912 1033 60 41 les
995 1034 229 54 spectacles
1245 1034 51 41 de
1316 1034 42 42 la
1382 1035 139 42 Foire.
1560 1035 56 42 Et
1638 1050 90 27 non
1750 1051 75 41 pas
1848 1051 86 28 une
1963 1039 184 42 lumière
2166 1054 75 40 gra-

505 1104 126 55 duée,
656 1119 88 28 une
771 1108 143 54 espèce
945 1106 177 55 d'aube;
1148 1108 126 55 point
1298 1125 8 25 :
1344 1122 88 28 une
1467 1109 187 43 lumière
1676 1111 276 43 instantanée
1973 1121 37 34 et
2043 1114 222 44 tellement

505 1179 214 42 éclatante
759 1181 158 56 qu'elle
959 1183 100 54 jette
1097 1185 74 40 des
1211 1184 150 42 lueurs
1401 1198 75 28 sur
1523 1184 217 56 plusieurs
1778 1187 160 41 années
1979 1188 283 42 antérieures.

507 1252 60 42 Le
596 1255 221 55 pourquoi
839 1256 52 41 de
912 1270 45 27 ce
975 1257 274 55 phénomène
1279 1257 245 57 historique
1547 1272 43 28 se
1618 1259 154 43 déduit
1796 1268 98 35 tout
1928 1262 337 41 naturellement

504 1325 52 42 de
579 1340 45 28 ce
646 1328 93 55 fait,
766 1343 101 42 que,
890 1329 164 42 durant
1076 1339 109 33 cette
1216 1332 141 40 année
1395 1333 131 55 1697,
1563 1333 11 40 '
1579 1346 22 27 e
1631 1333 189 42 Théâtre
1853 1334 155 42 Italien
2032 1335 68 41 fut
2130 1336 137 42 fermé

508 1411 39 30 et
567 1402 117 42 aboli
708 1416 74 42 par
803 1404 125 41 ordre
957 1404 61 42 du
1042 1406 65 40 roi
1132 1405 135 41 Louis
1282 1406 126 42 XIV.
1436 1407 72 41 Du
1531 1407 85 41 soir
1636 1422 55 26 au
1710 1408 251 42 lendemain
1992 1409 40 41 la
2055 1410 127 41 chose
2200 1409 68 42 fut

505 1474 117 43 faite.
649 1476 85 42 Des
752 1478 305 56 explications,
1081 1493 75 42 pas
1178 1493 89 28 une
1289 1494 54 27 ne
1364 1480 69 42 fut
1453 1481 172 41 donnée
1646 1496 87 27 aux
1749 1482 262 53 comédiens,
2032 1484 131 41 sinon
2181 1497 85 41 que

510 1566 18 20 «
553 1550 57 41 tel
634 1550 105 42 était
760 1552 38 40 le
814 1552 86 41 bon
926 1552 153 56 plaisir
1101 1553 51 41 de
1173 1554 53 41 Sa
1246 1554 235 54 Majesté?).
1510 1555 80 41 Les
1614 1557 283 52 gazetiersdu
1921 1566 141 46 temps
2076 1558 168 55 enregis-

503 1625 165 39 trèrent
684 1623 40 42 la
741 1626 217 53 nouvelle,
982 1627 113 41 mais
1117 1641 99 27 sans
1239 1629 174 40 souffler
1430 1637 96 33 mot
1540 1630 72 40 des
1633 1630 159 44 motifs.
1815 1630 59 42 Ils
1889 1630 39 42 le
1942 1632 327 41 connaissaient

505 1700 85 38 très
619 1698 100 42 bien
741 1700 257 55 cependant,
1030 1715 73 28 car
1131 1702 41 41 la
1205 1702 104 41 ville
1329 1712 40 31 et
1389 1704 42 40 la
1454 1716 107 28 cour
1583 1717 54 27 ne
1661 1703 325 43 s'entretinrent
2009 1719 85 41 que
2112 1705 51 42 de
2181 1706 87 41 cela

505 1772 196 54 pendant
723 1787 87 28 une
832 1776 209 40 semaine.
1068 1776 147 55 Voyez
1245 1785 210 47 pourtant
1477 1776 246 57 l'avantage
1744 1778 74 42 des
1841 1780 277 41 monarchies
2138 1782 105 40 abso-

502 1845 114 43 lues!
644 1846 115 43 Elles
780 1859 192 44 peuvent
991 1858 100 34 tout
1111 1864 43 27 se
1175 1858 230 47 permettre
1428 1865 99 27 sans
1546 1865 85 41 que
1651 1865 214 42 personne
1881 1867 55 28 au
1960 1854 164 41 monde
2147 1863 124 33 autre

502 1933 87 41 que
609 1920 38 41 le
679 1935 242 43 monarque
943 1923 61 41 ait
1024 1923 114 41 droit
1159 1932 41 32 et
1232 1924 188 54 pouvoir
1442 1926 51 39 de
1514 1926 214 41 contrôler
1757 1926 116 41 leurs
1891 1935 129 33 actes.
2044 1927 126 42 Nous
2192 1942 52 26 au-

503 1994 122 43 rions
646 1996 201 54 toujours
869 1997 152 54 ignoré
1044 1998 223 55 pourquoi
1293 1999 136 41 Louis
1443 1999 107 43 XIV
1573 1999 49 44 fit
1643 2000 156 42 fermer
1820 2002 38 40 le
1879 2002 192 42 Théâtre
2092 2003 172 52 Italien,

504 2069 51 54 si,
591 2069 110 41 dans
738 2084 63 28 ses
834 2073 179 41 Lettres
1035 2072 268 56 historiques
1324 2079 42 35 et
1385 2074 211 54 galantes
1603 2108 9 21 ,
1650 2074 248 57 imprimées
1932 2090 53 27 en
2025 2077 239 49 Hollande,

503 2144 202 43 madame
738 2145 60 42 du
832 2145 149 57 Noyer
1012 2147 163 42 n'avait
1207 2160 75 43 pas
1317 2150 134 53 songé
1488 2152 23 39 à
1542 2149 133 42 écrire
1713 2150 317 44 incidemment
2069 2152 59 41 les
2161 2152 106 41 trois

501 2218 139 55 lignes
659 2219 223 43 suivantes
907 2235 10 27 :

559 2310 22 23 (c
606 2294 80 41 Les
708 2295 250 42 comédiens
979 2295 170 43 italiens
1187 2311 43 27 se
1263 2305 100 35 sont
1392 2298 202 42 ressentis
1629 2298 53 42 de
1713 2312 44 28 sa
1794 2298 226 44 mauvaise
2051 2299 213 53 humeur;

503 2381 58 28 on
596 2368 58 42 les
687 2383 25 27 a
744 2369 167 42 chassés
940 2385 112 42 pour
1083 2372 123 41 avoir
1232 2371 101 56 joué
1369 2371 40 43 la
1440 2373 171 41 Fausse
1637 2373 154 42 Prude
1796 2407 10 19 ,
1841 2374 108 42 dans
1980 2374 189 56 laquelle
2208 2389 57 28 on

501 2441 65 42 dit
587 2456 84 41 que
692 2444 203 41 madame
917 2445 52 40 de
991 2445 262 43 Maintenon
1276 2446 99 41 s'est
1394 2460 234 28 reconnue.
1655 2464 17 22 »

561 2516 125 42 Donc
707 2518 92 41 c'en
821 2518 104 43 était
946 2518 77 41 fini
1046 2519 279 56 d'Arlequin,
1349 2521 51 40 de
1422 2521 276 54 Colombine,
1732 2521 51 42 de
1810 2522 323 43 Scaramouche
2154 2532 41 33 et
2215 2522 52 43 de

506 2588 234 44 Mezzetin.
779 2591 82 42 Par
883 2593 213 53 bonheur,
1119 2594 154 54 depuis
1292 2595 94 55 près
1408 2595 52 40 de
1482 2603 98 32 cent
1601 2608 78 28 ans
1700 2608 86 41 que
1805 2596 59 40 les
1890 2595 177 42 Italiens
2091 2596 174 42 avaient

504 2661 218 46 introduit
754 2678 64 29 ces
851 2679 291 42 peisonnages
1175 2667 52 42 de
1258 2669 195 40 comédie
1474 2682 54 28 en
1553 2667 183 56 France,
1770 2670 38 40 le
1830 2671 155 54 peuple
2008 2672 140 40 s'était
2171 2671 91 55 pris

501 2739 134 41 d'une
670 2739 97 42 telle
788 2740 174 56 passion
985 2754 113 42 pour
1119 2755 83 27 eux
1224 2741 109 55 qu'il
1355 2756 230 28 murmura
1615 2744 226 55 beaucoup
1862 2752 147 34 contre
2031 2744 94 42 leur
2154 2745 83 41 ban-

502 2813 262 55 nissement;
803 2813 35 41 si
875 2813 101 42 bien
1012 2828 100 41 que,
1148 2815 191 55 quelque
1374 2830 83 40 peu
1495 2817 218 42 endurant
1734 2831 86 42 que
1841 2818 65 42 fût
1938 2819 40 41 le
2006 2818 259 47 Roi-Soleil,

501 2886 32 43 il
552 2887 126 56 jugea
700 2887 189 57 prudent
910 2889 51 40 de
983 2897 193 47 compter
1194 2902 100 28 avec
1317 2890 79 41 lui.

557 2961 117 44 C'est
703 2977 46 27 ce
771 2963 110 55 qu'il
901 2962 49 42 fit
977 2964 51 41 de
1056 2964 41 41 la
1123 2963 124 59 façon
1268 2963 40 42 la
1329 2964 98 55 plus
1446 2964 143 42 habile
1611 2974 40 34 et
1674 2980 98 28 sans
1794 2968 185 55 paraître
1999 2966 93 43 rien
2114 2967 124 43 céder
2254 2981 9 29 :

500 3035 31 43 il
565 3037 129 43 laissa
729 3038 256 42 tacitement
1006 3038 126 42 libres
1162 3039 60 41 les
1257 3038 249 42 comédiens
1538 3039 171 42 italiens
1733 3041 52 40 de
1823 3049 133 34 rester
1989 3055 55 28 en
2081 3043 181 50 France,

502 3112 165 55 malgré
690 3127 79 28 son
790 3113 124 43 ordre
933 3114 52 41 de
1009 3113 346 42 bannissement.
1394 3113 91 51 Qui
1522 3113 112 43 sait?
1670 3115 220 55 peut-être
1912 3116 230 41 lui-même
2164 3116 103 43 fit-il

501 3187 176 42 souffler
707 3202 59 27 au
802 3189 98 55 plus
931 3188 140 56 grand
1104 3189 186 40 nombre
1319 3187 132 42 l'idée
1484 3187 185 42 d'entrer
1702 3191 108 40 dans
1843 3189 61 41 les
1937 3198 178 47 troupes
2147 3191 53 40 de
2226 3190 41 42 la

504 3257 144 47 Foire.
683 3261 60 42 Ce
774 3263 111 55 qu'il
917 3278 29 41 y
978 3277 23 27 a
1032 3262 50 41 de
1106 3262 183 49 certain,
1312 3262 102 42 c'est
1434 3276 85 41 que
1540 3262 59 42 les
1620 3262 160 42 forains
1801 3277 42 27 se
1864 3264 319 43 considérèrent
2203 3266 60 41 du

501 3347 113 42 coup
648 3349 168 30 comme
849 3339 62 40 les
947 3338 199 41 héritiers
1167 3337 72 42 des
1266 3337 177 41 Italiens
1458 3352 10 34 ;
1491 3337 132 56 qu'ils
1645 3337 244 43 donnèrent
1909 3338 219 56 plusieurs
2147 3340 93 55 frag-

501 3418 144 32 ments
666 3408 51 44 de
739 3411 115 43 leurs
875 3413 140 54 pièces
1038 3426 53 28 en
1114 3411 257 56 adjoignant
1388 3415 23 40 à
1432 3412 114 42 leurs
1569 3421 178 48 troupes
1779 3413 74 42 des
1884 3421 169 36 acteurs
2087 3428 176 43 propres
