3030 4107
98 3975 47 26 142

150 115 79 29 Weit
250 116 94 27 atmet
365 113 94 28 Licht.
492 111 55 28 Die
570 110 98 28 Nacht
688 108 143 29 zerflutet
852 107 124 29 uferlos.

149 165 98 28 Bunte
267 163 102 28 Uhren
392 162 152 33 sdhlagen.
577 159 58 29 Auf
656 160 106 27 knarrt
785 158 48 28 die
856 157 120 29 Zelltür.

95 215 86 28 Irden
207 212 136 31 knirscht
369 212 53 28 der
445 211 84 32 Krug
551 211 73 27 über
649 209 59 28 den
732 207 115 30 Boden.
882 207 95 28 Füsse

95 265 58 27 und
179 263 89 28 Tiere
292 261 151 30 streichen
466 261 58 29 das
550 259 98 30 Gitter
672 258 117 29 vorbei.
824 256 51 29 Ein
901 256 75 33 Kind

94 314 92 27 bückt
212 314 63 27 sein
301 311 125 30 Gesicht
454 312 57 27 und
537 309 112 28 drückt
676 309 95 32 spitze
797 308 114 31 Lippen
939 314 37 20 an

94 364 47 27 die
166 362 124 29 Drähte.

149 462 75 28 Jede
257 461 96 28 Nacht
389 461 52 27 des
478 459 119 28 Lebens
631 459 73 33 liegt
736 459 66 27 eine
835 457 78 28 Frau
948 456 29 27 in

94 513 116 27 meinen
231 513 119 26 Armen.
378 510 57 28 Um
456 511 98 28 meine
573 509 123 29 Lenden
718 506 174 35 schlängeln
913 506 64 28 ihre

94 561 130 29 Glieder.
261 560 64 28 Ihre
352 560 106 29 Hände
483 562 110 29 tragen
620 560 119 27 meinen
764 557 133 29 Nacken.
930 557 46 27 Ihr

94 610 97 29 Odem
216 611 113 29 flammt
355 617 97 25 gegen
477 611 97 27 meine
598 609 91 29 Stirn.

149 710 63 28 Wir
243 710 110 28 wollen
386 710 132 29 sterben.
561 708 103 30 Beide.
704 708 130 33 Morgen
867 707 110 29 wollen

92 762 57 27 wir
170 761 132 27 sterben.
333 760 65 28 Wir
419 760 99 28 haben
541 760 81 28 Alles
644 767 38 21 zu
704 757 161 30 verlieren.

148 809 50 29 Ich
217 811 92 27 suche
325 811 51 27 die
397 809 133 33 Fesseln,
550 810 47 28 die
612 809 49 28 ich
679 812 107 30 tragen
802 809 62 29 will
880 809 98 29 hinter

92 860 45 28 ihr
154 860 65 32 her,
239 859 57 29 daß
318 861 46 27 die
383 859 78 30 Erde
482 859 111 28 rasselt
614 858 61 29 und
695 859 55 28 der
768 859 130 29 Himmel
915 867 63 21 von

92 910 256 30 Kettenstriemen
374 909 110 29 stöhnt.
521 909 49 29 Ich
595 909 104 30 lösche
727 910 56 28 das
812 910 165 28 Sonnlicht.

93 959 50 29 Ich
162 959 60 28 will
242 959 130 29 Sterben
392 958 136 29 schlafen
548 981 6 5 .
576 981 5 5 .
602 981 5 5 .
630 960 54 27 mit
702 959 55 29 ihr.

90 1148 244 59 Lieder

93 1249 138 29 Wilhelm
260 1249 108 33 Runge

1053 104 118 28 lauscht

1054 155 59 28 wie
1136 154 53 27 der
1212 152 102 29 Sonne
1337 151 209 33 Meeresperle

1055 202 164 29 aufschreit

1055 254 72 29 wild
1153 255 46 28 die
1227 253 243 32 dunkelgoldnen
1498 252 140 29 Strahlen
1667 251 140 32 springen

1056 304 27 26 in
1113 303 57 29 den
1197 302 242 28 wellenleichten

1056 350 250 29 Zwitschertanz.

1385 416 14 12 *
1601 414 13 14 *

1491 436 12 13 *

1056 485 127 29 Seufzer
1203 485 93 32 bangt

1055 536 62 28 Des
1143 536 101 33 Auges
1269 537 97 28 voller
1391 536 114 28 Garten

1056 584 80 30 steht
1155 586 29 28 in
1204 584 104 34 Regen

1058 637 93 28 durch
1176 638 54 27 der
1252 636 101 29 Stirne
1376 635 210 28 Wüstensand

1056 684 138 33 schleppt
1213 684 65 29 sich
1298 684 47 28 die
1367 683 337 28 Gedankenkarawane

1057 734 253 30 sonnetaumelnd

1058 785 210 31 durstentlang

1058 837 72 28 alles
1155 836 68 29 Blut
1249 834 182 29 verdunkelt
1458 833 242 30 wolkenschwül

1058 885 59 28 und
1139 885 53 27 der
1214 883 108 29 Hände
1342 882 114 30 scheue
1479 882 123 29 Tauben

1057 936 129 30 ängsten

1056 985 37 28 da
1112 985 117 31 springt
1247 984 51 28 auf
1315 984 54 27 der
1387 983 89 29 Seele
1495 983 109 28 wildes
1623 983 70 28 Tier

1058 1035 198 29 donnerheult

1056 1086 47 27 die
1125 1084 87 29 Hölle
1233 1086 101 27 seiner
1356 1084 178 29 Schrecken

1056 1133 58 27 und
1132 1132 181 32 zerstampft
1333 1132 58 29 den
1409 1132 128 29 Frieden
1557 1134 30 27 in
1607 1133 47 27 die
1673 1132 130 28 Wildnis

1056 1184 47 27 die
1124 1183 54 28 das
1199 1183 106 29 Eiland
1325 1185 100 27 seiner
1447 1182 111 30 Stärke
1580 1185 48 26 ist.

1381 1258 12 13 ♦
1609 1257 14 14 ♦

1497 1278 13 13 *

1056 1335 118 29 Meiner
1199 1335 126 29 Stimme
1353 1334 106 35 Quelle
1483 1336 98 28 stürzt

1055 1387 152 29 felsherab

1054 1435 163 31 verrieselt

1056 1486 88 29 stirbt

1056 1538 38 27 im
1117 1537 125 29 Gestein
1262 1536 145 30 verloren

1056 1587 187 29 Schmerzen
1261 1587 143 29 wuchten
1422 1588 143 31 stämmig
1583 1586 78 29 hoch

1055 1637 225 33 wälderdumpf

1056 1688 137 32 drängeln
1214 1687 138 29 schwüle
1373 1687 275 29 Wolkenschwere

1054 1740 29 29 in
1105 1738 53 29 der
1177 1737 89 30 Seele
1287 1738 199 29 Sonnentanz

1057 1792 60 27 und
1138 1798 33 21 es
1192 1790 94 33 hängt
1305 1790 54 30 des
1383 1790 103 31 Auges
1508 1790 93 28 bunte
1625 1788 134 33 Wimpel

1056 1847 76 23 zage
1153 1838 131 29 wehend

1054 1897 57 21 vor
1133 1889 68 28 dem
1224 1889 112 29 Sturm.

1380 1938 14 14 *
1609 1938 14 14 *

1494 1959 13 14 *

1056 2007 64 29 Aus
1139 2008 54 28 der
1212 2007 109 33 Wiege
1342 2007 104 28 deines
1464 2006 122 29 Tanzes

1057 2058 124 29 rauscht
1205 2067 34 20 es
1263 2057 91 29 Wald

1054 2109 106 29 deiner
1179 2108 83 29 Füße
1282 2108 110 29 leichte
1413 2107 167 33 Brandung

1058 2160 73 30 küßt
1157 2161 55 28 das
1240 2159 74 30 Ufer

1058 2210 115 27 meines
1196 2208 114 30 Glücks

1056 2259 60 29 und
1132 2260 48 28 ich
1199 2261 84 28 stürz
1300 2260 55 28 der
1372 2258 103 30 Sonne
1491 2258 77 30 nach

1056 2310 104 29 deines
1180 2309 152 29 Lächelns

1056 2359 72 33 Sieg
1150 2360 113 30 schreit
1284 2360 50 29 auf
1354 2362 47 28 die
1423 2359 105 30 Meute
1551 2360 104 28 deines
1677 2359 103 32 Auges

1056 2411 54 29 tief
1125 2409 114 30 herzab
1258 2410 71 30 flieh
1349 2411 48 28 ich

1058 2463 55 30 das
1129 2462 57 29 Tal
1205 2463 53 28 des
1279 2462 86 29 Bluts

1058 2511 60 29 und
1134 2511 167 32 verschlag
1318 2512 47 28 die
1381 2511 124 32 Zweige
1525 2519 55 20 aus
1596 2511 58 28 den
1673 2510 101 29 Adern

1058 2562 47 28 die
1128 2562 59 28 den
1207 2561 81 33 Weg
1307 2564 55 26 mir
1385 2568 99 26 engen

1058 2612 67 29 steh
1155 2612 179 29 aufatmend

1058 2664 32 28 In
1113 2665 47 28 die
1185 2664 102 29 Stirne
1313 2663 109 31 drückt

1057 2712 105 29 deines
1179 2712 106 29 Blutes
1305 2713 126 29 dunkler
1451 2712 210 33 Rosenkranz.

1383 2788 14 14 ♦
1612 2786 14 15 *

1499 2808 14 14 ♦

1057 2855 102 29 Meine
1182 2856 106 32 Augen
1311 2856 112 28 wollen
1445 2856 150 28 wandern

1058 2906 57 29 alle
1134 2905 100 33 Wege

1058 2957 105 30 deines
1182 2957 111 29 Leibes

1058 3008 77 28 doch
1155 3007 94 29 schon
1270 3007 51 29 auf
1338 3008 72 28 dem
1429 3006 126 35 Rücken
1577 3007 105 29 deiner
1700 3005 89 29 Hand

1056 3057 136 29 brechen
1211 3060 44 26 sie
1275 3066 178 21 zusammen

1056 3108 118 29 überall
1194 3108 60 29 bist
1277 3109 39 28 du
1336 3117 79 23 ganz
1435 3108 68 29 steil

1059 3158 221 33 unzugänglich

1058 3208 163 30 schüttelst
1239 3209 88 34 Spott

1058 3260 92 28 übers
1175 3259 102 32 Zagen
1303 3261 115 28 meines
1443 3260 100 28 Fußes

1061 3309 93 29 durch
1176 3309 47 29 die
1244 3309 272 31 wäldersammtne
1538 3308 82 30 Haut

1059 3361 113 28 Deines
1194 3360 106 29 Blutes
1324 3361 172 33 grollendes
1519 3361 150 28 Gewitter

1060 3408 139 33 schleppt
1218 3409 52 29 der
1288 3409 144 30 Schwüle
1450 3408 102 33 Zunge

1056 3459 149 29 lechzend

1059 3509 57 29 alle
1135 3509 97 33 Vögel
1250 3509 185 30 zwitschern
1455 3509 205 30 schluchzend

1058 3561 46 28 ins
1125 3559 143 30 Gefieder

1061 3611 95 28 Biene
1183 3613 50 28 bin
1261 3611 49 29 ich

1062 3660 36 29 all
1125 3660 68 29 dein
1217 3660 115 30 Blühen
1358 3660 152 35 schweigt

1060 3709 60 29 und
1143 3710 54 28 der
1219 3709 102 30 Stirne
1342 3710 81 29 offne
1446 3709 88 29 Hand

1058 3761 38 28 ist
1117 3759 228 29 verschlossen.

2020 98 616 75 Aufzeichnungen

2025 210 80 27 Aus
2137 210 131 28 einem
2295 207 244 29 Notizbuch

2083 284 222 32 Revolutionen
2336 283 65 28 sind
2432 284 55 27 mir
2515 282 95 29 schon
2640 282 100 34 recht;
2769 289 55 20 nur
2855 279 65 29 darf

2027 344 69 20 man
2118 334 64 28 sich
2206 334 52 29 mit
2278 332 60 28 den
2362 332 170 33 jeweiligen
2556 330 257 32 Revolutionären
2839 329 81 29 nicht

2025 383 163 29 •einlassen.
2225 383 49 28 Ich
2300 381 59 32 bin,
2384 383 88 27 unter
2500 380 199 33 Umständen,
2726 381 99 28 bereit
2853 380 67 28 eine

2028 433 183 30 Revolution
2234 430 233 31 mitzumachen,
2487 430 75 28 aber
2585 437 56 22 nur
2661 437 90 22 wenn
2774 437 69 20 man
2865 428 55 30 mir

2029 482 54 28 das
2104 481 97 32 Recht
2220 482 159 29 einräumt,
2397 480 79 29 mich
2495 478 179 34 rechtzeitig
2690 496 38 4 —
2742 479 57 28 das
2818 478 103 28 liiesse

2029 531 170 33 eigentlich,
2219 538 62 20 von
2302 529 188 29 vornherein
2512 545 37 3 —
2573 536 61 20 von
2662 528 56 29 den
2743 527 161 32 Revolutio-

2028 581 93 26 nären
2144 580 221 29 abzuwenden.

2392 676 13 13 *
2545 674 13 13 *

2469 696 12 13 *

2086 778 110 28 Dieses
2227 778 64 28 Bild
2324 778 202 29 versteht
2558 777 43 30 ihr
2634 777 65 28 also
2731 775 105 29 nicht?
2877 776 45 33 Ja,

2028 835 119 20 warum
2169 826 121 29 wollt
2314 826 43 29 ihr
2383 836 33 20 es
2440 828 77 28 denn
2543 825 189 30 verstehen?
2780 824 46 28 Ihr
2850 824 74 30 habt

2030 886 32 21 es
2087 877 139 34 garnicht
2251 887 34 19 zu
2314 878 174 29 verstehen.
2522 878 49 28 Ich
2596 876 146 30 verstehe
2769 884 34 21 es
2828 875 96 30 selbst

2029 927 91 29 nicht.
2141 946 38 3 —
2202 926 77 31 Wie,
2303 927 60 28 und
2386 927 77 28 habe
2489 936 32 19 es
2542 927 82 28 doch
2646 925 130 33 gemalt!
2803 944 36 3 —
2860 924 65 29 Das

2028 979 45 26 tut
2111 978 29 31 ja
2179 976 112 29 nichts:
2333 977 49 27 bin
2423 977 46 28 ich
2509 978 56 27 das
2604 976 68 29 BiM
2714 974 109 30 einmal
2864 974 46 28 los-

2028 1029 180 32 geworden,
2226 1036 34 20 so
2276 1028 78 30 habe
2373 1028 47 28 iah
2437 1037 33 21 es
2487 1028 82 29 nicht
2587 1027 96 34 mehr,
2700 1026 60 30 und
2778 1025 146 30 verstehe

2031 1086 32 20 es
2086 1078 117 28 einfach
2226 1077 91 31 nicht.
2345 1077 50 29 Ich
2416 1078 105 28 ahne
2543 1086 32 22 es
2595 1079 84 32 aber,
2694 1076 49 31 ich
2762 1073 163 35 empfinde,

2029 1127 91 33 fühle,
2145 1126 134 30 erfühle
2304 1135 48 20 es:
2380 1144 38 4 —
2442 1135 35 21 so
2503 1126 89 29 allein
2615 1125 177 30 erfasse
2816 1126 47 29 ich
2892 1132 33 21 es

2030 1176 87 30 auch.
2144 1176 68 28 Und
2230 1186 55 19 nur
2306 1184 65 20 wer
2394 1185 33 21 es
2450 1185 36 20 so
2507 1175 108 35 erfaßt,
2636 1184 56 20 nur
2716 1176 53 28 der
2791 1175 78 29 wird
2891 1182 37 25 e$

2028 1226 178 29 verstehen.
2232 1225 87 29 Demi
2344 1226 53 28 mit
2420 1225 71 29 dem
2512 1225 154 29 Verstand
2693 1225 61 28 will
2775 1225 60 28 das
2859 1223 69 28 BiM

2030 1277 82 31 nicht
2138 1277 96 30 erfaßt
2260 1277 138 31 werden,
2422 1294 38 3 —
2484 1277 54 28 das
2563 1275 92 30 leidet
2681 1284 32 21 es
2738 1276 47 28 nie
2806 1293 37 3 —
2865 1274 60 30 und

2030 1336 17 21 n
2059 1327 8 28 i
2080 1336 16 20 e
2119 1326 106 33 erfaßt,
2249 1335 65 20 wer
2340 1334 31 21 es
2397 1334 36 20 zu
2458 1326 167 28 verstehen
2648 1325 142 30 trachtet.

2395 1424 13 14 *
2549 1423 12 14 *

2471 1444 14 15 *

2085 1528 135 33 Belegen
2242 1528 79 29 kann
2342 1528 48 29 ich
2416 1536 33 20 es
2473 1534 86 22 zwar
2585 1526 91 33 nicht,
2701 1526 38 29 da
2763 1526 47 29 ich
2837 1525 89 29 keine

2029 1577 194 34 Mythologie
2240 1587 55 19 zur
2312 1578 89 28 Hand
2418 1578 90 32 habe,
2526 1579 61 28 und
2603 1576 53 30 auf
2674 1576 80 30 mein
2772 1575 136 30 Gedächt-

2030 1628 45 28 nis
2103 1627 63 29 will
2195 1627 49 29 ich
2270 1627 83 29 mich
2383 1629 64 27 erst
2475 1627 141 34 garnicht
2644 1626 178 35 verlassen;
2853 1625 74 29 at>er

2030 1677 159 34 irgendwo
2210 1677 70 29 muß
2303 1678 64 28 sich
2394 1678 47 28 die
2465 1675 102 31 Pallas
2594 1676 119 29 Athene
2739 1675 109 30 einmal
2873 1676 55 28 mit

2031 1727 69 28 dem
2124 1726 190 33 Maklergott
2338 1726 132 31 Hermes
2496 1727 78 28 doch
2599 1726 191 34 eingelassen
2816 1724 110 30 haben.

2030 1775 73 29 Man
2127 1776 84 32 wirft
2233 1776 45 30 ihr
2304 1785 93 23 sogar
2419 1785 68 24 vor,
2511 1777 44 28 sie
2580 1776 78 29 habe
2684 1776 61 28 ihm
2769 1774 159 35 Zwillinge

2028 1825 150 31 geboren:
2204 1826 57 28 den
2282 1825 133 31 Kritiker
2437 1825 61 29 und
2517 1826 63 28 den
2601 1823 241 30 Bilderhändler.
2863 1823 65 30 Das

2029 1877 40 26 ist
2091 1875 73 28 aber
2186 1875 96 32 grobe
2302 1874 255 33 Uebertreibung.
2580 1875 176 28 Höchstens
2777 1873 151 30 Filzläuse

2031 1933 72 24 mag
2121 1927 44 27 sie
2183 1933 61 21 von
2263 1926 61 28 ihm
2344 1925 147 30 erwischt
2511 1925 106 29 haben.

2395 2025 13 13 *
2549 2024 13 14 *

2472 2046 13 13 ❖

2086 2128 64 29 Das
2170 2128 178 29 Handwerk
2369 2126 122 34 pfuscht
2513 2128 56 27 mir
2589 2128 28 26 in
2639 2126 59 28 den
2721 2126 95 28 Geist.

2088 2188 69 28 Wie
2182 2188 130 32 Wenige
2348 2189 66 27 sind
2449 2195 44 25 es,
2528 2186 48 29 die
2609 2185 64 29 sich
2709 2185 80 29 beim
2827 2183 101 29 Malen

2032 2238 110 29 andrer
2164 2237 97 33 Dinge
2283 2237 159 33 bedienen,
2465 2237 44 29 als
2531 2237 53 29 der
2603 2235 109 29 Hände
2733 2236 59 27 und
2811 2237 115 30 Augen,

2032 2288 101 28 dieser
2170 2288 109 28 beiden
2320 2285 297 34 Haupthindernisse
2660 2285 52 28 des
2752 2283 176 33 Künstlers!

2030 2337 99 32 Hand,
2148 2338 96 31 Auge,
2265 2336 110 33 Farbe,
2394 2336 102 28 Pinsel
2526 2354 38 3 —
2583 2336 44 28 sie
2644 2335 64 29 Alle
2729 2334 67 28 sind
2814 2334 114 28 Feinde

2033 2389 53 27 der
2110 2387 115 28 Vision.
2261 2386 56 29 Die
2345 2385 170 33 Dickichte,
2545 2385 46 30 die
2617 2385 152 32 Verhaue,
2799 2385 46 28 die
2875 2384 53 29 der

2032 2436 96 34 Geist,
2144 2437 55 28 ehe
2217 2436 59 28 ihm
2296 2437 84 29 seine
2397 2436 105 28 Vision
2522 2434 213 29 Wirklichkeit
2754 2435 89 32 wird,
2864 2436 64 27 erst

2032 2484 232 31 durchbrechen
2282 2484 80 30 muß.
2380 2503 40 4 —
2435 2484 58 28 Um
2513 2486 43 26 sie
2576 2486 79 27 dann
2672 2483 156 29 vielleicht
2847 2483 83 28 nicht

2030 2536 118 30 wieder
2167 2545 37 20 zu
2224 2536 167 29 erkennen!
2422 2535 107 31 Macht
2548 2535 114 36 nichts;
2683 2535 44 28 sie
2745 2536 38 28 ist
2803 2542 33 22 es
2853 2535 75 28 aber

2033 2586 86 30 doch.
2133 2604 38 3 —
2190 2586 74 29 Wer
2285 2595 57 20 nur
2360 2587 84 28 seine
2465 2585 104 28 Vision
2590 2584 196 29 unmittelbar
2808 2583 51 30 auf
2881 2584 47 28 die

2030 2636 170 28 Leinwand
2233 2636 271 31 projicieren
2540 2634 126 29 könnte!
2730 2633 87 29 Dann
2856 2634 74 28 aber

2031 2689 86 28 wäre
2152 2688 43 26 sie
2221 2686 83 30 wohl
2336 2686 49 29 die
2420 2686 106 30 rechte
2563 2684 82 29 nicht
2688 2703 38 2 —
2756 2683 102 30 oder?
2892 2702 37 3 —

2030 2736 118 33 Hände,
2178 2737 116 33 Augen,
2325 2736 112 32 Pinsel,
2469 2735 114 29 Farbe:
2612 2735 208 33 notwendige,
2854 2733 74 30 aber

2030 2786 191 32 hemmende,
2243 2786 109 33 lästige
2375 2785 176 30 Vermittler
2573 2785 158 28 zwischen
2756 2784 87 31 Geist
2867 2783 61 29 und

2031 2835 177 36 Ausdruck;
2233 2835 149 34 Agenten,
2408 2836 133 33 lumpige
2567 2834 286 30 Zwischenhändlei
2893 2851 35 4 —

2032 2886 97 28 nichts
2157 2885 94 29 mehr.
2277 2904 38 2 —
2340 2885 69 28 Wie
2432 2885 132 32 Wenige
2592 2885 68 29 sind
2688 2893 43 24 es,
2759 2885 47 27 die
2834 2883 94 29 außer

2030 2935 89 28 Hand
2148 2937 60 27 und
2234 2935 95 33 Auge,
2355 2935 100 29 Farbe
2481 2937 60 27 und
2576 2935 102 28 Pinsel
2717 2942 70 21 zum
2825 2933 104 30 Malen

2031 2989 86 26 sonst
2138 2984 79 29 noch
2239 2993 67 20 was
2328 2985 206 33 gebrauchen,
2557 2985 47 29 die
2628 2985 65 28 ihre
2711 2984 112 29 Diener
2846 2984 82 29 nicht

2032 3036 73 28 über
2136 3035 63 27 sich
2230 3043 35 20 zu
2297 3034 120 29 Herren
2448 3034 136 29 erhoben
2613 3034 108 33 haben,
2760 3034 48 28 die
2844 3034 84 28 nicht

2031 3084 135 28 Skiaven
2188 3085 169 33 geworden
2382 3084 65 28 sind
2473 3084 81 28 ihrer
2575 3085 108 31 eignen
2708 3083 146 33 Knechte,
2879 3084 48 27 die

2032 3142 32 21 es
2084 3134 82 30 nicht
2187 3142 141 20 waren
2350 3142 62 21 von
2432 3133 121 35 Anfang
2572 3134 53 28 an!

2709 3206 217 29 Albert-Bloch

2030 3401 141 58 Der
2200 3400 260 74 Kampf
2484 3398 121 59 der
2636 3398 290 59 Gefühle

2031 3484 119 58 auf
2188 3483 159 58 dem
2394 3480 348 60 Hinterhol

2031 3585 74 29 Elek
2122 3584 171 32 Turcsányi

91 1312 82 30 Welt
192 1322 59 20 nun
269 1314 47 28 bis
337 1315 39 27 du
395 1314 90 29 Wald
505 1317 27 26 in
550 1315 155 32 Aengsten

92 1364 54 28 der
169 1364 59 29 den
249 1363 123 30 Nacken
394 1364 169 29 furchtsam
584 1365 93 32 beugt

91 1413 49 29 bei
160 1414 68 28 dem
246 1414 111 29 wilden
379 1414 77 29 Griff
471 1414 56 29 des
548 1414 137 30 Sturmes

91 1463 177 30 herzhinauf

91 1513 78 29 Tritt
189 1515 78 27 mein
289 1514 61 28 Fuß
374 1514 56 29 den
452 1513 113 30 Traum
586 1515 54 28 der
661 1514 108 30 Moose

91 1564 55 28 der
166 1572 55 20 aus
241 1566 114 26 seinem
375 1564 190 30 Schlummer
586 1564 81 30 fährt

92 1613 59 29 und
170 1614 151 29 zerbricht
339 1616 49 27 die
409 1614 297 33 schreckgereckten

92 1664 127 28 tausend
236 1663 94 30 Aeste
348 1664 109 30 wilder
475 1664 112 30 Furcht

90 1712 145 30 Brüllend
256 1714 97 29 durch
376 1714 55 29 das
452 1714 88 29 Meer
564 1715 53 29 der
641 1714 203 33 Zittergräser

92 1766 64 26 rast
174 1764 55 28 der
250 1764 89 29 Seele
361 1764 274 33 Wipfelungestüm

91 1814 61 28 und
171 1814 130 30 verebbt
322 1823 48 20 am
392 1814 62 29 Fuß
476 1814 53 29 der
548 1814 98 29 Farne

92 1872 50 20 wo
163 1866 53 28 mit
236 1864 224 30 Sonnenabend
485 1865 47 28 die
553 1864 150 32 Lichtung
725 1865 105 28 winkt.

92 1913 122 33 Zagend
236 1914 80 29 fährt
335 1915 58 28 das
417 1915 91 28 wilde
530 1914 70 29 Tier
623 1915 54 28 des
700 1914 126 29 Waldes

90 1973 56 19 aus
167 1964 53 29 der
243 1964 62 30 Irre
329 1963 215 31 Nachtverhau

92 2014 82 29 stößt
196 2023 49 20 am
265 2014 102 30 Zaune
388 2015 106 29 müder
515 2014 239 33 Abendglocken

92 2072 38 21 an
153 2065 68 28 dem
245 2064 68 32 Bug
333 2072 63 21 von
418 2066 117 31 grünen
559 2064 117 33 Geigen

92 2113 54 30 das
169 2114 127 29 Geweih
319 2115 52 28 der
392 2114 187 30 Schmerzen
599 2115 47 28 ab.

413 2215 13 14 *
640 2215 13 14 *

525 2235 15 14 *

91 2307 32 29 In
143 2308 46 28 die
209 2307 97 29 Ferne
327 2309 102 27 läuten
445 2308 50 28 die
518 2307 167 29 Gedanken

89 2357 248 33 wiesengesenkt

89 2406 304 34 Kuhglockeiidumpf

91 2458 62 28 und
170 2457 73 31 aller
261 2457 109 30 Worte
387 2457 150 31 flüsternd
556 2458 95 30 Schilf

90 2507 85 30 weht
196 2508 171 29 wasserhin

89 2557 200 34 goldihäuptig

90 2610 30 27 in
140 2608 53 29 der
214 2608 125 30 Wälder
362 2608 78 29 Dom

90 2658 84 30 kniet
191 2658 102 30 Sonne
310 2659 106 29 nieder

90 2707 153 31 hinbluten

91 2757 92 31 wilde
206 2758 104 34 Rosen
334 2759 82 30 ihrer
442 2759 71 30 Glut

93 2809 60 28 und
172 2811 114 27 meiner
304 2810 107 31 Augen
431 2809 78 30 stille
528 2809 107 29 Hirten

92 2859 149 29 sammeln
261 2860 53 28 der
333 2859 130 30 Wolken
483 2862 119 27 samtne
623 2858 123 30 Herden
769 2860 45 27 ein

92 2917 55 20 aus
172 2911 109 27 weiter
304 2909 129 29 Himmel
460 2909 283 30 kornblumblauem
768 2909 73 28 Feld

92 2960 30 27 in
139 2958 79 29 ihrer
234 2958 113 30 Hütten
363 2958 169 31 Mutterhut

92 3010 77 29 Vom
186 3010 108 29 Hauch
313 3013 51 28 der
383 3010 126 30 Wiesen
527 3013 91 31 steigt
638 3011 54 28 des
711 3010 133 29 Glückes
861 3010 118 29 Lerche

94 3059 130 29 zerreißt
242 3060 51 28 die
313 3061 85 27 zarte
419 3059 93 30 Brust

94 3109 56 29 daß
176 3111 29 27 in
230 3110 47 28 die
301 3109 120 29 Aehren

94 3163 54 28 leis
173 3162 316 31 abendsonnenblutet
514 3163 43 29 ihr
584 3161 136 35 Gesang.

415 3259 14 14 *
642 3259 13 13 *

529 3279 12 14 *

95 3352 81 29 Wild
204 3353 128 32 peitscht
362 3353 104 30 Sturm
494 3353 54 28 der
578 3353 89 30 Seele
696 3352 203 30 Meeresstille

94 3401 61 28 und
172 3401 54 28 des
242 3400 138 30 Herzens
397 3401 210 33 Purpurwelle
625 3402 104 29 bäumt

94 3452 157 27 strandhin
269 3450 95 30 flücht
391 3452 49 28 ich
461 3460 55 20 aus
535 3460 63 20 von
618 3451 96 29 ihrem
737 3451 132 32 Schlage

96 3502 93 28 durch
212 3502 53 28 der
287 3502 103 28 Adern
409 3502 208 31 Wüstensand

96 3552 113 28 meiner
230 3552 106 32 Augen
357 3552 91 28 müde
466 3551 125 30 Möwen

95 3599 166 30 schweifen

96 3650 59 28 und
174 3650 50 29 die
244 3650 139 29 Muschel
404 3652 114 27 meiner
539 3650 127 30 Stimme

96 3699 81 29 heult

95 3751 55 26 mir
167 3751 45 27 ins
231 3749 64 30 Ohr

96 3799 189 30 himmelfern
313 3802 56 29 der
397 3801 91 30 Stern
520 3803 53 28 des
604 3801 132 29 Glückes
767 3803 115 33 glimmt

95 3848 238 30 blutbeschattet

98 3900 60 27 und
187 3901 51 27 der
263 3901 88 29 Atem
379 3902 92 28 durch
499 3903 58 28 den
586 3901 221 30 Dünensammt

2089 3652 52 28 Als
2167 3652 47 27 die
2234 3650 62 28 Uhr
2322 3652 53 26 der
2399 3650 97 29 nahen
2521 3650 111 31 Kirche
2655 3650 64 28 fünf
2742 3649 186 34 geschlagen

2032 3702 93 31 hatte,
2145 3709 66 19 war
2232 3709 31 19 er
2281 3700 97 28 schon
2401 3702 99 31 längst
2521 3702 52 26 mit
2594 3700 54 29 der
2668 3698 185 30 Durchsicht
2874 3700 54 27 der

2033 3751 119 29 Blätter
2174 3751 100 31 fertig,
2299 3752 61 27 und
2383 3749 155 30 faulenzte
2564 3750 52 28 auf
2640 3751 68 28 dem
2733 3749 80 28 Bett.

2091 3799 215 28 Gedankenlos
2330 3799 61 27 und
2416 3799 167 32 unbewegt
2609 3800 113 27 starrte
2749 3806 32 20 er
2807 3799 27 26 in
2863 3799 67 27 eine

2034 3851 53 28 der
2110 3851 114 28 oberen
2248 3849 242 34 Zimmerecken,
2516 3851 45 29 bis
2585 3850 59 29 ihm
2671 3850 47 28 die
2744 3850 184 28 ermatteten

2032 3900 90 28 Lider
2149 3900 90 28 müde
2265 3899 139 29 zufielen.
