3030 4107
107 132 933 441 DER
1351 132 1556 441 STURM

97 611 1143 81 HALBMONATSSCHRIFT
1295 598 199 94 FÜR
1549 614 422 81 KULTUR
2029 614 221 78 UND
2306 614 176 76 DIE
2535 601 401 94 KÜNSTE

266 794 301 54 Redaktion
613 790 107 51 und
762 790 195 63 Verlag

263 871 115 37 Berlin
391 870 79 36 W9
478 868 13 37 /
500 867 209 38 Potsdamer
721 865 126 38 Straße
861 865 69 36 134
942 877 20 25 a

2069 792 464 65 Ausstellungs
2556 797 215 46 räume

2073 866 114 37 Berlin
2198 868 79 36 W9
2286 868 12 35 /
2310 868 207 37 Potsdamer
2529 867 126 38 Straße
2669 869 68 36 134
2749 880 20 25 a

1246 805 224 33 Herausgeber
1489 806 59 25 und
1567 805 219 26 Schriftleiter

1249 857 283 39 HERWARTH
1568 857 213 36 WALDEN

93 1011 259 42 SECHSTER
373 1010 282 47 JAHRGANG
688 1010 94 35 1916

981 1009 174 39 BERLIN
1184 1009 182 39 ERSTES
1396 1008 115 39 UND
1536 1008 217 38 ZWEITES
1783 1000 271 45 MÄRZHEFT

2574 1009 226 40 NUMMER
2826 1011 112 38 23/24

283 1137 163 32 Herwarth
468 1136 144 32 Waiden:
636 1137 102 28 Franz
760 1136 90 29 Marc
887 1135 12 40 /
934 1135 162 31 Herwarth
1126 1135 147 32 Waiden:
1299 1136 60 28 Die
1384 1135 101 30 Liebe
1511 1135 56 29 des
1594 1135 126 29 Lebens
1743 1136 66 28 und
1832 1135 57 29 das
1911 1135 114 29 Leben
2048 1135 57 29 der
2129 1136 102 29 Liebe
2274 1135 12 40 /
2327 1135 163 33 Herwarth
2511 1136 147 32 Waiden:
2688 1137 70 30 Aus
2787 1136 58 30 der
2871 1137 66 29 Zeit

92 1183 50 28 für
164 1181 52 30 die
238 1180 120 32 Zeiten:
382 1180 68 29 Der
472 1179 101 30 Casus
597 1180 57 28 des
677 1177 172 31 Kaukasus
873 1177 13 40 /
909 1178 61 29 Die
992 1178 104 39 große
1117 1178 99 29 Mode
1240 1177 13 40 /
1275 1177 194 29 Dilettanten
1491 1187 107 29 gegen
1621 1177 195 30 Dilettanten
1842 1176 11 40 /
1874 1176 191 31 Alexander
2088 1178 59 29 der
2167 1177 176 31 Schneider
2364 1182 13 33 /
2399 1178 43 30 Zu
2464 1180 123 38 gesund
2615 1178 12 40 /
2648 1178 254 38 Untergetaucht
2925 1177 12 41 /

91 1223 106 30 Bilder
218 1222 55 29 mit
295 1222 126 39 Dingen
445 1227 12 29 /
479 1222 67 29 Das
568 1221 178 29 Erwachen
769 1221 57 28 des
847 1218 273 31 Löwenkritikers
1143 1221 14 35 /
1179 1219 65 29 Der
1259 1218 131 40 Sprung
1405 1220 58 28 auf
1474 1219 61 29 den
1550 1219 112 29 Boden
1686 1220 12 37 /
1719 1219 53 29 Ich
1787 1219 64 29 hab
1879 1229 34 19 es
1933 1218 215 41 geschworen
2170 1221 14 35 /
2206 1219 183 40 Erziehung
2410 1223 12 32 /
2445 1220 235 40 Nachrichtung
2702 1222 14 36 /
2737 1219 83 30 Fällt
2840 1219 98 32 selbst

91 1265 103 30 hinein
218 1263 12 41 /
251 1263 92 30 Nicht
364 1274 38 19 zu
423 1263 134 30 machen
579 1265 14 35 /
614 1263 134 30 Wovon
762 1272 73 19 man
850 1261 84 30 nicht
948 1260 155 40 sprechen
1119 1260 93 30 sollte
1237 1260 12 40 /
1272 1261 44 28 Zu
1335 1260 97 29 leicht
1450 1261 161 28 befunden
1635 1260 12 37 /
1670 1261 254 39 Verlagspoesie
1947 1260 12 40 /
1982 1260 113 39 Sophie
2117 1269 63 23 van
2195 1262 91 30 Leer:
2310 1261 67 29 Der
2391 1260 89 31 Tod:
2497 1262 157 30 Mädchen
2678 1261 12 41 /
2714 1262 62 29 Die
2797 1260 108 42 Kugel
2928 1262 10 40 /

91 1306 124 32 Kerker
238 1305 12 41 /
271 1306 143 31 Wilhelm
428 1305 123 39 Runge:
575 1305 116 30 Lieder
707 1304 12 41 /
734 1303 242 32 Albert-Bloch:
993 1303 281 39 Aufzeichnungen
1296 1304 13 32 /
1330 1302 77 31 Elek
1421 1302 185 38 Turcsänyi:
1628 1302 68 29 Der
1717 1303 125 38 Kampf
1860 1303 57 29 der
1932 1302 137 31 Gefühle
2081 1303 60 30 auf
2152 1303 73 29 dem
2241 1303 172 30 Hinterhof
2434 1302 11 40 /
2466 1303 102 32 Franz
2583 1303 107 32 Marc:
2709 1303 195 31 Holzschnitt
2928 1305 10 36 /

92 1349 87 31 Vom
198 1347 106 32 Stock
325 1347 162 39 gedrudkt
508 1348 14 37 /
545 1347 241 38 Campendonk:
808 1345 84 30 Zwei
913 1343 218 31 Holzschnitte
1147 1343 12 40 /
1174 1344 84 30 Vom
1281 1343 103 31 Stock
1399 1343 158 40 gedruckt
1581 1342 11 41 /
1613 1343 324 33 Inhaltsverzeichnis:
1959 1344 151 31 Sechster
2133 1345 165 40 Jahrgang
2321 1345 12 37 /
2356 1345 133 30 Zweites
2511 1345 154 39 Halbjahr

93 1138 153 33 Inhalt:

548 1878 221 56 Franz
819 1878 186 56 Marc

602 1988 68 28 Nun
698 1989 38 28 ist
761 1990 46 27 ein
833 1988 130 32 Künsler
990 1987 141 34 gefallen,
1161 1989 52 28 der
1241 1988 82 29 nicht
1353 1987 89 28 fallen

547 2040 88 28 kann.
668 2039 72 28 Sein
760 2039 94 32 Reich
875 2041 38 27 ist
934 2038 83 31 nicht
1035 2047 62 20 von
1119 2039 101 28 dieser
1241 2039 91 28 Welt.
1361 2039 82 28 Aber

549 2092 46 27 die
618 2090 80 29 Erde
719 2098 67 21 war
806 2090 61 29 ihm
887 2089 157 30 heimisch.
1074 2090 55 28 Die
1148 2090 90 33 Erde,
1256 2090 48 28 die
1324 2090 100 28 Leben-

549 2140 86 32 diges
658 2142 127 30 erzeugt
811 2140 59 28 und
894 2140 195 32 Lebendiges
1115 2141 91 31 trägt.
1253 2140 62 27 Ihm
1341 2139 102 29 schien

548 2191 47 28 die
621 2189 88 35 Erde,
732 2191 59 28 ihm
815 2191 128 28 redeten
967 2191 47 28 die
1038 2190 98 32 Tiere,
1162 2190 47 28 die
1232 2189 127 29 Wälder
1384 2189 59 28 und

547 2241 48 28 die
620 2241 119 28 Felsen.
794 2240 50 29 Sie
872 2240 57 29 alle
956 2242 116 27 wissen
1098 2240 92 33 nicht,
1216 2248 68 21 was
1312 2242 44 26 sie
1383 2242 60 26 tun.

547 2292 50 29 Sie
620 2292 67 28 sind
710 2292 54 30 der
785 2292 72 29 Sinn
879 2292 53 29 der
950 2292 81 29 Erde
1053 2293 61 28 und
1138 2301 31 20 er
1192 2292 59 34 gab
1274 2291 90 30 ihnen
1388 2291 55 28 das

546 2342 146 30 Sinnbild.
720 2343 65 28 Das
804 2342 162 29 Gleichnis.
993 2343 39 29 Er
1051 2342 55 30 sah
1128 2344 55 28 das
1201 2342 118 30 Nackte
1340 2342 103 29 reinen

546 2394 113 33 Auges,
679 2395 69 27 weil
770 2402 31 20 er
823 2394 116 33 spielen
957 2394 122 33 konnte,
1094 2393 72 29 weil
1183 2402 32 20 er
1235 2394 46 29 ein
1301 2392 142 34 Künstler

546 2452 77 22 war.
657 2444 51 29 Ihn
734 2453 59 26 zog
820 2445 52 28 der
898 2444 130 29 Mensch
1052 2444 84 30 nicht
1158 2453 50 25 an,
1234 2446 57 28 den
1318 2453 32 20 er
1376 2452 50 21 aus-

546 2495 107 30 ziehen
676 2495 112 30 mußte.
820 2495 62 29 Der
904 2498 64 27 erst
992 2494 97 31 hinter
1117 2495 59 30 den
1200 2495 120 34 Dingen
1344 2495 98 29 stand.

545 2546 40 29 Er
611 2546 56 28 sah
694 2547 47 29 die
767 2546 98 34 Dinge
894 2554 37 21 an
958 2546 74 33 sich,
1059 2546 49 31 die
1136 2546 124 29 Andere
1288 2547 64 29 sich
1380 2549 63 26 erst

546 2596 151 28 aufbauen
740 2598 137 26 müssen.
917 2596 40 28 Er
998 2596 91 29 stand
1131 2605 57 21 vor
1232 2598 57 28 den
1334 2596 109 28 Felsen

546 2648 61 28 und
626 2648 47 28 die
693 2647 109 29 Felsen
823 2648 104 33 fügten
948 2646 65 30 sich
1035 2648 68 29 ihm.
1132 2648 39 28 Er
1192 2647 156 29 wandelte
1369 2648 56 28 zwi-

546 2697 94 30 schen
669 2699 57 28 den
752 2698 140 29 Bäumen
915 2699 61 28 und
999 2699 54 28 der
1078 2699 93 28 Wald
1198 2699 153 29 umstellte
1378 2699 64 28 sich

546 2747 69 30 ihm.
650 2749 63 28 Ihm
738 2749 160 30 lauschten
927 2749 47 29 die
1000 2749 89 29 Tiere
1119 2751 59 28 und
1207 2758 32 20 er
1267 2751 59 33 gab
1354 2749 88 30 ihnen

547 2800 48 29 die
616 2799 120 29 Farben
761 2801 101 27 seiner
887 2800 103 28 Liebe.

603 2859 55 29 Die
681 2859 93 29 Liebe
799 2860 100 28 seiner
920 2859 129 29 Farben.
1082 2860 68 28 Wie
1175 2861 43 27 sie
1244 2860 63 29 sich
1333 2860 109 32 lieben,

550 2911 45 27 die
620 2909 128 34 Farben,
774 2919 91 20 wenn
890 2918 70 20 man
987 2911 45 27 sie
1053 2911 81 30 nicht
1160 2913 87 27 stört.
1283 2911 69 29 Wie
1379 2910 64 29 sich

550 2961 45 30 die
614 2960 131 29 Formen
770 2969 168 24 umarmen,
961 2969 90 20 wenn
1074 2970 68 21 man
1166 2963 44 28 sie
1231 2962 81 30 nicht
1334 2961 109 29 bricht.

603 3017 77 32 Kein
702 3019 98 29 Feuer
825 3020 170 28 verbrennt
1021 3019 192 31 Brennende.

604 3076 69 29 Wie
710 3077 47 28 Du
793 3079 137 32 brennst,
968 3078 99 30 Franz
1101 3078 98 31 Marc.
1241 3080 68 29 Wie
1347 3080 96 28 Deine

550 3127 104 33 Augen
684 3128 178 35 aufsaugen,
890 3138 67 20 was
985 3130 47 28 ist.
1068 3130 69 30 Wie
1164 3130 55 31 das
1248 3130 71 30 Sein
1349 3130 94 29 durch

549 3175 76 29 Dich
644 3177 179 31 Glühenden
840 3179 96 32 -glüht.
955 3178 68 29 Wie
1045 3179 79 29 Dein
1141 3179 104 30 Brand
1268 3179 77 29 allen
1368 3180 57 28 Zau-

549 3226 55 29 ber
622 3229 86 31 tötet,
729 3228 52 29 der
802 3229 82 29 nicht
901 3229 139 28 Wunder
1060 3231 47 27 ist.
1144 3230 69 29 Wie
1230 3231 57 28 das
1307 3230 136 29 Wunder

550 3276 96 30 durch
661 3278 78 28 Dich
757 3278 50 29 auf
826 3280 47 28 die
887 3280 80 29 Erde
980 3280 126 34 kommt,
1122 3281 48 28 die
1187 3289 59 21 nun
1264 3281 179 30 entzaubert

550 3330 60 28 und
628 3330 201 30 verwundert
847 3332 52 27 ist:
918 3332 54 29 mit
987 3331 114 35 großen
1122 3334 176 28 erstaunten
1316 3332 109 33 Kinder-

552 3387 99 24 augen
678 3387 60 20 nun
765 3381 28 26 in
821 3381 46 29 die
893 3381 83 29 Welt
1004 3381 85 33 sieht,
1115 3384 46 28 die
1187 3382 66 30 sich
1281 3384 75 28 über
1386 3383 57 29 den

550 3431 106 32 Augen
696 3429 73 29 aller
807 3430 145 34 Kämpfer
981 3432 105 29 wölbt.
1122 3433 142 30 Sichtbar
1305 3442 55 20 nur
1397 3434 46 28 für

550 3480 103 32 gioße,
679 3483 157 26 erstaunte
860 3481 224 31 Kinderaugen.

1654 1878 50 29 Sie
1728 1878 147 29 wachsen
1899 1878 90 33 nicht,
2013 1879 84 29 diese
2121 1878 238 29 Erwachsenen.
2392 1877 99 29 Franz

1597 1928 97 33 Marc,
1712 1928 124 29 wüßten
1855 1930 53 31 sie,
1928 1930 59 27 wie
2008 1928 53 28 der
2081 1928 142 33 Künstler
2243 1929 43 27 sie
2305 1927 82 34 liebt,
2408 1927 83 29 diese

1596 1978 136 33 Blinden,
1761 1980 97 27 denen
1886 1987 32 19 er
1958 1980 54 27 das
2048 1978 87 29 Licht
2171 1978 73 33 gibt,
2282 1977 74 29 alles
2394 1977 97 29 Feuer

1596 2030 107 29 würde
1723 2031 63 27 sich
1804 2031 100 28 selber
1919 2030 181 34 verzehren,
2120 2029 56 30 ehe
2195 2038 34 22 es
2248 2031 58 27 den
2321 2029 168 29 Menschen

1594 2079 80 33 frißt,
1700 2079 54 30 der
1778 2079 91 30 allein
1893 2081 63 28 und
1979 2088 67 24 nur,
2070 2079 91 30 ihnen
2196 2079 78 29 allen
2300 2079 95 29 Vater
2432 2078 59 29 und

1596 2130 125 34 Mutter,
1745 2130 156 30 Geliebter
1921 2131 59 29 und
2003 2130 138 31 Geliebte
2161 2132 49 28 ist.

1653 2180 63 30 Das
1735 2182 99 29 Feuer
1855 2182 170 31 verbrennt
2046 2181 110 31 keinen
2181 2180 213 30 Brennenden.

1653 2232 56 29 Die
1747 2232 80 30 Erde
1865 2233 40 29 ist
1934 2232 54 29 das
2016 2232 56 29 Tal
2110 2232 53 30 der
2201 2232 105 34 Klage,
2335 2232 70 29 weil
2433 2232 57 28 wir

1596 2285 125 31 wissen,
1740 2291 69 21 was
1825 2283 57 29 wir
1905 2286 61 27 tun.
1996 2283 67 29 Wir
2084 2282 147 34 erfinden,
2250 2290 68 23 was
2335 2283 58 29 wir
2410 2282 81 29 nicht

1597 2333 124 30 suchen.
1766 2333 143 32 Künstler
1947 2334 62 29 und
2046 2334 112 32 Kinder
2192 2333 115 34 finden,
2344 2341 67 21 was
2448 2334 43 29 sie

1596 2384 125 29 suchen.
1762 2384 52 29 Sie
1844 2384 95 29 sehen
1966 2407 7 11 ,
2003 2386 43 28 sie
2077 2385 105 33 hören,
2213 2386 45 27 sie
2286 2384 112 29 fühlen.
2439 2384 51 29 Sie

1596 2436 144 33 springen
1752 2436 42 28 im
1808 2435 65 34 Tal,
1889 2435 95 29 sehen
2001 2437 46 29 die
2062 2436 111 35 Berge,
2186 2435 98 30 hören
2300 2436 47 28 die
2363 2435 128 29 Stimme

1597 2485 61 29 und
1684 2485 100 30 fühlen
1811 2486 84 30 Gott.
1930 2486 160 31 Vielleicht
2115 2486 136 34 stolpern
2275 2487 44 29 sie
2342 2487 74 29 über
2443 2486 48 29 die

1597 2536 155 34 Wurzeln,
1781 2536 146 35 schlagen
1954 2539 54 32 sie,
2035 2538 70 28 weil
2130 2538 45 28 sie
2201 2538 45 28 sie
2274 2538 82 29 nicht
2385 2537 105 29 sahen.

1596 2586 83 29 Aber
1700 2586 56 29 der
1778 2586 97 33 Vogel
1896 2587 72 30 dort
1988 2587 107 29 erhebt
2117 2588 44 28 sie
2183 2587 61 28 und
2265 2589 45 26 sie
2333 2587 68 29 sind
2421 2586 70 29 Eins

1595 2639 54 27 mit
1667 2638 56 28 der
1742 2636 89 35 Erde,
1848 2638 72 29 weil'
1933 2640 45 29 sie
1997 2638 63 29 sich
2076 2640 29 27 in
2126 2638 53 29 der
2197 2638 82 29 Welt
2297 2637 110 30 fühlen.
2434 2638 56 29 Die

1595 2687 96 34 Klage
1720 2690 79 28 wird
1835 2689 105 34 Klang.
1978 2689 62 29 Der
2069 2689 88 29 Jubel
2197 2688 73 30 hallt
2298 2688 106 30 wider.
2443 2688 47 29 Ihr

1596 2738 98 29 Jubel.
1725 2738 107 30 Blinde
1854 2739 107 29 stehen
1983 2739 82 30 nicht
2085 2739 59 29 auf.
2174 2739 107 29 Taube
2297 2739 120 33 klagen.

1652 2789 82 29 Aber
1756 2789 47 29 Du
1827 2789 99 30 stehst
1948 2790 59 34 auf,
2029 2790 99 29 Franz
2151 2789 97 30 Marc.
2279 2790 54 29 Dir
2354 2798 67 21 war
2444 2790 46 29 die

1595 2840 80 28 Erde
1701 2839 157 35 heimisch,
1882 2841 74 28 aber
1978 2841 77 28 Dein
2081 2841 94 32 Reich
2199 2842 39 29 ist
2263 2842 30 28 in
2319 2842 54 29 der
2398 2841 90 30 Welt

1653 2890 55 29 Die
1729 2891 80 29 Erde
1830 2891 62 30 lebt
1915 2900 54 20 aus
1994 2891 61 29 Dir.
2088 2892 69 29 Und
2179 2894 47 27 ein
2249 2891 98 29 Baum
2370 2891 120 30 wächst

1597 2940 59 34 auf,
1675 2943 84 29 seine
1778 2942 95 30 Aeste
1893 2943 116 33 greifen
2027 2952 49 20 um
2098 2944 47 27 die
2160 2942 90 35 Erde,
2269 2944 83 28 seine
2371 2940 117 31 Blätter

1596 2990 143 30 leuchten
1757 2992 70 29 blau
1848 2994 28 27 in
1896 2991 80 30 Aller
1996 2992 131 33 Herzen,
2150 2994 84 27 seine
2255 2992 110 29 Blüten
2385 2991 105 30 duften

1596 3041 99 37 Klang
1717 3044 28 27 in
1770 3043 81 30 Aller
1875 3043 120 35 Seelen,
2017 3052 32 22 es
2076 3046 88 27 raunt
2185 3052 58 21 aus
2268 3043 61 30 ihm
2354 3044 28 27 in
2407 3043 82 28 Aller

1597 3092 136 35 Denken,
1755 3101 34 21 es
1810 3095 80 33 singt
1915 3102 55 21 aus
1991 3094 61 29 ihm
2076 3094 52 29 der
2152 3094 123 29 Welten
2297 3094 136 34 Stimme,
2457 3101 33 21 es

1597 3143 95 32 klingt
1715 3152 54 20 aus
1793 3144 60 29 ihm
1874 3145 54 28 der
1950 3144 122 30 Welten
2091 3145 193 33 Schweigen.

1652 3193 91 29 Täler
1761 3194 112 30 blühen
1891 3198 28 27 in
1939 3197 116 28 seinem
2074 3196 156 29 Schatten.

1654 3243 49 30 Ich
1734 3245 78 29 liebe
1844 3246 54 29 das
1928 3245 278 35 Unvergängliche,
2237 3246 93 29 durch
2360 3246 55 28 das
2441 3245 46 30 ich

1597 3294 98 32 glühe.

1653 3344 69 30 Wie
1747 3346 49 28 ich
1818 3346 77 29 Dich
1918 3347 87 33 liebe,
2027 3346 99 30 Franz
2150 3346 96 29 Marc.

1653 3395 69 31 Wie
1742 3396 47 30 Du
1808 3399 57 27 mir
1889 3396 263 35 entgegenglühst.

1653 3445 69 30 Wie
1743 3447 48 29 ich
1809 3447 54 29 Dir
1886 3447 249 34 entgegenglühe.

1648 3496 62 31 Dir,
1729 3497 143 30 Künstler
1895 3497 119 30 Gottes.

2128 3581 164 29 Herwarth
2323 3582 126 28 Walden

1654 3777 146 30 Berlin
1824 3787 48 20 am
1895 3779 108 29 achten
2024 3778 89 28 März
2138 3778 70 29 1916
