2654 3866
175 315 279 82 FARE
502 313 287 84 FOLK
830 313 238 91 ART,
1127 313 122 68 Or
1302 313 135 66 the
1470 312 439 69 So-Called

177 437 99 69 of
311 437 204 66 Folk
558 437 178 76 Art,

788 437 115 88 by
950 437 236 68 Felix
1242 436 315 69 Urban.

173 625 156 45 THhe
364 626 132 44 PoJk
520 630 134 41 need
680 629 316 52 something
1019 640 150 32 more
1187 630 136 41 than
1356 629 96 42 the
1479 629 237 41 interest
1739 625 55 43 of
1814 624 352 53 Sociologists
2186 628 57 40 to
2266 626 206 53 inspire

262 720 151 42 them
449 720 58 41 to
541 720 144 51 sing,
718 720 170 42 dance
922 720 105 41 and
1063 722 88 39 act
1185 720 177 51 again,
1396 720 106 41 and
1540 729 68 31 no
1641 717 104 43 fire
1780 715 110 44 will
1927 717 65 42 be
2026 714 220 43 kindled
2281 715 58 42 in
2377 715 95 42 the

181 807 133 44 Folk
347 808 208 55 merely
588 809 232 43 because
851 809 136 54 they
1020 821 93 31 are
1149 808 177 44 blown
1364 819 145 42 upon
1546 809 69 52 by
1636 808 97 42 the
1758 807 225 43 bellows
2006 804 54 45 of
2082 806 96 41 the
2203 804 108 42 idle
2333 804 141 45 rich.

279 898 109 43 The
421 899 161 53 thing
615 901 46 42 is
709 912 31 31 a
774 902 197 52 hobby.
1020 901 144 43 Even
1215 911 58 30 as
1321 910 82 30 we
1438 899 99 41 but
1585 897 171 55 lately
1804 899 175 51 began
2027 899 61 41 to
2139 896 194 44 collect
2382 897 90 43 old

178 988 286 44 furniture
514 1001 58 32 so
621 1002 82 31 we
754 1001 92 32 are
898 1001 121 32 now
1071 988 296 52 collecting
1413 988 87 42 old
1549 1000 166 40 songs
1764 990 105 40 and
1904 990 216 48 dances,
2171 990 127 49 and,
2331 985 145 47 after

182 1079 319 53 drumming
534 1080 152 43 them
721 1081 120 42 into
873 1090 151 33 some
1074 1077 105 45 few
1212 1081 278 50 peasants,
1522 1090 81 30 we
1636 1090 95 42 say
1778 1077 399 55 complacently
2208 1079 57 43 in
2299 1077 173 46 books

183 1170 126 42 that
341 1170 96 42 the
474 1169 131 44 Folk
639 1173 137 41 have
812 1174 160 40 burst
1004 1174 100 40 out
1136 1173 161 49 again
1333 1171 118 42 into
1484 1181 136 41 song
1651 1170 107 42 and
1804 1170 202 51 dance;
2040 1171 126 42 that
2256 1171 93 43 the
2383 1180 59 33 re-

181 1259 143 44 vival
360 1259 56 44 of
449 1259 264 44 Folk-Art
746 1263 56 40 in
850 1273 137 41 song
1019 1263 104 40 and
1159 1261 190 51 dance,
1382 1261 55 41 in
1486 1270 157 42 game
1677 1261 104 41 and
1817 1261 186 41 drama
2036 1260 68 51 is,
2135 1261 55 41 in
2227 1259 246 55 England

181 1353 192 51 today,
414 1363 69 31 an
520 1352 397 50 accomplished
1155 1350 88 54 (i).
2407 1357 66 37 J&

180 1447 66 35 &
280 1438 225 52 Artists,
529 1443 114 50 too,
677 1452 93 32 are
794 1442 117 42 said
945 1443 57 41 to
1029 1442 64 40 be
1184 1441 169 52 going
1385 1438 138 44 back
1545 1441 58 40 to
1636 1441 95 41 the
1767 1441 277 41 creations
2068 1439 55 43 of
2153 1442 95 40 the
2283 1438 193 52 simple

183 1531 107 40 and
327 1529 315 45 unlettered
667 1529 120 45 folk
817 1532 126 41 that
983 1531 133 53 they
1149 1541 120 43 may
1293 1528 149 45 build
1477 1541 69 30 on
1602 1529 96 42 the
1739 1528 356 43 foundations
2148 1529 55 42 of
2255 1528 219 45 natural

182 1622 149 42 taste
364 1623 104 41 and
519 1621 459 43 emotionßut
1009 1621 127 42 that
1184 1621 193 42 artists
1425 1620 196 43 should
1657 1618 119 45 love
1819 1620 98 41 the
1966 1620 193 50 purest
2201 1620 277 41 accidents

186 1707 57 45 of
273 1711 97 42 the
406 1710 219 43 natural
676 1711 318 51 expression
1029 1707 56 45 of
1116 1710 259 51 peasants
1428 1708 47 44 is
1509 1710 234 51 nothing
1795 1720 137 32 new.
1985 1707 209 45 Artists
2241 1708 105 44 and
2380 1710 96 42 the

187 1797 133 44 Folk
355 1810 92 32 are
483 1797 56 44 of
569 1800 96 41 the
714 1810 150 31 same
897 1796 224 56 family;
1169 1799 133 53 they
1336 1809 93 32 are
1480 1797 71 42 all
1584 1799 95 42 the
1715 1797 246 44 children
2012 1796 56 45 of
2115 1799 204 42 Nature
2370 1799 106 42 and

185 1891 138 52 obey
357 1890 101 43 her
492 1890 104 42 and
647 1900 70 31 no
752 1900 103 32 one
903 1888 132 43 else.
1070 1889 106 42 But
1211 1890 204 42 Nature
1450 1890 200 41 abhors
1757 1886 127 45 fake
2011 1889 105 42 and
2167 1889 127 42 that
2326 1889 46 42 is
2406 1888 72 43 all

183 1982 127 41 that
342 1980 113 43 this
488 1982 227 49 present
747 1978 262 44 so-called
1103 1979 207 43 revival
1404 1979 54 43 of
1491 1978 252 44 Folk-art
1782 1982 258 40 amounts
2073 1982 76 40 to.

183 2078 66 36 &
285 2070 170 45 When
491 2082 30 30 a
555 2069 192 43 nation
780 2070 154 51 sings
968 2070 46 41 it
1044 2079 129 42 goes
1208 2081 69 30 on
1311 2069 224 52 singing
1570 2069 141 42 until
1744 2069 97 43 the
1876 2081 195 30 reason
2105 2068 87 44 for
2225 2070 73 42 its
2341 2079 138 43 song

182 2162 46 41 is
263 2172 163 41 gone.
460 2159 112 44 The
606 2171 196 32 reason
839 2161 54 40 in
930 2158 243 53 England
1199 2159 97 42 has
1330 2169 160 41 gone.
1523 2158 174 43 There
1734 2171 98 30 can
1869 2161 64 40 be
1966 2161 111 40 two
2110 2169 246 42 reasons,
2388 2159 90 52 joy

186 2261 63 30 or
301 2261 229 33 sorrow.
564 2251 107 42 But
718 2251 55 40 in
818 2248 245 54 England
1119 2248 416 52 respectability
1583 2248 160 43 shuts
1781 2251 98 39 out
1930 2248 152 52 both,
2115 2249 104 41 and
2255 2248 127 43 that
2429 2249 47 42 is

183 2338 125 54 why
333 2340 161 42 there
529 2340 44 40 is
610 2349 69 31 110
713 2338 373 52 spontaneous
1121 2349 137 40 song
1289 2337 56 41 in
1386 2336 263 52 England.
1668 2345 805 35 &&&?£/

285 2430 58 40 In
380 2429 229 52 Poland,
641 2430 95 40 the
787 2427 124 43 land
949 2426 56 44 of
1037 2427 156 43 lands
1226 2426 86 43 for
1359 2427 351 52 Folk-music,
1761 2429 39 52 (I
1838 2429 160 41 know
2035 2427 56 43 of
2123 2441 30 28 a
2187 2427 290 45 collection

186 2517 56 44 of
277 2529 164 43 many
472 2519 279 43 thousand
799 2519 210 53 songs),
1042 2519 132 52 they
1207 2529 93 30 are
1347 2519 193 52 joyous
1577 2529 62 30 or
1686 2516 306 52 sorrowful,
2041 2520 101 41 but
2172 2519 98 42 the
2316 2520 156 42 State

187 2610 131 42 does
343 2610 99 42 not
465 2608 160 43 allow
648 2609 151 42 them
821 2610 58 40 to
902 2609 221 42 become
1157 2608 423 50 commonplace.
1606 2610 58 41 In
1701 2608 264 52 England,
1988 2619 69 31 on
2083 2609 94 42 the
2203 2610 275 54 contrary,

187 2700 127 42 that
367 2700 46 41 is
468 2700 117 52 just
632 2700 152 42 what
816 2699 96 42 the
944 2699 158 42 State
1135 2699 130 42 does
1314 2698 67 42 do
1414 2698 104 42 and
1574 2698 114 51 just
1720 2698 150 42 what
1921 2697 133 53 they
2096 2699 237 42 become.
2368 2698 111 44 The

187 2801 186 42 young
406 2791 54 41 in
497 2788 268 53 England,
820 2799 137 33 even
994 2798 58 32 as
1102 2788 95 42 the
1230 2797 185 42 young
1463 2787 56 40 in
1556 2785 224 53 Poland,
1814 2796 93 31 are
1960 2787 211 52 joyous,
2205 2785 170 51 since,
2415 2798 59 33 as

187 2879 147 45 Walt
387 2879 280 45 Whitman
724 2879 195 49 wrote,
1030 2876 117 44 lads
1223 2877 107 42 and
1389 2874 189 52 lasses,
1630 2876 126 42 that
1809 2874 277 44 universal
2139 2887 126 31 race
2375 2888 97 32 are

247 2971 209 53 mainly
489 2971 96 42 the
619 2981 169 41 same,
823 2967 72 44 all
933 2978 147 44 ages,
1129 2966 72 43 all
1236 2966 155 43 lands
1494 2967 100 41 but
1641 2976 197 32 sooner
1888 2976 61 30 or
1982 2965 142 43 later
2156 2966 133 52 they
2322 2966 155 43 learn

183 3061 99 42 the
318 3058 69 44 lie
420 3060 125 42 that
577 3058 89 54 joy
699 3060 47 42 is
797 3060 99 42 not
928 3056 360 53 respectable.
1339 3056 126 43 This
1499 3057 128 41 does
1663 3057 98 41 not
1795 3055 156 43 make
1985 3056 150 42 them
2171 3055 310 44 miserable.

191 3147 46 44 If
265 3149 128 42 that
425 3159 144 32 were
594 3159 59 32 so
688 3149 130 52 they
842 3147 180 52 might
1114 3147 99 42 out
1246 3144 55 44 of
1323 3144 149 44 their
1505 3155 206 32 sorrow
1745 3142 157 43 make
1936 3142 145 45 little
2115 3155 164 42 songs
2387 3145 96 52 No,

183 3240 135 51 they
350 3236 189 54 prefer
571 3239 59 42 to
668 3240 223 41 become
942 3236 182 54 banal,
1175 3238 104 41 and
1333 3234 246 54 banality
1629 3245 166 32 never
1844 3235 218 42 created
2105 3238 35 22 **
2165 3234 262 44 Folk-Art

190 3330 261 41 however
484 3329 160 41 much
681 3326 56 45 of
770 3328 47 42 it
851 3329 45 42 it
931 3340 121 40 may
1088 3328 137 42 have
1259 3325 207 45 stifled.

285 3415 217 45 Ireland
539 3418 46 42 is
634 3428 154 32 more
837 3415 309 46 fortunate.
1179 3415 175 44 There
1404 3415 47 41 it
1484 3414 47 42 is
1564 3413 303 43 somewhat
1898 3413 96 43 the
2044 3424 146 33 same
2238 3417 155 50 story
2426 3426 57 31 as

2077 3493 11 17 t

183 3523 60 50 (i)
392 3519 242 44 Shakespeare
660 3519 143 36 Revival
1053 3530 43 24 on
1119 3530 21 24 a
1166 3519 90 35 later
1281 3527 96 33 page.
