2654 3866
969 312 353 55 HENRY
1385 308 200 48 VIII.

2330 310 148 75 103

144 428 284 53 sculpture
463 428 58 40 at
558 426 185 47 Rouen
779 425 180 42 which
996 424 241 43 exhibits
1272 424 95 40 the
1418 429 150 34 same
1603 416 188 51 event,
1825 412 107 43 and
1985 412 183 42 shows
2218 411 98 42 the
2370 407 104 45 full

148 518 147 45 force
331 516 54 44 of
417 516 99 42 the
553 516 320 53 expression
966 514 111 43 fool
1112 514 105 42 and
1253 511 235 51 feather,
1579 506 88 45 for
1701 506 95 42 the
1830 505 190 53 plume
2076 513 71 31 on
2204 502 96 41 the
2337 500 140 42 head

145 610 55 45 of
232 610 95 42 the
365 609 160 42 horse
560 607 199 43 ridden
797 609 68 52 by
900 605 223 45 Francis
1159 605 45 44 Is
1240 607 100 40 not
1372 603 86 43 far
1493 602 157 43 short
1684 598 55 44 of
1775 595 177 46 three
1989 591 128 49 feet
2153 595 53 41 in
2247 591 232 54 height!

148 701 256 44 Towards
436 699 97 42 the
568 699 105 42 end
712 697 55 44 of
799 699 98 41 the
931 697 192 53 period
1137 696 78 44 «t)f
1249 697 96 42 the
1380 696 184 41 action
1598 703 152 33 some
1786 689 311 52 Important
2145 685 334 54 sumptuary

150 792 132 43 laws
317 802 144 32 were
497 792 218 52 passed,
748 791 107 42 and
892 788 143 45 from
1070 788 115 43 this
1220 787 323 43 enactment
1578 786 104 42 and
1740 781 348 45 inventories
2139 791 83 32 we
2277 777 204 54 gather

148 885 125 43 that
304 885 96 42 the
436 885 155 42 dress
625 881 56 44 of
715 892 210 42 1521=23
961 881 337 44 included....
2161 881 66 37 ■£?
2413 877 68 38 zZ?

247 975 373 53 Square-toed
657 975 164 42 shoes
855 972 55 44 of
944 972 217 44 slashed
1197 971 204 43 velvet.
2162 972 65 36 £?
2415 970 66 37 £?

238 1065 217 45 Trunks
489 1079 64 31 or
586 1068 264 42 breeches
884 1065 55 43 of
969 1064 328 44 silk...black
1329 1063 108 43 silk
1470 1064 106 40 and
1613 1060 146 55 gold,
1794 1057 194 55 purple
2012 1057 109 45 silk
2145 1059 106 40 and
2276 1055 205 46 Venice

149 1158 124 54 gold
306 1170 195 32 woven
539 1160 282 50 net-wise,
856 1160 106 40 and
997 1158 172 42 white
1203 1155 107 45 silk
1343 1158 104 40 and
1485 1154 147 55 gold.
2415 1155 66 36 &

248 1249 198 43 Stocks
482 1261 62 30 or
577 1248 288 53 stockings
901 1247 56 44 of
988 1249 205 50 velvet,
1230 1247 170 53 cloth,
1437 1248 105 41 and
1579 1247 168 42 satin.
1912 1253 65 34 JZ?
2164 1251 65 35 £7

149 1351 67 35 £?
249 1342 267 42 Doublets
550 1341 57 43 of
642 1341 167 49 cloth,
844 1339 204 50 velvet,
1082 1338 247 51 damask,
1363 1337 150 43 cloth
1550 1336 54 44 of
1637 1336 148 54 gold,
1819 1336 147 43 cloth
2003 1333 56 45 of
2081 1334 190 52 silver,
2294 1332 188 44 velvet

149 1436 95 41 cut
275 1433 57 42 in
369 1431 360 53 meandering
762 1433 258 51 patterns
1056 1442 68 31 on
1180 1431 95 42 the
1331 1428 126 54 gold
1513 1440 63 31 or
1625 1428 172 45 silver
1847 1427 232 44 c10th....
2129 1427 107 42 and
2293 1424 189 46 velvet

150 1525 231 42 covered
416 1525 137 40 with
590 1525 346 51 embroidery
971 1520 56 44 of
1058 1522 123 55 gold
1220 1524 105 41 and
1378 1522 202 54 pearls,
1635 1522 107 42 and
1781 1521 234 42 buttons
2064 1517 57 45 of
2170 1518 315 54 diamonds,

154 1615 207 53 rubies,
652 1615 93 43 &c.

153 1715 65 36 JZ?
251 1704 222 44 Sleeves
506 1706 161 49 wide,
701 1705 291 50 detached,
1027 1706 105 41 and
1169 1704 255 43 fastened
1461 1705 58 41 to
1555 1704 96 42 the
1687 1703 188 53 jacket
1924 1714 64 32 or
2037 1701 294 46 doublet...
2368 1701 115 45 like

153 1798 96 43 the
285 1798 261 42 breeches
582 1808 62 31 or
676 1797 175 43 trunk
886 1798 132 43 hose
1051 1808 208 33 were...
1292 1799 136 40 with
1465 1797 188 53 points
1688 1809 62 31 or
1785 1797 143 43 laces
1979 1798 107 41 and
2139 1798 146 51 tags.
2336 1795 149 55 They

159 1898 145 32 were
338 1887 283 53 generally
656 1887 54 44 of
743 1889 146 42 satin
925 1889 160 42 when
1121 1889 96 42 the
1251 1888 231 43 doublet
1514 1901 112 31 was
1662 1888 55 43 of
1749 1889 208 52 velvet,
2006 1891 106 40 and
2167 1888 222 56 usually
2424 1886 57 44 of

160 1978 97 43 the
290 1990 150 31 same
474 1978 191 43 colour
696 1979 178 55 (worn
908 1981 70 53 by
1013 1983 132 41 both
1181 1981 199 53 sexes),
1411 1981 69 54 (i)
1907 1991 66 34 .z?

257 2068 329 44 Waistcoats
619 2070 134 42 with
789 2070 207 43 sleeves
1029 2070 208 54 tightly
1269 2068 215 56 fitting,
1519 2072 158 42 made
1702 2071 55 43 of
1782 2070 149 44 cloth
1959 2070 54 44 of
2036 2070 189 50 silver,
2247 2070 239 54 quilted,

164 2156 107 41 and
362 2155 181 43 tuffed
580 2160 99 39 out
710 2160 135 42 with
879 2159 116 43 fine
1032 2160 275 43 camerike
1395 2162 179 52 (worn
1612 2164 69 50 by
1716 2162 132 42 both
1885 2162 199 54 sexes).

263 2245 224 43 Jackets
521 2258 62 30 or
616 2246 211 52 jerkins
860 2261 155 31 worn
1051 2261 130 31 over
1231 2253 95 40 the
1382 2253 247 52 doublet,
1683 2253 219 54 usually
1937 2251 57 45 of
2026 2254 207 43 velvet.

267 2338 161 42 Coats
463 2335 54 43 of
549 2336 201 51 velvet,
784 2339 245 51 damask,
1063 2352 61 30 or
1157 2340 171 51 cloth,
1363 2343 135 42 with
1550 2345 157 41 bases
1762 2355 62 31 or
1879 2343 191 53 skirts,
2126 2345 193 43 ribbed
2377 2348 106 42 and

164 2428 233 53 quilted,
431 2430 104 42 and
572 2429 170 52 loose,
775 2430 245 52 hanging
1053 2434 170 47 coats,
1260 2432 112 43 like
1405 2434 161 41 short
1617 2433 205 52 cloaks,
1871 2434 136 43 with
2059 2437 169 42 broad
2281 2435 204 45 collars

165 2519 107 42 and
309 2519 316 52 trimmings
661 2518 54 43 of
748 2517 111 54 fur,
893 2519 106 42 and
1035 2518 171 55 large,
1242 2521 244 53 hanging
1519 2521 234 45 sleeves.

1549 2581 4 11 (

263 2607 198 44 Gowns
497 2607 55 44 of
583 2608 206 53 velvet,
822 2611 166 50 satin,
1024 2608 246 55 damask,
1305 2613 105 41 and
1447 2611 169 53 cloth,
1649 2612 261 43 trimmed
1946 2614 137 42 with
2133 2613 94 45 fur
2280 2614 57 44 of
2385 2617 100 42 the

163 2698 159 45 black
353 2702 186 51 genet,
574 2701 96 42 the
703 2701 170 51 sable,
910 2703 105 41 and
1052 2701 194 44 lamb's
1282 2701 138 43 wool
1455 2702 176 55 (worn
1669 2705 69 52 by
1772 2705 133 42 both
1942 2705 198 54 sexes).
2176 2706 159 43 After
2360 2716 125 43 1533

165 2788 159 45 black
356 2794 168 49 genet
557 2805 111 30 was
704 2794 130 53 only
867 2805 154 32 worn
1058 2795 69 53 by
1161 2795 95 42 the
1292 2794 160 43 blood
1489 2794 244 54 royal.^

263 2880 367 46 Habit-shirts
663 2895 63 31 or
759 2884 257 54 partlets,
1051 2886 136 42 with
1221 2895 62 32 or
1316 2886 241 42 without
1590 2885 214 43 sleeves
1836 2886 179 54 (worn
2044 2890 67 52 by
2137 2889 170 44 ladies
2333 2890 157 55 only)

167 2979 143 32 were
346 2973 155 42 made
535 2973 53 42 of
620 2973 114 44 fine
767 2978 258 49 cambric,
1060 2976 148 44 often
1269 2976 177 55 richly
1499 2978 386 43 embroidered
1937 2980 135 41 with
2123 2980 146 54 gold,
2319 2994 64 32 or
2432 2982 56 45 of

169 3059 140 39 lawn
345 3060 132 41 with
515 3064 251 42 network
798 3067 55 42 of
886 3068 123 51 gold
1044 3081 193 30 woven
1273 3069 241 42 therein.

267 3148 198 43 Kirtles
499 3162 61 30 or
593 3153 294 51 petticoats
921 3171 146 30 were
1103 3162 156 42 made
1295 3158 54 44 of
1375 3159 148 43 cloth
1550 3157 57 44 of
1631 3159 145 52 gold,
1803 3162 252 53 brocade,
2081 3166 170 52 satin,
2276 3166 210 54 velvet,

169 3238 243 52 damask,
445 3241 169 54 cloth,
646 3248 104 40 and
787 3253 256 41 worsted.
1079 3253 175 42 Seven
1289 3255 164 52 yards
1490 3253 45 42 is
1569 3253 204 52 quoted
1827 3263 57 32 as
1932 3256 98 42 the
2079 3261 262 53 quantity
2391 3272 64 33 ne-

178 3337 215 46 cessary
426 3331 85 43 for
545 3346 29 30 a
609 3336 235 51 Queen's
879 3341 187 44 kirtle.

165 3451 48 40 (1)
237 3451 41 33 At
302 3460 44 24 an
371 3454 148 41 evening
545 3456 104 40 party
673 3457 75 34 held
771 3458 34 34 in
818 3462 61 32 the
905 3462 216 34 Parliament
1140 3464 115 34 House
1279 3467 37 31 at
1343 3465 249 33 Westminster
1616 3465 111 33 ladies
1751 3469 180 38 appeared
1959 3469 54 33 for
2031 3471 57 34 the
2112 3472 82 35 first
2220 3474 91 34 timo
2337 3476 34 33 in
2387 3476 103 33 short

163 3538 37 22 or
231 3528 98 41 demy
355 3530 136 34 sleeves
656 3536 197 35 barearms.
880 3538 44 34 i.e
930 3563 9 15 t
947 3564 8 9 .
1157 3542 106 33 down
1289 3542 89 33 from
1406 3542 57 32 the
