2654 3866
689 280 108 45 Mr
828 278 338 56 GORDON
1197 278 240 57 CRAIG
1460 278 41 49 S
1533 277 338 56 RETURN.

2422 291 71 37 93

157 390 285 54 suddenly,
474 389 246 53 through
755 400 155 33 some
945 390 225 45 curious
1219 390 273 52 accident,
1526 390 132 42 does
1691 388 100 54 get
1822 399 154 32 some
2010 388 191 52 public
2233 388 162 45 work
2427 391 63 46 to

156 484 86 52 do,
277 483 67 42 he
377 482 97 43 has
509 482 99 43 not
642 479 232 46 Infinite
907 483 407 55 acquaintance
1346 483 140 44 with
1520 480 268 45 financial
1822 479 216 56 figures
2083 483 181 43 which
2301 484 47 43 is
2382 483 108 47 the

157 574 188 44 better
374 571 218 55 part.of
622 572 189 52 public
842 572 234 47 talents.
1111 574 72 45 To
1222 586 83 40 us,
1340 576 278 52 however,
1641 574 165 54 Craig
1840 573 99 45 has
1973 573 141 45 been
2152 576 58 42 in
2244 576 100 43 the
2363 577 128 42 best

156 678 160 32 sense
352 678 30 31 a
415 667 231 42 servant
668 663 57 46 of
755 666 100 43 the
879 665 205 53 public.
1120 667 48 42 It
1192 666 47 44 is
1274 678 125 32 now
1424 678 166 44 many
1620 678 163 42 years
1822 667 155 45 since
2013 668 68 42 he
2106 666 132 46 first
2259 668 230 45 showed

157 770 64 33 us
253 758 124 44 how
410 756 164 44 noble
630 769 32 30 a
709 757 168 54 thing
909 758 98 42 the
1054 760 159 52 stage
1247 758 159 44 could
1463 761 101 51 be;
1614 760 160 43 those
1830 758 57 45 of
1940 771 65 32 us
2060 761 126 42 who
2241 771 115 33 saw
2390 761 100 44 the

156 851 34 26 44
216 851 227 52 Masque
477 849 56 44 of
569 850 141 43 Love
823 850 32 23 44
884 849 139 44 Dido
1068 851 105 42 and
1210 852 212 42 Aeneas
1539 854 33 23 44
1600 850 123 44 Acis
1758 854 107 42 and
1902 852 230 44 Galatea
2258 854 33 23 44
2319 852 137 44 Beth-

154 940 180 46 lehem
442 941 108 44 and
634 941 99 44 the
781 939 157 56 plays
989 941 70 44 he
1109 943 194 53 staged
1352 941 89 46 for
1490 955 130 42 you,
1670 944 133 43 Miss
1853 944 190 56 Terry,
2276 944 213 46 Ibsen's

156 1035 36 26 44
548 1035 107 42 and
679 1033 428 54 Shakespeare's
1142 1039 34 22 44
1197 1037 163 42 Much
1396 1035 116 45 Ado
1759 1039 118 52 not,
1912 1039 20 42 1
1954 1039 187 51 think,
2173 1038 190 53 forget
2385 1049 106 33 our

159 1126 134 43 debt
324 1124 57 43 of
410 1126 288 53 gratitude
733 1128 58 39 to
823 1137 143 42 your
998 1137 100 32 son
1134 1137 60 33 so
1229 1126 130 54 long
1393 1139 58 31 as
1484 1139 84 31 we
1604 1128 127 45 live.
1916 1137 68 37 &

160 1226 67 37 &
260 1218 142 42 Here
435 1227 112 32 was
580 1228 31 31 a
646 1227 122 33 new
822 1218 105 42 and
978 1217 311 43 wonderful
1344 1220 180 53 thing,
1699 1222 130 42 that
1860 1222 99 43 the
2010 1223 228 43 theatre
2283 1223 204 46 should

160 1307 272 55 suddenly
481 1307 123 52 give
656 1319 64 31 us
775 1308 127 42 that
955 1308 161 55 unity
1159 1310 181 42 which
1408 1311 146 43 until
1620 1312 136 43 then
1824 1325 85 30 we
1975 1313 249 46 believed
2306 1320 62 40 to
2422 1317 68 43 be

162 1397 240 54 possible
437 1397 128 55 only
599 1400 56 42 in
688 1399 98 43 the
820 1410 153 32 more
1029 1399 287 54 generally
1349 1404 326 50 recognised
1731 1406 121 41 arts
1887 1404 56 43 of
1976 1407 276 54 painting,
2287 1410 203 56 music,

161 1489 287 53 sculpture
482 1491 105 42 and

162 1581 51 42 It
245 1592 112 31 was
390 1592 59 31 so
485 1583 359 53 unexpected,
893 1594 61 32 so
988 1581 333 58 profoundly
1373 1587 242 53 moving,
1650 1587 129 44 that
1811 1589 164 43 those
2010 1589 56 45 of
2102 1602 64 32 us
2212 1593 128 43 who
2372 1606 116 33 saw

2465 1648 4 11 1

160 1672 161 43 these
355 1672 190 53 things
598 1673 137 43 have
771 1674 101 42 had
923 1686 131 31 ever
1087 1675 151 42 since
1283 1687 62 32 so
1380 1677 219 44 exalted
1653 1691 31 31 a
1718 1681 142 43 view
1915 1681 57 44 of
2005 1683 98 43 the
2144 1688 92 40 art
2286 1684 58 45 of
2384 1687 105 44 the

160 1763 235 42 Theatre
428 1763 124 42 that
587 1774 82 32 we
701 1762 119 44 find
857 1764 47 42 it
936 1766 137 42 hard
1107 1767 63 42 to
1218 1769 195 52 accept
1446 1780 61 31 as
1540 1771 132 43 true
1723 1772 126 43 coin
1882 1773 166 45 those
2083 1776 185 53 pieces
2302 1778 187 46 which

156 1866 125 41 pass
312 1855 243 53 through
606 1866 61 33 so
701 1867 165 45 many
914 1857 57 43 of
999 1858 101 45 the
1148 1860 288 54 changers'
1474 1863 178 44 hands
1705 1863 59 44 in
1798 1867 99 42 the
1933 1868 202 46 booths
2183 1872 175 43 about
2389 1874 100 44 the

155 1943 237 52 Temple.
410 1954 66 34 &

148 2044 66 37 &
250 2036 173 43 Those
458 2036 56 45 of
547 2049 64 32 us
644 2039 124 42 who
818 2042 129 41 read
1846 2039 119 47 The
1145 2040 281 57 Mask,....
1474 2048 108 41 and
1622 2049 16 40 I
1676 2049 142 53 hope
1860 2050 73 43 all
1980 2050 56 46 of
2089 2065 66 33 us
2192 2055 138 45 here
2381 2068 107 34 are

154 2128 340 41 subscribers
527 2130 60 41 to
618 2131 129 41 that
780 2143 208 42 unique
1013 2136 104 40 and
1154 2134 276 56 inspiring
1449 2139 307 46 review.....
1783 2140 165 46 know
1985 2145 126 44 how
2146 2148 341 60 ceaselessly

157 2219 160 52 Craig
350 2220 99 41 has
471 2220 173 42 toiled
672 2224 57 39 to
763 2225 95 50 get
899 2227 60 39 to
990 2225 100 44 the
1134 2229 146 48 root,
1316 2229 203 43 hidden
1542 2242 62 33 so
1628 2233 196 55 deeply
1843 2237 245 43 beneath
2122 2241 98 41 the
2241 2246 244 52 ground,

159 2307 54 43 of
245 2308 296 43 theatrical
593 2321 225 34 canons.
879 2314 23 41 I
917 2314 94 41 hat
1060 2317 136 52 they
1232 2318 67 42 lie
1355 2321 286 43 entwined
1691 2335 205 43 among
1949 2328 98 42 the
2081 2332 158 42 roots
2295 2331 58 44 of
2385 2332 102 46 life

157 2397 151 43 itself
344 2399 67 41 he
435 2399 100 42 has
569 2399 129 54 long
719 2403 152 42 since
895 2404 339 45 discovered.
1279 2408 92 42 His
1417 2411 131 52 aim,
1586 2413 163 54 then,
1784 2416 43 42 is
1868 2416 170 46 clear.
2079 2418 113 46 The
2233 2421 252 49 Theatre

156 2491 170 42 exists
358 2491 61 40 to
453 2490 282 52 interpret
768 2491 174 47 life....
980 2506 93 32 use
1112 2500 96 40 not
1243 2500 54 40 in
1349 2501 95 42 the
1479 2505 308 43 accidental
1821 2517 165 35 sense
2020 2511 58 42 in
2114 2514 181 44 which
2332 2520 155 41 most

155 2581 192 52 people
381 2581 258 44 conceive
675 2583 61 50 it,
775 2585 100 43 but
907 2586 124 42 that
1077 2597 226 35 essense
1337 2591 245 55 through
1619 2595 180 43 which
1853 2597 71 44 all
1958 2601 196 54 things
2187 2617 96 31 are
2320 2611 164 42 made

157 2670 281 46 manifest.

240 2764 750 56 Builder,sculptor,painter
1008 2771 106 41 and
1136 2771 267 44 musician
1429 2774 138 43 have
1587 2777 224 44 worked
1839 2782 263 52 together
2119 2788 60 41 to
2199 2788 164 55 bring
2380 2793 95 43 the

152 2854 357 55 significance
528 2858 56 42 of
602 2857 95 44 life
721 2862 60 40 to
797 2862 132 40 bear
955 2873 145 41 upon
1124 2864 93 42 the
1242 2863 217 46 Church
1486 2878 59 32 so
1572 2868 126 43 that
1725 2871 162 44 when
1911 2874 98 43 the
2038 2877 196 52 people
2260 2883 209 43 wished

151 2945 58 41 to
244 2957 288 34 commune
556 2951 136 41 with
725 2952 155 43 their
913 2953 145 45 Gods
1083 2956 150 42 their
1258 2967 267 41 presence
1561 2959 96 44 has
1695 2962 139 42 been
1853 2962 105 46 felt
1980 2968 108 42 and
2113 2971 155 44 their
2291 2975 189 47 voices

154 3034 166 44 heard
341 3038 171 43 about
529 3041 173 43 them.
728 3042 139 44 That
899 3046 99 42 the
1022 3048 356 51 atmosphere
1415 3048 54 43 of
1501 3051 99 42 the
1625 3051 235 46 Theatre
1895 3056 199 47 should
2130 3062 66 43 be
2231 3075 107 34 one
2365 3072 108 41 and

155 3126 95 40 the
314 3137 149 33 same
528 3133 102 40 and
697 3135 196 44 should
959 3150 158 33 serve
1152 3152 30 30 a
1215 3141 214 43 similar
1493 3154 238 43 purpose
1898 3147 112 47 not
2052 3150 104 49 the
2194 3168 281 50 purpose

157 3211 75 46 of
246 3212 99 47 the
367 3218 311 55 preacher
679 3257 10 20 ,
714 3226 44 42 is
791 3227 97 45 the
913 3231 183 54 object
1120 3230 57 44 of
1200 3232 210 55 Craig's
1436 3234 242 45 labours.
1704 3236 128 46 This
1867 3240 45 43 is
1932 3244 96 43 the
2053 3249 106 42 end
2178 3246 90 49 for
2287 3254 184 46 which

160 3305 63 40 he
260 3307 92 40 has
402 3310 220 43 worked
658 3318 105 39 and
815 3318 45 44 Is
894 3321 114 44 still
1045 3324 276 53 striving;
1355 3335 60 32 as
1450 3337 31 30 a
1516 3338 148 39 man,
1698 3326 112 46 lost
1843 3333 55 42 in
1933 3334 268 51 tortuous
2235 3354 239 37 caverns

155 3396 266 56 suddenly
451 3410 118 33 sees
597 3401 82 44 far
712 3405 78 43 off
822 3420 29 31 a
875 3413 166 51 speck
1077 3413 56 43 of
1156 3415 143 54 light
1323 3418 106 41 and
1459 3415 193 46 knows
1671 3419 137 45 then
1846 3423 69 43 he
1947 3428 113 44 will
2084 3429 121 49 find
2235 3436 84 44 his
2352 3451 123 42 way

154 3493 119 37 into
308 3489 94 42 the
438 3490 136 54 light
611 3493 53 43 of
698 3497 94 44 the
825 3512 124 40 sun,
983 3517 60 30 so
1082 3508 66 42 he
1178 3508 96 42 too
1310 3508 46 43 is
1393 3509 307 54 beginning
1723 3512 61 43 to
1817 3525 94 34 see
1945 3530 31 31 a
2012 3522 149 46 clear
2196 3540 119 43 way
2353 3535 122 42 out.
