2654 3866
1043 297 243 54 KLEP
1316 296 198 47 TOM
1530 296 45 46 A
1600 295 168 48 NIA
1793 329 14 14 .

228 302 94 43 100

230 405 122 44 held
386 405 345 54 responsible
763 405 88 45 for
884 409 67 42 he
987 408 95 43 has
1115 408 98 42 the
1262 405 332 45 misfortune
1643 410 60 40 to
1754 408 63 42 be
1873 422 69 30 an
1992 413 268 51 amateur,
2306 419 102 41 and
2453 422 50 42 in

227 496 254 41 amateur
513 497 322 43 theatricals
866 498 160 42 these
1060 498 280 42 accidents
1373 496 202 55 always
1610 498 234 52 happen.

327 587 163 52 Many
523 586 56 44 of
612 588 84 43 his
729 590 220 52 designs
980 587 88 44 for
1101 588 278 42 costumes
1415 588 141 43 have
1590 587 170 55 lately
1794 591 139 40 been
1966 591 308 53 published,
2307 595 98 43 but
2452 606 57 36 to

231 676 86 43 his
348 678 217 44 eternal
599 681 247 51 undoing
876 678 377 53 photographs
1288 677 54 43 of
1374 678 156 42 these
1563 689 150 33 same
1747 681 278 42 costumes
2057 681 136 43 have
2245 682 131 43 been
2422 696 60 42 pu-

230 766 209 46 blished
475 771 60 40 at
564 769 98 43 the
693 780 150 32 same
876 770 159 42 time.
1067 766 174 45 These
1276 769 375 52 photographs
1683 769 124 52 give
1831 770 73 42 M.
1930 767 170 46 Bakst
2132 781 169 43 away,
2321 771 84 45 for
2427 776 85 45 the

230 859 222 52 designs
486 860 106 41 and
626 860 96 42 the
755 859 376 53 photographs
1167 869 94 33 are
1297 858 191 44 unlike
1520 860 132 42 each
1688 859 184 53 other,
1904 860 105 42 and
2042 860 98 42 the
2187 861 155 52 stage
2387 865 124 45 with

234 950 177 42 which
446 950 64 42 he
545 950 95 42 has
675 948 205 54 merely
912 948 190 43 flirted
1136 959 171 42 opens
1340 950 72 42 its
1446 946 262 46 artificial
1745 960 146 32 arms
1924 949 88 43 for
2043 962 29 30 a
2107 949 106 44 last
2260 953 253 45 embrace.

235 1042 72 43 M.
341 1039 168 45 Bakst
541 1042 46 40 is
621 1039 154 43 dead.
974 1047 66 37 £?

329 1129 112 43 The
474 1133 157 48 stage
667 1131 127 41 does
833 1132 98 40 not
965 1128 111 44 like
1109 1129 510 54 philanderers,...
1669 1132 105 42 and
1824 1133 72 42 M.
1951 1132 168 43 Bakst
2170 1143 112 32 was
2329 1145 30 31 a
2404 1134 82 52 phi-

236 1219 274 46 landerer.
546 1222 58 46 R.
640 1222 39 43 1.
714 1222 58 42 P.
984 1228 65 37 j0
1727 1232 66 36 j£?
1977 1232 64 36 &

336 1406 70 42 M.
442 1404 195 43 Benois
673 1405 44 42 is
752 1415 136 32 even
922 1415 176 32 worse
1131 1404 135 43 than
1302 1405 69 42 M.
1406 1402 185 46 Bakst.
1627 1405 76 42 He
1738 1405 45 42 is
1816 1415 30 32 a
1878 1404 214 43 serious
2141 1402 86 45 old
2277 1402 146 46 rake.
2452 1406 68 43 He

236 1496 46 42 is
316 1495 238 43 another
587 1494 221 52 painter
842 1494 122 43 who
998 1495 240 42 without
1271 1494 224 43 caution
1530 1494 203 43 rushed
1770 1495 78 43 in.
1882 1494 110 43 The
2041 1495 157 52 stage
2245 1494 47 43 Is
2340 1493 178 55 killing

237 1588 112 42 him
383 1589 113 50 too,
531 1588 100 40 but
664 1585 67 43 he
781 1584 117 44 still
950 1597 260 40 manages
1257 1586 60 42 to
1368 1586 180 42 totter
1597 1584 166 53 along
1810 1584 218 52 pleased
2078 1586 61 42 to
2191 1585 163 43 death
2398 1586 120 44 with

242 1675 308 46 himself.^

244 1780 66 35 &
368 1769 173 44 When
594 1769 95 42 the
744 1769 109 41 two
907 1778 148 31 were
1109 1768 259 52 together
1420 1769 134 50 they
1606 1768 298 52 suggested
1961 1768 236 51 nothing
2245 1778 59 32 so
2370 1769 143 42 much

240 1871 58 32 as
333 1870 101 33 our
466 1857 89 43 old
589 1857 212 44 friends
835 1856 304 44 Pantalone
1172 1858 104 42 and
1312 1857 40 42 11
1388 1858 251 52 Dottore,
1671 1858 136 42 such
1855 1868 32 32 a
1934 1857 116 43 skit
2098 1857 89 43 did
2224 1858 130 51 they
2387 1868 131 33 seem

242 1959 144 42 upon
419 1948 96 42 the
552 1947 338 43 uselessness
926 1945 56 44 of
1013 1948 328 50 impotence.
2466 1957 54 35 &

334 2037 44 44 If
413 2040 17 41 1
463 2051 87 30 am
585 2040 295 52 incorrect,
1128 2035 47 44 if
1206 2039 158 42 these
1399 2037 88 44 old
1525 2036 316 53 gentlemen
1893 2037 139 44 have
2083 2036 174 55 really
2311 2039 202 40 created

240 2130 333 53 something,
608 2128 173 54 really
816 2130 136 41 been
989 2126 56 45 of
1076 2139 151 32 some
1263 2126 211 45 benefit
1497 2131 59 40 to
1577 2128 98 41 the
1699 2128 287 52 European
2023 2128 236 43 Theatre
2281 2138 14 39 ;
2328 2126 42 43 If
2390 2128 132 41 their

234 2232 191 31 scenes
446 2221 105 41 and
575 2221 278 41 costumes
888 2229 94 32 are
1016 2219 274 52 anything
1326 2219 100 41 but
1448 2218 99 43 the
1571 2216 89 45 old
1685 2218 281 54 vulgarity
1989 2219 241 43 warmed
2259 2228 70 43 up
2353 2218 167 52 again;

236 2310 43 44 if
307 2313 134 52 they
472 2323 94 31 are
601 2312 194 42 artists
830 2310 105 42 and
974 2312 98 39 not
1106 2309 207 52 merely
1347 2309 346 52 blunderers,
1726 2310 137 41 then
1897 2308 80 43 let
2010 2310 153 42 them
2216 2310 161 51 bring
2420 2309 75 42 evi-

240 2403 170 43 dence
446 2404 58 40 to
537 2412 170 42 prove
742 2401 63 41 it.
1238 2408 65 34 j£?
1487 2408 64 34 &
2470 2407 55 37 £t

335 2493 146 54 They
515 2505 94 31 are
645 2492 328 43 blunderers
1009 2492 232 44 because
1277 2491 135 52 they
1448 2491 149 42 draw
1631 2491 149 42 their
1829 2492 222 50 designs
2095 2502 70 31 on
2217 2503 168 40 papsr
2431 2491 92 42 and

242 2585 139 43 then
415 2586 241 50 attempt
686 2585 61 39 to
780 2581 274 44 translate
1087 2582 151 42 them
1291 2582 119 41 into
1463 2581 96 43 the
1608 2581 268 52 language
1924 2580 57 43 of
2027 2582 96 42 the
2172 2583 176 51 stage.
2393 2581 128 52 They

245 2677 207 44 cannot
481 2674 167 44 think
681 2676 55 40 in
769 2675 97 42 the
902 2672 270 54 language
1222 2672 55 44 of
1317 2674 157 52 stage
1519 2671 125 43 land
1667 2702 116 14 ....
1820 2684 62 30 or
1929 2671 81 43 let
2060 2682 63 32 us
2172 2682 113 45 say,
2339 2672 57 42 in
2441 2672 85 42 the

250 2765 249 44 material
532 2764 57 44 of
620 2766 97 42 the
749 2766 178 51 stage,
959 2765 251 50 because,
1244 2774 60 32 as
1335 2763 99 44 the
1467 2763 129 53 only
1627 2764 216 42 serious
1892 2764 210 42 master
2149 2761 56 45 of
2249 2759 276 48 theatrical

250 2860 89 41 art
371 2859 97 41 has
500 2856 137 51 said,
653 2855 71 56 (i)
744 2856 156 44 there
935 2858 45 40 is
1015 2867 69 31 no
1120 2854 272 49 material;
1606 2855 205 41 cannot
1844 2853 300 53 co-mingle
2177 2855 99 41 the
2295 2855 114 42 arts
2431 2851 94 44 and

311 2959 94 42 cry
437 2949 101 41 out
565 2948 130 42 that
724 2958 106 42 you
867 2947 139 43 have
1040 2947 222 42 created
1298 2957 29 29 a
1364 2956 120 31 new
1517 2947 107 40 art;
1660 2943 44 43 If
1735 2956 106 41 you
1878 2956 99 30 can
2012 2943 119 44 find
2188 2944 56 42 in
2281 2945 190 41 nature
2503 2952 25 30 a

312 3048 122 33 new
453 3037 271 52 material,
740 3037 79 53 (2)
837 3048 104 32 one
959 3036 179 44 which
1161 3036 94 43 has
1279 3046 167 31 never
1468 3037 96 49 yet
1580 3036 138 40 been
1755 3034 133 42 used
1924 3036 68 52 by
2027 3046 124 31 man
2175 3037 60 40 to
2260 3034 120 52 give
2400 3030 126 45 form

312 3131 57 40 to
405 3128 85 43 his
522 3128 289 52 thoughts,
844 3128 135 42 then
1013 3138 108 42 you
1156 3137 97 32 can
1307 3137 97 42 say
1457 3126 125 42 that
1620 3136 107 43 you
1780 3136 93 32 are
1907 3136 69 32 on
2010 3126 98 43 the
2144 3126 129 53 high
2323 3123 127 45 road
2479 3123 49 41 to

255 3222 33 23 •'
312 3220 250 52 creating
595 3230 30 32 a
658 3230 119 32 new
810 3220 108 43 art.
954 3217 102 43 For
1088 3227 106 42 you
1233 3217 137 42 have
1403 3213 172 46 found
1608 3216 128 42 that
1769 3216 70 52 by
1871 3215 180 44 which
2084 3227 108 42 you
2229 3227 99 32 can
2362 3212 167 46 create

254 3335 47 44 (!)
324 3337 139 34 Qordon
490 3337 99 41 Craig
615 3338 38 33 ia
679 3338 73 33 Tbe
777 3338 114 34 Mask.
917 3338 96 40 April
1040 3336 88 35 1908.
1156 3340 24 16 u
1206 3335 68 35 The
1298 3335 103 36 Actor
1428 3337 68 33 and
1524 3337 63 32 the
1612 3336 351 34 TJebermarionette.

258 3411 54 46 (2)
335 3411 107 36 When
467 3413 76 33 that
568 3413 160 33 material
753 3414 63 32 has
841 3413 83 35 been
950 3413 195 35 discovered
1172 3413 72 33 and
1269 3412 111 34 tested
1408 3412 28 33 it
1459 3411 72 35 will
1557 3413 39 32 be
1620 3412 84 33 time
1726 3413 143 40 enough
1893 3413 35 33 to
1953 3413 85 33 take
2062 3413 47 34 M.
2137 3412 112 34 Bakst
2271 3412 66 34 and
2362 3411 54 34 M.

256 3488 124 35 Benois
415 3487 191 44 seriously.
