2654 3866
882 299 396 47 VENETIAN
1320 299 371 47 COSTUME

2404 314 83 42 141

168 407 263 54 Nobility.
901 419 67 36 j&
1179 419 58 37 &
1422 418 66 37 j&
1673 417 67 37 &
1924 417 68 37 &
2173 416 68 37 &
2421 417 68 37 j&

164 508 66 36 j£>
266 498 148 54 They
447 497 193 55 girded
676 501 339 44 themselves
1051 512 133 33 near
1216 502 98 42 the
1348 502 115 42 side
1498 499 136 45 with
1669 511 31 32 a
1738 497 118 46 belt
1886 498 164 45 three
2092 499 215 54 fingers
2341 502 141 42 wide

159 592 57 42 in
248 591 100 43 the
380 588 146 55 style
559 590 57 43 in
651 601 180 43 vogue
863 593 189 55 today.
1102 591 118 46 And
1256 590 144 47 from
1434 592 115 43 this
1584 592 159 43 mode
1792 590 56 44 of
1883 591 256 53 dressing
2190 592 99 43 has
2341 595 138 42 been

164 682 330 45 introduced
531 681 149 46 little
715 685 69 53 by
820 684 149 45 little
1018 686 97 43 the
1166 685 134 53 long
1347 686 134 52 toga
1528 685 268 53 reaching
1848 686 61 42 to
1942 685 98 43 the
2087 686 240 52 ground,
2382 686 100 43 the

164 774 202 51 which,
397 784 59 33 as
488 784 83 33 we
604 785 91 33 see
729 775 58 43 in
822 787 104 33 our
975 788 123 32 own
1133 778 186 52 times,
1367 776 157 44 lends
1559 787 59 31 so
1676 776 162 42 much
1889 775 221 55 dignity
2148 776 128 42 that
2308 776 47 42 it
2389 776 97 42 has

167 868 141 42 been
341 864 299 46 welcomed
677 868 71 52 by
780 867 73 44 all
886 868 97 43 the
1019 867 197 45 Nobles
1241 868 106 43 and
1382 868 264 44 Citizens.

167 966 67 36 &
266 955 122 46 And
421 958 114 43 this
567 968 151 33 same
767 961 252 41 costume
1052 959 46 43 is
1147 958 116 44 also
1296 969 153 33 worn
1505 961 70 53 by
1618 959 97 43 the
1771 959 230 43 Doctors
2050 959 123 43 who
2232 957 162 45 dwell
2430 959 56 42 in

167 1048 221 53 Venice,
420 1049 109 44 and
553 1051 70 53 by
653 1048 203 46 almost
879 1049 73 45 all
985 1051 160 43 those
1170 1051 119 43 who
1324 1051 242 43 exercise
1588 1060 154 34 some
1775 1051 256 44 virtuous
2054 1051 107 43 and
2199 1051 287 44 honoured

164 1138 333 54 profession.

266 1231 19 43 I
319 1230 113 44 will
468 1234 100 41 not
600 1234 140 41 omit
770 1234 60 41 to
864 1244 116 42 say,
1014 1234 275 50 however;
1342 1230 187 44 before
1565 1234 18 40 1
1620 1234 128 52 end,
1778 1232 127 43 that
1936 1234 58 41 in
2029 1232 161 45 those
2224 1234 131 53 days
2388 1234 99 43 the

600 1291 10 14 t

169 1321 134 45 hose
337 1324 108 42 and
493 1322 99 44 the
627 1324 215 43 dresses
877 1333 146 34 were
1072 1320 55 44 of
1179 1320 268 44 different
1479 1321 218 45 colours
1753 1322 107 44 and
1897 1322 95 44 the
2041 1324 164 43 shoes
2238 1322 196 53 purple
2474 1333 15 33 :

164 1414 75 43 all
272 1413 56 45 of
359 1414 184 44 which
576 1425 101 32 can
712 1415 64 42 be
811 1424 129 33 seen
977 1415 56 41 in
1066 1414 98 42 the
1218 1413 219 44 Church
1472 1411 56 45 of
1559 1414 109 42 San
1705 1414 270 42 Qiovanni
2032 1415 107 41 and
2175 1415 108 42 San
2319 1413 166 45 Paolo

167 1504 56 45 of
256 1507 202 43 Venice
491 1507 56 42 in
582 1505 97 44 the
713 1504 147 43 altar
891 1504 152 51 piece
1076 1504 180 43 which
1302 1504 45 43 is
1382 1507 60 39 at
1472 1505 98 41 the
1621 1504 154 52 right
1808 1505 143 42 hand
1985 1502 56 45 of
2073 1505 98 42 the
2217 1507 268 42 entrance

167 1598 62 41 to
262 1597 98 42 the
395 1596 185 43 Choir.

849 1682 82 44 OF
981 1682 132 46 THE
1161 1682 323 44 COMPANY
1532 1682 83 43 OF
1663 1682 133 46 THE
1843 1684 34 25 44
1903 1682 209 46 CALZA
2425 1692 64 36 &

171 1777 82 39 TP
265 1777 81 42 his
380 1773 314 45 celebrated
727 1776 108 42 and
870 1772 347 46 honourable
1251 1773 281 54 Company
1556 1773 104 43 had
1686 1773 76 43 its
1786 1773 180 54 origin
1993 1786 165 43 many
2178 1786 164 43 years
2364 1786 124 42 ago,

261 1867 108 43 and
400 1866 139 43 such
569 1876 148 34 were
748 1866 98 43 the
878 1863 417 56 performances
1329 1865 108 43 and
1470 1862 175 47 feasts
1679 1863 304 46 instituted
2035 1867 70 54 by
2153 1867 47 42 it
2248 1867 127 43 that
2413 1877 70 33 no

164 1959 164 43 other
361 1957 282 55 Company
677 1959 55 42 in
766 1968 104 33 our
902 1957 166 44 times
1102 1957 97 44 has
1232 1957 252 44 attained
1517 1957 61 42 to
1610 1956 135 43 such
1766 1968 31 31 a
1819 1957 160 53 point
2001 1956 56 45 of
2079 1956 404 56 magnificence

159 2051 109 44 and
304 2050 323 52 splendour.
661 2049 193 44 Which
889 2049 46 42 is
968 2049 245 43 attested
1250 2050 69 52 by
1353 2059 164 43 many
1550 2049 123 43 who
1709 2059 94 33 are
1836 2048 116 44 still
1988 2049 141 44 alive
2162 2051 189 54 today.
2406 2058 67 38 &

263 2142 178 44 Those
473 2143 127 43 who
634 2152 149 33 were
816 2140 277 44 inscribed
1127 2140 84 56 (as
1264 2142 47 42 it
1358 2142 46 42 is
1453 2139 116 45 still
1617 2140 99 44 the
1766 2142 216 43 custom
2015 2143 59 42 to
2110 2142 109 54 do),
2269 2143 57 42 in
2375 2144 99 43 the

163 2236 240 41 number
436 2232 56 44 of
524 2233 161 44 these
718 2232 389 53 Companions,
1140 2242 149 34 were
1322 2231 73 44 all
1430 2231 197 53 noble;
1663 2232 101 43 but
1796 2232 113 43 this
1942 2232 280 54 Company
2255 2244 113 33 was
2411 2244 61 35 so

163 2324 164 42 much
362 2333 153 33 more
550 2322 409 53 distinguished
994 2322 108 43 and
1143 2321 319 44 illustrious
1486 2322 139 43 than
1648 2321 99 43 the
1771 2322 165 43 other
1959 2323 315 51 companies
2298 2322 184 44 which

167 2417 105 43 had
310 2417 137 42 been
480 2413 244 45 founded
759 2416 61 42 at
849 2415 127 44 that
1009 2415 138 44 time
1180 2415 108 43 and
1322 2415 139 43 than
1509 2415 161 43 those
1724 2413 180 44 which
1960 2415 140 43 have
2156 2425 72 42 up
2278 2416 59 42 to
2385 2416 98 42 the

163 2509 231 52 present
427 2507 139 42 been
602 2506 299 43 instituted
935 2507 126 42 that
1095 2516 164 43 many
1293 2505 275 44 Prlnces's
1592 2515 131 36 sons
1745 2505 193 53 prided
1973 2505 339 44 themselves
2336 2516 147 41 upon

169 2600 165 52 being
366 2598 215 44 elected
616 2609 201 42 among
849 2599 96 43 the
978 2599 238 43 number
1248 2596 55 45 of
1335 2600 160 42 those
1532 2599 389 52 Companions.
2166 2605 67 37 &
2418 2603 65 36 &

271 2692 121 44 And
428 2693 47 42 it
507 2690 106 43 had
648 2690 73 43 its
754 2690 179 54 origin
968 2690 180 43 under
1182 2690 96 43 the
1303 2689 197 44 Prince
1533 2690 162 54 Zeno,
1728 2690 180 45 which
1944 2700 113 33 was
2091 2689 58 42 in
2186 2698 145 42 1400,
2389 2690 65 41 be-

168 2793 166 34 cause
367 2783 138 43 then
541 2792 163 44 many
737 2779 163 46 noble
914 2782 207 54 youths
1155 2778 56 46 of
1242 2780 98 44 the
1375 2780 215 45 leaders
1615 2780 55 45 of
1706 2783 98 42 the
1829 2782 128 53 city,
1983 2780 203 52 having
2210 2778 268 46 collected

166 2887 30 33 a
228 2876 164 53 great
425 2872 120 46 deal
572 2871 55 44 of
646 2882 196 46 money
860 2873 107 42 and
986 2874 159 42 made
1170 2885 201 41 among
1390 2873 338 45 themselves
1752 2885 31 31 a
1803 2873 144 42 most
1970 2872 186 43 choice
2190 2869 291 52 selection,

163 2966 174 46 called
371 2965 47 43 it
449 2966 99 42 the
581 2968 14 21 4
601 2973 14 16 *
640 2963 336 55 Compagnia
1010 2963 144 45 della
1187 2963 177 54 Calza,
1460 2966 106 42 and
1601 2963 87 43 for
1720 2965 98 41 the
1866 2962 179 43 whole
2098 2963 138 42 time
2269 2962 129 42 that
2431 2962 46 43 it

167 3056 308 47 flourished
507 3057 135 55 they
674 3057 133 42 each
841 3067 150 33 wore
1024 3069 32 31 a
1088 3056 261 53 stocking
1383 3057 300 52 quartered
1735 3055 136 44 with
1921 3052 266 45 different
2242 3052 241 46 colours.

164 3147 122 46 And
322 3149 70 53 by
422 3146 116 45 this
572 3158 250 33 common
856 3147 124 54 sign
1015 3159 147 33 were
1197 3147 71 45 all
1289 3149 96 43 the
1419 3146 368 55 Companions
1820 3144 320 54 recognised
2163 3156 15 41 ;
2211 3145 105 42 but
2338 3144 135 43 each

163 3252 105 33 one
301 3241 139 44 then
478 3240 157 43 made
670 3239 204 46 known
908 3240 87 45 his
1029 3252 123 31 own
1188 3240 124 43 idea
1347 3240 108 43 and
1489 3235 345 57 personality
1880 3238 70 52 by
1997 3247 152 31 some
2199 3234 283 46 beautiful

167 3334 109 42 and
309 3332 297 54 ingeniuos
640 3333 187 44 device
860 3333 205 43 chosen
1103 3333 70 53 by
1204 3333 134 43 each
1372 3330 297 52 according
1700 3332 61 42 to
1796 3329 84 43 his
1912 3329 429 51 temperament.

267 3423 177 44 There
477 3433 111 34 was
623 3422 115 45 also
773 3433 130 33 seen
938 3433 202 42 among
1170 3423 156 43 them
1361 3433 31 32 a
1415 3419 165 46 noble
1604 3420 107 44 and
1735 3418 343 44 honourable
2114 3417 363 53 competition

167 3518 108 45 and
312 3514 304 47 emulation
652 3517 56 43 in
743 3517 303 52 appearing
1068 3513 206 45 decked
1310 3514 100 44 out
1443 3513 107 42 and
1574 3522 295 45 gorgeous,
1890 3512 131 43 each
2041 3521 104 34 one
2170 3508 313 55 displaying
