2654 3866
592 329 1536 85 UNFORTUNATELY

269 530 35 21 «
339 529 204 53 Acting
588 531 45 41 is
671 530 100 42 not
807 539 68 32 an
911 527 109 42 art.
1056 526 45 42 It
1138 525 47 42 is
1218 521 287 46 therefore
1539 521 285 46 incorrect
1854 524 60 40 to
1948 522 173 54 speak
2144 521 56 44 of
2223 522 98 43 the
2355 525 152 42 actor

248 630 60 35 as
344 630 70 33 an
449 619 185 44 artist.
672 619 103 43 For
808 616 255 43 accident
1113 615 45 42 is
1192 624 68 33 an
1297 623 199 44 enemy
1529 610 57 47 of
1617 612 99 44 the
1749 611 187 45 artist.
1971 610 104 44 Art
2122 614 47 42 is
2221 612 98 44 the
2354 618 156 41 exact

181 699 34 39 '*
247 712 298 43 antithesis
579 709 58 43 of
668 708 457 47 Pandemonium,
1158 705 107 43 and
1303 704 442 43 Pandemonium
1785 705 45 42 is
1866 705 223 42 created
2128 705 68 51 by
2238 704 99 43 the
2360 705 109 43 tum-

245 800 154 54 bling
431 800 266 52 together
731 795 57 46 of
827 807 166 43 many
1015 797 315 52 accidents;
1366 794 102 43 Art
1493 794 214 43 arrives
1726 794 130 53 only
1880 797 70 52 by
1973 795 214 52 design.
2208 793 299 47 Therefore

249 892 56 42 in
342 892 165 42 order
537 891 61 40 to
635 887 159 43 make
828 898 107 43 any
967 886 156 44 work
1156 886 56 44 of
1242 888 92 42 art
1382 887 48 42 it
1479 887 47 42 is
1559 884 148 45 clear
1759 896 83 33 we
1898 897 125 42 may
2072 884 130 56 only
2251 884 156 45 work
2454 888 55 43 in

244 982 161 42 those
441 978 288 45 materials
764 979 140 42 with
939 978 181 43 which
1156 990 83 31 we
1274 988 100 33 can
1410 977 292 44 calculate.
1738 978 125 42 Man
1900 978 46 42 is
1983 978 98 41 not
2114 987 105 33 one
2253 976 57 44 of
2351 977 158 46 these

252 1068 301 46 materials.
673 1068 71 56 (i)
1945 1075 64 37 J&
2194 1075 68 37 JE/

176 1162 72 56 (i)
278 1164 42 42 A
353 1160 158 46 work
543 1160 55 44 of
630 1160 103 44 Art
769 1173 99 31 can
903 1160 131 46 NOT
1070 1162 64 42 be
1171 1161 158 43 made
1366 1162 68 52 by
1470 1173 31 30 a
1537 1161 264 53 quantity
1835 1157 58 46 of
1943 1159 195 54 people
2190 1159 133 44 each
2374 1157 56 46 of
2478 1171 29 32 a

178 1250 276 47 different
485 1250 226 56 opinion
747 1264 58 32 as
838 1254 61 42 to
932 1254 134 42 each
1100 1250 268 46 different
1401 1253 127 50 part
1561 1250 56 44 of
1649 1251 128 43 that
1809 1250 171 44 work.

179 1344 79 56 (a)
296 1343 45 45 A
374 1344 169 46 Work
574 1343 56 44 of
662 1343 103 44 Art
799 1354 100 33 can
934 1343 131 44 NOT
1098 1344 66 42 be
1185 1344 156 43 made
1364 1341 144 45 from
1533 1354 108 42 any
1665 1341 255 45 material
1947 1341 182 45 which
2155 1343 98 43 has
2286 1341 224 55 vitality

172 1446 64 33 or
271 1437 47 42 is
367 1435 221 52 subject
620 1435 60 42 to
713 1433 306 46 individual
1056 1435 335 49 movement;
1426 1437 120 49 not,
1579 1434 129 42 that
1741 1435 65 52 is,
1839 1433 142 44 from
2017 1435 178 42 water
2229 1443 65 34 or
2326 1433 82 43 air
2441 1444 61 32 or

174 1529 327 52 vegetation
537 1538 65 33 or
635 1526 235 45 animals
904 1537 64 32 or
1004 1537 124 32 man
1167 1537 99 32 can
1305 1538 30 31 a
1369 1526 158 44 work
1561 1526 55 44 of
1649 1527 91 43 art
1773 1527 66 42 be
1871 1524 311 54 fashioned,
2228 1527 101 43 but
2374 1523 128 55 only

177 1622 147 43 from
361 1618 156 54 rock,
548 1616 144 45 from
727 1618 176 50 wood,
939 1618 106 42 and
1081 1617 135 43 such
1252 1617 111 43 like
1397 1617 310 44 inanimate
1741 1617 277 44 material.
2445 1627 65 37 &

179 1714 79 53 (3)
297 1711 45 43 A
376 1710 170 45 Work
579 1708 58 45 of
670 1710 102 43 Art
805 1720 101 33 can
941 1708 130 45 NOT
1194 1710 213 52 happen
1534 1711 69 52 by
1651 1711 257 43 accident
1957 1711 102 42 but
2107 1708 131 55 only
2271 1711 70 53 by
2374 1710 109 43 deli-

186 1802 273 45 beration.

181 1895 76 53 (4)
291 1893 48 44 it
371 1894 46 42 is
430 1891 5 59 |
473 1893 232 43 because
738 1893 159 43 these
927 1890 144 45 facts
1115 1902 94 33 are
1259 1889 409 57 insufficiently
1715 1890 236 46 realised
2007 1893 56 42 in
2119 1891 97 44 the
2271 1890 239 45 Theatre

178 1985 127 44 that
347 1995 32 32 a
412 1982 170 45 Work
612 1982 56 44 of
701 1983 102 43 Art
837 1984 45 41 is
917 1993 169 33 never
1119 1983 222 43 created
1378 1984 69 52 by
1480 1983 95 42 the
1611 1982 259 45 Theatre.

616 2104 342 81 FOR
1036 2104 460 68 TUNA
1583 2104 303 68 TEL
1968 2104 105 70 Y.

178 2302 69 55 (1)
280 2300 175 46 There
490 2303 46 40 is
572 2312 32 31 a
635 2300 229 54 remedy
896 2299 87 44 for
1016 2299 71 43 all
1123 2299 131 43 this.
2186 2309 66 36 &
2437 2309 65 37 &

178 2394 80 54 (a)
292 2393 115 44 The
441 2389 338 56 impersonal
814 2390 49 45 Is
893 2393 264 51 stronger
1189 2390 138 42 than
1363 2390 99 42 the
1496 2389 280 54 personal,
1809 2401 137 33 even
1998 2402 60 32 as
2106 2390 99 44 the
2255 2389 120 46 love
2422 2389 84 47 for

182 2496 71 33 an
291 2482 142 44 ideal
469 2484 46 42 is
549 2481 202 56 always
785 2482 262 52 stronger
1081 2482 107 42 and
1213 2478 149 46 finer
1386 2481 137 43 than
1548 2481 98 42 the
1670 2479 121 45 love
1824 2479 90 46 for
1946 2492 32 32 a
2011 2481 495 53 person...oneself.

184 2575 78 55 (3)
294 2575 176 43 There
503 2572 113 45 will
653 2571 205 56 always
893 2573 67 41 be
995 2583 30 31 a
1057 2571 107 43 few
1199 2581 126 33 men
1360 2571 58 43 In
1454 2571 96 43 the
1586 2571 237 44 Theatre
1856 2572 125 43 who
2035 2573 94 52 try
2172 2585 129 32 ever
2412 2575 94 42 not

187 2667 60 42 to
281 2664 215 44 belittle
530 2665 91 42 art
650 2661 88 43 for
770 2662 96 42 the
898 2660 348 44 satisfaction
1282 2658 56 46 of
1369 2672 70 32 an
1473 2660 234 45 isolated
1741 2662 343 55 personality
2205 2662 76 55 (a)
2444 2671 62 38 £>

186 2755 77 55 (4)
294 2755 149 55 They
475 2752 115 45 will
625 2751 320 53 ultimately
977 2750 118 46 find
1132 2763 71 33 no
1237 2751 278 55 difficulty
1564 2754 57 40 in
1675 2751 273 55 selecting
1997 2765 30 32 a
2078 2765 123 32 new
2251 2752 254 46 material

184 2846 89 44 for
304 2846 96 44 the
436 2846 108 42 art.
2191 2854 66 36 &
2440 2853 63 38 &

181 2938 78 54 (5)
292 2937 111 44 The
445 2937 185 41 Muses
666 2934 202 53 always
903 2934 168 42 assist
1101 2933 136 43 such
1275 2943 126 32 men
1438 2933 107 43 and
1580 2931 286 46 therefore
1898 2934 136 55 they
2089 2935 113 43 will
2257 2939 187 42 create
2477 2952 29 32 a

184 3039 121 33 new
338 3025 119 46 Art.
492 3028 49 42 It
574 3025 115 45 will
724 3027 65 42 be
822 3025 98 42 the
951 3022 133 45 first
1118 3023 140 43 time
1292 3024 127 43 that
1452 3024 98 43 the
1584 3023 236 44 Theatre
1840 3024 143 45 shall
2007 3027 138 43 have
2168 3028 164 53 given
2356 3031 149 43 birth

186 3121 59 42 to
281 3130 30 31 a
343 3117 116 43 fine
496 3116 119 44 Art.
2093 3116 158 47 Allen
2301 3119 205 46 Carrie'

189 3224 45 43 (1)
257 3222 68 36 The
348 3222 102 35 Actor
471 3222 69 35 and
567 3222 58 33 the
650 3220 338 35 Uebermarionette.
1014 3218 71 36 The
1106 3220 120 34 Mask.
1251 3220 102 42 April
1382 3218 90 36 1908.

191 3295 49 44 (2)
273 3296 183 38 Flaubert.
