2618 3864
865 299 350 54 FOREIGN
1243 296 271 56 NOTES,

2328 300 89 52 165

87 408 158 53 quiet
296 408 313 49 sentences,
659 407 105 43 and
820 409 97 54 yet
966 421 107 42 you
1142 419 94 33 are

87 499 287 42 conscious
407 498 126 43 that
565 498 95 43 the
694 498 181 43 whole
919 511 224 32 essence
1181 498 56 45 of

89 591 139 42 Love
301 588 47 43 Is
410 590 191 43 seated
659 587 188 46 before
910 602 108 42 you
1088 602 110 32 com-

86 681 264 51 manding
385 680 94 42 the
514 681 380 52 experienced.
1167 692 65 36 JZ?

194 771 130 42 How
358 781 99 31 can
494 781 104 32 one
632 771 164 43 write
832 771 56 45 of
921 785 29 31 a
975 772 128 44 look
1128 775 106 41 and

427 826 12 25 I

87 863 72 43 all
195 864 46 40 it
274 861 156 54 says?
447 863 145 41 Such
617 861 191 55 things
832 864 207 52 inspire

90 955 100 42 not
214 963 148 33 mere
387 953 205 44 critics.
614 954 102 42 Yet
736 955 135 42 such
896 967 30 30 a
950 954 125 47 look
1109 954 47 43 is
1178 955 59 41 to

94 1045 65 41 be
181 1054 130 33 seen
348 1043 57 43 In
440 1045 98 42 the
570 1043 119 44 face
708 1044 55 43 of
785 1044 113 45 this
921 1056 185 43 young
1130 1045 106 41 and

96 1134 245 54 inspired
380 1137 210 42 actress
623 1136 162 43 when
819 1137 99 43 she
974 1134 262 55 abruptly

95 1228 46 42 is
178 1227 241 53 brought
449 1228 118 44 face
603 1230 58 42 to
696 1227 118 45 face
849 1230 136 42 with
1034 1230 202 47 Romeo

98 1317 88 43 for
220 1319 93 41 the
347 1317 132 45 first
509 1321 156 42 time.
697 1316 165 58 (Thai;
896 1332 110 31 was
1030 1332 29 31 a
1095 1321 144 43 most

98 1407 301 45 admirable
418 1409 153 52 piece
589 1409 56 43 of
658 1411 155 52 stage
827 1412 410 51 management,

100 1500 69 52 by
199 1499 97 43 the
330 1500 161 53 way).
524 1500 257 45 Volumes
814 1501 56 44 of
902 1513 187 40 poems
1143 1512 94 34 are

99 1590 295 42 contained
432 1589 55 43 In
522 1590 124 43 that
678 1590 146 43 look.

197 1680 19 41 I
251 1679 150 42 must
433 1679 157 42 avoid
626 1678 72 43 all
720 1678 223 46 further
968 1682 269 51 attempts

94 1771 59 40 at
200 1769 286 45 criticism.
537 1771 109 42 But
700 1772 17 41 1
769 1771 182 43 would
1008 1772 229 55 humbly

94 1860 227 52 suggest
352 1860 61 41 to
447 1870 260 34 someone
741 1861 204 43 behind
982 1862 95 42 the
1111 1875 94 32 cur-

95 1950 116 42 tain
246 1948 127 44 that
396 1946 42 44 if
460 1950 129 43 Miss
614 1948 218 45 Neilson
858 1951 171 55 Terry
1051 1950 188 47 could

96 2040 64 42 be
194 2037 79 44 let
307 2037 80 45 off
418 2040 97 42 the
548 2051 247 42 penance
829 2040 56 44 of
919 2041 202 53 having
1173 2045 61 41 to

94 2140 153 33 come
268 2129 186 44 before
474 2131 95 42 the
590 2131 219 43 curtain
833 2133 248 43 between
1102 2135 132 42 each

95 2232 164 33 scene
292 2221 60 42 to
385 2220 390 56 acknowledge
824 2224 94 42 the
970 2234 158 36 roars
1181 2225 56 45 of

98 2312 155 42 noise
284 2309 144 45 from
462 2312 98 42 the
580 2313 267 43 audience
867 2315 18 41 I
907 2314 208 45 believe
1139 2317 95 43 the

99 2399 311 45 wonderful
444 2402 211 43 actress
706 2403 179 43 would
938 2406 64 42 be
1053 2407 184 42 better

98 2491 120 44 able
253 2495 58 40 to
345 2502 261 42 preserve
640 2495 127 41 that
800 2495 254 53 amazing
1095 2509 107 30 mas-

98 2585 124 49 tery
289 2583 179 42 which
540 2594 276 42 possesses
872 2586 101 42 her
1026 2586 57 42 in
1139 2587 97 42 the

98 2671 202 46 earlier
330 2685 193 33 scenes
556 2675 145 43 until
735 2676 94 43 the
872 2688 135 43 very
1040 2679 105 42 end
1181 2677 57 45 of

95 2766 97 42 the
226 2764 402 53 performance.
674 2775 65 36 u2?

194 2856 51 42 It
277 2856 47 44 Is
358 2855 185 45 unfair
561 2858 59 40 to
644 2868 59 32 so
724 2856 232 44 delicate
975 2870 31 30 a
1031 2859 203 43 human

99 2950 199 40 nature
333 2950 59 41 to
427 2949 194 51 expect
653 2948 47 43 it
747 2950 61 41 to
855 2959 257 42 preserve
1162 2952 74 42 its

95 3038 248 43 fineness
377 3039 161 44 when
573 3038 153 46 faced
762 3042 134 42 with
933 3042 96 42 the
1079 3053 127 32 over-

95 3131 283 49 powering
413 3130 320 50 experience
769 3130 55 44 of
855 3133 97 42 the
976 3132 260 52 approval

98 3220 53 42 of
185 3231 31 31 a
253 3218 222 44 London
512 3220 284 43 audience.
832 3222 99 42 Let
950 3221 94 43 the
1065 3222 172 42 house

95 3309 105 44 call
227 3311 59 40 at
317 3309 97 42 the
447 3310 124 49 end;
607 3309 79 44 let
702 3311 161 43 there
882 3312 65 42 be
969 3324 29 30 a
1023 3311 211 45 million

96 3400 134 43 calls
264 3398 146 46 then
434 3413 14 39 ;
482 3401 101 43 but
617 3401 202 54 during
870 3403 95 43 the
1025 3401 183 55 perfor-

96 3500 191 33 mance
336 3489 42 43 If
432 3489 128 56 only
613 3493 130 42 Miss
800 3491 220 45 Neilson
1070 3493 172 54 Terry

1283 408 161 43 could
1479 409 66 42 be
1581 407 227 44 allowed
1843 408 61 42 to
1939 407 93 53 get
2065 417 152 43 away
2243 408 59 42 to
2320 407 100 43 the

1283 499 154 54 quiet
1470 498 55 43 of
1559 499 99 42 her
1675 508 154 33 room
1854 497 105 42 and
1980 494 138 54 keep
2136 497 58 42 to
2217 496 203 43 herself

1283 590 107 43 and
1427 588 99 43 her
1561 588 242 52 thought
1836 588 107 42 and
1980 586 245 44 emotion
2263 587 16 41 1
2314 583 105 46 feel

1283 692 60 32 so
1376 681 161 43 much
1587 678 179 45 would
1822 681 65 43 be
1938 678 197 54 gained
2183 676 88 44 for
2324 676 99 43 her

2268 767 54 45 F.
2359 769 60 43 N.

1285 772 105 42 and
1426 771 86 45 for
1547 783 62 33 us
1643 771 89 45 all.
1859 780 65 36 J?

1307 860 118 47 The
1445 860 315 47 Leicester
1792 858 331 49 Galleries.

1286 949 219 47 HPhere
1540 955 94 42 has
1661 955 138 41 been
1832 965 69 31 an
1928 951 310 55 Important
2269 949 123 44 exhi-

1374 1044 173 42 bition
1583 1042 56 44 of
1672 1045 218 53 designs
1939 1044 106 42 and
2083 1040 208 46 models
2333 1039 87 45 for

1286 1136 158 50 stage
1478 1145 231 44 scenery
1752 1136 131 42 here
1916 1136 115 42 this
2080 1133 109 45 last
2224 1132 194 46 month

1285 1227 105 42 and
1425 1226 96 42 the
1558 1225 221 44 London
1815 1236 153 41 press
2004 1226 96 42 has
2135 1226 284 42 honoured

1285 1317 98 42 the
1448 1315 298 49 exhibitor,
1808 1315 84 42 Mr
1956 1315 217 43 Gordon
2239 1315 180 53 Craig,

1288 1407 133 44 with
1486 1419 31 32 a
1580 1407 214 44 serious
1860 1407 106 42 and
2051 1405 369 44 enthusiastic

1853 1505 65 34 JS>

1384 1586 57 44 In
1477 1599 30 32 a
1540 1586 221 55 leading
1793 1586 198 45 article
2051 1584 122 48 The
2218 1584 202 47 Times

1285 1678 178 42 draws
1519 1679 280 42 attention
1854 1680 60 42 to
1967 1679 97 42 the
2118 1677 301 44 difference

1285 1769 255 44 between
1604 1780 233 44 scenery
1900 1771 56 42 in
2019 1769 99 44 the
2183 1769 230 44 modern

1689 1838 4 11 I

1283 1861 223 43 theatre
1539 1862 105 42 and
1699 1862 99 43 the
1846 1872 232 43 scenery
2125 1862 85 42 Mr
2258 1860 161 54 Craig

1285 1951 99 43 has
1429 1950 163 53 given
1632 1962 82 32 us.
1810 1952 111 42 One
1958 1962 122 42 may
2113 1950 131 44 take
2277 1951 48 43 it
2357 1961 60 33 as

1284 2053 70 31 an
1389 2042 179 44 axiom
1662 2054 125 43 says
1835 2044 95 42 the
1984 2040 198 48 Times
2290 2042 128 45 that

1354 2144 108 43 any
1482 2135 157 51 stage
1662 2145 163 32 scene
1849 2134 178 43 which
2052 2133 245 44 satisfies
2320 2134 97 43 the

1352 2235 98 44 eye
1468 2224 242 42 without
1732 2224 95 42 the
1851 2225 182 42 actors
2051 2223 113 44 will
2183 2225 234 42 distract

1354 2314 134 42 both
1511 2324 98 44 eye
1630 2314 106 42 and
1763 2314 148 42 mind
1935 2314 160 42 when
2116 2313 97 43 the
2234 2315 181 42 actors

1352 2418 96 31 are
1470 2406 247 50 present.
1750 2404 128 45 This
1902 2406 46 43 is
1971 2417 70 32 an
2065 2406 178 43 axiom
2269 2417 145 41 upon

1352 2497 178 42 which
1550 2497 84 41 Mr
1653 2495 206 53 Craig's
1879 2496 223 52 designs
2116 2507 92 32 are
2231 2497 183 48 based;

1357 2589 101 41 but
1521 2587 45 41 it
1600 2585 46 44 is
1670 2586 227 52 ignored
1964 2585 56 43 in
2088 2585 191 56 nearly
2342 2587 71 43 all

1355 2679 272 45 theatres,
1710 2676 294 55 especially
2086 2676 59 43 in
2229 2680 185 51 poetic

1354 2769 190 42 drama
1820 2774 66 35 &
2084 2776 65 35 &

1384 2862 56 40 In
1473 2859 97 42 the
1608 2854 311 49 Observer
1947 2860 84 42 Mr
2079 2859 245 53 Konody,
2354 2859 56 42 in

1286 2962 31 29 a
1371 2949 365 54 particularly
1799 2949 149 43 clear
2010 2949 214 54 article,
2286 2962 126 42 says

1286 3052 163 41 many
1482 3038 235 55 original
1752 3041 207 52 things,
2015 3041 106 42 and
2175 3039 116 45 also
2325 3052 59 32 re-

1285 3131 273 42 members
1591 3131 59 40 to
1672 3131 192 51 repeat
1897 3141 67 30 an
1992 3130 229 44 obvious
2254 3131 160 53 thing

1285 3221 179 43 which
1500 3220 96 43 has
1628 3220 58 42 to
1723 3220 64 42 be
1820 3221 259 51 repeated
2116 3221 162 52 again
2305 3224 104 40 and

1286 3314 160 52 again
1483 3309 187 45 before
1705 3311 46 42 it
1773 3310 111 43 will
1911 3312 65 41 be
2004 3310 202 57 clearly
2225 3324 156 42 recog-

1290 3404 180 42 nised.
1525 3403 79 41 He
1639 3401 282 43 mentions
1954 3401 99 43 the
2105 3400 270 51 PRACTIC-

1289 3493 193 44 ALITY
1515 3490 56 45 of
1603 3493 83 42 Mr
1721 3491 207 54 Craig's
1982 3490 173 47 work.
2248 3491 165 45 What
