2654 3866
171 951 206 70 THE
430 955 599 74 COMMEDIA
1085 960 295 71 DELL'
1421 963 309 84 ARTE,
1822 968 150 84 OR
2038 951 274 103 PROFESSIONAL
2335 951 159 103 COMEDY.

160 1218 394 50 DIRECTIONS
587 1223 82 46 AS
703 1225 86 44 TO
823 1226 133 47 THE
992 1228 468 52 PREPARATION
1497 1233 84 45 OF
1614 1235 43 43 A
1693 1236 500 53 PERFORMANCE
2229 1244 186 48 FROM
2448 1245 43 43 A

156 1310 348 58 SCENARIO,
538 1313 441 51 TRANSLATED
1016 1318 184 50 FROM
1243 1321 132 47 THE
1490 1324 176 50 ARTE
1722 1329 645 50 RAPPRESENTATIVA
2403 1336 88 46 ED

155 1399 603 54 ALL'IMPROVVISO"
795 1410 84 43 OF
912 1410 273 49 ANDREA
1220 1414 351 49 PERRUCCI.
1609 1421 124 51 1699
1919 1432 66 35 &

155 1527 156 92 '"phe
348 1529 249 65 Corago
602 1569 15 20 ,
651 1550 278 44 manager,
965 1552 64 32 or
1063 1545 145 40 most
1230 1547 366 50 experienced
1623 1548 56 44 of
1700 1551 98 43 the
1824 1564 292 45 company,
2133 1556 201 44 should
2360 1557 132 55 plan

244 1626 99 40 out
376 1625 99 41 the
508 1626 218 52 subject
759 1628 191 44 before
984 1631 47 41 It
1064 1631 47 43 Is
1144 1635 183 52 acted,
1357 1646 63 32 so
1454 1636 128 44 that
1617 1650 105 32 one
1759 1653 123 43 may
1918 1641 163 47 know
2106 1646 97 45 the
2227 1650 265 44 contents

155 1711 56 44 of
242 1715 98 43 the
376 1717 259 56 Comedy,
670 1721 343 43 understand
1049 1725 187 42 where
1270 1726 98 43 the
1399 1731 267 50 speeches
1691 1744 96 33 are
1812 1736 59 42 to
1895 1738 130 52 end,
2059 1740 107 42 and
2193 1740 299 57 diligently

152 1806 168 55 study
352 1807 97 44 the
485 1810 245 43 addition
768 1810 56 44 of
856 1824 152 32 some
1060 1825 122 32 new
1217 1818 161 53 quips
1412 1820 108 42 and
1570 1820 156 47 lazzi.
1760 1824 69 55 (i)
2168 1840 67 36 &

253 1896 144 45 Thus
432 1899 97 43 the
565 1899 164 46 office
764 1904 56 42 of
853 1904 112 43 him
1001 1907 124 41 who
1159 1918 265 44 manages
1457 1912 45 41 is
1539 1915 100 41 not
1674 1918 216 52 merely
1925 1922 60 40 to
2019 1923 131 42 read
2188 1923 97 44 the
2319 1936 136 43 argu-

155 1989 178 52 ment,
366 1992 101 40 but
499 1993 61 42 to
594 1995 220 51 explain
848 1995 98 44 the
982 1997 315 45 characters
1331 2002 138 43 with
1493 2003 153 44 their
1670 2007 221 56 quality
1911 2013 108 41 and
2045 2014 311 55 condition,
2389 2017 100 44 the

152 2080 219 53 subject
404 2080 56 45 of
490 2084 99 43 the
622 2087 174 53 story,
832 2088 97 43 the
963 2087 154 54 place
1152 2092 188 43 where
1373 2093 99 43 the
1506 2106 166 34 scene
1707 2098 45 43 is
1789 2098 107 45 laid
1934 2105 108 42 and
2093 2106 96 43 the
2246 2107 241 46 houses:

152 2171 59 40 to
260 2174 89 41 set
401 2172 153 46 forth
602 2177 98 43 the
734 2177 136 47 lazzi
921 2182 105 41 and
1078 2182 72 43 all
1205 2185 98 42 the
1337 2196 297 46 necessary
1681 2190 225 53 details,
1953 2195 191 53 giving
2192 2199 288 45 attention

152 2261 60 42 to
267 2263 96 41 the
396 2265 191 53 things
621 2268 178 44 which
834 2282 95 31 are
964 2274 261 52 required
1274 2274 89 44 for
1410 2279 99 42 the
1558 2279 149 53 play.
1910 2293 67 34 J£?

256 2352 77 43 He
367 2355 68 40 wi
442 2354 39 43 'l
513 2366 121 43 say,
664 2355 89 46 for
787 2360 271 55 example,
1149 2362 111 45 The
1295 2369 226 52 comedy
1554 2369 181 44 which
1771 2373 49 43 is
1853 2375 58 42 to
1948 2376 65 42 be
2047 2379 160 42 acted
2245 2379 107 47 is...
2386 2381 101 45 the

154 2445 314 43 characters
503 2459 95 32 are
623 2446 13 21 '
662 2477 55 16 ...
749 2450 153 45 Then
938 2453 66 42 he
1037 2454 143 43 shall
1214 2467 161 33 name
1407 2459 151 43 their
1606 2461 225 55 houses,
1885 2467 288 55 assigning
2220 2472 61 43 to
2330 2473 154 46 them

151 2534 98 43 the
281 2534 133 44 first
447 2549 70 31 on
551 2539 97 42 the
683 2540 175 54 right,
888 2543 96 42 the
1018 2545 201 42 second
1257 2557 70 31 on
1361 2548 99 43 the
1496 2549 121 56 left,
1651 2553 98 42 the
1783 2557 206 42 second
2025 2569 70 32 on
2131 2561 99 44 the
2267 2564 217 54 right...

154 2624 149 46 Then
339 2628 69 43 he
441 2629 141 43 shall
616 2633 151 41 state
805 2634 94 42 the
935 2638 316 50 argument.

1509 2704 3 11 (

154 2727 63 34 &
253 2719 109 43 The
397 2721 345 47 Performers
776 2726 152 43 must
960 2728 171 42 above
1166 2727 71 44 all
1272 2728 125 54 give
1432 2732 139 43 heed
1606 2735 129 43 that
1783 2737 135 56 they
1967 2741 67 43 do
2092 2747 100 40 not
2241 2746 240 48 mistake

151 2811 96 42 the
279 2815 236 50 country
548 2815 190 44 where
771 2817 99 43 the
904 2829 164 33 scene
1103 2820 46 42 is
1185 2818 131 56 laid,
1349 2823 227 44 whence
1627 2826 136 53 they
1817 2840 154 33 come
2023 2835 107 41 and
2182 2832 90 46 for
2325 2840 155 46 what

152 2902 126 54 end,
311 2905 105 42 and
451 2905 128 43 that
612 2906 131 55 they
777 2907 140 55 keep
950 2910 124 43 well
1107 2910 59 43 In
1203 2911 151 45 mind
1410 2914 149 43 their
1614 2928 123 33 own
1796 2930 208 46 names,
2061 2925 46 42 it
2159 2928 167 54 being
2379 2933 99 43 too

151 2996 157 51 great
339 3006 69 31 an
444 3006 178 44 error,
654 3001 107 41 and
796 3011 71 32 an
903 3003 419 50 unpardonable
1356 3003 258 57 blunder,
1648 3008 88 43 for
1791 3022 104 33 one
1929 3014 58 42 to
2020 3016 172 51 speak
2226 3018 57 44 of
2315 3023 166 56 being

152 3085 55 43 in
245 3086 165 49 Rome
443 3089 107 41 and
587 3091 238 42 another
857 3091 59 45 in
952 3094 219 53 Naples,
1206 3107 64 31 or
1303 3096 127 44 that
1464 3109 106 32 one
1605 3100 123 43 who
1779 3103 47 43 is
1876 3109 274 48 supposed
2207 3113 60 42 to
2321 3126 158 35 come

148 3177 141 45 from
322 3180 169 51 Spain
526 3182 198 43 should
761 3196 95 43 say
889 3187 334 54 Germany...
1258 3199 63 32 or
1352 3188 89 44 for
1474 3190 99 44 the
1606 3190 191 46 father
1829 3197 59 42 to
1923 3196 189 57 forget
2159 3204 98 45 the
2315 3218 164 37 name

148 3272 55 42 of
235 3273 86 43 his
354 3284 99 33 son
490 3286 64 33 or
585 3276 99 43 the
720 3274 155 45 lover
907 3278 127 42 that
1067 3277 56 44 of
1157 3279 84 44 his
1276 3279 182 56 lady...
1491 3282 71 43 So
1596 3282 116 44 also
1736 3286 135 54 they
1895 3292 152 41 must
2070 3304 104 45 pay
2192 3298 286 49 attention

148 3363 58 41 to
237 3363 99 43 the
371 3364 459 53 apportionment
863 3366 56 44 of
950 3370 98 41 the
1083 3370 203 44 houses
1335 3382 61 32 so
1445 3372 130 43 that
1627 3375 133 43 each
1818 3389 125 44 may
1996 3380 167 49 know
2213 3389 87 44 his
2352 3403 128 34 own

151 3451 189 52 house,
374 3453 47 44 it
455 3455 165 52 being
651 3457 97 42 too
781 3456 303 47 ridiculous
1120 3461 107 43 and
1252 3460 202 45 foolish
1479 3461 89 44 for
1600 3475 220 44 anyone
1854 3470 60 43 to
1940 3470 183 49 knock
2145 3481 60 42 at
2229 3491 64 33 or
2316 3486 165 41 enter

150 3542 44 43 (1)
221 3542 64 35 For
310 3544 56 33 the
392 3544 162 41 meaning
580 3545 35 33 of
852 3556 60 27 see
938 3558 85 34 page
1048 3551 67 34 115.
