<?xml version="1.0" encoding="UTF-8"?>
<alto xmlns:xsi="http://www.w3.org/2001/XMLSchema-instance" xmlns="http://www.loc.gov/standards/alto/ns-v2#" xsi:schemaLocation="http://www.loc.gov/standards/alto/ns-v2# http://www.loc.gov/standards/alto/v2/alto-2-0.xsd" xmlns:xlink="http://www.w3.org/1999/xlink">
	<Description>
		<MeasurementUnit>mm10</MeasurementUnit>
		<sourceImageInformation>
			<fileName>//lib-docworks1/IN/PUL-BlueMountain-RQA/periodicals/bmtnabf/issues/1902_01/00000007.jp2</fileName>
		</sourceImageInformation>
		<OCRProcessing ID="OCRPROCESSING_1">
			<preProcessingStep>
				<processingSoftware>
					<softwareCreator>CCS Content Conversion Specialists GmbH, Germany</softwareCreator>
					<softwareName>CCS docWorks</softwareName>
					<softwareVersion>6.8-1.27</softwareVersion>
				</processingSoftware>
			</preProcessingStep>
			<ocrProcessingStep>
				<processingSoftware>
					<softwareCreator>ABBYY (BIT Software), Russia</softwareCreator>
					<softwareName>FineReader</softwareName>
					<softwareVersion>11.0</softwareVersion>
				</processingSoftware>
			</ocrProcessingStep>
			<postProcessingStep>
				<processingSoftware>
					<softwareCreator>CCS Content Conversion Specialists GmbH, Germany</softwareCreator>
					<softwareName>CCS docWorks</softwareName>
					<softwareVersion>6.8-1.27</softwareVersion>
					<applicationDescription>docWorks: Text modified manually, or automatically replaced</applicationDescription>
				</processingSoftware>
			</postProcessingStep>
		</OCRProcessing>
	</Description>
	<Styles>
		<TextStyle ID="TXT_0" FONTSIZE="26" FONTFAMILY="Times New Roman"/>
		<TextStyle ID="TXT_1" FONTSIZE="15" FONTFAMILY="Times New Roman"/>
		<ParagraphStyle ID="PAR_LEFT" ALIGN="Left"/>
		<ParagraphStyle ID="PAR_BLOCK" ALIGN="Block"/>
	</Styles>
	<Layout>
		<Page ID="P7" PHYSICAL_IMG_NR="7" HEIGHT="3048" WIDTH="2919" PRINTED_IMG_NR="7" PC="0.963">
			<TopMargin ID="P7_TM00001" HPOS="0" VPOS="0" WIDTH="2919" HEIGHT="519"/>
			<LeftMargin ID="P7_LM00001" HPOS="0" VPOS="519" WIDTH="523" HEIGHT="1900"/>
			<RightMargin ID="P7_RM00001" HPOS="2247" VPOS="519" WIDTH="672" HEIGHT="1900"/>
			<BottomMargin ID="P7_BM00001" HPOS="0" VPOS="2419" WIDTH="2919" HEIGHT="629">
				<TextBlock ID="P7_TB00001" HPOS="1379" VPOS="2420" WIDTH="22" HEIGHT="37" STYLEREFS="TXT_0 PAR_LEFT">
					<TextLine ID="P7_TL00001" HPOS="1379" VPOS="2420" WIDTH="22" HEIGHT="37">
						<String ID="P7_ST00001" HPOS="1379" VPOS="2420" WIDTH="22" HEIGHT="37" CONTENT="7" WC="1.00" CC="0"/>
					</TextLine>
				</TextBlock>
			</BottomMargin>
			<PrintSpace ID="P7_PS00001" HPOS="523" VPOS="519" WIDTH="1724" HEIGHT="1900">
				<TextBlock ID="P7_TB00002" HPOS="523" VPOS="519" WIDTH="1724" HEIGHT="1778" STYLEREFS="TXT_1 PAR_BLOCK">
					<TextLine ID="P7_TL00002" HPOS="634" VPOS="520" WIDTH="1607" HEIGHT="57">
						<String ID="P7_ST00002" HPOS="634" VPOS="532" WIDTH="92" HEIGHT="45" CONTENT="1891" WC="0.69" CC="1046"/>
						<SP ID="P7_SP00001" HPOS="726" VPOS="577" WIDTH="20"/>
						<String ID="P7_ST00003" HPOS="746" VPOS="526" WIDTH="133" HEIGHT="40" CONTENT="wurde" WC="0.97" CC="35473"/>
						<SP ID="P7_SP00002" HPOS="879" VPOS="577" WIDTH="17"/>
						<String ID="P7_ST00004" HPOS="896" VPOS="528" WIDTH="42" HEIGHT="36" CONTENT="in" WC="0.45" CC="55"/>
						<SP ID="P7_SP00003" HPOS="938" VPOS="577" WIDTH="19"/>
						<String ID="P7_ST00005" HPOS="957" VPOS="524" WIDTH="259" HEIGHT="39" CONTENT="München" WC="0.99" CC="3000725"/>
						<SP ID="P7_SP00004" HPOS="1216" VPOS="577" WIDTH="21"/>
						<String ID="P7_ST00006" HPOS="1237" VPOS="524" WIDTH="58" HEIGHT="39" CONTENT="die" WC="0.93" CC="962"/>
						<SP ID="P7_SP00005" HPOS="1295" VPOS="577" WIDTH="16"/>
						<String ID="P7_ST00007" HPOS="1311" VPOS="535" WIDTH="100" HEIGHT="29" CONTENT="erste" WC="0.98" CC="16003"/>
						<SP ID="P7_SP00006" HPOS="1411" VPOS="577" WIDTH="15"/>
						<String ID="P7_ST00008" HPOS="1426" VPOS="526" WIDTH="181" HEIGHT="42" CONTENT="deutsche" WC="0.99" CC="02740071"/>
						<SP ID="P7_SP00007" HPOS="1607" VPOS="577" WIDTH="17"/>
						<String ID="P7_ST00009" HPOS="1624" VPOS="524" WIDTH="207" HEIGHT="41" CONTENT="Secession" WC="1.00" CC="010200330"/>
						<SP ID="P7_SP00008" HPOS="1831" VPOS="577" WIDTH="15"/>
						<String ID="P7_ST00010" HPOS="1846" VPOS="521" WIDTH="224" HEIGHT="53" CONTENT="gegründet," WC="0.99" CC="7177700034"/>
						<SP ID="P7_SP00009" HPOS="2070" VPOS="577" WIDTH="16"/>
						<String ID="P7_ST00011" HPOS="2086" VPOS="520" WIDTH="155" HEIGHT="46" CONTENT="welche," WC="0.99" CC="3040014"/>
					</TextLine>
					<TextLine ID="P7_TL00003" HPOS="525" VPOS="573" WIDTH="1717" HEIGHT="54">
						<String ID="P7_ST00012" HPOS="525" VPOS="582" WIDTH="199" HEIGHT="39" CONTENT="seinerzeit" WC="0.99" CC="0300306060"/>
						<SP ID="P7_SP00010" HPOS="724" VPOS="621" WIDTH="33"/>
						<String ID="P7_ST00013" HPOS="757" VPOS="575" WIDTH="300" HEIGHT="43" CONTENT="bahnbrechend" WC="0.99" CC="750070700200"/>
						<SP ID="P7_SP00011" HPOS="1057" VPOS="621" WIDTH="37"/>
						<String ID="P7_ST00014" HPOS="1094" VPOS="574" WIDTH="191" HEIGHT="47" CONTENT="wirkend," WC="1.00" CC="00025002"/>
						<SP ID="P7_SP00012" HPOS="1285" VPOS="621" WIDTH="37"/>
						<String ID="P7_ST00015" HPOS="1322" VPOS="579" WIDTH="164" HEIGHT="40" CONTENT="seitdem" WC="0.99" CC="0463040"/>
						<SP ID="P7_SP00013" HPOS="1486" VPOS="621" WIDTH="37"/>
						<String ID="P7_ST00016" HPOS="1523" VPOS="579" WIDTH="59" HEIGHT="40" CONTENT="die" WC="0.99" CC="003"/>
						<SP ID="P7_SP00014" HPOS="1582" VPOS="621" WIDTH="37"/>
						<String ID="P7_ST00017" HPOS="1619" VPOS="576" WIDTH="189" HEIGHT="51" CONTENT="Führung" WC="1.00" CC="1000000"/>
						<SP ID="P7_SP00015" HPOS="1808" VPOS="627" WIDTH="41"/>
						<String ID="P7_ST00018" HPOS="1849" VPOS="576" WIDTH="41" HEIGHT="36" CONTENT="in" WC="0.65" CC="60"/>
						<SP ID="P7_SP00016" HPOS="1890" VPOS="627" WIDTH="38"/>
						<String ID="P7_ST00019" HPOS="1928" VPOS="573" WIDTH="208" HEIGHT="39" CONTENT="München" WC="1.00" CC="1000000"/>
						<SP ID="P7_SP00017" HPOS="2136" VPOS="627" WIDTH="41"/>
						<String ID="P7_ST00020" HPOS="2177" VPOS="573" WIDTH="65" HEIGHT="38" CONTENT="be'" WC="1.00" CC="000"/>
					</TextLine>
					<TextLine ID="P7_TL00004" HPOS="524" VPOS="625" WIDTH="1718" HEIGHT="59">
						<String ID="P7_ST00021" HPOS="524" VPOS="634" WIDTH="175" HEIGHT="50" CONTENT="hauptet." WC="0.49" CC="79663023"/>
						<SP ID="P7_SP00018" HPOS="699" VPOS="684" WIDTH="20"/>
						<String ID="P7_ST00022" HPOS="719" VPOS="630" WIDTH="115" HEIGHT="40" CONTENT="Auch" WC="0.97" CC="0506"/>
						<SP ID="P7_SP00019" HPOS="834" VPOS="684" WIDTH="19"/>
						<String ID="P7_ST00023" HPOS="853" VPOS="630" WIDTH="65" HEIGHT="39" CONTENT="der" WC="0.99" CC="030"/>
						<SP ID="P7_SP00020" HPOS="918" VPOS="684" WIDTH="19"/>
						<String ID="P7_ST00024" HPOS="937" VPOS="628" WIDTH="249" HEIGHT="39" CONTENT="Münchener" WC="1.00" CC="000101035"/>
						<SP ID="P7_SP00021" HPOS="1186" VPOS="684" WIDTH="22"/>
						<String ID="P7_ST00025" HPOS="1208" VPOS="627" WIDTH="207" HEIGHT="42" CONTENT="Secession" WC="0.99" CC="020300620"/>
						<SP ID="P7_SP00022" HPOS="1415" VPOS="684" WIDTH="21"/>
						<String ID="P7_ST00026" HPOS="1436" VPOS="631" WIDTH="101" HEIGHT="41" CONTENT="steht" WC="1.00" CC="02100"/>
						<SP ID="P7_SP00023" HPOS="1537" VPOS="684" WIDTH="18"/>
						<String ID="P7_ST00027" HPOS="1555" VPOS="630" WIDTH="60" HEIGHT="39" CONTENT="für" WC="0.96" CC="407"/>
						<SP ID="P7_SP00024" HPOS="1615" VPOS="684" WIDTH="19"/>
						<String ID="P7_ST00028" HPOS="1634" VPOS="629" WIDTH="81" HEIGHT="39" CONTENT="ihre" WC="1.00" CC="0000"/>
						<SP ID="P7_SP00025" HPOS="1715" VPOS="684" WIDTH="19"/>
						<String ID="P7_ST00029" HPOS="1734" VPOS="625" WIDTH="306" HEIGHT="52" CONTENT="Ausstellungen" WC="1.00" CC="0500065260020"/>
						<SP ID="P7_SP00026" HPOS="2040" VPOS="684" WIDTH="24"/>
						<String ID="P7_ST00030" HPOS="2064" VPOS="628" WIDTH="91" HEIGHT="46" CONTENT="jetzt" WC="0.98" CC="74000"/>
						<SP ID="P7_SP00027" HPOS="2155" VPOS="684" WIDTH="25"/>
						<String ID="P7_ST00031" HPOS="2180" VPOS="627" WIDTH="62" HEIGHT="36" CONTENT="ein" WC="0.97" CC="250"/>
					</TextLine>
					<TextLine ID="P7_TL00005" HPOS="526" VPOS="679" WIDTH="1717" HEIGHT="55">
						<String ID="P7_ST00032" HPOS="526" VPOS="683" WIDTH="310" HEIGHT="50" CONTENT="Staatsgebäude" WC="1.00" CC="0000004370502"/>
						<SP ID="P7_SP00028" HPOS="836" VPOS="733" WIDTH="19"/>
						<String ID="P7_ST00033" HPOS="855" VPOS="697" WIDTH="65" HEIGHT="24" CONTENT="zur" WC="0.98" CC="600"/>
						<SP ID="P7_SP00029" HPOS="920" VPOS="733" WIDTH="15"/>
						<String ID="P7_ST00034" HPOS="935" VPOS="679" WIDTH="231" HEIGHT="53" CONTENT="Verfügung" WC="1.00" CC="006500000"/>
						<SP ID="P7_SP00030" HPOS="1166" VPOS="733" WIDTH="19"/>
						<String ID="P7_ST00035" HPOS="1185" VPOS="679" WIDTH="81" HEIGHT="41" CONTENT="und" WC="1.00" CC="000"/>
						<SP ID="P7_SP00031" HPOS="1266" VPOS="733" WIDTH="19"/>
						<String ID="P7_ST00036" HPOS="1285" VPOS="680" WIDTH="62" HEIGHT="39" CONTENT="bei" WC="0.97" CC="006"/>
						<SP ID="P7_SP00032" HPOS="1347" VPOS="733" WIDTH="20"/>
						<String ID="P7_ST00037" HPOS="1367" VPOS="681" WIDTH="64" HEIGHT="40" CONTENT="der" WC="0.98" CC="040"/>
						<SP ID="P7_SP00033" HPOS="1431" VPOS="733" WIDTH="25"/>
						<String ID="P7_ST00038" HPOS="1456" VPOS="698" WIDTH="91" HEIGHT="36" CONTENT="1901" WC="0.70" CC="2351"/>
						<SP ID="P7_SP00034" HPOS="1547" VPOS="734" WIDTH="23"/>
						<String ID="P7_ST00039" HPOS="1570" VPOS="684" WIDTH="42" HEIGHT="37" CONTENT="in" WC="1.00" CC="00"/>
						<SP ID="P7_SP00035" HPOS="1612" VPOS="734" WIDTH="19"/>
						<String ID="P7_ST00040" HPOS="1631" VPOS="679" WIDTH="206" HEIGHT="41" CONTENT="München" WC="0.99" CC="0000740"/>
						<SP ID="P7_SP00036" HPOS="1837" VPOS="734" WIDTH="19"/>
						<String ID="P7_ST00041" HPOS="1856" VPOS="693" WIDTH="80" HEIGHT="24" CONTENT="von" WC="0.98" CC="140"/>
						<SP ID="P7_SP00037" HPOS="1936" VPOS="734" WIDTH="20"/>
						<String ID="P7_ST00042" HPOS="1956" VPOS="679" WIDTH="64" HEIGHT="38" CONTENT="der" WC="0.99" CC="020"/>
						<SP ID="P7_SP00038" HPOS="2020" VPOS="734" WIDTH="20"/>
						<String ID="P7_ST00043" HPOS="2040" VPOS="687" WIDTH="203" HEIGHT="41" CONTENT="gesamten" WC="1.00" CC="01000030"/>
					</TextLine>
					<TextLine ID="P7_TL00006" HPOS="525" VPOS="729" WIDTH="1717" HEIGHT="55">
						<String ID="P7_ST00044" HPOS="525" VPOS="734" WIDTH="319" HEIGHT="44" CONTENT="Künstlerschaft" WC="1.00" CC="10000320000050"/>
						<SP ID="P7_SP00039" HPOS="844" VPOS="778" WIDTH="13"/>
						<String ID="P7_ST00045" HPOS="857" VPOS="731" WIDTH="302" HEIGHT="42" CONTENT="veranstalteten" WC="1.00" CC="00600000400030"/>
						<SP ID="P7_SP00040" HPOS="1159" VPOS="778" WIDTH="14"/>
						<String ID="P7_ST00046" HPOS="1173" VPOS="734" WIDTH="330" HEIGHT="43" CONTENT="internationalen" WC="1.00" CC="500000006000620"/>
						<SP ID="P7_SP00041" HPOS="1503" VPOS="778" WIDTH="15"/>
						<String ID="P7_ST00047" HPOS="1518" VPOS="732" WIDTH="255" HEIGHT="52" CONTENT="Ausstellung" WC="0.99" CC="00000457600"/>
						<SP ID="P7_SP00042" HPOS="1773" VPOS="784" WIDTH="13"/>
						<String ID="P7_ST00048" HPOS="1786" VPOS="730" WIDTH="63" HEIGHT="40" CONTENT="fiel" WC="0.96" CC="6724"/>
						<SP ID="P7_SP00043" HPOS="1849" VPOS="784" WIDTH="20"/>
						<String ID="P7_ST00049" HPOS="1869" VPOS="730" WIDTH="65" HEIGHT="40" CONTENT="der" WC="0.96" CC="037"/>
						<SP ID="P7_SP00044" HPOS="1934" VPOS="784" WIDTH="18"/>
						<String ID="P7_ST00050" HPOS="1952" VPOS="729" WIDTH="207" HEIGHT="41" CONTENT="Secession" WC="0.99" CC="040500400"/>
						<SP ID="P7_SP00045" HPOS="2159" VPOS="784" WIDTH="16"/>
						<String ID="P7_ST00051" HPOS="2175" VPOS="729" WIDTH="67" HEIGHT="40" CONTENT="das" WC="1.00" CC="000"/>
					</TextLine>
					<TextLine ID="P7_TL00007" HPOS="525" VPOS="781" WIDTH="1716" HEIGHT="60">
						<String ID="P7_ST00052" HPOS="525" VPOS="800" WIDTH="99" HEIGHT="30" CONTENT="erste" WC="1.00" CC="00000"/>
						<SP ID="P7_SP00046" HPOS="624" VPOS="830" WIDTH="20"/>
						<String ID="P7_ST00053" HPOS="644" VPOS="788" WIDTH="218" HEIGHT="40" CONTENT="Präsidium" WC="1.00" CC="006000000"/>
						<SP ID="P7_SP00047" HPOS="862" VPOS="830" WIDTH="20"/>
						<String ID="P7_ST00054" HPOS="882" VPOS="801" WIDTH="58" HEIGHT="25" CONTENT="zu." WC="0.94" CC="654"/>
						<SP ID="P7_SP00048" HPOS="940" VPOS="830" WIDTH="22"/>
						<String ID="P7_ST00055" HPOS="962" VPOS="785" WIDTH="119" HEIGHT="39" CONTENT="Diese" WC="0.98" CC="06105"/>
						<SP ID="P7_SP00049" HPOS="1081" VPOS="830" WIDTH="14"/>
						<String ID="P7_ST00056" HPOS="1095" VPOS="784" WIDTH="227" HEIGHT="39" CONTENT="Tatsachen" WC="1.00" CC="600000000"/>
						<SP ID="P7_SP00050" HPOS="1322" VPOS="830" WIDTH="15"/>
						<String ID="P7_ST00057" HPOS="1337" VPOS="787" WIDTH="307" HEIGHT="54" CONTENT="widersprechen" WC="1.00" CC="0000005600030"/>
						<SP ID="P7_SP00051" HPOS="1644" VPOS="841" WIDTH="16"/>
						<String ID="P7_ST00058" HPOS="1660" VPOS="783" WIDTH="204" HEIGHT="54" CONTENT="genügend" WC="1.00" CC="04000300"/>
						<SP ID="P7_SP00052" HPOS="1864" VPOS="841" WIDTH="20"/>
						<String ID="P7_ST00059" HPOS="1884" VPOS="782" WIDTH="64" HEIGHT="40" CONTENT="der" WC="0.97" CC="007"/>
						<SP ID="P7_SP00053" HPOS="1948" VPOS="841" WIDTH="15"/>
						<String ID="P7_ST00060" HPOS="1963" VPOS="781" WIDTH="278" HEIGHT="52" CONTENT="Behauptung," WC="1.00" CC="20006006004"/>
					</TextLine>
					<TextLine ID="P7_TL00008" HPOS="525" VPOS="830" WIDTH="1717" HEIGHT="59">
						<String ID="P7_ST00061" HPOS="525" VPOS="844" WIDTH="72" HEIGHT="39" CONTENT="daß" WC="0.97" CC="007"/>
						<SP ID="P7_SP00054" HPOS="597" VPOS="883" WIDTH="20"/>
						<String ID="P7_ST00062" HPOS="617" VPOS="857" WIDTH="96" HEIGHT="24" CONTENT="man" WC="0.98" CC="600"/>
						<SP ID="P7_SP00055" HPOS="713" VPOS="883" WIDTH="18"/>
						<String ID="P7_ST00063" HPOS="731" VPOS="842" WIDTH="42" HEIGHT="37" CONTENT="in" WC="1.00" CC="00"/>
						<SP ID="P7_SP00056" HPOS="773" VPOS="883" WIDTH="15"/>
						<String ID="P7_ST00064" HPOS="788" VPOS="838" WIDTH="206" HEIGHT="40" CONTENT="München" WC="1.00" CC="0000050"/>
						<SP ID="P7_SP00057" HPOS="994" VPOS="883" WIDTH="19"/>
						<String ID="P7_ST00065" HPOS="1013" VPOS="837" WIDTH="99" HEIGHT="46" CONTENT="„den" WC="0.99" CC="3020"/>
						<SP ID="P7_SP00058" HPOS="1112" VPOS="883" WIDTH="21"/>
						<String ID="P7_ST00066" HPOS="1133" VPOS="836" WIDTH="287" HEIGHT="53" CONTENT="Zumutungen" WC="0.99" CC="0606160000"/>
						<SP ID="P7_SP00059" HPOS="1420" VPOS="889" WIDTH="21"/>
						<String ID="P7_ST00067" HPOS="1441" VPOS="843" WIDTH="63" HEIGHT="40" CONTENT="der" WC="0.96" CC="047"/>
						<SP ID="P7_SP00060" HPOS="1504" VPOS="889" WIDTH="21"/>
						<String ID="P7_ST00068" HPOS="1525" VPOS="839" WIDTH="205" HEIGHT="41" CONTENT="Secession" WC="1.00" CC="000200100"/>
						<SP ID="P7_SP00061" HPOS="1730" VPOS="889" WIDTH="21"/>
						<String ID="P7_ST00069" HPOS="1751" VPOS="836" WIDTH="74" HEIGHT="39" CONTENT="den" WC="0.99" CC="030"/>
						<SP ID="P7_SP00062" HPOS="1825" VPOS="889" WIDTH="20"/>
						<String ID="P7_ST00070" HPOS="1845" VPOS="833" WIDTH="164" HEIGHT="40" CONTENT="Rücken" WC="0.99" CC="000470"/>
						<SP ID="P7_SP00063" HPOS="2009" VPOS="889" WIDTH="18"/>
						<String ID="P7_ST00071" HPOS="2027" VPOS="849" WIDTH="48" HEIGHT="23" CONTENT="zu" WC="0.70" CC="50"/>
						<SP ID="P7_SP00064" HPOS="2075" VPOS="889" WIDTH="19"/>
						<String ID="P7_ST00072" HPOS="2094" VPOS="830" WIDTH="148" HEIGHT="42" CONTENT="kehren" WC="1.00" CC="030010"/>
					</TextLine>
					<TextLine ID="P7_TL00009" HPOS="524" VPOS="894" WIDTH="200" HEIGHT="53">
						<String ID="P7_ST00073" HPOS="524" VPOS="894" WIDTH="200" HEIGHT="53" CONTENT='beginnt".' WC="0.99" CC="750000084"/>
					</TextLine>
					<TextLine ID="P7_TL00010" HPOS="630" VPOS="937" WIDTH="1613" HEIGHT="61">
						<String ID="P7_ST00074" HPOS="630" VPOS="946" WIDTH="47" HEIGHT="39" CONTENT="In" WC="1.00" CC="00"/>
						<SP ID="P7_SP00065" HPOS="677" VPOS="985" WIDTH="29"/>
						<String ID="P7_ST00075" HPOS="706" VPOS="944" WIDTH="214" HEIGHT="40" CONTENT="London" WC="1.00" CC="000000"/>
						<SP ID="P7_SP00066" HPOS="920" VPOS="985" WIDTH="28"/>
						<String ID="P7_ST00076" HPOS="948" VPOS="944" WIDTH="187" HEIGHT="49" CONTENT="vereinigt" WC="0.99" CC="016340600"/>
						<SP ID="P7_SP00067" HPOS="1135" VPOS="993" WIDTH="32"/>
						<String ID="P7_ST00077" HPOS="1167" VPOS="941" WIDTH="60" HEIGHT="40" CONTENT="die" WC="0.96" CC="045"/>
						<SP ID="P7_SP00068" HPOS="1227" VPOS="993" WIDTH="37"/>
						<String ID="P7_ST00078" HPOS="1264" VPOS="944" WIDTH="97" HEIGHT="45" CONTENT="1898" WC="0.77" CC="0053"/>
						<SP ID="P7_SP00069" HPOS="1361" VPOS="993" WIDTH="30"/>
						<String ID="P7_ST00079" HPOS="1391" VPOS="944" WIDTH="233" HEIGHT="54" CONTENT="gegründete" WC="1.00" CC="0107000100"/>
						<SP ID="P7_SP00070" HPOS="1624" VPOS="998" WIDTH="29"/>
						<String ID="P7_ST00080" HPOS="1653" VPOS="941" WIDTH="205" HEIGHT="41" CONTENT="Secession" WC="0.99" CC="060400040"/>
						<SP ID="P7_SP00071" HPOS="1858" VPOS="998" WIDTH="33"/>
						<String ID="P7_ST00081" HPOS="1891" VPOS="938" WIDTH="59" HEIGHT="39" CONTENT="die" WC="0.97" CC="062"/>
						<SP ID="P7_SP00072" HPOS="1950" VPOS="998" WIDTH="27"/>
						<String ID="P7_ST00082" HPOS="1977" VPOS="937" WIDTH="266" HEIGHT="40" CONTENT="verschieden'" WC="1.00" CC="000007000408"/>
					</TextLine>
					<TextLine ID="P7_TL00011" HPOS="525" VPOS="989" WIDTH="1722" HEIGHT="61">
						<String ID="P7_ST00083" HPOS="525" VPOS="1001" WIDTH="186" HEIGHT="49" CONTENT="artigsten" WC="1.00" CC="060000130"/>
						<SP ID="P7_SP00073" HPOS="711" VPOS="1050" WIDTH="10"/>
						<String ID="P7_ST00084" HPOS="721" VPOS="997" WIDTH="81" HEIGHT="39" CONTENT="und" WC="1.00" CC="000"/>
						<SP ID="P7_SP00074" HPOS="802" VPOS="1050" WIDTH="15"/>
						<String ID="P7_ST00085" HPOS="817" VPOS="993" WIDTH="372" HEIGHT="52" CONTENT="hervorragendsten" WC="1.00" CC="0400000006000040"/>
						<SP ID="P7_SP00075" HPOS="1189" VPOS="1050" WIDTH="12"/>
						<String ID="P7_ST00086" HPOS="1201" VPOS="993" WIDTH="191" HEIGHT="40" CONTENT="Künstler" WC="0.99" CC="50000460"/>
						<SP ID="P7_SP00076" HPOS="1392" VPOS="1050" WIDTH="14"/>
						<String ID="P7_ST00087" HPOS="1406" VPOS="995" WIDTH="213" HEIGHT="55" CONTENT="Englands," WC="0.99" CC="500500004"/>
						<SP ID="P7_SP00077" HPOS="1619" VPOS="1050" WIDTH="11"/>
						<String ID="P7_ST00088" HPOS="1630" VPOS="993" WIDTH="80" HEIGHT="39" CONTENT="und" WC="1.00" CC="000"/>
						<SP ID="P7_SP00078" HPOS="1710" VPOS="1050" WIDTH="14"/>
						<String ID="P7_ST00089" HPOS="1724" VPOS="989" WIDTH="232" HEIGHT="42" CONTENT="beschränkt" WC="0.99" CC="7400050001"/>
						<SP ID="P7_SP00079" HPOS="1956" VPOS="1050" WIDTH="12"/>
						<String ID="P7_ST00090" HPOS="1968" VPOS="989" WIDTH="80" HEIGHT="39" CONTENT="sich" WC="0.99" CC="0600"/>
						<SP ID="P7_SP00080" HPOS="2048" VPOS="1050" WIDTH="10"/>
						<String ID="P7_ST00091" HPOS="2058" VPOS="989" WIDTH="108" HEIGHT="39" CONTENT="nicht" WC="0.99" CC="06300"/>
						<SP ID="P7_SP00081" HPOS="2166" VPOS="1050" WIDTH="11"/>
						<String ID="P7_ST00092" HPOS="2177" VPOS="989" WIDTH="70" HEIGHT="39" CONTENT="auf" WC="0.98" CC="005"/>
					</TextLine>
					<TextLine ID="P7_TL00012" HPOS="526" VPOS="1041" WIDTH="1717" HEIGHT="57">
						<String ID="P7_ST00093" HPOS="526" VPOS="1052" WIDTH="60" HEIGHT="40" CONTENT="die" WC="0.96" CC="054"/>
						<SP ID="P7_SP00082" HPOS="586" VPOS="1092" WIDTH="22"/>
						<String ID="P7_ST00094" HPOS="608" VPOS="1050" WIDTH="128" HEIGHT="39" CONTENT="kleine" WC="0.99" CC="046003"/>
						<SP ID="P7_SP00083" HPOS="736" VPOS="1092" WIDTH="26"/>
						<String ID="P7_ST00095" HPOS="762" VPOS="1048" WIDTH="167" HEIGHT="50" CONTENT="Gruppe" WC="0.99" CC="065003"/>
						<SP ID="P7_SP00084" HPOS="929" VPOS="1098" WIDTH="23"/>
						<String ID="P7_ST00096" HPOS="952" VPOS="1046" WIDTH="65" HEIGHT="41" CONTENT="der" WC="0.98" CC="014"/>
						<SP ID="P7_SP00085" HPOS="1017" VPOS="1098" WIDTH="28"/>
						<String ID="P7_ST00097" HPOS="1045" VPOS="1054" WIDTH="273" HEIGHT="44" CONTENT="sogenannten" WC="1.00" CC="00030000000"/>
						<SP ID="P7_SP00086" HPOS="1318" VPOS="1098" WIDTH="24"/>
						<String ID="P7_ST00098" HPOS="1342" VPOS="1046" WIDTH="284" HEIGHT="46" CONTENT="Prärafaeliten," WC="0.78" CC="06060003400204"/>
						<SP ID="P7_SP00087" HPOS="1626" VPOS="1098" WIDTH="20"/>
						<String ID="P7_ST00099" HPOS="1646" VPOS="1047" WIDTH="73" HEIGHT="37" CONTENT="wie" WC="0.99" CC="001"/>
						<SP ID="P7_SP00088" HPOS="1719" VPOS="1098" WIDTH="27"/>
						<String ID="P7_ST00100" HPOS="1746" VPOS="1059" WIDTH="96" HEIGHT="24" CONTENT="man" WC="1.00" CC="000"/>
						<SP ID="P7_SP00089" HPOS="1842" VPOS="1098" WIDTH="31"/>
						<String ID="P7_ST00101" HPOS="1873" VPOS="1042" WIDTH="137" HEIGHT="40" CONTENT="Seiner" WC="0.98" CC="015047"/>
						<SP ID="P7_SP00090" HPOS="2010" VPOS="1098" WIDTH="25"/>
						<String ID="P7_ST00102" HPOS="2035" VPOS="1041" WIDTH="208" HEIGHT="40" CONTENT="Excellenz" WC="0.69" CC="200366106"/>
					</TextLine>
					<TextLine ID="P7_TL00013" HPOS="527" VPOS="1097" WIDTH="1195" HEIGHT="45">
						<String ID="P7_ST00103" HPOS="527" VPOS="1103" WIDTH="204" HEIGHT="39" CONTENT="Freiherrn" WC="1.00" CC="250003000"/>
						<SP ID="P7_SP00091" HPOS="731" VPOS="1142" WIDTH="19"/>
						<String ID="P7_ST00104" HPOS="750" VPOS="1116" WIDTH="79" HEIGHT="24" CONTENT="von" WC="1.00" CC="000"/>
						<SP ID="P7_SP00092" HPOS="829" VPOS="1142" WIDTH="21"/>
						<String ID="P7_ST00105" HPOS="850" VPOS="1098" WIDTH="155" HEIGHT="40" CONTENT="Helfert" WC="0.74" CC="0155500"/>
						<SP ID="P7_SP00093" HPOS="1005" VPOS="1142" WIDTH="17"/>
						<String ID="P7_ST00106" HPOS="1022" VPOS="1097" WIDTH="255" HEIGHT="40" CONTENT="irrtümlicher" WC="1.00" CC="004000401000"/>
						<SP ID="P7_SP00094" HPOS="1277" VPOS="1142" WIDTH="15"/>
						<String ID="P7_ST00107" HPOS="1292" VPOS="1097" WIDTH="133" HEIGHT="42" CONTENT="Weise" WC="0.99" CC="32003"/>
						<SP ID="P7_SP00095" HPOS="1425" VPOS="1142" WIDTH="17"/>
						<String ID="P7_ST00108" HPOS="1442" VPOS="1100" WIDTH="183" HEIGHT="42" CONTENT="berichtet" WC="0.99" CC="750000110"/>
						<SP ID="P7_SP00096" HPOS="1625" VPOS="1142" WIDTH="18"/>
						<String ID="P7_ST00109" HPOS="1643" VPOS="1098" WIDTH="79" HEIGHT="39" CONTENT="hat." WC="0.99" CC="0024"/>
					</TextLine>
					<TextLine ID="P7_TL00014" HPOS="632" VPOS="1145" WIDTH="1612" HEIGHT="58">
						<String ID="P7_ST00110" HPOS="632" VPOS="1154" WIDTH="76" HEIGHT="39" CONTENT="Die" WC="0.96" CC="062"/>
						<SP ID="P7_SP00097" HPOS="708" VPOS="1193" WIDTH="19"/>
						<String ID="P7_ST00111" HPOS="727" VPOS="1152" WIDTH="235" HEIGHT="40" CONTENT="Berliner" WC="0.99" CC="03006000"/>
						<SP ID="P7_SP00098" HPOS="962" VPOS="1193" WIDTH="22"/>
						<String ID="P7_ST00112" HPOS="984" VPOS="1150" WIDTH="218" HEIGHT="45" CONTENT="Secession," WC="1.00" CC="0301000104"/>
						<SP ID="P7_SP00099" HPOS="1202" VPOS="1195" WIDTH="25"/>
						<String ID="P7_ST00113" HPOS="1227" VPOS="1153" WIDTH="97" HEIGHT="45" CONTENT="1899" WC="0.70" CC="3205"/>
						<SP ID="P7_SP00100" HPOS="1324" VPOS="1198" WIDTH="22"/>
						<String ID="P7_ST00114" HPOS="1346" VPOS="1154" WIDTH="222" HEIGHT="49" CONTENT="gegründet," WC="0.99" CC="9000000304"/>
						<SP ID="P7_SP00101" HPOS="1568" VPOS="1203" WIDTH="20"/>
						<String ID="P7_ST00115" HPOS="1588" VPOS="1148" WIDTH="176" HEIGHT="42" CONTENT="entfaltet" WC="1.00" CC="400005010"/>
						<SP ID="P7_SP00102" HPOS="1764" VPOS="1203" WIDTH="20"/>
						<String ID="P7_ST00116" HPOS="1784" VPOS="1150" WIDTH="85" HEIGHT="37" CONTENT="eine" WC="0.97" CC="2603"/>
						<SP ID="P7_SP00103" HPOS="1869" VPOS="1203" WIDTH="20"/>
						<String ID="P7_ST00117" HPOS="1889" VPOS="1147" WIDTH="165" HEIGHT="39" CONTENT="überaus" WC="0.99" CC="0706060"/>
						<SP ID="P7_SP00104" HPOS="2054" VPOS="1203" WIDTH="18"/>
						<String ID="P7_ST00118" HPOS="2072" VPOS="1145" WIDTH="172" HEIGHT="40" CONTENT="lebhafte" WC="0.99" CC="11070602"/>
					</TextLine>
					<TextLine ID="P7_TL00015" HPOS="527" VPOS="1198" WIDTH="1716" HEIGHT="54">
						<String ID="P7_ST00119" HPOS="527" VPOS="1208" WIDTH="81" HEIGHT="40" CONTENT="und" WC="0.98" CC="500"/>
						<SP ID="P7_SP00105" HPOS="608" VPOS="1248" WIDTH="22"/>
						<String ID="P7_ST00120" HPOS="630" VPOS="1217" WIDTH="100" HEIGHT="30" CONTENT="trotz" WC="0.98" CC="06006"/>
						<SP ID="P7_SP00106" HPOS="730" VPOS="1248" WIDTH="25"/>
						<String ID="P7_ST00121" HPOS="755" VPOS="1205" WIDTH="64" HEIGHT="40" CONTENT="der" WC="1.00" CC="000"/>
						<SP ID="P7_SP00107" HPOS="819" VPOS="1248" WIDTH="24"/>
						<String ID="P7_ST00122" HPOS="843" VPOS="1204" WIDTH="87" HEIGHT="40" CONTENT="dort" WC="0.99" CC="0060"/>
						<SP ID="P7_SP00108" HPOS="930" VPOS="1248" WIDTH="24"/>
						<String ID="P7_ST00123" HPOS="954" VPOS="1202" WIDTH="190" HEIGHT="41" CONTENT="durchaus" WC="0.99" CC="04600050"/>
						<SP ID="P7_SP00109" HPOS="1144" VPOS="1248" WIDTH="23"/>
						<String ID="P7_ST00124" HPOS="1167" VPOS="1201" WIDTH="275" HEIGHT="44" CONTENT="unverhüllten" WC="1.00" CC="000000025000"/>
						<SP ID="P7_SP00110" HPOS="1442" VPOS="1248" WIDTH="26"/>
						<String ID="P7_ST00125" HPOS="1468" VPOS="1205" WIDTH="79" HEIGHT="42" CONTENT="und" WC="0.98" CC="600"/>
						<SP ID="P7_SP00111" HPOS="1547" VPOS="1248" WIDTH="19"/>
						<String ID="P7_ST00126" HPOS="1566" VPOS="1203" WIDTH="156" HEIGHT="40" CONTENT="aktiven" WC="1.00" CC="0006010"/>
						<SP ID="P7_SP00112" HPOS="1722" VPOS="1248" WIDTH="20"/>
						<String ID="P7_ST00127" HPOS="1742" VPOS="1198" WIDTH="286" HEIGHT="54" CONTENT="Gegnerschaft" WC="1.00" CC="020015000050"/>
						<SP ID="P7_SP00113" HPOS="2028" VPOS="1252" WIDTH="24"/>
						<String ID="P7_ST00128" HPOS="2052" VPOS="1198" WIDTH="64" HEIGHT="41" CONTENT="der" WC="0.96" CC="046"/>
						<SP ID="P7_SP00114" HPOS="2116" VPOS="1252" WIDTH="21"/>
						<String ID="P7_ST00129" HPOS="2137" VPOS="1198" WIDTH="106" HEIGHT="39" CONTENT="aller'" WC="0.98" CC="076251"/>
					</TextLine>
					<TextLine ID="P7_TL00016" HPOS="525" VPOS="1253" WIDTH="966" HEIGHT="55">
						<String ID="P7_ST00130" HPOS="525" VPOS="1260" WIDTH="192" HEIGHT="40" CONTENT="höchsten" WC="1.00" CC="01000020"/>
						<SP ID="P7_SP00115" HPOS="717" VPOS="1300" WIDTH="20"/>
						<String ID="P7_ST00131" HPOS="737" VPOS="1258" WIDTH="150" HEIGHT="44" CONTENT="Kreise," WC="0.99" CC="0730004"/>
						<SP ID="P7_SP00116" HPOS="887" VPOS="1302" WIDTH="20"/>
						<String ID="P7_ST00132" HPOS="907" VPOS="1255" WIDTH="86" HEIGHT="40" CONTENT="sehr" WC="0.97" CC="0506"/>
						<SP ID="P7_SP00117" HPOS="993" VPOS="1302" WIDTH="20"/>
						<String ID="P7_ST00133" HPOS="1013" VPOS="1253" WIDTH="247" HEIGHT="53" CONTENT="erfolgreiche" WC="1.00" CC="005040034002"/>
						<SP ID="P7_SP00118" HPOS="1260" VPOS="1306" WIDTH="17"/>
						<String ID="P7_ST00134" HPOS="1277" VPOS="1254" WIDTH="214" HEIGHT="54" CONTENT="Tätigkeit." WC="0.99" CC="5006000603"/>
					</TextLine>
					<TextLine ID="P7_TL00017" HPOS="632" VPOS="1303" WIDTH="1610" HEIGHT="50">
						<String ID="P7_ST00135" HPOS="632" VPOS="1312" WIDTH="77" HEIGHT="40" CONTENT="Die" WC="0.98" CC="104"/>
						<SP ID="P7_SP00119" HPOS="709" VPOS="1352" WIDTH="22"/>
						<String ID="P7_ST00136" HPOS="731" VPOS="1310" WIDTH="159" HEIGHT="39" CONTENT="Wiener" WC="0.98" CC="972040"/>
						<SP ID="P7_SP00120" HPOS="890" VPOS="1352" WIDTH="25"/>
						<String ID="P7_ST00137" HPOS="915" VPOS="1308" WIDTH="206" HEIGHT="40" CONTENT="Secession" WC="1.00" CC="002400000"/>
						<SP ID="P7_SP00121" HPOS="1121" VPOS="1352" WIDTH="22"/>
						<String ID="P7_ST00138" HPOS="1143" VPOS="1306" WIDTH="234" HEIGHT="40" CONTENT="konstatiert" WC="1.00" CC="03003000340"/>
						<SP ID="P7_SP00122" HPOS="1377" VPOS="1352" WIDTH="25"/>
						<String ID="P7_ST00139" HPOS="1402" VPOS="1314" WIDTH="73" HEIGHT="38" CONTENT="mit" WC="0.98" CC="040"/>
						<SP ID="P7_SP00123" HPOS="1475" VPOS="1352" WIDTH="24"/>
						<String ID="P7_ST00140" HPOS="1499" VPOS="1308" WIDTH="120" HEIGHT="45" CONTENT="Stolz," WC="0.98" CC="020464"/>
						<SP ID="P7_SP00124" HPOS="1619" VPOS="1353" WIDTH="26"/>
						<String ID="P7_ST00141" HPOS="1645" VPOS="1306" WIDTH="71" HEIGHT="41" CONTENT="daß" WC="0.96" CC="009"/>
						<SP ID="P7_SP00125" HPOS="1716" VPOS="1353" WIDTH="25"/>
						<String ID="P7_ST00142" HPOS="1741" VPOS="1306" WIDTH="54" HEIGHT="38" CONTENT="sie" WC="0.98" CC="004"/>
						<SP ID="P7_SP00126" HPOS="1795" VPOS="1353" WIDTH="23"/>
						<String ID="P7_ST00143" HPOS="1818" VPOS="1306" WIDTH="41" HEIGHT="36" CONTENT="in" WC="0.73" CC="50"/>
						<SP ID="P7_SP00127" HPOS="1859" VPOS="1353" WIDTH="28"/>
						<String ID="P7_ST00144" HPOS="1887" VPOS="1303" WIDTH="75" HEIGHT="39" CONTENT="den" WC="0.99" CC="020"/>
						<SP ID="P7_SP00128" HPOS="1962" VPOS="1353" WIDTH="28"/>
						<String ID="P7_ST00145" HPOS="1990" VPOS="1303" WIDTH="93" HEIGHT="38" CONTENT="fünf" WC="0.98" CC="4004"/>
						<SP ID="P7_SP00129" HPOS="2083" VPOS="1353" WIDTH="13"/>
						<String ID="P7_ST00146" HPOS="2096" VPOS="1303" WIDTH="146" HEIGHT="50" CONTENT="Jahren" WC="0.98" CC="600620"/>
					</TextLine>
					<TextLine ID="P7_TL00018" HPOS="526" VPOS="1351" WIDTH="1716" HEIGHT="59">
						<String ID="P7_ST00147" HPOS="526" VPOS="1366" WIDTH="101" HEIGHT="39" CONTENT="ihres" WC="0.98" CC="00750"/>
						<SP ID="P7_SP00130" HPOS="627" VPOS="1405" WIDTH="20"/>
						<String ID="P7_ST00148" HPOS="647" VPOS="1362" WIDTH="216" HEIGHT="40" CONTENT="Bestandes" WC="1.00" CC="040000060"/>
						<SP ID="P7_SP00131" HPOS="863" VPOS="1405" WIDTH="25"/>
						<String ID="P7_ST00149" HPOS="888" VPOS="1361" WIDTH="74" HEIGHT="40" CONTENT="den" WC="0.99" CC="010"/>
						<SP ID="P7_SP00132" HPOS="962" VPOS="1405" WIDTH="17"/>
						<String ID="P7_ST00150" HPOS="979" VPOS="1358" WIDTH="323" HEIGHT="52" CONTENT="kunstfreudigen" WC="1.00" CC="05000562707000"/>
						<SP ID="P7_SP00133" HPOS="1302" VPOS="1410" WIDTH="19"/>
						<String ID="P7_ST00151" HPOS="1321" VPOS="1358" WIDTH="187" HEIGHT="46" CONTENT="Wienern" WC="0.99" CC="0700170"/>
						<SP ID="P7_SP00134" HPOS="1508" VPOS="1410" WIDTH="23"/>
						<String ID="P7_ST00152" HPOS="1531" VPOS="1362" WIDTH="59" HEIGHT="40" CONTENT="die" WC="1.00" CC="000"/>
						<SP ID="P7_SP00135" HPOS="1590" VPOS="1410" WIDTH="21"/>
						<String ID="P7_ST00153" HPOS="1611" VPOS="1356" WIDTH="256" HEIGHT="52" CONTENT="Gelegenheit" WC="0.99" CC="05640300500"/>
						<SP ID="P7_SP00136" HPOS="1867" VPOS="1410" WIDTH="24"/>
						<String ID="P7_ST00154" HPOS="1891" VPOS="1355" WIDTH="169" HEIGHT="52" CONTENT="geboten" WC="0.99" CC="0470040"/>
						<SP ID="P7_SP00137" HPOS="2060" VPOS="1410" WIDTH="22"/>
						<String ID="P7_ST00155" HPOS="2082" VPOS="1351" WIDTH="79" HEIGHT="49" CONTENT="hat," WC="0.97" CC="7004"/>
						<SP ID="P7_SP00138" HPOS="2161" VPOS="1410" WIDTH="21"/>
						<String ID="P7_ST00156" HPOS="2182" VPOS="1354" WIDTH="60" HEIGHT="40" CONTENT="die" WC="0.96" CC="065"/>
					</TextLine>
					<TextLine ID="P7_TL00019" HPOS="526" VPOS="1406" WIDTH="1717" HEIGHT="62">
						<String ID="P7_ST00157" HPOS="526" VPOS="1414" WIDTH="375" HEIGHT="54" CONTENT="hervorragendsten" WC="1.00" CC="0060360003000340"/>
						<SP ID="P7_SP00139" HPOS="901" VPOS="1468" WIDTH="37"/>
						<String ID="P7_ST00158" HPOS="938" VPOS="1411" WIDTH="198" HEIGHT="41" CONTENT="Produkte" WC="0.99" CC="07000013"/>
						<SP ID="P7_SP00140" HPOS="1136" VPOS="1468" WIDTH="37"/>
						<String ID="P7_ST00159" HPOS="1173" VPOS="1411" WIDTH="66" HEIGHT="40" CONTENT="des" WC="0.99" CC="030"/>
						<SP ID="P7_SP00141" HPOS="1239" VPOS="1468" WIDTH="36"/>
						<String ID="P7_ST00160" HPOS="1275" VPOS="1410" WIDTH="186" HEIGHT="55" CONTENT="heutigen" WC="0.99" CC="00506057"/>
						<SP ID="P7_SP00142" HPOS="1461" VPOS="1468" WIDTH="31"/>
						<String ID="P7_ST00161" HPOS="1492" VPOS="1409" WIDTH="326" HEIGHT="46" CONTENT="Kunstschaffens" WC="1.00" CC="05002000036100"/>
						<SP ID="P7_SP00143" HPOS="1818" VPOS="1468" WIDTH="38"/>
						<String ID="P7_ST00162" HPOS="1856" VPOS="1407" WIDTH="64" HEIGHT="40" CONTENT="der" WC="0.98" CC="006"/>
						<SP ID="P7_SP00144" HPOS="1920" VPOS="1468" WIDTH="39"/>
						<String ID="P7_ST00163" HPOS="1959" VPOS="1422" WIDTH="149" HEIGHT="36" CONTENT="ganzen" WC="0.99" CC="000630"/>
						<SP ID="P7_SP00145" HPOS="2108" VPOS="1468" WIDTH="26"/>
						<String ID="P7_ST00164" HPOS="2134" VPOS="1406" WIDTH="109" HEIGHT="39" CONTENT="Welt" WC="0.98" CC="0460"/>
					</TextLine>
					<TextLine ID="P7_TL00020" HPOS="526" VPOS="1457" WIDTH="1715" HEIGHT="53">
						<String ID="P7_ST00165" HPOS="526" VPOS="1470" WIDTH="158" HEIGHT="40" CONTENT="kennen" WC="0.99" CC="040030"/>
						<SP ID="P7_SP00146" HPOS="684" VPOS="1510" WIDTH="28"/>
						<String ID="P7_ST00166" HPOS="712" VPOS="1484" WIDTH="47" HEIGHT="23" CONTENT="zu" WC="0.36" CC="75"/>
						<SP ID="P7_SP00147" HPOS="759" VPOS="1510" WIDTH="27"/>
						<String ID="P7_ST00167" HPOS="786" VPOS="1466" WIDTH="134" HEIGHT="40" CONTENT="lernen" WC="0.99" CC="610030"/>
						<SP ID="P7_SP00148" HPOS="920" VPOS="1510" WIDTH="29"/>
						<String ID="P7_ST00168" HPOS="949" VPOS="1463" WIDTH="81" HEIGHT="41" CONTENT="und" WC="0.97" CC="600"/>
						<SP ID="P7_SP00149" HPOS="1030" VPOS="1510" WIDTH="29"/>
						<String ID="P7_ST00169" HPOS="1059" VPOS="1464" WIDTH="72" HEIGHT="39" CONTENT="daß" WC="1.00" CC="000"/>
						<SP ID="P7_SP00150" HPOS="1131" VPOS="1510" WIDTH="30"/>
						<String ID="P7_ST00170" HPOS="1161" VPOS="1463" WIDTH="65" HEIGHT="39" CONTENT="der" WC="0.98" CC="040"/>
						<SP ID="P7_SP00151" HPOS="1226" VPOS="1510" WIDTH="23"/>
						<String ID="P7_ST00171" HPOS="1249" VPOS="1463" WIDTH="253" HEIGHT="45" CONTENT="Kunstbesitz" WC="1.00" CC="05000700006"/>
						<SP ID="P7_SP00152" HPOS="1502" VPOS="1510" WIDTH="28"/>
						<String ID="P7_ST00172" HPOS="1530" VPOS="1468" WIDTH="41" HEIGHT="37" CONTENT="in" WC="1.00" CC="00"/>
						<SP ID="P7_SP00153" HPOS="1571" VPOS="1510" WIDTH="18"/>
						<String ID="P7_ST00173" HPOS="1589" VPOS="1463" WIDTH="118" HEIGHT="38" CONTENT="Wien" WC="0.97" CC="0750"/>
						<SP ID="P7_SP00154" HPOS="1707" VPOS="1510" WIDTH="22"/>
						<String ID="P7_ST00174" HPOS="1729" VPOS="1463" WIDTH="41" HEIGHT="37" CONTENT="in" WC="0.67" CC="60"/>
						<SP ID="P7_SP00155" HPOS="1770" VPOS="1510" WIDTH="25"/>
						<String ID="P7_ST00175" HPOS="1795" VPOS="1461" WIDTH="119" HEIGHT="40" CONTENT="dieser" WC="0.98" CC="055006"/>
						<SP ID="P7_SP00156" HPOS="1914" VPOS="1510" WIDTH="21"/>
						<String ID="P7_ST00176" HPOS="1935" VPOS="1459" WIDTH="90" HEIGHT="38" CONTENT="Zeit" WC="1.00" CC="0200"/>
						<SP ID="P7_SP00157" HPOS="2025" VPOS="1510" WIDTH="23"/>
						<String ID="P7_ST00177" HPOS="2048" VPOS="1460" WIDTH="41" HEIGHT="37" CONTENT="in" WC="1.00" CC="00"/>
						<SP ID="P7_SP00158" HPOS="2089" VPOS="1510" WIDTH="23"/>
						<String ID="P7_ST00178" HPOS="2112" VPOS="1457" WIDTH="129" HEIGHT="40" CONTENT="bisher" WC="0.98" CC="060757"/>
					</TextLine>
					<TextLine ID="P7_TL00021" HPOS="527" VPOS="1510" WIDTH="1715" HEIGHT="61">
						<String ID="P7_ST00179" HPOS="527" VPOS="1522" WIDTH="103" HEIGHT="40" CONTENT="noch" WC="1.00" CC="0000"/>
						<SP ID="P7_SP00159" HPOS="630" VPOS="1562" WIDTH="22"/>
						<String ID="P7_ST00180" HPOS="652" VPOS="1520" WIDTH="109" HEIGHT="40" CONTENT="nicht" WC="1.00" CC="00000"/>
						<SP ID="P7_SP00160" HPOS="761" VPOS="1562" WIDTH="24"/>
						<String ID="P7_ST00181" HPOS="785" VPOS="1519" WIDTH="268" HEIGHT="52" CONTENT="dagewesener" WC="0.99" CC="00050303056"/>
						<SP ID="P7_SP00161" HPOS="1053" VPOS="1571" WIDTH="20"/>
						<String ID="P7_ST00182" HPOS="1073" VPOS="1514" WIDTH="134" HEIGHT="40" CONTENT="Weise" WC="0.99" CC="05400"/>
						<SP ID="P7_SP00162" HPOS="1207" VPOS="1571" WIDTH="23"/>
						<String ID="P7_ST00183" HPOS="1230" VPOS="1515" WIDTH="211" HEIGHT="43" CONTENT="bereichert" WC="0.99" CC="7255400100"/>
						<SP ID="P7_SP00163" HPOS="1441" VPOS="1571" WIDTH="22"/>
						<String ID="P7_ST00184" HPOS="1463" VPOS="1518" WIDTH="155" HEIGHT="42" CONTENT="worden" WC="0.98" CC="907020"/>
						<SP ID="P7_SP00164" HPOS="1618" VPOS="1571" WIDTH="27"/>
						<String ID="P7_ST00185" HPOS="1645" VPOS="1517" WIDTH="62" HEIGHT="38" CONTENT="ist." WC="0.98" CC="6004"/>
						<SP ID="P7_SP00165" HPOS="1707" VPOS="1571" WIDTH="30"/>
						<String ID="P7_ST00186" HPOS="1737" VPOS="1513" WIDTH="84" HEIGHT="39" CONTENT="Das" WC="1.00" CC="000"/>
						<SP ID="P7_SP00166" HPOS="1821" VPOS="1571" WIDTH="24"/>
						<String ID="P7_ST00187" HPOS="1845" VPOS="1511" WIDTH="190" HEIGHT="40" CONTENT="Ansehen" WC="1.00" CC="0002040"/>
						<SP ID="P7_SP00167" HPOS="2035" VPOS="1571" WIDTH="28"/>
						<String ID="P7_ST00188" HPOS="2063" VPOS="1510" WIDTH="64" HEIGHT="40" CONTENT="der" WC="0.97" CC="006"/>
						<SP ID="P7_SP00168" HPOS="2127" VPOS="1571" WIDTH="19"/>
						<String ID="P7_ST00189" HPOS="2146" VPOS="1510" WIDTH="96" HEIGHT="38" CONTENT="Ver'" WC="0.84" CC="0050"/>
					</TextLine>
					<TextLine ID="P7_TL00022" HPOS="528" VPOS="1562" WIDTH="1715" HEIGHT="64">
						<String ID="P7_ST00190" HPOS="528" VPOS="1577" WIDTH="185" HEIGHT="49" CONTENT="einigung" WC="0.93" CC="00000500"/>
						<SP ID="P7_SP00169" HPOS="713" VPOS="1626" WIDTH="32"/>
						<String ID="P7_ST00191" HPOS="745" VPOS="1574" WIDTH="56" HEIGHT="38" CONTENT="im" WC="0.65" CC="60"/>
						<SP ID="P7_SP00170" HPOS="801" VPOS="1626" WIDTH="33"/>
						<String ID="P7_ST00192" HPOS="834" VPOS="1568" WIDTH="201" HEIGHT="42" CONTENT="Auslande" WC="0.99" CC="07020003"/>
						<SP ID="P7_SP00171" HPOS="1035" VPOS="1626" WIDTH="32"/>
						<String ID="P7_ST00193" HPOS="1067" VPOS="1570" WIDTH="49" HEIGHT="36" CONTENT="ist" WC="1.00" CC="001"/>
						<SP ID="P7_SP00172" HPOS="1116" VPOS="1626" WIDTH="38"/>
						<String ID="P7_ST00194" HPOS="1154" VPOS="1569" WIDTH="71" HEIGHT="37" CONTENT="seit" WC="0.98" CC="0501"/>
						<SP ID="P7_SP00173" HPOS="1225" VPOS="1626" WIDTH="37"/>
						<String ID="P7_ST00195" HPOS="1262" VPOS="1568" WIDTH="64" HEIGHT="39" CONTENT="der" WC="0.98" CC="040"/>
						<SP ID="P7_SP00174" HPOS="1326" VPOS="1626" WIDTH="34"/>
						<String ID="P7_ST00196" HPOS="1360" VPOS="1568" WIDTH="148" HEIGHT="44" CONTENT="Pariser" WC="0.99" CC="0006006"/>
						<SP ID="P7_SP00175" HPOS="1508" VPOS="1626" WIDTH="32"/>
						<String ID="P7_ST00197" HPOS="1540" VPOS="1564" WIDTH="349" HEIGHT="52" CONTENT="Weltausstellung" WC="1.00" CC="055006000120000"/>
						<SP ID="P7_SP00176" HPOS="1889" VPOS="1626" WIDTH="36"/>
						<String ID="P7_ST00198" HPOS="1925" VPOS="1565" WIDTH="196" HEIGHT="37" CONTENT="erwiesen." WC="0.99" CC="000540004"/>
						<SP ID="P7_SP00177" HPOS="2121" VPOS="1626" WIDTH="44"/>
						<String ID="P7_ST00199" HPOS="2165" VPOS="1562" WIDTH="78" HEIGHT="39" CONTENT="Die" WC="0.99" CC="100"/>
					</TextLine>
					<TextLine ID="P7_TL00023" HPOS="529" VPOS="1613" WIDTH="1714" HEIGHT="54">
						<String ID="P7_ST00200" HPOS="529" VPOS="1627" WIDTH="282" HEIGHT="40" CONTENT="Kommission" WC="1.00" CC="0000000600"/>
						<SP ID="P7_SP00178" HPOS="811" VPOS="1667" WIDTH="42"/>
						<String ID="P7_ST00201" HPOS="853" VPOS="1623" WIDTH="65" HEIGHT="40" CONTENT="der" WC="1.00" CC="000"/>
						<SP ID="P7_SP00179" HPOS="918" VPOS="1667" WIDTH="38"/>
						<String ID="P7_ST00202" HPOS="956" VPOS="1620" WIDTH="216" HEIGHT="40" CONTENT="Dresdener" WC="1.00" CC="005005000"/>
						<SP ID="P7_SP00180" HPOS="1172" VPOS="1667" WIDTH="41"/>
						<String ID="P7_ST00203" HPOS="1213" VPOS="1621" WIDTH="327" HEIGHT="44" CONTENT="internationalen" WC="0.99" CC="600060015270740"/>
						<SP ID="P7_SP00181" HPOS="1540" VPOS="1667" WIDTH="38"/>
						<String ID="P7_ST00204" HPOS="1578" VPOS="1616" WIDTH="376" HEIGHT="51" CONTENT="Kunstausstellung" WC="1.00" CC="0600006000260600"/>
						<SP ID="P7_SP00182" HPOS="1954" VPOS="1667" WIDTH="40"/>
						<String ID="P7_ST00205" HPOS="1994" VPOS="1628" WIDTH="93" HEIGHT="35" CONTENT="1901" WC="0.93" CC="0002"/>
						<SP ID="P7_SP00183" HPOS="2087" VPOS="1667" WIDTH="46"/>
						<String ID="P7_ST00206" HPOS="2133" VPOS="1613" WIDTH="110" HEIGHT="40" CONTENT="hatte" WC="1.00" CC="00003"/>
					</TextLine>
					<TextLine ID="P7_TL00024" HPOS="529" VPOS="1661" WIDTH="1713" HEIGHT="63">
						<String ID="P7_ST00207" HPOS="529" VPOS="1676" WIDTH="290" HEIGHT="44" CONTENT="ausschließlich" WC="1.00" CC="00000060007000"/>
						<SP ID="P7_SP00184" HPOS="819" VPOS="1720" WIDTH="38"/>
						<String ID="P7_ST00208" HPOS="857" VPOS="1675" WIDTH="59" HEIGHT="41" CONTENT="die" WC="0.96" CC="054"/>
						<SP ID="P7_SP00185" HPOS="916" VPOS="1720" WIDTH="35"/>
						<String ID="P7_ST00209" HPOS="951" VPOS="1673" WIDTH="266" HEIGHT="51" CONTENT="Vereinigung" WC="1.00" CC="05600060000"/>
						<SP ID="P7_SP00186" HPOS="1217" VPOS="1724" WIDTH="41"/>
						<String ID="P7_ST00210" HPOS="1258" VPOS="1671" WIDTH="199" HEIGHT="45" CONTENT="bildender" WC="0.99" CC="707060006"/>
						<SP ID="P7_SP00187" HPOS="1457" VPOS="1724" WIDTH="36"/>
						<String ID="P7_ST00211" HPOS="1493" VPOS="1671" WIDTH="188" HEIGHT="45" CONTENT="Künstler" WC="1.00" CC="00000405"/>
						<SP ID="P7_SP00188" HPOS="1681" VPOS="1724" WIDTH="39"/>
						<String ID="P7_ST00212" HPOS="1720" VPOS="1661" WIDTH="243" HEIGHT="48" CONTENT="Österreichs" WC="0.99" CC="00350620070"/>
						<SP ID="P7_SP00189" HPOS="1963" VPOS="1724" WIDTH="42"/>
						<String ID="P7_ST00213" HPOS="2005" VPOS="1666" WIDTH="237" HEIGHT="52" CONTENT="eingeladen," WC="0.82" CC="16000500104"/>
					</TextLine>
					<TextLine ID="P7_TL00025" HPOS="529" VPOS="1718" WIDTH="1714" HEIGHT="57">
						<String ID="P7_ST00214" HPOS="529" VPOS="1733" WIDTH="59" HEIGHT="39" CONTENT="die" WC="0.99" CC="002"/>
						<SP ID="P7_SP00190" HPOS="588" VPOS="1772" WIDTH="33"/>
						<String ID="P7_ST00215" HPOS="621" VPOS="1728" WIDTH="311" HEIGHT="43" CONTENT="österreichische" WC="1.00" CC="001160252000000"/>
						<SP ID="P7_SP00191" HPOS="932" VPOS="1772" WIDTH="26"/>
						<String ID="P7_ST00216" HPOS="958" VPOS="1726" WIDTH="132" HEIGHT="39" CONTENT="Kunst" WC="1.00" CC="00000"/>
						<SP ID="P7_SP00192" HPOS="1090" VPOS="1772" WIDTH="32"/>
						<String ID="P7_ST00217" HPOS="1122" VPOS="1739" WIDTH="47" HEIGHT="24" CONTENT="zu" WC="0.70" CC="50"/>
						<SP ID="P7_SP00193" HPOS="1169" VPOS="1772" WIDTH="32"/>
						<String ID="P7_ST00218" HPOS="1201" VPOS="1728" WIDTH="316" HEIGHT="47" CONTENT="repräsentieren." WC="1.00" CC="020000000630204"/>
						<SP ID="P7_SP00194" HPOS="1517" VPOS="1775" WIDTH="51"/>
						<String ID="P7_ST00219" HPOS="1568" VPOS="1725" WIDTH="46" HEIGHT="39" CONTENT="In" WC="0.71" CC="50"/>
						<SP ID="P7_SP00195" HPOS="1614" VPOS="1775" WIDTH="32"/>
						<String ID="P7_ST00220" HPOS="1646" VPOS="1721" WIDTH="206" HEIGHT="41" CONTENT="München" WC="1.00" CC="0000050"/>
						<SP ID="P7_SP00196" HPOS="1852" VPOS="1775" WIDTH="25"/>
						<String ID="P7_ST00221" HPOS="1877" VPOS="1733" WIDTH="93" HEIGHT="37" CONTENT="1901" WC="1.00" CC="0000"/>
						<SP ID="P7_SP00197" HPOS="1970" VPOS="1775" WIDTH="37"/>
						<String ID="P7_ST00222" HPOS="2007" VPOS="1734" WIDTH="131" HEIGHT="24" CONTENT="waren" WC="1.00" CC="00000"/>
						<SP ID="P7_SP00198" HPOS="2138" VPOS="1775" WIDTH="33"/>
						<String ID="P7_ST00223" HPOS="2171" VPOS="1718" WIDTH="72" HEIGHT="39" CONTENT="alle" WC="0.97" CC="0643"/>
					</TextLine>
					<TextLine ID="P7_TL00026" HPOS="527" VPOS="1770" WIDTH="1716" HEIGHT="59">
						<String ID="P7_ST00224" HPOS="527" VPOS="1784" WIDTH="160" HEIGHT="39" CONTENT="Wiener" WC="0.99" CC="063000"/>
						<SP ID="P7_SP00199" HPOS="687" VPOS="1823" WIDTH="37"/>
						<String ID="P7_ST00225" HPOS="724" VPOS="1780" WIDTH="497" HEIGHT="49" CONTENT="Künstlervereinigungen" WC="1.00" CC="000013400503000000030"/>
						<SP ID="P7_SP00200" HPOS="1221" VPOS="1829" WIDTH="36"/>
						<String ID="P7_ST00226" HPOS="1257" VPOS="1778" WIDTH="74" HEIGHT="38" CONTENT="mit" WC="0.99" CC="001"/>
						<SP ID="P7_SP00201" HPOS="1331" VPOS="1829" WIDTH="36"/>
						<String ID="P7_ST00227" HPOS="1367" VPOS="1778" WIDTH="125" HEIGHT="44" CONTENT="ihrem" WC="0.99" CC="60000"/>
						<SP ID="P7_SP00202" HPOS="1492" VPOS="1829" WIDTH="36"/>
						<String ID="P7_ST00228" HPOS="1528" VPOS="1778" WIDTH="145" HEIGHT="39" CONTENT="Besten" WC="0.99" CC="240200"/>
						<SP ID="P7_SP00203" HPOS="1673" VPOS="1829" WIDTH="35"/>
						<String ID="P7_ST00229" HPOS="1708" VPOS="1783" WIDTH="212" HEIGHT="35" CONTENT="vertreten;" WC="0.99" CC="0160600205"/>
						<SP ID="P7_SP00204" HPOS="1920" VPOS="1829" WIDTH="42"/>
						<String ID="P7_ST00230" HPOS="1962" VPOS="1772" WIDTH="60" HEIGHT="39" CONTENT="die" WC="0.99" CC="001"/>
						<SP ID="P7_SP00205" HPOS="2022" VPOS="1829" WIDTH="38"/>
						<String ID="P7_ST00231" HPOS="2060" VPOS="1770" WIDTH="183" HEIGHT="40" CONTENT="Ankäufe" WC="0.99" CC="0000044"/>
					</TextLine>
					<TextLine ID="P7_TL00027" HPOS="528" VPOS="1823" WIDTH="1715" HEIGHT="58">
						<String ID="P7_ST00232" HPOS="528" VPOS="1837" WIDTH="60" HEIGHT="39" CONTENT="für" WC="0.96" CC="505"/>
						<SP ID="P7_SP00206" HPOS="588" VPOS="1876" WIDTH="35"/>
						<String ID="P7_ST00233" HPOS="623" VPOS="1836" WIDTH="59" HEIGHT="39" CONTENT="die" WC="0.96" CC="064"/>
						<SP ID="P7_SP00207" HPOS="682" VPOS="1876" WIDTH="37"/>
						<String ID="P7_ST00234" HPOS="719" VPOS="1833" WIDTH="187" HEIGHT="40" CONTENT="bairische" WC="0.99" CC="705600003"/>
						<SP ID="P7_SP00208" HPOS="906" VPOS="1876" WIDTH="39"/>
						<String ID="P7_ST00235" HPOS="945" VPOS="1828" WIDTH="273" HEIGHT="53" CONTENT="Staatsgalerie" WC="1.00" CC="0300000040660"/>
						<SP ID="P7_SP00209" HPOS="1218" VPOS="1881" WIDTH="36"/>
						<String ID="P7_ST00236" HPOS="1254" VPOS="1828" WIDTH="155" HEIGHT="42" CONTENT="blieben" WC="0.98" CC="7465730"/>
						<SP ID="P7_SP00210" HPOS="1409" VPOS="1881" WIDTH="38"/>
						<String ID="P7_ST00237" HPOS="1447" VPOS="1834" WIDTH="86" HEIGHT="40" CONTENT="aber" WC="0.96" CC="4066"/>
						<SP ID="P7_SP00211" HPOS="1533" VPOS="1881" WIDTH="37"/>
						<String ID="P7_ST00238" HPOS="1570" VPOS="1828" WIDTH="70" HEIGHT="41" CONTENT="auf" WC="0.95" CC="065"/>
						<SP ID="P7_SP00212" HPOS="1640" VPOS="1881" WIDTH="31"/>
						<String ID="P7_ST00239" HPOS="1671" VPOS="1827" WIDTH="60" HEIGHT="40" CONTENT="die" WC="0.96" CC="063"/>
						<SP ID="P7_SP00213" HPOS="1731" VPOS="1881" WIDTH="27"/>
						<String ID="P7_ST00240" HPOS="1758" VPOS="1824" WIDTH="145" HEIGHT="41" CONTENT="Werke" WC="0.99" CC="00600"/>
						<SP ID="P7_SP00214" HPOS="1903" VPOS="1881" WIDTH="33"/>
						<String ID="P7_ST00241" HPOS="1936" VPOS="1824" WIDTH="64" HEIGHT="40" CONTENT="der" WC="1.00" CC="000"/>
						<SP ID="P7_SP00215" HPOS="2000" VPOS="1881" WIDTH="36"/>
						<String ID="P7_ST00242" HPOS="2036" VPOS="1823" WIDTH="207" HEIGHT="41" CONTENT="Secession" WC="0.99" CC="040400600"/>
					</TextLine>
					<TextLine ID="P7_TL00028" HPOS="527" VPOS="1876" WIDTH="1716" HEIGHT="62">
						<String ID="P7_ST00243" HPOS="527" VPOS="1886" WIDTH="245" HEIGHT="41" CONTENT="beschränkt." WC="0.99" CC="06007700004"/>
						<SP ID="P7_SP00216" HPOS="772" VPOS="1927" WIDTH="35"/>
						<String ID="P7_ST00244" HPOS="807" VPOS="1885" WIDTH="90" HEIGHT="39" CONTENT="Daß" WC="1.00" CC="000"/>
						<SP ID="P7_SP00217" HPOS="897" VPOS="1927" WIDTH="30"/>
						<String ID="P7_ST00245" HPOS="927" VPOS="1882" WIDTH="71" HEIGHT="40" CONTENT="alle" WC="0.97" CC="0740"/>
						<SP ID="P7_SP00218" HPOS="998" VPOS="1927" WIDTH="29"/>
						<String ID="P7_ST00246" HPOS="1027" VPOS="1892" WIDTH="157" HEIGHT="29" CONTENT="ernsten" WC="0.99" CC="4000240"/>
						<SP ID="P7_SP00219" HPOS="1184" VPOS="1927" WIDTH="28"/>
						<String ID="P7_ST00247" HPOS="1212" VPOS="1880" WIDTH="297" HEIGHT="58" CONTENT="Bestrebungen" WC="1.00" CC="330002700050"/>
						<SP ID="P7_SP00220" HPOS="1509" VPOS="1938" WIDTH="27"/>
						<String ID="P7_ST00248" HPOS="1536" VPOS="1885" WIDTH="139" HEIGHT="36" CONTENT="immer" WC="0.98" CC="60040"/>
						<SP ID="P7_SP00221" HPOS="1675" VPOS="1938" WIDTH="28"/>
						<String ID="P7_ST00249" HPOS="1703" VPOS="1878" WIDTH="81" HEIGHT="40" CONTENT="und" WC="0.98" CC="600"/>
						<SP ID="P7_SP00222" HPOS="1784" VPOS="1938" WIDTH="29"/>
						<String ID="P7_ST00250" HPOS="1813" VPOS="1876" WIDTH="145" HEIGHT="40" CONTENT="überall" WC="0.98" CC="0046076"/>
						<SP ID="P7_SP00223" HPOS="1958" VPOS="1938" WIDTH="28"/>
						<String ID="P7_ST00251" HPOS="1986" VPOS="1892" WIDTH="75" HEIGHT="24" CONTENT="nur" WC="0.98" CC="060"/>
						<SP ID="P7_SP00224" HPOS="2061" VPOS="1938" WIDTH="28"/>
						<String ID="P7_ST00252" HPOS="2089" VPOS="1876" WIDTH="70" HEIGHT="39" CONTENT="auf" WC="0.98" CC="004"/>
						<SP ID="P7_SP00225" HPOS="2159" VPOS="1938" WIDTH="24"/>
						<String ID="P7_ST00253" HPOS="2183" VPOS="1876" WIDTH="60" HEIGHT="40" CONTENT="die" WC="0.98" CC="006"/>
					</TextLine>
					<TextLine ID="P7_TL00029" HPOS="528" VPOS="1928" WIDTH="1716" HEIGHT="56">
						<String ID="P7_ST00254" HPOS="528" VPOS="1938" WIDTH="250" HEIGHT="46" CONTENT="Teilnahme," WC="1.00" CC="0000007003"/>
						<SP ID="P7_SP00226" HPOS="778" VPOS="1984" WIDTH="24"/>
						<String ID="P7_ST00255" HPOS="802" VPOS="1937" WIDTH="71" HEIGHT="39" CONTENT="auf" WC="0.95" CC="065"/>
						<SP ID="P7_SP00227" HPOS="873" VPOS="1984" WIDTH="20"/>
						<String ID="P7_ST00256" HPOS="893" VPOS="1936" WIDTH="67" HEIGHT="40" CONTENT="das" WC="1.00" CC="000"/>
						<SP ID="P7_SP00228" HPOS="960" VPOS="1984" WIDTH="18"/>
						<String ID="P7_ST00257" HPOS="978" VPOS="1933" WIDTH="259" HEIGHT="40" CONTENT="Verständnis" WC="1.00" CC="03000000050"/>
						<SP ID="P7_SP00229" HPOS="1237" VPOS="1984" WIDTH="20"/>
						<String ID="P7_ST00258" HPOS="1257" VPOS="1935" WIDTH="104" HEIGHT="38" CONTENT="einer" WC="0.99" CC="40040"/>
						<SP ID="P7_SP00230" HPOS="1361" VPOS="1984" WIDTH="19"/>
						<String ID="P7_ST00259" HPOS="1380" VPOS="1935" WIDTH="155" HEIGHT="44" CONTENT="kleinen" WC="0.99" CC="0500600"/>
						<SP ID="P7_SP00231" HPOS="1535" VPOS="1984" WIDTH="19"/>
						<String ID="P7_ST00260" HPOS="1554" VPOS="1931" WIDTH="241" HEIGHT="42" CONTENT="Minderheit" WC="0.99" CC="0600560100"/>
						<SP ID="P7_SP00232" HPOS="1795" VPOS="1984" WIDTH="18"/>
						<String ID="P7_ST00261" HPOS="1813" VPOS="1929" WIDTH="168" HEIGHT="40" CONTENT="rechnen" WC="0.99" CC="0420050"/>
						<SP ID="P7_SP00233" HPOS="1981" VPOS="1984" WIDTH="19"/>
						<String ID="P7_ST00262" HPOS="2000" VPOS="1928" WIDTH="175" HEIGHT="46" CONTENT="können," WC="0.99" CC="0000604"/>
						<SP ID="P7_SP00234" HPOS="2175" VPOS="1984" WIDTH="19"/>
						<String ID="P7_ST00263" HPOS="2194" VPOS="1930" WIDTH="50" HEIGHT="37" CONTENT="ist" WC="0.99" CC="001"/>
					</TextLine>
					<TextLine ID="P7_TL00030" HPOS="530" VPOS="1981" WIDTH="1714" HEIGHT="64">
						<String ID="P7_ST00264" HPOS="530" VPOS="2008" WIDTH="96" HEIGHT="37" CONTENT="ganz" WC="0.99" CC="0005"/>
						<SP ID="P7_SP00235" HPOS="626" VPOS="2045" WIDTH="30"/>
						<String ID="P7_ST00265" HPOS="656" VPOS="1987" WIDTH="391" HEIGHT="46" CONTENT="selbstverständlich;" WC="1.00" CC="0377000550000020006"/>
						<SP ID="P7_SP00236" HPOS="1047" VPOS="2045" WIDTH="31"/>
						<String ID="P7_ST00266" HPOS="1078" VPOS="1986" WIDTH="64" HEIGHT="40" CONTENT="der" WC="0.96" CC="036"/>
						<SP ID="P7_SP00237" HPOS="1142" VPOS="2045" WIDTH="23"/>
						<String ID="P7_ST00267" HPOS="1165" VPOS="1987" WIDTH="41" HEIGHT="38" CONTENT="in" WC="1.00" CC="00"/>
						<SP ID="P7_SP00238" HPOS="1206" VPOS="2045" WIDTH="26"/>
						<String ID="P7_ST00268" HPOS="1232" VPOS="1986" WIDTH="63" HEIGHT="40" CONTENT="der" WC="0.96" CC="046"/>
						<SP ID="P7_SP00239" HPOS="1295" VPOS="2045" WIDTH="21"/>
						<String ID="P7_ST00269" HPOS="1316" VPOS="1986" WIDTH="216" HEIGHT="45" CONTENT="Broschüre" WC="0.99" CC="300000065"/>
						<SP ID="P7_SP00240" HPOS="1532" VPOS="2045" WIDTH="23"/>
						<String ID="P7_ST00270" HPOS="1555" VPOS="1987" WIDTH="143" HEIGHT="39" CONTENT="zitierte" WC="0.99" CC="60075002"/>
						<SP ID="P7_SP00241" HPOS="1698" VPOS="2045" WIDTH="19"/>
						<String ID="P7_ST00271" HPOS="1717" VPOS="1981" WIDTH="230" HEIGHT="52" CONTENT="Ausspruch" WC="1.00" CC="040000000"/>
						<SP ID="P7_SP00242" HPOS="1947" VPOS="2045" WIDTH="24"/>
						<String ID="P7_ST00272" HPOS="1971" VPOS="1983" WIDTH="105" HEIGHT="37" CONTENT="eines" WC="0.99" CC="05020"/>
						<SP ID="P7_SP00243" HPOS="2076" VPOS="2045" WIDTH="20"/>
						<String ID="P7_ST00273" HPOS="2096" VPOS="1981" WIDTH="148" HEIGHT="45" CONTENT="„Mün'" WC="0.91" CC="40000"/>
					</TextLine>
					<TextLine ID="P7_TL00031" HPOS="530" VPOS="2033" WIDTH="1714" HEIGHT="59">
						<String ID="P7_ST00274" HPOS="530" VPOS="2046" WIDTH="137" HEIGHT="39" CONTENT="ebener" WC="0.98" CC="042047"/>
						<SP ID="P7_SP00244" HPOS="667" VPOS="2085" WIDTH="30"/>
						<String ID="P7_ST00275" HPOS="697" VPOS="2040" WIDTH="309" HEIGHT="46" CONTENT='Fachmannes",' WC="1.00" CC="000000001024"/>
						<SP ID="P7_SP00245" HPOS="1006" VPOS="2086" WIDTH="29"/>
						<String ID="P7_ST00276" HPOS="1035" VPOS="2038" WIDTH="97" HEIGHT="47" CONTENT="„daß" WC="0.99" CC="2000"/>
						<SP ID="P7_SP00246" HPOS="1132" VPOS="2086" WIDTH="28"/>
						<String ID="P7_ST00277" HPOS="1160" VPOS="2039" WIDTH="41" HEIGHT="38" CONTENT="in" WC="1.00" CC="00"/>
						<SP ID="P7_SP00247" HPOS="1201" VPOS="2086" WIDTH="22"/>
						<String ID="P7_ST00278" HPOS="1223" VPOS="2037" WIDTH="121" HEIGHT="41" CONTENT="Wien" WC="0.98" CC="0830"/>
						<SP ID="P7_SP00248" HPOS="1344" VPOS="2086" WIDTH="24"/>
						<String ID="P7_ST00279" HPOS="1368" VPOS="2043" WIDTH="85" HEIGHT="39" CONTENT="eine" WC="0.99" CC="1003"/>
						<SP ID="P7_SP00249" HPOS="1453" VPOS="2086" WIDTH="27"/>
						<String ID="P7_ST00280" HPOS="1480" VPOS="2037" WIDTH="238" HEIGHT="55" CONTENT="Species(!)" WC="0.70" CC="0090430073"/>
						<SP ID="P7_SP00250" HPOS="1718" VPOS="2092" WIDTH="28"/>
						<String ID="P7_ST00281" HPOS="1746" VPOS="2050" WIDTH="79" HEIGHT="25" CONTENT="von" WC="1.00" CC="000"/>
						<SP ID="P7_SP00251" HPOS="1825" VPOS="2092" WIDTH="31"/>
						<String ID="P7_ST00282" HPOS="1856" VPOS="2034" WIDTH="148" HEIGHT="46" CONTENT="Kunst," WC="1.00" CC="000004"/>
						<SP ID="P7_SP00252" HPOS="2004" VPOS="2092" WIDTH="28"/>
						<String ID="P7_ST00283" HPOS="2032" VPOS="2033" WIDTH="144" HEIGHT="39" CONTENT="welche" WC="0.99" CC="044001"/>
						<SP ID="P7_SP00253" HPOS="2176" VPOS="2092" WIDTH="27"/>
						<String ID="P7_ST00284" HPOS="2203" VPOS="2035" WIDTH="41" HEIGHT="36" CONTENT="in" WC="0.67" CC="60"/>
					</TextLine>
					<TextLine ID="P7_TL00032" HPOS="531" VPOS="2086" WIDTH="1713" HEIGHT="56">
						<String ID="P7_ST00285" HPOS="531" VPOS="2094" WIDTH="270" HEIGHT="43" CONTENT="Deutschland" WC="1.00" CC="11400007000"/>
						<SP ID="P7_SP00254" HPOS="801" VPOS="2137" WIDTH="26"/>
						<String ID="P7_ST00286" HPOS="827" VPOS="2096" WIDTH="56" HEIGHT="37" CONTENT="im" WC="1.00" CC="00"/>
						<SP ID="P7_SP00255" HPOS="883" VPOS="2137" WIDTH="28"/>
						<String ID="P7_ST00287" HPOS="911" VPOS="2092" WIDTH="250" HEIGHT="50" CONTENT="Niedergang" WC="1.00" CC="4040600000"/>
						<SP ID="P7_SP00256" HPOS="1161" VPOS="2142" WIDTH="29"/>
						<String ID="P7_ST00288" HPOS="1190" VPOS="2090" WIDTH="186" HEIGHT="52" CONTENT="begriffen" WC="0.99" CC="710660040"/>
						<SP ID="P7_SP00257" HPOS="1376" VPOS="2142" WIDTH="27"/>
						<String ID="P7_ST00289" HPOS="1403" VPOS="2096" WIDTH="61" HEIGHT="46" CONTENT="ist," WC="0.98" CC="6003"/>
						<SP ID="P7_SP00258" HPOS="1464" VPOS="2142" WIDTH="29"/>
						<String ID="P7_ST00290" HPOS="1493" VPOS="2094" WIDTH="59" HEIGHT="40" CONTENT="die" WC="0.95" CC="066"/>
						<SP ID="P7_SP00259" HPOS="1552" VPOS="2142" WIDTH="27"/>
						<String ID="P7_ST00291" HPOS="1579" VPOS="2087" WIDTH="344" HEIGHT="43" CONTENT="Alleinherrschaft" WC="0.99" CC="0655607100007063"/>
						<SP ID="P7_SP00260" HPOS="1923" VPOS="2142" WIDTH="29"/>
						<String ID="P7_ST00292" HPOS="1952" VPOS="2086" WIDTH="214" HEIGHT="45" CONTENT='anstrebe",' WC="0.99" CC="0000677214"/>
						<SP ID="P7_SP00261" HPOS="2166" VPOS="2142" WIDTH="28"/>
						<String ID="P7_ST00293" HPOS="2194" VPOS="2087" WIDTH="50" HEIGHT="37" CONTENT="ist" WC="1.00" CC="001"/>
					</TextLine>
					<TextLine ID="P7_TL00033" HPOS="531" VPOS="2137" WIDTH="1712" HEIGHT="59">
						<String ID="P7_ST00294" HPOS="531" VPOS="2149" WIDTH="150" HEIGHT="41" CONTENT="einfach" WC="0.99" CC="0005007"/>
						<SP ID="P7_SP00262" HPOS="681" VPOS="2190" WIDTH="24"/>
						<String ID="P7_ST00295" HPOS="705" VPOS="2148" WIDTH="108" HEIGHT="40" CONTENT="barer" WC="0.98" CC="70720"/>
						<SP ID="P7_SP00263" HPOS="813" VPOS="2190" WIDTH="22"/>
						<String ID="P7_ST00296" HPOS="835" VPOS="2146" WIDTH="171" HEIGHT="40" CONTENT="Unsinn." WC="0.99" CC="3005004"/>
						<SP ID="P7_SP00264" HPOS="1006" VPOS="2190" WIDTH="40"/>
						<String ID="P7_ST00297" HPOS="1046" VPOS="2143" WIDTH="76" HEIGHT="39" CONTENT="Die" WC="0.96" CC="306"/>
						<SP ID="P7_SP00265" HPOS="1122" VPOS="2190" WIDTH="15"/>
						<String ID="P7_ST00298" HPOS="1137" VPOS="2143" WIDTH="160" HEIGHT="39" CONTENT="Wiener" WC="0.98" CC="990030"/>
						<SP ID="P7_SP00266" HPOS="1297" VPOS="2190" WIDTH="22"/>
						<String ID="P7_ST00299" HPOS="1319" VPOS="2143" WIDTH="205" HEIGHT="45" CONTENT="Secession" WC="1.00" CC="020300600"/>
						<SP ID="P7_SP00267" HPOS="1524" VPOS="2190" WIDTH="19"/>
						<String ID="P7_ST00300" HPOS="1543" VPOS="2142" WIDTH="120" HEIGHT="54" CONTENT="pflegt" WC="0.99" CC="033700"/>
						<SP ID="P7_SP00268" HPOS="1663" VPOS="2196" WIDTH="17"/>
						<String ID="P7_ST00301" HPOS="1680" VPOS="2140" WIDTH="115" HEIGHT="40" CONTENT="keine" WC="0.99" CC="04002"/>
						<SP ID="P7_SP00269" HPOS="1795" VPOS="2196" WIDTH="22"/>
						<String ID="P7_ST00302" HPOS="1817" VPOS="2139" WIDTH="158" HEIGHT="51" CONTENT="Species" WC="0.79" CC="0020650"/>
						<SP ID="P7_SP00270" HPOS="1975" VPOS="2196" WIDTH="19"/>
						<String ID="P7_ST00303" HPOS="1994" VPOS="2153" WIDTH="81" HEIGHT="24" CONTENT="von" WC="1.00" CC="000"/>
						<SP ID="P7_SP00271" HPOS="2075" VPOS="2196" WIDTH="21"/>
						<String ID="P7_ST00304" HPOS="2096" VPOS="2137" WIDTH="147" HEIGHT="45" CONTENT="Kunst," WC="0.99" CC="050053"/>
					</TextLine>
					<TextLine ID="P7_TL00034" HPOS="531" VPOS="2188" WIDTH="1713" HEIGHT="63">
						<String ID="P7_ST00305" HPOS="531" VPOS="2203" WIDTH="169" HEIGHT="40" CONTENT="sondern" WC="0.99" CC="0300170"/>
						<SP ID="P7_SP00272" HPOS="700" VPOS="2243" WIDTH="17"/>
						<String ID="P7_ST00306" HPOS="717" VPOS="2201" WIDTH="136" HEIGHT="40" CONTENT="Kunst" WC="0.99" CC="05000"/>
						<SP ID="P7_SP00273" HPOS="853" VPOS="2243" WIDTH="20"/>
						<String ID="P7_ST00307" HPOS="873" VPOS="2197" WIDTH="218" HEIGHT="50" CONTENT="überhaupt" WC="0.99" CC="005770600"/>
						<SP ID="P7_SP00274" HPOS="1091" VPOS="2247" WIDTH="20"/>
						<String ID="P7_ST00308" HPOS="1111" VPOS="2195" WIDTH="81" HEIGHT="40" CONTENT="und" WC="0.97" CC="600"/>
						<SP ID="P7_SP00275" HPOS="1192" VPOS="2247" WIDTH="16"/>
						<String ID="P7_ST00309" HPOS="1208" VPOS="2197" WIDTH="53" HEIGHT="38" CONTENT="sie" WC="0.96" CC="063"/>
						<SP ID="P7_SP00276" HPOS="1261" VPOS="2247" WIDTH="15"/>
						<String ID="P7_ST00310" HPOS="1276" VPOS="2196" WIDTH="174" HEIGHT="55" CONTENT="begnügt" WC="0.99" CC="7400000"/>
						<SP ID="P7_SP00277" HPOS="1450" VPOS="2251" WIDTH="15"/>
						<String ID="P7_ST00311" HPOS="1465" VPOS="2197" WIDTH="76" HEIGHT="44" CONTENT="sich" WC="0.98" CC="0007"/>
						<SP ID="P7_SP00278" HPOS="1541" VPOS="2251" WIDTH="16"/>
						<String ID="P7_ST00312" HPOS="1557" VPOS="2194" WIDTH="96" HEIGHT="42" CONTENT="auch" WC="1.00" CC="0000"/>
						<SP ID="P7_SP00279" HPOS="1653" VPOS="2251" WIDTH="15"/>
						<String ID="P7_ST00313" HPOS="1668" VPOS="2192" WIDTH="212" HEIGHT="41" CONTENT="dankbarst" WC="1.00" CC="000070001"/>
						<SP ID="P7_SP00280" HPOS="1880" VPOS="2251" WIDTH="15"/>
						<String ID="P7_ST00314" HPOS="1895" VPOS="2192" WIDTH="74" HEIGHT="38" CONTENT="mit" WC="1.00" CC="000"/>
						<SP ID="P7_SP00281" HPOS="1969" VPOS="2251" WIDTH="14"/>
						<String ID="P7_ST00315" HPOS="1983" VPOS="2190" WIDTH="90" HEIGHT="40" CONTENT="dem" WC="1.00" CC="000"/>
						<SP ID="P7_SP00282" HPOS="2073" VPOS="2251" WIDTH="15"/>
						<String ID="P7_ST00316" HPOS="2088" VPOS="2188" WIDTH="156" HEIGHT="40" CONTENT="kleinen" WC="1.00" CC="0600000"/>
					</TextLine>
					<TextLine ID="P7_TL00035" HPOS="531" VPOS="2241" WIDTH="1713" HEIGHT="56">
						<String ID="P7_ST00317" HPOS="531" VPOS="2256" WIDTH="138" HEIGHT="39" CONTENT="Kreise" WC="0.99" CC="050603"/>
						<SP ID="P7_SP00283" HPOS="669" VPOS="2295" WIDTH="28"/>
						<String ID="P7_ST00318" HPOS="697" VPOS="2269" WIDTH="78" HEIGHT="24" CONTENT="von" WC="0.98" CC="040"/>
						<SP ID="P7_SP00284" HPOS="775" VPOS="2295" WIDTH="30"/>
						<String ID="P7_ST00319" HPOS="805" VPOS="2248" WIDTH="338" HEIGHT="45" CONTENT="Kunstfreunden," WC="0.99" CC="06004665000304"/>
						<SP ID="P7_SP00285" HPOS="1143" VPOS="2295" WIDTH="34"/>
						<String ID="P7_ST00320" HPOS="1177" VPOS="2247" WIDTH="65" HEIGHT="40" CONTENT="der" WC="0.99" CC="020"/>
						<SP ID="P7_SP00286" HPOS="1242" VPOS="2295" WIDTH="28"/>
						<String ID="P7_ST00321" HPOS="1270" VPOS="2248" WIDTH="111" HEIGHT="41" CONTENT="ihren" WC="0.98" CC="57040"/>
						<SP ID="P7_SP00287" HPOS="1381" VPOS="2295" WIDTH="29"/>
						<String ID="P7_ST00322" HPOS="1410" VPOS="2248" WIDTH="292" HEIGHT="49" CONTENT="Bestrebungen" WC="0.99" CC="640466700000"/>
						<SP ID="P7_SP00288" HPOS="1702" VPOS="2297" WIDTH="27"/>
						<String ID="P7_ST00323" HPOS="1729" VPOS="2242" WIDTH="295" HEIGHT="42" CONTENT="ermunterndes" WC="1.00" CC="000500050050"/>
						<SP ID="P7_SP00289" HPOS="2024" VPOS="2297" WIDTH="31"/>
						<String ID="P7_ST00324" HPOS="2055" VPOS="2241" WIDTH="189" HEIGHT="39" CONTENT="Interesse" WC="0.99" CC="300303004"/>
					</TextLine>
				</TextBlock>
			</PrintSpace>
		</Page>
	</Layout>
</alto>
