<?xml version="1.0" encoding="UTF-8"?>
<alto xmlns:xsi="http://www.w3.org/2001/XMLSchema-instance" xsi:noNamespaceSchemaLocation="http://schema.ccs-gmbh.com/metae/alto-1-4.xsd" xmlns:xlink="http://www.w3.org/1999/xlink">
	<Description>
		<MeasurementUnit>mm10</MeasurementUnit>
		<sourceImageInformation>
			<fileName>//wks3/IN2/Princetonian/1896/02/01_02/PAN_1896-02-01_575.tif</fileName>
		</sourceImageInformation>
		<OCRProcessing ID="OCRPROCESSING_1">
			<preProcessingStep>
				<processingSoftware>
					<softwareCreator>CCS Content Conversion Specialists GmbH, Germany</softwareCreator>
					<softwareName>CCS docWORKS</softwareName>
					<softwareVersion>6.4-3.1</softwareVersion>
				</processingSoftware>
			</preProcessingStep>
			<ocrProcessingStep>
				<processingSoftware>
					<softwareCreator>ABBYY (BIT Software), Russia</softwareCreator>
					<softwareName>FineReader</softwareName>
					<softwareVersion>8.1</softwareVersion>
				</processingSoftware>
			</ocrProcessingStep>
		</OCRProcessing>
	</Description>
	<Styles>
		<TextStyle ID="TXT_0" FONTSIZE="9" FONTFAMILY="Times New Roman"/>
		<TextStyle ID="TXT_1" FONTSIZE="5" FONTFAMILY="Times New Roman"/>
		<TextStyle ID="TXT_2" FONTSIZE="6" FONTFAMILY="Times New Roman" FONTSTYLE="bold"/>
		<TextStyle ID="TXT_3" FONTSIZE="11" FONTFAMILY="Times New Roman"/>
		<TextStyle ID="TXT_4" FONTSIZE="6" FONTFAMILY="Arial"/>
		<ParagraphStyle ID="PAR_LEFT" ALIGN="Left"/>
		<ParagraphStyle ID="PAR_BLOCK" ALIGN="Block"/>
		<ParagraphStyle ID="PAR_RIGHT" ALIGN="Right"/>
	</Styles>
	<Layout>
		<Page ID="P99" PHYSICAL_IMG_NR="99" HEIGHT="3314" WIDTH="2575" PRINTED_IMG_NR="332" QUALITY="As in original" PC="0.762">
			<TopMargin ID="P99_TM00001" HPOS="0" VPOS="0" WIDTH="2575" HEIGHT="355"/>
			<LeftMargin ID="P99_LM00001" HPOS="0" VPOS="355" WIDTH="490" HEIGHT="2525"/>
			<RightMargin ID="P99_RM00001" HPOS="2319" VPOS="355" WIDTH="256" HEIGHT="2525"/>
			<BottomMargin ID="P99_BM00001" HPOS="0" VPOS="2880" WIDTH="2575" HEIGHT="434"/>
			<PrintSpace ID="P99_PS00001" HPOS="490" VPOS="355" WIDTH="1829" HEIGHT="2525">
				<TextBlock ID="P99_TB00001" HPOS="930" VPOS="362" WIDTH="443" HEIGHT="629" STYLEREFS="TXT_0 PAR_LEFT">
					<TextLine ID="P99_TL00001" HPOS="937" VPOS="365" WIDTH="433" HEIGHT="37">
						<String ID="P99_ST00001" HPOS="937" VPOS="374" WIDTH="61" HEIGHT="16" CONTENT="vom" WC="1.00" CC="000"/>
						<SP ID="P99_SP00001" HPOS="998" VPOS="390" WIDTH="26"/>
						<String ID="P99_ST00002" HPOS="1024" VPOS="365" WIDTH="92" HEIGHT="26" CONTENT="Herbst" WC="0.72" CC="120254"/>
						<SP ID="P99_SP00002" HPOS="1116" VPOS="391" WIDTH="35"/>
						<String ID="P99_ST00003" HPOS="1151" VPOS="366" WIDTH="70" HEIGHT="34" CONTENT="1896" WC="0.41" CC="0688"/>
						<SP ID="P99_SP00003" HPOS="1221" VPOS="400" WIDTH="31"/>
						<String ID="P99_ST00004" HPOS="1252" VPOS="366" WIDTH="48" HEIGHT="36" CONTENT="gab" WC="0.93" CC="476"/>
						<SP ID="P99_SP00004" HPOS="1300" VPOS="402" WIDTH="30"/>
						<String ID="P99_ST00005" HPOS="1330" VPOS="366" WIDTH="40" HEIGHT="27" CONTENT="em" WC="0.57" CC="07"/>
					</TextLine>
					<TextLine ID="P99_TL00002" HPOS="936" VPOS="404" WIDTH="434" HEIGHT="38">
						<String ID="P99_ST00006" HPOS="936" VPOS="410" WIDTH="70" HEIGHT="29" CONTENT="gutes" WC="0.60" CC="06634"/>
						<SP ID="P99_SP00005" HPOS="1006" VPOS="439" WIDTH="22"/>
						<String ID="P99_ST00007" HPOS="1028" VPOS="404" WIDTH="54" HEIGHT="27" CONTENT="Bild" WC="0.85" CC="0050"/>
						<SP ID="P99_SP00006" HPOS="1082" VPOS="439" WIDTH="20"/>
						<String ID="P99_ST00008" HPOS="1102" VPOS="404" WIDTH="42" HEIGHT="28" CONTENT="dcs" WC="0.77" CC="042"/>
						<SP ID="P99_SP00007" HPOS="1144" VPOS="439" WIDTH="22"/>
						<String ID="P99_ST00009" HPOS="1166" VPOS="407" WIDTH="204" HEIGHT="35" CONTENT="gegenwartigen" WC="0.71" CC="0603600621037"/>
					</TextLine>
					<TextLine ID="P99_TL00003" HPOS="936" VPOS="444" WIDTH="380" HEIGHT="38">
						<String ID="P99_ST00010" HPOS="936" VPOS="444" WIDTH="103" HEIGHT="26" CONTENT="Standes" WC="0.81" CC="0340004"/>
						<SP ID="P99_SP00008" HPOS="1039" VPOS="470" WIDTH="15"/>
						<String ID="P99_ST00011" HPOS="1054" VPOS="444" WIDTH="43" HEIGHT="26" CONTENT="der" WC="0.85" CC="021"/>
						<SP ID="P99_SP00009" HPOS="1097" VPOS="470" WIDTH="14"/>
						<String ID="P99_ST00012" HPOS="1111" VPOS="445" WIDTH="205" HEIGHT="37" CONTENT="Entwickelung." WC="0.77" CC="0040460210083"/>
					</TextLine>
					<TextLine ID="P99_TL00004" HPOS="994" VPOS="484" WIDTH="376" HEIGHT="36">
						<String ID="P99_ST00013" HPOS="994" VPOS="484" WIDTH="43" HEIGHT="25" CONTENT="Bei" WC="0.84" CC="030"/>
						<SP ID="P99_SP00010" HPOS="1037" VPOS="509" WIDTH="22"/>
						<String ID="P99_ST00014" HPOS="1059" VPOS="484" WIDTH="101" HEIGHT="26" CONTENT="vollster" WC="0.84" CC="00005303"/>
						<SP ID="P99_SP00011" HPOS="1160" VPOS="510" WIDTH="21"/>
						<String ID="P99_ST00015" HPOS="1181" VPOS="484" WIDTH="189" HEIGHT="36" CONTENT="Anerkennung" WC="0.81" CC="04048002000"/>
					</TextLine>
					<TextLine ID="P99_TL00005" HPOS="936" VPOS="522" WIDTH="434" HEIGHT="28">
						<String ID="P99_ST00016" HPOS="936" VPOS="523" WIDTH="64" HEIGHT="25" CONTENT="ihres" WC="0.86" CC="24000"/>
						<SP ID="P99_SP00012" HPOS="1000" VPOS="548" WIDTH="29"/>
						<String ID="P99_ST00017" HPOS="1029" VPOS="522" WIDTH="108" HEIGHT="27" CONTENT="Werkes" WC="0.84" CC="005030"/>
						<SP ID="P99_SP00013" HPOS="1137" VPOS="549" WIDTH="32"/>
						<String ID="P99_ST00018" HPOS="1169" VPOS="524" WIDTH="51" HEIGHT="25" CONTENT="und" WC="0.82" CC="040"/>
						<SP ID="P99_SP00014" HPOS="1220" VPOS="549" WIDTH="33"/>
						<String ID="P99_ST00019" HPOS="1253" VPOS="525" WIDTH="40" HEIGHT="25" CONTENT="dcs" WC="0.71" CC="034"/>
						<SP ID="P99_SP00015" HPOS="1293" VPOS="550" WIDTH="33"/>
						<String ID="P99_ST00020" HPOS="1326" VPOS="524" WIDTH="30" HEIGHT="26" CONTENT="be" SUBS_TYPE="HypPart1" SUBS_CONTENT="bestimmenden" WC="0.60" CC="65"/>
						<HYP HPOS="1356" VPOS="524" WIDTH="14" CONTENT="-"/>
					</TextLine>
					<TextLine ID="P99_TL00006" HPOS="935" VPOS="562" WIDTH="434" HEIGHT="31">
						<String ID="P99_ST00021" HPOS="935" VPOS="562" WIDTH="168" HEIGHT="25" CONTENT="stimmenden" SUBS_TYPE="HypPart2" SUBS_CONTENT="bestimmenden" WC="0.68" CC="3540921004"/>
						<SP ID="P99_SP00016" HPOS="1103" VPOS="587" WIDTH="34"/>
						<String ID="P99_ST00022" HPOS="1137" VPOS="563" WIDTH="145" HEIGHT="30" CONTENT="Einflusses," WC="0.70" CC="06200065334"/>
						<SP ID="P99_SP00017" HPOS="1282" VPOS="593" WIDTH="38"/>
						<String ID="P99_ST00023" HPOS="1320" VPOS="563" WIDTH="49" HEIGHT="26" CONTENT="den" WC="0.97" CC="043"/>
					</TextLine>
					<TextLine ID="P99_TL00007" HPOS="934" VPOS="602" WIDTH="435" HEIGHT="26">
						<String ID="P99_ST00024" HPOS="934" VPOS="602" WIDTH="65" HEIGHT="25" CONTENT="diese" WC="0.71" CC="04630"/>
						<SP ID="P99_SP00018" HPOS="999" VPOS="627" WIDTH="7"/>
						<String ID="P99_ST00025" HPOS="1006" VPOS="603" WIDTH="109" HEIGHT="25" CONTENT="Manner" WC="0.98" CC="062502"/>
						<SP ID="P99_SP00019" HPOS="1115" VPOS="628" WIDTH="10"/>
						<String ID="P99_ST00026" HPOS="1125" VPOS="603" WIDTH="45" HEIGHT="25" CONTENT="auf" WC="0.77" CC="600"/>
						<SP ID="P99_SP00020" HPOS="1170" VPOS="628" WIDTH="11"/>
						<String ID="P99_ST00027" HPOS="1181" VPOS="602" WIDTH="39" HEIGHT="26" CONTENT="die" WC="0.97" CC="042"/>
						<SP ID="P99_SP00021" HPOS="1220" VPOS="628" WIDTH="12"/>
						<String ID="P99_ST00028" HPOS="1232" VPOS="604" WIDTH="122" HEIGHT="24" CONTENT="Kunstent" SUBS_TYPE="HypPart1" SUBS_CONTENT="Kunstentwicklung" WC="0.75" CC="60044303"/>
						<HYP HPOS="1354" VPOS="604" WIDTH="15" CONTENT="-"/>
					</TextLine>
					<TextLine ID="P99_TL00008" HPOS="934" VPOS="641" WIDTH="434" HEIGHT="36">
						<String ID="P99_ST00029" HPOS="934" VPOS="641" WIDTH="135" HEIGHT="35" CONTENT="wicklung" SUBS_TYPE="HypPart2" SUBS_CONTENT="Kunstentwicklung" WC="0.98" CC="01000000"/>
						<SP ID="P99_SP00022" HPOS="1069" VPOS="676" WIDTH="22"/>
						<String ID="P99_ST00030" HPOS="1091" VPOS="642" WIDTH="63" HEIGHT="25" CONTENT="ihres" WC="0.64" CC="36016"/>
						<SP ID="P99_SP00023" HPOS="1154" VPOS="676" WIDTH="20"/>
						<String ID="P99_ST00031" HPOS="1174" VPOS="642" WIDTH="80" HEIGHT="25" CONTENT="Lands" WC="0.98" CC="30206"/>
						<SP ID="P99_SP00024" HPOS="1254" VPOS="676" WIDTH="22"/>
						<String ID="P99_ST00032" HPOS="1276" VPOS="642" WIDTH="92" HEIGHT="35" CONTENT="gehabt" WC="0.67" CC="007145"/>
					</TextLine>
					<TextLine ID="P99_TL00009" HPOS="934" VPOS="680" WIDTH="435" HEIGHT="30">
						<String ID="P99_ST00033" HPOS="934" VPOS="680" WIDTH="92" HEIGHT="30" CONTENT="haben," WC="0.57" CC="276404"/>
						<SP ID="P99_SP00025" HPOS="1026" VPOS="710" WIDTH="22"/>
						<String ID="P99_ST00034" HPOS="1048" VPOS="680" WIDTH="61" HEIGHT="26" CONTENT="darf" WC="0.68" CC="0209"/>
						<SP ID="P99_SP00026" HPOS="1109" VPOS="710" WIDTH="16"/>
						<String ID="P99_ST00035" HPOS="1125" VPOS="691" WIDTH="59" HEIGHT="15" CONTENT="man" WC="0.97" CC="006"/>
						<SP ID="P99_SP00027" HPOS="1184" VPOS="710" WIDTH="22"/>
						<String ID="P99_ST00036" HPOS="1206" VPOS="681" WIDTH="70" HEIGHT="25" CONTENT="nicht" WC="0.44" CC="26466"/>
						<SP ID="P99_SP00028" HPOS="1276" VPOS="710" WIDTH="20"/>
						<String ID="P99_ST00037" HPOS="1296" VPOS="681" WIDTH="61" HEIGHT="26" CONTENT="iiber" SUBS_TYPE="HypPart1" SUBS_CONTENT="iibersehen," WC="0.73" CC="70035"/>
						<HYP HPOS="1357" VPOS="681" WIDTH="12" CONTENT="-"/>
					</TextLine>
					<TextLine ID="P99_TL00010" HPOS="934" VPOS="719" WIDTH="435" HEIGHT="31">
						<String ID="P99_ST00038" HPOS="934" VPOS="719" WIDTH="87" HEIGHT="31" CONTENT="sehen," SUBS_TYPE="HypPart2" SUBS_CONTENT="iibersehen," WC="0.72" CC="073004"/>
						<SP ID="P99_SP00029" HPOS="1021" VPOS="750" WIDTH="27"/>
						<String ID="P99_ST00039" HPOS="1048" VPOS="719" WIDTH="54" HEIGHT="26" CONTENT="dafs" WC="0.83" CC="0006"/>
						<SP ID="P99_SP00030" HPOS="1102" VPOS="750" WIDTH="25"/>
						<String ID="P99_ST00040" HPOS="1127" VPOS="719" WIDTH="39" HEIGHT="26" CONTENT="ihr" WC="0.89" CC="030"/>
						<SP ID="P99_SP00031" HPOS="1166" VPOS="750" WIDTH="22"/>
						<String ID="P99_ST00041" HPOS="1188" VPOS="719" WIDTH="105" HEIGHT="27" CONTENT="Einflufs" WC="0.81" CC="06000503"/>
						<SP ID="P99_SP00032" HPOS="1293" VPOS="750" WIDTH="22"/>
						<String ID="P99_ST00042" HPOS="1315" VPOS="720" WIDTH="54" HEIGHT="26" CONTENT="cine" WC="0.58" CC="0645"/>
					</TextLine>
					<TextLine ID="P99_TL00011" HPOS="933" VPOS="758" WIDTH="436" HEIGHT="36">
						<String ID="P99_ST00043" HPOS="933" VPOS="758" WIDTH="84" HEIGHT="26" CONTENT="solche" WC="0.70" CC="140560"/>
						<SP ID="P99_SP00033" HPOS="1017" VPOS="784" WIDTH="25"/>
						<String ID="P99_ST00044" HPOS="1042" VPOS="758" WIDTH="208" HEIGHT="36" CONTENT="durchgreifende" WC="0.78" CC="02005010703603"/>
						<SP ID="P99_SP00034" HPOS="1250" VPOS="794" WIDTH="23"/>
						<String ID="P99_ST00045" HPOS="1273" VPOS="759" WIDTH="80" HEIGHT="25" CONTENT="Bedeu" SUBS_TYPE="HypPart1" SUBS_CONTENT="Bedeutung" WC="0.71" CC="53004"/>
						<HYP HPOS="1353" VPOS="759" WIDTH="16" CONTENT="-"/>
					</TextLine>
					<TextLine ID="P99_TL00012" HPOS="934" VPOS="797" WIDTH="434" HEIGHT="36">
						<String ID="P99_ST00046" HPOS="934" VPOS="805" WIDTH="63" HEIGHT="28" CONTENT="tung" SUBS_TYPE="HypPart2" SUBS_CONTENT="Bedeutung" WC="0.79" CC="4030"/>
						<SP ID="P99_SP00035" HPOS="997" VPOS="833" WIDTH="38"/>
						<String ID="P99_ST00047" HPOS="1035" VPOS="797" WIDTH="70" HEIGHT="26" CONTENT="nicht" WC="0.63" CC="56060"/>
						<SP ID="P99_SP00036" HPOS="1105" VPOS="833" WIDTH="42"/>
						<String ID="P99_ST00048" HPOS="1147" VPOS="798" WIDTH="68" HEIGHT="25" CONTENT="hatte" WC="0.75" CC="60500"/>
						<SP ID="P99_SP00037" HPOS="1215" VPOS="833" WIDTH="38"/>
						<String ID="P99_ST00049" HPOS="1253" VPOS="798" WIDTH="115" HEIGHT="35" CONTENT="erlangen" WC="0.80" CC="13330004"/>
					</TextLine>
					<TextLine ID="P99_TL00013" HPOS="933" VPOS="836" WIDTH="436" HEIGHT="30">
						<String ID="P99_ST00050" HPOS="933" VPOS="836" WIDTH="115" HEIGHT="30" CONTENT="konnen," WC="0.82" CC="0900002"/>
						<SP ID="P99_SP00038" HPOS="1048" VPOS="866" WIDTH="18"/>
						<String ID="P99_ST00051" HPOS="1066" VPOS="836" WIDTH="87" HEIGHT="26" CONTENT="hatten" WC="0.62" CC="603506"/>
						<SP ID="P99_SP00039" HPOS="1153" VPOS="866" WIDTH="22"/>
						<String ID="P99_ST00052" HPOS="1175" VPOS="837" WIDTH="34" HEIGHT="25" CONTENT="sic" WC="0.81" CC="320"/>
						<SP ID="P99_SP00040" HPOS="1209" VPOS="866" WIDTH="20"/>
						<String ID="P99_ST00053" HPOS="1229" VPOS="837" WIDTH="70" HEIGHT="26" CONTENT="nicht" WC="0.54" CC="25446"/>
						<SP ID="P99_SP00041" HPOS="1299" VPOS="866" WIDTH="21"/>
						<String ID="P99_ST00054" HPOS="1320" VPOS="837" WIDTH="49" HEIGHT="26" CONTENT="den" WC="0.98" CC="004"/>
					</TextLine>
					<TextLine ID="P99_TL00014" HPOS="933" VPOS="874" WIDTH="436" HEIGHT="27">
						<String ID="P99_ST00055" HPOS="933" VPOS="875" WIDTH="86" HEIGHT="26" CONTENT="Boden" WC="0.83" CC="31002"/>
						<SP ID="P99_SP00042" HPOS="1019" VPOS="901" WIDTH="6"/>
						<String ID="P99_ST00056" HPOS="1025" VPOS="885" WIDTH="27" HEIGHT="15" CONTENT="so" WC="0.54" CC="62"/>
						<SP ID="P99_SP00043" HPOS="1052" VPOS="901" WIDTH="7"/>
						<String ID="P99_ST00057" HPOS="1059" VPOS="874" WIDTH="156" HEIGHT="27" CONTENT="vortrefFlich" WC="0.68" CC="031520067405"/>
						<SP ID="P99_SP00044" HPOS="1215" VPOS="901" WIDTH="7"/>
						<String ID="P99_ST00058" HPOS="1222" VPOS="875" WIDTH="147" HEIGHT="26" CONTENT="vorbereitet" WC="0.74" CC="04460100504"/>
					</TextLine>
					<TextLine ID="P99_TL00015" HPOS="934" VPOS="913" WIDTH="434" HEIGHT="37">
						<String ID="P99_ST00059" HPOS="934" VPOS="913" WIDTH="136" HEIGHT="37" CONTENT="gefunden." WC="0.96" CC="000000300"/>
						<SP ID="P99_SP00045" HPOS="1070" VPOS="950" WIDTH="22"/>
						<String ID="P99_ST00060" HPOS="1092" VPOS="916" WIDTH="48" HEIGHT="23" CONTENT="Das" WC="0.96" CC="065"/>
						<SP ID="P99_SP00046" HPOS="1140" VPOS="950" WIDTH="13"/>
						<String ID="P99_ST00061" HPOS="1153" VPOS="914" WIDTH="130" HEIGHT="26" CONTENT="Verdienst" WC="0.83" CC="030030213"/>
						<SP ID="P99_SP00047" HPOS="1283" VPOS="950" WIDTH="11"/>
						<String ID="P99_ST00062" HPOS="1294" VPOS="914" WIDTH="74" HEIGHT="26" CONTENT="dafiir" WC="0.82" CC="020071"/>
					</TextLine>
					<TextLine ID="P99_TL00016" HPOS="933" VPOS="953" WIDTH="379" HEIGHT="36">
						<String ID="P99_ST00063" HPOS="933" VPOS="953" WIDTH="108" HEIGHT="36" CONTENT="gebiihrt" WC="0.71" CC="02206505"/>
						<SP ID="P99_SP00048" HPOS="1041" VPOS="989" WIDTH="15"/>
						<String ID="P99_ST00064" HPOS="1056" VPOS="953" WIDTH="48" HEIGHT="26" CONTENT="den" WC="0.98" CC="006"/>
						<SP ID="P99_SP00049" HPOS="1104" VPOS="989" WIDTH="15"/>
						<String ID="P99_ST00065" HPOS="1119" VPOS="953" WIDTH="193" HEIGHT="27" CONTENT="Kunstschulen." WC="0.72" CC="0067045700050"/>
					</TextLine>
				</TextBlock>
				<TextBlock ID="P99_TB00002" HPOS="492" VPOS="1105" WIDTH="879" HEIGHT="1607" STYLEREFS="TXT_0 PAR_BLOCK">
					<TextLine ID="P99_TL00017" HPOS="994" VPOS="1109" WIDTH="375" HEIGHT="26">
						<String ID="P99_ST00066" HPOS="994" VPOS="1111" WIDTH="50" HEIGHT="24" CONTENT="Der" WC="1.00" CC="000"/>
						<SP ID="P99_SP00050" HPOS="1044" VPOS="1135" WIDTH="20"/>
						<String ID="P99_ST00067" HPOS="1064" VPOS="1109" WIDTH="106" HEIGHT="26" CONTENT="leitendc" WC="0.76" CC="04660002"/>
						<SP ID="P99_SP00051" HPOS="1170" VPOS="1135" WIDTH="20"/>
						<String ID="P99_ST00068" HPOS="1190" VPOS="1109" WIDTH="120" HEIGHT="26" CONTENT="Gedanke" WC="0.85" CC="0600201"/>
						<SP ID="P99_SP00052" HPOS="1310" VPOS="1135" WIDTH="18"/>
						<String ID="P99_ST00069" HPOS="1328" VPOS="1109" WIDTH="41" HEIGHT="26" CONTENT="fiir" WC="0.54" CC="9700"/>
					</TextLine>
					<TextLine ID="P99_TL00018" HPOS="499" VPOS="1149" WIDTH="868" HEIGHT="36">
						<String ID="P99_ST00070" HPOS="499" VPOS="1149" WIDTH="40" HEIGHT="26" CONTENT="die" WC="0.98" CC="060"/>
						<SP ID="P99_SP00053" HPOS="539" VPOS="1175" WIDTH="16"/>
						<String ID="P99_ST00071" HPOS="555" VPOS="1149" WIDTH="151" HEIGHT="36" CONTENT="Errichtung" WC="0.78" CC="1005065030"/>
						<SP ID="P99_SP00054" HPOS="706" VPOS="1185" WIDTH="13"/>
						<String ID="P99_ST00072" HPOS="719" VPOS="1160" WIDTH="49" HEIGHT="16" CONTENT="yon" WC="0.98" CC="004"/>
						<SP ID="P99_SP00055" HPOS="768" VPOS="1185" WIDTH="17"/>
						<String ID="P99_ST00073" HPOS="785" VPOS="1149" WIDTH="225" HEIGHT="27" CONTENT="Kunstschulen" WC="0.75" CC="022336460000"/>
						<SP ID="P99_SP00056" HPOS="1010" VPOS="1185" WIDTH="16"/>
						<String ID="P99_ST00074" HPOS="1026" VPOS="1158" WIDTH="55" HEIGHT="16" CONTENT="war" WC="0.92" CC="965"/>
						<SP ID="P99_SP00057" HPOS="1081" VPOS="1185" WIDTH="14"/>
						<String ID="P99_ST00075" HPOS="1095" VPOS="1149" WIDTH="119" HEIGHT="25" CONTENT="zunachst" WC="0.59" CC="62402545"/>
						<SP ID="P99_SP00058" HPOS="1214" VPOS="1185" WIDTH="14"/>
						<String ID="P99_ST00076" HPOS="1228" VPOS="1149" WIDTH="53" HEIGHT="25" CONTENT="rein" WC="0.98" CC="0071"/>
						<SP ID="P99_SP00059" HPOS="1281" VPOS="1185" WIDTH="14"/>
						<String ID="P99_ST00077" HPOS="1295" VPOS="1149" WIDTH="58" HEIGHT="25" CONTENT="wirt" SUBS_TYPE="HypPart1" SUBS_CONTENT="wirtschaftlicher" WC="0.78" CC="0306"/>
						<HYP HPOS="1353" VPOS="1149" WIDTH="14" CONTENT="-"/>
					</TextLine>
					<TextLine ID="P99_TL00019" HPOS="499" VPOS="1187" WIDTH="869" HEIGHT="36">
						<String ID="P99_ST00078" HPOS="499" VPOS="1187" WIDTH="160" HEIGHT="28" CONTENT="schaftlicher" SUBS_TYPE="HypPart2" SUBS_CONTENT="wirtschaftlicher" WC="0.66" CC="525503063710"/>
						<SP ID="P99_SP00060" HPOS="659" VPOS="1215" WIDTH="20"/>
						<String ID="P99_ST00079" HPOS="679" VPOS="1191" WIDTH="94" HEIGHT="24" CONTENT="Natur." WC="0.84" CC="023300"/>
						<SP ID="P99_SP00061" HPOS="773" VPOS="1215" WIDTH="35"/>
						<String ID="P99_ST00080" HPOS="808" VPOS="1189" WIDTH="47" HEIGHT="26" CONTENT="Die" WC="0.98" CC="004"/>
						<SP ID="P99_SP00062" HPOS="855" VPOS="1215" WIDTH="22"/>
						<String ID="P99_ST00081" HPOS="877" VPOS="1191" WIDTH="34" HEIGHT="24" CONTENT="im" WC="0.84" CC="30"/>
						<SP ID="P99_SP00063" HPOS="911" VPOS="1215" WIDTH="20"/>
						<String ID="P99_ST00082" HPOS="931" VPOS="1189" WIDTH="72" HEIGHT="34" CONTENT="Jahre" WC="0.77" CC="06400"/>
						<SP ID="P99_SP00064" HPOS="1003" VPOS="1223" WIDTH="24"/>
						<String ID="P99_ST00083" HPOS="1027" VPOS="1188" WIDTH="70" HEIGHT="33" CONTENT="1836" WC="0.55" CC="0088"/>
						<SP ID="P99_SP00065" HPOS="1097" VPOS="1223" WIDTH="22"/>
						<String ID="P99_ST00084" HPOS="1119" VPOS="1188" WIDTH="147" HEIGHT="35" CONTENT="eingesetzte" WC="0.70" CC="05401304604"/>
						<SP ID="P99_SP00066" HPOS="1266" VPOS="1223" WIDTH="20"/>
						<String ID="P99_ST00085" HPOS="1286" VPOS="1188" WIDTH="69" HEIGHT="26" CONTENT="Parla" SUBS_TYPE="HypPart1" SUBS_CONTENT="Parlamentskommission," WC="0.88" CC="00007"/>
						<HYP HPOS="1355" VPOS="1188" WIDTH="13" CONTENT="-"/>
					</TextLine>
					<TextLine ID="P99_TL00020" HPOS="499" VPOS="1226" WIDTH="868" HEIGHT="36">
						<String ID="P99_ST00086" HPOS="499" VPOS="1227" WIDTH="260" HEIGHT="32" CONTENT="mentskommission," SUBS_TYPE="HypPart2" SUBS_CONTENT="Parlamentskommission," WC="0.69" CC="0547000506446003"/>
						<SP ID="P99_SP00067" HPOS="759" VPOS="1259" WIDTH="15"/>
						<String ID="P99_ST00087" HPOS="774" VPOS="1229" WIDTH="39" HEIGHT="25" CONTENT="die" WC="0.96" CC="036"/>
						<SP ID="P99_SP00068" HPOS="813" VPOS="1259" WIDTH="19"/>
						<String ID="P99_ST00088" HPOS="832" VPOS="1229" WIDTH="47" HEIGHT="25" CONTENT="den" WC="0.96" CC="045"/>
						<SP ID="P99_SP00069" HPOS="879" VPOS="1259" WIDTH="15"/>
						<String ID="P99_ST00089" HPOS="894" VPOS="1228" WIDTH="61" HEIGHT="26" CONTENT="Plan" WC="0.94" CC="5876"/>
						<SP ID="P99_SP00070" HPOS="955" VPOS="1259" WIDTH="14"/>
						<String ID="P99_ST00090" HPOS="969" VPOS="1237" WIDTH="43" HEIGHT="17" CONTENT="zur" WC="0.79" CC="600"/>
						<SP ID="P99_SP00071" HPOS="1012" VPOS="1259" WIDTH="15"/>
						<String ID="P99_ST00091" HPOS="1027" VPOS="1227" WIDTH="151" HEIGHT="35" CONTENT="Errichtung" WC="0.89" CC="0010063000"/>
						<SP ID="P99_SP00072" HPOS="1178" VPOS="1262" WIDTH="15"/>
						<String ID="P99_ST00092" HPOS="1193" VPOS="1226" WIDTH="66" HEIGHT="26" CONTENT="einer" WC="0.74" CC="14060"/>
						<SP ID="P99_SP00073" HPOS="1259" VPOS="1262" WIDTH="15"/>
						<String ID="P99_ST00093" HPOS="1274" VPOS="1229" WIDTH="78" HEIGHT="24" CONTENT="Kunst" SUBS_TYPE="HypPart1" SUBS_CONTENT="Kunstschule" WC="0.85" CC="00022"/>
						<HYP HPOS="1352" VPOS="1229" WIDTH="15" CONTENT="-"/>
					</TextLine>
					<TextLine ID="P99_TL00021" HPOS="498" VPOS="1265" WIDTH="866" HEIGHT="33">
						<String ID="P99_ST00094" HPOS="498" VPOS="1267" WIDTH="85" HEIGHT="26" CONTENT="schule" SUBS_TYPE="HypPart2" SUBS_CONTENT="Kunstschule" WC="0.81" CC="006400"/>
						<SP ID="P99_SP00074" HPOS="583" VPOS="1293" WIDTH="20"/>
						<String ID="P99_ST00095" HPOS="603" VPOS="1277" WIDTH="30" HEIGHT="16" CONTENT="zu" WC="0.67" CC="60"/>
						<SP ID="P99_SP00075" HPOS="633" VPOS="1293" WIDTH="16"/>
						<String ID="P99_ST00096" HPOS="649" VPOS="1267" WIDTH="98" HEIGHT="26" CONTENT="beraten" WC="0.69" CC="0407504"/>
						<SP ID="P99_SP00076" HPOS="747" VPOS="1293" WIDTH="17"/>
						<String ID="P99_ST00097" HPOS="764" VPOS="1268" WIDTH="81" HEIGHT="30" CONTENT="hatte," WC="0.48" CC="664534"/>
						<SP ID="P99_SP00077" HPOS="845" VPOS="1298" WIDTH="18"/>
						<String ID="P99_ST00098" HPOS="863" VPOS="1268" WIDTH="80" HEIGHT="26" CONTENT="stellte" WC="0.65" CC="4440460"/>
						<SP ID="P99_SP00078" HPOS="943" VPOS="1298" WIDTH="20"/>
						<String ID="P99_ST00099" HPOS="963" VPOS="1267" WIDTH="25" HEIGHT="25" CONTENT="in" WC="0.73" CC="04"/>
						<SP ID="P99_SP00079" HPOS="988" VPOS="1298" WIDTH="20"/>
						<String ID="P99_ST00100" HPOS="1008" VPOS="1267" WIDTH="80" HEIGHT="25" CONTENT="ihrem" WC="0.69" CC="54400"/>
						<SP ID="P99_SP00080" HPOS="1088" VPOS="1298" WIDTH="21"/>
						<String ID="P99_ST00101" HPOS="1109" VPOS="1265" WIDTH="98" HEIGHT="27" CONTENT="Bericht" WC="0.77" CC="0005054"/>
						<SP ID="P99_SP00081" HPOS="1207" VPOS="1298" WIDTH="16"/>
						<String ID="P99_ST00102" HPOS="1223" VPOS="1265" WIDTH="57" HEIGHT="31" CONTENT="fest," WC="0.78" CC="00414"/>
						<SP ID="P99_SP00082" HPOS="1280" VPOS="1298" WIDTH="22"/>
						<String ID="P99_ST00103" HPOS="1302" VPOS="1266" WIDTH="62" HEIGHT="31" CONTENT="dafs," WC="0.82" CC="00053"/>
					</TextLine>
					<TextLine ID="P99_TL00022" HPOS="499" VPOS="1305" WIDTH="865" HEIGHT="37">
						<String ID="P99_ST00104" HPOS="499" VPOS="1305" WIDTH="97" HEIGHT="37" CONTENT="infolge" WC="0.91" CC="6000000"/>
						<SP ID="P99_SP00083" HPOS="596" VPOS="1342" WIDTH="15"/>
						<String ID="P99_ST00105" HPOS="611" VPOS="1306" WIDTH="40" HEIGHT="26" CONTENT="dcs" WC="0.77" CC="024"/>
						<SP ID="P99_SP00084" HPOS="651" VPOS="1342" WIDTH="16"/>
						<String ID="P99_ST00106" HPOS="667" VPOS="1305" WIDTH="76" HEIGHT="27" CONTENT="tiefen" WC="0.61" CC="456041"/>
						<SP ID="P99_SP00085" HPOS="743" VPOS="1342" WIDTH="8"/>
						<String ID="P99_ST00107" HPOS="751" VPOS="1307" WIDTH="88" HEIGHT="26" CONTENT="Stands" WC="0.99" CC="020602"/>
						<SP ID="P99_SP00086" HPOS="839" VPOS="1342" WIDTH="12"/>
						<String ID="P99_ST00108" HPOS="851" VPOS="1307" WIDTH="42" HEIGHT="26" CONTENT="dcs" WC="0.77" CC="015"/>
						<SP ID="P99_SP00087" HPOS="893" VPOS="1342" WIDTH="15"/>
						<String ID="P99_ST00109" HPOS="908" VPOS="1305" WIDTH="279" HEIGHT="28" CONTENT="Zeichen-Unterrichts" WC="0.68" CC="0045663005200050676"/>
						<SP ID="P99_SP00088" HPOS="1187" VPOS="1342" WIDTH="17"/>
						<String ID="P99_ST00110" HPOS="1204" VPOS="1306" WIDTH="23" HEIGHT="25" CONTENT="in" WC="1.00" CC="00"/>
						<SP ID="P99_SP00089" HPOS="1227" VPOS="1342" WIDTH="16"/>
						<String ID="P99_ST00111" HPOS="1243" VPOS="1305" WIDTH="121" HEIGHT="36" CONTENT="England," WC="0.98" CC="03536504"/>
					</TextLine>
					<TextLine ID="P99_TL00023" HPOS="498" VPOS="1344" WIDTH="867" HEIGHT="38">
						<String ID="P99_ST00112" HPOS="498" VPOS="1346" WIDTH="40" HEIGHT="25" CONTENT="bei" WC="0.46" CC="654"/>
						<SP ID="P99_SP00090" HPOS="538" VPOS="1371" WIDTH="24"/>
						<String ID="P99_ST00113" HPOS="562" VPOS="1346" WIDTH="58" HEIGHT="26" CONTENT="dem" WC="1.00" CC="000"/>
						<SP ID="P99_SP00091" HPOS="620" VPOS="1372" WIDTH="26"/>
						<String ID="P99_ST00114" HPOS="646" VPOS="1346" WIDTH="143" HEIGHT="35" CONTENT="ganzlichen" WC="0.70" CC="0507060540"/>
						<SP ID="P99_SP00092" HPOS="789" VPOS="1381" WIDTH="22"/>
						<String ID="P99_ST00115" HPOS="811" VPOS="1347" WIDTH="104" HEIGHT="35" CONTENT="Mangel" WC="0.99" CC="070050"/>
						<SP ID="P99_SP00093" HPOS="915" VPOS="1382" WIDTH="24"/>
						<String ID="P99_ST00116" HPOS="939" VPOS="1346" WIDTH="141" HEIGHT="35" CONTENT="geeigneter" WC="0.77" CC="0005027041"/>
						<SP ID="P99_SP00094" HPOS="1080" VPOS="1382" WIDTH="24"/>
						<String ID="P99_ST00117" HPOS="1104" VPOS="1344" WIDTH="120" HEIGHT="31" CONTENT="Schulen," WC="0.73" CC="03700333"/>
						<SP ID="P99_SP00095" HPOS="1224" VPOS="1382" WIDTH="27"/>
						<String ID="P99_ST00118" HPOS="1251" VPOS="1345" WIDTH="25" HEIGHT="25" CONTENT="in" WC="0.49" CC="54"/>
						<SP ID="P99_SP00096" HPOS="1276" VPOS="1382" WIDTH="25"/>
						<String ID="P99_ST00119" HPOS="1301" VPOS="1345" WIDTH="64" HEIGHT="26" CONTENT="alien" WC="0.97" CC="56343"/>
					</TextLine>
					<TextLine ID="P99_TL00024" HPOS="498" VPOS="1383" WIDTH="867" HEIGHT="37">
						<String ID="P99_ST00120" HPOS="498" VPOS="1385" WIDTH="145" HEIGHT="35" CONTENT="englischen" WC="0.75" CC="0003750602"/>
						<SP ID="P99_SP00097" HPOS="643" VPOS="1420" WIDTH="14"/>
						<String ID="P99_ST00121" HPOS="657" VPOS="1386" WIDTH="121" HEIGHT="26" CONTENT="Fabriken" WC="0.67" CC="27601060"/>
						<SP ID="P99_SP00098" HPOS="778" VPOS="1420" WIDTH="14"/>
						<String ID="P99_ST00122" HPOS="792" VPOS="1385" WIDTH="169" HEIGHT="27" CONTENT="franzosische" WC="0.63" CC="000079366450"/>
						<SP ID="P99_SP00099" HPOS="961" VPOS="1420" WIDTH="17"/>
						<String ID="P99_ST00123" HPOS="978" VPOS="1385" WIDTH="54" HEIGHT="25" CONTENT="uud" WC="0.74" CC="160"/>
						<SP ID="P99_SP00100" HPOS="1032" VPOS="1420" WIDTH="19"/>
						<String ID="P99_ST00124" HPOS="1051" VPOS="1383" WIDTH="119" HEIGHT="26" CONTENT="deutsche" WC="0.59" CC="76005660"/>
						<SP ID="P99_SP00101" HPOS="1170" VPOS="1420" WIDTH="15"/>
						<String ID="P99_ST00125" HPOS="1185" VPOS="1385" WIDTH="121" HEIGHT="25" CONTENT="Zeichner" WC="0.73" CC="12006325"/>
						<SP ID="P99_SP00102" HPOS="1306" VPOS="1420" WIDTH="17"/>
						<String ID="P99_ST00126" HPOS="1323" VPOS="1385" WIDTH="28" HEIGHT="25" CONTENT="be" SUBS_TYPE="HypPart1" SUBS_CONTENT="beschaftigt" WC="0.55" CC="67"/>
						<HYP HPOS="1351" VPOS="1385" WIDTH="14" CONTENT="-"/>
					</TextLine>
					<TextLine ID="P99_TL00025" HPOS="498" VPOS="1423" WIDTH="866" HEIGHT="37">
						<String ID="P99_ST00127" HPOS="498" VPOS="1423" WIDTH="120" HEIGHT="37" CONTENT="schaftigt" SUBS_TYPE="HypPart2" SUBS_CONTENT="beschaftigt" WC="0.82" CC="400500005"/>
						<SP ID="P99_SP00103" HPOS="618" VPOS="1460" WIDTH="18"/>
						<String ID="P99_ST00128" HPOS="636" VPOS="1425" WIDTH="117" HEIGHT="31" CONTENT="wurden;" WC="0.92" CC="0000500"/>
						<SP ID="P99_SP00104" HPOS="753" VPOS="1460" WIDTH="21"/>
						<String ID="P99_ST00129" HPOS="774" VPOS="1425" WIDTH="54" HEIGHT="26" CONTENT="dafs" WC="0.71" CC="0704"/>
						<SP ID="P99_SP00105" HPOS="828" VPOS="1460" WIDTH="22"/>
						<String ID="P99_ST00130" HPOS="850" VPOS="1425" WIDTH="89" HEIGHT="26" CONTENT="zudem" WC="0.78" CC="62010"/>
						<SP ID="P99_SP00106" HPOS="939" VPOS="1460" WIDTH="21"/>
						<String ID="P99_ST00131" HPOS="960" VPOS="1423" WIDTH="107" HEIGHT="36" CONTENT="jiihrlich" WC="0.62" CC="047501706"/>
						<SP ID="P99_SP00107" HPOS="1067" VPOS="1460" WIDTH="18"/>
						<String ID="P99_ST00132" HPOS="1085" VPOS="1424" WIDTH="142" HEIGHT="34" CONTENT="ungeheure" WC="0.79" CC="000364201"/>
						<SP ID="P99_SP00108" HPOS="1227" VPOS="1460" WIDTH="19"/>
						<String ID="P99_ST00133" HPOS="1246" VPOS="1425" WIDTH="118" HEIGHT="24" CONTENT="Summen" WC="0.91" CC="000202"/>
					</TextLine>
					<TextLine ID="P99_TL00026" HPOS="498" VPOS="1461" WIDTH="866" HEIGHT="37">
						<String ID="P99_ST00134" HPOS="498" VPOS="1464" WIDTH="65" HEIGHT="26" CONTENT="nach" WC="0.73" CC="5005"/>
						<SP ID="P99_SP00109" HPOS="563" VPOS="1490" WIDTH="19"/>
						<String ID="P99_ST00135" HPOS="582" VPOS="1463" WIDTH="159" HEIGHT="32" CONTENT="Frankreich," WC="0.83" CC="10120004052"/>
						<SP ID="P99_SP00110" HPOS="741" VPOS="1495" WIDTH="22"/>
						<String ID="P99_ST00136" HPOS="763" VPOS="1465" WIDTH="65" HEIGHT="25" CONTENT="nach" WC="0.49" CC="4356"/>
						<SP ID="P99_SP00111" HPOS="828" VPOS="1495" WIDTH="20"/>
						<String ID="P99_ST00137" HPOS="848" VPOS="1466" WIDTH="96" HEIGHT="32" CONTENT="Bayern" WC="0.83" CC="040023"/>
						<SP ID="P99_SP00112" HPOS="944" VPOS="1498" WIDTH="22"/>
						<String ID="P99_ST00138" HPOS="966" VPOS="1463" WIDTH="51" HEIGHT="26" CONTENT="und" WC="0.81" CC="050"/>
						<SP ID="P99_SP00113" HPOS="1017" VPOS="1498" WIDTH="21"/>
						<String ID="P99_ST00139" HPOS="1038" VPOS="1461" WIDTH="116" HEIGHT="27" CONTENT="Preufscn" WC="0.68" CC="64310224"/>
						<SP ID="P99_SP00114" HPOS="1154" VPOS="1498" WIDTH="22"/>
						<String ID="P99_ST00140" HPOS="1176" VPOS="1463" WIDTH="105" HEIGHT="34" CONTENT="gingen," WC="0.74" CC="0130354"/>
						<SP ID="P99_SP00115" HPOS="1281" VPOS="1498" WIDTH="27"/>
						<String ID="P99_ST00141" HPOS="1308" VPOS="1473" WIDTH="56" HEIGHT="16" CONTENT="zum" WC="0.66" CC="450"/>
					</TextLine>
					<TextLine ID="P99_TL00027" HPOS="498" VPOS="1502" WIDTH="866" HEIGHT="36">
						<String ID="P99_ST00142" HPOS="498" VPOS="1502" WIDTH="110" HEIGHT="27" CONTENT="Ankauf" WC="0.69" CC="050760"/>
						<SP ID="P99_SP00116" HPOS="608" VPOS="1529" WIDTH="14"/>
						<String ID="P99_ST00143" HPOS="622" VPOS="1513" WIDTH="77" HEIGHT="16" CONTENT="never" WC="0.93" CC="00300"/>
						<SP ID="P99_SP00117" HPOS="699" VPOS="1529" WIDTH="13"/>
						<String ID="P99_ST00144" HPOS="712" VPOS="1505" WIDTH="98" HEIGHT="24" CONTENT="Muster" WC="0.99" CC="003400"/>
						<SP ID="P99_SP00118" HPOS="810" VPOS="1529" WIDTH="19"/>
						<String ID="P99_ST00145" HPOS="829" VPOS="1503" WIDTH="51" HEIGHT="26" CONTENT="und" WC="0.95" CC="010"/>
						<SP ID="P99_SP00119" HPOS="880" VPOS="1529" WIDTH="15"/>
						<String ID="P99_ST00146" HPOS="895" VPOS="1502" WIDTH="134" HEIGHT="36" CONTENT="Vorlagen." WC="0.85" CC="001060130"/>
						<SP ID="P99_SP00120" HPOS="1029" VPOS="1538" WIDTH="26"/>
						<String ID="P99_ST00147" HPOS="1055" VPOS="1502" WIDTH="46" HEIGHT="25" CONTENT="Die" WC="0.96" CC="344"/>
						<SP ID="P99_SP00121" HPOS="1101" VPOS="1538" WIDTH="18"/>
						<String ID="P99_ST00148" HPOS="1119" VPOS="1502" WIDTH="140" HEIGHT="35" CONTENT="Engliinder" WC="0.73" CC="0400740082"/>
						<SP ID="P99_SP00122" HPOS="1259" VPOS="1538" WIDTH="22"/>
						<String ID="P99_ST00149" HPOS="1281" VPOS="1513" WIDTH="83" HEIGHT="16" CONTENT="waren" WC="0.83" CC="06010"/>
					</TextLine>
					<TextLine ID="P99_TL00028" HPOS="497" VPOS="1540" WIDTH="867" HEIGHT="38">
						<String ID="P99_ST00150" HPOS="497" VPOS="1541" WIDTH="195" HEIGHT="27" CONTENT="wirtschaftlich" WC="0.79" CC="00140060040606"/>
						<SP ID="P99_SP00123" HPOS="692" VPOS="1568" WIDTH="23"/>
						<String ID="P99_ST00151" HPOS="715" VPOS="1552" WIDTH="91" HEIGHT="26" CONTENT="genug," WC="0.79" CC="053004"/>
						<SP ID="P99_SP00124" HPOS="806" VPOS="1578" WIDTH="25"/>
						<String ID="P99_ST00152" HPOS="831" VPOS="1552" WIDTH="45" HEIGHT="16" CONTENT="urn" WC="1.00" CC="000"/>
						<SP ID="P99_SP00125" HPOS="876" VPOS="1578" WIDTH="26"/>
						<String ID="P99_ST00153" HPOS="902" VPOS="1552" WIDTH="31" HEIGHT="16" CONTENT="zu" WC="0.70" CC="50"/>
						<SP ID="P99_SP00126" HPOS="933" VPOS="1578" WIDTH="21"/>
						<String ID="P99_ST00154" HPOS="954" VPOS="1542" WIDTH="87" HEIGHT="30" CONTENT="sehen," WC="0.73" CC="430404"/>
						<SP ID="P99_SP00127" HPOS="1041" VPOS="1578" WIDTH="23"/>
						<String ID="P99_ST00155" HPOS="1064" VPOS="1541" WIDTH="97" HEIGHT="26" CONTENT="welche" WC="0.77" CC="003064"/>
						<SP ID="P99_SP00128" HPOS="1161" VPOS="1578" WIDTH="21"/>
						<String ID="P99_ST00156" HPOS="1182" VPOS="1540" WIDTH="119" HEIGHT="27" CONTENT="Einbufse" WC="0.64" CC="05365052"/>
						<SP ID="P99_SP00129" HPOS="1301" VPOS="1578" WIDTH="21"/>
						<String ID="P99_ST00157" HPOS="1322" VPOS="1541" WIDTH="42" HEIGHT="27" CONTENT="das" WC="0.96" CC="064"/>
					</TextLine>
					<TextLine ID="P99_TL00029" HPOS="497" VPOS="1576" WIDTH="867" HEIGHT="41">
						<String ID="P99_ST00158" HPOS="497" VPOS="1581" WIDTH="261" HEIGHT="36" CONTENT="Nationalvermiigen" WC="0.67" CC="06550700040088027"/>
						<SP ID="P99_SP00130" HPOS="758" VPOS="1617" WIDTH="21"/>
						<String ID="P99_ST00159" HPOS="779" VPOS="1576" WIDTH="111" HEIGHT="31" CONTENT="dadurch" WC="0.66" CC="9502005"/>
						<SP ID="P99_SP00131" HPOS="890" VPOS="1617" WIDTH="16"/>
						<String ID="P99_ST00160" HPOS="906" VPOS="1580" WIDTH="78" HEIGHT="32" CONTENT="erlitt;" WC="0.84" CC="2004400"/>
						<SP ID="P99_SP00132" HPOS="984" VPOS="1617" WIDTH="23"/>
						<String ID="P99_ST00161" HPOS="1007" VPOS="1579" WIDTH="51" HEIGHT="28" CONTENT="und" WC="0.77" CC="060"/>
						<SP ID="P99_SP00133" HPOS="1058" VPOS="1617" WIDTH="18"/>
						<String ID="P99_ST00162" HPOS="1076" VPOS="1581" WIDTH="78" HEIGHT="26" CONTENT="schon" WC="0.62" CC="51740"/>
						<SP ID="P99_SP00134" HPOS="1154" VPOS="1617" WIDTH="20"/>
						<String ID="P99_ST00163" HPOS="1174" VPOS="1581" WIDTH="35" HEIGHT="25" CONTENT="im" WC="1.00" CC="00"/>
						<SP ID="P99_SP00135" HPOS="1209" VPOS="1617" WIDTH="19"/>
						<String ID="P99_ST00164" HPOS="1228" VPOS="1579" WIDTH="136" HEIGHT="37" CONTENT="folgenden" WC="0.87" CC="000006004"/>
					</TextLine>
					<TextLine ID="P99_TL00030" HPOS="496" VPOS="1620" WIDTH="868" HEIGHT="34">
						<String ID="P99_ST00165" HPOS="496" VPOS="1621" WIDTH="73" HEIGHT="33" CONTENT="Jahre" WC="0.68" CC="06530"/>
						<SP ID="P99_SP00136" HPOS="569" VPOS="1654" WIDTH="28"/>
						<String ID="P99_ST00166" HPOS="597" VPOS="1620" WIDTH="88" HEIGHT="26" CONTENT="wurde" WC="0.97" CC="00001"/>
						<SP ID="P99_SP00137" HPOS="685" VPOS="1654" WIDTH="28"/>
						<String ID="P99_ST00167" HPOS="713" VPOS="1621" WIDTH="56" HEIGHT="25" CONTENT="cine" WC="0.90" CC="0030"/>
						<SP ID="P99_SP00138" HPOS="769" VPOS="1654" WIDTH="29"/>
						<String ID="P99_ST00168" HPOS="798" VPOS="1620" WIDTH="196" HEIGHT="26" CONTENT="Zeichenschule" WC="0.75" CC="0070600515104"/>
						<SP ID="P99_SP00139" HPOS="994" VPOS="1654" WIDTH="27"/>
						<String ID="P99_ST00169" HPOS="1021" VPOS="1621" WIDTH="26" HEIGHT="25" CONTENT="in" WC="0.72" CC="23"/>
						<SP ID="P99_SP00140" HPOS="1047" VPOS="1654" WIDTH="29"/>
						<String ID="P99_ST00170" HPOS="1076" VPOS="1622" WIDTH="123" HEIGHT="24" CONTENT="Somerset" WC="1.00" CC="00030400"/>
						<SP ID="P99_SP00141" HPOS="1199" VPOS="1654" WIDTH="24"/>
						<String ID="P99_ST00171" HPOS="1223" VPOS="1621" WIDTH="87" HEIGHT="25" CONTENT="House" WC="0.99" CC="50040"/>
						<SP ID="P99_SP00142" HPOS="1310" VPOS="1654" WIDTH="29"/>
						<String ID="P99_ST00172" HPOS="1339" VPOS="1621" WIDTH="25" HEIGHT="25" CONTENT="in" WC="0.46" CC="36"/>
					</TextLine>
					<TextLine ID="P99_TL00031" HPOS="497" VPOS="1658" WIDTH="868" HEIGHT="38">
						<String ID="P99_ST00173" HPOS="497" VPOS="1659" WIDTH="110" HEIGHT="26" CONTENT="London" WC="1.00" CC="200002"/>
						<SP ID="P99_SP00143" HPOS="607" VPOS="1685" WIDTH="27"/>
						<String ID="P99_ST00174" HPOS="634" VPOS="1660" WIDTH="117" HEIGHT="25" CONTENT="errichtet" WC="0.83" CC="005003005"/>
						<SP ID="P99_SP00144" HPOS="751" VPOS="1685" WIDTH="24"/>
						<String ID="P99_ST00175" HPOS="775" VPOS="1660" WIDTH="47" HEIGHT="24" CONTENT="mit" WC="0.60" CC="056"/>
						<SP ID="P99_SP00145" HPOS="822" VPOS="1685" WIDTH="25"/>
						<String ID="P99_ST00176" HPOS="847" VPOS="1659" WIDTH="58" HEIGHT="26" CONTENT="dem" WC="0.90" CC="002"/>
						<SP ID="P99_SP00146" HPOS="905" VPOS="1685" WIDTH="24"/>
						<String ID="P99_ST00177" HPOS="929" VPOS="1661" WIDTH="232" HEIGHT="35" CONTENT="ausgesprochenen" WC="0.72" CC="524034000455006"/>
						<SP ID="P99_SP00147" HPOS="1161" VPOS="1696" WIDTH="26"/>
						<String ID="P99_ST00178" HPOS="1187" VPOS="1658" WIDTH="108" HEIGHT="32" CONTENT="Zweck," WC="0.70" CC="000574"/>
						<SP ID="P99_SP00148" HPOS="1295" VPOS="1696" WIDTH="28"/>
						<String ID="P99_ST00179" HPOS="1323" VPOS="1659" WIDTH="42" HEIGHT="27" CONTENT="der" WC="0.89" CC="002"/>
					</TextLine>
					<TextLine ID="P99_TL00032" HPOS="497" VPOS="1697" WIDTH="867" HEIGHT="29">
						<String ID="P99_ST00180" HPOS="497" VPOS="1699" WIDTH="123" HEIGHT="26" CONTENT="Industrie" WC="0.99" CC="700044043"/>
						<SP ID="P99_SP00149" HPOS="620" VPOS="1725" WIDTH="21"/>
						<String ID="P99_ST00181" HPOS="641" VPOS="1708" WIDTH="30" HEIGHT="16" CONTENT="zu" WC="0.62" CC="70"/>
						<SP ID="P99_SP00150" HPOS="671" VPOS="1725" WIDTH="21"/>
						<String ID="P99_ST00182" HPOS="692" VPOS="1697" WIDTH="81" HEIGHT="27" CONTENT="Hiilfe" WC="0.54" CC="679300"/>
						<SP ID="P99_SP00151" HPOS="773" VPOS="1725" WIDTH="22"/>
						<String ID="P99_ST00183" HPOS="795" VPOS="1709" WIDTH="29" HEIGHT="15" CONTENT="zu" WC="1.00" CC="00"/>
						<SP ID="P99_SP00152" HPOS="824" VPOS="1725" WIDTH="22"/>
						<String ID="P99_ST00184" HPOS="846" VPOS="1698" WIDTH="121" HEIGHT="27" CONTENT="kommen" WC="0.75" CC="000914"/>
						<SP ID="P99_SP00153" HPOS="967" VPOS="1725" WIDTH="21"/>
						<String ID="P99_ST00185" HPOS="988" VPOS="1700" WIDTH="54" HEIGHT="26" CONTENT="und" WC="1.00" CC="000"/>
						<SP ID="P99_SP00154" HPOS="1042" VPOS="1726" WIDTH="21"/>
						<String ID="P99_ST00186" HPOS="1063" VPOS="1700" WIDTH="49" HEIGHT="25" CONTENT="den" WC="1.00" CC="000"/>
						<SP ID="P99_SP00155" HPOS="1112" VPOS="1726" WIDTH="15"/>
						<String ID="P99_ST00187" HPOS="1127" VPOS="1698" WIDTH="165" HEIGHT="27" CONTENT="Fabrikanten" WC="0.74" CC="07002060531"/>
						<SP ID="P99_SP00156" HPOS="1292" VPOS="1726" WIDTH="22"/>
						<String ID="P99_ST00188" HPOS="1314" VPOS="1700" WIDTH="50" HEIGHT="25" CONTENT="und" WC="0.65" CC="450"/>
					</TextLine>
					<TextLine ID="P99_TL00033" HPOS="497" VPOS="1736" WIDTH="868" HEIGHT="39">
						<String ID="P99_ST00189" HPOS="497" VPOS="1739" WIDTH="72" HEIGHT="25" CONTENT="ihren" WC="0.89" CC="20003"/>
						<SP ID="P99_SP00157" HPOS="569" VPOS="1764" WIDTH="14"/>
						<String ID="P99_ST00190" HPOS="583" VPOS="1740" WIDTH="118" HEIGHT="24" CONTENT="Beamten" WC="0.61" CC="7560503"/>
						<SP ID="P99_SP00158" HPOS="701" VPOS="1764" WIDTH="16"/>
						<String ID="P99_ST00191" HPOS="717" VPOS="1739" WIDTH="162" HEIGHT="34" CONTENT="Gelegenheit" WC="0.76" CC="01500006146"/>
						<SP ID="P99_SP00159" HPOS="879" VPOS="1773" WIDTH="15"/>
						<String ID="P99_ST00192" HPOS="894" VPOS="1749" WIDTH="29" HEIGHT="16" CONTENT="zu" WC="1.00" CC="00"/>
						<SP ID="P99_SP00160" HPOS="923" VPOS="1773" WIDTH="19"/>
						<String ID="P99_ST00193" HPOS="942" VPOS="1739" WIDTH="87" HEIGHT="36" CONTENT="geben," WC="0.78" CC="005204"/>
						<SP ID="P99_SP00161" HPOS="1029" VPOS="1775" WIDTH="20"/>
						<String ID="P99_ST00194" HPOS="1049" VPOS="1739" WIDTH="53" HEIGHT="26" CONTENT="sich" WC="0.64" CC="3406"/>
						<SP ID="P99_SP00162" HPOS="1102" VPOS="1775" WIDTH="20"/>
						<String ID="P99_ST00195" HPOS="1122" VPOS="1739" WIDTH="47" HEIGHT="25" CONTENT="mit" WC="0.77" CC="051"/>
						<SP ID="P99_SP00163" HPOS="1169" VPOS="1775" WIDTH="18"/>
						<String ID="P99_ST00196" HPOS="1187" VPOS="1738" WIDTH="58" HEIGHT="25" CONTENT="dem" WC="0.83" CC="040"/>
						<SP ID="P99_SP00164" HPOS="1245" VPOS="1775" WIDTH="19"/>
						<String ID="P99_ST00197" HPOS="1264" VPOS="1736" WIDTH="42" HEIGHT="28" CONTENT="fiir" WC="0.73" CC="0730"/>
						<SP ID="P99_SP00165" HPOS="1306" VPOS="1775" WIDTH="20"/>
						<String ID="P99_ST00198" HPOS="1326" VPOS="1739" WIDTH="39" HEIGHT="26" CONTENT="ihr" WC="0.56" CC="750"/>
					</TextLine>
					<TextLine ID="P99_TL00034" HPOS="497" VPOS="1778" WIDTH="868" HEIGHT="36">
						<String ID="P99_ST00199" HPOS="497" VPOS="1778" WIDTH="122" HEIGHT="26" CONTENT="Gewerbe" WC="0.61" CC="0490056"/>
						<SP ID="P99_SP00166" HPOS="619" VPOS="1804" WIDTH="9"/>
						<String ID="P99_ST00200" HPOS="628" VPOS="1788" WIDTH="28" HEIGHT="15" CONTENT="so" WC="0.79" CC="40"/>
						<SP ID="P99_SP00167" HPOS="656" VPOS="1804" WIDTH="8"/>
						<String ID="P99_ST00201" HPOS="664" VPOS="1778" WIDTH="183" HEIGHT="36" CONTENT="notwendigen" WC="0.86" CC="00300500006"/>
						<SP ID="P99_SP00168" HPOS="847" VPOS="1814" WIDTH="7"/>
						<String ID="P99_ST00202" HPOS="854" VPOS="1779" WIDTH="126" HEIGHT="26" CONTENT="Zeichnen" WC="0.70" CC="06725010"/>
						<SP ID="P99_SP00169" HPOS="980" VPOS="1814" WIDTH="6"/>
						<String ID="P99_ST00203" HPOS="986" VPOS="1778" WIDTH="64" HEIGHT="27" CONTENT="nach" WC="0.68" CC="0705"/>
						<SP ID="P99_SP00170" HPOS="1050" VPOS="1814" WIDTH="8"/>
						<String ID="P99_ST00204" HPOS="1058" VPOS="1778" WIDTH="198" HEIGHT="26" CONTENT="kiinstlerischen" WC="0.67" CC="870041041430416"/>
						<SP ID="P99_SP00171" HPOS="1256" VPOS="1814" WIDTH="7"/>
						<String ID="P99_ST00205" HPOS="1263" VPOS="1778" WIDTH="85" HEIGHT="26" CONTENT="Grund" SUBS_TYPE="HypPart1" SUBS_CONTENT="Grundsiitzen" WC="0.75" CC="06620"/>
						<HYP HPOS="1348" VPOS="1778" WIDTH="17" CONTENT="-"/>
					</TextLine>
					<TextLine ID="P99_TL00035" HPOS="497" VPOS="1817" WIDTH="867" HEIGHT="33">
						<String ID="P99_ST00206" HPOS="497" VPOS="1820" WIDTH="82" HEIGHT="23" CONTENT="siitzen" SUBS_TYPE="HypPart2" SUBS_CONTENT="Grundsiitzen" WC="0.43" CC="6781436"/>
						<SP ID="P99_SP00172" HPOS="579" VPOS="1843" WIDTH="12"/>
						<String ID="P99_ST00207" HPOS="591" VPOS="1824" WIDTH="109" HEIGHT="19" CONTENT="vertraut" WC="0.72" CC="06050324"/>
						<SP ID="P99_SP00173" HPOS="700" VPOS="1843" WIDTH="11"/>
						<String ID="P99_ST00208" HPOS="711" VPOS="1828" WIDTH="29" HEIGHT="15" CONTENT="zu" WC="0.76" CC="31"/>
						<SP ID="P99_SP00174" HPOS="740" VPOS="1843" WIDTH="12"/>
						<String ID="P99_ST00209" HPOS="752" VPOS="1817" WIDTH="113" HEIGHT="27" CONTENT="machen." WC="0.65" CC="0644340"/>
						<SP ID="P99_SP00175" HPOS="865" VPOS="1844" WIDTH="16"/>
						<String ID="P99_ST00210" HPOS="881" VPOS="1818" WIDTH="74" HEIGHT="26" CONTENT="Nach" WC="0.86" CC="0005"/>
						<SP ID="P99_SP00176" HPOS="955" VPOS="1844" WIDTH="9"/>
						<String ID="P99_ST00211" HPOS="964" VPOS="1818" WIDTH="118" HEIGHT="26" CONTENT="weiteren" WC="0.82" CC="00650100"/>
						<SP ID="P99_SP00177" HPOS="1082" VPOS="1844" WIDTH="10"/>
						<String ID="P99_ST00212" HPOS="1092" VPOS="1817" WIDTH="63" HEIGHT="26" CONTENT="zwei" WC="0.73" CC="0900"/>
						<SP ID="P99_SP00178" HPOS="1155" VPOS="1844" WIDTH="7"/>
						<String ID="P99_ST00213" HPOS="1162" VPOS="1817" WIDTH="88" HEIGHT="33" CONTENT="Jahren" WC="0.63" CC="756010"/>
						<SP ID="P99_SP00179" HPOS="1250" VPOS="1850" WIDTH="9"/>
						<String ID="P99_ST00214" HPOS="1259" VPOS="1817" WIDTH="105" HEIGHT="27" CONTENT="wurden" WC="0.89" CC="000006"/>
					</TextLine>
					<TextLine ID="P99_TL00036" HPOS="497" VPOS="1855" WIDTH="865" HEIGHT="38">
						<String ID="P99_ST00215" HPOS="497" VPOS="1856" WIDTH="116" HEIGHT="26" CONTENT="ahnliche" WC="0.57" CC="76025163"/>
						<SP ID="P99_SP00180" HPOS="613" VPOS="1882" WIDTH="16"/>
						<String ID="P99_ST00216" HPOS="629" VPOS="1856" WIDTH="107" HEIGHT="27" CONTENT="Schulen" WC="0.79" CC="0060025"/>
						<SP ID="P99_SP00181" HPOS="736" VPOS="1883" WIDTH="16"/>
						<String ID="P99_ST00217" HPOS="752" VPOS="1857" WIDTH="25" HEIGHT="26" CONTENT="in" WC="0.86" CC="20"/>
						<SP ID="P99_SP00182" HPOS="777" VPOS="1883" WIDTH="16"/>
						<String ID="P99_ST00218" HPOS="793" VPOS="1857" WIDTH="180" HEIGHT="36" CONTENT="Birmingham," WC="0.99" CC="03003004704"/>
						<SP ID="P99_SP00183" HPOS="973" VPOS="1893" WIDTH="16"/>
						<String ID="P99_ST00219" HPOS="989" VPOS="1857" WIDTH="170" HEIGHT="29" CONTENT="Manchester," WC="0.99" CC="09265150304"/>
						<SP ID="P99_SP00184" HPOS="1159" VPOS="1893" WIDTH="15"/>
						<String ID="P99_ST00220" HPOS="1174" VPOS="1855" WIDTH="123" HEIGHT="36" CONTENT="Glasgow" WC="0.98" CC="0074049"/>
						<SP ID="P99_SP00185" HPOS="1297" VPOS="1893" WIDTH="16"/>
						<String ID="P99_ST00221" HPOS="1313" VPOS="1857" WIDTH="49" HEIGHT="26" CONTENT="und" WC="0.90" CC="020"/>
					</TextLine>
					<TextLine ID="P99_TL00037" HPOS="497" VPOS="1895" WIDTH="866" HEIGHT="37">
						<String ID="P99_ST00222" HPOS="497" VPOS="1895" WIDTH="70" HEIGHT="27" CONTENT="York" WC="0.99" CC="0050"/>
						<SP ID="P99_SP00186" HPOS="567" VPOS="1922" WIDTH="16"/>
						<String ID="P99_ST00223" HPOS="583" VPOS="1896" WIDTH="123" HEIGHT="26" CONTENT="errichtet." WC="0.72" CC="0003562540"/>
						<SP ID="P99_SP00187" HPOS="706" VPOS="1922" WIDTH="29"/>
						<String ID="P99_ST00224" HPOS="735" VPOS="1895" WIDTH="116" HEIGHT="27" CONTENT="Obwohl" WC="0.81" CC="000064"/>
						<SP ID="P99_SP00188" HPOS="851" VPOS="1922" WIDTH="16"/>
						<String ID="P99_ST00225" HPOS="867" VPOS="1907" WIDTH="49" HEIGHT="15" CONTENT="yon" WC="0.99" CC="001"/>
						<SP ID="P99_SP00189" HPOS="916" VPOS="1922" WIDTH="14"/>
						<String ID="P99_ST00226" HPOS="930" VPOS="1895" WIDTH="104" HEIGHT="37" CONTENT="Anfang" WC="0.78" CC="000750"/>
						<SP ID="P99_SP00190" HPOS="1034" VPOS="1932" WIDTH="15"/>
						<String ID="P99_ST00227" HPOS="1049" VPOS="1906" WIDTH="31" HEIGHT="16" CONTENT="an" WC="0.54" CC="71"/>
						<SP ID="P99_SP00191" HPOS="1080" VPOS="1932" WIDTH="16"/>
						<String ID="P99_ST00228" HPOS="1096" VPOS="1895" WIDTH="87" HEIGHT="26" CONTENT="betont" WC="0.65" CC="355041"/>
						<SP ID="P99_SP00192" HPOS="1183" VPOS="1932" WIDTH="15"/>
						<String ID="P99_ST00229" HPOS="1198" VPOS="1895" WIDTH="96" HEIGHT="30" CONTENT="wurde," WC="0.93" CC="000004"/>
						<SP ID="P99_SP00193" HPOS="1294" VPOS="1932" WIDTH="16"/>
						<String ID="P99_ST00230" HPOS="1310" VPOS="1896" WIDTH="53" HEIGHT="26" CONTENT="dafs" WC="0.86" CC="0005"/>
					</TextLine>
					<TextLine ID="P99_TL00038" HPOS="497" VPOS="1934" WIDTH="867" HEIGHT="37">
						<String ID="P99_ST00231" HPOS="497" VPOS="1935" WIDTH="69" HEIGHT="25" CONTENT="nicht" WC="0.56" CC="53651"/>
						<SP ID="P99_SP00194" HPOS="566" VPOS="1960" WIDTH="19"/>
						<String ID="P99_ST00232" HPOS="585" VPOS="1935" WIDTH="42" HEIGHT="25" CONTENT="das" WC="0.95" CC="076"/>
						<SP ID="P99_SP00195" HPOS="627" VPOS="1960" WIDTH="19"/>
						<String ID="P99_ST00233" HPOS="646" VPOS="1936" WIDTH="128" HEIGHT="35" CONTENT="Kopieren" WC="0.54" CC="05930646"/>
						<SP ID="P99_SP00196" HPOS="774" VPOS="1971" WIDTH="21"/>
						<String ID="P99_ST00234" HPOS="795" VPOS="1935" WIDTH="167" HEIGHT="26" CONTENT="iiberlieferter" WC="0.60" CC="96420430961401"/>
						<SP ID="P99_SP00197" HPOS="962" VPOS="1971" WIDTH="15"/>
						<String ID="P99_ST00235" HPOS="977" VPOS="1934" WIDTH="201" HEIGHT="30" CONTENT="Kunstformeln," WC="0.70" CC="1256306030304"/>
						<SP ID="P99_SP00198" HPOS="1178" VPOS="1971" WIDTH="19"/>
						<String ID="P99_ST00236" HPOS="1197" VPOS="1934" WIDTH="106" HEIGHT="26" CONTENT="sondern" WC="0.65" CC="4340254"/>
						<SP ID="P99_SP00199" HPOS="1303" VPOS="1971" WIDTH="21"/>
						<String ID="P99_ST00237" HPOS="1324" VPOS="1935" WIDTH="40" HEIGHT="27" CONTENT="die" WC="0.98" CC="060"/>
					</TextLine>
					<TextLine ID="P99_TL00039" HPOS="497" VPOS="1970" WIDTH="866" HEIGHT="40">
						<String ID="P99_ST00238" HPOS="497" VPOS="1974" WIDTH="166" HEIGHT="36" CONTENT="selbstiindige" WC="0.77" CC="0506004700500"/>
						<SP ID="P99_SP00200" HPOS="663" VPOS="2010" WIDTH="15"/>
						<String ID="P99_ST00239" HPOS="678" VPOS="1970" WIDTH="161" HEIGHT="40" CONTENT="Anordnung" WC="0.81" CC="000002660"/>
						<SP ID="P99_SP00201" HPOS="839" VPOS="2010" WIDTH="19"/>
						<String ID="P99_ST00240" HPOS="858" VPOS="1975" WIDTH="42" HEIGHT="25" CONTENT="das" WC="0.97" CC="044"/>
						<SP ID="P99_SP00202" HPOS="900" VPOS="2010" WIDTH="21"/>
						<String ID="P99_ST00241" HPOS="921" VPOS="1985" WIDTH="29" HEIGHT="16" CONTENT="zu" WC="0.67" CC="60"/>
						<SP ID="P99_SP00203" HPOS="950" VPOS="2010" WIDTH="21"/>
						<String ID="P99_ST00242" HPOS="971" VPOS="1974" WIDTH="157" HEIGHT="26" CONTENT="erreichende" WC="0.78" CC="00016320502"/>
						<SP ID="P99_SP00204" HPOS="1128" VPOS="2010" WIDTH="15"/>
						<String ID="P99_ST00243" HPOS="1143" VPOS="1973" WIDTH="54" HEIGHT="26" CONTENT="Ziel" WC="0.87" CC="0211"/>
						<SP ID="P99_SP00205" HPOS="1197" VPOS="2010" WIDTH="18"/>
						<String ID="P99_ST00244" HPOS="1215" VPOS="1974" WIDTH="43" HEIGHT="30" CONTENT="sei," WC="0.57" CC="5064"/>
						<SP ID="P99_SP00206" HPOS="1258" VPOS="2010" WIDTH="20"/>
						<String ID="P99_ST00245" HPOS="1278" VPOS="1975" WIDTH="85" HEIGHT="26" CONTENT="wobei" WC="0.92" CC="00030"/>
					</TextLine>
					<TextLine ID="P99_TL00040" HPOS="496" VPOS="2011" WIDTH="867" HEIGHT="38">
						<String ID="P99_ST00246" HPOS="496" VPOS="2013" WIDTH="137" HEIGHT="26" CONTENT="Naturals" WC="0.63" CC="04356406"/>
						<SP ID="P99_SP00207" HPOS="633" VPOS="2039" WIDTH="15"/>
						<String ID="P99_ST00247" HPOS="648" VPOS="2014" WIDTH="191" HEIGHT="26" CONTENT="Lehrmeisterin" WC="0.62" CC="2625043065065"/>
						<SP ID="P99_SP00208" HPOS="839" VPOS="2040" WIDTH="16"/>
						<String ID="P99_ST00248" HPOS="855" VPOS="2014" WIDTH="89" HEIGHT="26" CONTENT="dienen" WC="0.74" CC="046210"/>
						<SP ID="P99_SP00209" HPOS="944" VPOS="2040" WIDTH="14"/>
						<String ID="P99_ST00249" HPOS="958" VPOS="2015" WIDTH="71" HEIGHT="29" CONTENT="solle," WC="0.64" CC="352054"/>
						<SP ID="P99_SP00210" HPOS="1029" VPOS="2044" WIDTH="20"/>
						<String ID="P99_ST00250" HPOS="1049" VPOS="2013" WIDTH="99" HEIGHT="26" CONTENT="blieben" WC="0.73" CC="6045010"/>
						<SP ID="P99_SP00211" HPOS="1148" VPOS="2044" WIDTH="15"/>
						<String ID="P99_ST00251" HPOS="1163" VPOS="2011" WIDTH="146" HEIGHT="38" CONTENT="anfanglich" WC="0.79" CC="0006006107"/>
						<SP ID="P99_SP00212" HPOS="1309" VPOS="2049" WIDTH="15"/>
						<String ID="P99_ST00252" HPOS="1324" VPOS="2016" WIDTH="39" HEIGHT="25" CONTENT="die" WC="0.99" CC="030"/>
					</TextLine>
					<TextLine ID="P99_TL00041" HPOS="497" VPOS="2051" WIDTH="866" HEIGHT="38">
						<String ID="P99_ST00253" HPOS="497" VPOS="2051" WIDTH="102" HEIGHT="36" CONTENT="Erfolge" WC="0.98" CC="0001000"/>
						<SP ID="P99_SP00213" HPOS="599" VPOS="2087" WIDTH="19"/>
						<String ID="P99_ST00254" HPOS="618" VPOS="2053" WIDTH="66" HEIGHT="25" CONTENT="doch" WC="0.94" CC="0002"/>
						<SP ID="P99_SP00214" HPOS="684" VPOS="2087" WIDTH="17"/>
						<String ID="P99_ST00255" HPOS="701" VPOS="2053" WIDTH="83" HEIGHT="26" CONTENT="hinter" WC="0.77" CC="700410"/>
						<SP ID="P99_SP00215" HPOS="784" VPOS="2087" WIDTH="18"/>
						<String ID="P99_ST00256" HPOS="802" VPOS="2054" WIDTH="48" HEIGHT="25" CONTENT="den" WC="0.97" CC="060"/>
						<SP ID="P99_SP00216" HPOS="850" VPOS="2087" WIDTH="15"/>
						<String ID="P99_ST00257" HPOS="865" VPOS="2055" WIDTH="183" HEIGHT="34" CONTENT="Erwartungen" WC="0.83" CC="00060600005"/>
						<SP ID="P99_SP00217" HPOS="1048" VPOS="2089" WIDTH="19"/>
						<String ID="P99_ST00258" HPOS="1067" VPOS="2052" WIDTH="101" HEIGHT="30" CONTENT="zuriick," WC="0.63" CC="50046074"/>
						<SP ID="P99_SP00218" HPOS="1168" VPOS="2089" WIDTH="19"/>
						<String ID="P99_ST00259" HPOS="1187" VPOS="2053" WIDTH="36" HEIGHT="25" CONTENT="bis" WC="0.97" CC="034"/>
						<SP ID="P99_SP00219" HPOS="1223" VPOS="2089" WIDTH="21"/>
						<String ID="P99_ST00260" HPOS="1244" VPOS="2054" WIDTH="33" HEIGHT="25" CONTENT="im" WC="0.93" CC="10"/>
						<SP ID="P99_SP00220" HPOS="1277" VPOS="2089" WIDTH="14"/>
						<String ID="P99_ST00261" HPOS="1291" VPOS="2055" WIDTH="72" HEIGHT="33" CONTENT="Jahre" WC="0.71" CC="17600"/>
					</TextLine>
					<TextLine ID="P99_TL00042" HPOS="500" VPOS="2091" WIDTH="862" HEIGHT="38">
						<String ID="P99_ST00262" HPOS="500" VPOS="2092" WIDTH="69" HEIGHT="34" CONTENT="1857" WC="0.66" CC="3090"/>
						<SP ID="P99_SP00221" HPOS="569" VPOS="2126" WIDTH="11"/>
						<String ID="P99_ST00263" HPOS="580" VPOS="2092" WIDTH="38" HEIGHT="25" CONTENT="die" WC="0.97" CC="061"/>
						<SP ID="P99_SP00222" HPOS="618" VPOS="2126" WIDTH="12"/>
						<String ID="P99_ST00264" HPOS="630" VPOS="2091" WIDTH="197" HEIGHT="38" CONTENT="Ueberfiihrung" WC="0.87" CC="4124000300000"/>
						<SP ID="P99_SP00223" HPOS="827" VPOS="2129" WIDTH="12"/>
						<String ID="P99_ST00265" HPOS="839" VPOS="2093" WIDTH="41" HEIGHT="26" CONTENT="der" WC="1.00" CC="000"/>
						<SP ID="P99_SP00224" HPOS="880" VPOS="2129" WIDTH="11"/>
						<String ID="P99_ST00266" HPOS="891" VPOS="2092" WIDTH="235" HEIGHT="27" CONTENT="LondonerSchule" WC="1.00" CC="00500240044604"/>
						<SP ID="P99_SP00225" HPOS="1126" VPOS="2129" WIDTH="11"/>
						<String ID="P99_ST00267" HPOS="1137" VPOS="2093" WIDTH="63" HEIGHT="25" CONTENT="nach" WC="0.76" CC="0053"/>
						<SP ID="P99_SP00226" HPOS="1200" VPOS="2129" WIDTH="13"/>
						<String ID="P99_ST00268" HPOS="1213" VPOS="2093" WIDTH="57" HEIGHT="26" CONTENT="dem" WC="1.00" CC="000"/>
						<SP ID="P99_SP00227" HPOS="1270" VPOS="2129" WIDTH="11"/>
						<String ID="P99_ST00269" HPOS="1281" VPOS="2104" WIDTH="81" HEIGHT="16" CONTENT="neuen" WC="0.82" CC="01024"/>
					</TextLine>
					<TextLine ID="P99_TL00043" HPOS="497" VPOS="2131" WIDTH="865" HEIGHT="37">
						<String ID="P99_ST00270" HPOS="497" VPOS="2131" WIDTH="120" HEIGHT="26" CONTENT="Gebaude" WC="0.78" CC="0306202"/>
						<SP ID="P99_SP00228" HPOS="617" VPOS="2157" WIDTH="16"/>
						<String ID="P99_ST00271" HPOS="633" VPOS="2131" WIDTH="25" HEIGHT="26" CONTENT="in" WC="0.91" CC="10"/>
						<SP ID="P99_SP00229" HPOS="658" VPOS="2157" WIDTH="16"/>
						<String ID="P99_ST00272" HPOS="674" VPOS="2133" WIDTH="80" HEIGHT="24" CONTENT="South" WC="0.98" CC="02064"/>
						<SP ID="P99_SP00230" HPOS="754" VPOS="2157" WIDTH="14"/>
						<String ID="P99_ST00273" HPOS="768" VPOS="2133" WIDTH="160" HEIGHT="35" CONTENT="Kensington" WC="0.99" CC="0004308004"/>
						<SP ID="P99_SP00231" HPOS="928" VPOS="2168" WIDTH="15"/>
						<String ID="P99_ST00274" HPOS="943" VPOS="2131" WIDTH="114" HEIGHT="36" CONTENT="erfolgte." WC="0.63" CC="039008540"/>
						<SP ID="P99_SP00232" HPOS="1057" VPOS="2168" WIDTH="36"/>
						<String ID="P99_ST00275" HPOS="1093" VPOS="2132" WIDTH="61" HEIGHT="25" CONTENT="Hier" WC="0.51" CC="4463"/>
						<SP ID="P99_SP00233" HPOS="1154" VPOS="2168" WIDTH="15"/>
						<String ID="P99_ST00276" HPOS="1169" VPOS="2132" WIDTH="89" HEIGHT="26" CONTENT="wurde" WC="0.75" CC="05402"/>
						<SP ID="P99_SP00234" HPOS="1258" VPOS="2168" WIDTH="14"/>
						<String ID="P99_ST00277" HPOS="1272" VPOS="2134" WIDTH="34" HEIGHT="25" CONTENT="sic" WC="0.84" CC="300"/>
						<SP ID="P99_SP00235" HPOS="1306" VPOS="2168" WIDTH="14"/>
						<String ID="P99_ST00278" HPOS="1320" VPOS="2134" WIDTH="42" HEIGHT="25" CONTENT="der" WC="0.61" CC="074"/>
					</TextLine>
					<TextLine ID="P99_TL00044" HPOS="497" VPOS="2170" WIDTH="865" HEIGHT="37">
						<String ID="P99_ST00279" HPOS="497" VPOS="2170" WIDTH="108" HEIGHT="36" CONTENT="Leitung" WC="0.71" CC="0057033"/>
						<SP ID="P99_SP00236" HPOS="605" VPOS="2206" WIDTH="22"/>
						<String ID="P99_ST00280" HPOS="627" VPOS="2170" WIDTH="41" HEIGHT="26" CONTENT="dcs" WC="0.89" CC="002"/>
						<SP ID="P99_SP00237" HPOS="668" VPOS="2206" WIDTH="21"/>
						<String ID="P99_ST00281" HPOS="689" VPOS="2171" WIDTH="115" HEIGHT="35" CONTENT="genialen" WC="0.62" CC="02655038"/>
						<SP ID="P99_SP00238" HPOS="804" VPOS="2206" WIDTH="21"/>
						<String ID="P99_ST00282" HPOS="825" VPOS="2172" WIDTH="151" HEIGHT="35" CONTENT="Begriinders" WC="0.74" CC="44030360005"/>
						<SP ID="P99_SP00239" HPOS="976" VPOS="2207" WIDTH="18"/>
						<String ID="P99_ST00283" HPOS="994" VPOS="2170" WIDTH="54" HEIGHT="27" CONTENT="und" WC="0.79" CC="500"/>
						<SP ID="P99_SP00240" HPOS="1048" VPOS="2207" WIDTH="18"/>
						<String ID="P99_ST00284" HPOS="1066" VPOS="2170" WIDTH="131" HEIGHT="27" CONTENT="Direktors" WC="0.69" CC="042094005"/>
						<SP ID="P99_SP00241" HPOS="1197" VPOS="2207" WIDTH="21"/>
						<String ID="P99_ST00285" HPOS="1218" VPOS="2172" WIDTH="41" HEIGHT="26" CONTENT="dcs" WC="0.94" CC="001"/>
						<SP ID="P99_SP00242" HPOS="1259" VPOS="2207" WIDTH="22"/>
						<String ID="P99_ST00286" HPOS="1281" VPOS="2175" WIDTH="81" HEIGHT="24" CONTENT="South" WC="0.99" CC="00106"/>
					</TextLine>
					<TextLine ID="P99_TL00045" HPOS="496" VPOS="2209" WIDTH="866" HEIGHT="38">
						<String ID="P99_ST00287" HPOS="496" VPOS="2210" WIDTH="159" HEIGHT="35" CONTENT="Kensington" WC="0.99" CC="0024400306"/>
						<SP ID="P99_SP00243" HPOS="655" VPOS="2245" WIDTH="14"/>
						<String ID="P99_ST00288" HPOS="669" VPOS="2212" WIDTH="120" HEIGHT="24" CONTENT="Museum" WC="0.98" CC="003068"/>
						<SP ID="P99_SP00244" HPOS="789" VPOS="2245" WIDTH="15"/>
						<String ID="P99_ST00289" HPOS="804" VPOS="2211" WIDTH="148" HEIGHT="26" CONTENT="unterstellt." WC="0.66" CC="324653032042"/>
						<SP ID="P99_SP00245" HPOS="952" VPOS="2245" WIDTH="31"/>
						<String ID="P99_ST00290" HPOS="983" VPOS="2214" WIDTH="49" HEIGHT="22" CONTENT="Der" WC="0.82" CC="031"/>
						<SP ID="P99_SP00246" HPOS="1032" VPOS="2245" WIDTH="14"/>
						<String ID="P99_ST00291" HPOS="1046" VPOS="2209" WIDTH="105" HEIGHT="27" CONTENT="Einflufs" WC="0.87" CC="12000006"/>
						<SP ID="P99_SP00247" HPOS="1151" VPOS="2245" WIDTH="16"/>
						<String ID="P99_ST00292" HPOS="1167" VPOS="2210" WIDTH="41" HEIGHT="26" CONTENT="dcs" WC="0.80" CC="032"/>
						<SP ID="P99_SP00248" HPOS="1208" VPOS="2245" WIDTH="15"/>
						<String ID="P99_ST00293" HPOS="1223" VPOS="2212" WIDTH="37" HEIGHT="25" CONTENT="Sir" WC="1.00" CC="000"/>
						<SP ID="P99_SP00249" HPOS="1260" VPOS="2245" WIDTH="15"/>
						<String ID="P99_ST00294" HPOS="1275" VPOS="2214" WIDTH="87" HEIGHT="33" CONTENT="Henry" WC="0.98" CC="54500"/>
					</TextLine>
					<TextLine ID="P99_TL00046" HPOS="497" VPOS="2248" WIDTH="865" HEIGHT="38">
						<String ID="P99_ST00295" HPOS="497" VPOS="2248" WIDTH="63" HEIGHT="27" CONTENT="Cole" WC="0.98" CC="3004"/>
						<SP ID="P99_SP00250" HPOS="560" VPOS="2275" WIDTH="20"/>
						<String ID="P99_ST00296" HPOS="580" VPOS="2249" WIDTH="100" HEIGHT="26" CONTENT="machte" WC="0.67" CC="054620"/>
						<SP ID="P99_SP00251" HPOS="680" VPOS="2275" WIDTH="22"/>
						<String ID="P99_ST00297" HPOS="702" VPOS="2250" WIDTH="52" HEIGHT="25" CONTENT="sich" WC="0.69" CC="5006"/>
						<SP ID="P99_SP00252" HPOS="754" VPOS="2275" WIDTH="22"/>
						<String ID="P99_ST00298" HPOS="776" VPOS="2250" WIDTH="80" HEIGHT="25" CONTENT="schon" WC="0.64" CC="31705"/>
						<SP ID="P99_SP00253" HPOS="856" VPOS="2275" WIDTH="20"/>
						<String ID="P99_ST00299" HPOS="876" VPOS="2251" WIDTH="25" HEIGHT="25" CONTENT="in" WC="0.89" CC="02"/>
						<SP ID="P99_SP00254" HPOS="901" VPOS="2276" WIDTH="19"/>
						<String ID="P99_ST00300" HPOS="920" VPOS="2251" WIDTH="115" HEIGHT="35" CONTENT="wenigen" WC="0.81" CC="0203070"/>
						<SP ID="P99_SP00255" HPOS="1035" VPOS="2286" WIDTH="20"/>
						<String ID="P99_ST00301" HPOS="1055" VPOS="2250" WIDTH="88" HEIGHT="34" CONTENT="Jahren" WC="0.96" CC="001000"/>
						<SP ID="P99_SP00256" HPOS="1143" VPOS="2286" WIDTH="16"/>
						<String ID="P99_ST00302" HPOS="1159" VPOS="2250" WIDTH="111" HEIGHT="36" CONTENT="gekend;" WC="0.66" CC="0472601"/>
						<SP ID="P99_SP00257" HPOS="1270" VPOS="2286" WIDTH="21"/>
						<String ID="P99_ST00303" HPOS="1291" VPOS="2253" WIDTH="71" HEIGHT="25" CONTENT="nicht" WC="0.54" CC="66063"/>
					</TextLine>
					<TextLine ID="P99_TL00047" HPOS="497" VPOS="2288" WIDTH="863" HEIGHT="39">
						<String ID="P99_ST00304" HPOS="497" VPOS="2297" WIDTH="47" HEIGHT="16" CONTENT="nur" WC="0.76" CC="303"/>
						<SP ID="P99_SP00258" HPOS="544" VPOS="2313" WIDTH="18"/>
						<String ID="P99_ST00305" HPOS="562" VPOS="2289" WIDTH="27" HEIGHT="25" CONTENT="in" WC="0.63" CC="43"/>
						<SP ID="P99_SP00259" HPOS="589" VPOS="2314" WIDTH="14"/>
						<String ID="P99_ST00306" HPOS="603" VPOS="2289" WIDTH="118" HEIGHT="31" CONTENT="London," WC="1.00" CC="0030004"/>
						<SP ID="P99_SP00260" HPOS="721" VPOS="2320" WIDTH="20"/>
						<String ID="P99_ST00307" HPOS="741" VPOS="2290" WIDTH="67" HEIGHT="25" CONTENT="auch" WC="0.64" CC="6007"/>
						<SP ID="P99_SP00261" HPOS="808" VPOS="2320" WIDTH="18"/>
						<String ID="P99_ST00308" HPOS="826" VPOS="2288" WIDTH="48" HEIGHT="27" CONTENT="auf" WC="0.38" CC="619"/>
						<SP ID="P99_SP00262" HPOS="874" VPOS="2320" WIDTH="15"/>
						<String ID="P99_ST00309" HPOS="889" VPOS="2290" WIDTH="64" HEIGHT="25" CONTENT="alien" WC="0.99" CC="40210"/>
						<SP ID="P99_SP00263" HPOS="953" VPOS="2320" WIDTH="16"/>
						<String ID="P99_ST00310" HPOS="969" VPOS="2290" WIDTH="108" HEIGHT="25" CONTENT="Schulen" WC="0.71" CC="0260055"/>
						<SP ID="P99_SP00264" HPOS="1077" VPOS="2320" WIDTH="20"/>
						<String ID="P99_ST00311" HPOS="1097" VPOS="2290" WIDTH="60" HEIGHT="25" CONTENT="iiber" WC="0.76" CC="06050"/>
						<SP ID="P99_SP00265" HPOS="1157" VPOS="2320" WIDTH="13"/>
						<String ID="P99_ST00312" HPOS="1170" VPOS="2300" WIDTH="62" HEIGHT="26" CONTENT="ganz" WC="0.65" CC="0706"/>
						<SP ID="P99_SP00266" HPOS="1232" VPOS="2326" WIDTH="15"/>
						<String ID="P99_ST00313" HPOS="1247" VPOS="2292" WIDTH="113" HEIGHT="35" CONTENT="England" WC="0.99" CC="0005700"/>
					</TextLine>
					<TextLine ID="P99_TL00048" HPOS="497" VPOS="2325" WIDTH="864" HEIGHT="41">
						<String ID="P99_ST00314" HPOS="497" VPOS="2325" WIDTH="54" HEIGHT="31" CONTENT="hin," WC="0.55" CC="7703"/>
						<SP ID="P99_SP00267" HPOS="551" VPOS="2356" WIDTH="19"/>
						<String ID="P99_ST00315" HPOS="570" VPOS="2327" WIDTH="40" HEIGHT="26" CONTENT="die" WC="0.99" CC="020"/>
						<SP ID="P99_SP00268" HPOS="610" VPOS="2356" WIDTH="19"/>
						<String ID="P99_ST00316" HPOS="629" VPOS="2329" WIDTH="46" HEIGHT="25" CONTENT="mit" WC="0.68" CC="063"/>
						<SP ID="P99_SP00269" HPOS="675" VPOS="2356" WIDTH="20"/>
						<String ID="P99_ST00317" HPOS="695" VPOS="2329" WIDTH="43" HEIGHT="25" CONTENT="der" WC="0.93" CC="002"/>
						<SP ID="P99_SP00270" HPOS="738" VPOS="2356" WIDTH="18"/>
						<String ID="P99_ST00318" HPOS="756" VPOS="2329" WIDTH="135" HEIGHT="26" CONTENT="Londoner" WC="1.00" CC="00000030"/>
						<SP ID="P99_SP00271" HPOS="891" VPOS="2356" WIDTH="19"/>
						<String ID="P99_ST00319" HPOS="910" VPOS="2330" WIDTH="115" HEIGHT="25" CONTENT="Centrale" WC="0.83" CC="01060301"/>
						<SP ID="P99_SP00272" HPOS="1025" VPOS="2356" WIDTH="18"/>
						<String ID="P99_ST00320" HPOS="1043" VPOS="2330" WIDTH="27" HEIGHT="25" CONTENT="in" WC="0.45" CC="46"/>
						<SP ID="P99_SP00273" HPOS="1070" VPOS="2356" WIDTH="14"/>
						<String ID="P99_ST00321" HPOS="1084" VPOS="2329" WIDTH="164" HEIGHT="37" CONTENT="Verbindung" WC="0.82" CC="0004000407"/>
						<SP ID="P99_SP00274" HPOS="1248" VPOS="2366" WIDTH="19"/>
						<String ID="P99_ST00322" HPOS="1267" VPOS="2331" WIDTH="94" HEIGHT="26" CONTENT="stehen." WC="0.74" CC="5306101"/>
					</TextLine>
					<TextLine ID="P99_TL00049" HPOS="497" VPOS="2366" WIDTH="863" HEIGHT="38">
						<String ID="P99_ST00323" HPOS="497" VPOS="2366" WIDTH="85" HEIGHT="25" CONTENT="Schon" WC="0.70" CC="13504"/>
						<SP ID="P99_SP00275" HPOS="582" VPOS="2391" WIDTH="11"/>
						<String ID="P99_ST00324" HPOS="593" VPOS="2367" WIDTH="34" HEIGHT="25" CONTENT="im" WC="0.73" CC="50"/>
						<SP ID="P99_SP00276" HPOS="627" VPOS="2392" WIDTH="10"/>
						<String ID="P99_ST00325" HPOS="637" VPOS="2368" WIDTH="71" HEIGHT="33" CONTENT="Jahre" WC="0.62" CC="76400"/>
						<SP ID="P99_SP00277" HPOS="708" VPOS="2401" WIDTH="16"/>
						<String ID="P99_ST00326" HPOS="724" VPOS="2378" WIDTH="8" HEIGHT="16" CONTENT="1" WC="0.41" CC="5"/>
						<SP ID="P99_SP00278" HPOS="732" VPOS="2401" WIDTH="10"/>
						<String ID="P99_ST00327" HPOS="742" VPOS="2368" WIDTH="53" HEIGHT="26" CONTENT="860" WC="0.72" CC="080"/>
						<SP ID="P99_SP00279" HPOS="795" VPOS="2401" WIDTH="13"/>
						<String ID="P99_ST00328" HPOS="808" VPOS="2378" WIDTH="54" HEIGHT="16" CONTENT="war" WC="0.97" CC="060"/>
						<SP ID="P99_SP00280" HPOS="862" VPOS="2401" WIDTH="11"/>
						<String ID="P99_ST00329" HPOS="873" VPOS="2369" WIDTH="40" HEIGHT="25" CONTENT="die" WC="0.97" CC="025"/>
						<SP ID="P99_SP00281" HPOS="913" VPOS="2401" WIDTH="12"/>
						<String ID="P99_ST00330" HPOS="925" VPOS="2369" WIDTH="62" HEIGHT="25" CONTENT="Zahl" WC="0.68" CC="0560"/>
						<SP ID="P99_SP00282" HPOS="987" VPOS="2401" WIDTH="12"/>
						<String ID="P99_ST00331" HPOS="999" VPOS="2369" WIDTH="42" HEIGHT="25" CONTENT="der" WC="0.85" CC="040"/>
						<SP ID="P99_SP00283" HPOS="1041" VPOS="2401" WIDTH="11"/>
						<String ID="P99_ST00332" HPOS="1052" VPOS="2369" WIDTH="25" HEIGHT="25" CONTENT="in" WC="0.80" CC="40"/>
						<SP ID="P99_SP00284" HPOS="1077" VPOS="2401" WIDTH="12"/>
						<String ID="P99_ST00333" HPOS="1089" VPOS="2369" WIDTH="142" HEIGHT="35" CONTENT="englischen" WC="0.75" CC="0000362640"/>
						<SP ID="P99_SP00285" HPOS="1231" VPOS="2404" WIDTH="11"/>
						<String ID="P99_ST00334" HPOS="1242" VPOS="2369" WIDTH="118" HEIGHT="27" CONTENT="Fabriken" WC="0.69" CC="01606800"/>
					</TextLine>
					<TextLine ID="P99_TL00050" HPOS="497" VPOS="2402" WIDTH="863" HEIGHT="43">
						<String ID="P99_ST00335" HPOS="497" VPOS="2402" WIDTH="182" HEIGHT="39" CONTENT="beschaftigten" WC="0.51" CC="6365790644404"/>
						<SP ID="P99_SP00286" HPOS="679" VPOS="2441" WIDTH="11"/>
						<String ID="P99_ST00336" HPOS="690" VPOS="2406" WIDTH="184" HEIGHT="28" CONTENT="franzosischen" WC="0.65" CC="0093306131725"/>
						<SP ID="P99_SP00287" HPOS="874" VPOS="2441" WIDTH="11"/>
						<String ID="P99_ST00337" HPOS="885" VPOS="2408" WIDTH="120" HEIGHT="26" CONTENT="Zeichner" WC="0.69" CC="05427040"/>
						<SP ID="P99_SP00288" HPOS="1005" VPOS="2441" WIDTH="11"/>
						<String ID="P99_ST00338" HPOS="1016" VPOS="2407" WIDTH="49" HEIGHT="27" CONTENT="auf" WC="0.88" CC="300"/>
						<SP ID="P99_SP00289" HPOS="1065" VPOS="2441" WIDTH="6"/>
						<String ID="P99_ST00339" HPOS="1071" VPOS="2408" WIDTH="135" HEIGHT="26" CONTENT="dieHalfte" WC="0.75" CC="076600010"/>
						<SP ID="P99_SP00290" HPOS="1206" VPOS="2441" WIDTH="11"/>
						<String ID="P99_ST00340" HPOS="1217" VPOS="2408" WIDTH="143" HEIGHT="37" CONTENT="gesunken;" WC="0.88" CC="003200004"/>
					</TextLine>
					<TextLine ID="P99_TL00051" HPOS="498" VPOS="2444" WIDTH="862" HEIGHT="34">
						<String ID="P99_ST00341" HPOS="498" VPOS="2444" WIDTH="98" HEIGHT="34" CONTENT="wenige" WC="0.86" CC="010500"/>
						<SP ID="P99_SP00291" HPOS="596" VPOS="2478" WIDTH="18"/>
						<String ID="P99_ST00342" HPOS="614" VPOS="2446" WIDTH="71" HEIGHT="32" CONTENT="Jahre" WC="0.71" CC="07700"/>
						<SP ID="P99_SP00292" HPOS="685" VPOS="2478" WIDTH="20"/>
						<String ID="P99_ST00343" HPOS="705" VPOS="2447" WIDTH="87" HEIGHT="25" CONTENT="weiter" WC="0.74" CC="025106"/>
						<SP ID="P99_SP00293" HPOS="792" VPOS="2478" WIDTH="20"/>
						<String ID="P99_ST00344" HPOS="812" VPOS="2446" WIDTH="50" HEIGHT="27" CONTENT="und" WC="0.77" CC="600"/>
						<SP ID="P99_SP00294" HPOS="862" VPOS="2478" WIDTH="19"/>
						<String ID="P99_ST00345" HPOS="881" VPOS="2447" WIDTH="147" HEIGHT="26" CONTENT="Frankreich" WC="0.67" CC="5270300606"/>
						<SP ID="P99_SP00295" HPOS="1028" VPOS="2478" WIDTH="18"/>
						<String ID="P99_ST00346" HPOS="1046" VPOS="2457" WIDTH="56" HEIGHT="17" CONTENT="war" WC="0.97" CC="070"/>
						<SP ID="P99_SP00296" HPOS="1102" VPOS="2478" WIDTH="19"/>
						<String ID="P99_ST00347" HPOS="1121" VPOS="2447" WIDTH="176" HEIGHT="27" CONTENT="vollkommen" WC="0.85" CC="0040000036"/>
						<SP ID="P99_SP00297" HPOS="1297" VPOS="2478" WIDTH="19"/>
						<String ID="P99_ST00348" HPOS="1316" VPOS="2459" WIDTH="44" HEIGHT="15" CONTENT="aus" WC="1.00" CC="000"/>
					</TextLine>
					<TextLine ID="P99_TL00052" HPOS="498" VPOS="2481" WIDTH="862" HEIGHT="40">
						<String ID="P99_ST00349" HPOS="498" VPOS="2481" WIDTH="58" HEIGHT="25" CONTENT="dem" WC="0.88" CC="030"/>
						<SP ID="P99_SP00298" HPOS="556" VPOS="2506" WIDTH="13"/>
						<String ID="P99_ST00350" HPOS="569" VPOS="2483" WIDTH="70" HEIGHT="25" CONTENT="Felde" WC="0.70" CC="24502"/>
						<SP ID="P99_SP00299" HPOS="639" VPOS="2508" WIDTH="18"/>
						<String ID="P99_ST00351" HPOS="657" VPOS="2485" WIDTH="157" HEIGHT="36" CONTENT="geschlagen." WC="0.73" CC="01606070600"/>
						<SP ID="P99_SP00300" HPOS="814" VPOS="2521" WIDTH="36"/>
						<String ID="P99_ST00352" HPOS="850" VPOS="2486" WIDTH="213" HEIGHT="26" CONTENT="Bemerkenswert" WC="0.64" CC="9592003060033"/>
						<SP ID="P99_SP00301" HPOS="1063" VPOS="2521" WIDTH="14"/>
						<String ID="P99_ST00353" HPOS="1077" VPOS="2487" WIDTH="32" HEIGHT="25" CONTENT="ist" WC="0.42" CC="565"/>
						<SP ID="P99_SP00302" HPOS="1109" VPOS="2521" WIDTH="14"/>
						<String ID="P99_ST00354" HPOS="1123" VPOS="2487" WIDTH="39" HEIGHT="25" CONTENT="die" WC="1.00" CC="000"/>
						<SP ID="P99_SP00303" HPOS="1162" VPOS="2521" WIDTH="15"/>
						<String ID="P99_ST00355" HPOS="1177" VPOS="2489" WIDTH="104" HEIGHT="24" CONTENT="Stimme" WC="0.72" CC="067002"/>
						<SP ID="P99_SP00304" HPOS="1281" VPOS="2521" WIDTH="15"/>
						<String ID="P99_ST00356" HPOS="1296" VPOS="2489" WIDTH="64" HEIGHT="25" CONTENT="eines" WC="0.59" CC="04545"/>
					</TextLine>
					<TextLine ID="P99_TL00053" HPOS="498" VPOS="2519" WIDTH="862" HEIGHT="44">
						<String ID="P99_ST00357" HPOS="498" VPOS="2519" WIDTH="140" HEIGHT="29" CONTENT="Franzosen." WC="0.75" CC="5000246070"/>
						<SP ID="P99_SP00305" HPOS="638" VPOS="2548" WIDTH="19"/>
						<String ID="P99_ST00358" HPOS="657" VPOS="2524" WIDTH="46" HEIGHT="25" CONTENT="Em" WC="0.73" CC="50"/>
						<SP ID="P99_SP00306" HPOS="703" VPOS="2549" WIDTH="10"/>
						<String ID="P99_ST00359" HPOS="713" VPOS="2526" WIDTH="98" HEIGHT="25" CONTENT="Bericht" WC="0.55" CC="6405166"/>
						<SP ID="P99_SP00307" HPOS="811" VPOS="2551" WIDTH="12"/>
						<String ID="P99_ST00360" HPOS="823" VPOS="2525" WIDTH="40" HEIGHT="26" CONTENT="dcs" WC="0.68" CC="063"/>
						<SP ID="P99_SP00308" HPOS="863" VPOS="2551" WIDTH="12"/>
						<String ID="P99_ST00361" HPOS="875" VPOS="2527" WIDTH="125" HEIGHT="25" CONTENT="Ministers" WC="0.99" CC="010054004"/>
						<SP ID="P99_SP00309" HPOS="1000" VPOS="2552" WIDTH="12"/>
						<String ID="P99_ST00362" HPOS="1012" VPOS="2526" WIDTH="105" HEIGHT="25" CONTENT="Rouher" WC="0.65" CC="503730"/>
						<SP ID="P99_SP00310" HPOS="1117" VPOS="2552" WIDTH="11"/>
						<String ID="P99_ST00363" HPOS="1128" VPOS="2536" WIDTH="31" HEIGHT="15" CONTENT="an" WC="1.00" CC="00"/>
						<SP ID="P99_SP00311" HPOS="1159" VPOS="2552" WIDTH="11"/>
						<String ID="P99_ST00364" HPOS="1170" VPOS="2527" WIDTH="139" HEIGHT="36" CONTENT="Napoleon" WC="1.00" CC="01000002"/>
						<SP ID="P99_SP00312" HPOS="1309" VPOS="2563" WIDTH="10"/>
						<String ID="P99_ST00365" HPOS="1319" VPOS="2529" WIDTH="41" HEIGHT="25" CONTENT="111." WC="0.99" CC="3200"/>
					</TextLine>
					<TextLine ID="P99_TL00054" HPOS="500" VPOS="2557" WIDTH="860" HEIGHT="45">
						<String ID="P99_ST00366" HPOS="500" VPOS="2557" WIDTH="58" HEIGHT="25" CONTENT="iiber" WC="0.55" CC="76070"/>
						<SP ID="P99_SP00313" HPOS="558" VPOS="2582" WIDTH="16"/>
						<String ID="P99_ST00367" HPOS="574" VPOS="2558" WIDTH="46" HEIGHT="26" CONTENT="den" WC="0.98" CC="013"/>
						<SP ID="P99_SP00314" HPOS="620" VPOS="2584" WIDTH="10"/>
						<String ID="P99_ST00368" HPOS="630" VPOS="2562" WIDTH="75" HEIGHT="25" CONTENT="Stand" WC="0.98" CC="06500"/>
						<SP ID="P99_SP00315" HPOS="705" VPOS="2587" WIDTH="13"/>
						<String ID="P99_ST00369" HPOS="718" VPOS="2563" WIDTH="41" HEIGHT="26" CONTENT="der" WC="0.78" CC="060"/>
						<SP ID="P99_SP00316" HPOS="759" VPOS="2589" WIDTH="14"/>
						<String ID="P99_ST00370" HPOS="773" VPOS="2565" WIDTH="143" HEIGHT="35" CONTENT="englischen" WC="0.70" CC="1000553542"/>
						<SP ID="P99_SP00317" HPOS="916" VPOS="2600" WIDTH="16"/>
						<String ID="P99_ST00371" HPOS="932" VPOS="2566" WIDTH="122" HEIGHT="25" CONTENT="Industrie" WC="0.99" CC="166560053"/>
						<SP ID="P99_SP00318" HPOS="1054" VPOS="2600" WIDTH="15"/>
						<String ID="P99_ST00372" HPOS="1069" VPOS="2566" WIDTH="52" HEIGHT="25" CONTENT="und" WC="0.83" CC="050"/>
						<SP ID="P99_SP00319" HPOS="1121" VPOS="2600" WIDTH="16"/>
						<String ID="P99_ST00373" HPOS="1137" VPOS="2566" WIDTH="47" HEIGHT="25" CONTENT="den" WC="0.99" CC="010"/>
						<SP ID="P99_SP00320" HPOS="1184" VPOS="2600" WIDTH="15"/>
						<String ID="P99_ST00374" HPOS="1199" VPOS="2568" WIDTH="161" HEIGHT="34" CONTENT="ungeheuren" WC="0.78" CC="0003520306"/>
					</TextLine>
					<TextLine ID="P99_TL00055" HPOS="500" VPOS="2595" WIDTH="860" HEIGHT="46">
						<String ID="P99_ST00375" HPOS="500" VPOS="2595" WIDTH="151" HEIGHT="33" CONTENT="Fortschntt," WC="0.61" CC="52114057254"/>
						<SP ID="P99_SP00321" HPOS="651" VPOS="2628" WIDTH="21"/>
						<String ID="P99_ST00376" HPOS="672" VPOS="2600" WIDTH="47" HEIGHT="26" CONTENT="den" WC="0.95" CC="066"/>
						<SP ID="P99_SP00322" HPOS="719" VPOS="2628" WIDTH="21"/>
						<String ID="P99_ST00377" HPOS="740" VPOS="2602" WIDTH="39" HEIGHT="26" CONTENT="die" WC="0.96" CC="064"/>
						<SP ID="P99_SP00323" HPOS="779" VPOS="2628" WIDTH="19"/>
						<String ID="P99_ST00378" HPOS="798" VPOS="2605" WIDTH="163" HEIGHT="35" CONTENT="Ausstellung" WC="0.84" CC="00160031400"/>
						<SP ID="P99_SP00324" HPOS="961" VPOS="2640" WIDTH="21"/>
						<String ID="P99_ST00379" HPOS="982" VPOS="2615" WIDTH="50" HEIGHT="15" CONTENT="yon" WC="0.98" CC="004"/>
						<SP ID="P99_SP00325" HPOS="1032" VPOS="2640" WIDTH="23"/>
						<String ID="P99_ST00380" HPOS="1055" VPOS="2604" WIDTH="68" HEIGHT="27" CONTENT="iB6z" WC="0.40" CC="0679"/>
						<SP ID="P99_SP00326" HPOS="1123" VPOS="2640" WIDTH="22"/>
						<String ID="P99_ST00381" HPOS="1145" VPOS="2615" WIDTH="79" HEIGHT="26" CONTENT="gegen" WC="0.87" CC="03003"/>
						<SP ID="P99_SP00327" HPOS="1224" VPOS="2641" WIDTH="19"/>
						<String ID="P99_ST00382" HPOS="1243" VPOS="2606" WIDTH="43" HEIGHT="26" CONTENT="das" WC="0.98" CC="041"/>
						<SP ID="P99_SP00328" HPOS="1286" VPOS="2641" WIDTH="17"/>
						<String ID="P99_ST00383" HPOS="1303" VPOS="2606" WIDTH="57" HEIGHT="33" CONTENT="Jahr" WC="0.72" CC="1270"/>
					</TextLine>
					<TextLine ID="P99_TL00056" HPOS="504" VPOS="2634" WIDTH="860" HEIGHT="46">
						<String ID="P99_ST00384" HPOS="504" VPOS="2634" WIDTH="48" HEIGHT="33" CONTENT="185" WC="0.38" CC="448"/>
						<SP ID="P99_SP00329" HPOS="552" VPOS="2667" WIDTH="9"/>
						<String ID="P99_ST00385" HPOS="561" VPOS="2644" WIDTH="8" HEIGHT="15" CONTENT="1" WC="0.81" CC="1"/>
						<SP ID="P99_SP00330" HPOS="569" VPOS="2667" WIDTH="25"/>
						<String ID="P99_ST00386" HPOS="594" VPOS="2637" WIDTH="85" HEIGHT="34" CONTENT="zeigte," WC="0.68" CC="5160404"/>
						<SP ID="P99_SP00331" HPOS="679" VPOS="2671" WIDTH="17"/>
						<String ID="P99_ST00387" HPOS="696" VPOS="2638" WIDTH="70" HEIGHT="28" CONTENT="fuhrt" WC="0.63" CC="06623"/>
						<SP ID="P99_SP00332" HPOS="766" VPOS="2671" WIDTH="19"/>
						<String ID="P99_ST00388" HPOS="785" VPOS="2642" WIDTH="82" HEIGHT="26" CONTENT="diesen" WC="0.82" CC="023300"/>
						<SP ID="P99_SP00333" HPOS="867" VPOS="2671" WIDTH="18"/>
						<String ID="P99_ST00389" HPOS="885" VPOS="2644" WIDTH="125" HEIGHT="26" CONTENT="schnellen" WC="0.59" CC="345316360"/>
						<SP ID="P99_SP00334" HPOS="1010" VPOS="2671" WIDTH="17"/>
						<String ID="P99_ST00390" HPOS="1027" VPOS="2643" WIDTH="181" HEIGHT="37" CONTENT="Aufschwung" WC="0.81" CC="0505060020"/>
						<SP ID="P99_SP00335" HPOS="1208" VPOS="2680" WIDTH="18"/>
						<String ID="P99_ST00391" HPOS="1226" VPOS="2645" WIDTH="75" HEIGHT="26" CONTENT="allein" WC="0.63" CC="403607"/>
						<SP ID="P99_SP00336" HPOS="1301" VPOS="2680" WIDTH="14"/>
						<String ID="P99_ST00392" HPOS="1315" VPOS="2645" WIDTH="49" HEIGHT="26" CONTENT="auf" WC="0.82" CC="310"/>
					</TextLine>
					<TextLine ID="P99_TL00057" HPOS="502" VPOS="2671" WIDTH="560" HEIGHT="38">
						<String ID="P99_ST00393" HPOS="502" VPOS="2671" WIDTH="45" HEIGHT="25" CONTENT="den" WC="0.96" CC="055"/>
						<SP ID="P99_SP00337" HPOS="547" VPOS="2696" WIDTH="16"/>
						<String ID="P99_ST00394" HPOS="563" VPOS="2673" WIDTH="105" HEIGHT="27" CONTENT="Einflufs" WC="0.84" CC="00300404"/>
						<SP ID="P99_SP00338" HPOS="668" VPOS="2700" WIDTH="14"/>
						<String ID="P99_ST00395" HPOS="682" VPOS="2676" WIDTH="41" HEIGHT="26" CONTENT="der" WC="0.65" CC="064"/>
						<SP ID="P99_SP00339" HPOS="723" VPOS="2702" WIDTH="14"/>
						<String ID="P99_ST00396" HPOS="737" VPOS="2680" WIDTH="209" HEIGHT="28" CONTENT="Zeichenschulen" WC="0.59" CC="03665706460062"/>
						<SP ID="P99_SP00340" HPOS="946" VPOS="2708" WIDTH="15"/>
						<String ID="P99_ST00397" HPOS="961" VPOS="2684" WIDTH="101" HEIGHT="25" CONTENT="zuriick." WC="0.80" CC="40003600"/>
					</TextLine>
				</TextBlock>
				<TextBlock ID="P99_TB00003" HPOS="1439" VPOS="366" WIDTH="880" HEIGHT="1371" STYLEREFS="TXT_0 PAR_BLOCK">
					<TextLine ID="P99_TL00058" HPOS="1509" VPOS="369" WIDTH="806" HEIGHT="38">
						<String ID="P99_ST00398" HPOS="1509" VPOS="370" WIDTH="53" HEIGHT="25" CONTENT="Aus" WC="0.65" CC="063"/>
						<SP ID="P99_SP00341" HPOS="1562" VPOS="395" WIDTH="21"/>
						<String ID="P99_ST00399" HPOS="1583" VPOS="369" WIDTH="42" HEIGHT="26" CONTENT="der" WC="0.59" CC="075"/>
						<SP ID="P99_SP00342" HPOS="1625" VPOS="395" WIDTH="22"/>
						<String ID="P99_ST00400" HPOS="1647" VPOS="371" WIDTH="101" HEIGHT="25" CONTENT="inneren" WC="0.60" CC="6425440"/>
						<SP ID="P99_SP00343" HPOS="1748" VPOS="396" WIDTH="14"/>
						<String ID="P99_ST00401" HPOS="1762" VPOS="371" WIDTH="166" HEIGHT="36" CONTENT="Einrichtung" WC="0.62" CC="35416474400"/>
						<SP ID="P99_SP00344" HPOS="1928" VPOS="407" WIDTH="22"/>
						<String ID="P99_ST00402" HPOS="1950" VPOS="371" WIDTH="76" HEIGHT="26" CONTENT="dieser" WC="0.46" CC="961256"/>
						<SP ID="P99_SP00345" HPOS="2026" VPOS="407" WIDTH="18"/>
						<String ID="P99_ST00403" HPOS="2044" VPOS="371" WIDTH="108" HEIGHT="26" CONTENT="Schulen" WC="0.68" CC="0272504"/>
						<SP ID="P99_SP00346" HPOS="2152" VPOS="407" WIDTH="14"/>
						<String ID="P99_ST00404" HPOS="2166" VPOS="371" WIDTH="32" HEIGHT="26" CONTENT="ist" WC="0.53" CC="525"/>
						<SP ID="P99_SP00347" HPOS="2198" VPOS="407" WIDTH="14"/>
						<String ID="P99_ST00405" HPOS="2212" VPOS="372" WIDTH="89" HEIGHT="26" CONTENT="hervor" SUBS_TYPE="HypPart1" SUBS_CONTENT="hervorzuheben," WC="0.78" CC="601033"/>
						<HYP HPOS="2301" VPOS="372" WIDTH="14" CONTENT="-"/>
					</TextLine>
					<TextLine ID="P99_TL00059" HPOS="1450" VPOS="408" WIDTH="864" HEIGHT="32">
						<String ID="P99_ST00406" HPOS="1450" VPOS="408" WIDTH="120" HEIGHT="30" CONTENT="zuheben," SUBS_TYPE="HypPart2" SUBS_CONTENT="hervorzuheben," WC="0.64" CC="50647004"/>
						<SP ID="P99_SP00348" HPOS="1570" VPOS="438" WIDTH="21"/>
						<String ID="P99_ST00407" HPOS="1591" VPOS="409" WIDTH="54" HEIGHT="26" CONTENT="dafs" WC="0.81" CC="0205"/>
						<SP ID="P99_SP00349" HPOS="1645" VPOS="438" WIDTH="22"/>
						<String ID="P99_ST00408" HPOS="1667" VPOS="410" WIDTH="42" HEIGHT="25" CONTENT="das" WC="1.00" CC="000"/>
						<SP ID="P99_SP00350" HPOS="1709" VPOS="438" WIDTH="15"/>
						<String ID="P99_ST00409" HPOS="1724" VPOS="410" WIDTH="130" HEIGHT="26" CONTENT="Bestreben" WC="0.69" CC="205055006"/>
						<SP ID="P99_SP00351" HPOS="1854" VPOS="438" WIDTH="15"/>
						<String ID="P99_ST00410" HPOS="1869" VPOS="410" WIDTH="164" HEIGHT="30" CONTENT="vorherrscht," WC="0.67" CC="020604053663"/>
						<SP ID="P99_SP00352" HPOS="2033" VPOS="440" WIDTH="22"/>
						<String ID="P99_ST00411" HPOS="2055" VPOS="411" WIDTH="40" HEIGHT="25" CONTENT="die" WC="0.96" CC="062"/>
						<SP ID="P99_SP00353" HPOS="2095" VPOS="440" WIDTH="15"/>
						<String ID="P99_ST00412" HPOS="2110" VPOS="411" WIDTH="102" HEIGHT="26" CONTENT="Schiiler" WC="0.63" CC="04745600"/>
						<SP ID="P99_SP00354" HPOS="2212" VPOS="440" WIDTH="14"/>
						<String ID="P99_ST00413" HPOS="2226" VPOS="410" WIDTH="88" HEIGHT="28" CONTENT="sobald" WC="0.69" CC="600560"/>
					</TextLine>
					<TextLine ID="P99_TL00060" HPOS="1450" VPOS="448" WIDTH="864" HEIGHT="37">
						<String ID="P99_ST00414" HPOS="1450" VPOS="448" WIDTH="53" HEIGHT="25" CONTENT="und" WC="0.83" CC="050"/>
						<SP ID="P99_SP00355" HPOS="1503" VPOS="473" WIDTH="14"/>
						<String ID="P99_ST00415" HPOS="1517" VPOS="458" WIDTH="28" HEIGHT="16" CONTENT="so" WC="0.75" CC="50"/>
						<SP ID="P99_SP00356" HPOS="1545" VPOS="474" WIDTH="15"/>
						<String ID="P99_ST00416" HPOS="1560" VPOS="448" WIDTH="48" HEIGHT="26" CONTENT="viel" WC="0.57" CC="0654"/>
						<SP ID="P99_SP00357" HPOS="1608" VPOS="474" WIDTH="15"/>
						<String ID="P99_ST00417" HPOS="1623" VPOS="449" WIDTH="34" HEIGHT="25" CONTENT="als" WC="0.49" CC="913"/>
						<SP ID="P99_SP00358" HPOS="1657" VPOS="474" WIDTH="15"/>
						<String ID="P99_ST00418" HPOS="1672" VPOS="449" WIDTH="115" HEIGHT="36" CONTENT="moglich" WC="0.77" CC="0002607"/>
						<SP ID="P99_SP00359" HPOS="1787" VPOS="485" WIDTH="14"/>
						<String ID="P99_ST00419" HPOS="1801" VPOS="449" WIDTH="66" HEIGHT="27" CONTENT="nach" WC="0.55" CC="4507"/>
						<SP ID="P99_SP00360" HPOS="1867" VPOS="485" WIDTH="13"/>
						<String ID="P99_ST00420" HPOS="1880" VPOS="449" WIDTH="58" HEIGHT="26" CONTENT="dem" WC="1.00" CC="000"/>
						<SP ID="P99_SP00361" HPOS="1938" VPOS="485" WIDTH="14"/>
						<String ID="P99_ST00421" HPOS="1952" VPOS="449" WIDTH="83" HEIGHT="27" CONTENT="Leben" WC="0.73" CC="01055"/>
						<SP ID="P99_SP00362" HPOS="2035" VPOS="485" WIDTH="14"/>
						<String ID="P99_ST00422" HPOS="2049" VPOS="449" WIDTH="118" HEIGHT="27" CONTENT="zeichnen" WC="0.60" CC="55116414"/>
						<SP ID="P99_SP00363" HPOS="2167" VPOS="485" WIDTH="15"/>
						<String ID="P99_ST00423" HPOS="2182" VPOS="460" WIDTH="30" HEIGHT="16" CONTENT="zu" WC="0.34" CC="75"/>
						<SP ID="P99_SP00364" HPOS="2212" VPOS="485" WIDTH="14"/>
						<String ID="P99_ST00424" HPOS="2226" VPOS="450" WIDTH="88" HEIGHT="26" CONTENT="lassen." WC="0.69" CC="5222800"/>
					</TextLine>
					<TextLine ID="P99_TL00061" HPOS="1450" VPOS="487" WIDTH="864" HEIGHT="39">
						<String ID="P99_ST00425" HPOS="1450" VPOS="487" WIDTH="119" HEIGHT="26" CONTENT="Daneben" WC="0.77" CC="0051700"/>
						<SP ID="P99_SP00365" HPOS="1569" VPOS="513" WIDTH="14"/>
						<String ID="P99_ST00426" HPOS="1583" VPOS="488" WIDTH="30" HEIGHT="25" CONTENT="ist" WC="0.62" CC="235"/>
						<SP ID="P99_SP00366" HPOS="1613" VPOS="513" WIDTH="15"/>
						<String ID="P99_ST00427" HPOS="1628" VPOS="498" WIDTH="51" HEIGHT="16" CONTENT="yon" WC="1.00" CC="000"/>
						<SP ID="P99_SP00367" HPOS="1679" VPOS="514" WIDTH="15"/>
						<String ID="P99_ST00428" HPOS="1694" VPOS="487" WIDTH="107" HEIGHT="36" CONTENT="grofster" WC="0.63" CC="03905153"/>
						<SP ID="P99_SP00368" HPOS="1801" VPOS="523" WIDTH="14"/>
						<String ID="P99_ST00429" HPOS="1815" VPOS="488" WIDTH="153" HEIGHT="37" CONTENT="Bedeutung," WC="0.84" CC="0600100501"/>
						<SP ID="P99_SP00369" HPOS="1968" VPOS="525" WIDTH="16"/>
						<String ID="P99_ST00430" HPOS="1984" VPOS="488" WIDTH="53" HEIGHT="27" CONTENT="dafs" WC="0.85" CC="0006"/>
						<SP ID="P99_SP00370" HPOS="2037" VPOS="525" WIDTH="15"/>
						<String ID="P99_ST00431" HPOS="2052" VPOS="487" WIDTH="118" HEIGHT="28" CONTENT="laufende" WC="0.86" CC="06400000"/>
						<SP ID="P99_SP00371" HPOS="2170" VPOS="525" WIDTH="11"/>
						<String ID="P99_ST00432" HPOS="2181" VPOS="488" WIDTH="133" HEIGHT="38" CONTENT="Aufgaben" WC="0.52" CC="02096567"/>
					</TextLine>
					<TextLine ID="P99_TL00062" HPOS="1448" VPOS="526" WIDTH="866" HEIGHT="39">
						<String ID="P99_ST00433" HPOS="1448" VPOS="526" WIDTH="98" HEIGHT="35" CONTENT="gestellt" WC="0.82" CC="00440300"/>
						<SP ID="P99_SP00372" HPOS="1546" VPOS="561" WIDTH="15"/>
						<String ID="P99_ST00434" HPOS="1561" VPOS="526" WIDTH="102" HEIGHT="27" CONTENT="werden" WC="0.89" CC="000005"/>
						<SP ID="P99_SP00373" HPOS="1663" VPOS="561" WIDTH="20"/>
						<String ID="P99_ST00435" HPOS="1683" VPOS="537" WIDTH="42" HEIGHT="16" CONTENT="zur" WC="0.61" CC="433"/>
						<SP ID="P99_SP00374" HPOS="1725" VPOS="561" WIDTH="14"/>
						<String ID="P99_ST00436" HPOS="1739" VPOS="526" WIDTH="170" HEIGHT="37" CONTENT="Anfertigung" WC="0.92" CC="00040400000"/>
						<SP ID="P99_SP00375" HPOS="1909" VPOS="563" WIDTH="20"/>
						<String ID="P99_ST00437" HPOS="1929" VPOS="537" WIDTH="54" HEIGHT="17" CONTENT="yon" WC="0.98" CC="006"/>
						<SP ID="P99_SP00376" HPOS="1983" VPOS="563" WIDTH="22"/>
						<String ID="P99_ST00438" HPOS="2005" VPOS="528" WIDTH="181" HEIGHT="37" CONTENT="Zeichnungen" WC="0.83" CC="00005702002"/>
						<SP ID="P99_SP00377" HPOS="2186" VPOS="565" WIDTH="22"/>
						<String ID="P99_ST00439" HPOS="2208" VPOS="527" WIDTH="41" HEIGHT="27" CONTENT="fiir" WC="0.78" CC="0053"/>
						<SP ID="P99_SP00378" HPOS="2249" VPOS="565" WIDTH="15"/>
						<String ID="P99_ST00440" HPOS="2264" VPOS="531" WIDTH="34" HEIGHT="24" CONTENT="Ge" SUBS_TYPE="HypPart1" SUBS_CONTENT="Gebrauchsgegenstande." WC="1.00" CC="00"/>
						<HYP HPOS="2298" VPOS="531" WIDTH="16" CONTENT="-"/>
					</TextLine>
					<TextLine ID="P99_TL00063" HPOS="1449" VPOS="565" WIDTH="865" HEIGHT="37">
						<String ID="P99_ST00441" HPOS="1449" VPOS="565" WIDTH="284" HEIGHT="37" CONTENT="brauchsgegenstande." SUBS_TYPE="HypPart2" SUBS_CONTENT="Gebrauchsgegenstande." WC="0.76" CC="4060025000005464050"/>
						<SP ID="P99_SP00379" HPOS="1733" VPOS="602" WIDTH="36"/>
						<String ID="P99_ST00442" HPOS="1769" VPOS="568" WIDTH="48" HEIGHT="24" CONTENT="Em" WC="0.57" CC="36"/>
						<SP ID="P99_SP00380" HPOS="1817" VPOS="602" WIDTH="21"/>
						<String ID="P99_ST00443" HPOS="1838" VPOS="567" WIDTH="81" HEIGHT="30" CONTENT="Stuhl," WC="0.71" CC="051404"/>
						<SP ID="P99_SP00381" HPOS="1919" VPOS="602" WIDTH="25"/>
						<String ID="P99_ST00444" HPOS="1944" VPOS="568" WIDTH="55" HEIGHT="25" CONTENT="cine" WC="0.57" CC="5425"/>
						<SP ID="P99_SP00382" HPOS="1999" VPOS="602" WIDTH="21"/>
						<String ID="P99_ST00445" HPOS="2020" VPOS="566" WIDTH="83" HEIGHT="32" CONTENT="Bank," WC="0.98" CC="60601"/>
						<SP ID="P99_SP00383" HPOS="2103" VPOS="602" WIDTH="24"/>
						<String ID="P99_ST00446" HPOS="2127" VPOS="569" WIDTH="41" HEIGHT="24" CONTENT="em" WC="0.54" CC="36"/>
						<SP ID="P99_SP00384" HPOS="2168" VPOS="602" WIDTH="24"/>
						<String ID="P99_ST00447" HPOS="2192" VPOS="569" WIDTH="122" HEIGHT="25" CONTENT="Leuchter" WC="0.62" CC="36005517"/>
					</TextLine>
					<TextLine ID="P99_TL00064" HPOS="1450" VPOS="604" WIDTH="864" HEIGHT="39">
						<String ID="P99_ST00448" HPOS="1450" VPOS="604" WIDTH="83" HEIGHT="27" CONTENT="bilden" WC="0.67" CC="073006"/>
						<SP ID="P99_SP00385" HPOS="1533" VPOS="631" WIDTH="14"/>
						<String ID="P99_ST00449" HPOS="1547" VPOS="605" WIDTH="49" HEIGHT="26" CONTENT="den" WC="0.99" CC="002"/>
						<SP ID="P99_SP00386" HPOS="1596" VPOS="631" WIDTH="15"/>
						<String ID="P99_ST00450" HPOS="1611" VPOS="605" WIDTH="158" HEIGHT="37" CONTENT="Gegenstand" WC="0.73" CC="0006332640"/>
						<SP ID="P99_SP00387" HPOS="1769" VPOS="642" WIDTH="15"/>
						<String ID="P99_ST00451" HPOS="1784" VPOS="606" WIDTH="43" HEIGHT="25" CONTENT="der" WC="0.97" CC="000"/>
						<SP ID="P99_SP00388" HPOS="1827" VPOS="642" WIDTH="13"/>
						<String ID="P99_ST00452" HPOS="1840" VPOS="605" WIDTH="128" HEIGHT="37" CONTENT="Aufgabe;" WC="0.62" CC="03904354"/>
						<SP ID="P99_SP00389" HPOS="1968" VPOS="642" WIDTH="15"/>
						<String ID="P99_ST00453" HPOS="1983" VPOS="606" WIDTH="53" HEIGHT="35" CONTENT="jede" WC="0.88" CC="0004"/>
						<SP ID="P99_SP00390" HPOS="2036" VPOS="642" WIDTH="14"/>
						<String ID="P99_ST00454" HPOS="2050" VPOS="613" WIDTH="98" HEIGHT="30" CONTENT="strenge" WC="0.67" CC="4352600"/>
						<SP ID="P99_SP00391" HPOS="2148" VPOS="643" WIDTH="11"/>
						<String ID="P99_ST00455" HPOS="2159" VPOS="607" WIDTH="155" HEIGHT="36" CONTENT="Anlehnung" WC="0.67" CC="063650420"/>
					</TextLine>
					<TextLine ID="P99_TL00065" HPOS="1449" VPOS="643" WIDTH="865" HEIGHT="38">
						<String ID="P99_ST00456" HPOS="1449" VPOS="653" WIDTH="32" HEIGHT="17" CONTENT="an" WC="1.00" CC="00"/>
						<SP ID="P99_SP00392" HPOS="1481" VPOS="670" WIDTH="18"/>
						<String ID="P99_ST00457" HPOS="1499" VPOS="643" WIDTH="157" HEIGHT="27" CONTENT="iiberlieferte" WC="0.52" CC="9571436402636"/>
						<SP ID="P99_SP00393" HPOS="1656" VPOS="670" WIDTH="15"/>
						<String ID="P99_ST00458" HPOS="1671" VPOS="647" WIDTH="155" HEIGHT="24" CONTENT="Ornamente" WC="0.67" CC="402706520"/>
						<SP ID="P99_SP00394" HPOS="1826" VPOS="671" WIDTH="15"/>
						<String ID="P99_ST00459" HPOS="1841" VPOS="646" WIDTH="65" HEIGHT="25" CONTENT="wird" WC="0.77" CC="0620"/>
						<SP ID="P99_SP00395" HPOS="1906" VPOS="671" WIDTH="16"/>
						<String ID="P99_ST00460" HPOS="1922" VPOS="645" WIDTH="229" HEIGHT="36" CONTENT="zuriickgewiesen;" WC="0.79" CC="5300000030015760"/>
						<SP ID="P99_SP00396" HPOS="2151" VPOS="681" WIDTH="22"/>
						<String ID="P99_ST00461" HPOS="2173" VPOS="647" WIDTH="40" HEIGHT="25" CONTENT="die" WC="0.98" CC="060"/>
						<SP ID="P99_SP00397" HPOS="2213" VPOS="681" WIDTH="14"/>
						<String ID="P99_ST00462" HPOS="2227" VPOS="647" WIDTH="87" HEIGHT="29" CONTENT="Preise," WC="0.59" CC="4126722"/>
					</TextLine>
					<TextLine ID="P99_TL00066" HPOS="1448" VPOS="681" WIDTH="866" HEIGHT="39">
						<String ID="P99_ST00463" HPOS="1448" VPOS="683" WIDTH="41" HEIGHT="25" CONTENT="die" WC="0.97" CC="051"/>
						<SP ID="P99_SP00398" HPOS="1489" VPOS="708" WIDTH="20"/>
						<String ID="P99_ST00464" HPOS="1509" VPOS="681" WIDTH="42" HEIGHT="27" CONTENT="fiir" WC="0.59" CC="9060"/>
						<SP ID="P99_SP00399" HPOS="1551" VPOS="708" WIDTH="19"/>
						<String ID="P99_ST00465" HPOS="1570" VPOS="684" WIDTH="41" HEIGHT="25" CONTENT="die" WC="0.98" CC="040"/>
						<SP ID="P99_SP00400" HPOS="1611" VPOS="709" WIDTH="21"/>
						<String ID="P99_ST00466" HPOS="1632" VPOS="684" WIDTH="81" HEIGHT="25" CONTENT="besten" WC="0.40" CC="675753"/>
						<SP ID="P99_SP00401" HPOS="1713" VPOS="709" WIDTH="21"/>
						<String ID="P99_ST00467" HPOS="1734" VPOS="683" WIDTH="133" HEIGHT="27" CONTENT="Entwiirfe" WC="0.81" CC="003093000"/>
						<SP ID="P99_SP00402" HPOS="1867" VPOS="710" WIDTH="22"/>
						<String ID="P99_ST00468" HPOS="1889" VPOS="692" WIDTH="135" HEIGHT="28" CONTENT="ausgesetzt" WC="0.74" CC="0060360224"/>
						<SP ID="P99_SP00403" HPOS="2024" VPOS="720" WIDTH="21"/>
						<String ID="P99_ST00469" HPOS="2045" VPOS="685" WIDTH="65" HEIGHT="30" CONTENT="sind," WC="0.64" CC="36304"/>
						<SP ID="P99_SP00404" HPOS="2110" VPOS="720" WIDTH="22"/>
						<String ID="P99_ST00470" HPOS="2132" VPOS="686" WIDTH="103" HEIGHT="26" CONTENT="werden" WC="0.82" CC="022014"/>
						<SP ID="P99_SP00405" HPOS="2235" VPOS="720" WIDTH="21"/>
						<String ID="P99_ST00471" HPOS="2256" VPOS="696" WIDTH="44" HEIGHT="15" CONTENT="aus" SUBS_TYPE="HypPart1" SUBS_CONTENT="ausschliefslich" WC="0.85" CC="005"/>
						<HYP HPOS="2300" VPOS="696" WIDTH="14" CONTENT="-"/>
					</TextLine>
					<TextLine ID="P99_TL00067" HPOS="1448" VPOS="721" WIDTH="865" HEIGHT="38">
						<String ID="P99_ST00472" HPOS="1448" VPOS="721" WIDTH="150" HEIGHT="27" CONTENT="schliefslich" SUBS_TYPE="HypPart2" SUBS_CONTENT="ausschliefslich" WC="0.71" CC="637021040504"/>
						<SP ID="P99_SP00406" HPOS="1598" VPOS="748" WIDTH="29"/>
						<String ID="P99_ST00473" HPOS="1627" VPOS="723" WIDTH="48" HEIGHT="26" CONTENT="den" WC="0.96" CC="037"/>
						<SP ID="P99_SP00407" HPOS="1675" VPOS="749" WIDTH="24"/>
						<String ID="P99_ST00474" HPOS="1699" VPOS="723" WIDTH="183" HEIGHT="36" CONTENT="selbstandigen" WC="0.68" CC="4700550005506"/>
						<SP ID="P99_SP00408" HPOS="1882" VPOS="759" WIDTH="25"/>
						<String ID="P99_ST00475" HPOS="1907" VPOS="725" WIDTH="118" HEIGHT="25" CONTENT="Arbeiten" WC="0.68" CC="00607173"/>
						<SP ID="P99_SP00409" HPOS="2025" VPOS="759" WIDTH="25"/>
						<String ID="P99_ST00476" HPOS="2050" VPOS="725" WIDTH="149" HEIGHT="31" CONTENT="zuerkannt;" WC="0.71" CC="3503070601"/>
						<SP ID="P99_SP00410" HPOS="2199" VPOS="759" WIDTH="29"/>
						<String ID="P99_ST00477" HPOS="2228" VPOS="725" WIDTH="85" HEIGHT="26" CONTENT="wobei" WC="0.60" CC="03456"/>
					</TextLine>
					<TextLine ID="P99_TL00068" HPOS="1448" VPOS="761" WIDTH="865" HEIGHT="32">
						<String ID="P99_ST00478" HPOS="1448" VPOS="761" WIDTH="118" HEIGHT="26" CONTENT="leitender" WC="0.65" CC="065434050"/>
						<SP ID="P99_SP00411" HPOS="1566" VPOS="787" WIDTH="10"/>
						<String ID="P99_ST00479" HPOS="1576" VPOS="763" WIDTH="142" HEIGHT="25" CONTENT="Grundsatz" WC="0.73" CC="000190065"/>
						<SP ID="P99_SP00412" HPOS="1718" VPOS="788" WIDTH="15"/>
						<String ID="P99_ST00480" HPOS="1733" VPOS="762" WIDTH="85" HEIGHT="31" CONTENT="bleibt," WC="0.64" CC="6650041"/>
						<SP ID="P99_SP00413" HPOS="1818" VPOS="793" WIDTH="16"/>
						<String ID="P99_ST00481" HPOS="1834" VPOS="763" WIDTH="54" HEIGHT="26" CONTENT="dafs" WC="0.71" CC="0604"/>
						<SP ID="P99_SP00414" HPOS="1888" VPOS="793" WIDTH="15"/>
						<String ID="P99_ST00482" HPOS="1903" VPOS="764" WIDTH="25" HEIGHT="25" CONTENT="in" WC="0.84" CC="02"/>
						<SP ID="P99_SP00415" HPOS="1928" VPOS="793" WIDTH="11"/>
						<String ID="P99_ST00483" HPOS="1939" VPOS="771" WIDTH="72" HEIGHT="18" CONTENT="erster" WC="0.65" CC="100656"/>
						<SP ID="P99_SP00416" HPOS="2011" VPOS="793" WIDTH="12"/>
						<String ID="P99_ST00484" HPOS="2023" VPOS="763" WIDTH="70" HEIGHT="26" CONTENT="Linie" WC="0.47" CC="06765"/>
						<SP ID="P99_SP00417" HPOS="2093" VPOS="793" WIDTH="11"/>
						<String ID="P99_ST00485" HPOS="2104" VPOS="764" WIDTH="43" HEIGHT="26" CONTENT="der" WC="0.87" CC="003"/>
						<SP ID="P99_SP00418" HPOS="2147" VPOS="793" WIDTH="11"/>
						<String ID="P99_ST00486" HPOS="2158" VPOS="764" WIDTH="140" HEIGHT="27" CONTENT="Gebrauchs" SUBS_TYPE="HypPart1" SUBS_CONTENT="Gebrauchswert," WC="0.76" CC="060000465"/>
						<HYP HPOS="2298" VPOS="764" WIDTH="15" CONTENT="-"/>
					</TextLine>
					<TextLine ID="P99_TL00069" HPOS="1447" VPOS="801" WIDTH="870" HEIGHT="37">
						<String ID="P99_ST00487" HPOS="1447" VPOS="807" WIDTH="74" HEIGHT="23" CONTENT="wert," SUBS_TYPE="HypPart2" SUBS_CONTENT="Gebrauchswert," WC="0.74" CC="04052"/>
						<SP ID="P99_SP00419" HPOS="1521" VPOS="830" WIDTH="15"/>
						<String ID="P99_ST00488" HPOS="1536" VPOS="801" WIDTH="27" HEIGHT="25" CONTENT="in" WC="0.70" CC="05"/>
						<SP ID="P99_SP00420" HPOS="1563" VPOS="830" WIDTH="13"/>
						<String ID="P99_ST00489" HPOS="1576" VPOS="802" WIDTH="101" HEIGHT="25" CONTENT="zweiter" WC="0.59" CC="4055056"/>
						<SP ID="P99_SP00421" HPOS="1677" VPOS="830" WIDTH="15"/>
						<String ID="P99_ST00490" HPOS="1692" VPOS="802" WIDTH="70" HEIGHT="25" CONTENT="Linie" WC="0.56" CC="14546"/>
						<SP ID="P99_SP00422" HPOS="1762" VPOS="830" WIDTH="16"/>
						<String ID="P99_ST00491" HPOS="1778" VPOS="802" WIDTH="39" HEIGHT="25" CONTENT="die" WC="0.98" CC="004"/>
						<SP ID="P99_SP00423" HPOS="1817" VPOS="830" WIDTH="13"/>
						<String ID="P99_ST00492" HPOS="1830" VPOS="803" WIDTH="230" HEIGHT="35" CONTENT="Ornamentierung" WC="0.74" CC="07051540140040"/>
						<SP ID="P99_SP00424" HPOS="2060" VPOS="838" WIDTH="11"/>
						<String ID="P99_ST00493" HPOS="2071" VPOS="803" WIDTH="159" HEIGHT="27" CONTENT="entscheidet." WC="0.77" CC="130206220050"/>
						<SP ID="P99_SP00425" HPOS="2230" VPOS="838" WIDTH="29"/>
						<String ID="P99_ST00494" HPOS="2259" VPOS="802" WIDTH="58" HEIGHT="27" CONTENT="Auf" WC="0.94" CC="010"/>
					</TextLine>
					<TextLine ID="P99_TL00070" HPOS="1448" VPOS="839" WIDTH="865" HEIGHT="39">
						<String ID="P99_ST00495" HPOS="1448" VPOS="839" WIDTH="92" HEIGHT="26" CONTENT="diesem" WC="0.68" CC="065420"/>
						<SP ID="P99_SP00426" HPOS="1540" VPOS="865" WIDTH="19"/>
						<String ID="P99_ST00496" HPOS="1559" VPOS="842" WIDTH="84" HEIGHT="34" CONTENT="Wege" WC="0.95" CC="0200"/>
						<SP ID="P99_SP00427" HPOS="1643" VPOS="876" WIDTH="22"/>
						<String ID="P99_ST00497" HPOS="1665" VPOS="841" WIDTH="145" HEIGHT="35" CONTENT="gewohnen" WC="0.69" CC="00094053"/>
						<SP ID="P99_SP00428" HPOS="1810" VPOS="876" WIDTH="21"/>
						<String ID="P99_ST00498" HPOS="1831" VPOS="841" WIDTH="53" HEIGHT="26" CONTENT="sich" WC="0.77" CC="0026"/>
						<SP ID="P99_SP00429" HPOS="1884" VPOS="876" WIDTH="21"/>
						<String ID="P99_ST00499" HPOS="1905" VPOS="842" WIDTH="39" HEIGHT="26" CONTENT="die" WC="1.00" CC="000"/>
						<SP ID="P99_SP00430" HPOS="1944" VPOS="876" WIDTH="18"/>
						<String ID="P99_ST00500" HPOS="1962" VPOS="841" WIDTH="103" HEIGHT="27" CONTENT="Schiiler" WC="0.69" CC="02606044"/>
						<SP ID="P99_SP00431" HPOS="2065" VPOS="876" WIDTH="22"/>
						<String ID="P99_ST00501" HPOS="2087" VPOS="853" WIDTH="30" HEIGHT="15" CONTENT="an" WC="0.86" CC="02"/>
						<SP ID="P99_SP00432" HPOS="2117" VPOS="876" WIDTH="18"/>
						<String ID="P99_ST00502" HPOS="2135" VPOS="842" WIDTH="178" HEIGHT="36" CONTENT="selbstandiges" WC="0.78" CC="4022220004051"/>
					</TextLine>
					<TextLine ID="P99_TL00071" HPOS="1449" VPOS="878" WIDTH="865" HEIGHT="38">
						<String ID="P99_ST00503" HPOS="1449" VPOS="878" WIDTH="119" HEIGHT="31" CONTENT="Denken," WC="0.82" CC="0500024"/>
						<SP ID="P99_SP00433" HPOS="1568" VPOS="909" WIDTH="15"/>
						<String ID="P99_ST00504" HPOS="1583" VPOS="880" WIDTH="52" HEIGHT="26" CONTENT="und" WC="1.00" CC="000"/>
						<SP ID="P99_SP00434" HPOS="1635" VPOS="909" WIDTH="19"/>
						<String ID="P99_ST00505" HPOS="1654" VPOS="880" WIDTH="51" HEIGHT="30" CONTENT="das," WC="0.99" CC="0213"/>
						<SP ID="P99_SP00435" HPOS="1705" VPOS="910" WIDTH="15"/>
						<String ID="P99_ST00506" HPOS="1720" VPOS="890" WIDTH="53" HEIGHT="17" CONTENT="was" WC="0.95" CC="074"/>
						<SP ID="P99_SP00436" HPOS="1773" VPOS="910" WIDTH="20"/>
						<String ID="P99_ST00507" HPOS="1793" VPOS="881" WIDTH="33" HEIGHT="25" CONTENT="sic" WC="0.58" CC="470"/>
						<SP ID="P99_SP00437" HPOS="1826" VPOS="910" WIDTH="17"/>
						<String ID="P99_ST00508" HPOS="1843" VPOS="880" WIDTH="105" HEIGHT="36" CONTENT="gelernt," WC="0.75" CC="73040040"/>
						<SP ID="P99_SP00438" HPOS="1948" VPOS="916" WIDTH="18"/>
						<String ID="P99_ST00509" HPOS="1966" VPOS="881" WIDTH="123" HEIGHT="26" CONTENT="erscheint" WC="0.57" CC="320566454"/>
						<SP ID="P99_SP00439" HPOS="2089" VPOS="916" WIDTH="15"/>
						<String ID="P99_ST00510" HPOS="2104" VPOS="883" WIDTH="76" HEIGHT="24" CONTENT="ihnen" WC="0.63" CC="36107"/>
						<SP ID="P99_SP00440" HPOS="2180" VPOS="916" WIDTH="14"/>
						<String ID="P99_ST00511" HPOS="2194" VPOS="883" WIDTH="70" HEIGHT="24" CONTENT="nicht" WC="0.64" CC="56050"/>
						<SP ID="P99_SP00441" HPOS="2264" VPOS="916" WIDTH="14"/>
						<String ID="P99_ST00512" HPOS="2278" VPOS="882" WIDTH="36" HEIGHT="25" CONTENT="im" WC="0.74" CC="50"/>
					</TextLine>
					<TextLine ID="P99_TL00072" HPOS="1448" VPOS="918" WIDTH="865" HEIGHT="39">
						<String ID="P99_ST00513" HPOS="1448" VPOS="918" WIDTH="73" HEIGHT="25" CONTENT="Licht" WC="0.69" CC="05260"/>
						<SP ID="P99_SP00442" HPOS="1521" VPOS="943" WIDTH="20"/>
						<String ID="P99_ST00514" HPOS="1541" VPOS="918" WIDTH="67" HEIGHT="27" CONTENT="einer" WC="0.73" CC="06033"/>
						<SP ID="P99_SP00443" HPOS="1608" VPOS="945" WIDTH="21"/>
						<String ID="P99_ST00515" HPOS="1629" VPOS="926" WIDTH="70" HEIGHT="19" CONTENT="toten" WC="0.70" CC="32610"/>
						<SP ID="P99_SP00444" HPOS="1699" VPOS="945" WIDTH="22"/>
						<String ID="P99_ST00516" HPOS="1721" VPOS="919" WIDTH="194" HEIGHT="32" CONTENT="Wissenschaft," WC="0.67" CC="0065205346062"/>
						<SP ID="P99_SP00445" HPOS="1915" VPOS="951" WIDTH="22"/>
						<String ID="P99_ST00517" HPOS="1937" VPOS="921" WIDTH="108" HEIGHT="25" CONTENT="sondern" WC="0.81" CC="1200207"/>
						<SP ID="P99_SP00446" HPOS="2045" VPOS="951" WIDTH="22"/>
						<String ID="P99_ST00518" HPOS="2067" VPOS="921" WIDTH="36" HEIGHT="26" CONTENT="als" WC="0.66" CC="540"/>
						<SP ID="P99_SP00447" HPOS="2103" VPOS="951" WIDTH="21"/>
						<String ID="P99_ST00519" HPOS="2124" VPOS="922" WIDTH="25" HEIGHT="25" CONTENT="in" WC="0.72" CC="05"/>
						<SP ID="P99_SP00448" HPOS="2149" VPOS="951" WIDTH="22"/>
						<String ID="P99_ST00520" HPOS="2171" VPOS="921" WIDTH="142" HEIGHT="36" CONTENT="lebendiger" WC="0.68" CC="5112006077"/>
					</TextLine>
					<TextLine ID="P99_TL00073" HPOS="1448" VPOS="957" WIDTH="861" HEIGHT="38">
						<String ID="P99_ST00521" HPOS="1448" VPOS="957" WIDTH="139" HEIGHT="37" CONTENT="Beziehung" WC="0.72" CC="425146000"/>
						<SP ID="P99_SP00449" HPOS="1587" VPOS="994" WIDTH="20"/>
						<String ID="P99_ST00522" HPOS="1607" VPOS="958" WIDTH="103" HEIGHT="26" CONTENT="stehend" WC="0.62" CC="4637040"/>
						<SP ID="P99_SP00450" HPOS="1710" VPOS="994" WIDTH="22"/>
						<String ID="P99_ST00523" HPOS="1732" VPOS="968" WIDTH="57" HEIGHT="16" CONTENT="zum" WC="0.77" CC="600"/>
						<SP ID="P99_SP00451" HPOS="1789" VPOS="994" WIDTH="14"/>
						<String ID="P99_ST00524" HPOS="1803" VPOS="959" WIDTH="127" HEIGHT="36" CONTENT="taglichen" WC="0.60" CC="400076565"/>
						<SP ID="P99_SP00452" HPOS="1930" VPOS="995" WIDTH="16"/>
						<String ID="P99_ST00525" HPOS="1946" VPOS="960" WIDTH="80" HEIGHT="25" CONTENT="Leben" WC="0.58" CC="02484"/>
						<SP ID="P99_SP00453" HPOS="2026" VPOS="995" WIDTH="17"/>
						<String ID="P99_ST00526" HPOS="2043" VPOS="961" WIDTH="50" HEIGHT="25" CONTENT="und" WC="0.73" CC="250"/>
						<SP ID="P99_SP00454" HPOS="2093" VPOS="995" WIDTH="17"/>
						<String ID="P99_ST00527" HPOS="2110" VPOS="961" WIDTH="83" HEIGHT="25" CONTENT="semen" WC="0.57" CC="65504"/>
						<SP ID="P99_SP00455" HPOS="2193" VPOS="995" WIDTH="15"/>
						<String ID="P99_ST00528" HPOS="2208" VPOS="959" WIDTH="89" HEIGHT="27" CONTENT="Bediirf" SUBS_TYPE="HypPart1" SUBS_CONTENT="Bediirfnissen." WC="0.81" CC="6400300"/>
						<HYP HPOS="2297" VPOS="959" WIDTH="12" CONTENT="-"/>
					</TextLine>
					<TextLine ID="P99_TL00074" HPOS="1447" VPOS="995" WIDTH="865" HEIGHT="39">
						<String ID="P99_ST00529" HPOS="1447" VPOS="995" WIDTH="89" HEIGHT="28" CONTENT="nissen." SUBS_TYPE="HypPart2" SUBS_CONTENT="Bediirfnissen." WC="0.68" CC="5726001"/>
						<SP ID="P99_SP00456" HPOS="1536" VPOS="1023" WIDTH="40"/>
						<String ID="P99_ST00530" HPOS="1576" VPOS="998" WIDTH="48" HEIGHT="25" CONTENT="Die" WC="1.00" CC="000"/>
						<SP ID="P99_SP00457" HPOS="1624" VPOS="1023" WIDTH="34"/>
						<String ID="P99_ST00531" HPOS="1658" VPOS="1007" WIDTH="43" HEIGHT="16" CONTENT="zur" WC="0.97" CC="000"/>
						<SP ID="P99_SP00458" HPOS="1701" VPOS="1023" WIDTH="24"/>
						<String ID="P99_ST00532" HPOS="1725" VPOS="999" WIDTH="54" HEIGHT="24" CONTENT="Zeit" WC="0.73" CC="0063"/>
						<SP ID="P99_SP00459" HPOS="1779" VPOS="1023" WIDTH="29"/>
						<String ID="P99_ST00533" HPOS="1808" VPOS="997" WIDTH="210" HEIGHT="37" CONTENT="umfangreichste" WC="0.69" CC="00097000706560"/>
						<SP ID="P99_SP00460" HPOS="2018" VPOS="1034" WIDTH="29"/>
						<String ID="P99_ST00534" HPOS="2047" VPOS="1000" WIDTH="79" HEIGHT="26" CONTENT="dieser" WC="0.64" CC="056504"/>
						<SP ID="P99_SP00461" HPOS="2126" VPOS="1034" WIDTH="23"/>
						<String ID="P99_ST00535" HPOS="2149" VPOS="1000" WIDTH="109" HEIGHT="25" CONTENT="Schulen" WC="0.62" CC="0063464"/>
						<SP ID="P99_SP00462" HPOS="2258" VPOS="1034" WIDTH="29"/>
						<String ID="P99_ST00536" HPOS="2287" VPOS="1001" WIDTH="25" HEIGHT="24" CONTENT="in" WC="0.68" CC="14"/>
					</TextLine>
					<TextLine ID="P99_TL00075" HPOS="1448" VPOS="1035" WIDTH="863" HEIGHT="39">
						<String ID="P99_ST00537" HPOS="1448" VPOS="1035" WIDTH="171" HEIGHT="37" CONTENT="Birmingham" WC="0.99" CC="0440607650"/>
						<SP ID="P99_SP00463" HPOS="1619" VPOS="1072" WIDTH="22"/>
						<String ID="P99_ST00538" HPOS="1641" VPOS="1038" WIDTH="44" HEIGHT="24" CONTENT="hat" WC="0.94" CC="772"/>
						<SP ID="P99_SP00464" HPOS="1685" VPOS="1072" WIDTH="22"/>
						<String ID="P99_ST00539" HPOS="1707" VPOS="1037" WIDTH="149" HEIGHT="36" CONTENT="neuerdings" WC="0.83" CC="1715000001"/>
						<SP ID="P99_SP00465" HPOS="1856" VPOS="1073" WIDTH="28"/>
						<String ID="P99_ST00540" HPOS="1884" VPOS="1038" WIDTH="145" HEIGHT="35" CONTENT="begonnen," WC="0.67" CC="060137603"/>
						<SP ID="P99_SP00466" HPOS="2029" VPOS="1073" WIDTH="29"/>
						<String ID="P99_ST00541" HPOS="2058" VPOS="1039" WIDTH="46" HEIGHT="26" CONTENT="den" WC="0.97" CC="070"/>
						<SP ID="P99_SP00467" HPOS="2104" VPOS="1073" WIDTH="25"/>
						<String ID="P99_ST00542" HPOS="2129" VPOS="1039" WIDTH="182" HEIGHT="35" CONTENT="Zeichnungen" WC="0.70" CC="03415530007"/>
					</TextLine>
					<TextLine ID="P99_TL00076" HPOS="1447" VPOS="1074" WIDTH="865" HEIGHT="38">
						<String ID="P99_ST00543" HPOS="1447" VPOS="1074" WIDTH="66" HEIGHT="26" CONTENT="auch" WC="0.61" CC="5026"/>
						<SP ID="P99_SP00468" HPOS="1513" VPOS="1100" WIDTH="14"/>
						<String ID="P99_ST00544" HPOS="1527" VPOS="1075" WIDTH="39" HEIGHT="26" CONTENT="die" WC="0.96" CC="055"/>
						<SP ID="P99_SP00469" HPOS="1566" VPOS="1101" WIDTH="12"/>
						<String ID="P99_ST00545" HPOS="1578" VPOS="1075" WIDTH="168" HEIGHT="37" CONTENT="Ausfiihrung" WC="0.55" CC="06499174050"/>
						<SP ID="P99_SP00470" HPOS="1746" VPOS="1112" WIDTH="18"/>
						<String ID="P99_ST00546" HPOS="1764" VPOS="1075" WIDTH="88" HEIGHT="37" CONTENT="folgen" WC="0.50" CC="930816"/>
						<SP ID="P99_SP00471" HPOS="1852" VPOS="1112" WIDTH="18"/>
						<String ID="P99_ST00547" HPOS="1870" VPOS="1087" WIDTH="30" HEIGHT="16" CONTENT="zu" WC="0.86" CC="20"/>
						<SP ID="P99_SP00472" HPOS="1900" VPOS="1112" WIDTH="17"/>
						<String ID="P99_ST00548" HPOS="1917" VPOS="1078" WIDTH="86" HEIGHT="27" CONTENT="lassen." WC="0.58" CC="3544540"/>
						<SP ID="P99_SP00473" HPOS="2003" VPOS="1112" WIDTH="32"/>
						<String ID="P99_ST00549" HPOS="2035" VPOS="1078" WIDTH="134" HEIGHT="26" CONTENT="Besonders" WC="0.79" CC="522050010"/>
						<SP ID="P99_SP00474" HPOS="2169" VPOS="1112" WIDTH="20"/>
						<String ID="P99_ST00550" HPOS="2189" VPOS="1077" WIDTH="49" HEIGHT="27" CONTENT="auf" WC="0.88" CC="300"/>
						<SP ID="P99_SP00475" HPOS="2238" VPOS="1112" WIDTH="16"/>
						<String ID="P99_ST00551" HPOS="2254" VPOS="1078" WIDTH="58" HEIGHT="25" CONTENT="dem" WC="0.80" CC="050"/>
					</TextLine>
					<TextLine ID="P99_TL00077" HPOS="1447" VPOS="1113" WIDTH="863" HEIGHT="40">
						<String ID="P99_ST00552" HPOS="1447" VPOS="1113" WIDTH="101" HEIGHT="27" CONTENT="Gebiete" WC="0.58" CC="0663245"/>
						<SP ID="P99_SP00476" HPOS="1548" VPOS="1140" WIDTH="23"/>
						<String ID="P99_ST00553" HPOS="1571" VPOS="1115" WIDTH="40" HEIGHT="25" CONTENT="dcs" WC="0.62" CC="056"/>
						<SP ID="P99_SP00477" HPOS="1611" VPOS="1140" WIDTH="23"/>
						<String ID="P99_ST00554" HPOS="1634" VPOS="1116" WIDTH="187" HEIGHT="34" CONTENT="gehammerten" WC="0.68" CC="04400075506"/>
						<SP ID="P99_SP00478" HPOS="1821" VPOS="1150" WIDTH="14"/>
						<String ID="P99_ST00555" HPOS="1835" VPOS="1117" WIDTH="109" HEIGHT="29" CONTENT="Metalls," WC="0.83" CC="02100053"/>
						<SP ID="P99_SP00479" HPOS="1944" VPOS="1150" WIDTH="22"/>
						<String ID="P99_ST00556" HPOS="1966" VPOS="1117" WIDTH="26" HEIGHT="26" CONTENT="in" WC="0.51" CC="45"/>
						<SP ID="P99_SP00480" HPOS="1992" VPOS="1150" WIDTH="21"/>
						<String ID="P99_ST00557" HPOS="2013" VPOS="1117" WIDTH="42" HEIGHT="26" CONTENT="der" WC="0.96" CC="010"/>
						<SP ID="P99_SP00481" HPOS="2055" VPOS="1150" WIDTH="15"/>
						<String ID="P99_ST00558" HPOS="2070" VPOS="1117" WIDTH="172" HEIGHT="36" CONTENT="Anfertigung" WC="0.76" CC="00026350610"/>
						<SP ID="P99_SP00482" HPOS="2242" VPOS="1153" WIDTH="18"/>
						<String ID="P99_ST00559" HPOS="2260" VPOS="1127" WIDTH="50" HEIGHT="17" CONTENT="yon" WC="0.99" CC="001"/>
					</TextLine>
					<TextLine ID="P99_TL00078" HPOS="1447" VPOS="1154" WIDTH="862" HEIGHT="31">
						<String ID="P99_ST00560" HPOS="1447" VPOS="1154" WIDTH="147" HEIGHT="29" CONTENT="Leuchtern," WC="0.69" CC="3410555303"/>
						<SP ID="P99_SP00483" HPOS="1594" VPOS="1183" WIDTH="16"/>
						<String ID="P99_ST00561" HPOS="1610" VPOS="1154" WIDTH="105" HEIGHT="31" CONTENT="Becken," WC="0.68" CC="4640303"/>
						<SP ID="P99_SP00484" HPOS="1715" VPOS="1185" WIDTH="15"/>
						<String ID="P99_ST00562" HPOS="1730" VPOS="1155" WIDTH="126" HEIGHT="30" CONTENT="Terrinen," WC="0.77" CC="000025803"/>
						<SP ID="P99_SP00485" HPOS="1856" VPOS="1185" WIDTH="17"/>
						<String ID="P99_ST00563" HPOS="1873" VPOS="1155" WIDTH="65" HEIGHT="26" CONTENT="auch" WC="0.51" CC="9036"/>
						<SP ID="P99_SP00486" HPOS="1938" VPOS="1185" WIDTH="18"/>
						<String ID="P99_ST00564" HPOS="1956" VPOS="1156" WIDTH="27" HEIGHT="26" CONTENT="in" WC="0.45" CC="46"/>
						<SP ID="P99_SP00487" HPOS="1983" VPOS="1185" WIDTH="14"/>
						<String ID="P99_ST00565" HPOS="1997" VPOS="1155" WIDTH="42" HEIGHT="28" CONTENT="der" WC="1.00" CC="000"/>
						<SP ID="P99_SP00488" HPOS="2039" VPOS="1185" WIDTH="15"/>
						<String ID="P99_ST00566" HPOS="2054" VPOS="1156" WIDTH="181" HEIGHT="27" CONTENT="Email-Arbeit" WC="0.99" CC="000680006066"/>
						<SP ID="P99_SP00489" HPOS="2235" VPOS="1185" WIDTH="19"/>
						<String ID="P99_ST00567" HPOS="2254" VPOS="1156" WIDTH="55" HEIGHT="27" CONTENT="sind" WC="1.00" CC="0000"/>
					</TextLine>
					<TextLine ID="P99_TL00079" HPOS="1447" VPOS="1191" WIDTH="613" HEIGHT="38">
						<String ID="P99_ST00568" HPOS="1447" VPOS="1191" WIDTH="71" HEIGHT="27" CONTENT="dabei" WC="0.63" CC="07703"/>
						<SP ID="P99_SP00490" HPOS="1518" VPOS="1218" WIDTH="15"/>
						<String ID="P99_ST00569" HPOS="1533" VPOS="1194" WIDTH="54" HEIGHT="25" CONTENT="sehr" WC="0.62" CC="4351"/>
						<SP ID="P99_SP00491" HPOS="1587" VPOS="1219" WIDTH="14"/>
						<String ID="P99_ST00570" HPOS="1601" VPOS="1194" WIDTH="116" HEIGHT="35" CONTENT="giinstige" WC="0.87" CC="040050001"/>
						<SP ID="P99_SP00492" HPOS="1717" VPOS="1229" WIDTH="14"/>
						<String ID="P99_ST00571" HPOS="1731" VPOS="1193" WIDTH="103" HEIGHT="36" CONTENT="Erfolge" WC="0.82" CC="0005006"/>
						<SP ID="P99_SP00493" HPOS="1834" VPOS="1229" WIDTH="15"/>
						<String ID="P99_ST00572" HPOS="1849" VPOS="1195" WIDTH="81" HEIGHT="26" CONTENT="erzielt" WC="0.81" CC="0123202"/>
						<SP ID="P99_SP00494" HPOS="1930" VPOS="1229" WIDTH="15"/>
						<String ID="P99_ST00573" HPOS="1945" VPOS="1196" WIDTH="115" HEIGHT="27" CONTENT="worden." WC="0.94" CC="0000004"/>
					</TextLine>
					<TextLine ID="P99_TL00080" HPOS="1506" VPOS="1233" WIDTH="803" HEIGHT="32">
						<String ID="P99_ST00574" HPOS="1506" VPOS="1233" WIDTH="74" HEIGHT="25" CONTENT="Mehr" WC="0.77" CC="0430"/>
						<SP ID="P99_SP00495" HPOS="1580" VPOS="1258" WIDTH="18"/>
						<String ID="P99_ST00575" HPOS="1598" VPOS="1233" WIDTH="34" HEIGHT="26" CONTENT="als" WC="0.64" CC="243"/>
						<SP ID="P99_SP00496" HPOS="1632" VPOS="1259" WIDTH="15"/>
						<String ID="P99_ST00576" HPOS="1647" VPOS="1233" WIDTH="43" HEIGHT="26" CONTENT="der" WC="0.94" CC="010"/>
						<SP ID="P99_SP00497" HPOS="1690" VPOS="1259" WIDTH="14"/>
						<String ID="P99_ST00577" HPOS="1704" VPOS="1233" WIDTH="75" HEIGHT="26" CONTENT="vierte" WC="0.71" CC="043035"/>
						<SP ID="P99_SP00498" HPOS="1779" VPOS="1259" WIDTH="14"/>
						<String ID="P99_ST00578" HPOS="1793" VPOS="1234" WIDTH="54" HEIGHT="26" CONTENT="Teil" WC="0.81" CC="0430"/>
						<SP ID="P99_SP00499" HPOS="1847" VPOS="1260" WIDTH="15"/>
						<String ID="P99_ST00579" HPOS="1862" VPOS="1234" WIDTH="42" HEIGHT="26" CONTENT="der" WC="0.83" CC="004"/>
						<SP ID="P99_SP00500" HPOS="1904" VPOS="1260" WIDTH="14"/>
						<String ID="P99_ST00580" HPOS="1918" VPOS="1235" WIDTH="143" HEIGHT="25" CONTENT="Lernenden" WC="0.75" CC="050065011"/>
						<SP ID="P99_SP00501" HPOS="2061" VPOS="1260" WIDTH="15"/>
						<String ID="P99_ST00581" HPOS="2076" VPOS="1235" WIDTH="55" HEIGHT="25" CONTENT="sind" WC="0.87" CC="5000"/>
						<SP ID="P99_SP00502" HPOS="2131" VPOS="1260" WIDTH="15"/>
						<String ID="P99_ST00582" HPOS="2146" VPOS="1235" WIDTH="163" HEIGHT="30" CONTENT="Dilettanten," WC="0.64" CC="026722073604"/>
					</TextLine>
					<TextLine ID="P99_TL00081" HPOS="1444" VPOS="1270" WIDTH="866" HEIGHT="40">
						<String ID="P99_ST00583" HPOS="1444" VPOS="1270" WIDTH="39" HEIGHT="26" CONTENT="die" WC="0.95" CC="066"/>
						<SP ID="P99_SP00503" HPOS="1483" VPOS="1296" WIDTH="12"/>
						<String ID="P99_ST00584" HPOS="1495" VPOS="1271" WIDTH="64" HEIGHT="26" CONTENT="diese" WC="0.66" CC="04660"/>
						<SP ID="P99_SP00504" HPOS="1559" VPOS="1297" WIDTH="8"/>
						<String ID="P99_ST00585" HPOS="1567" VPOS="1271" WIDTH="106" HEIGHT="27" CONTENT="Schulen" WC="0.71" CC="0263070"/>
						<SP ID="P99_SP00505" HPOS="1673" VPOS="1298" WIDTH="13"/>
						<String ID="P99_ST00586" HPOS="1686" VPOS="1273" WIDTH="70" HEIGHT="26" CONTENT="nicht" WC="0.68" CC="06034"/>
						<SP ID="P99_SP00506" HPOS="1756" VPOS="1299" WIDTH="12"/>
						<String ID="P99_ST00587" HPOS="1768" VPOS="1272" WIDTH="123" HEIGHT="27" CONTENT="besuchen" WC="0.80" CC="00300432"/>
						<SP ID="P99_SP00507" HPOS="1891" VPOS="1299" WIDTH="12"/>
						<String ID="P99_ST00588" HPOS="1903" VPOS="1273" WIDTH="34" HEIGHT="26" CONTENT="als" WC="0.69" CC="306"/>
						<SP ID="P99_SP00508" HPOS="1937" VPOS="1299" WIDTH="11"/>
						<String ID="P99_ST00589" HPOS="1948" VPOS="1273" WIDTH="183" HEIGHT="37" CONTENT="Vorbereitung" WC="0.81" CC="002103065220"/>
						<SP ID="P99_SP00509" HPOS="2131" VPOS="1310" WIDTH="7"/>
						<String ID="P99_ST00590" HPOS="2138" VPOS="1284" WIDTH="57" HEIGHT="16" CONTENT="zum" WC="0.45" CC="709"/>
						<SP ID="P99_SP00510" HPOS="2195" VPOS="1310" WIDTH="9"/>
						<String ID="P99_ST00591" HPOS="2204" VPOS="1274" WIDTH="91" HEIGHT="25" CONTENT="Lebens" SUBS_TYPE="HypPart1" SUBS_CONTENT="Lebensberuf," WC="0.70" CC="202653"/>
						<HYP HPOS="2295" VPOS="1274" WIDTH="15" CONTENT="-"/>
					</TextLine>
					<TextLine ID="P99_TL00082" HPOS="1444" VPOS="1309" WIDTH="865" HEIGHT="40">
						<String ID="P99_ST00592" HPOS="1444" VPOS="1309" WIDTH="81" HEIGHT="31" CONTENT="beruf," SUBS_TYPE="HypPart2" SUBS_CONTENT="Lebensberuf," WC="0.63" CC="760304"/>
						<SP ID="P99_SP00511" HPOS="1525" VPOS="1340" WIDTH="23"/>
						<String ID="P99_ST00593" HPOS="1548" VPOS="1311" WIDTH="109" HEIGHT="26" CONTENT="sondern" WC="0.77" CC="4000407"/>
						<SP ID="P99_SP00512" HPOS="1657" VPOS="1340" WIDTH="22"/>
						<String ID="P99_ST00594" HPOS="1679" VPOS="1312" WIDTH="33" HEIGHT="26" CONTENT="als" WC="0.58" CC="705"/>
						<SP ID="P99_SP00513" HPOS="1712" VPOS="1340" WIDTH="23"/>
						<String ID="P99_ST00595" HPOS="1735" VPOS="1312" WIDTH="173" HEIGHT="36" CONTENT="Gelegenheit," WC="0.64" CC="064700670233"/>
						<SP ID="P99_SP00514" HPOS="1908" VPOS="1348" WIDTH="19"/>
						<String ID="P99_ST00596" HPOS="1927" VPOS="1313" WIDTH="52" HEIGHT="25" CONTENT="sich" WC="0.53" CC="5345"/>
						<SP ID="P99_SP00515" HPOS="1979" VPOS="1348" WIDTH="23"/>
						<String ID="P99_ST00597" HPOS="2002" VPOS="1314" WIDTH="24" HEIGHT="25" CONTENT="in" WC="0.68" CC="33"/>
						<SP ID="P99_SP00516" HPOS="2026" VPOS="1348" WIDTH="16"/>
						<String ID="P99_ST00598" HPOS="2042" VPOS="1314" WIDTH="42" HEIGHT="25" CONTENT="der" WC="0.91" CC="002"/>
						<SP ID="P99_SP00517" HPOS="2084" VPOS="1348" WIDTH="21"/>
						<String ID="P99_ST00599" HPOS="2105" VPOS="1312" WIDTH="143" HEIGHT="37" CONTENT="Schiirfung" WC="0.71" CC="0077750000"/>
						<SP ID="P99_SP00518" HPOS="2248" VPOS="1349" WIDTH="20"/>
						<String ID="P99_ST00600" HPOS="2268" VPOS="1313" WIDTH="41" HEIGHT="26" CONTENT="dcs" WC="0.97" CC="000"/>
					</TextLine>
					<TextLine ID="P99_TL00083" HPOS="1444" VPOS="1350" WIDTH="865" HEIGHT="37">
						<String ID="P99_ST00601" HPOS="1444" VPOS="1350" WIDTH="90" HEIGHT="35" CONTENT="Auges," WC="0.70" CC="030454"/>
						<SP ID="P99_SP00519" HPOS="1534" VPOS="1385" WIDTH="16"/>
						<String ID="P99_ST00602" HPOS="1550" VPOS="1351" WIDTH="25" HEIGHT="25" CONTENT="in" WC="0.75" CC="40"/>
						<SP ID="P99_SP00520" HPOS="1575" VPOS="1385" WIDTH="19"/>
						<String ID="P99_ST00603" HPOS="1594" VPOS="1350" WIDTH="42" HEIGHT="26" CONTENT="der" WC="0.80" CC="032"/>
						<SP ID="P99_SP00521" HPOS="1636" VPOS="1385" WIDTH="15"/>
						<String ID="P99_ST00604" HPOS="1651" VPOS="1350" WIDTH="183" HEIGHT="37" CONTENT="Entwicklung" WC="0.66" CC="60094407300"/>
						<SP ID="P99_SP00522" HPOS="1834" VPOS="1387" WIDTH="17"/>
						<String ID="P99_ST00605" HPOS="1851" VPOS="1352" WIDTH="41" HEIGHT="25" CONTENT="dcs" WC="0.76" CC="015"/>
						<SP ID="P99_SP00523" HPOS="1892" VPOS="1387" WIDTH="19"/>
						<String ID="P99_ST00606" HPOS="1911" VPOS="1352" WIDTH="197" HEIGHT="27" CONTENT="kiinstlerischen" WC="0.72" CC="004033055060326"/>
						<SP ID="P99_SP00524" HPOS="2108" VPOS="1387" WIDTH="19"/>
						<String ID="P99_ST00607" HPOS="2127" VPOS="1352" WIDTH="182" HEIGHT="28" CONTENT="Geschmackes" WC="0.94" CC="00023000000"/>
					</TextLine>
					<TextLine ID="P99_TL00084" HPOS="1443" VPOS="1387" WIDTH="866" HEIGHT="39">
						<String ID="P99_ST00608" HPOS="1443" VPOS="1387" WIDTH="178" HEIGHT="30" CONTENT="fortzubilden." WC="0.70" CC="0144722430050"/>
						<SP ID="P99_SP00525" HPOS="1621" VPOS="1417" WIDTH="13"/>
						<String ID="P99_ST00609" HPOS="1634" VPOS="1391" WIDTH="46" HEIGHT="24" CONTENT="Die" WC="0.98" CC="014"/>
						<SP ID="P99_SP00526" HPOS="1680" VPOS="1417" WIDTH="8"/>
						<String ID="P99_ST00610" HPOS="1688" VPOS="1393" WIDTH="114" HEIGHT="33" CONTENT="Vorziige" WC="0.90" CC="00040002"/>
						<SP ID="P99_SP00527" HPOS="1802" VPOS="1426" WIDTH="9"/>
						<String ID="P99_ST00611" HPOS="1811" VPOS="1391" WIDTH="84" HEIGHT="30" CONTENT="dieser," WC="0.81" CC="0321203"/>
						<SP ID="P99_SP00528" HPOS="1895" VPOS="1426" WIDTH="10"/>
						<String ID="P99_ST00612" HPOS="1905" VPOS="1391" WIDTH="114" HEIGHT="35" CONTENT="iibrigens" WC="0.70" CC="060300465"/>
						<SP ID="P99_SP00529" HPOS="2019" VPOS="1426" WIDTH="10"/>
						<String ID="P99_ST00613" HPOS="2029" VPOS="1391" WIDTH="48" HEIGHT="27" CONTENT="auf" WC="0.70" CC="350"/>
						<SP ID="P99_SP00530" HPOS="2077" VPOS="1426" WIDTH="8"/>
						<String ID="P99_ST00614" HPOS="2085" VPOS="1391" WIDTH="224" HEIGHT="27" CONTENT="wirtschafclichen" WC="0.60" CC="0660440508363633"/>
					</TextLine>
					<TextLine ID="P99_TL00085" HPOS="1444" VPOS="1428" WIDTH="865" HEIGHT="38">
						<String ID="P99_ST00615" HPOS="1444" VPOS="1428" WIDTH="120" HEIGHT="26" CONTENT="Griinden" WC="0.76" CC="00952000"/>
						<SP ID="P99_SP00531" HPOS="1564" VPOS="1454" WIDTH="18"/>
						<String ID="P99_ST00616" HPOS="1582" VPOS="1428" WIDTH="168" HEIGHT="31" CONTENT="beruhenden," WC="0.67" CC="17206700604"/>
						<SP ID="P99_SP00532" HPOS="1750" VPOS="1459" WIDTH="15"/>
						<String ID="P99_ST00617" HPOS="1765" VPOS="1431" WIDTH="167" HEIGHT="35" CONTENT="Einrichtung" WC="0.82" CC="00007262000"/>
						<SP ID="P99_SP00533" HPOS="1932" VPOS="1466" WIDTH="14"/>
						<String ID="P99_ST00618" HPOS="1946" VPOS="1432" WIDTH="54" HEIGHT="25" CONTENT="sind" WC="0.72" CC="3700"/>
						<SP ID="P99_SP00534" HPOS="2000" VPOS="1466" WIDTH="16"/>
						<String ID="P99_ST00619" HPOS="2016" VPOS="1432" WIDTH="182" HEIGHT="26" CONTENT="einleuchtend." WC="0.80" CC="3600400540000"/>
						<SP ID="P99_SP00535" HPOS="2198" VPOS="1466" WIDTH="22"/>
						<String ID="P99_ST00620" HPOS="2220" VPOS="1431" WIDTH="89" HEIGHT="26" CONTENT="Neben" WC="0.71" CC="05332"/>
					</TextLine>
					<TextLine ID="P99_TL00086" HPOS="1443" VPOS="1466" WIDTH="866" HEIGHT="40">
						<String ID="P99_ST00621" HPOS="1443" VPOS="1466" WIDTH="49" HEIGHT="27" CONTENT="den" WC="0.97" CC="007"/>
						<SP ID="P99_SP00536" HPOS="1492" VPOS="1493" WIDTH="20"/>
						<String ID="P99_ST00622" HPOS="1512" VPOS="1466" WIDTH="161" HEIGHT="28" CONTENT="schaffenden" WC="0.58" CC="42667060046"/>
						<SP ID="P99_SP00537" HPOS="1673" VPOS="1494" WIDTH="20"/>
						<String ID="P99_ST00623" HPOS="1693" VPOS="1467" WIDTH="105" HEIGHT="27" CONTENT="Kraften" WC="0.63" CC="0090643"/>
						<SP ID="P99_SP00538" HPOS="1798" VPOS="1494" WIDTH="24"/>
						<String ID="P99_ST00624" HPOS="1822" VPOS="1470" WIDTH="100" HEIGHT="25" CONTENT="werden" WC="0.97" CC="000010"/>
						<SP ID="P99_SP00539" HPOS="1922" VPOS="1495" WIDTH="20"/>
						<String ID="P99_ST00625" HPOS="1942" VPOS="1470" WIDTH="40" HEIGHT="26" CONTENT="die" WC="0.97" CC="026"/>
						<SP ID="P99_SP00540" HPOS="1982" VPOS="1496" WIDTH="23"/>
						<String ID="P99_ST00626" HPOS="2005" VPOS="1470" WIDTH="173" HEIGHT="35" CONTENT="geniefsenden" WC="0.70" CC="040760620043"/>
						<SP ID="P99_SP00541" HPOS="2178" VPOS="1505" WIDTH="19"/>
						<String ID="P99_ST00627" HPOS="2197" VPOS="1480" WIDTH="112" HEIGHT="26" CONTENT="erzogen." WC="0.80" CC="30500600"/>
					</TextLine>
					<TextLine ID="P99_TL00087" HPOS="1444" VPOS="1507" WIDTH="865" HEIGHT="38">
						<String ID="P99_ST00628" HPOS="1444" VPOS="1507" WIDTH="82" HEIGHT="29" CONTENT="Diese," WC="0.72" CC="050604"/>
						<SP ID="P99_SP00542" HPOS="1526" VPOS="1536" WIDTH="15"/>
						<String ID="P99_ST00629" HPOS="1541" VPOS="1507" WIDTH="104" HEIGHT="25" CONTENT="beinahe" WC="0.78" CC="2040061"/>
						<SP ID="P99_SP00543" HPOS="1645" VPOS="1536" WIDTH="18"/>
						<String ID="P99_ST00630" HPOS="1663" VPOS="1507" WIDTH="172" HEIGHT="26" CONTENT="ausnahmslos" WC="0.67" CC="70507500046"/>
						<SP ID="P99_SP00544" HPOS="1835" VPOS="1536" WIDTH="15"/>
						<String ID="P99_ST00631" HPOS="1850" VPOS="1510" WIDTH="111" HEIGHT="28" CONTENT="Damen," WC="0.75" CC="070204"/>
						<SP ID="P99_SP00545" HPOS="1961" VPOS="1538" WIDTH="16"/>
						<String ID="P99_ST00632" HPOS="1977" VPOS="1516" WIDTH="84" HEIGHT="29" CONTENT="tragen" WC="0.74" CC="500026"/>
						<SP ID="P99_SP00546" HPOS="2061" VPOS="1545" WIDTH="15"/>
						<String ID="P99_ST00633" HPOS="2076" VPOS="1509" WIDTH="48" HEIGHT="26" CONTENT="den" WC="0.98" CC="006"/>
						<SP ID="P99_SP00547" HPOS="2124" VPOS="1545" WIDTH="14"/>
						<String ID="P99_ST00634" HPOS="2138" VPOS="1509" WIDTH="171" HEIGHT="31" CONTENT="verfeinerten," WC="0.87" CC="0000050010034"/>
					</TextLine>
					<TextLine ID="P99_TL00088" HPOS="1443" VPOS="1544" WIDTH="866" HEIGHT="36">
						<String ID="P99_ST00635" HPOS="1443" VPOS="1544" WIDTH="199" HEIGHT="27" CONTENT="kiinstlerischen" WC="0.67" CC="070424331331416"/>
						<SP ID="P99_SP00548" HPOS="1642" VPOS="1571" WIDTH="22"/>
						<String ID="P99_ST00636" HPOS="1664" VPOS="1546" WIDTH="169" HEIGHT="30" CONTENT="Geschmack," WC="0.67" CC="0024606074"/>
						<SP ID="P99_SP00549" HPOS="1833" VPOS="1576" WIDTH="25"/>
						<String ID="P99_ST00637" HPOS="1858" VPOS="1546" WIDTH="47" HEIGHT="26" CONTENT="den" WC="0.98" CC="022"/>
						<SP ID="P99_SP00550" HPOS="1905" VPOS="1576" WIDTH="19"/>
						<String ID="P99_ST00638" HPOS="1924" VPOS="1548" WIDTH="34" HEIGHT="25" CONTENT="sic" WC="0.54" CC="534"/>
						<SP ID="P99_SP00551" HPOS="1958" VPOS="1576" WIDTH="17"/>
						<String ID="P99_ST00639" HPOS="1975" VPOS="1547" WIDTH="82" HEIGHT="27" CONTENT="diesen" WC="0.59" CC="060538"/>
						<SP ID="P99_SP00552" HPOS="2057" VPOS="1576" WIDTH="18"/>
						<String ID="P99_ST00640" HPOS="2075" VPOS="1548" WIDTH="108" HEIGHT="27" CONTENT="Schulen" WC="0.76" CC="0060027"/>
						<SP ID="P99_SP00553" HPOS="2183" VPOS="1576" WIDTH="18"/>
						<String ID="P99_ST00641" HPOS="2201" VPOS="1548" WIDTH="108" HEIGHT="32" CONTENT="danken," WC="0.72" CC="0350162"/>
					</TextLine>
					<TextLine ID="P99_TL00089" HPOS="1444" VPOS="1585" WIDTH="865" HEIGHT="29">
						<String ID="P99_ST00642" HPOS="1444" VPOS="1585" WIDTH="25" HEIGHT="25" CONTENT="in" WC="0.48" CC="37"/>
						<SP ID="P99_SP00554" HPOS="1469" VPOS="1610" WIDTH="15"/>
						<String ID="P99_ST00643" HPOS="1484" VPOS="1585" WIDTH="39" HEIGHT="25" CONTENT="ihr" WC="0.58" CC="461"/>
						<SP ID="P99_SP00555" HPOS="1523" VPOS="1610" WIDTH="19"/>
						<String ID="P99_ST00644" HPOS="1542" VPOS="1585" WIDTH="77" HEIGHT="25" CONTENT="Heim" WC="0.77" CC="5030"/>
						<SP ID="P99_SP00556" HPOS="1619" VPOS="1610" WIDTH="19"/>
						<String ID="P99_ST00645" HPOS="1638" VPOS="1585" WIDTH="49" HEIGHT="25" CONTENT="und" WC="0.82" CC="310"/>
						<SP ID="P99_SP00557" HPOS="1687" VPOS="1610" WIDTH="15"/>
						<String ID="P99_ST00646" HPOS="1702" VPOS="1586" WIDTH="89" HEIGHT="24" CONTENT="wissen" WC="0.67" CC="033533"/>
						<SP ID="P99_SP00558" HPOS="1791" VPOS="1610" WIDTH="16"/>
						<String ID="P99_ST00647" HPOS="1807" VPOS="1585" WIDTH="80" HEIGHT="25" CONTENT="damit" WC="0.84" CC="07000"/>
						<SP ID="P99_SP00559" HPOS="1887" VPOS="1610" WIDTH="15"/>
						<String ID="P99_ST00648" HPOS="1902" VPOS="1586" WIDTH="25" HEIGHT="25" CONTENT="in" WC="0.54" CC="71"/>
						<SP ID="P99_SP00560" HPOS="1927" VPOS="1611" WIDTH="15"/>
						<String ID="P99_ST00649" HPOS="1942" VPOS="1587" WIDTH="118" HEIGHT="25" CONTENT="weiteren" WC="0.51" CC="06756525"/>
						<SP ID="P99_SP00561" HPOS="2060" VPOS="1612" WIDTH="17"/>
						<String ID="P99_ST00650" HPOS="2077" VPOS="1588" WIDTH="100" HEIGHT="26" CONTENT="Kreisen" WC="0.70" CC="1152404"/>
						<SP ID="P99_SP00562" HPOS="2177" VPOS="1614" WIDTH="15"/>
						<String ID="P99_ST00651" HPOS="2192" VPOS="1588" WIDTH="42" HEIGHT="26" CONTENT="das" WC="0.99" CC="002"/>
						<SP ID="P99_SP00563" HPOS="2234" VPOS="1614" WIDTH="14"/>
						<String ID="P99_ST00652" HPOS="2248" VPOS="1590" WIDTH="46" HEIGHT="24" CONTENT="Ver" SUBS_TYPE="HypPart1" SUBS_CONTENT="Verstandnis" WC="0.80" CC="016"/>
						<HYP HPOS="2294" VPOS="1590" WIDTH="15" CONTENT="-"/>
					</TextLine>
					<TextLine ID="P99_TL00090" HPOS="1443" VPOS="1622" WIDTH="743" HEIGHT="32">
						<String ID="P99_ST00653" HPOS="1443" VPOS="1624" WIDTH="109" HEIGHT="25" CONTENT="standnis" SUBS_TYPE="HypPart2" SUBS_CONTENT="Verstandnis" WC="0.49" CC="50960764"/>
						<SP ID="P99_SP00564" HPOS="1552" VPOS="1649" WIDTH="14"/>
						<String ID="P99_ST00654" HPOS="1566" VPOS="1623" WIDTH="41" HEIGHT="26" CONTENT="fiir" WC="0.65" CC="0760"/>
						<SP ID="P99_SP00565" HPOS="1607" VPOS="1649" WIDTH="14"/>
						<String ID="P99_ST00655" HPOS="1621" VPOS="1624" WIDTH="42" HEIGHT="25" CONTENT="das" WC="0.95" CC="075"/>
						<SP ID="P99_SP00566" HPOS="1663" VPOS="1649" WIDTH="16"/>
						<String ID="P99_ST00656" HPOS="1679" VPOS="1622" WIDTH="179" HEIGHT="27" CONTENT="kiinstlerische" WC="0.61" CC="07742056046260"/>
						<SP ID="P99_SP00567" HPOS="1858" VPOS="1649" WIDTH="15"/>
						<String ID="P99_ST00657" HPOS="1873" VPOS="1623" WIDTH="115" HEIGHT="28" CONTENT="Schaffen" WC="0.54" CC="00673973"/>
						<SP ID="P99_SP00568" HPOS="1988" VPOS="1651" WIDTH="15"/>
						<String ID="P99_ST00658" HPOS="2003" VPOS="1635" WIDTH="29" HEIGHT="15" CONTENT="zu" WC="0.70" CC="05"/>
						<SP ID="P99_SP00569" HPOS="2032" VPOS="1651" WIDTH="16"/>
						<String ID="P99_ST00659" HPOS="2048" VPOS="1627" WIDTH="138" HEIGHT="27" CONTENT="erweitern." WC="0.72" CC="5205530230"/>
					</TextLine>
					<TextLine ID="P99_TL00091" HPOS="1503" VPOS="1663" WIDTH="806" HEIGHT="29">
						<String ID="P99_ST00660" HPOS="1503" VPOS="1663" WIDTH="46" HEIGHT="26" CONTENT="Die" WC="0.98" CC="015"/>
						<SP ID="P99_SP00570" HPOS="1549" VPOS="1689" WIDTH="15"/>
						<String ID="P99_ST00661" HPOS="1564" VPOS="1663" WIDTH="61" HEIGHT="25" CONTENT="Zahl" WC="0.66" CC="0660"/>
						<SP ID="P99_SP00571" HPOS="1625" VPOS="1689" WIDTH="20"/>
						<String ID="P99_ST00662" HPOS="1645" VPOS="1663" WIDTH="41" HEIGHT="25" CONTENT="der" WC="0.60" CC="064"/>
						<SP ID="P99_SP00572" HPOS="1686" VPOS="1689" WIDTH="15"/>
						<String ID="P99_ST00663" HPOS="1701" VPOS="1663" WIDTH="108" HEIGHT="25" CONTENT="Schulen" WC="0.70" CC="0052065"/>
						<SP ID="P99_SP00573" HPOS="1809" VPOS="1689" WIDTH="19"/>
						<String ID="P99_ST00664" HPOS="1828" VPOS="1663" WIDTH="31" HEIGHT="25" CONTENT="ist" WC="0.74" CC="240"/>
						<SP ID="P99_SP00574" HPOS="1859" VPOS="1689" WIDTH="14"/>
						<String ID="P99_ST00665" HPOS="1873" VPOS="1663" WIDTH="74" HEIGHT="27" CONTENT="heute" WC="0.67" CC="70205"/>
						<SP ID="P99_SP00575" HPOS="1947" VPOS="1690" WIDTH="15"/>
						<String ID="P99_ST00666" HPOS="1962" VPOS="1664" WIDTH="93" HEIGHT="27" CONTENT="nahezu" WC="0.51" CC="075772"/>
						<SP ID="P99_SP00576" HPOS="2055" VPOS="1691" WIDTH="19"/>
						<String ID="P99_ST00667" HPOS="2074" VPOS="1675" WIDTH="61" HEIGHT="16" CONTENT="zoo." WC="0.97" CC="9030"/>
						<SP ID="P99_SP00577" HPOS="2135" VPOS="1691" WIDTH="29"/>
						<String ID="P99_ST00668" HPOS="2164" VPOS="1668" WIDTH="63" HEIGHT="24" CONTENT="Man" WC="0.95" CC="075"/>
						<SP ID="P99_SP00578" HPOS="2227" VPOS="1692" WIDTH="15"/>
						<String ID="P99_ST00669" HPOS="2242" VPOS="1665" WIDTH="67" HEIGHT="27" CONTENT="kann" WC="1.00" CC="0000"/>
					</TextLine>
					<TextLine ID="P99_TL00092" HPOS="1443" VPOS="1702" WIDTH="866" HEIGHT="32">
						<String ID="P99_ST00670" HPOS="1443" VPOS="1702" WIDTH="54" HEIGHT="26" CONTENT="sich" WC="0.42" CC="6627"/>
						<SP ID="P99_SP00579" HPOS="1497" VPOS="1728" WIDTH="17"/>
						<String ID="P99_ST00671" HPOS="1514" VPOS="1712" WIDTH="43" HEIGHT="17" CONTENT="aus" WC="0.67" CC="045"/>
						<SP ID="P99_SP00580" HPOS="1557" VPOS="1729" WIDTH="18"/>
						<String ID="P99_ST00672" HPOS="1575" VPOS="1702" WIDTH="78" HEIGHT="26" CONTENT="dieser" WC="0.60" CC="030676"/>
						<SP ID="P99_SP00581" HPOS="1653" VPOS="1729" WIDTH="19"/>
						<String ID="P99_ST00673" HPOS="1672" VPOS="1702" WIDTH="62" HEIGHT="25" CONTENT="Zahl" WC="0.66" CC="0760"/>
						<SP ID="P99_SP00582" HPOS="1734" VPOS="1729" WIDTH="21"/>
						<String ID="P99_ST00674" HPOS="1755" VPOS="1702" WIDTH="39" HEIGHT="25" CONTENT="em" WC="0.75" CC="04"/>
						<SP ID="P99_SP00583" HPOS="1794" VPOS="1729" WIDTH="15"/>
						<String ID="P99_ST00675" HPOS="1809" VPOS="1702" WIDTH="54" HEIGHT="26" CONTENT="Bild" WC="0.67" CC="6600"/>
						<SP ID="P99_SP00584" HPOS="1863" VPOS="1729" WIDTH="18"/>
						<String ID="P99_ST00676" HPOS="1881" VPOS="1703" WIDTH="113" HEIGHT="31" CONTENT="machen," WC="0.74" CC="0707003"/>
						<SP ID="P99_SP00585" HPOS="1994" VPOS="1734" WIDTH="20"/>
						<String ID="P99_ST00677" HPOS="2014" VPOS="1704" WIDTH="114" HEIGHT="26" CONTENT="welchen" WC="0.70" CC="0304650"/>
						<SP ID="P99_SP00586" HPOS="2128" VPOS="1734" WIDTH="19"/>
						<String ID="P99_ST00678" HPOS="2147" VPOS="1704" WIDTH="105" HEIGHT="27" CONTENT="Einflufs" WC="0.75" CC="05000605"/>
						<SP ID="P99_SP00587" HPOS="2252" VPOS="1734" WIDTH="18"/>
						<String ID="P99_ST00679" HPOS="2270" VPOS="1706" WIDTH="39" HEIGHT="26" CONTENT="die" WC="0.96" CC="072"/>
					</TextLine>
				</TextBlock>
				<TextBlock ID="P99_TB00004" HPOS="500" VPOS="1073" WIDTH="232" HEIGHT="38" STYLEREFS="TXT_1 PAR_LEFT">
					<TextLine ID="P99_TL00093" HPOS="507" VPOS="1076" WIDTH="150" HEIGHT="12">
						<String ID="P99_ST00680" HPOS="507" VPOS="1076" WIDTH="150" HEIGHT="12" CONTENT="WANDLEUCHTER" WC="0.41" CC="896276063476"/>
					</TextLine>
					<TextLine ID="P99_TL00094" HPOS="504" VPOS="1096" WIDTH="226" HEIGHT="12">
						<String ID="P99_ST00681" HPOS="504" VPOS="1096" WIDTH="69" HEIGHT="11" CONTENT="SCHULE" WC="0.46" CC="503697"/>
						<SP ID="P99_SP00588" HPOS="573" VPOS="1107" WIDTH="11"/>
						<String ID="P99_ST00682" HPOS="584" VPOS="1097" WIDTH="16" HEIGHT="10" CONTENT="IN" WC="0.36" CC="48"/>
						<SP ID="P99_SP00589" HPOS="600" VPOS="1107" WIDTH="13"/>
						<String ID="P99_ST00683" HPOS="613" VPOS="1096" WIDTH="117" HEIGHT="12" CONTENT="BIRMINGHAM" WC="0.98" CC="6896574199"/>
					</TextLine>
				</TextBlock>
				<TextBlock ID="P99_TB00005" HPOS="1449" VPOS="2672" WIDTH="279" HEIGHT="47" STYLEREFS="TXT_2 PAR_LEFT">
					<TextLine ID="P99_TL00095" HPOS="1453" VPOS="2675" WIDTH="239" HEIGHT="15">
						<String ID="P99_ST00684" HPOS="1453" VPOS="2675" WIDTH="142" HEIGHT="15" CONTENT="GETRIEBENES" WC="0.56" CC="76080055453"/>
						<SP ID="P99_SP00590" HPOS="1595" VPOS="2690" WIDTH="16"/>
						<String ID="P99_ST00685" HPOS="1611" VPOS="2676" WIDTH="81" HEIGHT="14" CONTENT="BECKEN" WC="0.60" CC="700069"/>
					</TextLine>
					<TextLine ID="P99_TL00096" HPOS="1454" VPOS="2702" WIDTH="272" HEIGHT="15">
						<String ID="P99_ST00686" HPOS="1454" VPOS="2702" WIDTH="80" HEIGHT="15" CONTENT="SCHULE" WC="0.50" CC="505476"/>
						<SP ID="P99_SP00591" HPOS="1534" VPOS="2717" WIDTH="16"/>
						<String ID="P99_ST00687" HPOS="1550" VPOS="2703" WIDTH="22" HEIGHT="14" CONTENT="IN" WC="0.17" CC="79"/>
						<SP ID="P99_SP00592" HPOS="1572" VPOS="2717" WIDTH="14"/>
						<String ID="P99_ST00688" HPOS="1586" VPOS="2703" WIDTH="140" HEIGHT="14" CONTENT="BIRMINGHAM" WC="0.98" CC="7590596707"/>
					</TextLine>
				</TextBlock>
				<TextBlock ID="P99_TB00006" HPOS="1316" VPOS="2841" WIDTH="165" HEIGHT="39" STYLEREFS="TXT_3 PAR_RIGHT">
					<TextLine ID="P99_TL00097" HPOS="1481" VPOS="2880" WIDTH="0" HEIGHT="0">
						<String ID="P99_ST00689" HPOS="1481" VPOS="2880" WIDTH="0" HEIGHT="0" CONTENT="332" WC="0.98" CC="000"/>
					</TextLine>
				</TextBlock>
				<ComposedBlock ID="P99_CB00001" HPOS="490" VPOS="355" WIDTH="381" HEIGHT="715" STYLEREFS="TXT_4 PAR_LEFT" TYPE="Illustration">
					<GraphicalElement ID="P99_CB00001_SUB" HPOS="490" VPOS="355" WIDTH="381" HEIGHT="715"/>
				</ComposedBlock>
				<ComposedBlock ID="P99_CB00002" HPOS="1444" VPOS="1802" WIDTH="870" HEIGHT="868" STYLEREFS="TXT_4 PAR_LEFT" TYPE="Illustration">
					<GraphicalElement ID="P99_CB00002_SUB" HPOS="1444" VPOS="1802" WIDTH="870" HEIGHT="868"/>
				</ComposedBlock>
			</PrintSpace>
		</Page>
	</Layout>
</alto>
