2575 3314
234 1292 50 25 ems
296 1292 42 25 der
349 1290 194 36 Arbeitsgebiete
556 1290 64 25 ihrer
630 1289 145 35 Mitglieder
787 1289 26 24 in
824 1286 271 37 AngrifFgenommen.

235 1333 49 23 Das
298 1331 138 33 Jahrbruch
451 1329 96 26 enthalt
560 1328 137 26 zahlreiche
711 1327 126 36 Beispiele.

293 1371 50 24 Mit
363 1370 56 25 dem
434 1368 160 26 Holzschnitt
613 1366 80 27 haben
712 1366 52 26 sich
783 1366 79 35 einige
878 1365 144 36 Mitglieder
1041 1366 55 25 sehr

234 1410 70 25 rasch
326 1416 107 19 vertraut
459 1408 122 36 gemacht.
618 1408 29 25 Es
669 1405 88 27 wurde
780 1405 73 26 dabei
878 1405 42 25 der
944 1411 151 28 sogenannte

235 1449 152 24 Tonschnitt
402 1458 51 16 yon
467 1447 148 26 vornherein
636 1445 213 37 ausgeschlossen,
870 1444 60 26 weil
951 1444 85 25 dessen
1051 1445 30 24 Be-

233 1487 132 36 handlung
376 1488 48 25 den
436 1487 152 25 Dilettanten
603 1495 30 17 zu
645 1486 62 26 weit
721 1484 98 31 fiihren,
835 1483 51 27 und
901 1483 59 26 weil
972 1482 71 26 dabei
1055 1482 40 26 der

233 1527 55 25 sehr
302 1527 121 34 wichtige
443 1527 110 34 Zwang,
571 1525 40 26 die
628 1525 148 35 Zeichnung
796 1522 47 27 auf
858 1521 113 28 einfache
991 1523 104 25 Formen

233 1575 29 16 zu
278 1565 176 30 beschriinken,
470 1564 136 37 wegfallen
620 1565 95 26 wiirde.

293 1761 50 25 Mit
358 1761 104 26 Absicht
483 1761 54 25 sind
559 1758 41 28 fiir
619 1759 42 27 die
686 1760 166 35 gemeinsame
868 1759 166 36 Bethatigung
1053 1758 42 25 der

233 1798 87 27 Kriifte
328 1801 119 25 zunachst
457 1799 240 35 Llnternehmungen
706 1799 24 25 in
739 1797 267 37 AngrifFgenommen,
1021 1797 73 26 deren

233 1839 66 26 Ziele
315 1839 133 36 allgemein
464 1838 165 26 verstandlich
641 1847 83 16 waren
741 1838 50 25 und
807 1839 46 24 mit
868 1838 48 25 den
931 1836 163 36 verfiigbaren

233 1879 104 25 Mitteln
352 1878 138 26 erreichbar
505 1878 125 25 schienen.

293 1918 90 25 Finden
399 1918 38 25 die
452 1917 182 35 Bestrebungen
649 1914 81 27 ferner
744 1915 128 36 Anklang,
888 1925 27 16 so
930 1915 81 36 liegen
1026 1915 68 26 noch

234 1957 62 26 viele
310 1957 89 26 andere
415 1959 83 33 Wege
514 1954 75 28 ofFen.

292 1996 162 36 Mitgliedern
476 1996 43 25 der
540 1993 177 32 Gesellschaft,
743 1994 44 26 Fii.
809 1994 66 25 Ebba
897 1991 128 38 Tesdorpf
1043 1993 51 25 und

233 2037 61 25 Frau
305 2037 82 25 Marie
398 2035 140 30 Zacharias,
553 2034 141 27 verdanken
708 2035 49 26 wir
772 2034 34 25 als
817 2033 112 26 Resultat
941 2033 154 35 jahrelanger

233 2075 98 26 Miihen
342 2075 40 25 die
393 2081 149 29 genauesten
553 2073 166 27 Aufnahmen
730 2073 40 26 dcs
783 2079 233 29 untergegangenen
1028 2072 66 25 alten

233 2115 140 35 Hamburg.
401 2115 53 24 Fast
467 2113 64 35 jedes
547 2115 69 23 Haus
630 2112 96 26 konnte
741 2113 66 25 nach
821 2112 82 25 diesen
915 2111 179 35 Zeichnungen

233 2153 94 27 wieder
352 2151 137 36 aufgebaut
514 2151 109 26 werden.
652 2153 29 23 Es
707 2151 111 26 verdient
837 2150 207 34 hervorgehoben
1064 2159 30 16 zu

233 2193 111 29 werden,
360 2191 52 26 dafs
428 2191 39 25 die
481 2190 160 35 Hamburger
655 2189 156 26 Dilettanten
825 2189 53 25 sich
892 2189 61 25 weit
971 2189 57 25 eher
1042 2189 52 25 und

233 2233 182 33 konsequenter
430 2230 40 25 die
482 2228 160 34 Darstellung
653 2228 43 25 der
707 2228 161 25 malerischen
880 2228 137 24 Schonheit
1031 2228 64 24 ihrer

233 2271 141 26 Vaterstadt
387 2279 42 16 zur
443 2266 116 37 Aufgabe
573 2267 117 35 gemacht
703 2266 90 29 haben,
808 2266 34 25 als
858 2266 40 24 die
913 2266 126 27 Kiinstler.

291 2312 46 25 Fiir
349 2310 39 25 die
404 2308 99 26 lebende
519 2308 81 24 Kunst
615 2306 31 25 ist
660 2305 51 25 dies
729 2304 116 25 Material
866 2304 67 25 noch
950 2305 70 25 nicht
1038 2315 42 15 aus-

233 2356 105 30 genutzt.
363 2352 50 23 Der
426 2346 159 36 Hamburger
598 2344 131 27 Architekt
743 2344 43 24 hat
801 2343 45 25 seit
860 2343 66 24 einer
940 2344 154 25 Generation

233 2388 205 30 miinchnerisch,
454 2385 141 31 berlinisch,
611 2381 191 30 hannoverisch,
818 2381 120 35 englisch,
952 2382 140 26 italienisch

232 2428 52 26 und
305 2427 150 27 franzosisch
470 2426 105 37 gebaut,
593 2424 42 26 das
650 2421 200 35 Hamburgische
865 2419 56 26 aber
935 2421 46 24 mit
996 2422 82 25 Konse-

233 2477 79 27 quenz
327 2467 146 26 vermieden.

292 2509 38 23 Da
352 2513 68 19 sonst
440 2504 105 38 nirgend
564 2504 54 27 cine
632 2499 169 38 Moglichkeit
823 2497 144 27 vorhanden
989 2498 103 30 scheint,

233 2546 47 26 soil
295 2547 36 24 im
343 2546 126 33 Jahrbuch
483 2545 43 25 der
537 2540 162 30 Gesellschaft
715 2538 47 29 auf
769 2537 88 28 Grund
873 2537 41 25 dcs
929 2536 150 36 unerschopf-

232 2586 83 26 lichen
329 2583 271 27 Aufnahmematerials
620 2581 52 27 und
692 2580 112 26 weiterer
824 2576 103 27 Studien
947 2576 92 24 einmal
1053 2576 40 24 die

232 2626 74 34 Frage
321 2622 177 37 aufgeworfen
511 2623 111 26 werden:
638 2620 97 27 welche
751 2616 134 28 besondern
900 2616 69 33 Ziige
984 2621 55 27 trug
1054 2614 39 25 die

233 2664 154 35 biirgerliche
403 2662 161 26 Architektur
582 2663 26 24 in
624 2660 145 35 Hamburg,
791 2655 50 27 und
856 2664 52 17 was
923 2663 67 17 ware
1009 2653 83 25 davon

232 2703 26 25 in
273 2712 89 17 unsern
376 2703 86 34 Tagen
476 2701 125 37 praktisch
615 2700 67 26 noch
697 2693 249 38 umbildungsfahig?

1236 1288 157 25 Gemeinsam
1413 1284 80 27 haben
1514 1283 69 26 beide
1597 1278 193 29 Gesellschaften
1804 1278 47 25 den
1866 1279 110 25 Versuch
1990 1289 30 26 ge-

1176 1328 93 28 macht,
1284 1327 42 25 der
1341 1323 246 38 Originalradierung
1603 1319 52 27 und
1669 1317 178 36 Lithographic
1863 1317 24 25 in
1902 1317 132 37 Hamburg

1175 1366 54 26 cine
1244 1368 77 24 Statte
1337 1375 29 16 zu
1381 1364 114 27 bereiten.

1234 1405 48 26 Die
1293 1405 74 26 altere
1379 1403 151 27 Generation
1544 1400 42 26 der
1596 1396 191 28 einheimischen
1799 1394 116 26 Kiinstler
1928 1395 44 26 hat
1988 1397 45 24 seit

1174 1444 162 33 Jahrzehnten
1350 1443 39 26 die
1400 1442 142 34 Radierung
1558 1438 50 27 und
1624 1434 177 37 Lithographic
1815 1432 162 37 aufgegeben.
2003 1437 30 23 Es

1175 1484 90 26 wurde
1283 1484 70 26 nicht
1370 1482 69 26 mehr
1456 1477 152 39 gesammelt.
1643 1478 49 23 Das
1713 1474 41 36 lag
1774 1473 27 25 in
1815 1472 133 36 Hamburg
1961 1474 72 25 nicht

1176 1522 84 26 anders
1276 1522 34 26 als
1326 1521 100 27 berall.

1234 1564 29 23 Es
1278 1571 67 16 ware
1360 1558 150 35 kurzsichtig
1524 1564 128 28 gewesen,
1667 1553 39 25 die
1720 1550 116 26 Kiinstler
1849 1559 43 17 zur
1912 1551 102 25 Wieder-

1176 1599 135 27 aufnahme
1326 1600 42 26 der
1382 1605 155 28 vergessenen
1552 1592 177 28 Kunstformen
1744 1600 30 16 zu
1790 1596 150 24 ermuntern,
1956 1600 76 16 wenn

1175 1640 71 25 nicht
1257 1639 113 36 zugleich
1382 1634 91 29 darauf
1480 1632 178 37 hingearbeitet
1669 1630 94 29 wurde,
1776 1629 39 25 die
1826 1627 205 33 Sammelfreude,

1176 1678 39 25 die
1229 1680 40 24 nic
1284 1678 107 29 erlischt,
1406 1675 42 26 der
1461 1675 81 24 Kunst
1557 1669 178 29 zuzuwenden,
1751 1668 50 26 und
1815 1668 42 25 der
1872 1668 160 26 Produktion

1175 1717 111 27 dadurch
1301 1718 47 25 den
1362 1714 85 28 Boden
1460 1722 29 17 zu
1503 1711 114 26 bereiten.

1236 1756 60 27 Dafs
1319 1757 40 25 em
1377 1752 118 28 lebhaftes
1510 1747 128 29 Bediirfnis
1660 1747 64 26 auch
1744 1747 74 24 heute
1832 1754 58 17 zum
1905 1747 127 25 Sammeln

1175 1797 86 29 treibt,
1277 1796 104 26 beweist
1398 1790 151 29 namentlich
1568 1788 38 25 die
1619 1786 116 27 Vorliebe
1750 1784 40 26 fur
1808 1784 40 25 die
1862 1791 170 28 sogenannten

1175 1835 176 36 Liebigbilder,
1357 1834 38 25 die
1401 1841 41 17 aus
1449 1832 65 25 einer
1520 1826 111 38 Spielerei
1636 1826 42 26 der
1683 1824 91 26 Kinder
1779 1824 53 25 cine
1838 1823 194 38 Beschaftigung

1175 1875 42 26 der
1231 1874 182 27 Erwachsenen
1427 1869 136 38 geworden
1577 1867 37 24 ist.
1649 1866 61 24 Man
1725 1863 78 26 kennt
1816 1863 41 25 die
1871 1872 61 17 vom
1945 1863 75 27 kiinst-

1174 1914 120 26 lerischen
1314 1909 157 38 Standpunkt
1492 1907 71 26 meist
1580 1902 205 28 schauderhaften
1800 1902 170 31 Buntdrucke,
1991 1902 42 27 die

1174 1954 48 25 den
1244 1951 111 28 Kaufern
1376 1959 50 17 yon
1450 1946 95 35 Liebigs
1566 1941 188 29 Fleischextrakt
1776 1941 44 25 seit
1841 1941 99 35 einigen
1961 1942 57 33 Jahr-

1174 1993 103 25 zehnten
1292 1990 34 26 als
1337 1989 94 26 Pramie
1442 1984 138 35 verabfolgt
1591 1982 109 26 werden.
1722 1981 46 25 Die
1780 1979 95 27 bunten
1885 1980 148 28 Bilderchen

1174 2031 102 27 werden
1295 2033 56 32 jetzt
1372 2028 46 25 mit
1438 2023 98 39 grofsen
1558 2021 95 27 Preisen
1674 2019 103 26 bezahlt.
1825 2021 30 24 Es
1883 2019 55 37 gibt
1959 2021 73 26 einen

1173 2068 252 37 wohlorganisierten
1439 2062 97 28 Handel
1558 2062 25 25 in
1602 2061 91 25 diesem
1707 2058 113 31 Artikel,
1834 2058 92 27 seltene
1940 2060 93 26 Blatter

1174 2109 123 26 erreichen
1315 2106 39 26 die
1368 2106 78 25 Preise
1466 2112 51 16 yon
1531 2099 289 36 Originalradierungen,
1842 2099 26 24 in
1882 2099 80 25 Berlin
1978 2101 53 34 gibt

1174 2159 24 15 es
1218 2148 64 26 zwei
1296 2145 102 27 Vereine
1418 2143 41 25 der
1473 2139 118 28 Sammler
1611 2147 49 17 yon
1674 2137 184 35 Liebigbildern
1879 2138 53 26 und
1949 2149 23 15 es
1995 2149 23 16 er-

1174 2188 116 25 scheinen
1311 2183 139 27 illustrierte
1470 2178 164 27 Fachblatter!
1669 2178 49 24 Das
1740 2177 76 29 Geld,
1838 2177 41 25 das
1901 2178 26 25 in
1948 2178 82 26 diesen

1175 2225 146 35 Spielereien
1343 2222 113 35 angelegt
1470 2218 76 29 wird,
1568 2217 87 25 wiirde
1676 2219 127 32 geniigen,
1826 2217 53 24 cine
1894 2217 73 26 Bliite
1987 2217 43 27 der

1175 2261 247 37 Originalradierung
1437 2269 31 15 an
1482 2257 64 26 alien
1558 2258 78 24 Orten
1651 2265 29 16 zu
1691 2255 113 35 zeitigen.
1823 2257 33 24 So
1868 2255 161 28 befremdend

1174 2314 24 15 es
1213 2304 95 32 klingt,
1327 2299 52 27 dafs
1398 2297 106 27 einzelne
1518 2294 118 27 Sammler
1654 2295 118 26 tausende
1790 2294 41 26 fiir
1846 2295 65 26 diese
1926 2297 103 25 Puschel

1174 2342 135 34 ausgeben,
1333 2349 27 16 so
1381 2336 130 27 erfreulich
1530 2335 30 25 ist
1575 2334 42 26 das
1631 2334 106 26 Zeichen
1752 2344 32 16 an
1798 2334 64 27 sich:
1884 2334 39 26 die
1938 2336 92 26 Freude

1173 2391 41 16 am
1228 2378 124 27 Sammeln
1366 2377 31 25 ist
1411 2375 93 26 wieder
1519 2373 38 26 da.

1232 2418 51 26 Soil
1298 2426 52 17 nun
1362 2425 31 16 an
1407 2415 80 25 einem
1499 2415 48 23 Ort
1560 2412 51 26 wie
1622 2412 132 36 Hamburg
1768 2422 58 17 zum
1837 2414 128 26 Sammeln
1978 2426 51 16 yon

1172 2456 187 27 Kunstblattern
1373 2459 115 30 angeregt
1502 2452 115 30 werden,
1637 2462 27 15 so
1679 2455 100 23 miissen
1793 2453 39 26 die
1846 2460 78 20 ersten
1939 2455 91 27 Blatter

1172 2497 40 25 em
1227 2494 134 27 sachliches
1376 2494 115 24 Interesse
1505 2491 91 27 haben.
1619 2491 118 26 Bildnisse
1752 2493 207 36 hamburgischer
1974 2497 42 24 Per-

1172 2533 194 29 sonlichkeiten,
1388 2531 99 26 Motive
1509 2541 42 15 aus
1573 2531 57 26 dem
1650 2531 154 27 heimischen
1819 2533 81 26 Leben
1919 2536 53 24 und
1988 2535 42 26 der

1171 2574 150 34 hamburger
1334 2569 160 31 Landschaft,
1509 2570 48 26 mit
1571 2571 81 26 einem
1667 2572 79 25 Wort
1758 2570 180 30 kiinstlerische
1950 2576 61 25 Ham-

1171 2612 148 35 burgensien
1337 2609 104 36 ergeben
1455 2610 52 26 sich
1522 2609 79 27 damit
1619 2610 33 26 als
1666 2610 83 27 Inhalt
1764 2621 51 17 yon
1829 2613 85 27 selber.
1956 2615 74 25 Auch

1171 2652 52 25 hier
1234 2650 65 26 wird
1314 2659 31 16 an
1355 2649 159 26 vorhandene
1524 2650 151 36 Neigungen
1686 2651 165 38 angekniipft.
1873 2655 30 24 Es
1917 2654 54 35 gibt
1986 2654 45 26 seit

1172 2690 60 26 alter
1243 2690 53 25 Zeit
1311 2690 55 25 sehr
1380 2689 60 26 viele
1451 2688 229 28 leidenschaftliche
1691 2691 339 37 Hamburgensiensammler.

241 1224 105 15 FRAULEIN
360 1225 52 14 EBBA
426 1223 110 17 TESDORPF,
550 1223 136 13 BUTENKAIEN
700 1223 22 13 IN
737 1222 102 14 HAMBURG

1208 2886 0 0 307
