3010 4470
1186 216 239 36 BRUNO'S
1503 218 249 34 WEEKLY

2783 220 83 38 905

75 306 90 41 that
186 306 49 41 he
254 322 85 26 was
361 307 120 51 being
502 309 187 42 attacked
713 310 50 51 by
783 310 252 43 submarines
1058 322 41 31 at
1121 312 69 41 the
1211 329 109 25 same
1341 313 99 42 time

74 363 124 52 firing
228 380 109 34 upon
370 365 68 41 the
470 366 183 42 Swedish
684 378 186 39 steamer,
902 369 164 51 sinking
1096 369 85 44 her.

133 433 318 43 Notwithstand
487 435 70 42 the
590 437 227 49 perfection
852 448 44 31 ot
931 438 135 42 which
1103 439 68 42 the
1206 440 234 43 submarine

75 506 42 26 as
150 506 22 26 a
205 507 91 26 war
329 493 146 50 engine
508 493 71 43 has
612 494 99 42 been
746 495 180 52 brought
959 497 33 41 it
1025 498 33 40 is
1092 497 68 42 the
1192 499 168 49 opinion
1392 499 45 42 of

74 548 122 42 naval
235 560 172 40 experts,
449 567 149 36 among
637 553 111 41 them
786 553 194 43 Admiral
1020 555 179 50 Mahan,
1240 556 91 42 that
1370 557 69 42 the

74 622 83 35 gun
179 607 91 42 will
293 607 152 53 always
467 609 98 51 keep
589 610 128 42 ahead
739 612 45 40 of
808 612 44 49 it,
877 613 80 41 and
983 623 137 32 recent
1143 624 139 32 events
1305 616 41 40 in
1371 616 68 41 the

74 675 116 40 great
230 666 217 51 European
486 684 90 26 war
612 684 98 26 now
748 670 145 51 raging
930 670 103 42 have
1072 682 41 31 to
1150 687 111 27 some
1299 683 140 32 extent

77 724 184 50 justified
300 725 79 40 this
414 726 180 49 opinion.
660 726 124 52 They
820 744 67 25 are
924 739 43 31 at
1005 729 84 42 best
1126 746 22 25 a
1186 731 98 41 frail
1321 732 121 41 craft.

87 781 117 51 Only
228 798 22 25 a
273 783 114 41 short
411 784 98 40 time
534 800 74 35 ago
642 785 134 50 (Nov.
804 786 76 51 23)
914 787 68 41 the
1008 787 186 42 German
1219 789 234 42 submarine

89 840 116 42 U-18
245 857 85 25 was
369 844 183 40 rammed
591 844 81 40 and
710 844 104 41 sunk
854 845 51 51 by
943 845 68 42 the
1051 846 155 41 British
1246 848 208 51 destroyer

322 901 80 40 and
426 899 56 42 all
503 901 73 41 her
598 917 119 33 crew,
741 902 104 42 with
868 903 68 42 the
959 905 210 49 exception
1192 905 44 41 of
1258 921 78 26 one
1357 922 96 25 man

85 956 94 42 who
214 973 84 25 was
332 958 212 49 drowned,
580 961 210 48 captured.
856 961 117 41 Built
1008 963 41 39 in
1089 963 104 41 1912
1230 964 68 41 the
1334 965 117 40 U-18

86 1014 80 42 had
196 1032 22 24 a
247 1016 137 41 radius
412 1017 44 41 of
487 1018 133 40 action
649 1018 44 41 of
722 1019 111 41 2000
861 1019 128 50 miles,
1021 1037 22 24 a
1071 1021 161 42 surface
1260 1023 118 49 speed
1407 1023 44 41 of

92 1073 49 41 14
172 1073 131 50 knots,
337 1075 80 41 and
449 1075 24 41 8
506 1075 120 42 knots
655 1076 125 42 while
810 1077 256 52 submerged.
1130 1078 72 42 On
1235 1080 68 41 the
1334 1080 119 42 other

85 1131 110 42 hand
233 1133 79 41 and
348 1132 214 53 offsetting
597 1145 42 30 to
675 1150 111 26 some
821 1146 139 31 extent
996 1136 79 42 this
1112 1139 212 49 expensive
1359 1139 70 41 sub-

84 1191 157 40 marine
271 1191 214 51 mortality
514 1208 85 25 was
630 1192 68 42 the
729 1195 189 49 reported
949 1211 153 25 success
1133 1196 43 41 of
1209 1212 23 25 a
1264 1196 187 43 German

83 1248 234 42 submarine
376 1250 42 40 in
477 1251 163 50 sinking
698 1251 69 41 the
826 1252 155 42 British
1040 1256 412 50 superdreadnought

408 1324 53 25 on
493 1308 187 42 October
708 1308 53 43 27
794 1326 99 26 near
922 1310 69 42 the
1023 1312 106 41 Irish
1160 1323 122 31 coast.
1343 1313 108 42 This

83 1362 284 52 $10,000,000
402 1367 127 50 giant,
565 1367 32 40 it
630 1368 31 41 is
695 1367 194 50 believed,
923 1385 86 26 was
1042 1370 214 51 destroyed
1291 1371 51 51 by
1374 1388 77 25 one

83 1423 45 41 of
173 1439 22 25 a
239 1424 92 41 fleet
374 1425 44 40 of
463 1425 252 42 submarines
759 1426 109 41 from
912 1427 358 43 Wilhelmshaven
1314 1430 136 41 which

85 1481 202 43 launched
319 1493 83 31 two
435 1484 212 50 torpedoes
678 1494 42 31 at
750 1485 83 48 her,
867 1485 68 41 the
965 1487 147 41 second
1143 1487 143 51 taking
1316 1487 133 43 effect.

141 1550 51 42 So
225 1551 99 51 long
355 1567 41 26 as
428 1552 110 41 these
570 1553 186 42 invisible
788 1555 157 40 marine
977 1555 305 51 sharpshooters
1315 1557 134 50 prowl

83 1609 68 41 the
181 1625 65 26 sea
278 1610 66 41 for
376 1611 68 40 the
477 1612 299 51 dreadnought,
810 1612 218 51 battleship
1060 1630 47 24 or
1138 1614 118 42 other
1287 1615 162 42 surface

82 1668 195 50 war-ship
303 1668 156 42 eternal
484 1669 201 51 vigilance
710 1671 32 40 is
767 1670 68 42 the
860 1672 109 48 price
993 1672 44 40 of
1063 1672 143 52 safety.

637 1741 154 50 Alfred
818 1742 152 41 Ernest
997 1743 108 40 Keet

80 1829 247 62 Octave
353 1830 298 62 Mirbeau

80 1924 160 41 HTHE
265 1924 90 42 first
380 1926 98 40 time
505 1926 17 40 I
549 1942 86 25 saw
659 1926 163 42 Octave
847 1927 212 49 Mirbeau,
1086 1945 47 24 or
1159 1929 138 41 rather
1322 1929 126 42 heard

197 1983 97 49 him,
327 2000 85 25 was
445 1985 110 40 amid
588 1985 68 41 the
687 1986 137 41 smoke
855 1986 44 41 of
934 2003 22 25 a
987 1987 138 49 public
1157 1988 218 51 gathering
1407 1999 42 31 at

81 2041 67 41 the
176 2042 97 41 time
299 2042 44 40 of
371 2042 68 42 the
468 2043 184 51 Dreyfus
679 2059 100 26 case.
838 2044 69 41 He
934 2046 185 48 presided
1148 2056 42 31 at
1218 2062 22 25 a
1268 2048 180 49 meeting

78 2099 45 42 of
146 2115 111 26 some
278 2111 98 39 sort,
401 2101 41 40 in
466 2117 109 26 some
598 2112 168 39 quarter
788 2118 49 25 or
859 2103 130 41 other.
1045 2104 70 41 He
1139 2105 218 49 impressed
1382 2121 65 26 me

79 2173 41 26 as
144 2158 120 51 being
287 2158 93 42 firm
405 2160 80 41 and
508 2161 216 50 energetic.
779 2161 244 41 Prominent
1044 2162 219 51 eyebrows,
1289 2178 23 26 a
1336 2178 84 35 pow-

79 2216 111 41 erful
209 2217 97 50 jaw,
331 2217 100 41 neck
452 2233 42 25 as
515 2228 144 41 strong
678 2234 42 25 as
741 2234 23 26 a
785 2219 121 41 bull's
929 2220 80 41 and
1032 2235 22 26 a
1075 2220 115 51 spiky
1210 2221 236 42 moustache

79 2274 145 51 hiding
259 2291 22 24 a
318 2275 89 40 thin
444 2276 274 41 mouththe
754 2277 135 42 whole
926 2289 289 40 arrangement
1251 2279 44 41 of
1333 2279 113 42 those

78 2332 166 51 sharply
273 2333 160 42 defined
466 2334 179 41 features
674 2335 215 50 gave.him
919 2336 68 41 the
1017 2337 233 49 impressive
1280 2353 143 34 appear-

80 2406 97 26 ance
197 2391 43 41 of
262 2408 22 24 a
305 2393 150 41 retired
477 2408 64 26 sea
562 2394 161 48 captain
744 2409 48 25 or
812 2409 23 25 a
854 2394 188 41 wrestler
1063 2405 42 30 at
1126 2411 22 25 a
1169 2405 174 41 country
1366 2395 81 42 fair

77 2449 231 42 side-show.
369 2449 69 42 To
470 2451 80 41 this
579 2462 110 30 must
720 2451 47 42 be
799 2453 131 40 added
962 2453 68 40 the
1061 2453 139 41 brutal
1232 2464 141 31 accent
1404 2455 41 40 in

77 2507 135 42 which
233 2508 49 41 he
303 2509 215 41 addressed
539 2509 61 41 his
620 2510 206 49 audience,
849 2510 61 41 his
929 2511 117 51 jerky
1066 2522 194 40 gestures,
1282 2513 80 40 and
1385 2512 61 41 his

77 2565 224 43 bluntness.
358 2566 120 42 That
505 2568 174 50 evening
706 2567 163 42 Octave
899 2569 199 41 Mirbeau
1127 2569 186 42 revealed
1343 2570 78 42 him-

77 2623 76 42 self
178 2634 41 31 to
244 2641 64 25 me
334 2641 41 26 as
400 2641 23 26 a
446 2625 109 49 bold,
583 2627 238 50 aggressive,
849 2627 247 42 formidable
1120 2627 163 52 fighter.

136 2694 117 43 Since
285 2695 97 41 then
416 2696 19 40 I
468 2696 103 41 have
602 2707 84 30 met
717 2696 85 41 him
837 2707 40 31 at
912 2698 343 42 Durand-Ruel's
1287 2700 82 40 and
1402 2709 42 31 at

75 2754 164 40 various
262 2754 256 41 exhibitions.
572 2755 70 41 He
664 2771 85 25 was
772 2771 52 25 no
848 2755 144 51 longer
1016 2772 21 25 a
1061 2756 162 50 fighter.
1277 2756 73 42 On
1376 2757 68 42 the

77 2822 204 40 contrary,
314 2812 49 41 he
395 2813 199 49 appeared
627 2813 105 41 tired
765 2814 80 41 and
878 2829 42 26 as
951 2814 32 40 if
1016 2814 294 42 disillusioned.
1373 2816 70 41 He

73 2870 158 41 seemed
252 2870 186 51 weighed
460 2872 123 40 down
604 2871 51 51 by
675 2887 24 25 a
718 2881 117 41 great
852 2887 169 27 sorrow.
1075 2873 40 41 It
1136 2872 153 42 flashed
1311 2889 132 27 across

74 2944 68 34 my
167 2929 115 41 mind
309 2928 89 42 that
424 2930 40 40 in
491 2929 62 41 his
578 2929 144 51 limpid
749 2945 100 35 eyes,
879 2931 98 49 deep
1004 2930 149 42 behind
1180 2931 69 41 the
1275 2931 96 42 arch
1397 2932 45 41 of

74 2985 61 42 his
159 2986 147 50 brows,
334 2987 18 40 I
378 3003 86 25 saw
488 3003 51 25 an
564 2988 229 49 expression
819 2987 44 42 of
889 2989 271 49 unspeakable
1184 2989 260 53 suffering

74 3044 80 41 like
178 3061 22 25 a
224 3045 207 41 reflection
456 3045 43 41 of
524 3045 191 50 destpair,
739 3046 45 40 of
809 3046 284 42 irremediable
1117 3048 215 50 nostalgia.

129 3114 75 41 All
231 3114 199 42 Mirbeau
456 3130 126 26 seems
607 3115 186 42 revealed
820 3116 41 40 in
888 3116 110 41 these
1024 3126 84 32 two
1136 3117 209 42 attitudes.
1401 3118 41 41 A

73 3171 151 52 fighter
262 3173 49 40 he
350 3173 200 51 certainly
589 3174 53 48 is;
681 3173 61 42 his
780 3185 227 39 opponents
1046 3175 126 42 know
1210 3176 232 51 something

73 3231 126 41 about
231 3231 103 41 that.
397 3232 84 40 But
513 3231 49 41 he
594 3232 31 40 is
658 3231 83 42 also
774 3248 21 25 a
828 3243 186 31 creature
1046 3233 81 41 full
1157 3234 45 41 of
1233 3235 187 41 sensitive-

72 3304 88 26 ness
183 3290 80 40 and
284 3289 45 41 of
351 3290 158 41 foibles.
560 3289 108 42 This
692 3290 247 42 formidable
961 3291 359 51 controversialist,
1345 3293 95 42 who

73 3347 156 42 throws
251 3347 164 42 himself
439 3347 107 52 body
569 3349 80 40 and
672 3348 90 42 soul
785 3349 87 41 into
896 3349 68 41 the
987 3349 104 52 fray,
1116 3350 95 42 who
1235 3351 140 42 rushes
1399 3361 42 32 at

72 3404 61 42 his
155 3406 172 41 enemies
350 3406 80 41 and
452 3406 111 42 deals
584 3422 146 35 savage
751 3406 129 43 blows
904 3407 111 51 right
1038 3408 81 42 and
1142 3408 82 49 lift,
1248 3425 192 34 possesses

72 3479 24 25 a
130 3479 140 36 young
305 3464 114 51 girl's
456 3464 176 51 shyness,
672 3481 22 25 a
732 3464 104 43 lad's
873 3466 247 42 tenderness.
1189 3467 71 42 He
1297 3468 143 42 adores

73 3522 172 50 flowers,
275 3522 73 41 but
376 3523 127 41 above
531 3523 241 51 everything
799 3523 49 42 he
875 3523 110 42 loves
1013 3524 123 51 birds,
1168 3525 153 52 always
1349 3542 69 35 pro-

71 3581 155 50 tecting
248 3580 111 42 them
382 3580 110 42 from
514 3581 131 41 harm.
699 3582 70 40 Do
790 3598 80 34 you
894 3582 125 42 recall
1044 3583 157 42 Isidore
1224 3584 167 50 Lechat,
1417 3600 23 26 a

70 3638 212 42 character
301 3640 42 39 in
363 3655 77 26 one
459 3639 44 42 of
524 3639 60 42 his
604 3639 125 53 plays,
752 3640 95 42 who
868 3657 52 25 no
941 3657 145 26 sooner
1106 3658 168 34 appears
1294 3658 54 26 on
1370 3642 69 43 the

70 3707 113 41 stage
215 3697 99 42 than
346 3697 49 42 he
427 3714 136 25 causes
594 3714 23 25 a
647 3714 101 34 poor
779 3699 91 41 bird
902 3709 42 31 to
975 3699 48 41 be
1054 3700 236 51 frightened
1322 3717 117 35 away

71 3754 110 42 from
209 3756 61 40 his
297 3756 184 50 garden?
539 3756 199 42 Mirbeau
767 3758 195 41 intended
992 3758 80 41 this
1101 3759 134 41 action
1265 3769 42 32 to
1334 3775 79 36 sym-

70 3813 133 42 bolize
234 3813 56 42 all
321 3814 69 41 the
418 3814 172 42 vileness
621 3816 80 40 and
732 3831 211 26 meanness
972 3816 44 41 of
1048 3816 69 42 the
1146 3815 155 44 human
1333 3833 103 27 race.

71 3871 84 42 For
174 3872 98 50 him,
295 3888 23 26 a
338 3888 96 26 man
455 3872 95 42 who
572 3872 159 42 doesn't
752 3872 91 46 love
865 3873 123 51 birds,
1013 3874 182 42 becomes
1218 3875 221 51 classified;

70 3930 50 42 he
151 3931 32 41 is
215 3947 22 25 a
268 3932 133 49 brute,
435 3947 22 26 a
488 3932 190 41 criminal
708 3932 167 51 capable
905 3933 45 41 of
982 3949 79 36 any
1090 3944 86 31 sort
1206 3934 45 41 of
1284 3934 151 52 felony.

1507 314 198 41 Mirbeau
1736 315 83 41 also
1850 315 109 41 loves
1990 317 110 50 dogs,
2133 317 103 41 with
2268 318 67 41 the
2366 320 223 48 exception,
2620 320 171 50 perhaps
2821 321 45 43 of

1506 371 67 41 the
1609 372 179 42 horrible
1824 373 107 41 little
1968 374 110 41 beast
2112 375 44 40 of
2192 375 68 41 the
2625 377 154 52 Lastly,
2816 378 51 42 he

1505 429 110 42 loves
1642 446 106 32 men,
1778 431 374 52 notwithstanding
2180 433 60 41 his
2269 444 115 40 great
2411 434 242 52 knowledge
2681 435 45 41 of
2754 435 112 43 them

1505 488 80 41 and
1609 487 68 42 the
1700 488 84 41 fact
1807 489 90 41 that
1920 489 49 41 he
1991 489 71 42 has
2084 490 162 42 become
2270 507 23 25 a
2314 502 152 30 master
2488 493 41 40 in
2554 492 68 42 the
2646 503 64 31 art
2733 494 44 41 of
2801 510 44 26 ex-

1505 546 144 50 posing
1679 546 106 42 their
1816 547 144 42 foibles
1991 549 80 40 and
2103 548 106 41 their
2237 550 119 41 vices.
2418 551 84 40 But
2533 550 49 42 he
2614 551 110 42 loves
2755 552 111 42 them

1504 603 121 42 when
1658 605 95 51 they
1783 621 68 26 are
1882 605 183 51 helpless,
2098 607 225 50 miserable,
2356 609 231 50 wretched;
2618 609 121 43 when
2773 610 94 51 they

1504 662 210 42 stimulate
1745 664 41 40 in
1820 664 84 40 him
1938 664 525 51 fraternalcompassion,
2498 667 120 41 when
2652 668 95 51 they
2778 669 87 50 join

1505 720 67 41 the
1596 722 121 40 ranks
1739 722 44 40 of
1807 721 107 42 life's
1935 723 252 49 vanquished
2210 739 107 26 ones.

1515 2290 157 41 Octave
1696 2290 216 40 Mirbeau.
1970 2289 195 50 Original
2188 2289 208 51 Drawing
2423 2291 47 49 by
2496 2289 53 42 A.
2575 2290 219 50 Delannoy

1564 2420 98 41 And
1691 2420 56 41 all
1776 2420 79 42 this
1882 2420 151 42 hidden
2062 2421 102 49 love,
2194 2420 56 42 all
2278 2421 79 41 this
2386 2422 246 47 tenderness,
2660 2420 136 42 which
2824 2420 51 42 he

1509 2478 182 41 conceals
1730 2495 43 24 so
1814 2479 477 51 awkwardlyfearing
2331 2479 182 49 ridicule,
2555 2479 319 50 perhaps,but

1508 2536 135 42 which
1669 2536 146 49 shows,
1843 2537 284 50 nevertheless,
2156 2538 41 40 in
2224 2537 56 41 all
2306 2536 61 42 his
2392 2537 159 49 works;
2578 2536 57 42 all
2661 2537 80 41 this
2766 2547 109 31 store

1508 2594 44 42 of
1586 2596 251 49 sentiments,
1874 2596 253 49 aspirations,
2164 2596 80 40 and
2278 2595 154 42 human
2468 2596 159 48 desires,
2664 2594 212 52 brotherly

1510 2654 80 40 and
1628 2653 174 50 helpful,
1842 2653 137 42 which
2018 2653 49 42 he
2107 2669 194 34 represses
2342 2654 80 41 and
2462 2653 242 51 stubbornly
2742 2653 134 42 forces

1509 2711 100 41 back
1610 2711 116 41 all
1757 2711 80 41 this
1868 2711 189 50 explodes
2088 2711 200 52 suddenly
2320 2712 81 41 and
2431 2709 182 44 becomes
2644 2726 138 37 anger,
2815 2712 40 40 in-

1508 2770 213 50 dignation
1745 2771 80 40 and
1848 2769 254 42 vehemence.
2154 2769 125 41 Then
2302 2785 142 26 occurs
2465 2785 77 26 one
2564 2769 44 42 of
2632 2769 113 42 those
2766 2785 81 26 mar-

1507 2827 201 52 vellously
1743 2828 110 41 lucid
1891 2829 80 40 and
2007 2829 164 40 incisive
2206 2843 132 36 pages,
2375 2828 253 51 thundering
2660 2827 104 43 with
2800 2829 50 40 im-

1507 2886 240 50 precations,
1788 2886 120 41 laden
1945 2886 104 42 with
2088 2886 218 42 anathema
2344 2887 81 40 and
2463 2886 200 51 bubbling
2700 2887 150 50 impetu-

1506 2943 116 52 ously
1653 2944 103 41 with
1790 2959 96 37 rage
1919 2945 80 40 and
2033 2944 213 51 scorching
2276 2945 151 41 words.
2491 2945 81 40 His
2603 2945 172 51 writing
2807 2945 44 40 be-

1506 3018 131 25 comes
1664 3018 23 25 a
1714 3012 163 32 torrent
1903 3003 90 41 that
2020 3003 71 41 has
2119 3003 153 41 broken
2301 3003 121 49 loose,
2451 3003 191 51 carrying
2670 3018 117 35 away
2815 3002 57 42 all

1506 3060 138 51 things
1681 3060 139 42 before
1858 3062 32 40 it
1928 3062 80 40 and
2046 3062 207 50 sweeping
2289 3061 173 42 onward
2500 3062 41 40 in
2580 3077 23 25 a
2639 3061 233 42 tumultous

1503 3129 151 31 stream
1678 3119 44 40 of
1748 3119 119 42 fierce
1892 3119 212 51 invective,
2132 3119 148 51 daring
2303 3119 216 50 metaphor
2544 3120 80 42 and
2652 3120 220 41 audacious

1504 3178 194 49 paradox.
1757 3177 107 41 Such
1891 3192 120 36 pages
2038 3193 67 25 are
2131 3178 280 49 masterpieces
2438 3178 41 40 in
2505 3177 136 42 which
2667 3193 77 26 one
2771 3177 100 43 feels

1505 3235 89 42 that
1622 3235 67 41 the
1717 3236 151 41 author
1895 3235 71 42 has
1992 3236 155 50 poured
2175 3246 73 31 out
2276 3251 109 26 some
2412 3236 44 41 of
2484 3236 61 41 his
2572 3236 187 50 strength
2788 3237 82 49 ans

1503 3293 136 49 blood,
1667 3295 80 40 and
1775 3295 41 40 in
1842 3293 136 42 which
2004 3293 50 42 he
2080 3293 71 42 has
2177 3293 176 43 allowed
2380 3293 61 42 his
2467 3293 129 50 heart,
2624 3293 114 42 filled
2764 3294 107 42 with

1503 3351 91 42 love
1616 3352 80 41 and
1717 3352 98 51 pity,
1840 3362 41 31 to
1903 3352 209 42 overflow.

1559 3409 97 42 The
1685 3410 270 52 particularly
1985 3411 273 51 ignominious
2288 3411 140 49 period
2458 3411 42 40 in
2530 3410 136 43 which
2695 3426 64 27 we
2789 3410 82 43 live

1501 3468 144 42 knows
1664 3468 83 42 few
1765 3469 163 42 writers
1945 3469 45 41 of
2011 3469 78 41 this
2108 3479 146 40 stamp.
2305 3468 96 43 Our
2419 3479 163 40 present
2602 3469 79 51 day
2700 3469 171 55 literary

1503 3527 80 41 and
1609 3528 157 40 artistic
1788 3528 257 50 domesticity
2069 3526 217 52 faithfully
2310 3527 158 41 reflects
2491 3542 79 27 our
2592 3528 117 50 spirit
2732 3527 45 42 of
2803 3528 46 41 de-

1501 3601 187 35 mocracy
1711 3586 80 40 and
1815 3584 207 43 universal
2044 3584 192 52 suffrage.
2288 3585 156 41 Artists
2469 3586 80 41 and
2573 3586 175 48 writers,
2772 3585 97 43 who

1501 3658 109 27 were
1631 3643 199 51 formerly
1850 3644 151 41 knaves
2023 3644 80 41 and
2124 3648 245 44 courtesahs,
2394 3659 68 26 are
2483 3645 142 50 to-day
2646 3644 68 41 the
2736 3644 112 42 flunk-

1501 3717 65 35 eys
1587 3701 43 41 of
1654 3701 68 41 the
1745 3702 259 50 triumphant
2026 3702 264 51 bourgeoisie.

1557 3759 169 52 Among
1758 3759 80 42 this
1870 3760 101 41 herd
2002 3759 45 42 of
2079 3759 144 44 servile
2256 3760 80 42 and
2369 3761 199 41 timorous
2599 3776 179 35 persons,
2811 3760 59 43 all

1501 3819 170 50 craving
1697 3819 238 50 enjoyment
1962 3819 81 41 and
2072 3818 56 42 all
2155 3818 164 51 seeking
2346 3818 226 49 adulation,
2603 3819 69 41 the
2698 3834 98 26 man
2823 3819 46 42 of

1501 3877 142 50 genius
1673 3876 189 51 develops
1891 3876 229 52 painfully;
2150 3893 23 25 a
2203 3876 340 50 temperamental
2571 3878 145 41 writer
2744 3874 72 45 has
2846 3893 25 27 a

1501 3935 103 41 hard
1634 3935 98 41 time
1761 3935 199 51 asserting
1987 3934 177 42 himself.
2225 3935 40 41 If
2295 3935 50 42 he
2373 3935 154 51 merely
2556 3935 212 50 mumbles,
2800 3936 71 44 the
