2771 4107
2108 349 96 64 81

501 372 169 35 NOTES
699 359 314 47 D'HISTOIRE
1042 370 103 35 SUR
1174 356 205 49 SALOMÉ
1404 368 62 37 LA
1493 365 286 37 DANSEUSE

100 536 152 53 pour
292 523 324 66 permettre
659 537 77 35 au
777 518 223 54 lecteur
1042 514 276 57 d'établir
1360 514 284 71 quelques
1686 511 201 73 points
1930 510 71 55 de
2044 527 119 38 com-

99 598 278 72 paraison
419 600 80 68 (1)
532 619 10 35 :

216 680 306 70 «Hérode,
570 699 72 36 en
689 680 164 69 effet,
903 679 165 55 avait
1115 678 192 54 arrêté
1355 677 171 71 Jean,
1573 674 210 56 l'avait
1830 673 265 72 garrotté
2141 677 61 50 et

105 759 122 72 jeté
249 779 72 36 en
341 762 221 71 prison,
586 767 60 49 et
668 762 124 53 cela
814 762 35 52 à
870 778 175 37 cause
1067 759 422 67 d'Hérodiade,
1512 758 57 52 la
1590 757 217 54 femme
1830 757 71 53 de
1921 772 108 37 son
2052 753 151 54 frère

105 840 273 73 Philippe
406 843 79 67 (2)
514 848 60 48 et
597 859 175 54 parce
797 858 115 53 que
936 840 153 70 Jean
1114 839 82 53 lui
1220 839 179 55 disait
1428 859 11 32 :
1468 858 20 28 «
1515 838 51 53 Il
1590 856 72 35 ne
1686 837 141 53 t'est
1851 853 108 53 pas
1982 833 220 73 permis

103 922 233 56 d'avoir
378 928 159 48 cette
579 922 321 56 femme-là.
928 942 23 28 »
1897 920 224 55 Hérode

127 1009 161 63 mort,
311 1004 150 54 mais
503 1004 40 52 il
588 1003 166 55 avait
795 1019 147 54 peur
983 1003 81 53 du
1105 1002 233 71 peuple,
1380 999 195 71 lequel
1616 998 191 56 tenait
1850 998 153 70 Jean
2050 1014 151 55 pour

100 1085 310 70 prophète.

216 1164 100 68 Or,
357 1182 76 34 au
470 1163 134 70 jour
641 1162 401 54 anniversaire
1082 1162 71 53 de
1190 1162 57 52 la
1284 1160 307 55 naissance
1630 1159 320 69 d'Hérode,
1990 1158 57 53 la
2084 1158 117 54 fille

99 1243 405 55 d'Hérodiade
536 1249 188 65 ayant
757 1243 181 55 dansé
970 1261 77 35 au
1078 1242 202 53 milieu
1310 1242 73 53 de
1413 1242 59 52 la
1502 1240 160 69 salle,
1696 1239 166 53 avait
1895 1239 306 53 tellement

100 1326 104 71 plu
242 1343 78 35 au
359 1326 307 68 tétrarque
706 1324 146 70 qu'il
890 1324 83 54 lui
1012 1323 166 53 avait
1216 1323 149 70 juré,
1406 1339 109 54 par
1552 1326 280 63 serment,
1874 1320 71 54 de
1983 1319 83 53 lui
2107 1337 62 37 ac-

99 1406 206 53 corder
336 1409 136 49 tout
505 1422 65 36 ce
604 1404 212 70 qu'elle
848 1403 84 55 lui
965 1402 430 56 demanderait.
1432 1422 22 28 «
1479 1400 380 68 Donne-moi,
1893 1399 83 54 lui
2009 1399 160 54 avait-

103 1486 106 55 elle
247 1486 89 54 dit
376 1486 172 67 alors,
586 1486 251 71 poussée
873 1502 110 53 par
1018 1502 66 36 sa
1121 1486 178 66 mère,
1338 1482 75 54 ici
1450 1483 211 66 même,
1702 1499 99 35 sur
1837 1499 82 35 un
1957 1480 148 72 plat,
2143 1480 59 54 la

98 1567 124 54 tête
249 1568 72 53 de
348 1566 477 71 Jean-Baptiste.
854 1587 22 27 »
903 1566 80 53 Le
1009 1564 88 55 roi
1122 1583 73 36 en
1221 1563 167 53 avait
1415 1563 93 53 été
1535 1562 239 53 attristé
1802 1582 13 47 ;
1844 1562 357 70 cependant,

101 1648 36 53 à
175 1665 175 36 cause
392 1647 71 53 de
504 1663 108 37 son
651 1651 282 63 serment,
976 1646 35 52 à
1051 1662 176 36 cause
1267 1643 159 53 aussi
1467 1643 104 53 des
1610 1642 302 67 convives,
1954 1640 40 53 il
2036 1640 166 55 avait

99 1728 353 55 commandé
491 1728 73 53 de
600 1727 59 53 la
694 1726 84 54 lui
816 1727 228 54 donner
1082 1731 59 48 et
1180 1724 207 55 d'aller
1425 1722 304 71 décapiter
1768 1722 152 70 Jean
1959 1723 149 53 dans
2145 1722 58 53 la

101 1809 220 73 prison.
360 1809 78 55 Sa
473 1808 125 55 tête
635 1807 169 54 avait
840 1808 94 53 été
971 1807 287 71 apportée
1294 1823 99 36 sur
1428 1823 82 36 un
1545 1804 130 71 plat
1713 1808 60 50 et
1809 1804 230 54 donnée
2076 1803 34 52 à
2146 1802 57 54 la

99 1891 178 71 jeune
308 1891 137 68 fille,
481 1889 102 72 qui
616 1889 212 54 l'avait
861 1888 211 55 remise
1106 1888 35 52 à
1174 1905 67 35 sa
1274 1887 177 53 mère.
1488 1886 112 53 Les
1634 1883 275 71 disciples
1943 1884 72 54 de
2050 1883 154 70 Jean

96 1972 226 53 étaient
355 1988 188 37 venus
575 1971 254 71 prendre
861 1987 108 36 son
1003 1986 171 55 corps
1207 1972 61 49 et
1300 1966 332 55 l'ensevelir
1658 1987 14 47 ;
1707 1964 134 73 puis
1874 1964 70 54 ils
1977 1963 227 56 étaient

98 2052 142 55 allés
266 2071 73 36 en
367 2052 283 53 informer
677 2051 194 71 Jésus.
899 2071 21 28 »

212 2146 80 70 Si,
332 2147 149 54 dans
518 2145 127 54 leur
683 2143 317 70 ensemble,
1040 2143 84 55 les
1163 2143 158 55 deux
1359 2141 177 54 récits
1573 2141 352 70 précédents
1964 2156 206 37 concor-

98 2230 163 67 dent,
305 2246 77 36 on
425 2228 231 54 voudra
697 2226 138 56 bien
890 2225 351 56 néanmoins
1291 2240 342 53 remarquer
1680 2240 118 35 une
1854 2221 351 71 divergence

98 2308 251 55 sensible
378 2329 12 33 :
439 2308 150 54 dans
636 2308 182 68 Marc,
868 2306 239 55 Hérode
1155 2324 35 37 a
1239 2305 82 54 du
1368 2308 232 67 respect
1646 2320 152 53 pour
1845 2301 152 70 Jean
2046 2306 59 49 et
2152 2300 53 54 le

96 2390 155 54 tient
283 2408 151 53 pour
466 2408 82 35 un
581 2388 158 55 saint
767 2409 14 47 ;
818 2388 139 55 chez
992 2386 318 69 Matthieu,
1347 2385 239 54 Hérode
1620 2383 197 54 aurait
1849 2382 138 55 bien
2020 2381 185 54 voulu

94 2479 53 54 le
175 2476 217 50 mettre
421 2471 35 52 à
484 2475 177 49 mort.

211 2660 171 55 LUC.
406 2660 81 54 Le
509 2660 298 55 troisième
829 2660 384 71 synoptique,
1237 2659 143 67 Luc,
1406 2658 194 54 donne
1622 2676 81 35 un
1724 2656 146 55 récit
1891 2655 313 73 beaucoup

98 2740 193 54 moins
336 2740 238 55 détaillé
621 2742 71 53 de
736 2742 59 53 la
839 2747 158 48 mort
1044 2742 81 53 du
1171 2739 373 53 Précurseur.
1595 2738 79 68 (3)
1723 2757 22 28 «
1770 2736 81 54 Le
1896 2736 308 70 tétrarque

99 2820 256 70 Hérode,
395 2823 355 70 cependant,
790 2827 188 66 ayant
1016 2822 94 53 été
1148 2819 185 72 repris
1369 2837 109 53 par
1514 2818 83 53 lui
1637 2819 80 70 (4)
1757 2822 136 49 tant
1931 2836 78 35 au
2044 2816 160 72 sujet

99 2902 423 69 d'Hérodiade,
556 2903 217 54 femme
807 2904 73 53 de
912 2921 108 35 son
1053 2903 171 67 frère,
1260 2900 184 71 qu'au
1475 2899 159 71 sujet
1667 2899 103 55 des
1802 2898 160 54 mille
1994 2898 210 54 crimes

98 2983 146 70 qu'il
284 2983 167 54 avait
492 2984 267 69 commis,
802 2984 211 71 ajouta
1055 2999 210 38 encore
1307 2979 232 56 celui-ci
1580 2980 35 52 à
1656 2984 138 50 tous
1835 2979 82 55 les
1959 2984 201 50 autres
2189 2999 13 35 :

94 3063 40 53 il
162 3064 74 55 fit
265 3064 151 71 jeter
445 3065 153 72 Jean
627 3084 72 36 en
729 3067 202 71 prison
956 3087 22 28 »

212 3159 105 69 Ici,
352 3159 40 54 il
425 3161 153 53 n'est
612 3161 171 71 point
819 3159 279 73 question
1133 3159 72 54 de
1242 3154 429 73 décapitation,
1707 3159 59 51 et
1801 3172 64 37 ce
1898 3154 155 55 n'est
2088 3172 115 53 que

96 3241 313 72 beaucoup
429 3242 132 71 plus
581 3243 138 54 tard
739 3261 117 52 que
882 3243 145 69 Luc,
1063 3239 318 73 rappelant
1420 3255 118 36 une
1577 3237 401 54 exclamation
2020 3237 183 54 d'Hé-

215 3456 63 49 (1)
310 3457 269 48 MATTHIEU,
614 3457 126 48 XIV,
776 3468 116 39 3-12.
924 3453 281 41 Traduction
1237 3451 195 52 Stapfer.

213 3531 62 49 (2)
309 3531 121 40 Note
459 3532 61 39 du
550 3533 271 38 traducteur
840 3546 9 24 :
884 3530 229 52 Quelques
1148 3526 244 41 anciennes
1423 3525 221 40 autorités
1663 3528 231 38 omettent
1912 3525 229 52 Philippe.

214 3606 64 52 (3)
309 3606 114 49 Luc,
469 3606 88 48 111,
607 3617 143 39 19-20.
793 3605 281 40 Traduction
1119 3601 195 53 Stapfer.

214 3681 64 50 (4)
305 3683 88 38 Par
419 3681 114 50 Jean
566 3681 40 39 le
640 3680 225 51 Baptiste.
