2771 4107
547 378 96 63 120

1132 383 261 36 MERCURE
1432 380 240 36 MUSICAL
1709 379 70 35 ET
1824 377 50 36 S.
1922 376 42 36 I.
2014 376 64 37 M.

546 558 247 53 conçues
849 536 177 73 qu'en
1083 533 140 55 faits
1294 529 296 73 objectifs,
1663 526 292 74 auxquels
2015 526 332 56 l'ancienne
2415 526 210 59 musico-

547 620 241 74 graphie
833 634 148 38 nous
1026 613 165 55 avait
1238 613 399 54 accoutumés.
1690 613 89 53 De
1825 609 307 54 nouvelles
2178 607 313 55 méthodes
2536 619 123 49 sont

546 719 217 40 venues
800 698 101 72 qui
938 696 339 56 entraînent
1312 694 58 54 la
1406 693 379 71 musicologie
1826 691 149 55 dans
2011 691 61 55 la
2109 690 135 55 voie
2281 690 78 53 où
2397 689 262 75 s'engage

547 783 205 72 depuis
786 797 114 54 peu
934 776 285 56 l'histoire
1254 775 286 72 générale.
1581 775 93 55 On
1710 793 35 35 a
1780 773 258 72 compris
2074 773 177 68 enfin,
2291 771 58 55 la
2386 773 273 58 nécessité

545 867 72 53 de
652 861 294 74 patientes
984 859 207 55 études
1230 859 71 55 de
1341 856 181 56 détail
1561 858 147 54 dont
1746 856 52 55 le
1836 856 175 55 cadre
2049 854 277 56 restreint
2378 861 281 64 permette

546 947 35 52 à
614 944 153 55 leurs
802 947 239 49 auteurs
1077 941 72 54 de
1183 958 60 37 se
1277 940 177 55 livrer
1487 940 35 52 à
1557 958 81 36 un
1674 938 428 56 défrichement
2137 936 133 71 plus
2305 935 274 72 profond,
2606 945 52 50 et

545 1027 147 53 dont
735 1024 80 55 les
859 1023 187 71 sujets
1089 1021 136 55 bien
1271 1020 292 56 délimités
1608 1027 59 49 et
1712 1024 336 51 nettement
2093 1018 184 54 situés
2321 1016 333 73 s'opposent

545 1124 116 37 aux
713 1105 360 71 hypothèses
1126 1109 422 50 aventureuses
1602 1108 61 49 et
1715 1121 120 35 aux
1888 1100 488 73 généralisations
2437 1100 184 71 préma-

545 1188 209 54 turées.
805 1187 93 54 On
945 1203 34 36 a
1025 1184 255 72 compris
1324 1189 238 50 surtout
1609 1183 146 71 qu'il
1801 1181 311 73 importait
2143 1181 480 56 essentiellement-

545 1269 71 55 de
655 1267 174 55 sérier
866 1267 82 54 les
989 1265 323 73 questions,
1333 1272 59 49 et
1434 1267 72 54 de
1545 1265 193 71 forger
1781 1267 102 53 des
1922 1264 395 55 instruments
2352 1263 73 56 de
2453 1264 205 56 travail

543 1355 186 49 avant
779 1349 72 55 de
900 1348 191 72 forger
1140 1348 102 54 des
1294 1366 251 36 œuvres.
1596 1348 196 68 Aussi,
1842 1345 295 56 l'activité
2188 1347 103 53 des
2340 1344 228 56 érudits
2599 1363 56 39 se

542 1429 359 73 porte-t-elle
928 1430 71 55 de
1047 1429 334 73 préférence
1431 1447 99 35 sur
1577 1429 83 55 les
1708 1429 287 71 besognes
2044 1446 116 53 que
2212 1446 151 35 nous
2414 1427 213 71 appelle-

542 1528 136 38 rons
739 1512 100 53 des
899 1510 284 72 besognes
1243 1508 452 72 préparatoires,
1760 1509 166 55 telles
1987 1527 118 53 que
2168 1507 486 72 dépouillements

543 1592 346 68 d'archives,
918 1590 363 58 confections
1333 1590 426 56 d'inventaires
1812 1597 57 49 et
1924 1592 71 53 de
2047 1589 371 73 répertoires,
2471 1589 152 73 publi-

541 1673 199 56 cation
787 1674 71 55 de
905 1674 368 68 documents,
1322 1679 112 49 etc.
1482 1673 52 52 A
1581 1691 65 37 ce
1691 1672 141 56 titre
1879 1673 78 53 M.
2009 1672 213 56 Michel
2249 1673 221 53 Brenet
2500 1670 157 56 vient

547 1757 72 53 de
668 1756 241 68 donner,
960 1756 147 54 dans
1154 1756 53 54 le
1257 1754 227 55 dernier
1530 1754 251 55 bulletin
1831 1754 340 55 trimestriel
2221 1756 72 53 de
2340 1754 59 55 la
2436 1753 218 56 Société

538 1834 476 69 internationale,
1041 1853 81 36 un
1168 1834 278 71 précieux
1493 1836 291 71 exemple,
1834 1855 77 35 en
1958 1834 298 73 publiant,
2277 1836 236 71 d'après
2561 1836 93 54 des

543 1917 353 54 manuscrits
952 1918 73 55 de
1077 1917 58 54 la
1190 1917 418 71 Bibliothèque
1661 1917 324 68 nationale,
2005 1917 343 56 l'ensemble
2405 1918 100 55 des
2543 1916 80 72 pri-

539 1998 215 71 vilèges
807 1998 224 56 relatifs
1084 2017 118 36 aux
1254 1998 425 71 compositions
1732 1998 312 56 musicales
2102 2001 71 53 de
2225 2004 171 50 toute
2447 2004 203 50 nature

543 2079 102 71 qui
674 2079 196 55 virent
899 2079 52 55 le
980 2079 135 71 jour
1144 2081 34 52 à
1211 2079 163 55 Paris
1407 2082 71 53 de
1511 2081 143 69 1653
1689 2082 34 52 à
1759 2096 165 56 1790.
1959 2081 51 53 Il
2039 2100 41 52 y
2110 2100 36 35 a
2175 2081 57 54 là
2249 2100 115 37 une
2389 2079 262 73 copieuse

543 2159 257 55 moisson
846 2161 69 54 de
961 2159 516 73 renseignements,
1525 2167 60 50 et
1628 2161 103 54 nul
1775 2181 74 37 ne
1891 2180 221 53 pourra
2155 2162 324 56 désormais
2522 2162 107 53 s'oc-

543 2258 178 54 cuper
769 2242 73 53 de
887 2242 59 53 la
993 2241 272 72 musique
1314 2261 71 36 en
1435 2243 225 55 France
1709 2244 220 54 durant
1978 2243 59 54 la
2085 2243 241 71 période
2362 2243 293 69 ci-dessus,

543 2338 134 37 sans
715 2322 297 56 consulter
1045 2323 53 55 le
1135 2323 216 54 travail
1389 2324 71 54 de
1498 2330 170 49 notre
1705 2331 217 48 savant
1961 2324 279 73 collègue.

658 2403 134 69 J'en
828 2403 146 55 dirai
1009 2410 234 62 autant,
1280 2422 151 52 pour
1463 2404 54 56 le
1550 2421 135 39 xvn
1688 2418 21 23 e
1745 2406 189 68 siècle,
1972 2407 80 53 du
2085 2407 149 56 livre
2269 2407 73 56 de
2378 2408 78 54 M.
2494 2404 128 74 Quit-

545 2485 153 67 tard,
724 2501 97 37 car
844 2502 64 37 ce
937 2485 147 54 livre
1116 2485 296 55 constitue
1444 2487 34 52 à
1508 2486 83 54 lui
1623 2487 124 55 seul
1778 2507 118 36 une
1925 2488 292 56 véritable
2249 2490 283 71 synthèse
2564 2488 91 55 des

541 2565 444 55 connaissances
1032 2566 266 71 acquises
1343 2585 101 35 sur
1486 2567 58 55 la
1588 2567 274 72 musique
1912 2568 310 73 religieuse
2268 2571 269 71 pendant
2579 2568 74 55 les

542 2646 201 71 règnes
779 2648 72 54 de
886 2647 175 55 Louis
1100 2648 156 55 XIII
1296 2653 59 51 et
1392 2650 71 54 de
1500 2650 177 54 Louis
1714 2651 165 54 XIV.
1919 2652 157 55 C'est
2112 2651 48 54 si
2194 2652 122 55 l'on
2352 2658 164 63 veut,
2551 2667 106 38 une

543 2745 22 29 «
604 2744 224 38 somme
868 2749 22 29 »
941 2728 103 71 qui
1094 2747 149 36 nous
1308 2730 251 55 informe
1627 2732 177 55 d'une
1870 2733 326 56 multitude
2263 2735 75 56 de
2403 2733 140 55 faits
2602 2736 52 51 et

545 2805 234 71 d'idées,
800 2813 59 50 et
904 2810 150 54 dont
1097 2808 221 58 l'index
1364 2811 442 74 alphabétique,
1841 2831 117 54 que
2002 2832 110 37 son
2159 2821 214 50 auteur
2418 2816 236 71 prépare

545 2904 72 36 en
647 2905 63 37 ce
739 2896 284 63 moment,
1058 2892 282 55 doublera
1369 2892 57 54 la
1456 2893 206 55 valeur
1691 2912 73 37 en
1795 2895 434 57 transformant
2259 2915 108 36 son
2405 2911 248 55 ouvrage

546 2985 72 37 en
654 2987 80 35 un
772 2971 286 56 excellent
1093 2972 360 57 instrument
1494 2976 72 55 de
1604 2975 233 56 travail.

658 3048 194 56 Situer
889 3051 82 56 les
1014 3071 232 38 œuvres
1287 3056 148 53 dans
1474 3056 127 55 leur
1641 3056 219 70 milieu,
1889 3057 82 56 les
2014 3066 278 50 entourer
2334 3061 102 55 des
2466 3056 157 60 condi-

545 3127 154 55 tions
748 3130 101 70 qui
898 3139 106 48 ont
1055 3137 395 70 accompagné
1501 3144 60 48 et
1609 3146 256 48 souvent
1915 3142 308 70 provoqué
2274 3142 126 56 leur
2432 3137 191 76 appari-

545 3206 146 71 tion,
726 3210 80 54 tel
840 3230 148 36 nous
1021 3216 221 55 semble
1276 3216 136 55 bien
1450 3219 204 53 devoir
1688 3219 124 57 être
1845 3220 53 56 le
1934 3221 121 56 rôle
2080 3222 81 54 du
2193 3221 458 74 musicographe,

545 3293 59 50 et
655 3290 135 54 telle
840 3309 35 35 a
924 3293 93 54 été
1082 3296 155 53 aussi
1300 3299 59 53 la
1422 3300 281 54 méthode
1770 3301 191 56 suivie
2024 3320 109 54 par
2198 3304 329 56 l'historien
2589 3301 66 55 de

545 3370 97 52 Du
693 3371 184 53 Mont.
931 3374 92 53 On
1073 3377 267 69 pourrait
1392 3380 191 56 même
1635 3381 122 56 dire
1809 3400 136 54 que,
2000 3403 151 53 pour
2211 3386 77 54 M.
2361 3381 290 78 Quittard,

543 3450 207 71 Henry
795 3452 96 52 Du
937 3455 166 54 Mont
1148 3457 152 55 tient
1347 3460 136 70 lieu,
1531 3480 73 37 en
1649 3462 256 72 quelque
1949 3471 179 64 sorte,
2178 3467 72 55 de
2296 3481 357 58 personnage

542 3531 241 69 central,
832 3534 38 52 d
894 3551 109 38 axe
1047 3544 216 48 autour
1308 3541 219 70 duquel
1571 3541 40 53 il
1656 3545 308 55 accumule
2013 3553 137 49 tout
2194 3567 65 36 ce
2305 3549 103 71 qui
2452 3546 201 59 éclaire

542 3616 60 50 et
641 3611 273 72 explique
955 3631 106 40 son
1103 3636 217 40 œuvre.
1362 3622 164 56 Avec
1566 3643 116 37 une
1721 3626 299 56 érudition
2063 3631 155 68 sûre,
2263 3631 145 56 mise
2442 3649 76 38 au
2545 3644 78 41 ser-

541 3691 125 56 vice
697 3694 39 53 d
758 3711 80 36 un
868 3695 179 71 esprit
1077 3697 246 74 critique
1352 3719 136 38 sans
1517 3720 157 40 cesse
1704 3724 72 37 en
1804 3708 171 69 éveil,
2008 3710 77 55 M.
2117 3711 288 71 Quittard
2422 3727 224 55 expose,
