2771 4107
1180 394 262 38 MERCURE
1477 386 240 41 MUSICAL
1752 384 67 35 ET
1860 381 43 36 S.
1941 379 37 35 I.
2015 376 57 36 M.

582 405 94 52 53

588 572 65 33 ou
685 553 199 57 égarées
915 550 120 47 chez
1065 552 134 44 cette
1230 546 165 47 Dame
1425 541 231 65 pendant
1687 550 101 35 une
1819 527 226 51 maladie
2075 536 159 52 grave
2267 532 90 49 qui
2388 515 74 47 lui
2483 520 195 44 survint

590 623 132 47 alors
743 624 50 43 et
817 618 86 61 qui
926 616 94 46 mit
1043 616 268 60 beaucoup
1333 612 63 47 de
1418 607 203 50 trouble
1642 609 52 43 et
1719 602 62 47 de
1804 593 275 54 confusion
2102 591 131 47 dans
2256 601 57 33 sa
2335 596 219 34 maison.

687 687 132 49 C'est
845 686 62 47 de
934 684 68 47 M.
1032 684 231 45 Rameau
1289 680 79 47 fils
1392 694 101 47 que
1514 677 107 46 l'on
1645 672 133 47 tient
1805 681 81 33 ces
1912 661 387 66 particularités
2328 661 90 52 (i).

696 833 313 59 L'histoire
1042 833 71 55 de
1716 832 186 55 Linus
1363 846 150 38 nous
1545 845 35 35 a
1612 825 94 54 été
1738 816 279 59 racontée
2049 828 109 55 par
2192 803 259 62 Decroix
2484 806 61 49 et
2576 820 100 53 par

583 919 195 54 l'abbé
814 917 72 54 de
921 915 58 53 la
1016 916 195 52 Porte.
1231 903 512 75 «Cettetragédie,
1771 898 144 56 écrit
1955 892 278 66 Decroix,
2272 891 169 52 avait
2481 888 94 48 ete
2597 886 53 52 ré-

583 1000 169 71 pétée
785 997 139 54 chez
959 996 155 52 Mme
1147 993 57 55 la
1239 990 294 72 Marquise
1569 987 71 53 de
1674 978 240 61 Villeroi
1942 999 14 48 ;
1992 974 151 56 mais
2177 991 79 36 on
2290 988 74 36 ne
2399 971 19 48 1
2445 985 34 35 a
2511 972 165 63 point

583 1079 309 55 retrouvée
915 1074 191 72 parmi
1129 1074 82 54 les
1233 1071 235 72 papiers
1494 1070 72 53 de
1594 1068 290 61 Rameau,
1909 1063 60 50 et
1994 1057 19 52 1
2037 1075 79 35 on
2140 1071 74 37 ne
2239 1049 116 58 sait
2380 1066 65 37 ce
2472 1065 81 52 qu
2577 1063 29 36 e
2651 1066 26 37 e

583 1165 89 49 est
715 1160 266 53 devenue
1024 1157 136 66 (2).»
1190 1155 187 71 Après
1419 1148 166 58 avoir
1627 1142 267 75 exprimé
1933 1141 54 52 le
2030 1133 241 59 souhait
2316 1132 72 53 de
2431 1127 131 56 voir
2601 1127 76 56 les

583 1259 23 30 «
630 1240 316 52 Amateurs
979 1235 238 56 éclairés
1241 1255 22 29 »
1296 1232 146 55 faire
1477 1232 102 54 des
1613 1222 342 59 recherches
1990 1221 36 52 à
2059 1222 94 50 cet
2190 1212 202 75 égard,
2429 1208 248 59 Decroix

583 1320 202 71 ajoute
814 1339 11 33 :
852 1339 23 28 «
899 1319 77 52 M.
1018 1316 53 56 le
1109 1319 131 53 Duc
1280 1315 73 54 de
1392 1307 334 69 Nivernois,
1767 1307 344 70 protecteur
2150 1297 49 55 si
2583 1292 94 55 des

581 1400 204 55 lettres
825 1404 59 48 et
926 1399 102 53 des
1067 1401 142 62 arts,
1251 1399 212 49 auteur
1503 1396 59 50 et
1603 1386 287 57 musicien
1931 1381 48 56 si
2020 1376 315 59 estimable
2357 1372 320 74 lui-même,

582 1479 265 72 pourrait
870 1479 224 53 donner
1131 1475 317 72 peut-être,
1490 1470 285 72 quelques
1814 1465 225 56 indices
2077 1479 152 53 pour
2270 1462 161 51 cette
2473 1456 170 53 décou-

583 1566 164 50 verte
788 1560 406 53 intéressante.
1237 1556 187 53 Linus
1465 1554 95 53 fut
1601 1547 458 75 probablement
2102 1538 281 73 composé
2425 1554 139 36 sous
2594 1554 82 36 ses

582 1658 156 53 yeux
779 1656 108 54 par
930 1639 76 52 M.
1052 1637 71 55 de
1165 1636 56 53 la
1264 1635 220 53 Bruère
1526 1649 108 37 son
1675 1626 314 58 secrétaire
2027 1626 38 52 d
2091 1620 378 67 ambassade,
2490 1616 186 71 lequel

581 1725 90 50 est
699 1724 155 49 mort
883 1719 36 53 à
948 1719 186 52 Rome
1164 1735 72 36 en
1268 1728 146 58 1754
1443 1716 103 66 (3)-
1554 1734 21 28 M
2332 1781 10 9 .
2656 1711 22 69 J

695 1801 85 52 La
816 1796 317 73 répétition
1151 1797 33 52 à
1200 1795 252 71 laquelle
1487 1794 41 52 il
1564 1797 90 50 est
1694 1790 111 56 fait
1843 1786 255 57 allusion
2134 1783 75 55 ici
2248 1781 128 57 doit
2416 1781 124 55 être
2578 1797 63 37 an-

582 1880 249 55 térieure
864 1880 34 51 à
931 1890 164 59 1752,
1129 1895 98 36 car
1258 1875 195 54 l'abbé
1487 1875 72 53 de
1590 1874 58 53 la
1682 1874 178 52 Porte
1893 1888 72 35 en
1998 1866 221 56 touche
2251 1882 84 36 un
2368 1867 129 50 mot
2534 1861 140 55 dans

582 1976 107 39 son
723 1960 226 69 Voyage
973 1975 78 36 au
1075 1957 186 70 séjour
1286 1956 92 53 des
1406 1955 228 53 Ombres
1641 1999 13 23 ,
1682 1952 141 54 daté
1849 1951 73 53 de
1947 1954 160 49 cette
2134 1946 189 55 année
2349 1943 59 55 là
2436 1945 103 67 (4).

696 2039 151 54 Huit
879 2055 104 36 ans
999 2037 132 72 plus
1162 2037 155 66 tard,
1339 2054 74 36 en
1432 2034 165 71 1760,
1614 2032 200 55 l'abbé
1832 2032 72 54 de
1921 2031 61 53 la
2002 2031 198 65 Porte,
2223 2023 273 59 revenait
2514 2041 97 37 sur
2625 2023 49 54 le

581 2121 188 54 même
804 2120 158 70 sujet
991 2139 10 33 :
1030 2139 22 28 «
1077 2119 78 52 M.
1195 2119 270 52 Rameau
1501 2134 54 49 a,
1594 2116 149 54 dans
1780 2131 106 37 son
1923 2109 396 74 portefeuille,
2357 2125 119 37 une
2514 2110 161 49 autre

581 2199 354 71 production
967 2199 71 53 de
1070 2199 77 52 M.
1183 2197 71 54 de
1284 2196 57 54 la
1373 2196 239 67 Bruère,
1646 2200 60 50 et
1736 2194 42 53 il
1808 2192 181 56 serait
2023 2192 35 52 à
2088 2190 309 54 souhaiter
2431 2186 146 71 qu'il
2608 2204 66 37 en

578 2281 102 52 eût
712 2277 287 73 plusieurs
1138 2277 330 69 L'ouvrage
1503 2276 146 54 dont
1682 2275 42 52 il
1755 2274 177 72 s'agit
1965 2279 91 48 est
2088 2272 245 70 l'Opéra
2368 2270 72 53 de
2473 2267 199 55 Linus.

579 2360 93 55 On
714 2378 74 35 en
830 2377 34 35 a
906 2357 109 56 fait
1057 2375 117 37 une
1216 2355 321 72 répétition
1581 2356 141 54 chez
1767 2356 157 52 Mme
1969 2355 72 53 de
2086 2351 242 56 Villeroi
2350 2373 14 47 ;
2397 2350 277 71 quelques

578 2440 236 55 défauts
859 2439 147 54 dans
1042 2437 57 55 la
1127 2437 272 70 musique
1429 2439 81 53 du
1526 2436 336 73 cinquième
1880 2441 135 49 acte
2045 2440 108 50 ont
2182 2432 287 74 empêché
2500 2431 174 71 qu'on

579 2538 72 35 en
681 2520 225 53 donnât
935 2517 56 54 la
1019 2516 474 73 représentation
1521 2539 21 28 »
1573 2519 80 67 (5)

692 2600 51 53 Il
779 2618 39 52 y
855 2599 165 54 avait
1057 2598 137 55 bien
1232 2599 264 54 d'autres
1533 2599 206 54 choses
1777 2615 212 38 encore
2027 2599 151 54 dans
2214 2596 56 56 le
2308 2592 364 75 portefeuille

699 2788 61 47 (1)
787 2787 130 38 Cette
942 2785 253 40 indication
1221 2788 181 36 montre
1428 2796 89 40 que
1543 2784 113 38 c'est
1681 2795 83 39 par
1789 2783 64 38 les
1880 2782 124 39 soins
2031 2784 63 38 du
2121 2782 71 38 fils
2237 2782 213 39 Rameau
2477 2791 89 40 que
2592 2778 54 38 De-

579 2847 125 38 croix
728 2848 73 37 fut
824 2847 84 38 mis
932 2858 56 27 en
1011 2846 257 51 possession
1291 2846 56 38 de
1371 2857 72 27 ces
1469 2845 200 38 diverses
1694 2844 163 51 pièces.
1885 2844 63 39 Le
1972 2844 70 38 fils
2069 2843 212 38 Rameau
2307 2842 118 39 ainsi
2450 2853 90 39 que
2563 2849 108 29 nous

579 2907 40 38 le
642 2919 184 26 verrons
849 2907 101 51 plus
972 2907 94 37 loin
1088 2907 168 46 obtint,
1282 2907 132 50 après
1436 2906 44 38 la
1504 2908 124 35 mort
1650 2905 55 38 de
1728 2916 83 27 son
1834 2905 120 50 père,
1980 2905 45 39 la
2047 2904 151 51 pleine
2221 2903 237 52 propriété
2481 2902 78 39 des
2582 2911 59 28 ma-

581 2968 195 37 nuscrits
819 2977 54 28 ûe
915 2967 191 39 celui-ci.

698 3029 62 47 (2)
791 3028 126 37 Dans
946 3027 192 38 l'article
1168 3027 113 50 qu'il
1312 3039 27 26 a
1368 3026 214 39 consacré
1613 3026 27 38 à
1670 3026 209 39 Rameau
1912 3027 115 38 dans
2058 3027 45 37 la
2133 3026 277 50 Biographie
2442 3020 226 46 Michaud,

581 3088 69 37 De
678 3087 133 38 Croix
838 3087 194 50 prétend
1059 3099 89 38 que
1175 3088 40 38 le
1243 3090 119 36 reste
1390 3088 56 38 de
1474 3088 43 38 la
1545 3087 225 52 partition
1799 3088 56 38 de
1883 3088 146 38 Limis
2058 3088 75 38 fut
2155 3088 133 50 égaré
2322 3088 28 38 à
2376 3088 46 37 la
2449 3088 121 37 mort
2623 3083 50 38 de

579 3148 121 38 Mme
737 3148 55 38 de
827 3147 196 40 Villeroi.

701 3208 61 49 (3)
794 3208 74 37 DE
899 3206 164 40 CROIX,
1096 3208 164 40 L'Ami
1291 3209 71 38 des
1393 3210 105 38 Arts
1504 3240 9 15 ,
1546 3221 77 39 pp.
1662 3217 95 40 154.
1795 3218 95 40 157.
1924 3210 139 38 Louis
2098 3210 128 51 Jules
2258 3210 190 39 Barbon
2477 3203 193 45 Mancini

581 3267 233 46 Mazarini,
837 3268 87 38 duc
945 3268 54 38 de
1019 3269 242 38 Nivernois
1282 3269 73 38 fut
1375 3269 330 39 ambassadeur
1725 3269 27 38 à
1772 3271 149 38 Rome
1942 3271 55 38 de
2023 3273 108 46 1748
2155 3271 28 38 à
2207 3279 126 40 1752.

701 3328 61 47 (4)
788 3327 134 38 ABBÉ
946 3339 64 26 DE
1034 3339 57 27 LA
1115 3328 160 40 PORTE
1296 3346 8 22 :
1341 3331 172 49 Voyage
1538 3343 59 25 au
1621 3329 147 51 séjour
1792 3330 71 38 des
1890 3331 178 40 Ombres
2095 3333 170 48 (1752).
2292 3344 45 39 p.
2369 3332 96 40 161.

701 3388 61 47 (5)
787 3387 133 39 ABBÉ
943 3399 64 27 DE
1030 3400 57 26 LA
1110 3389 158 39 PORTE
1290 3405 9 24 :
1326 3391 35 38 L
1367 3391 9 14 }
1381 3391 272 38 observatevir
1678 3391 210 38 littéraire
1914 3393 168 48 (1760).
2110 3393 80 40 IV.
2216 3405 44 39 p.
2287 3404 70 39 73.
2385 3394 145 51 Après
2553 3387 119 42 avoir

581 3447 234 50 reproduit
844 3459 49 27 ce
921 3460 203 39 passage,
1157 3451 69 37 De
1256 3451 135 39 Croix
1421 3452 171 50 ajoute,
1625 3463 92 27 non
1747 3463 106 27 sans
1882 3452 198 50 justesse
2100 3469 9 24 :
2143 3466 19 26 «
2194 3455 80 50 qui
2303 3455 93 38 sait
2424 3454 38 39 si
2491 3465 65 27 ces
2584 3450 66 51 pré-

580 3507 152 38 tendus
764 3507 168 50 défauts
962 3509 207 39 n'étaient
1197 3515 83 46 pas
1311 3511 72 39 des
1414 3513 171 38 beautés
1614 3513 310 48 particulières
1956 3516 269 50 auxquelles
2258 3516 211 39 Rameau
2527 3509 146 43 s'était

581 3567 199 46 attaché,
805 3571 47 35 et
874 3568 37 38 si
933 3569 63 38 les
1018 3569 259 51 importuns
1300 3572 80 50 qui
1403 3573 239 39 voulaient
1665 3573 63 39 les
1751 3573 65 39 lui
1839 3573 115 41 faire
1976 3576 202 51 changer
2202 3589 57 26 ne
2283 3577 120 39 l'ont
2424 3587 84 42 pas
2531 3573 117 41 déter-

581 3627 120 38 miné
729 3627 26 38 à
781 3629 255 49 supprimer
1061 3631 172 51 l'opéra
1260 3633 146 38 entier
1430 3638 16 34 ?
1476 3633 40 38 Il
1543 3633 117 40 était
1686 3634 185 40 homme
1900 3636 27 38 à
1954 3636 115 40 faire
2096 3639 57 37 de
2213 3638 167 51 pareils
2439 3635 216 41 sacrifices

579 3688 63 50 (p.
677 3697 94 40 157,
800 3700 56 27 en
884 3691 125 47 note)
