2771 4107
1146 338 263 35 MERCURE
1447 331 241 38 MUSICAL
1725 330 68 34 ET
1833 329 49 35 S.
1930 328 42 34 I.
2020 326 61 35 M.

575 335 97 62 126

582 500 207 51 sonate
841 493 71 53 de
949 487 218 68 violon,
1206 503 82 37 un
1326 477 424 60 commentaire
1787 473 274 74 imprimé
2098 491 79 37 ou
2215 470 124 57 oral
2376 487 75 37 ne
2488 470 195 63 vienne

582 595 106 54 pas
740 578 215 50 mettre
1007 570 81 53 les
1143 565 303 56 auditeurs
1501 580 72 37 en
1625 560 181 72 garde
1859 561 206 51 contre
2116 573 119 36 une
2291 551 392 74 appréciation

580 675 107 55 par
729 661 133 63 trop
905 649 289 71 simpliste
1237 653 60 49 et
1340 663 108 54 par
1491 649 136 66 trop
1670 639 367 58 unilatérale.

695 738 107 53 Les
825 729 440 72 remarquables
1288 741 405 59 programmes
1717 722 277 56 exécutés
2017 736 108 55 par
2149 719 77 53 M.
2255 715 278 73 Joachim
2558 717 124 74 Nin,

580 837 76 37 au
687 832 166 39 cours
888 814 69 54 de
989 829 108 36 son
1128 810 184 55 Etude
2163 810 94 53 des
2385 807 108 69 formes
2494 799 112 54 étude
2607 804 75 68 qui

580 898 126 57 doit
735 913 60 38 se
824 893 266 57 dérouler
1119 912 72 35 en
1219 910 81 36 un
1331 889 160 73 cycle
1523 890 69 53 de
1625 904 69 38 12
1726 884 320 68 auditions,
2076 881 300 69 réalisent,
2408 898 145 36 avec
2579 900 104 41 une

579 979 244 71 vigueur
865 974 296 56 vraiment
1205 970 389 71 scientifique,
1638 969 83 54 les
1764 965 329 56 intentions
2137 961 440 74 pédagogiques
2621 966 61 56 de

579 1065 168 50 notre
789 1056 275 72 collègue.
1109 1056 137 54 Non
1286 1053 347 67 seulement,
1678 1068 93 37 ces
1813 1063 406 57 programmes
2262 1060 151 40 nous
2455 1044 226 59 initient

579 1142 34 53 à
651 1142 99 53 des
790 1154 230 38 œuvres
1056 1155 116 54 peu
1209 1150 256 40 connues
1504 1150 77 37 ou
1618 1131 322 54 inconnues
1980 1147 72 35 en
2090 1128 228 53 France
2354 1125 239 71 jusqu'à
2626 1145 55 38 ce

575 1222 151 71 jour,
772 1219 149 56 mais
965 1237 225 51 encore,
1234 1216 69 54 ils
1347 1218 343 71 présentent
1735 1230 144 37 avec
1923 1229 82 36 un
2048 1209 143 72 plan
2236 1206 445 75 chronologique

574 1302 349 55 solidement
950 1299 200 69 établi,
1191 1317 114 35 une
1350 1298 178 53 étude
1572 1291 360 59 d'ensemble
1976 1293 102 54 des
2119 1291 220 54 formes
2382 1288 299 58 musicales

575 1384 71 55 de
662 1383 58 54 la
735 1382 333 54 littérature
1088 1382 79 53 du
1187 1378 215 56 clavier
1421 1380 34 51 à
1473 1384 229 48 travers
1717 1375 82 55 les
1822 1374 258 56 diverses
2098 1371 187 56 écoles
2304 1371 71 55 de
2393 1370 285 74 l'Europe.

689 1464 82 53 Ils
814 1481 149 36 nous
1006 1467 303 49 montrent
1354 1464 301 50 comment
1697 1456 59 55 la
1812 1460 208 51 sonate
2066 1455 71 55 de
2180 1453 181 73 piano
2406 1456 89 50 est
2539 1451 141 59 issue

571 1564 117 54 peu
725 1547 34 52 à
794 1563 115 52 peu
947 1545 71 54 de
1056 1543 190 71 pièces
1284 1548 58 48 et
1380 1540 177 56 d'airs
1595 1540 71 55 de
1705 1540 181 54 danse
1924 1535 481 74 originairement
2442 1538 238 68 groupés

574 1646 74 37 en
684 1627 195 54 Suites
908 1648 11 46 ;
959 1625 68 54 ils
1065 1625 131 54 font
1234 1622 267 57 ressortir
1538 1622 259 71 l'apport
1838 1622 71 53 de
1947 1620 230 70 chaque
2215 1616 209 55 nation
2464 1618 34 52 à
2535 1623 145 49 cette

575 1707 323 68 évolution,
942 1712 59 48 et
1043 1724 71 36 en
1157 1703 358 74 particulier,
1558 1702 149 54 celui
1751 1703 71 53 de
1863 1702 58 53 la
1965 1702 226 52 France
2234 1703 59 49 et
2338 1699 72 53 de
2451 1696 225 56 l'ltalie.

578 1789 170 71 Déjà,
776 1789 34 52 1'
819 1793 93 50 art
941 1790 70 54 de
1037 1788 58 53 la
1121 1788 202 70 Fugue
1352 1785 163 55 avait
1543 1803 136 51 reçu
1708 1785 70 54 de
1806 1780 378 57 Frescobaldi
2210 1780 59 54 la
2296 1780 133 73 plus
2457 1797 190 54 sugges-

576 1869 122 56 tive
734 1870 100 54 des
867 1868 454 67 contributions,
1356 1873 60 47 et
1449 1867 41 52 il
1523 1883 72 37 ne
1629 1882 148 38 nous
1813 1864 224 71 déplaît
2070 1879 107 55 pas
2213 1863 72 54 de
2319 1865 297 50 constater
2647 1862 30 53 à

578 1950 134 73 quel
747 1950 167 73 point
952 1950 242 55 Italiens
1230 1956 59 48 et
1326 1948 278 70 Français
1639 1964 60 36 se
1733 1945 329 56 révélèrent
2097 1943 287 56 inventifs
2422 1944 146 55 dans
2601 1943 73 54 les

578 2032 431 56 modifications
1054 2031 173 72 qu'ils
1271 2029 459 56 déterminèrent
1774 2047 76 36 au
1893 2028 125 55 sein
2064 2028 100 55 des
2208 2025 116 54 airs
2370 2025 71 55 de
2487 2025 187 55 danse.

578 2112 61 56 Si
675 2113 83 55 les
800 2112 312 54 musiciens
1152 2111 254 69 français
1449 2109 409 73 apparaissent
1901 2107 357 73 préoccupés
2301 2108 71 53 de
2414 2123 263 37 resserrer

578 2194 318 55 fortement
929 2211 92 37 ces
1055 2193 113 55 airs
1203 2194 69 54 de
1307 2194 179 54 danse
1520 2211 76 35 au
1628 2210 216 53 moyen
1878 2191 142 54 d'un
2052 2188 117 56 lien
2202 2187 187 70 tonal,
2420 2188 84 55 les
2535 2187 113 54 Alle-

578 2277 209 53 mands
829 2293 206 36 encore
1077 2276 131 71 plus
1248 2273 433 71 synthétiques,
1725 2291 143 35 avec
1912 2272 251 54 Haendel
2219 2277 59 48 et
2321 2271 186 69 Bach,
2549 2269 123 55 font

580 2357 70 55 de
677 2357 57 53 la
969 2356 67 68 Suite,
1037 2376 73 34 un
1111 2362 100 48 tout
1241 2356 290 54 rationnel
1561 2361 57 48 et
1646 2354 251 73 logique.

689 2438 186 71 Après
929 2456 114 36 une
1096 2438 207 52 séance
1356 2437 309 53 consacrée
1719 2437 35 52 à
1806 2434 293 56 l'examen
2155 2436 80 54 du
2608 2450 68 38 au

579 2532 155 40 xvm
736 2530 22 24 e
797 2517 188 68 siècle,
1029 2519 77 53 M.
1150 2517 119 55 Nin
1310 2536 35 34 a
1385 2517 233 55 montré
1658 2516 58 54 la
1759 2516 396 56 déformation
2197 2513 367 74 progressive
2605 2513 69 55 du

627 2599 273 54 Rondeau
901 2601 142 53 dans
1087 2599 81 55 les
1215 2617 231 37 œuvres
1493 2601 70 53 de
1610 2598 242 71 Daquin
1897 2603 60 50 et
2004 2598 72 55 de
2122 2596 551 72 Charles-Philippe-

576 2679 351 56 Emmanuel
945 2682 183 67 Bach,
1147 2686 58 48 et
1223 2681 57 53 la
1297 2679 429 56 consolidation
1769 2681 71 54 de
1879 2679 59 55 la
1979 2681 186 53 forme
2457 2695 107 56 par
2601 2677 73 53 les

573 2761 157 53 soins
766 2763 70 52 de
870 2780 63 35 ce
970 2762 225 53 dernier
1230 2761 300 54 musicien.
1568 2761 309 72 Signalons
1910 2762 58 53 la
2001 2761 150 56 belle
2187 2766 209 49 sonate
2431 2779 72 36 en
2537 2758 78 55 mi
2644 2773 18 47 y

576 2842 73 53 de
692 2842 549 69 Johann-Heinrich
1285 2843 187 69 Rolle,
1515 2848 208 49 sonate
1768 2843 146 55 dont
1956 2843 53 54 le
2051 2842 380 71 majestueux
2474 2838 198 74 adagio

573 2922 222 55 semble
828 2941 292 37 annoncer
1149 2925 52 52 le
1234 2923 164 73 génie
1429 2923 449 55 beethovénien.

692 3003 460 55 D'intéressants
1214 3005 451 54 commentaires
1728 3006 347 71 techniques
2135 3005 296 72 précisent
2495 3005 70 54 de
2621 3001 52 53 la

579 3081 171 70 façon
783 3083 58 54 la
875 3085 129 69 plus
1040 3085 170 54 claire
1244 3086 53 53 le
1332 3087 295 53 caractère
1664 3087 71 53 de
1769 3087 229 70 chaque
2033 3086 161 72 pièce
2229 3091 61 49 et
2324 3104 116 36 une
2474 3082 170 57 biblio-

580 3163 238 70 graphie
861 3166 117 52 très
1020 3167 289 70 complète
1354 3167 117 53 clôt
1515 3168 227 70 chaque
1784 3186 375 54 programme
2203 3186 71 36 en
2318 3166 354 56 fournissant

582 3243 231 55 d'utiles
852 3246 493 71 renseignements
1385 3266 98 36 sur
1521 3248 82 55 les
1643 3250 254 53 éditions
1938 3251 100 53 des
2080 3267 233 37 œuvres
2353 3248 316 55 exécutées.

579 3323 194 69 Enfin,
822 3326 76 52 M.
947 3326 118 55 Nin
1112 3335 310 48 concentre
1469 3335 136 49 tous
1652 3349 89 35 ses
1789 3331 206 55 efforts
2042 3349 99 37 sur
2182 3327 490 76 l'interprétation

579 3403 142 70 qu'il
766 3406 266 55 travaille
1077 3408 34 53 à
1154 3411 207 52 rendre
1407 3410 155 53 aussi
1608 3411 294 70 objective
1947 3430 115 52 que
2107 3411 274 72 possible,
2428 3410 243 56 attirant

580 3485 71 54 de
687 3486 57 52 la
781 3492 174 63 sorte,
993 3488 340 55 l'attention
1374 3492 99 52 des
1512 3491 312 55 musiciens
1863 3511 99 36 sur
1999 3513 115 35 une
2154 3494 275 72 question
2469 3491 100 74 qui
2605 3505 66 39 ne

578 3565 179 70 reçoit
790 3566 51 53 le
874 3566 130 71 plus
1035 3576 251 47 souvent
1319 3589 115 52 que
1468 3572 99 54 des
1600 3572 287 55 solutions
1920 3574 373 72 empiriques.

1658 3655 867 54 Lionel
2524 3655 1 54 de
2523 3655 2 54 la
2524 3655 1 54 Laurencie.
