2771 4107
292 307 289 45 QUELQUES
609 307 329 36 DOCUMENTS
968 307 103 37 SUR
1100 308 412 49 JEAN-PHILIPPE
1538 310 224 35 RAMEAU
1788 311 68 33 ET
1886 310 60 34 SA
1973 308 231 36 FAMILLE

327 451 279 63 Approuvé
647 467 71 33 un
758 458 111 43 mot
911 456 175 47 raturé
1127 470 199 34 comme
1367 457 89 47 nul
1499 457 30 46 à
1567 456 53 48 la
1660 457 222 47 dixième
1922 456 151 63 ligne.
2120 454 206 49 Délivré

225 533 95 46 par
356 533 126 50 moy
517 522 263 62 soussigné
817 526 170 59 prêtre
1025 523 214 48 docteur
1277 524 63 49 de
1378 524 280 57 Sorbonne,
1700 524 118 47 curé
1854 524 64 49 de
1954 524 162 47 ladite
2154 523 172 64 Eglise

223 585 49 49 le
311 585 32 49 6
379 602 127 48 may
546 599 143 52 1752.

1420 659 150 63 Signé
1597 675 9 32 :
1656 660 285 47 RAUSNAY.
1992 661 87 59 (I).

343 804 81 56 Le
457 810 239 50 contrat
732 806 71 54 de
821 806 259 73 mariage
1096 806 165 56 avait
1279 809 94 53 été
1391 809 170 70 passé
1578 808 143 54 trois
1738 808 163 72 jours
1921 813 403 67 auparavant,

226 884 54 56 le
319 900 69 41 12
424 885 215 55 février
677 886 167 71 1726,
880 904 108 55 par
1026 888 224 54 devant
1287 889 335 53 Delambon
1659 894 58 48 et
1755 907 107 36 son
1899 890 283 69 confrère,
2221 908 69 35 no-

229 965 178 55 taires
438 966 36 54 à
515 965 179 56 Paris.

327 1114 21 30 «
383 1098 215 49 Contrat
634 1100 63 47 de
732 1100 242 62 mariage.
1012 1115 64 34 22
1110 1101 186 48 février
1335 1102 126 61 1726
1487 1119 9 30 :

328 1186 194 48 Furent
568 1187 232 61 présents
865 1187 74 47 les
1020 1187 185 49 Sieurs.
1277 1190 130 60 Jean
1454 1190 240 61 Baptiste
1764 1191 234 47 Rameau
2068 1192 260 63 organiste

228 1252 304 48 demeurant
574 1253 32 47 à
647 1255 158 55 Paris,
852 1255 113 47 Rue
1007 1256 89 46 des
1142 1257 163 46 Petits
1349 1257 240 61 Champs,
1626 1258 225 60 paroisse
1875 1258 453 59 Saint-Eustache,

228 1321 215 61 majeur,
470 1319 79 49 fils
573 1321 64 47 de
661 1321 228 47 deffunts
915 1322 133 60 Jean
1073 1323 234 47 Rameau
1331 1324 261 61 organiste
1616 1326 29 45 à
1670 1324 176 63 Dijon,
1872 1331 51 42 et
1961 1326 121 47 dam
2083 1328 69 31 elle
2178 1327 120 47 Clau-

228 1387 118 47 dine
374 1387 63 48 de
466 1388 370 47 Martinécourt
865 1403 57 33 sa
949 1389 203 59 femme,
1165 1406 79 31 ses
1272 1392 119 61 père
1418 1396 50 41 et
1499 1393 152 56 mère,
1682 1408 129 46 pour
1838 1394 108 60 luy,
1976 1408 64 32 en
2067 1410 94 31 son
2187 1410 141 41 nom,

228 1453 155 47 d'une
421 1459 136 57 part.

327 1521 68 46 Et
433 1521 224 63 Jacques
694 1523 228 62 Mangot,
963 1523 350 62 Simphoniste
1349 1525 70 47 du
1458 1524 118 63 Roy
1609 1530 52 42 et
1713 1526 122 47 dam
1838 1526 66 32 el,e
1940 1528 275 61 Françoise
2266 1529 63 48 de

226 1587 211 49 Lausier
468 1604 94 32 son
595 1590 188 61 épouse
814 1590 64 47 de
907 1591 94 61 luy
1032 1591 292 48 authorisée
1355 1592 31 47 à
1419 1597 79 42 cet
1532 1592 121 47 effet
1688 1594 62 47 de
1768 1594 333 61 représenter,
2124 1595 173 48 demeu-

224 1660 118 43 rant
384 1671 90 32 rue
516 1656 232 58 Bailleul,
791 1658 227 60 paroisse
1059 1657 417 50 Saint-Germain
1515 1660 332 58 l'Auxerrois,
1890 1662 255 62 stipulant
2200 1679 131 45 pour

225 1722 122 48 dam
348 1723 68 32 elle
465 1724 368 49 Marie-Louise
888 1726 212 62 Mangot
1141 1727 109 47 leur
1291 1727 116 57 fille,
1452 1728 336 49 demeurante
1842 1745 127 33 avec
2028 1746 117 42 eux,
2188 1732 143 47 àce

225 1793 253 58 présente,
520 1806 92 33 son
653 1797 391 43 consentement
1084 1810 132 45 pour
1254 1794 94 49 elle
1387 1799 52 44 et
1480 1811 63 32 en
1584 1811 95 34 son
1719 1811 123 33 nom
1882 1797 204 47 d'autre
2125 1803 136 57 part.

327 1858 290 62 Lesquelles
651 1860 209 63 parties,
896 1877 63 32 en
992 1862 50 47 la
1075 1863 242 61 présence
1350 1863 64 48 de
1454 1864 64 47 de
1552 1864 226 56 Lausier,
1815 1864 64 48 de
1914 1865 207 49 Messire
2148 1865 181 49 Alléon

225 1926 373 61 gentilhomme
629 1933 209 43 servant
873 1929 256 48 ordinaire
1161 1930 71 47 du
1268 1930 131 62 Roy,
1426 1931 136 47 delà
1594 1931 154 49 dame
1782 1933 333 48 Marie-Anne
2149 1935 183 60 Jallot,

224 2008 95 31 son
347 1994 203 61 épouse,
595 1994 64 48 de
694 1995 34 47 d
733 1995 43 32 lle
805 1995 159 48 Marie
993 1996 205 49 Marthe
1226 1996 198 59 Alléon,
1453 1999 111 47 leur
1592 1999 116 57 fille,
1739 1999 63 48 de
1832 1999 495 58 CharlotteDufour,

224 2060 189 62 épouse
437 2061 125 47 d'un
584 2062 134 47 sieur
742 2062 63 49 de
830 2062 364 64 Saint-Jus(P),
1214 2065 64 48 de
1294 2065 35 48 d
1332 2066 45 31 ile
1391 2066 159 47 Marie
1566 2067 276 58 Trumeau,
1868 2067 117 60 fille,
2011 2069 136 47 leurs
2164 2070 169 47 amis»

224 2182 131 54 font
394 2182 83 54 les
510 2184 388 56 conventions
932 2184 324 57 ordinaires
1294 2189 70 54 de
1413 2188 260 72 mariage
1726 2191 146 54 dans
1905 2189 309 74 lesquelles
2247 2210 77 36 on

225 2262 189 56 relève
463 2282 66 37 ce
568 2264 100 73 qui
709 2266 117 54 suit
849 2291 9 30 :
908 2267 172 71 après
1132 2268 57 53 la
1246 2268 197 55 clause
1503 2269 346 74 habituelle,
1900 2272 248 56 relative
2206 2290 120 38 aux

226 2343 191 56 dettes
452 2349 60 50 et
546 2346 416 72 hypothèques
1004 2347 101 54 des
1137 2349 226 70 époux:

324 2521 20 29 «
380 2506 71 47 Le
479 2506 76 47 dit
586 2506 145 48 futur
758 2508 171 61 époux
957 2523 30 32 a
1015 2508 133 50 doué
1178 2513 50 43 et
1258 2509 135 47 doue
1419 2511 160 48 ladite
1608 2512 175 48 future
1813 2516 189 59 épouse
2030 2516 64 47 de
2124 2530 95 34 200
2249 2518 56 46 Li-

225 2588 116 32 vres
377 2573 64 47 de
478 2578 143 44 rente
659 2574 63 48 de
760 2575 212 47 douaire
1009 2575 209 64 préfixe,
1259 2578 129 47 dont
1426 2579 94 47 elle
1559 2580 168 61 jouira
1764 2596 64 33 en
1853 2583 245 57 usufruit,
2117 2588 212 46 suivant

221 2640 52 47 la
316 2645 258 45 coutume.

325 2707 70 49 Le
441 2709 282 48 Survivant
775 2710 89 48 des
915 2711 170 49 futurs
1136 2713 171 62 époux
1355 2729 130 32 aura
1542 2719 51 43 et
1653 2716 223 61 prendra
1926 2733 92 47 par
2078 2719 255 63 préciput,

225 2776 211 47 suivant
480 2781 215 59 partage
738 2779 90 47 des
871 2779 145 48 biens
1061 2781 228 47 meubles
1334 2782 63 47 de
1440 2782 50 47 la
1534 2781 381 51 Communauté
1959 2786 128 62 qu'il
2130 2789 202 48 voudra

224 2842 198 59 choisir,
445 2845 209 47 suivant
670 2846 50 46 la
736 2846 165 62 prisée
926 2847 64 47 de
1014 2847 329 48 l'inventaire
1367 2850 90 61 qui
1484 2865 111 32 sera
1621 2850 95 48 fait
1743 2856 52 42 et
1821 2867 120 32 sans
1967 2869 135 42 crue,
2122 2855 211 62 jusqu'à

224 2911 51 47 la
304 2926 197 34 somme
531 2913 64 47 de
625 2927 128 34 2000
785 2914 193 59 Livres,
1012 2931 68 34 ou
1109 2917 163 47 ladite
1301 2932 197 33 somme
1528 2932 64 33 en
1623 2918 200 49 deniers
1854 2926 289 55 comDtans,
2177 2923 31 47 à
2238 2939 93 33 son

224 2977 166 49 choix.
407 2997 21 29 »

341 3127 78 54 Le
452 3133 154 49 reste
639 3129 81 55 du
751 3137 241 48 contrat
1025 3138 90 48 est
1148 3133 200 71 rédigé
1382 3133 36 52 à
1449 3133 342 56 l'ordinaire
1824 3142 58 48 et
1910 3137 270 63 contient
2213 3157 116 37 une

225 3205 287 56 donation
550 3210 313 55 entre-vifs
902 3231 76 34 au
1016 3212 318 56 survivant
1374 3214 102 54 des
1515 3214 197 71 époux
1753 3218 71 53 de
1863 3222 138 51 tous
2037 3218 85 56 les
2161 3219 170 55 biens

224 3287 263 55 meubles
536 3294 60 50 et
647 3289 350 57 immeubles
1047 3312 265 53 propres,
1366 3295 246 69 acquêts
1663 3302 59 48 et
1774 3299 290 71 conquêts
2115 3299 104 73 qui
2268 3318 61 37 se

216 3374 358 52 trouveront
601 3373 345 70 appartenir
972 3393 77 36 au
1073 3374 253 71 premier
1352 3382 281 48 mourant
1660 3396 76 35 au
1762 3378 134 71 jour
1929 3381 72 54 de
2027 3400 108 36 son
2161 3382 171 56 décès

343 3539 64 47 (i)
438 3538 113 38 Acte
579 3538 120 51 joint
728 3539 27 38 à
785 3541 136 39 l'acte
941 3542 56 39 de
1021 3543 244 39 Notoriété
1296 3543 175 39 susvisé
1503 3546 44 49 (8
1580 3547 92 38 mai
1707 3549 144 49 1752).
1884 3548 200 41 Minutes
2139 3549 194 41 Fortier.

220 3598 222 51 Vingtain
493 3610 269 31 successeur.

2225 307 105 54 4
