2771 4107
1127 302 260 38 MERCURE
1424 296 239 39 MUSICAL
1698 292 67 35 ET
1807 289 49 36 S.
1903 287 42 35 I.
1992 284 66 36 M.

644 473 72 46 La
747 480 193 36 somme
972 464 63 46 de
1068 460 143 48 Trois
1242 458 90 46 mil
1365 456 192 47 Livres.
2390 496 54 8 _.
2598 496 35 27 A

544 556 63 32 en
643 537 128 47 louis
809 534 126 54 d'or,
976 530 233 61 d'argent
1247 530 52 42 et
1337 521 240 49 monnoie
1616 530 128 49 pour
1781 511 45 48 le
1866 503 255 69 principal
2159 502 62 48 cte
2263 512 94 51 290
2389 498 123 100 Liy
2546 511 23 32 s
2599 498 61 48 de

542 610 171 53 rentes
742 602 227 61 viagères
1000 597 87 62 qui
1116 596 93 62 luy
1238 596 174 46 seront
1445 584 313 53 constituées
1788 595 94 48 par
1914 576 123 48 MM.
2070 574 74 46 les
2176 570 193 47 Prevot
2402 567 63 48 de
2637 595 16 7 -

545 672 193 50 chands
771 673 51 44 et
859 664 256 50 Echevins
1149 664 64 46 de
1246 662 50 47 la
1331 658 130 51 Ville
1496 658 62 46 de
1598 653 159 55 Paris,
1795 663 63 33 en
1895 654 353 50 conséquence
2285 637 63 48 de
2383 635 16 47 1
2422 633 128 49 Edit
2586 633 67 49 du

542 742 130 47 mois
696 739 62 47 de
782 733 281 51 novembre
1091 744 142 50 1744,
1259 727 216 66 registré
1499 727 67 45 où
1590 724 178 47 besoin
1807 733 31 31 a
1876 713 82 49 été
1992 727 88 33 sur
2110 710 76 47 les
2225 706 98 63 877
2350 718 97 37 200
2478 704 176 48 Livrer

544 810 63 49 de
634 809 170 45 rentes
833 803 229 61 viagères
1090 799 133 48 dites
1252 794 263 56 Tontines,
1550 790 135 48 crées
1715 791 52 44 et
1797 785 32 47 à
1857 797 103 34 eux
1989 777 193 50 aliénés
2211 789 95 49 par
2339 772 67 49 Sa
2630 786 23 33 e

544 893 86 34 sur
661 874 127 48 ledit
822 870 140 55 Edit,
998 868 226 63 assignés
1259 882 85 31 sur
1377 865 72 47 les
1471 860 178 48 Droits
1671 854 229 53 d'Aides,
1941 846 240 51 Gabelles
2216 847 54 45 et
2308 841 131 63 Cinq
2458 854 196 49 grosses

544 946 200 52 fermes,
784 941 133 46 Pour
953 936 150 62 jouir,
1141 950 92 47 par
1268 934 83 47 led
1357 931 11 26 1
1406 931 251 52 Rameau,
1697 924 63 49 de
1795 918 163 51 ladite
1995 918 149 46 rente
2181 912 66 48 de
2284 925 97 49 290
2421 910 233 54 Livres,a

544 1011 169 48 raison
749 1007 63 47 de
850 1020 59 33 10
945 1004 198 47 actions
1179 1000 200 49 scavoir
1414 1011 103 33 une
1551 995 132 48 dans
1718 991 234 49 chacune
1988 983 91 50 des
2119 995 60 34 10
2215 983 204 45 actions
2458 978 63 46 de
2540 978 51 43 la
2606 991 27 32 o
2638 987 16 22 a

546 1078 173 55 classe,
746 1075 62 47 de
832 1072 88 48 lad
925 1071 31 27 te
981 1070 236 55 Tontine,
1245 1062 261 53 ensemble
1542 1063 62 47 de
1650 1061 52 47 la
1748 1054 212 66 portion
2007 1066 72 47 qu
2101 1049 35 47 il
2178 1048 113 48 doit
2331 1059 148 35 avoir
2527 1045 129 46 dans

541 1146 75 48 les
677 1141 419 49 accroissements
1139 1136 91 63 qui
1283 1131 367 52 surviendront
1710 1142 95 47 par
1857 1124 49 47 le
1953 1118 248 65 prédécès
2416 1115 114 46 Ren
2563 1125 93 35 îeis

546 1211 222 49 desdites
817 1223 58 33 10
916 1205 246 49 divisions
1200 1204 64 47 de
1304 1202 162 48 ladite
1506 1199 30 47 Bme8
1541 1200 53 23 me
1622 1195 175 55 classe,
1843 1193 33 47 à
1911 1200 329 37 commencer
2275 1185 52 47 la
2362 1195 294 49 jouissance

549 1282 72 48 du
658 1294 24 32 lerI
688 1291 36 20 er
757 1277 208 49 octobre
1011 1288 141 48 1744»
1208 1270 408 51 conformément
1652 1264 149 48 audit
1834 1260 142 55 Edit,
2012 1261 53 45 et
2099 1254 131 48 ainsi
2262 1269 72 48 qu
2356 1252 36 47 il
2422 1251 95 62 luy

549 1348 114 62 plus
694 1363 66 30 au
789 1346 120 61 long
939 1343 199 48 déclaré
1169 1345 50 43 et
1251 1339 192 51 énoncé
1473 1352 94 47 par
1597 1334 45 47 le
1682 1334 207 47 contrat
1933 1327 65 47 de
2040 1321 352 52 constitution
2435 1334 91 49 qui
2571 1320 87 62 luy

549 1430 112 33 sera
687 1412 215 64 expédié
930 1412 62 47 de
1020 1410 86 47 lad
1110 1409 33 26 te
1169 1411 146 45 rente
1353 1423 10 31 :
1407 1405 78 47 De
1518 1401 221 62 laquelle
1768 1411 198 34 somme
2002 1395 66 48 de
2102 1405 132 47 3000
2273 1391 181 47 Livres
2491 1388 31 46 à
2558 1402 103 33 moi

550 1484 258 48 ordonnée
842 1496 130 47 pour
1007 1477 261 62 employer
1304 1490 68 32 au
1407 1472 96 48 fait
1539 1472 65 47 de
1640 1484 86 33 ma
1757 1467 201 62 charge,
1992 1463 50 64 je
2074 1476 84 32 me
2191 1459 136 49 tiens
2360 1461 218 45 content
2610 1462 51 43 et

550 1567 65 33 en
645 1551 169 62 quitte
845 1548 125 49 ledit
1003 1547 33 48 S
1042 1557 16 21 r
1089 1547 233 46 Rameau
1353 1546 52 43 et
1437 1545 119 43 tous
1588 1542 190 43 autres.

652 1618 116 47 Fait
802 1618 30 46 à
865 1616 157 56 Paris,
1056 1614 45 47 le
1132 1627 62 47 31
1231 1609 283 50 Décembre
1550 1619 142 51 1744-
2172 1631 5 8 '
2267 1663 27 3 _

2056 1664 155 65 Signé
2257 1663 223 48 GRUYN.
2533 1661 68 61 (I)

669 1829 111 53 Les
809 1828 158 54 deux
996 1829 198 51 autres
1222 1818 428 58 constitutions
1680 1818 136 50 sont
1848 1810 269 70 établies,
2150 1809 153 56 dans
2331 1806 85 56 les
2445 1805 221 56 mêmes

555 1907 356 68 conditions,
936 1907 158 53 l'une
1119 1922 99 35 sur
1241 1903 58 53 la
1323 1900 125 55 tête
1473 1895 403 58 d'Alexandre
1904 1894 275 53 Rameau
2207 1893 105 67 (2),
2339 1905 79 38 au
2444 1886 219 73 capital

556 1989 72 56 de
673 2006 167 38 1.200
880 1988 177 53 livres
1099 1981 303 77 productif
1447 1981 71 55 de
1562 1979 71 55 80
1678 1978 176 54 livres
1899 1976 73 55 de
2017 1978 169 49 rente
2247 1973 35 52 à
2338 1969 195 75 partir
2576 1970 77 55 du

559 2087 29 37 lerI
592 2082 42 24 er
669 2069 240 56 octobre
949 2082 164 56 1744,
1149 2065 214 55 l'autre
1398 2080 101 37 sur
1532 2061 58 54 la
1624 2059 126 55 tête
1787 2059 72 55 de
1898 2053 431 58 Marie-Louise
2369 2053 289 68 Rameau,

558 2171 21 29 «
606 2152 138 71 âgée
781 2150 71 54 de
892 2164 68 38 10
997 2166 107 35 ans
1139 2145 201 71 passés
1365 2164 42 47 »,
1445 2161 79 36 au
1560 2139 223 72 capital
1820 2139 72 55 de
1933 2153 169 39 1.200
2140 2135 180 55 livres
2357 2131 304 75 productif

556 2230 73 55 de
653 2230 71 70 38
748 2229 175 55 livres
949 2229 71 53 de
1044 2232 186 63 rente,
1257 2227 35 52 à
1315 2223 193 72 partir
1533 2224 72 53 de
1631 2221 58 54 la
1713 2220 195 55 même
1934 2219 141 55 date
2105 2219 104 67 (3).

675 2313 267 52 Rameau
997 2308 205 54 habite
1257 2307 154 54 alors
1467 2322 103 37 rue
1626 2300 466 69 Saint-Honoré,
2150 2296 267 74 paroisse
2474 2295 191 57 Saint-

559 2392 319 56 Eustache.
917 2389 258 55 L'année
1212 2387 297 68 suivante,
1551 2384 166 72 1746,
1757 2401 66 36 sa
1859 2380 342 57 belle-mère
2240 2378 322 72 Françoise
2600 2378 66 56 de

559 2472 245 57 Lauzier
835 2474 215 68 meurt,
1067 2474 60 50 et
1157 2486 79 36 on
1264 2465 253 74 procède
1548 2464 123 56 àla
1699 2463 365 72 liquidation
2096 2463 72 54 de
2200 2479 66 37 sa
2295 2459 370 70 succession;

558 2553 53 55 le
643 2564 66 58 15
742 2552 127 71 juin
903 2550 164 72 1746,
1099 2567 108 53 par
1237 2550 225 54 devant
1492 2547 202 53 Ballot
1725 2550 61 50 et
1816 2547 90 52 De
1938 2545 163 71 May,
2132 2543 268 54 notaires
2437 2543 37 53 à
2506 2539 160 57 Paris

559 2632 423 57 Marie-Louise
1016 2633 245 69 Mangot
1297 2629 264 73 agissant
1595 2633 139 49 tant
1767 2646 75 35 en
1875 2644 110 37 son
2025 2644 144 37 nom
2202 2625 183 71 qu'en
2419 2624 153 56 celui
2599 2624 66 53 de

559 2733 108 37 son
697 2714 150 54 frère
882 2713 257 70 Jacques
1172 2710 206 56 Simon
1411 2712 248 70 Mangot
1696 2710 105 72 (4),
1819 2709 197 55 donne
2049 2726 141 52 reçu
2224 2708 35 53 à
2292 2705 210 74 Esprit
2538 2704 97 56 Phi-

558 2796 160 71 lippe
760 2793 354 69 Chédeville,
1157 2812 23 29 «
1203 2792 126 54 l'un
1372 2792 103 53 des
1515 2789 283 56 hautbois
1843 2789 72 55 de
1957 2789 59 55 la
2059 2789 287 55 chambre
2389 2788 85 56 du
2517 2788 150 68 Roy,

561 2877 350 53 demeurant
941 2876 36 52 à
1005 2873 185 70 Paris,
1221 2891 102 37 rue
1354 2873 71 53 de
1454 2872 57 53 la
1542 2872 317 70 Monnaye,
1891 2869 264 73 paroisse
2186 2868 482 57 Saint-Germain

560 2954 361 56 l'Auxerrois
948 2976 20 29 »
997 2954 177 55 d'une
1200 2972 226 37 somme
1456 2954 71 54 de
1556 2952 109 54 800
1692 2952 178 54 livres
1898 2969 152 53 pour
2075 2952 54 56 le
2158 2952 513 56 remboursement

683 3128 61 47 (1)
775 3127 199 37 Minutes
1007 3127 165 46 Ballot,
1209 3128 152 50 Josset
1392 3136 275 28 successeur.
1704 3125 85 38 Les
1823 3124 178 39 actions
2033 3126 179 38 étaient
2244 3138 59 26 au
2336 3126 176 52 capital
2564 3124 54 39 de

567 3198 83 39 300
676 3188 132 37 livres
835 3189 214 40 chacune.
1080 3189 207 38 Rameau
1315 3189 129 38 avait
1472 3189 119 37 donc
1617 3187 199 38 souscrit
1849 3198 52 27 10
1929 3187 194 40 actions.

684 3250 62 47 (2)
782 3249 155 38 L'acte
972 3250 54 38 de
1061 3250 215 51 baptême
1311 3249 309 39 d'Alexandre
1657 3248 212 38 Rameau
1906 3260 89 39 que
2031 3261 116 25 nous
2183 3261 147 27 avons
2366 3249 175 51 signalé
2576 3247 94 52 plus

565 3308 115 38 haut
701 3312 69 35 est
790 3309 118 50 joint
930 3310 26 38 à
978 3313 121 35 cette
1120 3311 306 38 constitution
1450 3310 87 49 (N°
1561 3321 69 38 23,
1661 3321 13 26 i
1683 3316 49 18 ere
1755 3309 160 47 classe,
1946 3321 14 26 i
1969 3316 49 19 ere
2041 3314 46 34 et
2112 3322 22 26 2
2139 3317 15 18 e
2178 3311 244 48 divisions)

684 3371 62 47 (3)
777 3370 155 38 L'acte
962 3371 54 37 de
1045 3372 216 50 baptême
1290 3373 55 38 de
1374 3371 331 39 Marie-Louise
1738 3370 211 38 Rameau
1980 3375 70 33 est
2078 3371 123 51 joint
2230 3372 26 38 à
2286 3376 123 35 cette
2451 3371 195 40 constitu-

563 3429 99 38 tion
694 3431 85 47 (N°
809 3431 69 45 66,
914 3443 20 38 3
939 3437 15 19 e
984 3434 154 44 classe,
1170 3434 62 38 les
1263 3446 26 37 4
1322 3434 266 47 Divisions).
1623 3432 106 50 (Les
1762 3443 22 26 2
1817 3432 336 40 constitutions
2184 3434 224 39 ci-dessus
2430 3450 9 23 :
2475 3434 198 38 Minutes

564 3489 166 47 Ballot,
782 3491 152 51 Josset
979 3505 103 26 succ
1087 3500 14 19 r
1104 3504 31 48 .)

680 3552 63 49 (4)
789 3552 87 39 Par
901 3556 292 48 procuration
1219 3555 157 53 passée
1403 3553 395 64 devantJEyraud
1830 3556 48 38 et
1905 3554 203 49 Hazard,
2139 3557 202 41 notaires
2369 3557 28 40 à
2423 3552 245 46 Marseille,

561 3611 40 39 le
636 3622 50 28 10
714 3624 119 28 mars
868 3624 121 38 1740.

541 319 98 52 15
