2771 4107
2207 311 99 67 135

1134 325 70 38 LE
1232 324 132 39 MOIS

192 468 137 55 tard
374 487 82 37 un
502 468 210 59 édifice
756 474 216 73 spécial
1018 494 99 39 sur
1160 476 60 57 la
1263 479 132 73 plus
1439 480 149 57 belle
1634 480 133 57 voie
1795 479 284 76 publique
2125 477 71 57 de
2241 476 58 58 la

193 548 253 74 capitale
478 551 309 76 hongroise
813 578 10 33 :
858 556 53 57 le
941 559 416 75 Andrassy-ut.
1392 561 148 57 Mais
1570 562 34 56 à
1636 581 226 39 mesure
1893 580 114 55 que
2036 579 66 39 sa
2131 560 135 72 répu-

196 630 197 58 tation
439 634 241 71 gagnait
728 654 75 40 en
849 639 327 72 extension,
1225 641 53 57 le
1324 644 245 56 nombre
1617 644 72 56 de
1735 663 88 37 ses
1871 644 191 56 élèves
2087 642 72 55 de
2208 658 90 38 ses

196 730 169 39 cours
398 719 60 50 et
492 716 71 56 de
592 734 92 38 ses
715 720 364 71 professeurs
1108 722 420 75 s'augmentait
1560 726 300 57 tellement
1894 725 173 70 aussi,
2100 724 162 73 qu'ar-

197 794 122 55 rivé
361 814 76 37 au
477 796 144 57 seuil
665 799 144 58 d'ua
851 820 275 40 nouveau
1165 804 187 72 siècle,
1394 806 58 56 la
1491 808 403 55 construction
1936 808 176 55 d'une
2154 824 108 37 nou-

196 876 149 56 velle
397 877 388 75 installation,
840 884 133 72 plus
1029 904 72 37 en
1154 894 243 65 rapport
1452 907 144 38 avec
1651 907 91 38 ses
1791 889 233 56 besoins
2076 905 222 50 accrus,

197 957 207 56 devint
458 978 115 37 une
627 962 283 59 nécessité
963 965 372 58 inéluctable.
1390 970 81 55 Le
1523 988 276 38 nouveau
1850 969 184 73 palais
2086 968 211 55 s'élève

199 1058 77 38 au
313 1041 296 56 carrefour
646 1042 188 59 formé
850 1065 108 54 par
994 1046 82 56 les
1114 1069 23 29 «
1176 1048 162 73 Gyar
1358 1081 23 28 »
1406 1054 60 52 et
1504 1070 22 30 «
1550 1051 411 73 Kiraly-utcza
2001 1072 40 49 »,
2084 1048 215 74 auquel

197 1142 79 36 on
298 1140 35 37 a
356 1124 193 56 donné
571 1125 35 55 à
628 1131 157 50 cette
808 1128 271 58 occasion
1099 1130 52 56 le
1175 1149 139 38 nom
1338 1133 73 54 de
1433 1153 22 29 «
1495 1131 165 74 place
1683 1133 71 56 de
1776 1133 456 56 Liszt-Ferencz.
2275 1153 23 29 »

199 1205 50 55 Il
280 1204 94 56 fut
406 1205 127 55 bâti
567 1206 230 74 d'après
827 1210 83 56 les
940 1211 169 73 plans
1143 1213 70 54 de
1246 1214 140 53 MM.
1428 1213 302 57 Florentin
1776 1214 165 55 Korb
1974 1219 58 50 et
2064 1213 235 56 Charles

199 1285 212 75 Giergl.
449 1286 78 57 Sa
563 1288 207 72 façade
807 1293 193 54 donne
1035 1310 98 39 sur
1173 1294 141 56 trois
1349 1312 149 38 rues.
1537 1294 530 75 Quoiqu'utilisant
2101 1299 198 51 toutes

199 1369 82 54 les
319 1385 328 40 ressources
687 1389 115 55 que
840 1371 137 58 l'art
1018 1373 278 57 moderne
1335 1380 123 50 met
1498 1375 35 54 à
1571 1375 59 55 la
1670 1374 346 74 disposition
2057 1375 71 55 de
2164 1374 108 56 l'ar-

199 1449 345 72 chitecture,
571 1451 54 56 le
651 1453 186 72 palais
864 1460 170 66 porte
1058 1454 54 56 le
1138 1456 206 55 cachet
1373 1456 80 56 du
1493 1456 130 73 plus
1662 1474 113 55 pur
1811 1456 154 73 style
1992 1455 305 73 classique.

200 1531 155 56 C'est
399 1531 59 56 la
500 1538 200 52 statue
742 1553 72 37 en
858 1537 214 54 bronze
1117 1538 71 56 de
1232 1538 188 54 Franz
1465 1537 158 57 Liszt
1668 1538 100 72 qui
1811 1556 140 38 orne
1992 1537 58 55 la
2091 1537 207 71 façade

200 1613 341 75 principale.
573 1617 163 55 Avec
764 1634 91 38 ses
883 1617 334 73 puissantes
1245 1617 295 71 colonnes,
1573 1637 142 37 avec
1744 1637 65 37 sa
1837 1617 287 69 corniche,
2156 1637 142 38 avec

200 1713 108 38 son
347 1695 216 73 portail
602 1716 73 36 en
713 1697 214 72 granit,
969 1716 144 36 avec
1152 1716 90 38 ses
1279 1697 116 58 fins
1435 1698 211 58 détails
1684 1704 58 50 et
1785 1717 142 37 avec
1964 1698 58 56 la
2060 1697 209 57 distinc-

200 1777 127 57 tion
366 1779 73 56 de
475 1796 108 38 son
620 1778 153 73 style
811 1798 114 55 que
963 1780 276 56 rehausse
1274 1779 60 57 la
1369 1780 224 74 qualité
1632 1782 99 54 des
1770 1779 273 57 matières
2081 1780 181 73 emplo-

200 1859 157 74 yées,
400 1858 108 58 elle
549 1860 194 58 donne
784 1860 36 56 à
859 1860 246 75 l'aspect
1147 1862 81 57 du
1269 1862 187 75 palais
1495 1881 84 38 un
1617 1863 297 56 caractère
1946 1863 71 55 de
2035 1860 262 58 noblesse

199 1947 60 51 et
298 1942 72 54 de
406 1940 246 75 gravité.
690 1940 104 58 Six
830 1942 324 57 bas-reliefs
1189 1943 92 74 s'y
1314 1947 349 71 rapportent
1698 1944 36 54 à
1767 1942 283 57 l'histoire
2087 1943 81 55 du
2204 1942 64 54 dé-

199 2023 417 74 veloppement
649 2023 73 56 de
751 2023 58 56 la
839 2023 289 74 musique.
1161 2025 202 73 Quant
1395 2024 35 56 à
1458 2025 60 56 la
1547 2024 383 60 distribution
1960 2025 100 55 des
2090 2022 212 57 locaux

200 2105 37 55 à
275 2104 341 70 l'intérieur,
660 2104 147 57 ainsi
847 2123 116 55 que
1002 2105 126 58 leur
1168 2108 467 72 aménagement,
1676 2107 69 54 ils
1786 2126 72 37 ne
1897 2104 240 57 laissent
2177 2103 125 57 rien

201 2188 36 53 à
282 2187 235 56 désirer.
566 2188 87 56 La
695 2187 141 57 salle
881 2189 72 56 de
997 2188 192 71 Fêtes,
1235 2207 265 56 pourvue
1528 2189 142 59 d'un
1698 2207 178 53 orgue
1919 2185 381 74 magnifique,

200 2268 266 57 contient
498 2287 48 38 i.
578 2282 111 57 500
715 2269 196 74 places
939 2288 150 55 pour
1113 2271 55 55 le
1194 2269 202 75 public
1423 2276 59 50 et
1513 2283 108 57 250
1648 2288 149 55 pour
1823 2269 82 56 les
1931 2269 367 56 exécutants.

314 2349 479 74 Conjointement
855 2352 37 56 à
943 2351 59 55 la
1053 2351 120 57 fête
1227 2353 71 57 de
1350 2351 477 73 l'inauguration,
1883 2368 77 37 on
2013 2347 290 75 organisa,

201 2450 151 54 pour
392 2451 80 38 en
513 2433 304 57 rehausser
856 2432 215 71 l'éclat,
1115 2433 136 74 cinq
1292 2436 216 71 grands
1549 2437 283 66 concerts,
1876 2434 71 55 de
1988 2428 315 58 véritables

199 2514 140 73 jeux
388 2516 349 72 olympiens.
803 2516 158 56 Pour
1020 2535 41 53 y
1122 2516 236 56 assister
1405 2516 286 73 plusieurs
1739 2513 340 57 notabilités
2126 2511 141 57 musi-

200 2597 153 56 cales
393 2598 71 55 de
501 2597 312 74 l'étranger
850 2603 386 50 accoururent
1274 2599 36 54 à
1347 2598 323 71 Budapest,
1721 2602 60 50 et
1818 2596 152 56 leurs
2007 2611 261 56 program-

201 2696 125 38 mes
385 2678 337 57 reflétèrent
781 2677 284 58 l'histoire
1126 2680 81 55 du
1268 2678 488 74 développement
1818 2678 71 54 de
1947 2673 358 57 l'Académie

200 2762 71 55 de
318 2761 287 73 Musique.

317 2843 50 55 Il
408 2847 89 51 est
538 2842 339 74 impossible
919 2845 71 55 de
1032 2862 73 38 ne
1146 2862 107 55 pas
1293 2861 357 53 remarquer,
1692 2861 72 37 en
1806 2838 342 69 terminant,
2190 2855 115 53 que

201 2942 65 37 ce
303 2925 92 55 fut
431 2925 53 54 le
520 2931 197 49 comte
751 2925 208 55 Albert
996 2925 304 73 Apponyi,
1338 2923 120 73 qui,
1496 2922 40 55 il
1570 2942 41 54 y
1648 2942 35 36 a
1719 2927 191 51 trente
1946 2937 124 52 ans,
2107 2918 201 74 plaida

200 3006 53 55 le
292 3005 251 73 premier
581 3024 228 38 comme
847 3006 174 72 jeune
1062 3007 219 74 député
1319 3011 61 50 et
1420 3006 146 56 dans
1606 3022 106 37 son
1734 3000 452 74 maiden-sfieech
2190 3047 14 22 ,
2229 3017 74 37 en

201 3087 210 57 faveur
456 3090 71 54 de
572 3087 57 56 la
672 3088 262 56 création
961 3088 176 56 d'une
1162 3086 319 58 Académie
1527 3086 70 56 de
1643 3085 285 72 Musique.
1977 3085 80 53 Le
2100 3080 205 57 mérite

202 3171 73 55 de
315 3168 60 59 la
413 3170 351 72 conception
804 3170 229 56 initiale
1074 3171 71 56 de
1187 3175 157 51 cette
1385 3166 341 57 institution
1766 3166 228 56 revient
2036 3165 151 56 donc
2228 3180 77 37 au

201 3251 193 56 même
432 3252 239 55 homme
710 3252 228 70 d'Etat,
978 3254 36 54 à
1051 3251 103 75 qui
1190 3251 41 55 il
1268 3256 89 50 est
1396 3251 149 55 échu
1582 3246 378 76 aujourd'hui
1996 3246 309 56 l'honneur

202 3335 36 54 à
271 3334 61 55 la
365 3332 156 59 suite
559 3335 71 56 de
666 3335 423 72 changements
1123 3350 307 52 survenus,
1471 3331 391 72 d'inaugurer,
1881 3349 73 37 en
1983 3346 67 38 sa
2083 3325 222 75 qualité

204 3417 72 55 de
317 3415 133 56 chef
486 3417 271 73 suprême
799 3417 71 55 de
898 3415 287 57 l'activité
1216 3412 413 59 intellectuelle
1668 3417 58 50 et
1768 3411 309 71 artistique
2119 3410 70 53 de
2205 3425 106 37 son

202 3515 169 56 pays,
413 3497 53 56 le
506 3497 157 56 home
704 3497 410 56 monumental
1155 3502 60 50 et
1258 3494 259 58 définitif
1557 3495 70 54 de
1668 3491 361 57 l'Académie
2072 3491 70 55 de
2184 3490 84 53 Mu-

201 3579 168 73 sique
406 3577 322 75 hongroise,
773 3579 134 57 rêve
947 3580 69 56 de
1054 3596 65 39 sa
1155 3579 267 72 jeunesse
1447 3577 10 55 !

1846 3659 57 55 S.
1973 3657 188 55 Féori
