2771 4107
1073 342 68 35 LE
1174 342 127 37 MOIS

2163 340 94 67 111

146 476 59 54 ni
235 483 158 51 cette
423 480 269 73 tragique
722 483 394 73 impuissance
1147 492 71 54 de
1251 498 135 51 tous
1415 495 34 54 à
1477 495 355 74 s'expliquer
1858 504 60 50 et
1947 501 34 53 à
2009 518 60 37 se
2098 518 117 37 com-

142 559 271 70 prendie,
445 560 59 54 ni
536 568 158 49 cette
725 568 207 54 tendre
964 575 59 49 et
1054 589 177 54 grave
1263 574 143 71 pitié
1438 577 100 71 qui
1567 578 84 55 les
1682 581 343 72 enveloppe,
2059 600 193 36 aucun

142 658 75 37 ne
253 642 253 55 voulant
542 643 53 56 le
631 647 139 69 mal,
809 654 59 50 et
906 656 134 50 tous
1076 656 296 55 souffrant
1409 659 435 57 cruellement...
1885 663 51 53 Il
1970 664 173 72 s'agit
2179 663 74 55 ici

142 720 398 74 simplement,
617 727 177 57 d'une
857 732 333 58 délivrance
1247 737 225 57 inutile.
1553 742 400 58 Barbe-Bleue
2018 765 34 34 a
2119 746 135 71 déjà

144 803 214 71 épousé
388 810 58 50 et
475 807 111 54 fait
615 808 350 72 disparaître
995 816 134 71 cinq
1157 818 245 56 femmes
1428 842 14 47 ;
1471 821 57 54 la
1555 822 259 72 sixième,
1844 826 145 54 c'est
2017 827 234 70 Ariane,

144 884 147 55 dont
332 885 52 55 le
423 904 142 37 nom
605 907 35 36 a
681 890 93 55 été
814 893 182 56 choisi
1036 898 295 70 peut-être
1372 918 148 54 pour
1560 903 255 71 évoquer
1854 907 139 55 celle
2033 907 101 71 qui
2176 926 72 37 en

144 965 261 56 d'autres
451 973 194 67 temps
691 978 98 50 sut
836 976 241 69 déjouer
1120 978 82 55 les
1246 998 160 37 ruses
1453 983 80 54 du
1579 984 364 72 Labyrinthe
1971 1009 10 33 :
2028 988 215 56 Ariane

140 1047 58 54 la
236 1048 381 58 Libératrice.
659 1053 224 57 Sourde
922 1076 118 37 aux
1078 1062 478 57 avertissements
1595 1067 101 53 des
1732 1085 257 53 paysans
2027 1071 100 70 qui
2164 1071 84 54 lui

141 1128 186 55 crient
356 1130 52 54 le
438 1132 239 72 danger,
709 1136 107 54 elle
845 1144 165 49 entre
1039 1141 147 53 dans
1214 1142 51 53 le
1294 1143 205 70 palais,
1531 1151 77 62 et,
1640 1147 407 72 dédaigneuse,
2078 1151 169 54 laisse

141 1212 201 53 ouvrir
368 1231 108 52 par
503 1232 66 37 sa
597 1218 268 55 nourrice
893 1219 83 55 les
1003 1221 89 53 six
1120 1228 198 65 portes
1348 1224 139 55 d'où
1515 1226 327 57 ruissellent
1863 1232 384 69 améthystes,

140 1293 249 70 saphirs,
426 1296 207 71 perles,
669 1299 362 72 émeraudes,
1070 1303 161 54 rubis
1265 1310 59 48 et
1360 1306 299 56 diamants
1685 1330 13 46 ;
1735 1308 56 54 la
1824 1311 281 70 septième
2139 1313 112 54 clef

139 1378 88 48 est
264 1374 291 57 défendue
583 1398 13 47 ;
633 1379 144 54 c'est
812 1383 291 69 pourquoi
1137 1383 106 54 elle
1278 1384 123 54 s'en
1434 1404 254 53 empare,
1725 1395 58 47 et
1818 1407 180 37 ouvre
2031 1392 57 52 la
2121 1410 96 53 sep-

137 1453 181 56 tième
349 1462 171 66 porte
550 1480 9 31 :
595 1459 171 70 alors,
802 1463 99 52 des
932 1463 388 70 profondeurs
1351 1466 273 54 obscures
1658 1468 69 54 de
1759 1468 57 55 la
1840 1475 169 64 terre,
2036 1472 213 56 s'élève

136 1536 53 54 le
217 1537 183 54 chant
431 1539 100 54 des
559 1541 136 70 cinq
723 1542 245 55 femmes
997 1543 380 55 enfermées...
1410 1546 381 57 Condamnée
1818 1569 148 52 pour
1994 1570 64 35 sa
2086 1553 130 54 déso-

136 1617 321 71 béissance,
502 1621 216 54 Ariane
761 1623 273 70 parvient
1080 1625 34 52 à
1153 1625 331 55 l'oubliette
1527 1628 76 52 où
1646 1628 135 55 elles
1823 1631 208 70 gisent,
2077 1633 136 54 misé-

136 1699 192 55 rables
356 1722 12 47 ;
413 1702 108 55 elle
562 1702 82 55 les
687 1703 222 70 éveille,
954 1705 80 54 les
1077 1705 244 71 ranime,
1365 1713 60 49 et
1468 1707 125 55 leur
1636 1715 209 50 trouve
1889 1731 81 34 un
2013 1713 233 55 chemin

136 1799 133 36 vers
309 1781 58 54 la
407 1782 241 56 lumière
675 1805 14 47 ;
730 1790 168 49 toute
937 1786 58 53 la
1034 1792 211 50 nature
1285 1793 164 50 entre
1489 1807 108 52 par
1635 1790 56 54 la
1729 1792 213 56 brèche
1985 1800 263 63 ouverte,

135 1880 77 35 on
245 1865 223 52 entend
499 1863 52 55 le
584 1882 301 37 murmure
920 1866 71 54 de
1024 1866 57 53 la
1114 1885 141 52 mer,
1292 1868 81 55 les
1406 1870 321 56 clochettes
1762 1872 142 55 d'un
1938 1879 309 67 troupeau,

135 1947 59 50 et
238 1943 81 55 les
361 1945 134 69 cinq
537 1946 409 70 prisonnières,
989 1947 258 56 éblouies
1290 1950 249 54 d'abord
1581 1957 59 49 et
1682 1953 405 70 tremblantes,
2131 1956 87 53 sui-

134 2031 144 49 vent
305 2026 217 54 Ariane
550 2027 102 70 qui
678 2027 82 55 les
788 2028 191 71 guide.
1011 2030 155 54 Elles
1194 2049 72 37 ne
1293 2032 391 70 parviennent
1712 2053 107 53 pas
1848 2036 33 53 à
1908 2036 341 72 s'échapper

132 2111 310 66 pourtant,
475 2125 99 37 car
605 2107 52 55 le
689 2110 255 53 château
976 2115 87 49 est
1096 2111 310 70 enchanté,
1440 2119 59 48 et
1532 2113 81 55 les
1658 2121 177 65 ponts
1880 2134 59 37 se
1985 2117 262 55 relèvent

132 2188 428 56 d'eux-mêmes
606 2190 221 54 devant
871 2192 154 54 elles.
1076 2192 146 55 Mais
1268 2193 134 55 elles
1445 2201 105 48 ont
1594 2199 273 52 retrouvé
1910 2199 57 53 la
2008 2199 133 69 joie,
2187 2205 59 49 et

131 2268 220 55 Ariane
401 2270 127 54 leur
581 2272 269 70 apprend
899 2272 126 55 leur
1077 2273 234 55 beauté.
1368 2275 404 57 Barbe-Bleue
1825 2279 332 71 cependant
2213 2298 34 35 a

132 2350 242 72 disparu
421 2370 149 53 pour
617 2353 336 55 combattre
998 2355 58 53 la
1103 2356 224 55 révolte
1376 2357 100 54 des
1523 2359 148 53 bons
1721 2376 276 54 paysans,
2047 2360 101 71 qui
2193 2361 54 55 le

130 2431 53 55 le
234 2431 223 56 croient
507 2434 311 54 meurtrier
870 2435 281 54 d'Ariane
1200 2454 229 37 comme
1480 2439 100 53 des
1631 2444 214 49 autres.
1900 2440 48 53 Il
1998 2441 246 69 revient,

131 2515 170 70 porté
349 2533 108 52 par
503 2515 81 53 les
631 2515 245 70 mutins,
925 2516 236 70 vaincu,
1212 2522 134 49 tous
1393 2536 89 36 ses
1531 2521 290 53 membres
1868 2521 122 69 liés,
2039 2522 205 69 blessé,

131 2613 250 53 presque
414 2601 175 50 mort.
625 2597 79 54 Et
737 2597 152 54 alors
920 2615 59 37 se
1012 2599 243 69 produit
1288 2600 51 53 le
1370 2618 153 53 coup
1556 2601 70 53 de
1658 2602 231 54 théâtre
1920 2602 99 72 qui
2054 2604 192 53 donne

132 2676 36 53 à
216 2676 248 55 l'œuvre
517 2695 107 36 son
696 2695 132 37 sens
871 2700 11 32 :
922 2679 235 69 Ariane,
1212 2680 146 53 dont
1409 2681 175 53 l'âme
1640 2682 136 54 fière
1829 2701 71 36 ne
1952 2684 180 53 tolère
2185 2684 59 53 ni

132 2759 263 54 violence
448 2759 60 53 ni
562 2760 322 71 esclavage,
939 2760 237 55 renvoie
1227 2761 81 55 les
1360 2780 258 52 paysans
1669 2764 265 54 soulevés
1986 2783 150 53 pour
2186 2766 58 52 la

132 2839 299 69 défendre,
471 2845 79 63 et,
591 2858 134 37 sans
765 2841 238 54 écouter
1039 2841 213 55 l'effroi
1293 2842 71 55 de
1402 2860 89 37 ses
1531 2860 372 55 compagnes,
1945 2863 181 52 panse
2163 2845 83 55 les

130 2921 289 55 blessures
462 2921 80 55 du
583 2926 180 66 tyran
804 2928 58 49 et
904 2940 187 54 coupe
1132 2942 90 35 ses
1263 2924 162 54 liens.
1475 2925 48 52 Il
1565 2925 189 55 relève
1793 2926 58 54 la
1892 2926 140 69 tête,
2075 2926 40 54 il
2155 2933 89 48 est

128 3002 148 55 libre
304 3024 12 47 ;
357 3004 147 53 mais
541 3004 217 54 Ariane
796 3023 73 35 ne
904 3004 132 54 l'est
1073 3023 107 53 pas
1217 3005 192 53 moins
1435 3027 13 47 ;
1487 3006 106 54 elle
1628 3006 52 54 le
1718 3006 213 71 quitte,
1969 3025 180 37 ouvre
2187 3009 59 53 la

130 3089 190 66 porte.
356 3085 81 55 Or
466 3090 200 50 toutes
696 3103 90 37 ses
817 3103 374 53 compagnes,
1226 3086 167 55 celles
1425 3086 212 71 qu'elle
1682 3105 34 36 a
1758 3089 184 53 voulu
1972 3089 268 68 délivrer,

130 3165 263 55 refusent
429 3168 73 53 de
536 3166 57 54 la
628 3166 214 70 suivre,
879 3171 60 50 et
974 3173 224 48 restent
1235 3168 210 71 auprès
1482 3169 71 53 de
1588 3168 279 55 l'homme
1903 3170 35 52 à
1971 3169 102 71 qui
2107 3170 136 53 elles

130 3265 72 37 ne
244 3251 264 68 peuvent
551 3248 286 68 désobéir,
882 3267 254 52 pauvres
1180 3250 160 52 âmes
1382 3249 225 68 faibles,
1655 3249 309 70 aimantes,
2008 3250 235 70 brisées,

128 3330 138 53 nées
299 3347 149 53 pour
475 3329 60 53 la
563 3329 321 56 servitude.

245 3430 22 28 «
310 3410 155 53 C'est
503 3409 135 54 bien
676 3429 81 36 un
795 3416 193 64 conte,
1028 3428 228 37 comme
1293 3429 77 36 on
1407 3410 52 55 le
1497 3411 145 69 voit,
1683 3416 58 50 et
1781 3413 167 70 point
1990 3413 79 54 du
2108 3418 134 49 tout

128 3509 82 36 un
238 3493 204 53 drame
471 3512 10 33 :
511 3491 61 52 ni
598 3491 83 54 les
708 3493 271 54 volontés
1007 3493 103 70 n'y
1136 3498 236 48 entrent
1401 3510 72 36 en
1499 3493 172 68 lutte,
1701 3493 59 53 ni
1787 3493 80 54 les
1894 3494 349 55 sentiments

128 3590 73 36 ne
243 3574 90 70 s'y
377 3573 398 71 développent
818 3592 107 52 par
967 3592 115 35 une
1127 3573 199 54 action
1368 3573 361 71 réciproque.
1776 3575 129 54 Une
1947 3575 156 54 seule
2145 3575 66 54 hé-

127 3659 182 65 roïne,
344 3654 220 55 Ariane
592 3674 13 49 ;
642 3654 135 71 cinq
813 3672 357 54 compagnes
1207 3654 372 70 incertaines,
1617 3655 209 71 qu'elle
1862 3674 71 36 ne
1969 3662 142 64 peut
2146 3673 97 37 en-

2044 3766 21 35 8
