4084 3751
503 224 274 41 POESIA

1027 425 1165 103 CONVERSAZIONE
2314 417 978 102 MALINCONICA

711 695 94 41 Oh!
848 708 70 27 ma
956 693 157 52 perchè
1151 693 150 42 dovrei
1341 693 110 42 farvi

708 770 137 50 triste,
885 770 162 41 velarvi
1085 769 222 42 d'affanno

711 857 82 27 con
828 843 149 51 parole
1013 844 41 39 di
1091 843 292 41 malinconia?

712 919 54 40 Se
805 919 68 40 dal
908 924 276 35 tormentoso
1225 918 192 41 distacco

711 993 42 40 10
783 1005 146 38 vengo
960 1005 24 26 a
1014 992 102 49 Voi,

710 1081 123 27 come
862 1067 67 40 chi
954 1067 132 40 sbuca
1115 1067 56 40 da
1197 1080 58 27 un
1284 1073 126 35 antro

713 1155 191 37 pauroso
948 1140 42 40 in
1034 1154 58 27 un
1130 1141 93 40 sole

712 1217 78 39 che
824 1216 218 50 abbaglia,
1081 1215 158 51 perchè
1273 1216 150 40 dovrei
1459 1214 109 42 farvi

710 1292 121 40 triste
847 1291 16 39 ?
901 1291 63 40 Le
997 1291 152 41 fosche
1182 1292 150 49 parole

717 1367 84 39 l'ho
832 1366 72 52 già
932 1367 223 51 seppellite
1186 1367 43 40 in
1258 1379 58 27 un
1347 1371 143 35 antro.

710 1441 137 41 Senza
881 1442 150 50 parole
1068 1455 78 26 ora
1180 1441 152 51 voglio
1369 1440 233 52 guardarvi

708 1531 22 26 e
758 1517 282 50 lungamente
1075 1516 233 40 ascoltarvi

708 1606 22 25 e
759 1592 163 40 bearmi
952 1591 41 40 di
1023 1591 88 39 Voi
1141 1603 124 28 come
1292 1589 105 40 d'un
1428 1589 107 42 sole.

710 1666 68 40 Da
810 1671 164 45 quanto
1007 1671 150 45 tempo
1191 1678 89 26 non
1313 1663 171 52 guardo

708 1742 26 39 11
768 1741 115 40 sole!
922 1741 83 40 Per
1031 1739 268 52 registrarne
1333 1739 26 40 il
1393 1739 192 40 distacco

708 1814 231 41 l'Eternità
970 1829 89 25 non
1092 1814 58 40 mi
1181 1814 140 39 basta.

707 1890 90 40 Son
829 1890 123 51 quasi
987 1902 156 28 oscuro
1161 1903 7 26 :
1208 1887 185 42 vedete?

713 1967 50 40 Io
790 1978 147 37 vengo
969 1965 68 38 dal
1066 1964 103 39 buio
1200 1963 52 40 ed
1278 1963 58 40 ho
1368 1969 91 34 sete

706 2042 41 40 di
783 2041 106 41 sole.
929 2039 257 41 L'Eternità
1221 2052 89 26 non
1345 2038 123 40 basta

704 2130 25 26 a
765 2127 138 28 saziar
939 2119 124 35 tanta
1100 2118 106 35 sete.

708 2191 160 40 Vorrei
906 2189 178 40 amarvi.
1124 2188 190 40 Eravate
1353 2186 146 41 sottile

705 2281 22 27 e
762 2264 167 54 piccola
967 2270 146 40 tanto;
1156 2278 79 26 ora
1275 2262 107 41 siete

709 2341 73 52 più
814 2340 297 46 convibrante,
1148 2337 157 41 diffusa

703 2416 42 39 di
776 2414 178 40 mistero
988 2427 21 25 e
1041 2411 123 52 quasi
1191 2409 73 52 più
1294 2415 140 35 vasta.

704 2489 254 50 Porgetemi
993 2487 26 40 il
1052 2485 188 49 braccio,
1278 2484 40 40 la
1352 2494 153 38 mano;

701 2565 117 40 ch'io
852 2564 40 39 la
928 2562 170 50 stringa
1132 2562 84 40 alla
1247 2560 136 40 bocca

703 2655 24 26 e
757 2640 39 40 la
833 2638 113 46 baci,
978 2637 40 40 la
1054 2635 186 40 tremula
1277 2632 154 41 mano!

701 2713 196 40 Mutaste
932 2711 40 40 la
1007 2710 169 40 tinnula
1209 2721 110 27 voce

701 2788 78 40 che
809 2785 360 52 scampanellava,
1204 2781 223 53 argentina-

701 2868 143 35 mente
859 2863 7 38 !
901 2860 172 40 Parlate
1087 2873 8 33 ;
1128 2858 217 41 ascoltare

700 2938 42 40 vi
775 2937 168 50 voglio.
981 2935 64 39 La
1079 2948 109 27 voce
1221 2933 42 40 vi
1298 2931 144 41 arriva

702 3010 65 41 sui
795 3009 137 41 labbri
964 3010 68 39 col
1063 3021 111 37 cupo
1209 3007 181 50 fragore

704 3085 81 41 che
812 3084 124 41 s'ode
964 3084 40 40 la
1031 3089 124 34 notte
1184 3095 25 26 a
1237 3095 85 27 una
1352 3080 106 49 riva,

696 3175 48 27 se
774 3167 118 34 sotto
922 3157 66 43 c'è
1017 3158 27 40 il
1074 3158 128 41 fiotto
1228 3157 68 40 del
1325 3167 135 30 mare.

697 3233 73 40 Ah
797 3245 123 28 come
946 3232 27 39 il
999 3232 168 49 Tempo
1194 3230 43 40 vi
1261 3230 56 39 ha
1343 3242 97 27 resa

2445 686 169 41 diversa
2628 687 7 38 !
2681 686 188 41 Eravate
2910 685 215 49 bambina,

2445 761 72 52 più
2546 776 111 26 vana
2688 762 66 40 dei
2784 762 138 40 vostri
2952 760 209 50 balocchi,

2449 835 72 51 più
2551 835 175 51 limpida
2756 836 131 39 d'una
2916 835 249 40 mattina....

2445 911 139 41 Avete
2613 926 76 26 ora
2723 912 26 39 il
2782 911 148 51 pianto
2966 910 113 51 sugli
3114 908 144 42 occhi!

2451 986 49 39 10
2532 986 37 39 ci
2599 986 55 39 ho
2686 986 38 39 le
2754 985 162 40 trafitte
2943 985 68 39 nel
3042 997 145 29 cuore,

2455 1061 37 38 ci
2520 1060 56 39 ho
2606 1059 61 51 gli
2695 1059 122 40 occhi
2845 1059 77 40 che
2952 1057 213 42 chiedono
3195 1058 27 39 il
3252 1070 155 35 sonno,

2453 1135 40 39 la
2518 1135 125 50 pace!
2678 1134 172 40 Datemi
2876 1134 38 39 la
2941 1146 145 26 mano.

2445 1211 127 41 Ch'io
2610 1211 159 50 pianga
2806 1209 296 51 quest'ultima
3139 1207 119 41 volta

2445 1300 76 37 per
2547 1287 98 50 quel
2675 1287 77 39 che
2783 1299 88 26 non
2900 1291 127 34 torna
3060 1299 21 25 e
3112 1284 41 39 vi
3184 1282 93 41 baci

2445 1374 75 38 per
2551 1360 227 40 moderare
2804 1362 26 37 il
2862 1359 190 50 bisogno

2445 1437 114 41 ch'io
2587 1444 123 34 sento
2739 1437 40 39 di
2806 1436 108 40 dirvi
2940 1435 148 51 parole

2450 1511 112 40 tristi
2579 1526 6 24 :
2625 1511 77 39 che
2734 1524 88 26 non
2853 1524 133 36 posso
3020 1510 164 40 amarvi

2444 1586 86 53 più,
2557 1600 123 27 come
2709 1600 57 26 un
2794 1585 157 52 giorno
2982 1586 172 46 solevo;

2446 1663 77 39 che
2549 1663 26 38 il
2603 1668 152 35 nostro
2784 1675 148 27 amore
2960 1662 46 39 fu
3034 1675 56 26 un
3120 1661 165 51 sogno!

2446 1739 94 39 Oh!
2584 1752 71 26 ma
2688 1736 157 52 perchè
2885 1738 149 40 dovrei
3072 1735 101 39 farvi

2449 1812 152 40 triste?
2638 1812 38 39 le
2711 1811 149 40 fosche
2893 1811 149 50 parole

2448 1900 89 27 non
2565 1886 88 41 l'ho
2683 1886 222 51 seppellite
2933 1885 46 39 in
3003 1899 56 26 un
3088 1884 158 41 antro?

2446 1964 199 40 S'eterno
2684 1964 46 38 fu
2762 1963 25 38 il
2824 1969 152 33 nostro
3015 1962 190 39 distacco

2446 2053 22 25 e
2495 2039 40 40 la
2558 2051 107 27 voce
2694 2038 77 39 che
2800 2051 73 26 era
2899 2037 228 50 argentina

2445 2128 78 38 par
2558 2114 135 40 simile
2728 2128 23 26 a
2787 2114 126 40 fiotto
2950 2112 41 40 di
3025 2125 133 36 mare,

2445 2189 163 52 parlate
2624 2203 7 25 :
2668 2188 91 41 Ora
2790 2188 150 51 voglio
2973 2188 214 39 ascoltare

2445 2263 168 41 novelle
2649 2265 41 38 di
2727 2263 131 50 tempi
2889 2262 180 48 lontani,

2444 2340 176 40 lontane
2658 2338 218 51 leggende
2915 2337 198 41 d'amore

2452 2413 41 39 di
2521 2418 140 34 morte
2688 2417 226 44 tempeste.
2945 2409 186 49 Parlate,

2444 2480 225 53 parlatemi
2683 2498 7 23 :
2737 2482 87 39 fate
2864 2481 77 40 che
2975 2493 136 38 sorga

2452 2557 26 39 11
2507 2556 198 46 Passato,
2735 2554 35 40 sì
2798 2555 135 47 dolce,
2965 2555 52 39 ad
3045 2568 57 25 un
3129 2559 151 40 tratto,

2448 2644 124 28 come
2604 2632 39 39 la
2674 2630 186 40 melodia
2893 2630 213 49 disgorga

2443 2709 54 40 da
2524 2708 120 39 flauti
2667 2707 159 39 tacenti
2854 2706 53 39 ad
2934 2719 58 26 un
3020 2705 126 47 fiato;

2444 2783 88 39 fate
2561 2804 54 6 —
2645 2794 45 27 se
2721 2794 89 27 non
2840 2794 133 36 posso
3006 2792 146 27 amare
3182 2800 55 6 —

2442 2857 114 41 ch'io
2590 2870 132 37 possa
2754 2856 170 40 almeno
2961 2866 190 37 sognare

2441 2934 27 39 il
2502 2933 115 49 Sole,
2654 2932 170 51 sepolto
2852 2938 69 32 tra
2953 2930 38 40 le
3024 2934 228 44 tempeste,

2444 3020 190 38 sognare
2664 3020 22 26 e
2716 3006 40 39 di
2785 3012 67 33 tra
2880 3006 38 39 le
2949 3004 164 40 foreste

2445 3083 67 39 del
2545 3095 143 36 sogno
2720 3079 281 52 disperdermi
3034 3091 124 28 come

2438 3159 69 38 nel
2536 3163 147 45 tempo
2709 3156 77 41 che
2815 3156 57 38 mi
2900 3153 280 51 ravvolgeste

2443 3234 40 39 la
2518 3232 100 40 Vita
2645 3237 123 34 entro
2798 3243 56 26 un
2883 3241 144 38 gorgo
3056 3229 41 38 di
3125 3227 192 41 chiome!

3107 3307 284 58 Giuseppe
3422 3307 250 58 Carnesi.

2037 3556 229 48 38
