4084 3751
486 178 275 42 POESIA

501 320 1382 214 L'abbonamento
1929 371 96 153 a
2828 310 970 209 rimborsato

631 623 422 48 L'abbonamento
1091 637 162 30 annuo
1290 637 29 30 a
1822 619 135 63 (Lire
1996 621 78 46 IO
2112 634 85 45 per
2234 615 198 56 l'Italia,
2474 618 72 47 15
2588 632 85 45 per
2709 613 241 66 l'Estero)
2987 614 28 47 è
3052 615 313 44 interamente
3401 614 287 45 rimborsato
3725 613 75 46 dai

490 695 113 47 doni
639 693 219 63 seguenti
877 710 9 30 :

687 837 490 82 EDsHÌO
1215 888 67 6 —
1318 861 191 46 Prima
1545 860 195 47 Parte:
1784 859 253 46 VERSO
2086 858 73 45 IL
2208 858 313 45 BALENO
2559 872 226 30 romanzo
2827 856 48 46 di
2923 858 177 47 Paolo
3156 855 188 58 Buzzi,
3391 855 100 46 Vin-

625 948 172 46 citore
837 944 86 47 del
962 948 61 43 i.°
1061 943 287 48 Concorso
1387 941 54 46 di
1813 938 380 64 (elegantissimo
2229 936 194 47 volume
2458 938 47 45 di
2546 953 93 43 300
2663 938 180 62 pagine
2885 954 90 29 con
3017 936 249 63 copertina
3303 952 28 30 a
3373 934 147 48 colori

626 1027 47 45 di
712 1025 205 46 Enrico
957 1023 300 62 Sacchetti)
1296 1048 22 9 -
1352 1021 257 47 Edizioni
1647 1021 55 46 di
1785 1020 273 47 POESIA
2075 1054 29 25 „
2344 1054 12 13 .
2499 1056 10 10 .
2652 1057 11 10 .
2805 1054 12 14 .
2959 1051 15 17 .
3113 1049 16 19 •
3271 1051 14 16 .
3425 1049 14 21 .
3511 1018 61 48 L.
3646 1019 63 60 2,
3730 1043 68 11 —

490 1166 159 78 Iv'
686 1159 492 82 Esilio
1214 1209 70 7 —
1319 1183 167 44 Parte
1525 1179 277 48 Seconda:
1843 1179 90 47 SU
1970 1179 198 46 L'ALI
2203 1179 156 46 DEL
2399 1179 268 46 NEMBO
2707 1176 379 66 (elegantissimo
3123 1176 191 47 volume
3339 1175 47 47 di
3426 1190 93 45 300

625 1265 179 63 pagine
840 1279 88 31 con
967 1263 251 61 copertina
1255 1278 29 30 a
1321 1260 146 47 colori
1505 1260 48 46 di
1590 1261 207 47 Enrico
1836 1256 301 66 Sacchetti)
2175 1287 68 6 —
2278 1259 257 47 Edizioni
2573 1260 54 46 di
2719 1260 249 57 Poesia,,
3114 1294 10 11 .
3269 1296 9 9 .
3511 1258 60 48 L.
3645 1260 62 56 2,
3728 1284 68 8 —

491 1402 154 79 Ty*
684 1397 489 83 Edilio
1213 1446 64 9 —
1315 1420 168 46 Parte
1521 1419 207 46 Terza:
1766 1418 251 47 VERSO
2056 1418 101 45 LA
2196 1418 364 52 FOLGORE
2598 1415 375 65 (elegantissimo
3010 1416 191 46 volume
3237 1416 48 46 di
3314 1430 92 45 500
3433 1432 55 45 pa-

623 1502 115 63 gine
776 1518 89 29 con
903 1500 247 61 copertina
1187 1515 29 31 a
1252 1499 147 47 colori
1437 1499 49 46 di
1522 1500 209 46 Enrico
1769 1499 298 58 Sacchetti)
2105 1526 65 6 —
2208 1498 258 47 Edizioni
2504 1498 54 47 di
2648 1499 202 46 Poesia
2870 1532 29 24 „
2958 1536 8 9 .
3114 1535 9 10 .
3267 1533 11 9 .
3422 1535 11 10 .
3507 1496 63 49 L.
3642 1499 62 57 2,
3728 1523 68 8 —

562 1645 82 77 y*
670 1640 590 75 ÌlXOVlt)0
1333 1639 527 76 VOlfttO
1895 1659 125 46 versi
2057 1658 48 47 di
2146 1660 205 47 Enrico
2390 1659 371 57 Cavacchioli,
2800 1658 287 47 Vincitore
3125 1658 88 47 del
3256 1659 62 47 II.
3322 1663 17 18 0
3378 1658 107 48 Con-

622 1758 163 33 corso
824 1743 55 46 di
965 1742 203 47 Poesia
1183 1776 28 24 „
1251 1739 383 63 (elegantissimo
1670 1739 193 48 volume
1898 1748 243 52 stampato
2180 1756 55 30 su
2273 1748 133 38 carta
2441 1739 48 46 di
2528 1738 258 54 Fabriano,
2823 1753 90 30 con
2950 1738 245 61 copertina
3232 1754 28 29 a
3295 1736 146 49 colori
3467 1738 47 45 di

621 1823 242 48 Romolo
901 1818 265 67 Romani)
1201 1848 67 7 —
1305 1822 257 47 Edizioni
1600 1822 53 47 di
2037 1851 1402 19 ..........
3511 1819 63 48 La
3646 1820 151 57 3,50

500 1968 164 58 Kl
913 1979 175 47 OO
1162 1976 550 58 fl.JM.OI?©
1751 2007 64 6 —
1851 1996 177 45 poema
2064 1979 48 47 di
2152 1979 185 47 Guido
2375 1980 224 46 Verona
2635 1978 381 63 (elegantissimo
3045 1976 193 49 volume
3274 1987 242 53 stampato

621 2079 56 32 su
715 2072 134 38 carta
887 2062 47 45 di
973 2060 262 64 Fabriano)
1272 2088 68 9 —
1375 2062 259 47 Edizioni
1672 2060 54 49 di
2178 2095 1252 12 .........
3506 2060 61 49 L.
3643 2062 150 58 3,50

486 2199 805 78 ijrÌOVfilXH.Ì
1370 2196 624 76 X'flJSCOli
2030 2246 68 7 —
2152 2219 164 46 studio
2363 2218 164 48 critico
2573 2218 48 47 di
2674 2220 206 46 Emilio
2928 2219 245 58 Zanette,
3231 2220 285 47 Vincitore

623 2304 89 47 del
748 2304 91 47 III.
843 2308 17 18 0
898 2302 287 49 Concorso
1223 2302 54 47 di
1646 2298 382 66 (elegantissimo
2064 2297 194 48 volume
2293 2314 89 32 con
2420 2298 247 47 maschera
2702 2298 253 63 disegnata
2996 2298 62 47 da
3111 2299 240 47 Romolo
3407 2300 73 46 Ro-

625 2382 172 63 mani)
837 2411 67 7 —
942 2383 255 47 Edizioni
1247 2382 55 48 di
1392 2382 202 45 Poesia
3505 2379 60 48 L.
3640 2380 153 60 3,50

1276 2614 724 67 D'IMMINENTE
2102 2613 840 68 PUBBLICAZIONE
2975 2641 11 40 :

487 2820 129 71 Il
692 2835 467 58 verso
1232 2815 492 73 libero
1763 2864 66 4 —
1867 2834 162 47 studio
2069 2835 163 47 critico
2269 2835 47 47 di
2356 2838 143 45 Gian
2536 2838 187 45 Pietro
2759 2836 196 46 Lucini
3012 2835 382 62 (elegantissimo
3436 2853 54 29 vo-

622 2918 130 47 lume
787 2919 48 46 di
877 2932 92 45 500
1007 2918 176 62 pagine
1221 2933 91 30 con
1352 2918 278 61 acquaforte
1666 2916 48 46 di
1755 2916 164 47 Carlo
1957 2914 228 65 Agazzi)
2224 2943 66 5 —
2326 2916 257 47 Edizioni
2622 2916 54 46 di
2766 2916 251 59 Poesia,,
3265 2952 10 9 .
3507 2918 60 47 L.
3642 2920 61 56 5,
3727 2944 66 7 —

489 3236 72 38 66
606 3226 705 80 PORSIA
1355 3277 74 42 99
1473 3264 187 36 esce
1704 3250 592 61 regolarmente
2338 3251 190 59 ogni
2578 3263 245 35 mese.

1554 3343 199 59 Ogni
1797 3353 333 37 numero
2170 3341 234 51 costa
2445 3343 72 47 in
2560 3343 215 48 Italia
2816 3343 167 48 Lire
3028 3343 43 54 1,
3078 3369 65 5 —
3181 3341 413 49 all'Estero
3636 3341 153 55 1,50

2202 3480 222 46 48
