3622 4404
1825 176 67 49 38

301 325 90 48 und
421 325 72 47 die
521 321 306 50 meisterhafte
856 320 214 48 Technik.
1126 319 221 48 Dennoch
1390 321 180 43 müssen
1613 315 82 47 wir
1737 331 52 47 ge-

300 404 174 53 stehen,
509 401 117 55 dass,
655 416 131 31 wenn
818 399 80 45 wir
937 397 131 47 Laub
1097 414 86 30 nur
1213 414 56 30 an
1299 396 165 47 diesem
1497 395 126 61 Tage
1652 392 163 64 gehört

302 480 168 51 hätten,
500 479 82 45 wir
609 476 121 47 nicht
755 491 84 31 von
870 473 146 47 einem
1056 471 317 49 bedeutenden
1407 468 295 50 Fortschritte
1730 468 63 47 sei-

301 571 80 31 ner
420 553 266 49 Virtuosität
729 552 148 46 hätten
919 551 219 62 sprechen
1182 548 208 54 können;
1445 546 71 47 die
1572 545 241 63 folgenden

302 631 219 48 Concerte
547 630 169 62 zeigten
748 642 82 32 uns
853 626 127 56 aber,
1003 626 100 48 dass
1125 625 81 48 der
1229 640 154 49 grosse
1404 622 218 47 Künstler
1648 622 92 47 sich
1771 622 42 46 in

301 708 100 46 dem
425 713 145 41 ersten
594 703 140 49 durch
759 703 157 65 irgend
941 711 140 39 etwas
1110 702 147 64 genirt
1285 701 177 65 gefühlt
1493 698 149 49 haben
1667 715 146 38 muss;

300 785 58 47 ob
388 783 141 47 dieses
551 783 156 47 Etwas
735 782 42 46 in
806 782 146 46 seiner
974 780 416 64 augenblicklichen
1415 777 259 62 Stimmung
1703 774 112 49 oder

300 877 55 31 an
386 863 209 45 äusseren
621 858 175 62 Dingen
827 857 189 63 gelegen
1046 857 92 55 hat,
1168 856 178 48 können
1378 853 81 48 wir
1488 852 122 48 nicht
1639 852 173 47 wissen.

300 938 142 47 Jaell
481 937 155 64 spielte
687 936 77 47 das
805 934 194 49 Concert
1037 934 44 47 in
1117 932 177 48 A-fnoll
1332 948 84 31 von
1465 929 348 55 Schumann,

301 1014 98 47 eine
429 1014 189 47 Gavotte
660 1028 82 31 von
778 1012 40 47 J.
848 1012 45 47 S.
923 1011 169 53 Bach,
1139 1009 86 47 den
1274 1007 414 49 Cfe-moW-Walzer
1727 1022 85 32 von

303 1091 209 63 Chopin
570 1088 88 47 und
706 1089 122 45 seine
876 1088 207 46 brillante
1130 1083 549 65 Triller-Transscription
1736 1083 77 47 des

301 1167 254 63 englischen
585 1166 160 47 Liedes
783 1163 178 56 „Home
984 1166 132 45 sweet
1375 1162 104 48 Wir
1510 1161 195 48 kannten
1736 1161 76 45 ihn

300 1243 104 47 sehr
432 1249 96 58 gut,
557 1243 82 45 wir
667 1241 152 47 hatten
848 1241 122 47 seine
993 1241 222 47 Concerte
1242 1241 58 45 im
1331 1238 141 48 Jahre
1501 1235 161 56 1858,
1690 1237 122 47 seine

300 1321 185 48 Soireen
529 1319 79 47 mit
639 1319 294 64 Vieuxtemps
978 1319 58 46 im
1079 1318 139 48 Jahre
1255 1315 141 49 1859
1431 1315 216 47 wahrlich
1690 1314 123 47 nicht

297 1413 255 47 vergessen,
585 1395 90 47 und
707 1395 115 47 doch
853 1395 103 49 kam
988 1411 82 31 uns
1100 1394 144 47 dieser
1274 1392 339 63 merkwürdige
1644 1393 140 46 Künst-

297 1473 65 48 ler
391 1473 84 47 wie
504 1473 70 47 ein
604 1473 113 47 noch
750 1472 122 48 nicht
900 1472 57 48 da
985 1487 263 48 gewesener
1277 1486 94 40 vor,
1412 1469 100 47 weil
1553 1468 83 47 wir
1674 1468 136 48 kaum

297 1549 235 65 glaubten,
575 1549 99 48 dass
716 1549 71 47 die
828 1549 154 56 Höhe,
1020 1548 82 47 auf
1138 1547 195 48 welcher
1375 1562 49 32 er
1457 1545 138 47 schon
1638 1544 175 48 damals

297 1628 145 53 stand,
471 1628 90 47 sich
592 1627 113 48 noch
738 1627 165 64 gipfeln
933 1627 183 47 könnte.
1147 1624 100 48 Und
1279 1623 207 48 dennoch
1514 1623 56 47 ist
1598 1639 46 31 es
1672 1639 50 31 so

297 1705 81 46 wir
405 1704 217 65 sprechen
653 1703 92 48 dies
775 1704 62 47 als
867 1704 206 47 Resultat
1109 1702 146 48 seiner
1284 1702 187 63 Erfolge
1501 1702 41 45 in
1571 1700 115 47 allen
1717 1699 95 48 drei

296 1782 250 47 Concerten
576 1797 94 32 aus.
706 1782 105 48 Wie
839 1780 54 47 ist
922 1780 79 47 das
1027 1797 51 30 zu
1110 1779 239 48 erklären?
1377 1776 189 50 Einfach
1591 1776 224 58 dadurch,

293 1858 101 48 dass
423 1859 82 47 wir
532 1874 157 49 sagen,
719 1858 141 48 worin
881 1858 155 53 Jeder,
1064 1856 79 49 der
1173 1856 74 47 ihn
1272 1855 108 65 jetzt
1408 1855 98 48 hier
1535 1854 164 65 gehört
1722 1855 93 55 hat,

294 1935 387 47 übereinstimmt:
707 1935 115 47 Jaell
853 1950 97 32 war
978 1934 70 47 ein
1077 1934 251 47 eminenter
1352 1931 228 55 Virtuose,
1611 1930 91 48 und
1732 1947 81 31 aus

277 2011 118 49 •dem
429 2013 239 47 Virtuosen
711 2014 53 44 ist
804 2013 70 47 ein
912 2028 179 48 grosser
1129 2011 215 46 Künstler
1389 2009 262 65 geworden.
1719 2010 96 46 Das

292 2090 142 62 zeigte
470 2089 142 65 gleich
660 2090 59 46 im
764 2097 146 39 ersten
942 2088 220 48 Concerte
1204 2086 71 49 die
1307 2085 280 65 Hingebung
1629 2102 56 31 an
1726 2085 86 47 den

294 2166 124 47 Geist
447 2166 89 47 und
562 2166 253 47 Charakter
843 2166 81 46 der
954 2165 308 65 Composition
1293 2164 77 47 des
1392 2163 419 48 Schumann'schen

293 2243 261 54 Concertes,
592 2243 118 48 dann
739 2244 60 46 im
830 2241 501 49 Abschieds-Concerte
1366 2239 105 63 (den
1507 2240 80 47 14.
1617 2237 194 64 Januar)

292 2320 81 47 der
402 2320 197 62 Vortrag
640 2320 81 47 der
748 2321 168 47 Sonate
955 2337 82 30 von
1077 2319 255 48 Beethoven
1378 2316 72 66 (an
1482 2319 223 45 Kreutzer
1735 2334 50 47 ge-

293 2395 200 65 widmet)
524 2396 80 47 mit
632 2396 148 55 Laub,
823 2396 80 48 der
933 2396 292 47 Variationen
1265 2411 84 32 von
1379 2394 178 48 Händel
1608 2394 90 47 und
1735 2410 78 31 vor

291 2475 146 46 Allem
468 2474 82 47 der
578 2490 184 47 grossen
786 2475 168 47 Sonate
976 2474 42 47 in
1041 2470 215 51 Fis-moll
1275 2472 253 63 (Florestan
1553 2471 89 47 und
1667 2472 115 46 Euse-

291 2550 114 65 bius)
437 2551 86 65 Op.
559 2551 58 47 11
655 2568 83 30 von
768 2551 281 56 Schumann,
1091 2550 70 48 die
1191 2550 97 47 hier
1317 2550 113 48 noch
1469 2549 71 47 nie
1580 2547 230 50 öffentlich

291 2629 186 64 gespielt
505 2629 184 48 worden
734 2630 65 47 ist.
858 2630 92 46 Der
980 2629 244 48 Ausbruch
1263 2629 78 47 des
1380 2627 298 47 lebhaftesten
1709 2626 75 47 Bei-

292 2706 94 47 falls
415 2706 112 47 nach
552 2706 153 64 jedem
735 2707 130 47 Satze
895 2706 89 48 und
1015 2707 69 47 ein
1115 2705 289 65 dreimaliger
1436 2705 257 47 Hervorruf
1717 2719 61 33 wa-

291 2800 78 31 ren
400 2782 71 49 die
500 2784 142 63 Folge
672 2784 80 47 der
780 2785 254 46 eminenten
1064 2784 230 63 Leistung.
1324 2784 49 45 In
1403 2781 261 48 demselben
1691 2781 88 48 Con-

291 2867 119 41 certe
452 2861 155 64 spielte
649 2860 129 49 Laub
820 2861 160 47 Bach's
1020 2861 245 55 Ciaconna,
1305 2860 140 48 deren
1486 2860 199 62 Vortrag
1723 2857 87 50 den

288 2936 282 48 vollendeten
601 2937 182 49 Meister
813 2937 270 49 bekundete.
1110 2939 44 45 In
1181 2937 114 47 allen
1319 2936 94 48 drei
1440 2936 251 48 Concerten
1716 2935 69 48 die-

287 3030 71 32 ser
386 3015 338 47 musicalischen
757 3015 275 57 Dioskuren,
1078 3015 170 47 welche
1288 3015 43 47 in
1369 3013 81 49 der
1488 3013 324 47 Zwischenzeit

292 3092 116 46 auch
449 3093 107 46 zwei
588 3092 221 47 Concerte
849 3092 42 47 in
926 3093 122 64 Prag
1077 3092 166 64 gaben,
1286 3107 97 32 war
1418 3091 80 47 der
1526 3092 105 47 Saal
1674 3090 108 48 über-

294 3170 117 54 füllt,
455 3168 91 49 und
588 3170 82 47 wir
714 3170 152 48 freuen
912 3186 99 40 uns,
1051 3170 102 48 dass
1195 3170 62 47 sie
1294 3170 57 47 im
1383 3168 212 49 nächsten
1625 3170 186 47 Monate

292 3246 157 47 hieher
475 3246 362 53 zurückkehren,
876 3264 75 29 um
983 3247 146 64 einige
1159 3247 190 47 Soireen
1382 3246 73 47 für
1484 3246 290 47 Kammermu-

289 3323 64 46 sik
383 3340 52 30 zu
467 3322 161 65 geben.

406 3401 99 47 Von
556 3400 85 48 den
691 3400 194 64 übrigen
936 3401 526 63 Kunsterscheinungen,
1519 3400 172 49 welche
1740 3398 72 49 die

293 3476 325 65 hochgehende
659 3478 105 49 Flut
806 3478 82 47 der
929 3478 161 47 Saison
1134 3478 168 64 bringt,
1359 3477 179 50 möchte
1590 3494 105 31 man
1740 3476 71 48 bei

292 3556 213 45 mancher
526 3571 161 48 sagen:
720 3554 94 56 „Le
834 3554 92 63 flot
951 3553 80 66 qui
1056 3554 246 68 l'apporta,
1331 3554 147 49 recule
1505 3554 251 67 &pouvanie
1766 3561 17 16 u
1801 3591 11 18 ,

292 3647 131 32 wenn
452 3631 80 48 der
561 3633 240 47 Ausdruck
844 3633 122 47 nicht
1007 3650 84 47 gar
1126 3651 54 29 zu
1209 3632 263 63 schwülstig
1506 3637 135 43 wäre.
1697 3632 114 46 Eine

289 3725 155 48 grosse
468 3709 91 49 und
580 3709 261 50 schätzbare
863 3712 267 48 Ausnahme
1152 3727 100 32 vom
1276 3709 356 50 Gewöhnlichen
1656 3709 124 49 mach-

288 3793 75 41 ten
395 3786 70 49 die
499 3788 108 47 zwei
639 3787 221 49 Concerte
900 3805 83 31 von
1025 3789 288 47 Johannes
1357 3787 261 57 Brahms,
1662 3787 145 47 einem

288 3863 159 50 echten
477 3864 233 55 Künstler,
750 3864 82 49 der
866 3866 236 58 trotzdem,
1144 3866 102 48 dass
1288 3882 50 32 er
1379 3864 163 65 gewiss
1571 3864 70 49 ein
1671 3864 109 47 über-

288 3949 179 56 zeugtes
491 3942 300 48 Bewusstsein
814 3943 143 47 seines
980 3944 186 47 Berufes
1190 3944 93 55 hat,
1312 3942 115 48 doch
1458 3958 49 32 so
1538 3942 245 65 anspruchs-

291 4018 63 47 los
382 4019 69 56 ist,
479 4019 101 49 dass
609 4036 50 32 er
687 4019 81 49 auf
791 4019 85 49 den
903 4021 197 63 Vortrag
1128 4021 147 48 seiner
1304 4021 188 63 eigenen
1515 4019 176 49 Sachen
1717 4036 62 32 we-

289 4094 129 65 niger
446 4097 198 64 Sorgfalt
668 4115 54 30 zu
753 4097 190 48 wenden
973 4098 188 56 scheint,
1205 4098 62 48 als
1297 4098 82 48 auf
1401 4097 70 48 die
1501 4097 306 63 Vorführung

1888 331 85 32 von
2014 315 210 49 Werken
2267 331 180 47 grosser
2476 313 186 49 Meister
2699 315 42 47 in
2781 312 139 50 deren
2964 313 245 64 eigenstem
3254 312 167 50 Geiste.

1890 392 61 48 So
1981 391 103 48 kam
2116 407 47 31 es
2194 409 82 29 uns
2305 392 272 64 wenigstens
2616 391 60 47 im
2715 391 186 47 zweiten
2934 390 223 48 Concerte
3186 406 79 31 vor
3294 388 123 65 (dem

1888 476 148 39 ersten
2067 468 150 47 haben
2249 468 83 47 wir
2360 468 121 49 nicht
2512 467 326 64 beigewohnt),
2879 484 132 30 wenn
3054 467 83 47 wir
3181 466 85 48 den
3301 466 89 48 Vor-

1888 552 101 56 trag
2017 545 149 48 seiner
2619 543 80 49 mit
2725 543 139 47 deren
2894 543 80 47 Stil
3008 543 82 46 wir
3120 559 82 31 uns
3246 542 174 48 freilich

1887 622 123 47 nicht
2039 621 280 49 befreunden
2357 623 197 54 können,
2605 622 80 47 mit
2724 620 103 48 dem
2869 620 260 48 trefflichen
3172 621 122 63 Spiel
3337 620 84 48 der

1888 698 171 47 Sonate
2088 698 87 65 Op.
2213 698 63 49 14
2307 713 86 32 von
2423 698 354 56 Schumann,
2813 697 71 47 die
2913 697 115 47 doch
3059 696 117 49 auch
3207 696 124 48 nicht
3359 712 57 32 an

1885 792 50 31 zu
1961 791 180 48 grosser
2163 776 208 48 Klarheit
2400 776 90 47 und
2516 776 287 47 Einfachheit
2831 774 150 55 leidet,
3010 773 272 65 verglichen.
3313 774 102 47 Den

1887 852 192 47 reinsten
2112 853 176 47 Genuss
2333 852 79 48 bot
2451 852 81 47 der
2563 852 199 63 Vortrag
2801 867 86 31 von
2932 851 191 48 Bach's
3162 851 220 47 chromati-

1885 928 130 48 scher
2053 929 243 49 Phantasie
2342 929 89 47 und
2474 946 82 32 von
2602 929 358 47 Beethoven's
3005 928 268 64 prächtigen
3304 927 71 48 Va-

1886 1006 282 48 riationen
2194 1007 87 62 Op.
2307 1004 70 51 35
2410 1007 115 47 über
2554 1006 80 48 das
2657 1007 176 47 Thema
2861 1022 81 32 aus
2968 1006 317 54 Prometheus,
3313 1008 77 61 spä-

1885 1091 68 39 ter
1992 1083 44 47 in
2079 1083 80 48 der
2418 1081 144 50 Eroica
2563 1083 118 53 benutzt,
2682 1083 150 47 welche
2874 1083 75 48 Sie
2991 1082 85 48 den
3114 1082 298 47 künstlerisch

1885 1161 271 48 strebenden
2202 1162 241 47 Virtuosen
2487 1176 48 32 so
2582 1159 65 49 oft
2685 1159 43 47 in
2770 1161 147 45 Ihrem
2964 1161 146 47 Blatte
3147 1176 102 30 zum
3293 1159 91 47 Con-

1885 1238 346 63 cert-Vortrage
2268 1238 259 65 empfohlen
2556 1235 167 50 haben.
2777 1237 74 47 Sie
2895 1237 139 47 riefen
3073 1237 129 48 einen
3251 1235 138 49 enthu-

1883 1314 261 47 siastischen
2186 1314 157 48 Beifall
2395 1314 173 47 hervor.
2635 1314 117 47 Dem
2807 1313 289 48 Vernehmen
3141 1313 114 48 nach
3299 1312 115 48 wird

3253 1391 44 47 S.

1887 1392 193 47 Brahms
2109 1392 90 47 sich
2231 1394 184 62 längere
2443 1392 98 47 Zeit
2572 1391 97 48 hier
2697 1391 253 48 aufhalten.

1883 1619 235 116 Sechstes
2147 1619 618 116 Gesellschasts-Concert
2794 1619 59 116 in
2882 1619 118 116 Köln
3029 1619 59 116 im
3117 1619 295 116 Gürzenich,

2072 1739 109 30 unter
2208 1735 165 46 Leitung
2401 1736 64 36 des
2494 1736 233 35 städtischen
2757 1736 306 48 Capellmeisters
3092 1736 124 34 Herrn

2446 1818 236 32 Ferdinand
2708 1819 146 32 Hiller.

2241 1902 227 47 Dinstag,
2510 1902 86 34 den
2626 1900 60 38 27.
2722 1903 187 34 Januar
2949 1899 111 39 1863.

1963 1970 285 45 Programm.
2295 1970 168 34 Erster
2491 1969 150 37 Theil.
2687 1968 31 38 1.
2749 1970 210 34 Ouvertüre
2988 1982 47 21 zu
3065 1968 222 47 „Genofeva
3291 1967 17 19 a
3339 1978 76 24 yon

1887 2038 177 34 Robert
2105 2038 282 36 Schumann.
2443 2036 33 39 2.
2521 2039 89 33 Arie
2650 2050 68 23 aus
2760 2039 64 35 der
2866 2039 101 45 Oper
3167 2049 77 22 von
3289 2037 45 35 G.
3372 2037 45 36 F.

1886 2107 207 43 Händel,
2121 2112 251 42 vorgetragen
2400 2120 74 22 von
2503 2109 124 34 Herrn
2659 2107 227 36 Salvator
2913 2107 263 41 Marchesi,
3220 2105 175 47 grossher-

1886 2176 150 46 zoglich
2076 2175 298 36 weimar'schem
2414 2178 330 46 Kammersänger.
2801 2175 33 37 3.
2880 2178 163 34 Concert
3083 2177 39 33 in
3164 2175 151 36 Es-dur
3355 2175 66 35 für

1885 2246 219 33 Pianoforte
2131 2245 69 33 mit
2226 2245 452 46 Orchester-Begleitung
2706 2258 75 22 von
2810 2247 42 34 L.
2880 2257 90 22 van
2998 2245 302 42 Beethoven,
3329 2255 68 23 vor-

1884 2318 181 41 getragen
2108 2324 76 25 von
2225 2314 100 35 Frau
2366 2315 65 36 Dr.
2463 2314 145 35 Clara
2650 2315 278 35 Schumann.
2984 2314 35 37 4.
3059 2314 128 35 Psalm
3215 2314 106 34 XIII.
3355 2314 61 33 für

1886 2383 100 34 Chor
2013 2382 76 34 und
2119 2382 202 35 Orchester
2349 2395 74 22 von
2453 2384 272 34 Woldemar
2751 2383 209 47 Bargiel.
2991 2383 110 46 (Zum
3130 2387 124 31 ersten
3283 2381 138 46 Male.)

1885 2452 118 34 Unter
2024 2451 259 46 persönlicher
2301 2451 168 47 Leitung
2490 2452 64 35 des
2572 2453 284 45 Componisten.
2885 2453 34 37 5.
2950 2452 226 36 Solostücke
3195 2453 60 33 für
3276 2452 120 34 Piano-

1881 2521 110 45 forte,
2019 2530 251 37 vorgetragen
2297 2533 75 23 von
2400 2523 100 33 Frau
2529 2523 65 34 Dr.
2624 2522 145 35 Clara
2797 2523 293 35 Schumann:
3132 2522 38 46 a)
3200 2521 216 36 Novellette

1883 2602 74 23 von
1987 2591 32 33 R
2060 2591 272 33 Schumann
2360 2590 85 48 (Op.
2476 2588 61 46 21,
2567 2591 62 36 Nr.
2659 2589 60 49 2);
2761 2591 35 46 b)
2824 2592 191 34 Nocturne
3043 2603 76 22 von
3148 2592 41 33 F.
3219 2591 193 45 Chopin

1883 2657 54 47 (in
1964 2657 192 48 Fis-moll)
2169 2672 8 32 ;
2226 2672 19 21 c
2246 2660 14 46 )
2288 2660 283 47 Frühlingslied
2605 2660 53 47 (in
2687 2660 144 47 A-dur)
2871 2672 76 23 von
2972 2661 42 36 F.

1885 2725 34 38 6.
1947 2728 91 35 Arie
2066 2740 67 24 aus
2163 2729 64 34 der
2255 2730 101 45 Oper
2386 2729 194 48 „Figaro's
2844 2742 76 22 von
2949 2732 59 33 W.
3033 2732 45 34 A.
3099 2731 198 44 Mozart,
3328 2742 66 23 vor-

1881 2802 182 41 getragen
2088 2810 76 22 von
2193 2799 125 33 Herrn
2348 2798 225 34 Salvator
2600 2799 255 37 Marchesi.

1959 2867 207 33 Zweiter
2194 2866 150 38 Theil.
2373 2865 33 37 7.
2438 2868 170 34 Sinfonie
2636 2869 64 37 Nr.
2714 2869 65 35 IV.
2809 2868 12 46 (
2824 2867 132 36 B-dur
2958 2868 13 46 )
2998 2879 76 23 von
3102 2869 42 35 L.
3164 2879 88 23 van
3272 2868 118 34 Beet-

1883 2935 164 37 hoven.

1961 3005 251 35 Schumann's
2243 3006 444 41 Genofeva-Ouverture,
2714 3005 267 48 schwungvoll
3010 3006 233 47 ausgeführt,
3287 3005 129 35 wurde

1883 3073 67 33 mit
1977 3073 139 35 Beifall
2144 3076 306 45 aufgenommen.
2506 3076 71 33 Die
2607 3075 113 35 Wahl
2748 3076 121 34 dieses
2899 3075 160 35 Werkes
3087 3075 144 34 konnte
3260 3085 49 24 an
3340 3074 58 35 die-

1881 3154 80 23 sem
1989 3143 157 35 Abende
2174 3145 174 46 zugleich
2377 3145 55 34 als
2461 3146 83 33 eine
2572 3145 416 46 Achtungsbezeigung
3014 3146 59 33 für
3103 3144 59 35 die
3188 3145 132 35 Gattin
3351 3144 67 34 des

1883 3224 47 21 zu
1956 3212 85 34 früh
2069 3213 408 47 Dahingeschiedenen
2506 3214 139 46 gelten,
2690 3213 144 35 welche
2873 3226 71 22 uns
2986 3214 118 34 durch
3148 3215 71 33 den
3250 3215 167 44 Vortrag

1883 3280 64 34 des
1976 3280 371 38 _Es-cfor-Concertes
2376 3293 75 24 von
2472 3284 221 33 Beethoven
2737 3283 77 34 und
2857 3284 64 34 der
2961 3283 197 35 kleineren
3188 3282 228 36 Solostücke

1882 3361 76 23 von
1985 3350 231 44 Schumann,
2246 3352 147 46 Chopin
2423 3352 76 34 und
2527 3350 270 38 Mendelssohn
2836 3355 173 34 erfreute.
3065 3353 125 36 Ueber
3219 3354 65 34 das
3313 3352 107 48 Spiel

1884 3419 64 34 der
1989 3420 103 35 Frau
2135 3420 139 35 Clara
2316 3420 291 46 Schumann,
2648 3422 164 35 welches
2849 3424 38 33 in
2915 3435 97 34 ganz
3042 3423 268 35 Deutschland
3332 3422 82 35 und

1883 3488 95 35 eben
2006 3500 39 23 so
2076 3490 39 33 in
2142 3490 107 34 Paris
2277 3490 77 33 und
2382 3490 172 45 London,
2596 3492 72 34 den
2711 3492 317 47 tonangebenden
3057 3493 155 34 Städten
3254 3494 59 33 für
3352 3492 68 35 das

1882 3556 183 45 Ausland,
2085 3557 222 35 bewundert
2328 3559 105 46 wird,
2462 3565 122 29 treten
2614 3561 68 33 wir
2709 3561 98 35 auch
2834 3561 98 35 nach
2960 3561 108 35 ihren
3088 3562 235 46 Leistungen
3354 3573 63 22 am

1883 3629 162 44 Dinstag
2072 3628 137 34 Abend
2250 3629 205 34 wiederum
2492 3631 68 33 mit
2600 3630 123 35 voller
2750 3632 283 46 Hochachtung
3069 3631 101 35 ihres
3200 3633 220 33 eminenten

1883 3696 177 36 Talentes
2090 3697 65 35 der
2183 3697 251 46 allgemeinen
2463 3699 157 34 Stimme
2647 3699 80 35 bei:
2772 3700 59 34 die
2873 3699 80 35 drei
2986 3712 97 34 gauz
3113 3701 297 34 verschiedenen

1883 3765 411 47 Stimmungsbildchen
2323 3767 73 45 gab
2426 3769 55 32 sie
2509 3770 67 31 mit
2604 3769 105 33 einer
2736 3769 187 46 Feinheit,
2946 3770 169 33 Anmuth
3144 3770 78 34 und
3249 3769 148 46 Empfin-

1882 3836 104 45 dung
2015 3836 149 43 wieder,
2207 3836 59 34 die
2309 3837 65 34 der
2401 3837 224 35 Künstlerin
2655 3838 101 34 Herz
2797 3839 77 34 und
2904 3840 93 33 Sinn
3021 3839 108 45 jedes
3158 3839 257 35 Zuhörenden

1879 3908 203 43 gewinnen
2112 3913 180 36 mussten,
2324 3918 76 23 was
2427 3908 207 45 eigentlich
2662 3908 106 33 mehr
2794 3909 61 44 ist,
2897 3908 56 35 als
2984 3909 59 35 die
3070 3909 102 35 laute
3200 3910 192 35 Bewunde-

1880 3986 109 35 rung,
2017 3975 59 34 die
2105 3976 81 34 sich
2212 3977 40 33 in
2281 3977 265 34 stürmischem
2574 3977 172 46 Applaus
2783 3979 78 33 und
2889 3979 283 34 wiederholtem
3202 3981 217 34 Hervorruf

1880 4044 192 47 kundgab.
2118 4047 90 34 Was
2238 4047 65 34 das
2330 4047 329 35 Beethoven'sche
2690 4049 164 34 Concert
2880 4049 155 43 betrifft,
3066 4061 40 22 so
3135 4049 183 46 gestehen
3351 4051 70 34 wir

1881 4115 112 45 offen,
2037 4115 84 35 dass
2163 4126 71 25 uns
2263 4118 100 33 Frau
2392 4117 220 34 Schumann
2640 4118 39 33 in
2707 4118 65 33 der
2799 4118 282 46 Reproduction
3125 4119 64 35 der
3232 4121 190 35 Concerte
