3622 4404
1770 173 68 51 36

258 318 217 66 pfindung
506 320 85 47 den
624 317 226 48 Eindruck
883 318 136 47 voller
1048 318 132 47 Kraft
1209 318 190 47 machen
1427 317 96 56 soll,
1565 332 48 31 so
1651 331 121 32 muss

253 397 62 48 sie
343 396 90 48 sich
466 395 157 64 lyrisch
653 393 254 49 ausbreiten
940 393 90 47 und
1062 396 41 46 in
1133 395 92 47 sich
1255 393 238 56 vertiefen;
1540 409 130 31 wenn
1702 391 70 48 die

254 472 244 64 Festigkeit
539 473 122 47 einer
703 471 119 47 nicht
860 487 50 32 so
953 471 135 47 leicht
1128 487 51 31 zu
1223 468 374 51 erschütternden
1626 470 147 47 Natur

253 567 78 32 zur
359 550 313 62 Erscheinung
703 548 211 47 kommen
943 548 98 55 soll,
1072 565 120 30 muss
1222 548 70 47 die
1321 546 322 65 Entwicklung
1673 546 99 48 eine

252 627 232 64 langsame
512 626 106 47 sein.
651 626 92 44 Das
771 623 197 48 schnelle
1000 625 366 63 Ueberspringen
1396 640 83 30 von
1510 623 124 47 einer
1663 623 72 47 Em-

252 703 218 66 pfindung
491 718 77 31 zur
591 699 217 61 anderen,
840 701 145 48 wobei
1018 701 128 48 keine
1174 702 42 47 in
1246 702 122 46 ihrer
1391 701 126 47 Tiefe
1546 699 227 65 erschöpft

251 779 129 56 wird,
423 778 116 48 kann
585 786 132 39 unter
757 777 276 48 Umständen
1079 778 113 47 noch
1236 777 272 48 dramatisch
1554 792 217 47 anregen,

251 858 71 47 nie
351 856 110 49 aber
491 856 83 48 den
607 854 229 49 Eindruck
867 854 80 47 der
974 856 166 47 Grösse
1178 854 203 49 machen.
1438 854 135 47 Diese
1601 854 140 63 Eigen-

251 933 139 48 schaft
437 932 111 48 wird
592 933 117 46 denn
754 932 114 47 auch
914 948 80 31 von
1025 932 102 47 dem
1160 932 250 47 Darsteller
1437 932 219 62 verlangt,
1698 929 72 49 die

252 1011 131 48 Ruhe
413 1011 41 45 in
484 1009 80 47 der
590 1008 279 64 Bewegung,
893 1008 69 47 die
981 1007 358 48 Beharrlichkeit
1361 1008 58 47 im
1442 1007 242 56 Wechsel;
1707 1007 63 47 sie

248 1089 53 47 ist
323 1087 77 49 das
423 1086 191 49 leitende
632 1087 174 54 Gesetz,
820 1084 77 49 das
915 1084 80 49 der
1008 1084 275 65 Auffassung
1302 1084 182 49 Gluck's
1507 1084 57 47 im
1585 1084 183 49 Ganzen

251 1163 88 50 und
371 1163 79 48 der
474 1162 304 63 Ausführung
807 1162 56 45 im
892 1162 240 47 Einzelnen
1162 1179 51 30 zu
1240 1160 187 49 Grunde
1456 1162 143 63 liegen
1632 1177 135 32 muss.

369 1240 103 49 Wir
502 1239 147 47 haben
682 1239 56 46 im
774 1238 418 65 Vorhergehenden
1236 1239 224 54 versucht,
1502 1256 50 30 zu
1596 1238 172 63 zeigen,

249 1317 168 48 welche
442 1314 519 66 Eigenthümlichkeiten
992 1314 79 48 der
1095 1315 206 55 Stimme,
1331 1314 80 48 der
1442 1314 202 48 Technik
1677 1314 89 48 und

247 1394 76 48 des
353 1395 246 61 Vortrages
628 1392 100 48 dem
762 1393 150 47 Geiste
943 1393 183 48 Gluck's
1164 1409 70 31 am
1268 1393 154 47 besten
1453 1392 313 66 entsprechen.

248 1470 192 50 Werfen
464 1470 83 47 wir
569 1487 91 30 nun
685 1470 127 47 einen
837 1469 122 48 Blick
986 1470 80 47 auf
1080 1469 98 57 das,
1209 1487 92 30 was
1331 1470 204 47 Louise
1568 1470 199 47 Köster

247 1564 94 32 war
373 1547 90 48 und
493 1547 114 48 noch
640 1547 134 47 heute
804 1547 70 54 ist,
903 1563 49 31 so
985 1547 177 47 können
1189 1548 81 46 wir
1295 1545 344 49 unumwunden
1664 1562 75 32 aus-

244 1625 235 65 sprechen,
510 1625 100 47 dass
639 1625 61 46 sie
731 1624 68 47 die
830 1624 264 47 erwähnten
1122 1624 349 63 Eigenschaften
1502 1624 41 47 in
1574 1624 193 47 seltener

248 1703 156 49 Weise
433 1701 42 47 in
505 1701 90 47 sich
627 1700 260 65 vereinigte,
930 1700 85 48 den
1060 1701 158 54 vollen,
1262 1701 368 65 lyrisch-innigen
1674 1700 90 47 und

244 1779 113 48 doch
389 1778 272 49 dramatisch
708 1778 278 64 erregbaren
1018 1779 115 55 Ton,
1176 1778 72 47 die
1288 1778 230 48 technisch
1565 1785 202 41 correcte

243 1854 370 65 Durchbildung,
642 1854 70 48 die
737 1855 147 47 Kunst
911 1854 76 48 des
1016 1855 314 47 allmählichen
1354 1855 413 47 Hervorwachsens

244 1933 80 48 der
353 1933 148 55 Kraft,
531 1931 78 49 das
639 1933 187 64 Stetige,
856 1933 204 63 langsam
1088 1931 267 50 Werdende
1386 1933 42 47 in
1460 1931 78 47 der
1565 1933 176 47 Darstel-

244 2011 108 65 lung
376 2011 118 47 eines
516 2010 290 48 Charakters.
836 2011 93 47 Das
948 2010 334 47 Phantasiebild
1309 2009 186 57 freilich,
1518 2009 79 48 das
1621 2009 143 49 Gluck

244 2088 323 48 vorschweben
600 2086 87 49 und
719 2086 79 49 das
827 2103 48 32 er
905 2095 133 40 unter
1067 2089 239 62 günstigen
1338 2086 279 49 Umständen
1650 2086 114 49 auch

244 2164 303 48 verwirklicht
587 2164 136 47 sehen
766 2162 195 58 mochte,
1001 2164 186 48 werden
1221 2165 80 46 wir
1330 2164 71 47 nie
1432 2180 111 47 ganz
1575 2162 162 49 wieder-

244 2242 257 55 herstellen,
531 2240 99 48 weil
661 2240 70 48 die
760 2245 175 60 spätere
969 2241 317 64 Entwicklung
1330 2240 80 48 der
1442 2242 146 46 Kunst
1617 2240 66 48 bis
1712 2258 51 30 zu

247 2320 142 47 einem
423 2319 221 63 gewissen
677 2317 151 49 Grade
870 2317 79 49 mit
992 2317 342 49 unerbittlicher
1362 2317 405 65 Notwendigkeit

244 2395 82 49 auf
350 2394 278 64 Aulfassung
671 2394 89 48 und
806 2395 289 63 Darstellung
1138 2395 80 47 der
1259 2396 170 47 älteren
1461 2395 305 47 Kunstwerke

242 2471 330 56 zurückwirkt;
621 2471 138 48 schon
803 2471 79 48 das
922 2471 275 65 Wichtigste
1240 2472 108 47 fehlt
1391 2488 81 31 uns
1514 2471 130 56 dazu,
1695 2471 71 48 die

242 2550 152 48 rechte
417 2549 240 55 Tonhöhe,
687 2549 72 47 die
789 2565 81 32 von
903 2549 395 48 entscheidendem
1328 2549 221 48 Einflüsse
1574 2550 80 47 auf
1679 2549 85 48 den

243 2626 431 65 Klang-Charakter
715 2626 69 55 ist,
827 2626 90 47 und
948 2626 71 47 die
1048 2644 51 30 zu
1132 2627 183 47 Gluck's
1343 2627 153 47 Zeiten
1528 2626 70 48 die
1627 2627 108 47 Stim-

243 2721 102 32 men
375 2705 151 56 voller,
558 2703 244 64 markiger,
841 2707 197 61 grösser,
1082 2705 188 63 ruhiger
1300 2705 194 56 machte,
1536 2706 61 46 als
1627 2705 63 47 sie
1720 2721 44 31 es

243 2782 136 47 heute
407 2781 110 48 sind.
563 2781 118 48 Was
710 2781 110 48 aber
850 2781 98 48 eine
978 2797 168 32 neuere
1175 2782 239 64 Sängerin,
1451 2782 71 47 die
1550 2781 85 48 den
1665 2799 69 30 ver-

240 2857 312 50 schiedensten
601 2857 89 48 und
741 2860 306 62 entlegensten
1088 2858 419 65 Kunst-Aufgaben
1551 2862 211 62 genügen

239 2937 99 56 soll,
386 2936 42 47 in
473 2935 80 48 der
595 2935 339 66 Reproduction
982 2936 182 48 Gluck's
1213 2936 156 65 irgend
1420 2937 341 47 verwirklichen

242 3012 136 57 kann,
420 3011 77 48 das
541 3012 77 47 hat
660 3012 203 48 Louise
894 3013 207 47 Köster
1143 3012 324 56 verwirklicht;
1510 3013 89 47 und
1634 3021 130 41 unter

242 3090 127 48 ihren
413 3088 178 49 reichen
634 3088 92 50 und
770 3090 149 48 hohen
964 3090 356 49 künstlerischen
1350 3091 216 63 Erfolgen
1611 3107 152 32 waren

243 3166 142 48 daher
428 3167 190 47 manche
661 3167 166 47 andere
865 3167 59 47 im
968 3167 140 48 Sinne
1147 3167 76 48 des
1255 3167 262 48 Publicums
1547 3168 220 47 vielleicht

240 3242 287 66 glänzender,
571 3242 153 48 keiner
761 3245 111 47 aber
900 3245 88 63 gab
1019 3246 69 47 ein
1118 3261 50 32 so
1199 3245 207 48 beredtes
1434 3246 217 63 Zeugniss
1681 3262 83 32 von

244 3322 79 47 der
365 3319 248 66 objectiven
657 3322 147 47 Natur
846 3322 121 48 ihrer
1010 3323 472 65 Kunst-Auffassung,
1523 3341 83 31 von
1643 3323 123 49 ihrer

246 3398 276 65 Hingebung
547 3415 54 31 an
624 3398 71 48 die
718 3398 105 48 Idee
847 3398 77 48 des
949 3401 335 63 Componisten.
1315 3402 136 63 Möge
1472 3401 61 48 sie
1556 3405 208 60 späteren

246 3476 448 63 Kunstjüngerinnen
726 3476 68 47 ein
827 3476 291 48 leuchtendes
1148 3477 187 48 Vorbild
1368 3477 127 48 darin
1526 3478 110 59 sein,
1682 3477 85 48 wie

246 3568 101 32 man
378 3568 80 33 aus
486 3553 80 47 der
597 3552 327 49 bescheidenen
950 3553 359 65 Unterordnung
1340 3562 130 41 unter
1493 3554 70 49 die
1594 3554 173 49 höhere

247 3629 322 50 künstlerische
601 3631 211 64 Aufgabe
854 3631 71 48 die
955 3632 133 48 Kraft
1115 3650 50 30 zu
1198 3632 83 48 den
1314 3636 203 61 grössten
1550 3633 216 64 Erfolgen

244 3708 217 64 gewinnt,
488 3707 84 48 wie
601 3723 102 32 man
733 3709 93 47 sein
856 3709 181 64 eigenes
1066 3709 184 49 Inneres
1281 3709 293 49 fortdauernd
1606 3711 132 47 erwei-

244 3791 107 50 tert,
393 3783 148 48 indem
591 3801 102 32 man
737 3786 84 49 den
859 3787 380 65 Offenbarungen
1283 3787 191 57 lauscht,
1516 3787 69 49 die
1615 3788 41 47 in
1688 3788 82 47 der

246 3860 176 49 kleinen
453 3862 109 47 Zahl
606 3860 79 49 der
727 3863 74 47 für
840 3863 70 48 die
941 3863 225 66 Ewigkeit
1202 3864 355 65 geschriebenen
1592 3864 176 49 Werke

251 3939 229 48 enthalten
510 3938 111 48 sind.
1340 3940 73 67 (G.
1444 3940 206 67 Engel.)

816 4015 199 66 (Schluss
1047 4015 143 69 folgt.)

2465 329 96 54 Aus
2604 329 150 56 Wien.

2387 461 185 44 (SeMuss.
2629 461 36 38 S.
2692 462 62 36 Nr.
2783 459 52 49 4.)

1960 544 105 47 Man
2090 543 168 50 könnte
2275 561 90 30 nun
2393 544 168 47 freilich
2585 561 157 48 sagen,
2756 546 215 63 Wagner
3000 551 121 61 trägt
3140 547 140 48 selbst
3301 547 76 50 die

1843 621 188 57 Schuld,
2063 638 129 32 wenn
2223 622 71 47 die
2318 622 327 56 Bruchstücke,
2675 622 71 48 die
2775 640 50 30 er
2849 640 81 30 uns
2954 640 80 31 aus
3055 626 152 45 seinen
3234 641 111 32 neue-

1843 706 97 39 sten
1966 702 238 60 grösseren
2233 698 207 48 Werken
2464 699 228 56 vorführt,
2723 699 135 49 falsch
2892 699 244 50 beurtheilt
3161 701 211 49 werden:

1843 774 116 49 denn
1992 774 223 49 wesshalb
2258 774 97 64 gibt
2393 792 48 31 er
2485 792 81 31 uns
2592 777 332 47 Zerstückeltes
2968 778 89 47 und
3100 778 114 47 noch
3258 778 113 48 dazu

1844 852 145 48 Musik
2021 870 52 29 zu
2105 853 192 56 Scenen,
2341 852 70 48 bei
2443 854 200 47 welchen
2675 854 122 47 nicht
2824 856 174 47 sowohl
3029 854 79 49 das
3140 857 203 47 Dramati-

1842 928 105 48 sche
1988 928 80 48 der
2098 928 252 66 Handlung
2393 931 64 45 als
2498 929 79 49 das
2615 931 268 48 Malerische
2919 931 82 48 der
3034 933 337 47 Decorationen

1843 1006 89 48 und
1964 1006 71 48 die
2067 1007 146 45 Kunst
2241 1006 77 48 des
2347 1007 318 48 Maschinisten
2708 1008 88 47 und
2829 1009 266 64 Regisseurs
3133 1011 205 47 notwen-

1841 1083 76 65 dig
1945 1083 115 57 sind,
2090 1099 74 31 um
2196 1083 80 47 der
2308 1083 425 65 Einbildungskraft
2760 1086 78 47 des
2859 1087 233 48 Zuhörers
3120 1087 142 47 durch
3294 1087 80 48 das

1842 1160 209 49 Schauen
2082 1177 52 30 zu
2170 1160 134 47 Hülfe
2335 1177 50 30 zu
2418 1160 246 47 kommen?
2719 1163 148 47 Allein
2900 1164 81 46 wir
3013 1164 160 47 wollen
3212 1181 83 30 uns
3323 1181 49 32 so

1842 1238 80 46 viel
1955 1238 63 47 als
2049 1237 194 63 möglich
2285 1253 113 48 ganz
2440 1238 42 47 in
2520 1237 71 47 die
2634 1238 212 48 Scenerie
2890 1248 224 39 versetzen
3161 1240 89 47 und
3285 1240 86 49 den

1841 1314 181 62 Mangel
2064 1314 76 47 des
2182 1314 332 47 sichtbaren
2545 1315 295 64 Programms
2871 1315 147 49 dieser
3047 1317 147 47 Musik
3226 1317 145 49 durch

1841 1390 71 49 die
1950 1392 246 47 Phantasie
2238 1395 245 60 ergänzen;
2528 1393 218 47 trotzdem
2792 1393 178 48 können
3017 1394 80 47 wir
3145 1394 114 48 doch
3301 1395 71 49 die

1841 1469 238 64 eigentlich
2126 1468 331 65 beabsichtigte
2490 1469 235 65 Wirkung
2845 1470 89 47 und
2975 1470 70 49 bei
3076 1472 214 63 Wagner
3319 1473 55 47 ist

1833 1545 48 65 ja
1905 1547 122 45 Alles
2058 1544 190 50 Absicht
2331 1545 241 49 höchstens
2603 1547 165 54 ahnen,
2798 1550 247 61 vermögen
3076 1548 127 56 aber,
3233 1549 142 47 selbst

1842 1623 68 47 bei
1949 1623 85 47 den
2074 1621 282 65 günstigsten
2389 1623 428 63 Voraussetzungen
2859 1625 76 46 für
2975 1624 78 48 das
3084 1627 168 55 Ganze,
3301 1625 70 49 bei

1841 1699 257 63 Anhörung
2121 1699 146 47 dieser
2285 1700 278 64 Fragmente
2587 1699 79 48 das
2686 1700 172 48 Gefühl
2883 1701 123 47 einer
3028 1704 344 47 musicalischen

1839 1778 162 54 Leere,
2039 1776 78 47 das
2147 1776 91 47 sich
2272 1776 69 47 bei
2369 1778 131 47 allem
2532 1778 303 48 äusserlichen
2868 1779 390 48 Kraft-Aufwand
3291 1780 81 47 der

1839 1854 488 65 Instrumentalklänge
2350 1854 262 63 aufdrängt,
2636 1855 122 47 nicht
2779 1855 305 57 abzuweisen,
3103 1858 88 45 und
3211 1858 138 48 einzel-

1841 1948 53 30 ne
1921 1930 233 65 originelle
2181 1933 144 62 Züge,
2342 1933 190 62 gewisse
2557 1930 244 66 (geniale?)
2820 1933 416 64 Phantasie-Flüge
3260 1934 114 48 oder

1841 2009 171 47 Flüche
2035 2008 112 48 oder
2170 2009 213 63 Sprünge
2411 2009 95 48 sind
2533 2009 123 47 nicht
2679 2009 58 47 im
2763 2010 186 55 Stande,
2970 2010 128 65 jenes
3122 2011 172 47 Gefühl
3318 2029 54 31 zu

1839 2086 299 65 verdrängen,
2178 2086 115 47 eben
2323 2103 48 32 so
2403 2088 165 63 wenig,
2606 2088 84 47 wie
2719 2088 149 64 einige
2896 2090 169 46 seltene
3098 2089 276 49 melodische

1841 2162 190 49 Funken
2074 2179 82 32 uns
2192 2162 206 49 dauernd
2430 2169 255 42 erwärmen
2718 2164 195 48 können.
2963 2165 78 48 Ob
3070 2165 122 48 diese
3222 2183 148 32 neuen

1842 2240 297 65 Erzeugnisse
2167 2241 246 64 Wagner's
2444 2240 147 48 hinter
2613 2240 101 47 dem
2740 2241 302 48 Tannhäuser
3073 2244 88 47 und
3187 2244 155 48 Lohen-

1839 2317 99 64 grin
1969 2316 348 59 zurückstehen,
2344 2315 94 49 dies
2465 2334 51 30 zu
2551 2316 276 66 behaupten,
2858 2317 150 49 dürfte
3037 2320 187 63 voreilig
3253 2320 117 56 sein;

1841 2394 100 48 dass
1980 2394 113 48 aber
2138 2395 112 46 viele
2291 2394 92 48 und
2421 2394 138 48 selbst
2600 2395 152 47 solche
2793 2395 219 57 Musiker,
3056 2396 70 47 die
3173 2396 198 48 Richard

1842 2474 249 62 Wagner's
2121 2472 275 65 Leistungen
2440 2472 105 47 sehr
2587 2474 183 62 günstig
2808 2474 332 48 aufzunehmen
3173 2474 198 66 pflegen,

1839 2549 136 48 dahin
2015 2566 50 30 zu
2107 2549 162 63 neigen
2313 2549 229 55 schienen,
2585 2550 53 46 ist
2667 2550 273 49 Thatsache,
2990 2551 86 47 Die
3109 2552 230 47 Versamm-

1838 2627 108 64 lung
1978 2643 95 31 war
2102 2626 223 48 zahlreich
2369 2626 89 47 und
2509 2626 183 64 günstig
2740 2627 232 65 gestimmt
3009 2629 89 47 und
3140 2629 234 64 gestimmt

1841 2703 202 56 worden,
2074 2703 82 47 «ler
2187 2703 157 49 Beifall
2379 2703 230 49 ehrenvoll
2655 2703 78 49 für
2774 2705 85 48 den
2892 2706 339 65 Componisten.
3285 2706 85 48 Die

1836 2781 128 48 letzte
2008 2781 301 63 Abtheilung,
2350 2782 122 55 „Das
2859 2784 163 63 sprach
3061 2784 203 63 weniger
3296 2801 75 40 an,

1837 2860 62 47 als
1930 2857 69 48 die
2031 2857 160 48 beiden
2223 2865 165 49 ersten,
2418 2857 72 50 die
2520 2860 253 63 Spannung
2805 2858 80 49 der
2913 2860 356 49 Zuhörerschaft
3299 2877 46 31 er-

1834 2936 205 48 schlaffte
2068 2936 213 48 sichtbar.

1952 3015 88 47 Am
2073 3013 41 49 1.
2138 3015 176 47 Januar
2345 3013 184 65 Mittags
2559 3013 295 49 wiederholte
2885 3013 78 49 das
2993 3016 157 47 zweite
3175 3016 197 48 Concert

1838 3090 227 48 dieselben
2100 3090 376 64 Aufführungen.
2534 3092 94 46 Der
2672 3091 174 47 Besuch
2900 3107 98 32 war
3047 3091 69 48 bei
3165 3093 202 49 Weitem

1838 3167 123 48 nicht
1982 3184 48 31 so
2053 3167 242 56 zahlreich,
2328 3168 63 47 als
2415 3167 78 48 das
2516 3176 118 39 erste
2659 3168 107 56 Mal,
2798 3167 71 48 die
2893 3168 308 65 Ausführung
3225 3170 145 48 durch

1838 3245 79 49 das
1946 3245 248 48 verstärkte
2223 3245 438 64 Opern-Orchester
2690 3245 300 57 vortrefflich,
3033 3247 90 47 und
3160 3248 212 64 Wagner

1839 3322 54 47 ist
1936 3323 68 47 ein
2049 3322 338 48 vortrefflicher
2417 3322 224 63 Dirigent.
2700 3323 84 46 Die
2816 3323 328 59 Männer-Soli,
3175 3326 85 47 wie
3291 3325 79 49 das

1839 3407 118 39 erste
1987 3401 90 47 Mal
2121 3416 83 32 von
2248 3399 85 47 den
2379 3401 180 45 Herren
2604 3396 288 61 Äschbauer,
2942 3402 292 65 Mayerhofer
3277 3402 94 48 und

1841 3477 250 48 Hrabanek
2139 3492 252 48 gesungen,
2435 3477 154 48 hatten
2629 3477 102 48 dem
2777 3478 190 48 Talente
3010 3479 148 49 dieser
3196 3481 176 63 Sänger

1842 3554 160 64 Erfolg
2041 3571 52 30 zu
2128 3553 197 59 danken,
2366 3554 97 49 sind
2510 3554 114 49 auch
2657 3556 42 47 in
2732 3554 80 49 der
2844 3556 309 66 Composition
3200 3558 171 56 besser,

1842 3632 62 47 als
1933 3631 80 48 das
2043 3632 403 48 Frauen-Terzett.
2490 3633 94 47 Das
2615 3632 238 48 Publicum
2886 3633 189 50 bestand
3107 3634 142 49 dieses
3280 3636 90 47 Mal

1841 3708 341 66 grösstenteils
2224 3726 80 32 aus
2347 3709 188 65 eifrigen
2581 3711 340 57 Enthusiasten,
2970 3712 71 47 die
3089 3712 128 48 einen
3268 3712 77 48 der-

1841 3802 204 32 maassen
2069 3787 222 48 rasenden
2311 3788 318 64 Applauslärm
2657 3788 228 57 machten,
2915 3789 100 47 dass
3041 3806 80 30 uns
3147 3791 227 47 Moli&re's

1841 3864 204 66 Marquis
2076 3864 110 49 oder
2215 3866 209 48 Vicomte
2465 3866 167 57 einfiel,
2683 3866 80 47 der
2799 3867 122 47 seine
2952 3867 419 65 Standesgenossen

1839 3943 45 47 in
1916 3942 71 47 die
2016 3942 227 49 Komödie
2286 3943 130 47 führt
2449 3958 123 52 pour
3371 3943 8 64 f
3127 3947 106 47 Wir
3262 3946 112 48 aber

1843 4019 198 48 konnten
2086 4037 81 30 uns
2203 4037 87 32 nur
2328 4020 325 56 wiederholen,
2694 4020 100 49 dass
2824 4022 80 47 der
2934 4023 182 65 Mangel
3147 4040 55 31 an
3235 4023 109 48 musi-

1842 4097 223 49 calischen
2097 4095 268 61 Gedanken,
2407 4097 71 49 die
2509 4097 204 49 wirklich
2747 4106 140 41 etwas
2915 4116 158 48 sagen,
3117 4116 83 33 uns
3229 4100 143 49 dieses
