3462 4343
1717 169 102 48 104

305 314 98 36 Weil
430 313 67 35 wir
523 311 97 36 denn
648 308 135 37 einmal
823 308 61 35 bei
912 306 63 35 der
1001 306 192 35 formellen
1219 304 240 47 Vollendung
1487 304 143 44 stehen,
1672 303 58 35 die

224 385 176 44 übrigens
427 381 157 35 niemals
611 377 93 35 ohne
730 374 301 46 hervorragende
1059 372 283 46 Natur-Anlage
1384 372 159 35 erreicht
1581 371 149 35 werden

224 454 115 42 kann,
370 463 41 24 so
438 451 132 34 wollen
597 448 67 34 wir
693 445 172 35 dankbar
892 444 68 34 den
989 443 105 34 edlen
1123 443 148 34 Genuss
1300 442 209 43 erwähnen,
1554 441 69 34 den
1658 451 72 24 uns

223 521 108 36 Hill
344 519 56 36 er'
412 531 16 22 s
457 513 244 47 Clavierspiel
729 513 119 34 durch
878 512 67 33 den
974 511 162 44 Vortrag
1165 510 64 35 des
1257 510 198 35 Concertes
1484 521 73 24 von
1583 509 147 34 Mozart

222 586 202 37 verschafft
452 585 71 33 hat.
552 584 78 32 Das
654 581 199 35 Publicum
878 578 162 45 empfing
1058 578 76 43 ihn,
1164 578 56 34 als
1250 590 38 22 er
1317 578 81 34 sich
1426 589 47 23 an
1501 576 68 35 den
1595 574 135 47 Flügel

222 659 129 38 setzte,
395 652 67 34 mit
502 652 101 33 einer
644 649 151 34 wahren
823 646 161 36 Ovation
1027 645 78 34 und
1145 645 201 46 begleitete
1385 646 78 34 sein
1504 643 225 36 classisches

225 720 113 47 Spiel,
384 719 84 34 dem
495 720 58 35 ein
581 715 264 37 wunderbarer
871 712 193 47 Anschlag
1094 724 47 23 zu
1171 713 140 35 Gebote
1339 712 111 44 steht,
1497 713 116 34 worin
1653 711 77 34 ihm

221 789 139 34 Keiner
386 786 282 47 gleichkommt,
697 783 60 36 bei
779 781 125 46 jedem
932 781 108 35 Satze
1068 782 70 32 mit
1164 780 271 35 rauschendem
1465 779 168 37 Beifalle.

300 858 68 35 Die
397 857 110 34 Sätze
535 865 67 24 aus
631 853 82 34 dem
743 851 110 34 Credo
890 861 71 23 von
989 849 100 33 Bach
1131 848 152 34 wurden
1310 849 51 33 im
1390 849 150 35 Ganzen
1569 851 69 43 gut
1666 858 42 34 ge-

224 936 160 35 sungen,
424 924 94 35 doch
552 922 86 34 kam
680 920 57 34 die
763 917 251 44 Ausführung
1044 916 81 34 dem
1153 917 230 46 Eindrucke,
1425 917 64 35 der
1515 916 98 36 noch
1643 926 85 24 vom

224 993 222 36 Musikfeste
473 991 64 34 her
563 990 50 33 im
642 986 203 36 Andenken
875 996 89 32 war,
993 984 105 34 nicht
1124 984 138 46 gleich.

296 1061 76 35 Der
400 1058 170 44 Sinfonia
593 1057 136 34 Eroica
749 1054 128 36 wurde
905 1054 81 34 eine
1014 1052 105 35 recht
1145 1056 101 42 gute,
1270 1053 54 44 ja,
1351 1053 38 33 in
1417 1051 121 35 vielen
1562 1051 165 35 Stücken

219 1127 249 37 vortreffliche
495 1126 253 43 Ausführung
775 1134 47 23 zu
850 1122 118 44 Theil,
1004 1120 58 34 die
1090 1131 71 24 uns
1190 1120 64 34 das
1283 1119 183 34 herrliche
1494 1119 116 34 Werk
1639 1119 66 33 wie-

220 1195 65 35 der
314 1195 136 35 einmal
475 1195 38 33 in
541 1194 119 34 seiner
687 1202 145 36 ganzen
851 1188 139 35 Pracht
1016 1188 193 34 vorführte
1237 1187 76 34 und
1341 1187 70 34 den
1440 1187 289 34 himmelweiten

220 1263 251 36 Unterschied
508 1262 216 42 offenbarte,
769 1259 62 34 der
873 1255 187 35 zwischen
1097 1256 119 33 einem
1261 1255 172 45 genialen
1459 1254 267 44 Kunstwerke,

219 1333 68 34 das
317 1333 81 34 eine
424 1331 87 35 Idee
539 1327 256 42 verherrlicht,
837 1324 76 37 und
956 1324 69 33 den
1068 1324 221 35 mühsamen
1317 1323 212 36 Producten
1567 1323 63 35 der
1657 1324 48 33 Re-

222 1401 147 42 flexion,
398 1399 58 34 die
483 1397 94 35 nach
606 1397 118 34 einem
751 1395 218 44 Programm
997 1392 167 43 arbeitet,
1193 1391 186 37 obwaltet.

514 1622 182 69 Tages-
736 1620 101 54 und
865 1620 568 71 Unterhaltungs-Blatt.

642 1742 98 34 Herr
765 1742 39 33 J.
833 1740 45 37 A.
906 1752 87 23 van
1030 1738 187 47 Eyken,
1255 1738 56 35 als
1341 1739 101 33 einer
1470 1737 64 35 der
1562 1736 147 46 tüchtig-

215 1808 82 32 sten
325 1805 226 45 Organisten
577 1813 154 24 unserer
760 1802 80 33 Zeit
867 1800 77 34 und
972 1799 55 35 als
1050 1799 217 45 Componist
1294 1797 226 36 rühmlichst
1549 1797 180 44 bekannt,

219 1865 66 34 hat
325 1875 75 25 von
443 1863 107 35 Ihrer
588 1860 252 46 Königlichen
878 1859 139 35 Hoheit
1056 1857 62 35 der
1158 1858 127 34 Frau
1327 1857 61 35 Gr
1400 1868 73 24 os-s
1488 1856 82 35 her
1581 1869 18 20 z
1612 1868 20 22 o
1646 1858 81 43 gin

217 1936 87 24 von
332 1924 203 36 Weimar
572 1922 58 33 für
658 1921 57 34 die
744 1920 205 44 Widmung
980 1919 120 34 seiner
1127 1917 166 35 Musik
1335 1919 60 33 für
1423 1916 99 37 Chor
1555 1916 77 34 nnd
1660 1915 45 35 Or-

218 1985 145 33 chester
391 1994 84 23 zum
503 1980 316 46 Trauerspiel
849 1980 201 33 Lueifer
1079 1989 73 22 von
1181 1977 204 43 Vondel,
1429 1976 144 35 welche
1599 1976 104 35 Hoch-

218 2044 161 35 dieselbe
408 2041 256 37 anzunehmen
691 2040 137 46 geruht
855 2039 114 44 hatte,
998 2039 80 33 eine
1105 2037 135 35 höchst
1267 2037 231 43 werthvolle,
1542 2038 69 33 mit
1638 2037 68 34 Dia-

217 2105 148 33 manten
385 2102 166 36 besetzte
565 2098 235 37 Busennadel
815 2098 108 35 nebst
943 2097 231 35 huldvollem
1192 2096 342 46 Begleitschreiben
1549 2096 178 37 erhalten.

296 2222 79 34 Das
403 2220 215 35 Oratorium
654 2221 101 39 „Das
784 2229 94 22 neue
908 2217 200 34 Paradies*
1150 2229 72 22 von
1259 2216 284 46 Capellmeister
1578 2217 153 34 Ernst

214 2283 168 34 Reiter
409 2291 46 23 zu
482 2279 114 35 Basel
623 2279 50 33 ist
699 2279 51 33 im
778 2277 351 46 Clavier-Auszuge
1164 2277 59 35 bei
1251 2277 228 35 Hofmeister
1505 2277 38 33 in
1571 2277 158 45 Leipzig

215 2340 227 35 erschienen.
529 2338 94 34 Eine
650 2348 132 35 grosse
809 2337 137 34 Sonate
974 2337 61 34 für
1063 2336 214 35 Pianoforte
1305 2336 77 34 und
1411 2336 147 35 Violine
1585 2347 72 24 von
1686 2337 41 36 E.

214 2402 160 34 Reiter
400 2401 50 33 ist
478 2399 59 35 bei
564 2399 41 35 F.
636 2397 139 47 Glöggl
804 2399 39 32 in
873 2397 107 35 Wien
1011 2399 108 31 unter
1147 2396 64 35 der
1237 2397 147 35 Presse.

289 2512 262 38 £Sl*esiati«
581 2510 43 35 In
648 2510 120 35 einem
797 2510 191 43 Concerte,
1018 2509 160 35 welches
1208 2509 58 34 die
1294 2510 145 34 Herren
1468 2508 154 35 David
1651 2509 77 35 und

214 2576 121 34 Rein
348 2573 119 36 ecke
509 2574 110 32 unter
647 2571 249 46 Mitwirkung
925 2570 63 35 des
1028 2570 192 34 breslauer
1262 2570 288 45 Sängerbundes
1590 2570 137 47 gaben,

219 2635 151 34 führten
398 2632 56 35 die
482 2631 132 36 beiden
641 2631 203 35 Virtuosen
872 2631 60 33 ein
962 2630 127 34 Rondo
1118 2628 148 36 brillant
1303 2631 60 33 für
1390 2630 217 34 Pianoforte
1649 2629 78 34 und

215 2694 147 34 Violine
390 2705 72 23 von
490 2692 183 34 Schubert
708 2691 76 35 und
823 2691 59 33 die
910 2689 292 37 Kreutzer'sche
1230 2690 138 34 Sonate
1409 2702 73 23 von
1511 2688 217 36 Beethoven

215 2755 82 40 auf;
343 2752 95 34 Herr
465 2751 124 34 David
631 2751 132 45 spielte
805 2750 59 35 die
895 2749 192 36 Chaconne
1125 2760 73 24 von
1229 2750 83 35 Seb.
1343 2750 104 34 Bach
1493 2751 60 33 für
1580 2749 148 35 Violine

211 2813 114 33 allein
355 2814 77 33 und
463 2811 57 33 ein
550 2810 169 34 Andante
746 2810 77 34 und
854 2810 152 34 Scherzo
1035 2810 222 47 Capriccios)
1287 2811 149 45 eigener
1456 2809 270 46 Composition,

224 2871 79 34 und
329 2871 97 33 Herr
452 2869 187 35 Reinecke
666 2869 123 34 führte
817 2870 243 34 Variationen
1102 2869 93 34 über
1223 2870 59 33 ein
1310 2869 141 35 Thema
1478 2881 72 23 von
1578 2869 25 35 J
1645 2868 85 36 Seb.

212 2930 104 36 Bach
345 2942 72 21 von
449 2930 149 45 eigener
627 2928 255 45 Composition
920 2929 69 34 auf
1013 2928 83 35 dem
1124 2928 149 35 Ciavier
1299 2940 80 25 aus.
1430 2930 76 33 Der
1535 2928 194 36 breslauer

212 2989 251 46 Sängerbund
492 2990 101 44 legte
621 2988 115 34 durch
761 2988 69 34 den
857 2989 161 45 Vortrag
1047 2989 141 45 einiger
1208 2988 121 36 Chöre
1357 3000 73 24 von
1452 2988 116 43 Gade,
1597 2989 127 45 Löwe,

212 3050 214 36 Schumann
470 3049 77 34 und
581 3048 268 35 Mendelssohn
895 3049 142 35 schöne
1076 3048 146 36 Proben
1263 3050 119 33 seiner
1424 3048 303 35 künstlerischen

212 3110 269 44 Entwicklung
510 3109 45 35 ab

292 3221 259 36 ILOE&CIOB*«
601 3222 70 35 Die
694 3222 252 45 Ausführung
988 3221 64 35 der
1088 3232 155 35 grossen
1271 3221 124 34 Messe
1433 3222 37 33 in
1501 3220 41 42 G,
1586 3220 141 37 welche

212 3282 201 35 Gounod
449 3294 64 22 zur
541 3283 107 34 Feier
684 3282 62 34 des
777 3281 311 46 Cäcilien-Tages
1120 3282 209 44 componirt
1355 3280 66 35 hat
1462 3281 77 34 und
1568 3281 59 35 die
1655 3293 72 23 von

214 3342 65 35 der
305 3343 142 44 pariser
471 3342 133 36 Presse
632 3342 84 34 sehr
743 3342 173 46 gerühmt
944 3342 148 35 worden
1120 3342 63 43 ist,
1226 3352 41 23 so
1296 3342 69 33 wie
1394 3340 65 35 der
1486 3340 220 37 Choral-Sin-

209 3403 99 34 fonie
339 3401 66 46 (9.)
434 3413 74 23 von
536 3401 267 35 Beethoven
831 3402 126 34 lockte
984 3403 60 33 ein
1073 3401 234 35 zahlreiches
1336 3401 384 35 musikfreundliches

211 3461 203 35 Publicum
442 3462 37 32 in
508 3460 52 35 St.
590 3461 170 34 Martin's
787 3461 100 35 Hall.
926 3463 70 33 Die
1025 3463 133 41 Messe,
1189 3473 73 23 von
1291 3460 160 36 welcher
1479 3473 84 22 man
1592 3461 137 35 bereits

210 3521 170 35 einzelne
408 3521 141 35 Stücke
571 3520 151 45 kannte,
763 3520 126 36 wurde
931 3522 67 34 mit
1026 3533 150 33 grosser
1205 3521 166 45 Sorgfalt
1399 3521 233 45 ausgeführt,
1661 3521 69 33 mit

210 3593 150 34 grosser
387 3579 350 35 Aufmerksamkeit
765 3580 193 45 angehört,
1005 3581 88 34 liess
1131 3580 139 46 jedoch
1315 3582 93 35 kalt.
1472 3582 67 33 The
1567 3580 159 35 Musical

222 3640 119 34 World
369 3641 96 44 sagt,
510 3639 85 34 dass
626 3639 58 34 die
711 3639 123 34 Messe
868 3640 113 34 keine
1008 3640 292 45 Eigenschaften
1327 3640 153 43 besitze,
1522 3640 60 34 die
1613 3641 53 34 sie
1689 3641 41 44 je

213 3699 156 45 populär
395 3698 159 34 machen
583 3698 189 42 könnten;
816 3698 85 34 dass
941 3710 38 23 er
1016 3699 124 34 nichts
1169 3700 122 34 Neues
1330 3701 37 32 in
1396 3701 140 33 seinem
1565 3699 159 36 Streben

215 3758 96 35 nach
339 3759 143 34 Neuem
510 3758 128 43 findet,
669 3758 76 35 und
774 3759 86 34 dass
889 3759 65 35 das
985 3760 210 34 Crescendo
1224 3761 49 33 im
1302 3760 158 34 Sanctus
1488 3760 81 34 eine
1597 3771 130 34 grosse

214 3817 261 35 Aehnlichkeit
502 3819 68 33 mit
598 3818 71 36 den
697 3819 216 34 lärmenden
943 3819 167 35 Effecten
1138 3820 37 34 in
1203 3819 144 35 Verdi's
1614 3821 91 41 „Tro-

214 3882 128 31 vatore
357 3880 22 38 ',
663 3880 108 36 habe.
800 3880 253 35 Beethoven's
1082 3881 175 44 Sinfonie,
1292 3881 150 35 obwohl
1471 3881 145 35 minder
1644 3893 62 23 vor-

213 3937 151 47 züglich
393 3938 56 34 als
476 3938 61 35 bei
564 3940 173 36 früheren
768 3940 293 47 Gelegenheiten
1090 3941 229 46 ausgeführt,
1352 3944 143 44 erregte
1524 3941 106 36 mehr
1657 3941 47 36 Be-

214 3999 228 44 geisterung,
471 3998 55 35 als
551 4000 47 43 je.

1880 299 188 38 Pfiris«
2114 299 90 35 Man
2230 299 216 43 versichert,
2484 298 86 34 dass
2608 297 212 37 Richard
2861 297 245 46 Wagner's
3155 298 125 34 Tann-

1802 361 179 34 häuser
2005 360 51 33 im
2085 358 180 36 nächsten
2285 359 144 34 Winter
2456 357 80 35 hier
2564 358 221 45 aufgeführt
2806 357 149 36 werden
2985 357 106 41 wird,
3119 357 76 34 und
3224 357 87 34 dass

1800 430 86 23 man
1929 419 80 35 sich
2047 418 117 34 schon
2199 419 95 43 jetzt
2331 418 70 33 mit
2441 417 70 34 den
2538 416 229 35 Vorstudien
2795 418 241 44 beschäftigt,
3083 416 141 35 welche
3253 416 59 34 die

1799 477 320 45 Inscenesetzung
2147 476 184 44 verlangt.

1875 537 72 35 Am
1964 537 59 37 18.
2043 538 106 33 März
2170 535 152 34 wurden
2350 536 38 33 in
2416 534 83 34 dem
2529 533 484 36 Conservatoire-Concerte
3041 534 24 36 J
3099 534 212 46 Haydn's

2229 594 237 45 aufgeführt;
2495 593 175 46 Roger,
2700 593 65 35 der
2792 593 247 35 Uebersetzer
3068 593 64 35 des
3162 594 149 41 Textes,

1799 666 94 34 sang
1920 654 59 34 die
2009 654 279 36 Tenor-Partie.

1875 713 162 35 Alfred
2073 713 134 35 Jaell
2248 714 51 33 ist
2337 724 72 22 von
2444 711 64 35 der
2536 712 168 45 hiesigen
2732 713 129 33 Kritik
2890 713 231 45 einstimmig
3147 713 70 33 auf
3242 712 70 34 den

1799 773 125 34 Thron
1952 772 63 35 der
2041 773 194 34 Pianisten
2261 771 171 46 gehoben
2462 771 148 34 worden
2679 771 270 46 Gegenwärtig
2976 772 151 35 bereis't
3155 783 39 23 er
3220 771 70 35 Hol-

1798 832 88 34 land
1913 832 77 34 und
2018 832 129 34 macht
2183 833 38 32 in
2262 830 311 45 Rotterdam,
2620 832 147 45 Haag,
2811 830 310 36 Amsterdam
3161 840 151 36 grosses

1799 890 194 35 Aufsehen
2020 890 77 34 und
2126 890 202 35 überfüllte
2355 889 253 35 Concertsäle.

2163 3551 71 50 pie
2614 3552 319 50 3®U6tfi-3eiümg

1800 3611 185 35 erscheint
2015 3611 114 46 jeden
2168 3613 170 45 Samstag
2379 3614 39 32 in
2460 3615 126 33 einem
2625 3626 143 34 ganzen
2804 3616 129 44 Bogen
2977 3615 68 33 mit
3079 3612 239 47 zwanglosen

1801 3662 191 47 Beilagen.
2024 3683 46 4 —
2099 3664 77 33 Der
2197 3663 383 47 Abonnementspreis
2600 3665 147 46 beträgt
2780 3667 59 32 für
2868 3666 64 32 das
2954 3664 185 45 Halbjahr
3166 3662 22 36 2
3205 3664 114 43 Thlr.,

1799 3713 60 36 bei
1887 3714 70 33 den
1979 3714 46 33 K.
2054 3724 141 35 preuss.
2218 3714 307 35 Post-Anstalten
2554 3714 22 37 2
2592 3716 102 33 Thlr.
2719 3716 21 36 5
2761 3716 80 45 Sgr.
2897 3716 94 33 Eine
3020 3714 167 35 einzelne
3206 3715 85 34 Num-

1799 3776 78 22 mer
1903 3763 25 36 4
1956 3764 80 46 Sgr,
2090 3764 488 47 Einrückungs-Gebühren
2608 3777 66 35 per
2700 3765 194 35 Petitzeile
2923 3764 21 37 2
2975 3766 80 46 Sgr.

1902 3816 123 33 Briefe
2053 3816 78 33 und
2149 3815 275 47 Zusendungen
2458 3817 92 34 aller
2568 3818 70 33 Art
2665 3817 149 34 werden
2843 3820 109 31 unter
2980 3817 63 34 der
3068 3815 163 36 Adresse
3259 3815 64 35 der

1799 3867 52 34 M.
1881 3865 537 47 DuMont-Schauberg'schen
2445 3868 303 46 Buchhandlung
2775 3869 38 33 in
2841 3869 103 34 Köln
2973 3869 161 35 erbeten.

1903 3923 1206 13 PP«—————^—P—u—
3109 3925 206 9 y—wa—wi—

1917 3963 355 35 Verantwortlicher
2300 3964 282 45 Herausgeber:
2613 3964 99 34 Prof.
2745 3963 34 34 L
2783 3989 11 10 ♦
2824 3963 173 45 Bischoff'
3019 3965 39 32 in
3086 3963 113 36 Köln.

1874 4015 195 47 Verleger:
2101 4014 53 35 M.
2184 4013 424 48 DuMont-Scliauberg'
2613 4015 88 34 sehe
2729 4015 301 45 Buchhandlung
3059 4016 39 32 in
3126 4014 114 36 Köln.

1833 4067 187 37 Drucker:
2054 4065 52 37 31.
2138 4064 412 48 DuMont-Schauberg
2578 4067 38 33 in
2644 4066 113 44 Köln,
2796 4067 240 35 Breitstrasse
3065 4065 47 38 7G
3138 4078 35 23 u.
3206 4066 60 39 78.

2040 1298 52 54 C.
2137 1297 68 53 W.
2247 1296 281 56 Rorncr's
2568 1298 179 71 Verlag
2784 1299 51 53 in
2876 1299 185 56 Erfurt.

2242 1381 190 45 (Meistens
2460 1383 148 35 amtlich
2636 1383 233 47 empfohlen.)

1803 1443 240 46 Brähmig,
2076 1442 51 42 8.,
2159 1442 181 34 Kirchen-
2370 1442 75 34 und
2471 1442 372 52 Haus-Choralbuch.
2902 1444 42 37 IV
2960 1471 17 23 2
3012 1446 94 36 Thlr.

2010 1492 446 36 Praktisch-theoretische
2484 1494 118 35 Piano
2602 1495 232 44 forleschule.
2864 1495 42 35 In
2938 1497 138 44 Heften,
3105 1499 23 33 ä
3159 1498 44 34 12
3233 1492 80 52 Sgr.

1804 1546 29 34 C
1842 1550 84 41 rüg
1936 1557 66 30 er,
2034 1545 79 41 Dr.,
2144 1544 224 37 Naturlehre.
2399 1548 35 33 7.
2466 1544 97 46 Aufl.
2615 1545 27 34 8
2671 1546 79 46 Sgr.

2007 1596 215 44 Grundzüge
2250 1596 61 34 der
2340 1596 146 46 Physik.
2516 1597 33 36 6.
2580 1597 96 45 Aufl,
2732 1597 46 33 15
2808 1598 78 45 Sgr.

2005 1647 131 34 Schule
2164 1647 62 34 der
2256 1647 144 45 Physik.
2431 1649 33 35 4.
2495 1647 96 46 Aufl.
2645 1649 24 32 2
2703 1649 97 36 Thlr.

1801 1698 174 43 Davin,
2006 1698 54 43 G.,
2092 1698 210 35 Geistlicher
2330 1699 256 37 Männerchor.
2640 1700 24 33 2
2672 1698 9 21 2
2682 1703 19 42 /
2702 1722 13 26 3
2749 1700 97 36 T/i/r.

1800 1749 183 45 Helfer,
2014 1751 57 40 A.,
2105 1750 240 45 Orgelschule.
2374 1750 29 36 I.
2458 1750 49 34 24

1800 1800 201 44 Körner,
2034 1800 40 38 G.
2112 1800 65 44 W.,
2210 1802 73 33 Der
2305 1800 207 48 praktische
2544 1803 121 44 Organ
2684 1808 41 31 st.
2778 1802 24 33 3
2837 1802 93 35 Thlr.

1800 1852 204 35 Lehman
2017 1864 41 31 n,
2088 1852 308 35 Harmonielehre.
2449 1853 23 33 2
2507 1853 92 36 Thlr.

1799 1903 223 43 Mettner,
2058 1903 51 43 C.,
2139 1903 216 35 Praktische
2389 1903 254 37 Violinschule.
2686 1904 57 36 10.
2775 1906 160 45 Auflage.
2974 1904 48 36 In
3049 1908 85 33 zwei
3162 1906 150 37 Cursen.

2103 1954 28 37 I.
2161 1955 44 45 (l
2213 1953 11 23 2
2225 1955 36 45 /z
2296 1955 116 44 Thlr)
2454 1955 49 37 11.
2533 1955 44 45 (1
2615 1955 120 46 Thlr.)

1801 2006 176 44 Ritter,
2007 2006 44 35 A.
2083 2005 54 44 G.~,
2168 2006 118 35 Kunst
2314 2007 60 34 des
2405 2006 224 48 Orgelspiels.
2656 2007 23 33 3
2700 2007 128 38 Theile.
2848 2008 36 35 4.
2902 2007 92 47 Aufl.
3013 2009 137 34 ä2—3
3158 2007 10 23 1
3220 2008 94 38 Thlr.

1800 2057 205 43 Sattler,
2034 2057 59 44 11.,
2128 2058 450 47 Theoretisch-praktische
2610 2059 238 46 Orgelschule.
2879 2060 23 32 2
2931 2060 116 34 Theile
3088 2063 23 31 ä
3139 2061 17 34 1
3193 2061 94 34 Thlr.

1838 2176 89 57 3tn
1975 2177 75 56 Me
2097 2176 194 71 Btfxtytt
2337 2192 94 42 tiott
2481 2177 198 71 Briefen
2730 2178 142 57 Mn
2918 2180 359 73 JJettktefol)«

2398 2261 328 72 Bartljoliitj'B.
2796 2319 5 5 .

1905 2347 66 34 Die
2004 2347 108 35 Unter
2114 2348 202 35 zeichneten
2348 2348 155 46 glauben
2532 2350 60 33 der
2617 2350 248 45 Zustimmung
2892 2349 103 44 aller,
3025 2350 112 36 denen
3166 2351 55 36 die
3241 2352 77 35 Er-

1798 2400 181 46 innerung
2008 2411 49 23 an
2085 2400 139 34 Felix
2250 2400 186 34 Mendel
2448 2413 16 21 s
2477 2401 114 33 söhn
2621 2401 93 34 Bar
2726 2408 11 27 t
2745 2401 105 34 hold
2858 2413 21 33 y
2907 2401 108 35 werth
3036 2403 57 43 ist,
3120 2404 123 44 gewiss
3272 2416 45 23 zu

1797 2452 79 34 Siin
1877 2477 10 16 ,
1917 2463 103 22 wenn
2048 2451 50 34 sie
2126 2465 35 21 es
2187 2452 270 42 unternehmen,
2499 2464 68 22 aus
2595 2452 62 34 der
2685 2453 99 35 Fülle
2811 2465 68 22 von
2909 2451 158 46 Briefen,
3107 2455 55 34 die
3189 2467 38 22 er
3252 2468 64 32 ge-

1798 2502 196 42 schrieben,
2022 2503 77 33 eine
2130 2503 231 45 Reihenfolge
2388 2504 62 33 der
2475 2504 65 43 für
2566 2503 62 35 ihn
2657 2505 77 33 und
2760 2505 95 33 seine
2883 2505 169 35 Arbeiten
3080 2505 235 36 bezeichnen-

1799 2555 67 33 den
1895 2566 43 22 zu
1964 2554 301 45 veröffentlichen.
2319 2554 122 35 Schon
2469 2554 160 46 befinden
2657 2556 76 34 sich
2758 2557 75 43 fast
2861 2555 71 35 alle
2961 2556 131 45 Briefe,
3130 2569 50 23 an
3209 2558 108 35 deren

1801 2605 223 48 Empfänger
2051 2607 49 33 sie
2128 2606 76 34 sich
2233 2606 162 35 desshalb
2425 2606 111 35 direct
2563 2608 146 33 wenden
2737 2607 170 42 konnten,
2941 2609 39 32 in
3007 2608 103 34 ihren
3139 2609 178 43 Händen;

1800 2657 86 34 aber
1912 2668 68 23 von
2009 2657 81 34 sehr
2115 2658 114 34 vielen
2253 2658 91 44 fehlt
2369 2658 110 35 ihnen
2504 2658 62 34 der
2585 2659 188 34 Nachiceis
2801 2660 77 33 und
2905 2659 54 34 die
2981 2660 98 47 Spur
3106 2661 95 34 ihres
3228 2661 88 35 Ver-

1799 2708 162 37 bleibens.
2053 2708 59 35 Sie
2140 2709 171 34 erlauben
2338 2710 77 34 sich
2443 2710 123 43 daher,
2596 2710 54 35 die
2678 2711 109 34 ihnen
2814 2710 254 36 unbekannten
3095 2712 225 48 Empfänger

1801 2760 84 34 oder
1916 2761 154 33 Besitzer
2097 2761 141 34 solcher
2265 2761 124 45 Briefe
2416 2761 178 46 ergebenst
2635 2775 44 20 zu
2718 2762 118 43 bitten,
2879 2762 174 35 dieselben
3092 2765 227 34 entweder

1799 2813 49 33 in
1879 2811 245 46 Original,
2152 2813 66 33 das
2248 2813 95 34 nach
2366 2813 219 46 gemachtem
2609 2813 208 35 Gebrauche
2845 2813 165 35 dankbar
3034 2815 286 47 zurückgesandt

1799 2863 143 34 werden
1968 2863 103 42 wird,
2102 2863 106 35 oder
2242 2865 48 33 in
2318 2864 357 45 zuverlässiger
2702 2864 268 46 Abschrift,
3008 2867 308 44 unfrankirt,

1799 2915 114 34 einem
1940 2926 68 23 von
2035 2915 109 34 ihnen
2170 2915 213 35 zuschicken
2411 2928 44 22 zu
2483 2916 138 36 wollen.

1902 2965 186 46 Berlin,
2116 2968 48 33 im
2193 2968 165 34 Februar
2387 2966 111 36 1860.

2374 3028 137 35 JOIK.
2543 3026 161 37 €RÜ§T.
2734 3027 276 47 Droysen,

2083 3078 190 43 Professor
2301 3092 50 21 an
2380 3080 61 33 der
2476 3079 228 42 Universität,
2744 3079 325 36 Victoria-Strasse
3099 3080 63 36 Nr,
3191 3080 75 35 9E.

2217 3139 151 36 Paul
2394 3138 416 37 Mendelssohn
2839 3138 337 48 Rartholdy,

2482 3190 141 43 Jägerst
2628 3201 99 22 rasse
2759 3190 49 34 I\r
2850 3191 59 36 51.

1904 3293 85 35 Alle
2027 3294 40 34 in
2106 3294 121 34 dieser
2255 3294 305 48 Musik-Zeitung
2598 3295 275 45 besprochenen
2901 3295 81 35 und
3010 3295 305 47 angekündigten

1801 3344 224 36 Musicalien
2055 3350 64 30 etc.
2148 3345 92 35 sind
2278 3358 45 22 zu
2358 3345 171 36 erhalten
2563 3346 41 35 in
2632 3345 69 36 der
2728 3350 86 30 stets
2840 3345 227 46 vollständig
3094 3347 222 35 assortirten

1803 3395 462 47 Musicalien-Handlung
2290 3397 81 34 und
2398 3396 242 36 Leihanstalt
2667 3408 73 23 von
2757 3394 311 37 BERNHARD
3087 3396 230 37 BREUER

1802 3445 40 37 in
1871 3446 114 37 Köln,
2014 3446 248 37 Hochstrasse
2289 3446 74 37 Nr.
2392 3450 60 33 97.
