3198 4424
3002 4223 52 26 663

166 68 95 29 stisch
282 70 38 28 ist
341 77 33 21 es
396 69 88 34 doch,
505 71 53 28 mit
578 72 100 27 einem
701 69 168 31 Menschen
891 72 187 34 ehrfürchtig'

165 119 77 29 böse
268 127 37 21 zu
332 120 75 28 sein.
451 120 41 29 Es
520 121 72 34 liegt
616 122 67 28 eine
712 125 64 26 tote
800 122 94 29 Stelle
920 122 157 31 zwischen

166 178 65 25 uns,
249 170 109 29 darauf
373 170 100 30 nichts
489 171 87 30 mehr
593 172 112 30 blähen
720 172 91 35 kann,
828 174 75 29 aber
920 175 59 28 wir
995 174 66 29 brin-

164 228 59 26 gen
246 222 55 29 der
321 221 185 30 Grabstätte
526 231 129 21 unserer
677 222 200 31 Feindschaft
895 224 103 30 Pietät
1023 225 55 29 dar

161 289 39 4 —
246 272 175 29 manchmal
449 275 26 27 in
504 272 91 30 Form
626 283 62 21 von
717 275 114 29 bunten
859 275 218 30 Immortellen.

164 322 49 29 Ob
241 323 55 29 der
322 323 122 30 Doktor
472 325 77 28 auch
576 325 96 30 schon
699 326 61 29 mal
792 329 100 26 etwas
920 326 157 32 ähnliches

163 374 134 33 gedacht
323 374 100 29 haben
450 383 71 26 mag
565 374 40 32 Es
632 377 102 33 bringt
760 377 57 30 mir
844 378 142 28 niemand
1014 385 62 22 von

164 424 61 30 ihm
246 424 117 33 Kunde.
405 425 44 29 So
471 426 70 29 muß
563 435 34 21 es
621 428 76 28 nach
721 428 70 29 dem
811 428 87 29 Tode
922 429 74 34 sein,
1019 431 58 27 wir

163 476 68 28 sind
254 484 56 21 uns
333 477 40 28 im
395 476 105 30 Leben
525 477 96 30 schon
644 480 211 33 gegenseitige
878 479 124 30 Geister
1024 488 35 26 ge-

163 527 140 29 worden.
348 526 41 30 Er
416 529 155 28 erscheint
598 530 58 29 mir
680 530 44 29 oft
751 531 27 28 in
806 529 118 36 Rollen,
951 531 105 29 manch-

161 578 60 28 mal
235 578 46 29 als
297 578 212 35 überlegener,
525 579 132 30 höherer
672 580 95 36 Geist,
786 581 53 29 der
854 583 153 27 verneint.
1023 582 53 31 Als

162 627 115 30 Samiel
305 630 201 29 erschreckte
533 640 33 19 er
593 632 79 29 mich
698 631 118 30 neulich
843 640 49 21 am
919 631 76 31 Ufer
1023 633 54 30 der

162 678 108 37 Spree,
297 680 46 30 als
371 682 45 28 ich
446 682 140 29 heimlich
616 682 52 29 auf
695 683 57 28 den
779 682 128 31 Bischof
935 687 140 28 wartete.

161 730 136 30 Schlank
323 732 38 29 ist
390 741 41 25 er,
469 733 209 33 gemmenhaft
706 735 64 28 sein
798 734 159 35 Schatten,
985 736 73 29 über-

162 782 106 29 rascht
296 791 32 20 er
356 784 80 28 mich
465 784 45 29 als
539 786 84 27 einer
651 786 54 28 der
732 786 198 29 ermordeten
958 786 118 35 Könige

161 831 152 33 Richards
342 835 39 28 im
410 834 124 30 Traum.
583 834 87 30 Habe
708 837 46 28 ich
783 836 215 32 Aehnlichkeit
1037 840 39 27 im

160 882 117 31 Wesen
306 887 54 28 mit
388 886 70 28 d-em
486 885 179 30 Bluthund?
712 886 67 30 Nun
808 889 38 28 ist
874 889 54 29 der
955 889 121 29 Winter

161 936 117 29 meines
306 935 266 35 Mißvergnügens
618 957 38 3 —
703 937 45 30 ich
786 938 80 31 habe
906 948 94 26 sogar
1028 941 47 29 die

160 986 181 30 schlimmen
364 986 144 31 Sommer
527 988 77 29 auch
625 990 56 27 alle
705 990 251 34 durchgemacht.
995 991 80 30 Euer

160 1036 228 35 Shakespeare.

237 1139 94 30 Liebe
355 1139 106 31 Beide.
502 1141 32 30 In
558 1143 100 29 einem
682 1143 189 32 Restaurant
894 1145 55 28 der
969 1144 89 30 Fried-

160 1190 171 30 richstraße
351 1191 55 30 saß
426 1200 93 21 unser
539 1192 129 37 Doktor,
685 1194 178 30 Herwarth.
900 1195 50 28 Ich
969 1195 105 29 wollte

161 1242 70 29 dort
254 1251 56 20 nur
334 1243 242 35 telephonieren,
598 1245 77 30 aber
699 1246 39 29 da
760 1245 47 30 ich
830 1245 48 30 ihn
903 1246 172 34 bemerkte,

160 1293 115 29 schlich
294 1294 49 28 ich
364 1294 50 30 auf
433 1296 47 29 die
503 1296 133 29 Gallerie
658 1299 59 27 und
736 1297 195 30 betrachtete
950 1298 48 29 ihn
1019 1306 56 21 aus

160 1344 56 28 der
242 1344 311 36 Vogelperspektive.
600 1346 40 31 Er
665 1357 68 21 war
760 1347 99 35 allein,
896 1352 87 26 sonst
1021 1358 54 20 nur

160 1395 195 35 abgedeckte
384 1397 121 30 Tische.
553 1398 98 30 Drum
677 1400 122 33 begann
830 1409 32 20 er
891 1400 118 30 wieder
1038 1409 36 21 zu

160 1455 141 22 summen
321 1449 60 29 und
403 1458 35 22 es
452 1458 69 20 war
541 1451 84 28 seine
644 1450 140 35 Stimme,
800 1451 51 30 die
869 1451 71 30 bald
958 1461 37 20 an
1016 1452 58 29 den

160 1497 113 30 Säulen
303 1500 54 31 des
386 1499 90 32 Saals
513 1501 160 30 brandete.
721 1501 50 30 Ich
810 1503 136 33 begreife
984 1503 91 35 nicht,

159 1557 70 22 was
252 1550 50 29 ihn
327 1552 78 28 noch
430 1560 63 21 von
517 1553 57 28 den
598 1552 176 33 Konzerten
799 1553 128 30 abhält?
972 1554 39 30 Er
1037 1556 38 29 ist

158 1601 152 29 natürlich
337 1602 70 29 kein
436 1602 248 37 Heimatsänger,
712 1605 60 29 wie
802 1605 47 29 die
879 1605 195 31 dekorierten

158 1651 97 35 Vögel
284 1653 67 35 alle,
381 1654 255 35 zwitschernder,
666 1656 244 30 musizierender
939 1657 136 30 Blätter-

158 1699 139 35 Wälder.
333 1704 64 30 Des
413 1705 140 30 Doktors
569 1706 130 30 Stimme
715 1709 38 28 ist
768 1708 210 31 stellenweise
996 1709 79 30 noch

159 1755 189 35 ungeheftet,
369 1757 47 28 ich
437 1757 116 29 konnte
574 1759 131 29 manche
724 1767 62 21 von
809 1760 58 28 den
891 1760 182 30 schwarzen

157 1805 112 31 Perlen
294 1809 27 28 in
348 1808 47 29 die
419 1807 91 31 Hand
533 1810 141 29 nehmen.
716 1809 157 32 Wüllners
896 1811 89 29 Töne
1007 1812 67 30 sind

158 1858 59 30 alle
240 1858 96 31 schon
360 1860 152 33 geordnet
536 1861 52 29 auf
612 1861 223 34 Golddrähten,
863 1863 47 29 die
934 1861 120 32 Meeres-

158 1910 126 29 stimme
300 1912 55 28 des
371 1910 139 31 Doktors
527 1914 88 27 wäre
632 1913 52 28 auf
696 1913 86 29 Taue
799 1922 37 21 zu
852 1914 114 29 reihen.
981 1914 93 29 Diese

157 1959 189 32 Erkenntnis
372 1962 89 30 sollte
489 1964 64 29 sein
578 1963 117 30 Lehrer
720 1965 150 29 besitzen.
916 1966 47 29 Du
989 1966 85 29 mußt

158 2011 63 29 ihm
245 2013 47 28 die
315 2013 113 30 letzten
451 2013 126 30 Zweifel
600 2015 140 35 nehmen,
761 2015 177 31 Herwarth.

160 2293 106 62 Dr.
297 2294 150 62 Max
470 2295 239 62 Zerbst:
737 2296 131 74 „die
892 2299 184 62 vierte

161 2374 435 67 Dimension”*

157 2472 91 34 Von
273 2472 38 35 S-
336 2473 510 37 Friedlaender-Halensee

240 2538 122 31 Doktor
392 2539 112 31 Zerbst
536 2542 162 33 exponiert
731 2543 28 29 in
802 2543 101 28 dieser
946 2542 130 35 kleinen,

157 2590 73 29 sehr
251 2591 176 34 treuherzig
447 2592 186 33 abgefaßten
652 2592 115 30 Schrift
787 2594 88 30 einen
896 2594 179 34 Gedanken,

161 2641 54 30 der
245 2650 54 21 zur
327 2641 127 36 Lösung
486 2644 55 30 des
569 2643 163 31 Problems
764 2645 54 29 der
847 2644 134 30 Materie
1013 2645 48 29 bei-

159 2695 109 32 tragen
290 2694 65 29 soll.
398 2693 40 30 Er
461 2695 63 29 will
547 2695 82 30 nicht
650 2695 113 36 finden,
785 2697 135 29 sondern
944 2697 132 33 suchen;

160 2752 35 21 er
219 2744 123 34 fingiert
367 2745 207 35 Hypothesen
595 2766 39 3 —
659 2747 60 29 und
745 2756 88 21 zwar
856 2747 111 35 kühne,
1005 2747 71 30 sehr

158 2799 157 31 gewagte.
357 2796 112 31 Solche
490 2806 63 21 von
578 2799 53 28 der
652 2799 65 34 Art,
740 2801 61 28 wie
824 2801 44 28 sie
890 2799 99 30 sofort
1011 2802 49 27 ent-

160 2846 118 36 stehen,
305 2856 92 22 wenn
426 2849 49 29 die
501 2849 147 30 kritische
675 2850 219 30 Grausamkeit
922 2851 55 30 des
1005 2850 54 29 Gei-

160 2900 66 28 stes
252 2907 100 26 gegen
379 2900 65 29 sich
470 2900 102 29 selber
599 2900 158 37 nachläßt;
783 2903 57 28 wir
865 2902 106 29 hätten
999 2902 78 29 auch

161 2957 95 26 sagen
278 2950 139 29 können:
440 2951 55 30 des
517 2951 281 31 Vertrauens
819 2961 37 21 zu
878 2953 63 29 sich
965 2952 111 30 selber.

160 2998 74 31 Man
259 3000 71 29 muß
355 3001 154 30 durchaus
534 3002 83 29 nicht
642 3004 110 28 immer
778 3006 63 27 erst
866 3004 136 35 sterben,
1027 3012 50 21 um

162 3051 57 30 das
243 3051 104 30 Große
372 3052 161 30 Vielleicht
558 3053 116 30 suchen
701 3062 38 21 zu
765 3054 110 34 gehen.
919 3054 80 30 Herr
1024 3055 53 29 Dr.

161 3101 32 30 Z.
212 3105 123 32 erwägt
356 3104 47 28 ein
423 3103 113 34 großes
557 3104 160 30 Vielleicht
738 3129 5 4 .
765 3129 6 5 .
795 3130 5 5 .
821 3105 156 30 vielleicht
999 3106 78 29 auch

162 3152 98 32 nicht!

237 3204 98 30 Unter
358 3206 54 28 der
433 3206 125 30 Vierten
580 3206 180 31 Dimension
781 3208 55 31 des
858 3207 135 33 Raumes
1014 3208 63 31 will

160 3254 54 31 Dr.
241 3255 32 30 Z.
302 3257 48 29 die
378 3257 255 30 materielle
662 3258 196 34 Körperwelt
886 3260 190 30 verstanden

162 3308 127 29 wissen.
339 3307 204 31 Bekanntlich
574 3309 52 30 hat
658 3310 54 29 der
742 3311 228 33 geometrische
999 3310 59 34 Kör-

162 3366 54 25 per
242 3358 70 30 bloß
341 3361 64 28 drei
432 3359 237 30 Dimensionen:
698 3361 85 30 diese
807 3362 101 29 vierte
934 3362 57 30 soll
1016 3370 61 22 nun

163 3410 137 29 dadurch
325 3410 254 31 charakterisiert
602 3413 75 33 sein,
704 3412 58 29 daß
786 3413 43 29 sie
855 3413 74 35 sich,
952 3415 40 27 im
1016 3413 41 30 Ge-

163 3463 131 31 gensatz
317 3470 54 22 zur
393 3461 176 31 Extensität
593 3464 54 28 der
672 3464 146 34 anderen,
841 3464 235 29 rauminnerlich

163 3512 28 28 in
216 3513 153 28 inteusum
390 3514 128 29 wende:
543 3523 70 20 zum
636 3514 123 30 Punkte
783 3514 50 30 hin
858 3516 60 28 wie
941 3516 47 29 die
1013 3516 64 29 drei

163 3563 136 28 anderen
327 3572 75 20 vom
427 3564 122 30 Punkte
575 3565 70 29 fort.
673 3585 38 2 —
736 3565 130 30 Warum
894 3566 90 30 sollte
1013 3566 64 30 sich

164 3614 80 29 dann
270 3614 81 30 nicht
374 3615 68 35 „die
465 3615 208 35 Perspektive
698 3618 83 29 eines
804 3617 81 29 Par
897 3626 16 20 a
927 3617 28 30 11
968 3618 57 29 eli
1038 3626 14 21 s
1065 3637 12 5 -

163 3673 31 20 m
207 3673 17 20 u
237 3673 15 21 s
277 3666 157 29 zwischen
461 3668 58 28 den
545 3668 92 29 drei
662 3669 388 33 Aggregativstän-

164 3718 76 28 den
260 3714 88 37 (Gas,
367 3716 195 36 Flüssigkeit,
581 3718 110 31 Fester
709 3716 133 38 Körper)
863 3720 54 29 der
934 3719 143 35 Materie,

164 3767 67 29 also
253 3768 54 29 der
325 3767 394 38 Raumintensität,
741 3772 162 29 einerseits
922 3770 60 30 und
1001 3771 57 29 zwi-

164 3818 95 31 schen
284 3819 58 28 den
367 3819 93 28 drei
485 3819 314 31 Dimensionen
824 3818 107 38 (Linie,
954 3820 123 35 Fläche,

164 3868 254 31 Geometrischer
447 3867 179 37 Körper)
655 3871 53 30 der
735 3871 260 34 Raumintensität
1024 3880 36 22 an-

374 3920 131 29 auftun?
635 3921 63 30 Der
715 3922 139 30 Punkt
872 3920 116 38 (Atom,
1007 3922 53 30 Ein-

165 3970 72 35 heit,
256 3968 154 37 Element)
433 3973 38 28 ist
494 3972 65 29 also
583 3972 100 29 sehr
706 3974 235 34 unontologisch
963 3982 95 21 vorzu-

167 4022 119 35 stellen,
318 4022 71 30 sehr
421 4022 150 34 variabel,
602 4023 181 29 absolut
815 4024 260 34 beweglich.

164 4090 39 4 —
229 4071 56 31 Die
312 4072 260 33 Raumintensität
605 4070 159 37 (Materie)
797 4074 62 35 hat,
894 4075 163 34 möglbher-

164 4168 147 27 *München
336 4170 62 25 1909
418 4168 181 27 Steinebach's
618 4170 97 31 Verlag

1159 70 106 33 weise,
1284 70 29 29 in
1333 71 57 28 den
1408 70 198 34 Strahlungs-
1625 73 60 27 und
1705 71 344 36 Schwingungserschei-

1159 127 121 26 nungen
1298 120 84 30 ihren
1401 122 120 29 vierten
1539 122 302 34 Aggregatzustand.
1856 143 37 3 —
1910 124 68 29 Und
1994 125 57 28 end-

1159 169 72 29 lich:
1262 171 141 29 derselbe
1432 174 162 28 extensive
1622 173 98 32 Raum
1747 174 80 30 kann
1853 177 134 27 intensiv
2015 184 54 20 zur

1158 220 106 30 selben
1295 221 66 30 Zeit
1390 223 190 33 unbegrenzt
1610 224 78 29 viele
1717 225 225 29 verschiedene
1972 228 78 27 mate-

1159 272 84 29 rielle
1269 271 170 35 Bildungen
1465 273 166 30 enthalten.
1778 293 38 6 —

1233 322 40 30 Es
1301 324 39 29 ist
1366 324 237 31 anzuerkennen
1631 327 59 28 und
1716 325 268 38 hervorzuheben,
2012 327 57 29 daß

1158 374 47 28 die
1227 373 119 35 Gestik,
1367 376 54 28 mit
1442 376 53 29 der
1515 384 56 21 uns
1593 376 84 31 diese
1698 376 369 33 Wahrscheinlichkeiten

1159 424 219 31 demonstriert
1409 427 135 33 werden,
1575 428 115 33 tüchtig
1719 430 61 28 und
1806 437 173 28 gemessen,
2009 431 60 29 fast

1156 493 38 5 —
1210 475 49 30 bei
1277 476 75 30 aller
1369 477 202 30 verhaltenen
1589 477 230 31 Schwärmerei
1834 499 38 3 —
1888 481 182 33 pedantisch

1159 527 172 33 ausgefüllt.
1374 527 41 31 Es
1439 529 38 29 ist
1500 529 140 29 wirklich
1663 531 28 27 in
1715 531 101 28 dieser
1838 530 159 35 Methode,
2022 533 47 29 die

1159 585 36 21 zu
1214 586 36 21 so
1270 579 253 29 märchenhaften
1544 579 179 33 Resultaten
1744 581 90 35 führt,
1853 583 46 28 ein
1920 583 131 34 gescheu-

1159 630 47 28 ter
1230 628 73 35 Zug.
1349 629 51 30 Dr.
1427 630 30 29 Z.
1486 631 125 30 rechnet
1638 633 88 28 dabei
1756 633 153 30 durchaus
1937 635 52 28 mit
2017 635 53 28 der

1158 678 219 35 Eventualität,
1404 681 57 29 daß
1489 691 32 19 er
1550 682 63 29 sich
1642 684 69 33 irre,
1737 684 59 28 und
1823 684 168 34 behauptet
2018 687 51 27 mit

1159 731 85 29 recht
1264 732 77 28 auch
1361 733 56 28 den
1439 731 110 31 Irrtum
1568 734 46 30 als
1634 734 45 28 ein
1701 733 166 31 Fordernis
1886 738 52 27 der
1958 736 89 29 Wahr-

1159 781 70 30 heit.
1269 783 81 28 Aber
1369 792 70 20 man
1460 784 66 28 darf
1548 785 46 28 die
1617 785 95 34 Kraft,
1731 786 97 30 selbst
1848 786 203 30 außerordent-

1159 833 56 28 lich
1246 835 186 32 geistreiche
1463 837 60 28 und
1552 835 273 35 verhängnisvolle
1855 837 120 35 Fragen
2005 839 49 28 auf-

1159 885 168 32 zuwerfen,
1365 886 48 28 die
1441 887 54 28 der
1523 887 201 33 vorliegende
1752 887 139 32 Versuch
1930 889 141 35 betätigt,

1158 934 198 35 keineswegs
1385 937 241 30 überschätzen!
1673 938 173 30 limmerhin
1872 942 107 28 verrät
2006 940 65 29 sich

1157 985 65 30 hier
1251 988 47 28 ein
1325 987 71 31 sehr
1434 990 223 28 interessanter
1692 991 147 33 geistiger
1866 989 131 33 Habitus
2034 1011 37 3 —

1159 1037 169 34 „Absolute
1578 1041 44 29 als
1648 1041 144 29 oberstes
1814 1041 124 34 Prinzip
1963 1061 36 4 •—
2023 1044 47 28 ein

1159 1088 258 36 überlebendiges
1441 1090 155 30 Erlebnis!
1641 1091 63 30 Der
1728 1091 102 31 Punkt
1853 1094 45 30 als
1923 1095 67 28 eine
2015 1096 56 27 Art

1158 1138 227 38 Doppelpunkt,
1410 1150 61 21 von
1494 1143 284 33 antagonistischen
1803 1143 191 35 Richtungen
2018 1146 35 28 be-

1159 1191 122 29 stritten
1312 1210 38 3 —
1381 1193 46 28 ein
1459 1193 187 33 polares,
1688 1194 66 29 also
1785 1194 126 31 äußerst
1954 1196 117 35 echtes,

1158 1242 191 30 sinnreiches
1371 1242 148 35 Erlebnis,
1542 1245 55 28 das
1621 1246 118 28 danach
1762 1249 133 30 angetan
1917 1248 46 34 ist,
1985 1249 85 31 jener

1157 1291 315 37 Ueberlebendigkeit
1500 1296 66 29 eine
1595 1296 155 30 maßvolle
1777 1296 92 30 Form
1897 1307 37 20 zu
1960 1298 109 34 geben.

1234 1345 83 29 Aber
1335 1345 79 30 Herr
1433 1346 52 29 Dr.
1502 1346 31 29 Z.
1552 1347 97 29 selbst
1666 1349 109 28 würde
1792 1349 64 29 sich
1874 1350 78 29 doch
1971 1358 99 26 gegen

1158 1397 171 32 gutmütige
1356 1396 212 36 Zustimmung
1597 1399 196 29 verwahren.
1841 1399 42 30 Es
1910 1400 70 29 muß
2011 1401 61 29 ihm

1160 1446 76 34 also,
1253 1446 102 31 Punkt
1373 1456 50 21 um
1440 1448 110 35 Punkt,
1571 1449 105 30 scharf
1695 1450 50 29 auf
1764 1451 47 28 die
1829 1450 111 35 Finger
1958 1452 114 35 gepaßt

1159 1498 138 29 werden.
1343 1498 63 29 Vor
1433 1500 89 28 allem
1547 1501 110 30 würde
1686 1501 64 30 sich
1778 1502 78 29 doch
1885 1503 47 30 die
1960 1502 89 31 Bewe-

1158 1556 92 27 gung,
1272 1552 44 27 sei
1341 1552 44 29 sie
1406 1559 59 21 nun
1489 1552 122 29 absolut
1632 1552 76 29 oder
1732 1552 90 35 nicht,
1846 1554 45 30 als
1914 1552 131 32 Erleb-

1159 1601 74 34 nis,
1263 1601 45 29 als
1339 1602 312 32 persönliches
1677 1602 124 31 Elebnis
1830 1604 242 30 kennzeichnen.

1158 1649 187 36 Degleichen
1370 1652 108 36 Raum,
1502 1653 75 35 Zeit,
1603 1653 188 36 Dimension,
1817 1654 137 37 'Materie,
1979 1656 90 36 alles;

1159 1702 77 29 auch
1267 1704 53 29 der
1349 1703 111 30 Punkt.
1511 1703 119 31 Ohne
1661 1707 149 29 dieses
1839 1707 231 34 Ausgehen

1159 1762 94 20 vom
1295 1756 181 33 eigenen
1515 1757 319 32 persönlichen
1865 1757 206 31 Erlebnis

1161 1804 71 30 hat
1255 1814 88 20 man
1364 1809 73 31 gut
1458 1808 388 33 philosophieren!
1888 1808 93 31 Man
2003 1810 70 29 hat

1162 1856 73 30 das
1284 1856 351 35 Hauptproblem
1686 1868 247 26 umgangen,
1985 1869 87 21 was

1158 1908 124 28 einen
1312 1909 249 34 überhaupt
1591 1911 73 29 das
1691 1919 136 25 ganze
1856 1911 112 35 Zeug
1998 1921 48 20 an-

1163 1959 113 33 gehe.
1321 1959 42 29 Zu
1390 1960 139 30 Gunsten
1556 1961 51 29 Dr.
1631 1961 59 30 Z.'s
1716 1961 62 30 läßt
1803 1963 63 29 sich
1893 1963 181 34 annehmen,

1163 2018 33 20 er
1214 2010 79 30 habe
1314 2011 116 34 dieses
1430 2011 174 34 Urproblem
1625 2015 27 26 in
1675 2015 101 28 seiner
1795 2014 119 28 kleinen
1937 2014 120 34 Spezial-

1164 2061 107 30 schrift
1292 2062 241 35 stillschweigen
1554 2064 112 29 lassen.
1704 2064 88 30 Dann
1813 2065 103 30 müßte
1938 2066 53 29 der
2010 2065 50 33 Kri-

1165 2112 76 29 tiker
1265 2114 65 28 sich
1357 2114 46 28 die
1428 2115 246 33 entsprechende
1701 2115 249 35 Zurückhaltung
1975 2117 85 28 aufer-

1163 2162 88 34 legen
1270 2183 38 2 —
1327 2166 59 27 und
1404 2167 60 27 wie
1486 2166 56 29 soll
1563 2167 88 34 dann,
1670 2168 48 28 bei
1737 2175 34 21 so
1790 2168 206 34 gewichtigen
2016 2168 38 29 Be-

1162 2215 192 34 schluiissen,
1376 2216 47 28 die
1441 2216 230 36 Entscheidung
1691 2218 90 30 strikt
1802 2218 173 30 ausfallen?
1994 2219 66 29 Viel-

1161 2265 92 30 leicht
1279 2269 177 32 erzwingen
1481 2268 46 28 die
1553 2269 145 34 anderen,
1722 2271 57 27 mir
1804 2270 190 29 einstweilen
2022 2279 35 20 un-

1161 2316 176 30 bekannten
1361 2317 116 30 Werke
1500 2319 53 29 Dr.
1578 2319 58 30 Z.'s
1664 2321 92 28 deren
1781 2320 173 35 Stringenz.

1239 2368 59 28 Um
1321 2377 33 23 es
1375 2369 136 34 sogleich
1535 2379 36 20 zu
1594 2379 111 25 sagen:
1730 2371 52 30 Dr.
1803 2371 40 36 Z.,
1867 2380 34 21 so
1925 2372 77 29 nahe
2025 2372 51 29 auf

1163 2419 57 28 den
1237 2418 276 36 Raumpunkt
1533 2423 64 28 sein
1618 2423 198 33 Augenmerk
1838 2423 147 33 richtend,
2003 2432 53 20 ver-

1161 2469 95 30 kennt
1282 2471 140 29 dennoch
1448 2473 47 28 die
1518 2472 151 30 Polarität
1693 2474 54 29 des
1771 2473 126 36 Raums,
1920 2476 155 27 trotzdem

1163 2529 33 21 er
1217 2521 57 29 den
1295 2531 50 19 um
1368 2524 104 28 diesen
1491 2524 103 28 Punkt
1615 2525 252 29 entbrennenden
1889 2526 167 33 Antagonis-

1162 2580 68 22 mus
1279 2573 55 30 des
1373 2575 241 29 dimensionalen
1645 2575 429 35 Richtungs-Unterschiedes

1163 2631 34 20 so
1220 2623 132 30 deutlich
1373 2625 151 33 gewahrt.
1562 2625 41 30 Es
1622 2626 107 31 erhellt
1751 2628 64 29 dies
1836 2628 95 29 schon
1952 2629 122 35 daraus,

1163 2674 57 29 daß
1244 2684 33 20 er
1303 2676 117 29 überall
1456 2685 62 20 von
1544 2677 153 35 Richtung
1731 2681 118 27 anstatt
1885 2688 74 20 vom
1984 2679 72 31 Rich-

1162 2728 311 31 tungsunterschiede
1499 2729 125 33 spricht.
1650 2728 203 31 Zarathustra
1877 2731 54 28 mit
1957 2731 116 29 seinem

1162 2776 78 36 „Um
1263 2778 86 31 jedes
1371 2778 74 30 Hier
1471 2780 69 30 rollt
1564 2780 83 30 siech
1672 2782 47 28 die
1745 2780 96 35 Kugel
1998 2781 76 35 „Die

1160 2826 129 31 Mitte
1317 2831 39 28 ist
1557 2831 86 29 hätte
1673 2832 105 30 diesen
1809 2832 154 30 ehrlichen
1992 2832 81 30 alten

1159 2877 284 34 Nietzschekenner
1470 2882 78 29 doch
1574 2883 210 29 aufmerksam
1811 2884 129 28 machen
1967 2883 106 34 sollen,

1162 2930 57 29 daß
1248 2930 246 32 Extension
1524 2933 87 33 polar
1640 2942 37 21 zu
1705 2934 168 29 verstehen
1902 2935 59 29 sei!
2010 2933 63 30 Der

1163 2980 198 35 Raumpunkt
1392 2984 175 33 polarisiert
1598 2993 79 25 ganz
1707 2985 279 30 evidentermaßen
2021 2985 47 29 die

1161 3031 279 33 Raumextensität.
1485 3035 43 29 Im
1553 3034 121 31 Punkte
1698 3036 211 29 konzentriert
1935 3037 64 28 sich
2026 3037 47 28 die

1160 3083 243 38 Differenz,
1430 3087 47 29 die
1501 3085 153 35 polare
1678 3086 210 35 Zerstreuung
1914 3088 54 30 des
1991 3087 61 32 Rau-

1161 3143 74 22 mes.
1278 3135 169 31 Extension
1474 3139 39 28 ist
1538 3138 66 29 also
1631 3138 98 29 nichts
1756 3147 75 20 vom
1855 3138 122 29 Punkte
2002 3138 70 35 fort,

1161 3187 134 29 sondern
1315 3188 123 33 polar
1458 3197 75 20 vom
1554 3188 121 30 Punkte
1695 3198 55 22 aus
1771 3189 211 29 Gerichtetes:
2006 3198 44 20 re-

1160 3237 211 30 flektiert
1390 3239 66 30 also
1476 3240 184 29 wesentlich
1679 3241 115 28 bereits
1813 3241 52 28 auf
1885 3241 58 28 den
1961 3240 112 29 Punkt.

1162 3287 190 36 Entfernung
1396 3290 109 29 ohne
1547 3290 331 35 Wiederannäherung
1913 3286 45 37 (ist
2000 3292 67 29 eine

1160 3339 117 31 falsche
1302 3340 214 36 Abstraktion,
1540 3343 47 28 ein
1613 3342 106 30 halber
1745 3341 96 30 Blick.
1885 3342 82 29 Der
1994 3342 52 29 Ge-

1159 3394 187 30 gensatz
1373 3392 181 30 besteht
1578 3394 97 28 also
1700 3393 120 29 nicht
1848 3392 224 30 zwischen

1158 3439 246 33 Extension
1436 3445 79 28 und
1544 3443 242 35 Intension,
1815 3445 189 28 sondern
2034 3447 38 28 in

1159 3492 74 29 der
1258 3492 244 31 Extension
1531 3495 157 34 selber,
1717 3495 60 29 und

1160 3544 39 29 ist
1227 3545 47 28 die
1298 3544 152 30 Funktion
1477 3546 55 30 des
1558 3545 149 35 Punktes,
1735 3547 53 28 der
1816 3546 49 29 ihn
1891 3546 181 34 ausgleicht.

1158 3594 115 30 Nähe
1297 3604 26 20 z.
1347 3595 35 30 B.
1405 3596 239 30 indifferenziert
1668 3594 41 35 (in
1735 3598 106 33 irgend
1865 3598 84 28 einer
1970 3596 101 35 Figur,

1160 3646 100 28 einem
1288 3643 146 38 Symbol)
1461 3648 46 28 die
1537 3648 203 30 dia-bolische
1766 3647 145 35 Ferne,
1939 3649 39 28 ist
2005 3648 66 28 also

1160 3696 69 30 kein
1262 3697 179 34 Gegensatz
1470 3707 37 20 zu
1539 3699 53 35 ihr,
1624 3700 133 28 sondern
1791 3699 47 29 die
1867 3699 205 33 Versöhnung

1159 3747 80 30 ihrer
1264 3747 323 36 Selbst-Opposition!
1634 3749 69 30 Wie
1730 3751 55 28 das
1810 3749 78 33 Kind
1914 3750 69 29 kein
2010 3749 41 29 Ge-

1159 3801 132 31 gensatz
1322 3800 54 29 der
1405 3799 113 36 Eltern,
1549 3802 135 28 sondern
1718 3801 54 28 das
1803 3800 181 34 Symbol
2016 3800 55 29 des

1159 3849 184 34 Ausgleichs
1369 3851 81 29 ihrer
1479 3850 156 31 Differenz
1662 3852 39 29 ist
1730 3848 89 35 (oder
1848 3852 64 28 sein
1943 3847 128 36 sollte!).

1159 3899 52 30 Dr.
1230 3899 30 31 Z.
1279 3901 132 29 beraubt
1426 3902 64 29 sich
1509 3901 66 31 also
1595 3902 145 34 dadurch,
1758 3902 57 29 daß
1835 3911 32 20 er
1884 3902 57 29 den
1961 3902 109 28 echten

1159 3950 148 33 Kontrast
1334 3953 29 28 in
1389 3953 87 28 einen
1502 3953 137 29 falschen
1667 3953 164 34 verblickt,
1860 3953 54 28 der
1942 3951 128 30 wahren

1159 4001 238 31 Fruchtbarkeit
1434 4004 103 30 seines
1568 4003 289 35 gedankenreichen
1885 4002 185 34 Beginnens.

1159 4052 65 31 Das
1244 4053 45 35 „V
1302 4062 18 20 o
1333 4062 30 19 m
1381 4053 25 29 P
1417 4062 18 20 u
1448 4062 17 20 n
1477 4054 20 29 k
1508 4056 11 26 t
1533 4063 16 20 e
1697 4054 116 29 enthält
1835 4054 58 30 den
1914 4053 157 29 echten

1159 4102 158 37 Kontrast,
1361 4104 170 34 Richtungs
1544 4122 12 5 -
1568 4104 214 34 Unterschied,
1829 4103 139 30 welchen
2015 4103 56 29 das

1161 4152 115 35 „Zum
1305 4153 169 31 Punkte
1626 4156 28 28 in
1684 4154 157 30 zahllosen
1871 4153 198 30 Variationen

2149 77 231 31 harmonisiert:
2407 79 59 31 Um
2491 82 89 30 jeden
2609 82 101 31 Punkt
2738 87 120 28 streitet
2887 87 46 29 die
2961 85 75 35 (anti-

2149 129 146 32 podische
2314 130 95 34 Kugel
2426 130 119 31 Dort!
2562 132 115 32 Ferner
2695 136 102 28 lassen
2815 136 64 30 sich
2895 145 61 22 am
2971 138 60 33 Räu-

2148 186 49 21 me
2209 179 252 36 Ausmessungen
2476 183 191 30 vornehmen
2678 202 28 5 —
2720 186 74 28 aber
2811 187 53 29 der
2879 186 98 33 Raum
2991 190 8 28 i
3013 197 16 21 s
3040 191 11 27 f-

2149 229 89 29 keine
2256 230 223 36 Ausmessung.
2517 232 74 31 Man
2611 234 185 32 konstatiert
2818 245 18 21 a
2848 246 17 20 n
2888 239 55 28 der
2962 247 72 26 soge-

2150 283 132 27 nannten
2486 282 188 37 Dimension,
2700 287 47 29 die
2773 287 57 31 das
2855 287 116 31 Wesen
2997 291 54 30 des

2150 329 134 33 Raumes
2312 334 169 34 ausmacht,
2508 334 128 37 Punkte,
2665 336 112 36 Linien,
2804 338 146 37 Flächen;
2987 340 44 29 Fi-

2150 389 49 25 gu
2213 390 21 26 r,
2260 382 150 30 Grenzen.
2455 385 81 29 Aber
2561 387 83 29 diese
2671 387 142 30 Grenzen
2839 390 59 28 und
2923 389 130 35 Figuren

2150 433 76 32 sind,
2254 433 79 29 ohne
2360 433 85 30 Tiefe
2474 437 191 34 vorgestellt,
2694 439 181 33 unmöglich.
2921 440 42 31 Es
2989 441 64 33 gibt

2150 491 56 25 gar
2238 482 109 31 keinen
2378 487 290 30 eindimensionalen
2700 487 107 37 Raum,
2848 498 55 26 gar
2943 491 110 29 keinen

2151 535 338 37 zweidimensionalen;
2522 538 75 29 oder
2627 539 55 29 soll
2712 540 77 29 auch
2820 541 153 30 vielleicht
3001 543 54 28 der

2152 583 99 31 Punkt
2279 586 45 28 ein
2351 586 298 32 nulldimensionaler
2677 589 89 30 sein?
2790 609 39 4 —
2853 590 64 31 Das
2943 593 39 29 ist
3008 594 47 27 ein

2150 635 133 30 schiefer
2305 635 87 31 Blick
2418 638 45 29 für
2501 639 56 29 das
2588 640 89 30 allein
2702 640 155 33 Konkrete
2893 642 56 30 des
2975 642 60 33 Rau-

2152 694 75 26 mes,
2253 689 84 28 seine
2361 687 43 35 „T
2416 689 36 28 ie
2463 689 11 29 112
2574 689 93 31 Diese
2692 691 88 30 Tiefe
2802 691 51 30 hat
2877 693 178 30 Dimension

2152 738 60 28 und
2234 746 86 21 zwar
2341 740 160 34 polare,
2526 741 26 28 d.
2575 741 28 29 h.
2627 742 50 29 auf
2700 743 87 28 einen
2809 742 228 36 Richtungs-Un-

2154 788 152 29 terschied
2330 788 149 35 gehende.
2521 791 32 29 In
2575 792 136 29 welcher
2735 792 106 31 Weise
2867 795 83 30 diese
2970 794 86 31 Tiefe

2152 839 55 29 des
2233 839 136 32 Raumes
2395 841 110 29 nach
2531 842 75 30 Art
2635 844 72 28 der
2734 844 324 36 Stereoskopie

2151 889 248 37 komponierbar,
2426 891 144 36 flaßtibel,
2596 893 172 30 deklinabel
2793 896 116 35 werde,
2933 895 124 35 speziell

2153 948 36 21 zu
2215 942 242 36 verdeutlichen,
2481 943 72 34 geht
2576 944 65 30 hier
2663 945 82 29 nicht
2770 953 53 29 an;
2849 947 74 29 aber
2947 948 95 33 prinzi-

2154 992 67 32 piell
2241 992 70 29 muß
2331 1001 99 27 gegen
2449 994 47 29 die
2515 995 136 35 saloppe,
2670 998 311 32 metageometrische
2998 997 40 30 Be-

2154 1044 278 33 trachtungsweise
2462 1046 269 31 nachdrücklichst
2761 1048 123 33 geltend
2915 1047 143 35 gemacht

2152 1094 137 34 werden,
2314 1094 57 30 daß
2394 1097 43 29 sie
2460 1105 86 21 zwar
2569 1098 154 29 vielleicht
2747 1098 311 31 Dimensionen

2153 1145 72 29 der
2245 1145 123 31 Tiefe
2388 1147 183 36 berechnen,
2592 1148 117 34 logisch
2732 1149 189 31 erschließen
2941 1150 116 36 könne;

2154 1195 75 30 aber
2259 1198 46 27 nie
2336 1197 59 29 und
2425 1199 129 28 nimmer
2582 1218 39 2 —
2648 1200 141 29 welchen
2818 1201 174 30 Aberwitz!
3022 1219 38 5 —

2155 1246 228 38 Dimensionen,
2413 1249 92 29 deren
2537 1250 90 29 dritte
2658 1251 47 28 die
2733 1251 85 30 Tiefe
2846 1254 96 28 wäre.
2990 1251 69 31 Wie

2154 1298 44 28 oft
2216 1299 116 29 wissen
2354 1298 141 33 Rechner
2512 1308 56 26 gar
2587 1301 90 35 nicht,
2696 1310 87 21 was
2805 1303 43 28 sie
2869 1303 189 30 berechnen!

2154 1348 41 29 In
2227 1349 90 29 sich
2359 1351 38 28 ist
2427 1350 203 31 Mathematik
2668 1353 208 36 agodiktisch;
2926 1362 107 26 ange-

2154 1401 153 34 wandt,
2334 1401 80 29 kann
2441 1403 43 29 sie
2510 1402 47 30 bis
2584 1411 53 21 zur
2664 1403 216 30 Verrücktheit
2907 1404 153 31 urteilslos

2155 1453 59 28 und
2235 1453 72 32 irrig
2327 1453 127 28 werden
2474 1454 59 28 und
2552 1454 167 29 obendrein
2738 1456 54 27 mit
2813 1456 53 28 der
2883 1454 102 32 Miene
3006 1456 54 29 der

2154 1500 233 32 Unfehlbarkeit
2414 1522 38 4 —
2479 1505 60 28 wie
2570 1505 55 30 das
2655 1505 159 30 Schicksal
2843 1507 52 28 der
2926 1506 115 30 Goethe-

2155 1553 94 29 schen
2276 1553 208 31 Farbenlehre
2511 1556 134 34 tragisch
2672 1557 146 29 beweist!

2230 1604 79 30 Herr
2332 1604 53 30 Dr.
2405 1605 31 29 Z.
2457 1606 62 29 läßt
2540 1606 63 29 sich
2626 1615 62 21 von
2712 1608 115 29 seinem
2850 1608 210 29 Widerwillen

2154 1663 99 26 gegen
2281 1655 165 35 Ontologie
2472 1665 54 21 zur
2551 1657 184 34 Hypothese
2761 1660 54 28 des
2840 1658 142 35 Prinzips
3008 1660 53 28 der

2155 1707 180 33 „absoluten
2581 1709 155 29 hinreißen
2758 1710 60 28 und
2840 1710 121 33 vergißt
2983 1710 78 29 auch

2155 1757 64 30 hier
2243 1759 74 29 über
2342 1759 53 29 der
2419 1759 152 35 Richtung
2593 1761 56 28 den
2672 1759 393 36 Richtungs-Unterschied

2157 1809 59 28 und
2237 1809 111 29 dessen
2370 1811 126 32 polaren
2515 1809 89 33 Sinn;
2626 1811 140 34 obgleich
2786 1820 41 26 er,
2849 1813 61 28 wie
2931 1814 47 27 ein
2998 1821 63 20 von

2156 1860 60 28 ihm
2246 1860 213 33 aufgestelltes
2488 1861 133 30 Schema
2649 1863 89 33 zeigt,
2778 1863 80 28 dann
2888 1863 96 30 selbst
3012 1863 51 29 auf

2155 1910 192 31 Polarismus
2363 1914 97 31 gerät.
2479 1912 42 30 Es
2539 1914 63 32 gibt
2622 1914 144 33 nirgends
2784 1913 180 35 Bewegung
2983 1914 79 29 ohne

2157 1962 295 35 Gegenbewegung,
2479 1964 60 28 und
2562 1963 52 30 Dr.
2639 1963 31 29 Z.
2693 1964 90 30 sollte
2808 1966 28 27 in
2862 1965 53 29 der

2157 2015 103 27 seinen
2462 2015 63 29 sein
2778 2016 284 30 wiedererkennen,

2156 2063 168 31 Extension
2355 2067 39 28 ist
2423 2066 47 29 die
2499 2065 154 30 Differenz
2684 2067 55 29 des
2768 2066 153 36 Punktes;
2950 2067 91 28 Bewe-

2155 2124 82 25 gung
2261 2116 47 29 die
2331 2116 155 29 Differenz
2510 2118 52 28 der
2745 2119 131 28 deren
2900 2118 136 29 media-

2157 2167 61 28 ler
2246 2166 480 31 Indifferenzzustand
2755 2177 73 26 gar
2856 2168 120 30 nicht
3004 2170 40 28 le-

2157 2218 159 33 bendig
2346 2227 137 26 genug
2514 2220 188 33 gedacht
2733 2220 175 29 werden
2938 2220 124 29 kann:

2157 2269 179 29 absolut
2356 2270 207 34 lebendig
2580 2289 39 4 —
2636 2270 103 29 aber
2759 2272 143 28 immer
2922 2270 147 35 polari

2156 2320 75 29 Also
2247 2321 100 28 einem
2365 2320 244 32 Kontraste
2624 2321 123 34 geltend
2764 2323 59 27 und
2840 2322 46 30 für
2904 2322 48 30 ihn
2970 2321 75 30 wirk-

2159 2379 74 20 sam.
2284 2371 64 31 Das
2379 2371 197 30 Element
2608 2371 103 32 müßte
2742 2372 78 31 Herr
2851 2372 52 30 Dr.
2935 2372 30 30 Z.
2997 2373 66 30 also

2157 2422 82 28 nicht
2261 2422 70 29 bloß
2353 2424 139 28 variabel
2514 2423 128 34 denken,
2665 2424 134 29 sondern
2821 2424 77 29 auch
2919 2423 150 30 einsehetr

2157 2474 113 33 lernen,
2292 2473 56 30 daß
2371 2474 83 29 diese
2474 2474 192 30 Variabilität
2688 2475 52 29 auf
2758 2477 99 28 etwas
2877 2474 186 31 Polares

2156 2524 152 34 gerichtet
2333 2526 47 28 ist.

2230 2575 85 29 Nach
2344 2576 131 29 alledem
2504 2577 127 28 werden
2659 2578 57 28 wir
2747 2577 46 29 die
2822 2575 130 31 Materie
2982 2576 80 29 nicht

2155 2626 47 29 für
2227 2629 102 27 etwas
2355 2627 53 30 der
2432 2626 167 31 Extension
2625 2629 311 32 entgegengesetztes
2962 2627 83 29 Inten-

2156 2678 95 34 sives,
2269 2679 133 28 sondern
2423 2678 47 29 für
2488 2681 99 27 etwas
2608 2687 54 21 aus
2683 2679 53 29 der
2755 2678 155 29 Differenz
2930 2679 53 28 der
3001 2678 40 29 Ex-

2157 2730 119 28 tension
2303 2730 239 31 resultierendes
2568 2729 208 30 Intensiveres
2799 2730 103 29 halten
2926 2731 135 30 müssen,

2156 2778 84 30 Oder
2265 2780 113 31 anders
2400 2782 124 33 gesagt:
2550 2780 212 30 Wirklichkeit
2786 2781 38 28 ist
2849 2780 212 29 medialer

2155 2831 46 28 als
2221 2831 226 33 geometrische
2468 2831 176 30 Phantasie.

2230 2881 209 35 Ueberhaupt,
2469 2890 35 21 so
2532 2882 198 29 unfruchtbar
2761 2883 46 28 die
2834 2881 90 30 bloße
2952 2881 90 35 „Rich-

2270 2935 47 33 ist,
2338 2942 35 21 so
2392 2933 162 29 unendlich
2569 2933 238 33 fruchbringend
2826 2933 60 29 und
2905 2933 155 33 steigernd

2154 2984 93 28 wirkt
2265 2985 47 28 die
2332 2984 169 29 Grenze
2521 2985 84 28 eines
2625 2983 435 35 Richtungs-Unterschiedes.

2155 3035 64 29 Aus
2238 3036 53 28 der
2310 3034 157 30 Differenz
2482 3036 80 28 wird
2578 3032 73 35 (wie
2670 3044 54 20 aus
2743 3031 124 38 Eltern),
2887 3036 27 30 je
2933 3033 126 34 reicher,

2155 3087 28 30 je
2215 3087 205 34 spannender,
2449 3088 28 30 je
2508 3086 320 32 infinitesimal
2841 3094 52 25 er,
2935 3085 120 33 pdlarer

2155 3138 43 28 sie
2221 3138 48 33 ist,
2293 3138 47 28 ein
2362 3137 141 32 Resultat
2527 3139 27 26 in
2578 3138 107 27 immer
2706 3138 238 33 gesteigerterer
2968 3135 90 30 Form

2156 3188 155 29 erblühen.
2352 3189 82 28 Aber
2456 3196 70 21 man
2549 3187 69 30 muß
2642 3189 57 28 den
2720 3187 86 29 Blick
2828 3188 47 28 für
2898 3187 47 30 die
2965 3186 78 29 Diffe-

2155 3247 73 21 renz
2256 3239 115 29 haben!
2420 3239 41 28 So
2491 3239 64 34 gibt
2586 3248 33 21 es
2648 3239 109 28 keinen
2789 3238 105 33 Raum,
2926 3238 132 29 sondern

2155 3291 66 28 eine
2251 3290 104 33 polare
2383 3289 256 33 Raumdifferenz.
2688 3289 69 29 Und
2794 3297 61 21 von
2885 3297 78 21 vorn
2990 3288 51 28 her-

2157 3342 46 28 ein
2235 3342 39 28 ist
2305 3340 234 30 Unendlichkeit
2571 3342 66 27 eine
2667 3339 159 35 Polarität,
2858 3339 89 29 keine
2979 3338 59 29 Sim-

2154 3393 125 33 plizität.
2322 3393 75 28 Also
2424 3393 55 29 das
2503 3392 149 28 Absolute
2677 3387 258 36 (Unendlichkeit)
2962 3389 95 31 selbst

2154 3444 38 28 ist
2232 3443 122 33 polar
2391 3452 37 20 zu
2468 3443 134 35 denken;
2642 3441 121 34 folglich
2802 3441 159 35 „absolute
2999 3440 38 28 Be-

2348 3493 115 34 polare.
2524 3493 52 28 Dr.
2619 3492 31 29 Z.
2691 3493 38 28 ist
2771 3493 28 30 ja
2841 3493 145 33 genötigt,
3029 3492 26 27 in

2153 3547 84 27 seine
2267 3546 141 28 absolute
2436 3544 180 34 Bewegung
2645 3544 46 28 ein
2965 3550 90 20 wenn

2153 3596 77 29 auch
2256 3597 47 28 ein
2331 3596 165 33 variables,
2524 3594 212 30 einzusetzen!
2783 3593 157 29 Variation
2966 3590 72 34 (Pro-

2153 3648 96 32 teität,
2291 3642 266 37 Metamorphose)
2599 3647 37 27 ist
2679 3645 83 33 aber,
2804 3645 101 33 präzis
2947 3643 90 29 durch-

2152 3697 100 34 dacht,
2274 3698 153 33 polare
2448 3697 157 28 Identität:
2627 3696 184 29 Andersheit
2832 3697 38 26 ist
2891 3694 164 29 entzweite

2152 3747 169 35 Selbigkeit
2343 3767 38 3 —
2405 3748 117 33 pardon
2549 3748 67 28 dem
2644 3746 129 29 raschen
2798 3744 257 33 Kauderwälsch!

2227 3798 40 31 Es
2294 3801 38 27 ist
2357 3800 28 28 in
2408 3798 161 30 höchstem
2595 3798 85 29 Grad
2706 3796 169 33 erfreulich,
2902 3794 57 30 daß
2985 3802 69 22 man-

2152 3850 119 29 endlich
2289 3850 69 28 dem
2377 3848 264 30 Mißverständnis
2661 3849 54 27 des
2732 3847 143 33 Simplen,
2893 3844 161 34 Seienden,

2150 3900 223 35 Elementaren,
2394 3901 52 28 der
2635 3895 68 35 (der
2718 3892 271 36 Mon(oton)isten)
3006 3895 47 28 ein

2151 3952 160 33 graziöses
2337 3950 85 29 Ende
2451 3951 144 33 bereitet;
2626 3949 101 28 indem
2755 3955 69 20 man
2855 3947 47 28 die

2149 4001 119 30 Einheit
2292 4001 160 29 unendlich
2477 4000 150 33 lebendig,
2651 3998 65 29 also
2740 3997 248 29 differenzierbar
3011 3993 42 34 (d.

2150 4053 28 28 h.
2202 4047 229 38 polarisierbar)
2453 4049 115 31 auffaßt
2591 4058 51 19 —:
2667 4049 74 29 aber
2766 4049 76 28 eben
2865 4049 52 28 mit
2942 4048 92 28 beson-

2150 4110 109 21 nenem
2279 4101 155 33 Klarblick
2455 4101 74 29 über
2552 4100 83 29 ihren
2656 4099 174 29 Charakter
2852 4098 44 29 als
2919 4097 116 31 denjeni-

2148 4161 59 26 gen
2233 4153 82 29 einer
2338 4151 136 35 Mitte,
2498 4153 83 28 einer
2607 4151 178 31 Grenze,
2810 4150 82 28 einer
2917 4147 134 30 Balance
