2276 3333
144 235 47 25 22

936 235 411 27 CORRESPONDANCE

144 327 91 38 très
266 325 185 40 atténué
472 342 12 33 ;
504 325 113 40 mais
638 326 33 39 il
705 327 77 50 n'y
805 337 25 26 a
851 337 85 40 pas
972 324 175 54 grande
1177 325 243 57 différence
1458 333 128 34 entre
1620 327 43 40 le
1685 338 197 42 passage
1905 323 58 42 du
1996 322 133 55 jeune

143 394 331 52 capellmeister
504 392 225 41 allemand
753 399 42 34 et
817 393 58 39 du
899 398 162 35 maître
1084 394 167 42 italien.

198 462 61 39 Le
278 473 194 42 passage
496 474 51 27 en
571 461 208 53 question
800 466 65 35 est
887 460 183 54 ci-joint
1101 463 25 38 à
1145 463 42 39 la
1212 463 150 41 lettre.

198 529 152 54 Agrée
421 529 235 40 Monsieur
675 529 40 40 le
731 529 263 50 Directeur,
1019 536 82 36 etc,

1447 619 66 40 Un
1544 617 174 40 lecteur
1736 615 169 41 assidu.

198 795 126 42 Nous
347 795 147 41 ferons
516 809 257 38 remarquer
790 799 21 36 à
836 803 124 32 notre
983 795 247 40 honorable
1248 795 349 52 correspondant
1621 792 105 53 qu'il
1751 809 27 36 y
1817 807 21 26 a
1874 805 87 28 une
1998 790 109 44 diffé-

146 877 127 27 rence
294 864 250 40 essentielle
567 872 121 32 entre
710 864 39 39 le
772 871 111 33 texte
906 877 86 38 que
1014 877 113 27 nous
1148 865 153 38 avions
1334 864 81 39 cité
1455 871 41 32 et
1526 863 109 39 celui
1669 862 52 39 de
1756 860 243 41 Guillaume
2038 858 92 41 Tell

147 931 102 54 qu'il
267 946 112 27 nous
404 932 184 51 signale.
605 932 120 40 Dans
738 945 47 27 ce
801 932 187 47 dernier,
1009 945 54 27 en
1080 930 113 48 effet,
1213 932 62 39 les
1297 933 175 50 quintes
1496 944 46 27 se
1559 939 219 37 trouvent,
1804 943 91 26 non
1917 929 111 41 dans
2049 928 76 39 des

145 1001 212 40 formules
393 1000 278 40 consécutives
678 1030 8 17 ,
710 1002 111 38 mais
844 1000 110 40 dans
983 1000 76 40 des
1081 999 214 41 formules
1329 1002 189 51 séparées
1538 1007 78 45 par
1639 998 109 39 deux
1766 1005 169 47 soupirs
1943 1026 6 16 ,
1975 1010 46 27 ce
2053 997 75 50 qui

146 1071 216 39 constitue
394 1069 76 39 des
506 1069 183 52 phrases
723 1068 242 40 distinctes.
1009 1066 125 42 Nous
1157 1068 243 50 indiquons
1437 1066 253 40 ci-dessous
1722 1065 95 41 leur
1839 1066 290 51 ponctuation

146 1153 78 37 par
246 1138 111 40 deux
381 1139 129 50 petits
534 1138 124 39 traits
679 1138 237 38 verticaux.
943 1134 47 42 Si
1018 1136 85 40 l'on
1128 1148 46 27 se
1206 1135 106 39 rend
1345 1143 174 43 compte
1541 1134 53 40 de
1625 1142 109 32 cette
1757 1134 305 52 ponctuation,
2100 1132 28 40 il

146 1207 70 51 n'y
240 1221 21 24 a
285 1206 98 52 plus
416 1206 92 39 rien
527 1204 271 41 d'incorrect.
822 1202 344 42 L'incorrection
1188 1204 277 39 consisterait
1484 1207 20 35 à
1523 1202 93 40 dire
1639 1218 6 24 :

201 2786 136 42 Notre
376 2787 285 42 observation
689 2797 102 32 vaut
819 2802 111 39 pour
964 2789 62 40 les
1061 2797 176 32 octaves
1269 2803 173 27 comme
1478 2804 112 37 pour
1621 2790 63 41 les
1717 2793 193 49 quintes.
