2281 3802
746 188 144 27 COURS
925 190 60 26 DU
1021 182 202 34 COLLÈGE
1258 190 56 26 DE
1348 190 172 26 FRANCE

2107 191 41 35 13

123 284 345 51 l'organisation
485 286 145 36 même
654 282 57 41 du
729 280 366 47 Conservatoire,
1115 291 41 32 et
1174 296 47 26 sa
1246 288 166 45 genèse
1426 291 66 32 est
1517 295 124 27 assez
1663 281 182 51 longue.
1872 280 69 41 En
1969 294 119 37 1792,
2114 281 40 39 le

124 353 269 51 Règlement
414 352 54 40 de
488 351 165 42 l'Ecole
677 352 53 40 de
753 353 210 52 musique
979 353 54 40 de
1058 353 39 41 la
1122 352 139 51 garde
1285 352 228 40 nationale
1536 353 118 39 avait
1675 355 138 49 prévu
1837 364 19 24 «
1877 365 59 25 un
1960 351 195 39 exercice

124 422 165 41 annuel
321 423 77 39 des
433 422 162 48 élèves,
631 436 50 25 en
718 425 199 50 présence
946 423 56 38 du
1033 430 122 45 corps
1191 421 241 54 municipal
1462 434 42 27 ».
1545 420 64 41 La
1642 421 58 40 loi
1734 420 58 40 du
1819 435 17 35 3
1870 419 141 53 juillet
2050 423 104 49 1796

122 493 184 39 institua
330 492 79 41 des
432 505 19 25 «
474 493 218 39 exercices
713 504 19 25 »
760 491 40 41 le
822 504 52 27 20
893 492 53 39 de
971 491 173 52 chaque
1167 492 129 39 mois.
1324 490 162 41 C'était
1505 504 87 27 une
1617 500 119 31 sorte
1759 490 54 40 de
1837 498 176 32 concert
2046 490 88 39 inté-

125 562 117 40 rieur
266 576 60 25 un
351 560 219 53 embryon
595 561 54 41 de
672 569 177 33 concert
870 560 152 53 public
1045 561 109 40 dont
1188 560 63 40 les
1282 562 330 38 circonstances
1655 560 207 40 devaient
1900 571 256 41 provoquer

122 630 40 40 le
186 630 390 54 développement.
603 629 147 50 Ainsi,
783 644 54 26 en
867 644 119 38 1797,
1014 630 63 40 les
1110 630 146 40 élèves
1296 630 201 40 donnent
1524 645 60 25 un
1607 638 178 32 concert
1809 642 113 40 pour
1941 629 40 40 la
2006 628 128 40 distri-

123 699 160 42 bution
301 700 78 40 des
400 702 96 52 prix
518 699 94 55 (qui
642 708 74 32 eut
737 700 87 40 lieu
851 705 21 35 à
898 698 208 50 l'Odéon,
1133 700 39 40 le
1197 714 50 36 24
1268 697 214 55 octobre).
1510 698 180 42 Bientôt
1713 699 55 39 ils
1813 712 47 26 se
1882 699 273 40 constituent

123 783 54 27 en
202 772 164 38 société
386 778 40 33 et
450 770 201 41 donnent
675 770 77 40 des
773 769 244 51 auditions,
1038 783 76 26 sur
1134 769 346 47 abonnements,
1507 769 112 40 dans
1638 768 37 40 le
1696 767 125 54 foyer
1840 768 52 39 de
1910 767 39 40 la
1969 767 109 40 salle
2096 767 58 40 du

123 838 195 42 Théâtre
339 840 278 53 olympique,
641 853 77 28 rue
742 840 54 40 de
820 839 40 40 la
886 838 213 52 Victoire,
1125 852 107 27 sous
1252 839 40 40 le
1316 840 99 39 titre
1438 838 53 40 de
1513 846 199 32 concerts
1735 837 193 51 français
1967 838 67 48 (21
2079 850 51 27 no-

122 908 186 42 vembre
329 910 145 51 1801).
501 908 70 42 Un
591 922 293 40 programme
905 922 203 27 annonce
1131 908 38 40 la
1196 911 53 37 80
1254 915 13 16 e
1303 908 271 53 symphonie
1598 905 225 55 d'Haydn,
1860 907 77 40 des
1976 920 19 25 «
2039 919 87 28 mor-

124 993 139 27 ceaux
287 979 180 41 italiens
498 990 40 37 »,
558 979 98 40 l'air
678 980 54 40 de
751 978 247 40 Stratonice
1014 978 54 41 de
1091 976 172 52 Méhul,
1288 986 40 32 et
1349 978 272 40 l'ouverture
1644 978 54 39 de
1722 976 23 40 Y
1753 975 235 41 Hôtellerie
2009 981 123 49 portu-

125 1048 126 54 gaise
270 1049 55 40 de
348 1048 268 41 Cherubini.
640 1047 70 42 En
739 1051 121 48 1802,
881 1061 72 27 ces
981 1056 202 33 concerts
1218 1047 151 41 furent
1410 1051 281 49 transportés
1734 1046 113 40 dans
1880 1046 37 39 la
1955 1045 110 40 salle
2096 1045 56 40 du

125 1117 350 42 Conservatoire
501 1130 85 39 ;en
611 1121 123 49 1807,
765 1121 122 44 1808,
918 1121 68 37 181
1004 1133 34 32 1,
1067 1121 100 48 1813
1193 1126 42 32 et
1271 1121 121 47 ißrq,
1418 1117 54 40 ils
1512 1115 130 42 firent
1686 1115 215 41 entendre
1938 1114 218 53 quelques

127 1201 176 27 œuvres
321 1188 55 40 de
398 1188 279 40 Beethoven.
703 1187 127 41 Nous
857 1189 204 39 arrivons
1084 1189 112 39 ainsi
1219 1192 21 35 à
1266 1188 11 39 l
1298 1201 153 27 œuvre
1468 1187 54 40 de
1541 1185 258 52 Habeneck,
1827 1187 219 39 musicien
2079 1185 77 40 des

122 1257 102 51 plus
249 1256 263 40 estimables
535 1255 303 54 (1781-1849),
866 1259 73 49 qui
964 1272 59 25 un
1048 1258 100 51 jour
1169 1259 145 38 réunit
1335 1257 104 40 chez
1464 1257 62 40 lui
1548 1254 220 55 quelques
1790 1257 128 42 amis,
1948 1255 96 40 leur
2077 1253 80 42 fait

125 1324 177 42 oublier
325 1326 169 40 l'heure
511 1325 59 41 du
594 1325 215 53 déjeuner
828 1339 54 26 en
906 1325 96 41 leur
1018 1324 165 42 faisant
1204 1326 238 40 déchiffrer
1460 1326 219 52 quelques
1701 1338 139 39 pages
1874 1324 53 40 de
1967 1322 191 42 l'auteur

125 1394 54 40 de
200 1394 170 40 Fidelio
379 1427 6 11 ,
414 1394 62 41 les
501 1394 241 40 enflamme
765 1392 404 50 d'enthousiasme,
1196 1402 41 32 et
1259 1399 190 48 prépare
1472 1408 80 38 par
1575 1395 39 39 là
1637 1394 40 40 le
1715 1393 245 53 triomphal
1999 1399 132 34 avène-

124 1472 138 40 ment,
289 1477 54 27 en
380 1463 186 49 France,
595 1464 54 40 de
673 1463 272 42 Beethoven.

181 1533 32 40 Il
238 1542 65 31 est
324 1535 180 39 curieux
525 1534 53 39 de
598 1535 98 39 voir
715 1531 657 55 cequ'onpensaitded'auteur
1388 1533 78 40 des
1479 1531 323 54 Symphonies,
1825 1532 252 46 enFrance,
2101 1546 56 26 au

124 1612 386 32 commencement
531 1603 59 40 du
609 1618 71 25 xix
684 1608 15 17 e
713 1603 148 40 siècle.
885 1601 127 43 Voici
1024 1618 60 25 un
1111 1611 113 32 texte
1245 1604 81 40 tiré
1346 1603 79 40 des
1448 1602 213 41 Tablettes
1677 1603 49 39 de
1745 1601 233 54 Polymnie
2000 1617 11 24 :
2029 1615 19 24 «
2075 1601 82 41 Cet

125 1681 158 33 auteur
303 1670 315 56 (Beethoven),
645 1681 188 33 souvent
853 1672 175 41 bizarre
1047 1681 41 31 et
1107 1672 219 53 baroque,
1352 1672 203 41 étincelle
1579 1670 284 54 quelquefois
1893 1671 53 40 de
1970 1670 187 42 beautés

124 1743 391 40 extraordinaires.
543 1742 165 41 Tantôt
726 1743 29 39 il
779 1742 141 53 prend
950 1742 39 41 le
1008 1742 73 41 vol
1100 1743 276 52 majestueux
1399 1742 52 40 de
1472 1742 166 50 l'aigle,
1656 1743 143 39 tantôt
1816 1741 28 40 il
1871 1754 153 40 rampe
2044 1740 112 40 dans

125 1812 78 40 des
228 1813 189 40 sentiers
443 1811 258 42 rocailleux.
727 1811 144 54 Après
896 1813 125 39 avoir
1040 1816 184 48 pénétré
1248 1810 130 41 l'âme
1402 1810 133 43 d'une
1569 1811 139 40 douce
1743 1810 280 46 mélancolie,
2062 1810 29 40 il
2117 1810 37 40 la

127 1881 177 41 déchire
327 1883 189 39 aussitôt
537 1896 80 38 par
639 1897 60 25 un
722 1895 125 26 amas
872 1881 230 41 d'accords
1127 1881 230 41 barbares.
1399 1881 31 40 Il
1456 1895 71 26 me
1569 1879 171 42 semble
1776 1881 97 39 voir
1911 1879 247 41 renfermer

126 1950 234 42 ensemble
395 1951 78 40 des
508 1950 231 42 colombes
769 1960 42 31 et
850 1951 77 40 des
964 1951 261 41 crocodiles.
1256 1964 19 24 »
1299 1950 243 55 Jugement
1582 1951 195 49 curieux,
1804 1952 76 49 qui
1920 1950 93 40 doit
2042 1963 115 26 nous

125 2022 195 51 inspirer
342 2021 53 40 cle
419 2020 237 41 salutaires
678 2021 235 39 réflexions
936 2034 76 26 sur
1034 2035 107 26 ceux
1164 2034 85 38 que
1269 2034 115 26 nous
1402 2029 186 43 portons
1626 2017 286 55 aujourd'hui
1949 2032 76 28 sur
2063 2032 71 26 cer-

127 2091 116 39 tains
264 2091 330 51 compositeurs
615 2089 112 41 !En
752 2104 174 26 somme
1026 2098 40 32 et
1084 2090 147 40 c'était
1246 2088 245 42 inévitable
1580 2103 116 27 nous
1720 2087 188 42 n'avons
1934 2102 80 39 pas
2049 2102 82 27 con-

126 2161 100 52 quis
259 2159 260 41 Beethoven
558 2160 58 40 du
649 2161 195 51 premier
882 2173 130 39 coup,
1038 2173 54 26 en
1126 2160 180 50 lançant
1350 2159 326 52 brusquement
1719 2171 82 28 nos
1842 2159 224 40 virtuoses
2102 2172 54 26 en

125 2229 190 42 colonne
335 2229 201 41 d'assaut
557 2243 76 26 sur
647 2243 70 26 ses
739 2229 294 54 symphonies
1057 2231 75 48 (en
1155 2229 259 52 particulier
1430 2229 40 39 la
1496 2227 55 41 IX
1555 2233 15 17 e
1574 2243 30 36 ;,
1632 2229 113 39 mais
1779 2233 129 48 après
1933 2242 87 26 une
2044 2229 113 39 suite

126 2299 54 41 de
212 2300 416 48 reconnaissances,
671 2299 53 40 de
758 2308 185 31 travaux
991 2298 273 54 d'approche
1319 2307 41 31 et
1403 2296 376 53 d'engagements
1826 2297 199 53 partiels,
2067 2311 90 26 non

125 2378 202 43 exempts
343 2369 53 40 de
422 2369 220 52 quelques
668 2382 127 28 ruses
812 2369 54 39 de
891 2368 150 41 bonne
1060 2392 48 4 —
1131 2382 57 27 ou
1212 2369 53 39 de
1289 2370 234 38 mauvaise
1621 2381 177 37 guerre.
1839 2365 119 43 C'est
1992 2380 47 27 ce
2081 2368 76 51 qui

127 2439 104 39 s'est
253 2442 133 48 passé
408 2451 114 39 pour
543 2436 319 54 Shakespeare
881 2452 8 34 ;
915 2451 104 27 avec
1043 2445 112 33 cette
1179 2436 239 41 différence
1443 2445 210 44 pourtant
1686 2449 85 39 que
1794 2434 362 42 l'acclimatation

124 2507 59 41 du
202 2509 219 39 musicien
440 2522 21 25 a
485 2511 68 36 été
572 2507 102 52 plus
687 2507 156 52 rapide
863 2521 85 38 que
967 2506 109 41 celle
1096 2506 59 41 du
1173 2512 146 47 poète.
1343 2505 88 42 Ces
1453 2506 319 47 maladresses,
1788 2519 70 26 ces
1883 2506 274 51 compromis

123 2576 117 41 naïfs
274 2585 40 32 et
333 2591 70 26 ces
424 2580 336 37 tâtonnements
780 2577 55 39 de
874 2577 38 39 la
953 2578 222 51 première
1205 2576 139 41 heure
1368 2589 55 27 ne
1466 2576 185 39 laissent
1673 2588 80 39 pas
1775 2572 136 42 d'être
1932 2589 60 25 un
2025 2574 99 39 hom-

124 2660 133 38 mage
286 2647 142 39 rendu
458 2652 103 34 àun
584 2648 133 49 génie
739 2646 110 40 dont
870 2646 38 40 la
936 2647 284 51 supériorité,
1241 2645 327 53 brusquement
1587 2644 186 46 révélée,
1820 2645 116 39 avait
1964 2643 193 52 quelque

125 2717 135 40 chose
281 2716 53 40 de
351 2716 331 40 déconcertant.
706 2715 124 41 Dans
851 2716 36 40 la
914 2715 172 41 célèbre
1123 2716 185 52 journée
1346 2721 74 40 où,
1443 2721 96 33 ante
1573 2714 158 56 pocula
1740 2746 7 15 ,
1790 2712 243 41 Habeneck
2068 2722 89 30 met

127 2786 219 52 quelques
364 2787 114 39 amis
496 2800 83 26 aux
597 2787 143 51 prises
763 2799 105 27 avec
886 2786 38 40 le
948 2799 19 24 «
983 2794 201 32 monstre
1205 2798 38 35 »,
1268 2799 56 26 on
1349 2786 160 39 devine
1526 2784 10 40 l
1557 2788 305 42 étonnement,
1882 2783 11 39 1
1915 2783 242 50 allégresse

124 2855 235 40 illuminée
381 2863 41 31 et
445 2853 264 42 l'embarras
727 2855 54 40 de
800 2868 113 38 gens
938 2856 90 51 qui,
1051 2864 133 43 ayant
1199 2856 92 51 pris
1312 2867 92 28 un«
1428 2854 173 51 aigle»,
1628 2866 173 27 comme
1823 2852 63 41 dit
1907 2852 248 53 Polymnie,

127 2933 76 32 ont
224 2928 21 36 à
268 2922 255 43 l'enfermer
540 2924 114 40 dans
685 2937 87 27 une
805 2938 109 37 cage
929 2922 374 55 d'appartement.

180 2993 128 41 Cette
348 2993 254 41 révolution
641 2993 58 41 du
734 2998 127 46 goût,
889 2998 159 48 opérée
1071 3008 82 37 par
1179 2994 39 39 la
1246 2994 266 39 découverte
1537 2993 58 40 du
1620 2993 165 40 monde
1809 2991 344 52 beethovénien,

125 3063 104 41 c'est
255 3062 244 42 Habeneck
522 3071 40 33 et
587 3063 39 40 la
649 3062 168 41 Société
833 3063 72 39 des
931 3062 204 41 Concerts
1151 3062 57 40 du
1235 3061 329 42 Conservatoire
1582 3064 76 50 qui
1676 3076 53 26 en
1751 3071 155 31 eurent
1929 3062 40 40 le
1983 3064 170 38 mérite.

124 3132 64 42 La
215 3132 177 41 Société
416 3147 22 26 a
464 3131 79 42 fait
576 3137 231 36 connaître
833 3147 54 26 au
913 3131 152 54 public
1096 3132 63 41 les
1194 3140 264 33 ouvertures
1495 3132 52 40 de
1569 3131 172 41 Fidelio
1750 3165 8 17 ,
1785 3132 54 40 de
1871 3131 194 40 Léonore
2073 3164 7 14 ,
2103 3132 54 40 de

124 3201 258 41 Prométhée
390 3234 7 17 ,
423 3203 54 39 de
513 3201 212 42 Coriolan
732 3236 10 17 ,
781 3203 78 40 des
891 3201 165 41 Ruines
1089 3200 38 41 F
1131 3201 205 51 Athènes,
1377 3200 242 55 AEgmont
1639 3215 10 35 ;
1681 3201 78 40 des
1796 3200 250 52 fragments
2079 3201 79 40 des

127 3281 233 44 quatuors,
400 3273 109 39 trios
543 3280 42 32 et
631 3281 207 44 septuors
878 3270 154 55 (qu'on
1065 3272 139 52 jouait
1258 3271 119 41 alors
1414 3285 106 26 avec
1560 3280 101 31 tous
1701 3270 63 41 les
1804 3272 296 39 instruments
2133 3274 22 35 à

125 3341 157 40 cordes
309 3341 54 40 de
400 3339 313 54 l'orchestre);
753 3341 63 40 les
849 3340 114 41 deux
986 3353 174 28 messes
1178 3354 54 27 en
1252 3346 44 33 ut
1318 3349 41 32 et
1382 3353 55 27 en
1473 3342 44 37 ré
1551 3340 79 49 (on
1666 3340 86 40 sait
1790 3353 88 38 que
1897 3339 261 41 Beethoven

126 3411 272 40 considérait
419 3424 47 26 sa
489 3424 146 27 messe
659 3424 55 26 en
733 3414 44 36 ré
802 3424 174 27 comme
1000 3422 82 28 son
1106 3410 209 40 meilleur
1335 3410 220 50 ouvrage)
1574 3420 8 38 ;
1621 3407 230 43 l'oratorio
1876 3408 36 41 le
1938 3408 146 41 Christ
2105 3423 52 25 au

127 3485 119 33 mont
277 3480 71 39 des
383 3478 185 42 Oliviers
575 3511 8 18 ,
616 3477 121 43 enfin
772 3480 63 40 les
871 3479 309 53 symphonies.
1222 3478 122 41 Dans
1381 3479 38 40 la
1462 3478 182 53 période
1673 3479 75 52 qui
1786 3493 53 26 va
1880 3478 59 41 du
1980 3492 24 37 9
2037 3490 121 27 mars

132 3549 103 38 1828
276 3562 55 26 au
369 3562 44 26 21
444 3548 111 40 avril
585 3551 102 49 1859
710 3548 163 50 inclus,
899 3556 41 33 et
971 3549 76 51 qui
1068 3548 245 52 comprend
1342 3560 70 40 305
1452 3556 201 32 concerts
1676 3544 74 52 (en
1783 3554 230 44 comptant
2052 3560 105 27 ceux
