2532 3279
668 659 343 28 DRUCKVERMERK:
1032 654 187 33 FÜNFTER
1240 659 223 37 JAHRGANG,
1485 659 165 29 VIERTES
1674 660 113 28 HEFT:

667 717 46 29 ES
734 717 179 29 WURDEN
934 716 220 29 GEDRUCKT
1170 717 81 28 VON
1270 717 145 28 DIESEM
1435 718 114 28 HEFT:
1571 718 373 28 ACHTUNDDREISSIG
1961 718 99 29 NUME-

668 775 145 28 RIERTE
838 775 241 28 EXEMPLARE
1104 775 83 28 AUF
1209 775 291 28 KAISERLICHEM
1522 776 123 37 JAPAN
1665 770 81 35 FÜR
1769 777 66 28 DIE
1857 771 199 35 KÜNSTLER-

667 834 191 33 AUSGABE,
874 827 392 35 FÜNFUNDSIEBENZIG
1284 833 258 29 NUMERIERTE
1558 835 242 28 EXEMPLARE
1816 835 83 28 AUF
1913 835 147 29 KUPFER-

668 891 142 28 DRUCK
828 886 82 34 FÜR
933 892 66 28 DIE
1023 891 379 34 VORZUGSAUSGABE,
1432 891 507 30 EINTAUSENDEINHUNDERT
1961 893 99 27 EXEM-

668 951 130 28 PLARE
822 950 83 29 AUF
927 950 296 29 KUPFERDRUCK
1246 945 81 34 FÜR
1350 952 66 27 DIE
1437 951 254 28 ALLGEMEINE
1716 952 183 28 AUSGABE

667 1009 67 28 DIE
754 1008 477 28 ORIGINALRADIERUNGEN
1244 1008 81 29 VON
1338 1009 169 28 WALTER
1521 1009 218 29 LEISTIKOW
1753 1009 84 29 UND
1851 1009 107 29 HANS
1972 1010 109 28 OLDE

668 1067 179 29 WURDEN
872 1067 220 28 GEDRUCKT
1112 1068 61 27 BEI
1193 1068 35 28 O.
1248 1068 165 27 FELSING
1432 1068 37 28 IN
1490 1068 140 28 BERLIN
1651 1075 430 23 CK»«K»«si»«»»aK»«sa«$i»«K»

667 1126 66 27 DIE
747 1125 484 29 ORIGINALLITHOGRAPHIE
1244 1126 85 27 VON
1342 1126 89 28 MAX
1442 1126 253 28 LIEBERMANN
1708 1127 61 27 BEI
1779 1127 37 28 M.
1827 1127 43 28 W
1881 1126 205 29 LASSALLY

667 1184 39 28 IN
728 1184 147 28 BERLIN
898 1191 807 24 @^ej?se^B^e^e^§^s^s^s^§^<ä^§^§^e^

667 1243 84 28 DER
775 1242 278 28 HOLZSCHNITT
1070 1242 84 28 VON
1176 1243 128 27 PETER
1325 1243 179 28 BEHRENS
1530 1244 38 27 IN
1590 1244 83 27 DER
1688 1243 30 28 C.
1736 1244 31 28 F.
1786 1244 296 28 WINTER'SCHEN

667 1300 230 29 DRUCKEREI
914 1302 38 27 IN
966 1300 248 29 DARMSTADT

668 1359 66 28 DLE
759 1359 284 29 LICHTDRUCKE
1066 1359 113 28 NACH
1203 1360 34 28 E.
1255 1360 38 28 M.
1313 1360 161 28 GEYGER
1501 1360 83 28 UND
1609 1359 212 34 WASMANN,
1849 1360 127 28 SOWIE
1999 1361 83 27 DER

668 1417 507 29 DREIFARBENLICHTDRUCK
1208 1417 81 28 VON
1319 1418 32 28 L.
1378 1418 80 28 VON
1491 1417 198 29 HOFMANN
1723 1417 178 29 WURDEN
1934 1419 123 28 HERGE-

668 1477 152 28 STELLT
836 1477 85 27 UND
942 1477 220 27 GEDRUCKT
1177 1477 61 27 BEI
1258 1477 159 27 ALBERT
1437 1476 139 28 FRISCH
1596 1476 38 28 IN
1654 1476 140 28 BERLIN
1814 1484 268 24 «k»«*»«k»«k»«»»

667 1535 67 28 DIE
758 1529 359 35 STRICHÄTZUNGEN
1141 1535 111 28 NACH
1277 1535 215 33 VIGELAND,
1519 1534 237 29 BEARDSLEY
1780 1534 83 28 UND
1888 1535 194 30 ECKMANN

668 1593 178 29 WURDEN
867 1593 223 28 GEDRUCKT
1105 1593 38 27 IN
1164 1593 83 27 DER
1267 1593 149 27 OFFIZIN
1434 1593 42 27 W.
1491 1592 204 28 DRUGULIN
1713 1593 38 27 IN
1769 1593 145 27 LEIPZIG
1921 1602 161 23 ««»csmk»

668 1652 69 28 DIE
756 1652 305 36 JAPANPAPIERE
1085 1651 86 27 DER
1195 1644 422 35 KÜNSTLERAUSGABE
1645 1650 86 28 UND
1761 1650 87 28 DER
1875 1651 181 30 VORZUGS-

668 1710 168 28 DRUCKE
856 1710 192 28 LIEFERTE
1071 1710 33 27 R.
1126 1708 174 28 WAGNER
1320 1708 38 28 IN
1378 1709 151 32 BERLIN,
1555 1708 79 28 DAS
1655 1707 427 32 KUPFERDRUCKPAPIER

668 1768 33 28 E.
723 1767 100 29 OBST
843 1768 28 28 &
891 1767 69 34 CO.,
980 1765 417 30 STRASSBURG-BERLIN

668 1826 66 28 DIE
752 1825 193 29 AUFLAGE
962 1825 144 29 SELBST
1122 1824 138 39 (SOWIE
1277 1824 82 28 DER
1379 1823 230 38 UMSCHLAG)
1628 1823 152 29 WURDE
1797 1824 288 29 HERGESTELLT

668 1886 38 27 IN
731 1886 83 27 DER
841 1885 155 28 OFFIZIN
1027 1885 42 29 W.
1091 1884 203 29 DRUGULIN
1320 1884 38 27 IN
1379 1883 156 33 LEIPZIG,
1562 1882 214 29 GEBUNDEN
1799 1884 37 29 IN
1859 1885 83 28 DER
1965 1885 94 29 BUCH-

668 1941 664 30 BINDEREI-AKTIENGESELLSCHAFT
1356 1940 188 28 VORMALS
1573 1940 35 28 G.
1633 1940 213 30 FRITZSCHE
1872 1944 39 27 IN
1937 1944 145 29 LEIPZIG

668 2001 82 28 UND
771 2001 105 28 WIRD
897 2001 263 29 AUSGEGEBEN
1186 2001 60 28 BEI
1269 2001 27 28 F.
1316 1999 183 30 FONTÄNE
1519 1999 27 28 &
1568 1999 61 30 CO.
1650 2000 37 28 IN
1706 2001 139 28 BERLIN
1867 2010 215 23 «kmhh»»«»»

668 2061 44 28 IM
737 2060 194 29 AUFTRAG
955 2060 83 28 DER
1065 2056 364 32 GENOSSENSCHAFT
1449 2057 76 28 PAN

669 2117 66 28 DIE
756 2117 245 28 REDAKTION:
1022 2117 140 28 BERLIN
1183 2117 43 28 W
1242 2124 51 27 35.,
1311 2108 439 37 KURFÜRSTENSTRASSE
1765 2127 37 25 44

668 2176 63 28 DR.
754 2170 130 34 CÄSAR
907 2176 244 29 FLAISCHLEN

669 2234 60 28 AM
755 2228 291 34 FÜNFZEHNTEN
1073 2234 81 37 JULI
1180 2233 560 29 EINTAUSENDNEUNHUNDERT
1761 2244 320 22 <&®&®<®m!&<m><&b

1285 2566 0 0 274
