2695 3957
1233 3585 175 66 223

290 3618 68 35 LA
385 3606 121 47 CITÉ

1938 3613 303 39 SEPTEMBRE
2269 3619 82 34 1921

341 320 89 40 Des
465 319 166 59 potiers
668 319 192 40 revêtent
896 320 38 40 le
970 318 93 40 frac
1100 320 100 38 tous
1236 317 62 41 les
1335 317 127 50 soirs,
1499 327 112 43 pour
1648 315 186 54 répartir
1870 314 93 41 leur
2000 311 310 43 marchandise

339 391 143 40 imitée
512 391 76 40 des
617 391 194 40 ouvriers
839 401 198 43 persans,
1069 400 55 30 ou
1154 389 182 50 chinois,
1366 400 55 30 ou
1453 400 139 44 grecs,
1622 400 56 28 ou
1706 387 223 55 japonais,
1961 398 55 29 ou
2047 386 173 54 nègres,
2252 395 56 29 ou

340 474 55 29 un
417 473 85 43 peu
527 462 52 41 de
601 464 93 39 tout
718 461 92 41 cela
835 460 232 50 ensemble,
1094 461 110 40 dans
1227 461 62 41 les
1310 461 178 41 vitrines
1513 461 75 42 des
1613 459 252 54 banquiers.
1889 458 116 41 Mais
2029 469 57 29 on
2111 457 73 53 n'y
2206 457 105 52 peut

339 534 110 41 faire
477 534 108 40 tenir
610 546 83 28 une
719 534 124 49 fleur,
870 534 40 40 ni
938 534 139 40 même
1100 545 28 41 y
1152 544 145 29 verser
1325 532 55 42 de
1402 532 127 50 l'eau,
1555 531 150 43 tandis
1731 543 84 43 que
1843 531 39 41 le
1909 541 170 43 paysan
2109 539 200 44 rugueux

341 607 71 52 qui
447 606 224 53 pétrissait
705 605 52 41 de
790 616 71 29 ses
896 605 155 49 mains,
1086 605 25 40 il
1145 617 29 42 y
1205 616 25 29 a
1263 605 66 40 six
1364 604 115 41 mille
1510 616 94 38 ans,
1638 604 40 41 le
1710 606 78 52 pot
1824 603 184 55 d'argile
2046 602 106 41 dont
2185 602 125 40 notre

340 677 229 41 céramiste
596 690 46 28 se
669 678 185 40 réclame
882 681 40 37 et
948 678 71 53 qui
1048 689 46 28 se
1120 677 113 53 paie,
1261 678 25 39 ô
1315 677 258 49 déchéance,
1601 679 138 39 trente
1766 676 118 42 mille
1911 676 164 48 francs,
2102 687 29 42 y
2158 674 152 41 faisait

339 750 116 41 cuire
479 762 71 29 ses
576 750 156 40 choux.
760 748 68 43 Où
856 750 111 40 donc
993 751 65 39 est
1080 750 39 40 le
1144 748 98 54 plus
1269 750 206 40 accentué
1502 753 39 38 et
1567 750 38 40 le
1628 750 100 52 plus
1754 747 243 43 semblable
2022 749 26 39 à
2073 747 235 47 lui-même,

342 821 51 39 de
426 833 70 27 ces
531 819 113 40 deux
675 820 251 41 individus?
960 820 232 43 Etes-vous
1226 820 216 41 tellement
1476 821 72 40 sûr
1580 831 85 44 que
1695 819 358 41 l'individualiste
2084 818 202 53 d'aujour-

341 892 116 40 d'hui
489 892 228 53 remplisse
745 892 264 54 loyalement
1037 904 49 28 sa
1115 892 126 42 tâche
1272 892 268 41 d'individu?
1571 892 65 40 Esn
1665 903 275 42 voyez-vous
1971 891 113 40 donc
2114 892 108 47 tant,
2253 901 54 29 au

340 967 126 46 reste,
499 964 280 49 d'individus,
810 969 156 35 autour
997 964 50 40 de
1076 965 140 40 vous?
1246 965 90 52 J'en
1366 965 103 49 sais,
1501 967 151 38 certes.
1683 964 116 40 Mais
1828 965 237 53 justement
2094 974 109 30 ceux
2235 962 72 55 qui

341 1039 74 36 ont
448 1048 50 28 eu
532 1038 41 39 la
606 1037 120 40 force
759 1035 257 42 d'absorber
1049 1037 62 39 les
1145 1039 144 38 autres
1322 1037 195 40 hommes
1552 1037 194 53 aspirent
1780 1037 25 39 à
1838 1035 253 42 s'absorber
2124 1047 51 29 en
2211 1047 96 29 eux-

341 1108 402 53 Remarquez-vous
771 1109 128 52 qu'en
929 1120 71 29 ces
1028 1109 193 52 époques
1253 1109 394 41 d'individualisme
1675 1108 213 49 morbide,
1919 1108 77 40 dès
2025 1108 283 54 qu'apparaît

339 1179 211 42 vraiment
578 1192 57 29 un
663 1181 86 40 très
776 1181 141 54 grand
946 1180 208 50 individu,
1184 1181 25 40 il
1240 1179 164 43 semble
1433 1181 194 40 contenir
1656 1182 25 39 à
1708 1181 58 40 lui
1795 1181 93 40 seul
1919 1181 62 40 les
2008 1181 103 40 voix
2142 1179 144 54 disper-

341 1252 95 40 sées
464 1263 53 29 ou
545 1263 188 42 presque
760 1253 182 40 éteintes
971 1252 52 40 de
1051 1253 39 40 la
1119 1253 147 40 foule?
1296 1253 197 41 N'est-ce
1520 1265 81 41 pas
1628 1253 42 41 la
1700 1254 147 40 raison
1877 1253 134 40 d'être
2042 1252 53 41 de
2124 1251 185 42 Michel-

339 1322 124 55 Ange
485 1325 40 39 et
548 1323 53 41 de
624 1322 318 54 Shakespeare,
968 1324 51 40 de
1040 1323 237 43 Cervantès
1300 1327 41 39 et
1364 1325 52 41 de
1440 1324 190 50 Rubens,
1655 1325 53 40 de
1731 1324 271 44 Rembrandt
2022 1336 58 30 ou
2105 1324 53 42 de
2182 1324 101 40 Beet-

339 1394 138 41 hoven
508 1395 110 41 dans
646 1395 160 41 l'ordre
833 1396 239 53 artistique,
1103 1397 53 40 de
1183 1397 185 40 Newton
1397 1409 55 29 ou
1483 1397 52 40 de
1564 1397 214 41 Lamarck
1807 1396 111 41 dans
1947 1396 160 42 Tordre
2135 1397 152 40 scienti-

341 1466 132 53 fique,
508 1466 52 41 de
592 1467 158 41 Luther
779 1479 56 29 ou
868 1468 52 41 de
950 1468 230 53 Napoléon
1215 1469 108 41 dans
1355 1469 158 42 l'ordre
1545 1469 243 53 politique?
1822 1468 120 42 C'est
1972 1480 84 42 que
2084 1481 52 28 ce
2168 1468 142 55 grand

341 1538 195 42 individu
572 1539 200 53 prépare,
809 1551 79 41 par
924 1540 38 40 le
997 1541 174 40 miracle
1206 1541 319 54 symphoniique
1562 1541 106 40 dont
1703 1552 81 29 son
1821 1541 137 53 esprit
1994 1543 67 39 est
2095 1541 40 41 le
2170 1541 137 53 foyer,

340 1610 37 39 le
409 1609 238 55 grandiose
679 1614 238 51 anonymat
949 1612 75 41 des
1056 1613 183 52 temples
1268 1614 240 51 pressentis
1541 1625 55 29 au
1627 1613 108 41 seuil
1771 1612 205 55 desquels
2009 1625 80 29 son
2121 1613 92 41 rôle
2243 1616 67 37 est

341 1681 52 41 de
428 1682 210 42 conduire
670 1682 42 42 la
746 1682 228 42 multitude
1009 1684 205 41 arrachée
1250 1696 86 30 aux
1372 1686 182 52 temples
1590 1685 220 49 terminés,
1847 1685 275 42 c'est-à-dire
2157 1687 150 39 morts,

341 1752 89 41 afin
460 1765 84 42 que
569 1754 63 41 les
661 1754 128 41 excès
817 1755 164 41 mêmes
1008 1755 52 42 de
1087 1755 319 55 l'intelligence,
1436 1756 53 41 de
1516 1757 41 41 la
1584 1757 147 41 vanité
1759 1759 42 40 et
1830 1757 55 41 de
1911 1757 217 54 l'analyse
2154 1769 130 30 renou-

339 1824 158 41 vellent
529 1837 50 29 sa
613 1826 205 42 candeur.

1848 1829 95 42 Elie
1977 1829 211 45 FAURE.
