2695 3957
264 3660 70 37 LA
360 3650 136 49 CITÉ.
524 3686 41 6 _
593 3662 28 37 II
626 3666 13 15 e
664 3662 131 37 Année

1342 3650 92 48 209

1815 3664 55 36 N°
1887 3665 34 35 9.
2003 3663 303 37 SEPTEMBRE
2332 3665 87 36 1921

872 1219 338 104 ELIE
1327 1219 513 106 FAURE

367 1439 130 47 SES
567 1439 611 48 ENSEIGNEMENTS
1245 1440 656 48 PHILOSOPHIQUES
1977 1441 152 47 DE
2149 1442 195 46 L'ART

489 1740 32 35 L
540 1740 178 36 nisioire
746 1733 110 42 n'est
880 1746 83 41 pas
992 1733 158 54 qu'une
1176 1734 157 54 simple
1360 1736 332 42 reconstitution
1720 1736 56 40 du
1802 1736 148 53 passé,
1980 1747 84 32 une
2089 1741 141 38 vision
2258 1743 52 37 im-

374 1806 277 53 personnelle
987 1804 53 41 de
1151 1804 108 55 faits
1428 1808 40 37 et
1569 1804 335 42 d'événements.
2298 1804 39 42 Po

371 1887 141 43 pages
708 1877 43 40 la
847 1877 66 40 vie
1035 1877 54 40 de
1202 1877 251 40 multitudes
1768 1879 41 40 et
1905 1875 52 42 de
2069 1875 169 51 siècles,

374 1947 208 41 éléments
840 1949 72 51 qui
1033 1947 59 40 lui
1197 1948 251 52 paraissent
1750 1947 37 40 le
1877 1948 146 40 mieux
2218 1960 50 28 en

370 2018 71 52 gle
466 2028 106 30 sous
598 2016 141 54 lequel
765 2018 29 40 il
819 2016 63 42 les
908 2018 219 53 envisage.

620 2089 57 40 Le
793 2089 128 40 choix
1106 2089 58 40 du
1275 2089 126 53 point
1579 2089 53 40 de
1743 2101 94 37 vue,
1993 2089 302 54 conséquence

380 2157 180 42 matière
803 2159 105 40 rend
1079 2159 210 54 l'analyse
1566 2159 238 43 elle-même
2105 2160 232 54 subjective

380 2230 185 43 mobiles
807 2230 325 42 constructeurs
1518 2231 56 41 du
1689 2231 146 53 passé,
2050 2244 109 29 nous
2331 2234 6 39 i

374 2302 38 38 le
506 2300 175 51 présent
916 2300 255 41 s'alimente.

493 2479 188 49 Traçant
710 2489 81 29 une
819 2477 178 54 fresque
1024 2479 291 53 prestigieuse
1345 2477 57 44 où
1434 2481 142 40 toutes
1608 2480 62 41 les
1701 2480 193 53 grandes
1923 2479 197 56 époques
2150 2480 54 42 de
2235 2481 98 42 l'art

375 2559 48 30 se
513 2547 221 42 résument
1004 2559 50 30 en
1153 2547 54 41 de
1307 2549 226 52 puissants
1805 2549 260 49 raccourcis,

376 2618 268 49 d'historien,
972 2618 110 41 mais
1246 2620 122 40 aussi
1546 2631 146 29 œuvre
1895 2620 53 42 de
2050 2620 277 53 philosophe.

377 2688 79 41 des
591 2688 284 54 conceptions
1216 2688 266 54 esthétiques
1804 2689 233 41 nouvelles.

609 2759 144 42 Avant
954 2759 60 42 lui
1134 2759 113 56 déjà,
1425 2759 98 42 l'art
1677 2761 119 40 avait
1975 2761 122 40 cessé
2285 2761 49 40 d'ê

371 2833 154 38 autant
719 2842 83 42 que
921 2842 114 41 pour
1192 2842 109 30 ceux
1453 2832 74 52 qui
1639 2830 39 42 le
1762 2830 147 42 créent
2262 2843 56 29 un

372 2902 55 40 de
530 2902 206 41 l'homme
990 2914 47 29 se
1134 2902 118 41 revêt
1419 2914 87 29 aux
1645 2902 194 54 époques
2089 2903 54 40 de
2249 2903 85 53 sple

370 2971 91 52 pris
596 2983 82 43 que
803 2973 98 42 l'art
1040 2976 66 39 est
1213 2973 207 42 solidaire
1669 2973 53 42 de
1815 2985 81 33 nos
2017 2973 188 54 pensées

370 3043 57 41 où
534 3054 111 30 nous
808 3044 164 40 vivons.
1190 3045 36 41 Il
1313 3055 111 31 nous
1583 3048 190 50 apparut
2017 3044 78 42 dès
2225 3045 88 42 lors

372 3114 40 40 si
489 3114 65 40 les
661 3112 120 44 idées
949 3114 53 42 de
1108 3116 134 40 Taine
1424 3119 75 38 ont
1620 3114 195 50 survécu,
2064 3115 105 42 c'est
2321 3126 13 42 q
2168 3131 22 26 «

362 3185 271 52 apprenions
949 3197 83 41 que
1160 3189 123 40 notre
1446 3199 161 40 propre
1815 3185 193 43 destinée
2249 3186 85 42 était

374 3253 153 44 cèdent
731 3267 76 31 sur
931 3257 43 40 la
1067 3260 123 38 route
1368 3261 41 38 et
1498 3257 26 41 à
1604 3257 42 41 la
1741 3260 214 38 structure
2222 3256 94 42 même
2317 3272 17 27 ».

611 3326 95 42 Elie
851 3328 142 40 Faure
1189 3340 110 30 nous
1462 3328 152 42 aidera
1816 3328 28 41 à
1918 3328 193 55 franchir
1867 3344 23 26 «

367 3396 177 42 derions
771 3397 27 41 à
875 3398 101 41 l'art
1301 3398 153 42 écrit-il
1658 3398 102 54 déjà
1913 3398 110 43 dans
2188 3399 42 41 la
2322 3412 12 40 p
