2695 3957
287 3608 69 36 LA
382 3597 122 47 CITÉ

1232 3580 177 62 225

1942 3601 303 37 SEPTEMBRE
2275 3605 81 33 1921

973 190 670 43 HABITAT

170 415 22 25 »
232 409 139 31 avant
398 409 107 35 tout,
538 399 55 39 de
621 414 157 33 penser
806 414 85 24 aux
917 400 153 38 mères.
1101 397 118 41 Tout
1244 414 48 24 ce

171 475 22 24 »
235 475 85 33 que
355 457 92 42 l'on
483 468 65 31 est
582 473 204 26 convenu
825 456 231 50 d'appeler
1092 457 41 40 la
1169 473 100 33 ques-

170 533 23 26 »
235 520 91 38 tion
356 516 176 47 sociale,
567 527 65 31 est
661 527 193 30 contenu
886 516 112 41 dans
1026 532 71 24 ces
1127 525 118 31 mots
1283 533 8 23 :

170 592 23 26 »
235 592 23 24 «
287 576 73 41 Ou
387 576 41 41 le
454 576 139 49 foyer,
626 592 57 24 ou
711 575 41 41 la
778 585 129 31 mort.
941 591 23 25 »
994 574 55 42 Et
1074 590 52 26 ce
1150 575 139 48 foyer,

169 652 22 25 »
228 652 52 24 ce
304 635 96 41 doit
423 638 90 38 être
537 636 41 41 la
602 635 264 50 cité-jardin.

238 710 23 25 »
303 695 51 49 Je
395 694 89 41 n'ai
524 711 80 32 pas
649 694 63 40 dit
755 693 278 41 l'habitation
1080 696 211 42 ouvrière,

170 769 23 26 »
234 770 132 33 parce
399 770 85 33 que
516 763 116 31 cette
661 753 249 41 habitation
945 755 197 47 pourrait
1171 752 98 41 bien-

169 829 22 25 »
234 817 65 37 tôt
324 813 233 41 redevenir
584 812 39 41 le
651 812 155 41 taudis.

237 888 22 25 »
301 872 85 41 Pas
419 872 58 41 de
507 872 217 50 politique
754 874 27 37 à
812 881 152 31 courte
995 874 105 37 vue!
1135 870 31 41 Il
1200 870 94 40 faut

169 948 22 24 »
232 934 292 39 reconstruire
550 948 53 24 en
629 930 155 51 grand,
814 941 43 30 et
880 946 72 25 sur
978 930 56 40 de
1059 945 235 25 nouveaux

167 1007 24 25 »
231 991 171 40 modes.
430 990 61 41 La
513 1005 155 35 guerre
690 1007 25 23 a
739 990 169 49 changé
932 989 188 50 quelque
1143 988 145 41 chose.

167 1066 23 24 »
231 1050 154 41 Avant
411 1049 40 41 la
475 1065 168 34 guerre,
672 1065 113 24 nous
808 1051 175 38 vivions
1010 1048 177 49 d'après
1215 1047 77 41 des

170 1125 21 25 »
231 1109 140 50 règles
411 1111 254 44 anciennes;
709 1108 145 40 tandis
894 1124 84 33 que
1019 1107 274 49 l'Amérique

168 1184 22 26 y>
232 1171 169 38 courait
438 1184 53 25 en
530 1167 288 46 automobile,
858 1183 111 24 nous
1005 1166 195 41 roulions
1238 1183 53 23 en

165 1242 25 28 »
230 1227 231 51 diligence.

234 1302 22 25 »
298 1287 30 41 Il
358 1286 94 41 faut
480 1285 176 42 acheter
687 1285 78 41 des
793 1288 184 38 terrains
1004 1287 25 38 à
1056 1285 94 40 bon
1178 1301 85 23 mar-

166 1362 22 24 »
230 1346 94 45 ché,
353 1356 43 30 et
419 1362 113 33 pour
558 1345 107 45 cela,
694 1361 110 23 nous
832 1344 171 40 devons
1028 1344 61 40 les
1115 1343 175 41 acheter

168 1421 22 25 »
229 1421 57 25 en
324 1404 191 50 grandes
552 1406 230 48 quantités.
823 1403 31 41 Il
894 1419 54 24 ne
986 1404 171 40 devrait
1193 1402 98 50 plus

166 1480 22 26 »
231 1468 91 37 être
348 1466 164 48 permis
538 1466 26 38 à
593 1463 77 40 des
696 1478 105 34 gens
828 1463 245 49 possédant
1102 1462 78 40 des
1207 1472 60 30 ter-

167 1539 22 25 »
230 1526 116 38 rains
375 1523 55 41 de
458 1522 224 40 s'enrichir
709 1538 86 24 aux
823 1522 169 49 dépens
1021 1521 56 40 de
1103 1520 40 41 la
1171 1536 89 24 com-

164 1597 24 27 »
228 1585 224 38 munauté.
484 1581 54 41 Et
564 1598 52 23 ce
642 1581 113 41 n'est
781 1597 80 33 pas
887 1597 87 24 une
1001 1583 200 46 question
1232 1579 55 40 de

165 1658 21 25 »
229 1642 258 45 socialisme,
516 1643 110 38 mais
652 1640 56 41 de
733 1656 108 34 pure
866 1643 166 47 justice.
1061 1638 122 42 Est-il
1210 1638 51 40 ad-

165 1717 23 25 »
230 1701 193 40 missible
463 1717 85 33 que
585 1699 78 42 des
699 1715 108 34 gens
842 1702 153 37 voient
1033 1699 177 40 hausser
1248 1698 40 40 le

165 1776 23 26 »
230 1762 95 47 prix
367 1760 58 40 de
464 1760 114 40 leurs
619 1769 134 30 terres
793 1773 133 34 parce
966 1774 83 33 que
1090 1756 133 42 l'Etat
1262 1774 25 22 a

165 1835 23 26 »
228 1822 226 43 construit,
492 1821 25 38 à
551 1820 249 48 proximité,
841 1818 76 40 des
952 1827 146 31 routes
1133 1826 42 30 et
1212 1816 75 40 des

165 1894 21 26 »
228 1879 197 40 chemins
450 1879 56 39 de
531 1878 90 40 fer?

233 1965 22 24 »
298 1950 196 48 Lorsque
532 1965 111 23 nous
680 1964 161 24 aurons
880 1957 126 30 notre
1047 1948 172 42 terrain,
1261 1945 26 40 il

166 2025 22 24 »
231 2009 158 40 faudra
419 2007 218 49 procéder
666 2011 26 36 à
723 2024 56 23 un
809 2006 273 40 lotissement
1111 2005 177 49 logique

165 2084 23 24 »
231 2080 41 28 et
310 2070 215 38 raisonné.
569 2066 29 43 Il
637 2066 271 40 conviendra
948 2068 165 38 ensuite
1152 2065 55 40 de
1244 2079 45 25 se

168 2143 22 25 »
231 2143 209 33 procurer
485 2126 79 40 des
605 2127 246 39 matériaux
892 2126 314 47 économiques
1247 2133 44 28 et

166 2201 24 27 »
229 2188 244 39 construire
499 2184 235 49 beaucoup
765 2184 56 40 de
848 2186 206 42 maisons,
1086 2199 72 23 car
1186 2184 33 37 si
1248 2181 38 40 la

166 2261 22 25 »
230 2247 299 39 construction
570 2261 44 23 se
657 2244 78 40 fait
776 2260 52 23 en
870 2242 154 49 grand,
1071 2242 82 40 elle
1193 2256 94 24 sera

164 2319 24 28 »
226 2304 101 51 plus
356 2313 310 41 avantageuse.
700 2302 61 41 Le
788 2303 376 48 semi-provisoire
1195 2300 93 40 doit

167 2378 23 26 »
232 2366 91 38 être
358 2365 160 42 écarté,
557 2379 73 23 car
665 2362 26 40 il
729 2362 169 39 revient
932 2359 97 50 plus
1066 2359 101 40 cher
1205 2373 84 33 que

165 2439 22 25 »
230 2423 167 40 l'autre.

231 2510 21 24 »
296 2493 80 40 Les
430 2494 193 39 maisons
678 2493 220 38 ouvrières
953 2490 190 40 devront
1197 2491 90 37 être

164 2567 22 27 »
228 2554 259 39 construites
513 2554 25 38 à
560 2552 238 49 proximité
825 2550 76 40 des
924 2548 136 41 villes.
1089 2548 170 40 L'exem-

163 2628 21 24 »
227 2612 71 49 pie
327 2612 56 40 de
409 2611 168 41 Boston
613 2608 321 52 (Etats-Unis),
966 2609 55 39 de
1048 2607 136 41 Milan
1213 2622 47 24 en-

164 2685 23 28 »
228 2681 66 31 tre
322 2681 96 31 tant
448 2669 206 46 d'autres,
688 2679 65 29 est
781 2667 236 42 concluant
1049 2684 52 23 en
1133 2666 154 40 faveur

166 2745 24 26 »
229 2729 79 42 des
345 2733 39 37 ci
388 2729 266 51 tés-jardins.
698 2728 72 41 On
812 2737 236 39 augmente
1087 2726 40 40 le
1166 2725 97 40 bien-

166 2804 25 28 »
231 2792 105 43 être,
379 2788 40 41 la
458 2791 90 48 joie
588 2788 58 40 du
686 2787 139 49 foyer,
870 2804 56 23 on
966 2788 223 46 supprime
1227 2785 61 39 les

164 2863 24 26 »
230 2848 105 41 frais
359 2848 57 41 de
439 2849 152 44 voirie,
620 2864 57 24 on
704 2846 79 41 fait
805 2846 101 40 bien
934 2855 41 31 et
1001 2862 57 23 on
1085 2844 78 40 fait
1189 2846 73 36 éco-

166 2922 25 28 »
230 2910 350 47 nomiquement.

229 2994 22 24 »
293 2978 59 40 Le
385 2978 302 40 conférencier
721 2987 173 29 montre
931 2975 353 40 d'intéressantes

165 3051 23 27 »
228 3039 275 49 projections
530 3039 71 47 qui
628 3035 213 42 illustrent
868 3035 60 40 les
954 3034 250 40 conditions
1232 3032 55 40 de

165 3112 23 25 »
228 3096 228 45 bien-être,
506 3096 56 40 de
606 3095 190 45 confort,
847 3094 55 40 de
946 3095 153 48 poésie
1141 3094 146 37 même

164 3171 22 25 »
230 3156 246 48 qu'offrent
498 3155 60 41 les
586 3170 23 25 «
630 3153 279 51 garden-city
930 3169 22 24 »
981 3152 225 49 anglaises.
1234 3149 53 41 Et

167 3231 22 24 »
230 3232 50 23 ce
318 3214 180 41 résultat
535 3225 64 30 est
637 3213 165 41 obtenu
842 3213 55 40 de
935 3212 40 40 la
1014 3213 193 38 manière
1247 3209 39 40 la

164 3289 22 26 »
226 3275 99 48 plus
355 3276 306 46 économique.

231 3349 22 24 »
298 3333 220 49 Pourquoi
546 3350 54 22 ne
628 3332 206 40 ferait-on
861 3347 80 33 pas
966 3331 64 44 ici,
1058 3332 26 38 à
1108 3329 10 39 î
1141 3344 116 24 exem-

165 3408 23 25 y>
230 3393 73 49 pie
330 3393 56 40 de
412 3410 49 22 ce
491 3395 71 46 qui
588 3409 27 23 a
640 3394 69 37 été
738 3390 78 41 fait
843 3407 53 23 en
924 3389 275 50 Angleterre,
1232 3387 54 39 de

1371 412 23 25 »
1434 397 238 41 véritables
1694 396 331 51 villes-jardins,
2054 410 110 26 avec
2190 395 115 41 leurs
2330 403 170 32 centres

1373 472 21 24 »
1435 459 194 47 civiques
1656 467 44 29 et
1726 457 115 40 leurs
1868 455 262 42 industries?

1436 541 22 26 »
1498 526 65 42 En
1594 526 180 48 France,
1806 530 27 37 à
1861 526 219 50 Dourges,
2111 528 103 48 près
2244 525 56 41 de
2329 523 141 42 Henin-

1371 600 22 26 »
1435 585 191 47 Liétard,
1651 603 58 24 on
1729 603 26 24 a
1776 586 156 40 réalisé
1952 602 57 24 un
2032 584 229 42 ensemble
2278 586 223 39 vraiment

1373 661 22 25 »
1436 645 321 50 remarquable.
1803 645 126 43 Nous
1969 661 58 26 ne
2066 643 194 42 voulons
2302 642 98 50 plus
2444 642 57 41 de

1371 720 23 25 »
1434 704 188 50 ghettos,
1651 704 99 51 plus
1776 704 58 41 de
1858 704 158 41 taudis.
2044 703 125 42 Nous
2192 703 195 41 voulons
2413 718 87 33 que

1373 779 21 24 »
1437 763 61 40 les
1538 763 201 41 charmes
1780 764 57 41 de
1878 764 44 41 la
1962 774 157 30 nature
2159 762 244 50 s'ajoutent
2444 777 56 24 au

1373 838 21 25 »
1435 823 216 41 bien-être
1692 824 79 40 des
1808 823 284 43 habitations.
2135 822 125 41 Nous
2298 838 56 24 ne
2391 836 84 25 vou-

1371 897 22 25 »
1434 882 99 41 lons
1557 899 81 33 pas
1668 882 56 41 de
1748 898 75 25 ces
1854 897 23 26 «
1907 884 196 38 maisons
2131 883 225 39 ouvrières
2385 895 23 25 »
2443 894 54 25 en

1369 955 23 26 »
1429 958 50 25 ce
1510 957 86 34 que
1623 957 73 25 ces
1724 951 118 31 mots
1870 950 288 41 comportent
2190 940 58 41 de
2277 939 183 42 laideur.

1437 1028 22 25 »
1500 1012 231 41 L'orateur
1764 1029 48 24 se
1849 1011 178 41 déclare
2060 1014 197 47 partisan
2295 1010 60 41 du
2390 1010 107 49 plan

1371 1087 23 26 »
1434 1075 180 46 unique;
1661 1082 97 30 tout
1801 1071 96 41 doit
1938 1087 46 24 se
2028 1081 180 30 trouver
2249 1087 58 24 au
2348 1071 151 39 même

1371 1146 22 24 »
1434 1134 140 46 étage,
1606 1147 113 33 pour
1748 1133 140 38 éviter
1915 1130 63 40 les
2005 1132 204 38 montées
2237 1139 44 30 et
2308 1128 62 41 les
2400 1127 72 42 des-

1368 1205 23 26 »
1430 1200 162 36 centes,
1622 1193 73 47 qui
1721 1190 219 49 fatiguent
1964 1189 42 41 la
2032 1191 252 47 ménagère.

1435 1265 23 24 »
1499 1249 60 40 La
1585 1250 59 39 loi
1668 1249 197 49 anglaise
1888 1251 177 46 prévoit
2087 1247 42 41 la
2155 1247 107 41 salle
2289 1247 58 41 de
2368 1246 130 41 bains

1369 1324 23 25 »
1434 1308 111 41 dans
1573 1309 64 41 les
1664 1308 274 40 habitations
1968 1310 26 38 à
2022 1307 95 41 bon
2147 1305 193 41 marché.
2375 1304 122 42 C'est

1369 1383 22 26 »
1432 1384 56 25 un
1517 1367 204 50 exemple
1747 1369 26 38 à
1799 1369 158 38 suivre.

1435 1442 21 25 »
1498 1426 30 41 Il
1561 1430 191 45 importe
1785 1426 57 40 de
1872 1425 162 41 rendre
2064 1424 42 41 la
2138 1428 172 37 maison
2343 1426 127 47 agréa-

1367 1501 23 25 »
1430 1485 93 47 ble;
1557 1485 113 42 dans
1698 1501 51 24 ce
1776 1485 95 46 but,
1905 1501 59 23 on
1994 1483 181 41 veillera
2205 1486 26 38 à
2260 1483 42 41 la
2331 1482 164 42 beauté

1369 1561 23 24 »
1434 1545 57 41 de
1525 1545 25 40 F
1557 1543 313 42 ameublemen
1875 1554 27 30 t.
1940 1543 102 40 Une
2074 1542 249 41 habitation
2357 1558 51 24 ce
2442 1556 56 25 ne

1368 1620 23 25 »
1427 1615 102 30 sont
1560 1621 81 33 pas
1674 1604 78 40 des
1782 1619 121 25 murs
1933 1618 94 30 nus,
2060 1604 111 38 mais
2203 1601 108 41 c'est
2341 1616 51 24 ce
2423 1602 72 47 qui

1367 1678 21 25 »
1430 1663 231 40 contribue
1686 1665 26 37 à
1735 1662 379 49 l'aménagement
2139 1671 43 29 et
2206 1677 87 23 aux
2316 1659 181 41 besoins

1367 1738 23 25 »
1430 1722 57 41 de
1512 1722 266 40 l'existence.
1806 1720 75 42 On
1905 1731 108 38 peut
2037 1719 252 45 s'adresser,
2318 1732 179 27 comme

1366 1797 22 24 »
1432 1798 56 23 on
1514 1781 58 41 l'a
1599 1781 80 40 fait
1704 1797 54 24 en
1783 1780 258 48 Amérique,
2069 1781 26 38 à
2122 1778 78 41 des
2223 1781 173 37 artistes
2422 1778 73 48 qui

1367 1856 22 24 »
1429 1843 204 37 créeront
1663 1840 79 40 des
1772 1839 169 41 dessins
1971 1839 58 40 de
2056 1837 204 42 mobilier
2289 1854 84 33 que
2403 1836 92 41 l'on

1367 1915 22 25 »
1431 1916 163 32 pourra
1624 1898 272 50 reproduire.
1930 1897 85 41 Pas
2044 1897 58 41 de
2129 1899 176 47 papiers
2335 1898 156 48 peints,

1366 1974 22 25 »
1429 1976 81 31 pas
1536 1958 56 41 de
1617 1957 149 42 niches
1790 1960 26 38 à
1841 1959 240 48 poussière,
2108 1958 111 38 mais
2246 1955 57 41 de
2330 1955 165 40 douces

1364 2030 43 30 et
1441 2017 275 41 séduisantes
1749 2016 220 42 tonalités.

1433 2092 21 25 »
1496 2076 84 41 Les
1613 2075 224 51 appareils
1869 2085 152 30 seront
2054 2073 162 51 placés,
2255 2076 72 47 qui
2362 2072 116 41 facili-

1366 2151 22 25 »
1431 2146 148 32 teronit
1601 2135 233 50 l'ouvrage
1858 2134 59 40 de
1938 2133 43 41 la
2004 2136 253 46 ménagère,
2285 2134 27 41 il
2336 2149 30 32 y
2389 2148 104 24 aura

1365 2211 23 24 »
1430 2195 78 40 des
1540 2193 222 51 appareils
1795 2193 58 41 de
1884 2203 255 39 nettoyage,
2176 2192 56 41 de
2263 2191 227 49 lessivage,

1366 2270 22 24 »
1432 2254 55 40 de
1520 2256 175 43 cuisine,
1730 2254 231 40 actionnés
1992 2268 82 33 par
2105 2250 280 43 l'électricité.
2421 2249 72 41 On

1366 2329 22 24 »
1428 2313 93 41 fera
1544 2330 57 23 un
1625 2312 143 50 grand
1791 2311 168 50 emploi
1984 2311 57 40 de
2062 2310 281 45 l'électricité,
2369 2320 43 29 et
2436 2324 57 24 on

1364 2388 23 25 »
1428 2389 46 24 se
1503 2372 42 41 la
1574 2387 240 34 procurera
1842 2374 28 37 à
1898 2371 95 40 bon
2023 2369 180 41 marché
2235 2385 53 25 en
2319 2370 148 48 organi-

1366 2447 22 25 »
1428 2442 99 29 sant
1557 2430 404 49 scientifiquement
1992 2429 64 41 les
2086 2432 183 38 réseaux
2303 2428 56 41 de
2390 2444 78 33 pro-

1364 2505 22 26 »
1429 2489 194 42 duction.

1428 2565 23 24 »
1493 2548 61 41 La
1599 2548 253 50 cité-jardin
1896 2547 300 50 comprendra
2243 2546 78 41 des
2364 2561 127 34 parcs

1362 2624 23 25 »
1428 2609 58 40 de
1508 2624 144 33 repos,
1682 2608 79 40 des
1786 2609 188 48 piscines
1996 2606 104 41 bien
2126 2608 278 46 aménagées,
2413 2604 78 40 des

1364 2683 23 25 »
1428 2667 170 50 plaines
1628 2667 57 41 de
1712 2670 106 46 jeux
1844 2682 116 34 pour
1988 2665 63 42 les
2081 2665 188 42 enfants.

1431 2741 22 26 »
1494 2726 65 41 Ce
1584 2736 103 31 sont
1711 2726 64 41 les
1801 2725 177 41 enfants
2006 2724 104 51 qu'il
2140 2723 96 41 faut
2262 2726 230 38 intéresser

1363 2801 22 24 »
1423 2788 25 37 à
1474 2787 39 40 la
1539 2785 264 50 cité-jardin,
1831 2796 44 29 et
1898 2784 93 40 cela
2018 2783 78 41 dès
2121 2782 92 41 leur
2237 2781 96 51 plus
2358 2785 133 47 jeune

1365 2860 21 24 »
1428 2847 93 47 âge.
1559 2844 120 41 C'est
1708 2860 51 24 ce
1788 2860 87 33 que
1905 2842 92 41 l'on
2029 2860 25 22 a
2085 2844 194 47 compris
2312 2858 52 24 en
2396 2840 63 41 An-

1364 2919 23 26 »
1428 2903 70 50 gle
1501 2914 127 31 terre.

1429 2989 22 25 »
1492 2973 65 42 En
1585 2976 251 42 terminant,
1865 2971 61 42 M.
1956 2971 163 42 Benoît
2143 2971 123 49 Lévy
2291 2969 200 51 rappelle

1364 3049 23 25 »
1427 3032 231 42 l'extrême
1697 3047 194 34 urgence
1932 3031 57 41 de
2032 3030 42 41 la
2117 3029 251 42 réalisation
2413 3029 80 41 des

1364 3109 21 24 »
1427 3092 297 50 cités-jardins
1757 3103 44 29 et
1834 3091 79 40 des
1944 3090 272 40 habitations
2252 3091 236 38 ouvrières.

1364 3167 22 25 »
1428 3151 62 41 Ce
1512 3151 112 41 n'est
1645 3167 80 33 pas
1747 3150 179 40 demain
1949 3165 85 33 que
2055 3166 112 23 nous
2189 3149 173 41 devons
2382 3150 106 47 agir,

1364 3227 22 24 »
1426 3210 107 41 c'est
1568 3209 285 51 aujourd'hui
1888 3212 160 37 même.
2084 3207 125 42 Nous
2243 3217 158 31 tenons
2436 3222 55 26 en

1364 3286 22 24 »
1428 3287 80 23 nos
1536 3272 141 38 mains
1703 3269 42 40 la
1773 3271 70 38 vie
1872 3279 44 30 et
1942 3268 42 40 la
2011 3278 120 30 mort
2159 3267 57 40 de
2243 3284 81 23 nos
2352 3282 140 25 sœurs

1363 3344 22 26 »
1422 3340 45 30 et
1490 3329 57 41 de
1569 3345 82 24 nos
1675 3328 150 42 frères.

1430 3404 21 24 »
1494 3388 30 40 Il
1561 3388 95 40 faut
1691 3389 192 39 associer
1915 3386 102 41 Fart
2050 3389 26 37 à
2112 3385 42 41 la
2189 3387 302 39 construction
