2695 3957
1328 3577 117 84 234

362 3600 69 37 LA
457 3589 123 48 CITÉ

2016 3598 301 38 SEPTEMBRE
2348 3600 88 36 1922

464 384 1924 188 ARCHITECTURE

308 674 276 43 MALINES.
651 677 549 45 RECONSTRUCTION
1266 681 108 41 DES

242 734 245 44 BAILLES
514 735 79 43 DE
619 735 126 43 FER.
866 738 84 42 Les
977 743 195 38 maisons
1200 743 72 47 qui
1298 757 50 24 en-

243 804 178 33 tourent
449 795 62 41 les
536 795 158 42 bailles
723 797 57 41 de
809 797 68 42 fer
903 802 243 39 renaissent
1176 801 57 40 de
1261 800 112 41 leurs

242 854 188 42 cendres
463 870 112 26 avec
607 872 59 25 un
701 856 103 42 luxe
836 868 44 31 et
914 875 88 24 une
1032 859 341 41 surabondance

245 913 30 42 d
296 924 256 32 ornements
586 931 99 34 que,
721 919 150 38 même
901 920 28 38 à
963 917 213 47 Louvain,
1215 935 57 24 on
1305 922 44 46 ja-

240 972 146 44 louse!

310 1044 116 42 Mais
468 1061 52 25 ce
557 1045 117 43 n'est
714 1063 83 33 pas
840 1047 58 41 de
938 1064 73 25 ces
1053 1051 194 38 maisons
1288 1066 85 32 que

242 1120 113 26 nous
388 1104 193 42 voulons
614 1105 148 50 parler
795 1109 66 45 ici,
900 1110 111 39 mais
1046 1108 59 41 de
1135 1109 131 40 celles
1300 1112 71 45 qui

241 1162 260 44 s'élevaient
548 1181 74 25 sur
670 1165 43 41 le
760 1166 255 50 terre-plein
1063 1184 54 24 en
1167 1168 98 40 face
1315 1168 56 41 de

240 1222 196 42 l'édifice
459 1226 73 48 qui
556 1224 171 42 clôture
749 1225 43 41 la
819 1241 23 26 «
868 1229 195 48 piazetta
1087 1242 39 25 ».

304 1293 175 43 Sait-on
506 1310 98 35 que,
633 1298 196 48 quoique
852 1296 94 42 leur
972 1297 269 41 destruction
1268 1297 103 41 date

242 1352 59 42 de
353 1353 135 48 1914,
539 1354 390 43 l'administration
971 1356 283 41 communale
1299 1356 72 41 n'a

243 1422 202 41 toujours
484 1430 83 34 pas
604 1417 92 47 pris
735 1415 58 41 de
832 1415 194 41 décision
1067 1433 56 23 au
1161 1420 115 46 sujet
1315 1416 56 40 de

242 1472 94 42 leur
369 1476 365 39 reconstruction.
772 1474 84 41 Les
887 1491 82 24 uns
1003 1474 179 42 veulent
1216 1491 53 25 en
1303 1486 70 30 cet

241 1531 178 42 endroit
444 1549 59 24 un
530 1533 162 42 édifice
716 1534 366 50 public,d'autres
1105 1534 267 41 voudraient

242 1607 87 34 que
369 1591 92 41 l'on
501 1609 30 32 y
567 1596 222 47 aménage
828 1610 59 24 un
926 1610 168 33 square.
1136 1593 55 42 Et
1230 1604 118 31 entre-

242 1660 146 41 temps
411 1651 62 41 les
496 1653 193 40 sinistrés
710 1652 247 42 attendent.

308 1720 41 43 Y
391 1721 112 43 a-t-il
545 1724 28 39 à
611 1723 95 40 cela
748 1725 92 39 rien
884 1723 290 41 d'étonnant?
1224 1724 147 49 Après

242 1790 99 33 tout
371 1780 182 50 pareille
588 1785 204 47 question
825 1782 113 42 n'est
969 1799 82 34 pas
1086 1783 55 41 de
1174 1783 42 41 la
1249 1800 91 24 com-

239 1842 190 49 pétence
478 1841 58 41 de
583 1841 253 42 conseillers
882 1858 300 25 communaux
1230 1852 54 36 et,
1337 1845 32 38 si

238 1899 164 43 braves
448 1917 107 32 gens
604 1900 128 51 qu'ils
777 1903 157 44 soient,
984 1901 90 41 l'on
1120 1902 249 49 comprend

240 1958 131 52 qu'ils
414 1962 146 39 soient
602 1959 190 51 quelque
837 1976 87 35 peu
971 1960 297 41 embarrassés
1314 1961 56 40 de

240 2018 205 42 trancher
473 2019 139 50 pareil
643 2019 234 50 problème
907 2020 437 41 d'urbanisme.N'est-

238 2092 53 27 ce
316 2094 81 34 pas
421 2095 58 24 un
507 2078 79 41 des
611 2078 223 50 multiples
858 2096 74 24 cas
958 2083 58 37 où
1040 2079 328 42 l'intervention

240 2137 108 42 d'un
374 2137 177 41 Comité
576 2138 236 49 Supérieur
836 2138 59 41 de
917 2138 41 41 la
983 2138 382 47 Reconstruction,

240 2199 72 48 qui
341 2199 223 39 émettrait
591 2213 54 25 en
675 2198 174 41 dernier
873 2208 174 36 ressort,
1078 2215 58 24 un
1163 2201 93 38 avis
1284 2215 84 33 que

239 2255 93 43 l'on
367 2273 55 24 ne
456 2273 141 34 songe
630 2260 149 37 même
811 2274 80 33 pas
924 2260 26 38 à
986 2258 247 40 demander
1267 2260 26 38 à
1327 2257 40 41 la

238 2314 301 42 Commission
571 2315 174 50 Royale
776 2316 78 41 des
885 2316 289 42 Monuments
1204 2334 56 24 ou
1289 2334 52 23 au-

240 2385 88 31 tres
364 2378 274 47 organismes
672 2386 99 39 trop
805 2391 89 34 peu
926 2377 250 48 spécialisés
1209 2394 54 25 en
1298 2392 71 24 ces

238 2436 240 49 questions,
513 2438 209 46 apparaît
751 2434 104 42 bien
886 2434 354 50 indispensable>

304 2550 123 43 UNE
461 2550 238 42 MISSION
733 2551 304 41 ANGLAISE
1072 2551 161 42 DANS
1268 2552 102 40 LES

239 2610 262 42 REGIONS
533 2610 364 42 DEVASTEES.
1031 2610 60 41 Le
1125 2627 216 33 gouverne-

239 2681 125 31 ment
395 2669 171 52 anglais
600 2672 73 48 qui
709 2686 47 24 se
789 2673 253 46 préoccupe
1075 2671 294 48 grandement

238 2729 80 43 des
352 2733 331 47 conséquences
718 2729 60 41 du
811 2728 219 51 chômage
1065 2729 225 42 industriel
1326 2740 42 32 et

236 2788 211 42 s'efforce
491 2789 78 50 d'y
607 2798 155 42 porter
801 2788 184 42 remède
1025 2805 55 25 en
1122 2789 245 41 favorisant

238 2848 41 44 le
303 2858 151 32 retour
479 2865 89 24 aux
593 2848 199 50 champs,
825 2850 202 38 examine
1056 2847 41 41 la
1124 2848 243 49 possibilité

240 2907 57 42 de
325 2910 242 39 construire
597 2907 57 42 de
681 2910 162 48 petites
873 2907 162 40 fermes
1065 2907 200 41 modèles
1295 2910 72 47 qui

239 2970 190 39 seraient
458 2967 161 41 cédées
649 2984 83 33 par
762 2969 202 39 annuités
993 2983 87 24 aux
1112 2977 252 39 occupants.

304 3026 103 42 Une
447 3026 257 50 délégation
745 3025 213 42 officielle
996 3043 25 23 a
1061 3027 69 39 été
1169 3029 201 46 envoyée

240 3085 329 43 dernièrement
597 3102 54 26 en
681 3085 212 50 Belgique
922 3101 114 34 pour
1065 3087 225 39 examiner
1319 3100 48 25 ce

237 3149 74 47 qui
339 3148 121 39 avait
487 3148 70 39 été
586 3145 156 41 réalisé
772 3145 113 41 dans
913 3144 63 42 les
1005 3146 175 48 régions
1211 3144 130 41 dévas-

238 3208 92 39 tées
364 3221 55 25 en
451 3222 51 24 ce
536 3207 74 48 qui
643 3221 222 25 concerne
898 3205 42 41 la
974 3206 299 39 construction
1310 3204 56 40 de

242 3264 175 43 fermes.
462 3264 168 47 Citons,
674 3266 146 48 parmi
860 3263 64 41 les
964 3262 223 42 membres
1230 3262 57 42 de
1328 3262 41 42 la

242 3323 256 50 délégation
532 3341 10 24 :
569 3323 68 42 Sir
661 3323 184 41 Charles
870 3323 36 50 J.
936 3321 178 43 Ruthen
1141 3321 54 42 O.
1226 3321 47 42 B.
1303 3321 64 46 E.,

238 3382 232 44 Directeur
504 3383 181 49 général
722 3383 62 41 du
818 3382 314 50 département
1167 3381 57 41 de
1261 3381 87 41 l'ha-

1447 681 189 42 bitation
1660 700 58 24 au
1742 683 226 43 Ministère
1994 686 57 40 de
2075 686 256 51 l'Hygiène;
2359 688 66 41 Sir
2451 688 93 41 Law-

1448 756 128 26 rence
1603 742 191 42 Weaner
1819 743 55 42 O.
1902 744 48 42 B.
1977 744 47 43 E.
2053 745 230 44 Directeur
2309 747 58 41 de
2392 747 184 41 l'Office

1447 801 190 50 Agraire
1676 820 57 24 au
1771 802 226 43 Ministère
2037 805 56 41 de
2133 805 249 51 l'Hygiène,
2427 818 44 30 et
2508 807 67 42 Sir

1447 859 150 42 David
1625 860 284 50 Shackleton,
1940 863 52 42 K.
2024 863 47 42 C.
2104 865 64 45 8.,
2201 866 229 41 conseiller
2456 869 94 46 prin-

1445 920 117 50 cipal
1590 921 60 41 du
1676 922 156 41 travail
1857 940 57 24 au
1939 922 228 43 Ministère
2194 925 60 41 du
2280 925 190 42 Travail.

1513 979 62 41 La
1604 980 254 50 délégation
1886 999 25 24 a
1936 985 127 38 visité
2091 983 155 51 Ypres,
2278 984 225 43 Dixmude
2532 995 43 31 et

1448 1038 62 41 les
1540 1055 271 35 campagnes
1841 1044 356 40 environnantes.

1516 1144 81 42 LA
1632 1144 545 46 RECONSTRUCTION
2215 1149 110 42 DES
2361 1150 214 46 GARES,

1449 1203 77 42 EN
1559 1204 254 42 FRANCE.
1947 1207 62 41 La
2044 1207 280 52 Compagnie
2357 1210 61 41 du
2449 1209 127 42 Nord

1451 1263 112 42 dont
1598 1265 62 41 les
1694 1265 161 42 efforts
1891 1267 186 42 tendent
2114 1270 26 39 à
2174 1269 178 41 réaliser
2387 1286 70 24 sur
2493 1286 82 24 son

1447 1326 166 43 réseau,
1646 1341 92 25 non
1764 1324 246 44 seulement
2037 1326 79 42 des
2143 1328 293 41 installations
2463 1329 112 41 dans

1447 1382 167 51 l'esprit
1638 1383 40 40 le
1698 1384 99 50 plus
1820 1385 231 47 moderne,
2075 1389 112 39 mais
2209 1390 114 39 aussi
2348 1388 77 41 des
2449 1404 126 34 gares

1447 1445 258 47 présentant
1733 1460 59 24 un
1821 1447 159 39 intérêt
2008 1445 306 44 architectural
2344 1465 39 29 a,
2415 1447 132 41 volon-

1448 1503 113 45 tiers,
1605 1505 183 48 accepté
1830 1504 59 41 de
1928 1504 41 41 la
2008 1504 105 41 ville
2154 1505 57 42 de
2253 1505 318 49 Carcassonne,

1446 1561 224 42 Marraine
1702 1563 58 41 de
1791 1563 154 50 Coucy
1976 1564 40 41 le
2047 1564 213 47 Château,
2295 1583 60 24 un
2385 1566 93 42 don

1447 1621 142 41 tribué
1609 1624 27 38 à
1656 1622 41 41 la
1719 1626 346 38 reconstruction
2089 1624 134 42 d'une
2244 1642 105 33 gare
2370 1625 205 42 donnant

1447 1683 26 38 à
1494 1697 49 24 sa
1565 1681 58 40 vil
1628 1681 227 42 le-filleule
1877 1700 114 33 pour
2012 1699 68 25 ses
2103 1684 249 42 nombreux
2374 1687 201 39 visiteurs

1447 1756 86 25 une
1571 1743 165 39 station
1774 1742 194 49 gardant
2006 1742 41 41 le
2085 1746 224 39 caractère
2350 1744 79 42 des
2468 1761 79 24 con-

1443 1802 236 39 structions
1705 1800 59 42 du
1787 1817 123 34 pays.

1511 1858 155 51 Coucy
1707 1859 43 41 le
1791 1860 201 42 Châ/teau
2032 1878 106 24 aura
2183 1865 108 39 ainsi
2335 1863 41 41 la
2420 1863 155 42 bonne

1447 1917 179 44 fortune
1654 1919 58 41 de
1738 1920 217 50 posséder
1981 1937 88 25 une
2093 1937 107 34 gare
2225 1933 212 39 rompant
2463 1938 112 26 avec

1446 1977 288 42 l'uniformité
1762 1979 78 41 des
1866 1984 323 38 constructions
2217 1981 186 43 d'utilité
2429 1982 118 50 publi-

1445 2053 84 33 que
1563 2040 175 38 traitées
1770 2054 53 25 en
1858 2042 110 37 série
1999 2056 72 25 sur
2103 2051 124 30 toute
2256 2041 225 42 l'étendue
2514 2041 58 42 de

1445 2095 41 43 la
1514 2095 178 43 France.

1509 2155 74 43 On
1619 2173 56 25 ne
1710 2167 108 39 peut
1853 2173 85 34 que
1974 2158 185 42 féliciter
2194 2159 62 41 les
2288 2170 282 40 promoteurs

1445 2215 58 41 de
1536 2215 146 47 l'idée,
1718 2217 317 49 Jean-Gabriel
2072 2218 224 47 Lemoine,
2335 2218 208 42 Combele-

1445 2291 92 30 ran,
1578 2274 184 42 Charles
1799 2276 132 47 Brun,
1974 2288 44 30 et
2056 2277 62 41 La
2156 2278 297 41 Renaissance
2493 2279 78 40 des

1443 2333 120 42 Cités
1605 2335 112 40 dont
1758 2335 41 42 le
1839 2335 428 51 Délégué-Général,
2314 2338 108 41 Mlle
2463 2338 80 42 Tar-

1445 2394 250 50 rade-Page
1733 2405 64 31 est
1835 2398 230 39 intervenu
2104 2412 111 26 avec
2251 2413 83 25 son
2376 2398 167 40 dévoue-

1445 2465 122 30 ment
1596 2453 195 42 habituel
1823 2466 121 30 entre
1974 2455 42 41 la
2044 2455 104 42 ville
2180 2457 57 40 de
2265 2457 306 42 Carcassonne

1442 2525 45 31 et
1510 2512 42 43 la
1574 2512 281 52 Compagnie
1878 2514 60 42 du
1959 2514 139 43 Nord.

1507 2619 545 42 RECONSTRUCTION
2102 2619 74 42 ET
2223 2620 308 43 RESTAURA-

1442 2679 142 42 TION
1623 2679 322 42 D'EDIFICES
1983 2680 209 42 PRIVES
2231 2681 216 42 AYANT
2485 2681 84 42 UN

1440 2739 367 43 CARACTERE
1832 2740 517 42 MONUMENTAL.—
2373 2741 164 43 INTER-

1440 2800 270 43 VENTION
1762 2801 359 42 PECUNIAIRE
2169 2801 79 42 DE
2298 2802 80 42 LA
2429 2802 105 42 PRO-

1440 2860 195 42 VINCE.
1661 2886 67 5 -
1751 2861 65 42 En
1844 2862 105 41 date
1973 2862 59 41 du
2066 2862 9 41 1
2096 2863 22 40 7
2146 2866 92 47 juin
2272 2862 134 47 1921,
2436 2862 60 42 M.
2528 2863 41 41 le

1442 2938 278 33 gouverneur
1755 2922 178 41 adresse
1969 2923 42 40 la
2046 2923 223 41 circulaire
2305 2927 202 38 suivante
2542 2927 26 38 à

1441 2982 112 42 MM.
1594 2982 62 42 les
1691 2982 336 43 Commissaires
2065 2983 437 48 d'arrondissement,
2542 2987 26 38 à

1441 3042 112 42 MM.
1590 3043 61 42 les
1684 3043 258 42 architectes
1973 3047 290 48 provinciaux
2296 3057 43 31 et
2370 3062 87 24 aux
2488 3044 52 41 ad-

1442 3106 315 40 ministrations
1786 3104 305 42 communales
2116 3122 10 24 :

1641 3201 22 28 €
1693 3187 247 47 Messieurs,

1510 3274 24 27 <
1574 3259 61 42 Le
1672 3259 177 42 Conseil
1888 3260 245 50 provincial
2173 3277 26 24 a
2236 3262 147 39 inscrit
2421 3262 25 39 à
2484 3276 82 24 son

1441 3320 171 50 budget
1653 3320 59 41 de
1752 3320 230 41 l'exercice
2029 3320 109 41 1921
2191 3337 58 24 un
2290 3320 142 41 crédit
2510 3318 58 42 de

1442 3380 175 46 20,000
1654 3381 146 41 francs
1835 3398 114 32 pour
1984 3380 42 41 la
2062 3383 347 39 reconstruction
2444 3389 46 33 et
2523 3378 42 43 la
