2695 3957
1304 3605 126 73 220

372 3629 66 36 LA
487 3619 122 45 CITÉ

2029 3631 304 38 SEPTEMBRE
2364 3636 81 33 1921

558 326 56 40 Le
638 324 197 42 cubisme
859 336 52 30 en
934 324 66 41 soi
1027 326 268 53 m'apparaît
1319 324 113 41 donc
1457 336 169 29 comme
1652 335 83 30 une
1761 335 159 30 erreur.
1946 322 118 42 Mais
2086 323 65 55 j'y
2172 323 112 51 vois,
2307 323 46 55 je
2377 323 38 41 le

435 398 160 53 répète,
627 410 56 27 un
713 397 249 54 symptôme
991 397 249 42 émouvant.
1269 396 270 50 Construire,
1569 396 88 50 oui,
1687 396 43 40 là
1762 399 65 38 est
1855 396 40 41 le
1925 396 87 41 bon
2045 397 183 40 chemin.
2261 394 126 45 Seule-

435 472 131 45 ment,
603 468 24 41 il
666 471 65 38 est
766 471 98 52 trop
900 469 99 41 tard
1032 481 112 42 pour
1179 469 42 42 la
1253 469 199 55 peinture
1486 468 73 55 qui
1596 479 25 30 a
1655 467 153 54 perdu,
1847 479 51 30 en
1935 478 47 33 se
2019 468 250 53 dispersant
2307 479 105 30 avec

434 540 167 54 l'esprit
629 542 141 39 même
797 540 54 41 de
877 540 220 52 l'homme,
1128 543 111 39 dans
1267 542 217 53 l'enquête
1513 539 273 52 universelle,
1817 540 40 42 la
1889 540 287 42 dissociation
2207 544 40 38 et
2278 542 112 40 l'ana-

434 611 105 55 lyse,
573 613 63 40 les
666 613 285 44 instruments
984 614 262 41 individuels
1278 614 55 41 de
1363 614 41 41 la
1434 613 313 40 construction.
1782 613 54 40 Et
1869 624 56 29 un
1958 625 83 41 peu
2074 615 98 51 trop
2207 615 63 40 tôt
2302 624 112 42 pour

2389 672 10 7 ♦

432 685 322 41 l'architecture
788 686 71 54 qui
895 686 100 41 n'en
1031 699 26 29 a
1090 698 83 43 pas
1208 698 158 30 encore
1396 685 245 42 rassemblé
1674 686 64 41 les
1773 686 285 41 instruments
2094 688 194 40 sociaux.
2331 688 79 39 Les

434 756 191 54 peintres
655 758 72 53 qui
757 760 268 38 soumettent
1053 759 305 40 actuellement
1387 758 42 40 la
1456 758 198 53 peinture
1685 770 85 29 aux
1799 769 181 43 moyens
2011 758 56 41 de
2094 759 318 40 l'architecture

431 831 297 48 commettent,
757 841 51 30 en
839 841 101 30 sens
968 831 183 50 inverse,
1180 831 177 41 l'erreur
1385 830 76 42 des
1485 831 264 41 architectes
1776 831 89 54 qui,
1893 830 89 42 lors
2012 831 54 41 de
2094 832 40 40 la
2165 831 249 41 décadence

431 901 60 42 du
515 902 110 54 style
650 902 144 55 ogival
820 915 78 41 par
924 904 211 54 exemple,
1160 904 149 54 quand
1334 904 121 40 allait
1479 905 140 40 naître
1643 904 42 40 la
1709 904 212 53 peinture,
1947 904 270 41 réduisaient
2241 905 150 40 l'archi-

432 975 167 40 tecture
627 986 86 29 aux
741 986 182 43 moyens
953 976 53 41 de
1032 977 42 41 la
1099 976 198 55 peinture
1323 987 80 42 par
1429 976 38 41 le
1498 976 115 41 désir
1640 976 130 53 qu'ils
1798 989 52 29 en
1880 977 187 41 avaient.
2097 976 106 42 Cela
2232 989 52 30 ne
2312 980 100 38 veut

431 1057 84 42 pas
543 1047 103 50 dire,
674 1047 188 42 n'est-ce
886 1060 98 42 pas,
1010 1061 84 42 que
1118 1050 42 40 la
1185 1048 167 42 culture
1377 1048 118 42 archi
1502 1048 249 55 tectonique
1779 1060 52 29 ne
1857 1050 88 40 soit
1968 1061 84 42 pas
2081 1050 247 40 nécessaire
2355 1062 55 28 au

432 1118 182 52 peintre.
648 1118 94 42 Elle
771 1119 98 42 l'est
900 1121 100 53 plus
1031 1132 83 42 que
1142 1121 173 54 jamais,
1348 1121 111 40 mais
1492 1122 24 38 à
1547 1121 224 40 condition
1804 1132 85 43 que
1921 1122 39 41 le
1991 1122 167 53 peintre
2191 1135 54 29 ne
2275 1122 136 55 perde

431 1202 83 41 pas
539 1191 53 42 de
614 1203 84 30 vue
719 1203 84 42 que
825 1192 99 42 l'art
947 1192 54 43 de
1023 1193 114 41 bâtir
1160 1197 41 38 et
1222 1193 97 41 l'art
1344 1193 52 41 de
1419 1193 183 53 peindre
1626 1194 121 40 n'ont
1770 1194 40 40 ni
1837 1193 62 42 les
1925 1194 163 41 mêmes
2113 1194 228 54 procédés,
2369 1196 39 39 ni

432 1262 65 40 les
529 1263 162 41 mêmes
727 1264 306 42 destinations.
1070 1264 65 42 De
1166 1277 50 29 ce
1248 1277 84 43 que
1363 1266 42 40 la
1437 1266 166 40 culture
1635 1266 315 54 géométrique,
1984 1278 80 42 par
2099 1267 212 53 exemple,
2346 1269 66 40 est

431 1333 224 42 nécssaire
684 1346 54 29 au
770 1335 365 55 développement
1163 1337 175 54 logique
1370 1337 53 42 de
1451 1337 180 54 l'esprit,
1660 1338 93 41 cela
1784 1349 53 30 ne
1865 1338 179 55 signifie
2073 1351 52 29 en
2157 1339 88 41 rien
2276 1340 132 53 qu'un

431 1405 229 55 banquier,
691 1419 56 28 un
777 1408 213 51 médecin,
1022 1420 54 31 u<n
1107 1409 246 55 négociant,
1385 1420 56 30 un
1472 1412 158 39 avocat
1659 1410 144 41 soient
1831 1412 125 39 tenus
1988 1410 53 42 de
2069 1412 258 53 s'exprimer
2358 1423 50 29 en

430 1480 160 40 termes
616 1479 340 54 géométriques.
984 1480 57 43 Le
1064 1481 106 50 vrai,
1196 1481 106 42 c'est
1328 1493 84 43 que
1438 1481 226 42 l'individu
1692 1494 52 29 ne
1770 1485 104 51 peut
1900 1483 177 53 espérer
2104 1483 200 42 assouvir
2331 1495 80 42 par

430 1550 42 42 la
495 1551 199 54 peinture
719 1553 78 40 des
824 1553 138 41 désirs
986 1554 222 56 généraux
1232 1555 73 53 qui
1330 1556 78 40 ont
1429 1555 322 42 l'architecture
1772 1567 113 41 pour
1908 1555 135 55 objet.

1388 1732 55 41 IV

554 1850 123 41 Voici
717 1850 128 50 donc,
882 1851 25 40 à
942 1862 101 30 mon
1080 1851 107 49 avis,
1223 1851 40 40 le
1298 1851 221 41 caractère
1554 1851 215 53 principal
1903 1854 40 37 et
1982 1850 160 41 double
2279 1850 52 41 die
2366 1850 42 40 la

429 1923 323 41 contradiction
785 1923 202 55 tragique
1019 1924 55 40 où
1107 1925 123 39 notre
1261 1925 141 52 temps
1436 1935 47 29 se
1517 1923 131 41 débat
1674 1940 8 27 :
1718 1923 129 41 d'une
1878 1925 112 51 part,
2023 1923 386 40 l'individualisme

431 1994 203 42 échevelé
661 2007 84 41 que
772 1996 167 40 chacun
968 1996 53 40 de
1047 2007 113 29 nous
1185 1996 245 48 manifeste,
1461 1996 168 40 d'autre
1657 1998 99 50 part
1783 1996 40 40 la
1852 1996 170 54 fatigue
2051 1996 53 40 de
2131 1995 254 41 l'individua-

431 2067 125 40 lisme
588 2079 84 41 que
703 2067 168 41 chacun
906 2067 53 40 de
990 2079 111 29 nous
1135 2068 203 53 éprouve,
1371 2070 42 39 et
1445 2079 84 42 que
1562 2067 244 45 {traduisent
1839 2068 40 41 la
1914 2068 176 53 plupart
2124 2067 77 41 des
2235 2078 173 30 œuvres

431 2139 139 41 même
599 2140 55 40 où
684 2139 227 41 l'individu
941 2139 183 42 cherche
1150 2140 38 41 le
1214 2140 99 53 plus
1340 2141 26 40 à
1394 2152 47 30 se
1470 2141 299 54 singulariser.
1801 2141 59 39 La
1889 2141 163 40 société
2173 2140 41 41 la
2244 2139 164 42 société

432 2215 53 36 de
514 2211 202 54 toujours
838 2211 166 42 semble
1032 2211 134 51 obéir,
1197 2225 50 28 en
1277 2225 80 29 son
1387 2213 234 49 évolution,
1654 2215 25 38 à
1708 2225 84 28 une
1823 2215 119 39 sorte
1972 2213 52 41 de
2053 2224 238 42 processus
2323 2213 64 40 chi-

430 2284 145 53 mique
601 2285 71 53 qui
699 2285 176 40 marche
901 2287 97 38 tour
1024 2286 24 39 à
1075 2288 109 45 tour,
1213 2297 109 41 pour
1351 2286 309 54 désorganiser
1688 2298 53 28 un
1771 2297 130 41 corps
1929 2286 151 40 ancien
2111 2288 40 38 et
2179 2286 227 54 organiser

430 2368 55 28 un
513 2368 131 41 corps
670 2368 216 37 nouveau,
914 2356 52 41 de
992 2357 40 40 la
1060 2357 284 41 dissociation
1375 2358 184 40 d'abord
1587 2358 113 40 lente
1728 2361 39 38 et
1795 2358 275 53 incomplète,
2099 2358 99 53 puis
2228 2358 51 40 de
2307 2358 99 52 plus

429 2439 53 29 en
509 2428 100 53 plus
637 2428 154 53 rapide
818 2431 40 38 et
885 2429 206 49 radicale,
1121 2429 75 40 des
1223 2430 208 40 éléments
1457 2431 70 53 qui
1559 2431 36 40 le
1623 2432 272 51 composent,
1925 2432 24 38 à
1978 2431 295 54 l'intégration
2303 2442 78 41 pro-

429 2501 211 53 gressive,
676 2500 110 40 dans
820 2512 56 28 un
911 2502 154 39 nouvel
1101 2500 223 54 équilibre,
1359 2503 54 40 de
1444 2515 71 28 ces
1550 2504 208 40 éléments
1793 2503 170 41 libérés.
2001 2502 60 42 Ce
2095 2504 71 52 qui
2203 2504 204 53 explique

430 2583 50 29 en
518 2573 138 40 même
692 2576 143 49 temps
868 2572 434 42 l'individualisation
1338 2575 191 40 extrême
1566 2578 40 37 et
1642 2575 221 43 l'extrême
1900 2575 152 40 besoin
2091 2576 313 41 d'association

431 2644 52 41 de
510 2655 72 30 ces
609 2645 223 40 éléments.
864 2643 96 49 Que
986 2657 112 28 nous
1125 2646 179 53 soyions
1331 2648 24 38 à
1381 2647 41 40 la
1447 2648 126 39 veille
1602 2648 128 40 d'une
1759 2648 263 54 intégration
2053 2648 189 53 capitale
2270 2650 24 38 à
2323 2660 82 41 peu

428 2717 101 51 près
553 2717 218 41 inconnue
795 2717 110 40 dans
927 2728 72 29 ses
1021 2718 166 48 modes,
1209 2719 114 39 voilà
1347 2719 71 54 qui
1442 2732 52 28 ne
1517 2732 67 28 me
1607 2721 145 52 paraît
1774 2732 81 41 pas
1881 2720 206 41 douteux.
2113 2721 54 40 Et
2189 2722 118 39 aussi
2333 2721 70 53 qui

429 2800 67 29 me
521 2790 145 51 paraît
692 2790 235 52 impropre,
955 2789 99 41 bien
1082 2802 82 41 que
1189 2791 61 52 j'y
1272 2791 98 41 voie
1395 2792 41 40 la
1462 2793 206 53 guérison
1697 2793 52 40 de
1776 2793 385 41 l'individualisme
2189 2793 220 42 comvuïsif

431 2860 55 40 où
518 2860 175 42 sombre
724 2862 38 40 le
791 2862 129 39 vieux
951 2862 173 49 monde,
1155 2864 24 38 à
1211 2862 163 41 donner
1405 2876 85 28 aux
1522 2865 261 53 champions
1816 2865 51 40 de
1901 2879 21 25 «
1956 2866 41 40 la
2028 2865 152 41 liberté
2210 2869 40 37 et
2282 2866 52 41 de
2366 2867 40 39 la

430 2932 167 54 dignité
620 2933 52 40 de
695 2935 40 38 la
759 2946 219 40 personne
1000 2934 205 41 humaine
1227 2946 34 37 »,
1285 2935 215 42 l'attitude
1523 2937 289 49 scandalisée,
1837 2938 190 53 inquiète
2050 2950 55 28 ou
2130 2938 276 53 simplement

430 3005 320 54 mélancolique
779 3007 54 39 où
862 3006 43 53 je
932 3006 96 41 vois
1057 3007 188 40 certains
1275 3008 164 41 d'entre
1467 3021 95 28 eux.
1596 3010 145 40 Lutter
1771 3012 150 39 contre
1949 3010 62 40 les
2042 3010 209 55 religions
2282 3022 93 29 mou-

429 3079 147 39 rantes
600 3090 66 28 me
691 3077 166 42 semble
882 3079 24 39 à
931 3078 128 53 peine
1084 3079 259 49 nécessaire,
1371 3092 71 28 car
1468 3081 25 40 il
1522 3082 112 40 n'est
1657 3094 81 40 pas
1766 3083 243 52 d'exemple
2036 3083 160 54 qu'une
2221 3084 182 54 religion

427 3150 232 39 mourante
685 3161 45 28 se
756 3149 85 40 soit
866 3149 193 41 ranimée
1084 3151 243 40 autrement
1352 3151 127 53 qu'en
1503 3153 254 54 changeant
1783 3153 53 41 de
1862 3153 160 51 milieu,
2051 3154 51 41 de
2128 3166 196 42 moyens,
2353 3154 52 42 de

429 3221 222 50 prétextes
679 3223 52 47 et,
763 3221 52 41 de
840 3233 50 29 ce
918 3222 93 49 fait,
1040 3234 52 28 ne
1120 3234 46 28 se
1193 3222 85 41 soit
1303 3224 290 42 transformée
1620 3237 111 41 pour
1760 3226 215 52 répondre
2004 3239 86 28 aux
2117 3226 179 41 besoins
2328 3227 76 40 des

429 3292 197 40 hommes
658 3295 40 39 et
729 3294 76 40 des
833 3294 184 54 peuples
1047 3294 72 54 qui
1148 3294 301 53 l'adoptaient.
1484 3296 178 41 Ecarter
1694 3298 76 40 des
1802 3298 267 53 hypothèses
2102 3299 302 41 souhaitables

427 3367 129 38 —et
581 3366 138 41 même
744 3365 220 54 possibles
986 3391 67 5 -
1076 3379 83 29 une
1186 3367 180 54 religion
1394 3368 227 42 naissante
1644 3382 68 28 mie
1738 3369 164 42 semble
1930 3372 141 39 moins
2099 3383 107 42 sage
2233 3383 170 37 encore,
