2695 3957
284 3631 69 35 LA
379 3619 121 47 CITÉ

1300 3618 89 47 213

1931 3629 301 38 SEPTEMBRE
2265 3632 80 35 1921

333 363 977 86 ARCHITECTURE

1109 564 82 46 ET
1272 526 1031 84 INDIVIDUALISME

1320 871 18 44 I

463 983 29 41 Il
522 995 28 42 y
578 993 26 31 a
631 992 171 38 encore,
833 981 26 40 il
887 992 30 43 y
946 991 108 30 aura
1082 990 156 33 encore
1268 978 77 42 des
1373 979 208 54 peintres,
1611 978 230 55 beaucoup
1874 978 54 42 de
1955 979 206 54 peintres.
2194 978 116 41 Mais

334 1056 42 41 la
404 1054 199 54 peinture
631 1056 67 38 est
724 1052 119 42 finie.

462 1134 70 45 On
562 1147 52 29 ne
644 1146 69 30 me
738 1134 144 42 croira
910 1144 94 45 pas.
1036 1134 60 41 La
1122 1134 200 54 peinture
1348 1132 221 56 jouit-elle
1595 1132 164 54 jamais
1788 1131 129 43 d'une
1947 1133 152 41 faveur
2129 1143 152 43 compa-

335 1208 151 42 rable?
518 1207 115 43 Tout
661 1208 41 41 le
730 1207 160 40 monde
919 1217 54 30 en
1002 1207 91 40 fait.
1126 1205 241 55 Jusqu'aux
1398 1204 265 42 marchands
1696 1203 54 41 de
1780 1203 220 42 tableaux.
2034 1204 56 41 Ils
2122 1216 53 30 ne
2204 1205 102 40 sont

335 1292 83 42 pas
448 1279 240 41 seulement
724 1278 109 40 dans
866 1278 39 42 le
936 1278 172 53 temple,
1143 1277 52 41 ils
1225 1278 296 39 commentent
1649 1287 58 29 ou
1741 1275 140 41 même
1912 1275 200 55 rédigent
2243 1274 63 42 les

338 1351 139 42 saints
504 1350 160 42 Livres.
692 1350 56 41 Us
774 1350 183 41 fondent
984 1349 76 41 des
1087 1349 147 41 usines
1262 1348 55 40 de
1341 1349 212 53 peinture,
1581 1346 101 42 d'où
1710 1346 38 42 le
1774 1346 178 44 tableau
1976 1359 54 29 en
2057 1346 111 42 série
2193 1358 87 30 com-

339 1434 150 31 mence
509 1424 25 39 à
553 1423 141 42 sortir.
717 1421 121 42 Tous
858 1432 111 31 ceux
986 1421 73 54 qui
1082 1433 53 29 ne
1153 1420 96 41 font
1270 1430 82 43 pas
1375 1419 55 42 de
1447 1420 44 41 la
1508 1419 201 54 peinture
1729 1419 190 40 écrivent
1938 1429 75 32 sur
2033 1418 44 41 la
2096 1419 213 53 peinture,

336 1495 121 41 aussi
482 1505 112 31 ceux
621 1495 72 52 qui
721 1505 51 29 en
797 1494 109 48 font,
934 1496 42 37 et
1000 1504 73 30 ces
1101 1492 208 49 derniers,
1338 1491 235 50 d'ailleurs,
1600 1491 89 41 fort
1714 1490 113 41 bien.
1856 1491 58 41 Le
1938 1490 373 53 peintre-critique

339 1578 222 44 gouverne
585 1565 45 42 la
654 1565 137 42 danse
818 1566 40 41 et
884 1565 42 40 la
951 1565 142 49 mode,
1121 1564 42 41 la
1188 1564 242 41 littérature
1453 1565 44 40 et
1522 1564 40 41 le
1587 1562 182 42 théâtre.
1798 1562 124 41 Paris
1953 1561 173 42 devient
2152 1574 50 29 ce
2226 1572 85 44 que

339 1639 66 40 fut
435 1637 207 50 Athènes,
674 1635 277 51 Alexandrie,
984 1636 99 53 plus
1115 1636 98 41 tard
1246 1635 171 56 Bruges
1449 1645 56 32 au
1538 1633 78 42 XV
1619 1640 16 18 e
1667 1633 145 50 siècle,
1848 1633 209 42 Florence
2089 1645 56 30 au
2178 1632 99 43 XVI
2279 1640 16 16 e
2300 1665 10 18 ,

339 1710 136 44 Rome
498 1721 54 29 au
575 1708 119 42 XVII
698 1715 15 16 e
719 1741 7 8 .
750 1707 116 42 Mais
887 1707 116 42 mille
1023 1707 87 42 fois
1131 1707 101 53 plus
1254 1707 238 52 important
1515 1705 280 54 qu'Athènes,
1820 1703 279 52 Alexandrie,
2124 1703 186 56 Bruges,

339 1781 207 42 Florence
572 1783 41 40 et
641 1779 136 46 Rome
802 1781 184 48 réunies,
1014 1781 93 39 tout
1133 1790 55 30 au
1215 1778 142 42 moins
1383 1790 54 30 en
1464 1777 210 56 quantité.
1703 1776 85 43 Car
1816 1777 289 42 l'unification
2131 1777 157 55 vertigi-

338 1863 134 31 neuse
505 1852 56 41 du
593 1852 189 53 système
814 1862 189 31 nerveux
1037 1851 55 40 du
1124 1849 130 56 globe
1284 1849 213 55 multiplie
1526 1849 266 41 l'attraction
1826 1848 55 42 de
1912 1849 140 41 Paris.
2086 1848 125 42 Paris
2244 1851 66 39 est

338 1924 41 42 la
409 1924 110 41 foire
551 1923 53 42 de
633 1924 42 40 la
705 1924 209 52 peinture.
947 1923 266 55 L'étranger,
1247 1922 53 43 de
1328 1923 191 52 partout,
1549 1933 31 42 y
1606 1920 118 41 vient
1756 1920 179 41 s'initier
1967 1922 24 39 à
2023 1920 43 41 la
2094 1920 213 54 peinture,

338 1995 401 55 s'approvisionner
769 1995 52 41 de
848 1994 211 53 peinture,
1088 1994 211 53 trafiquer
1328 2004 74 31 sur
1431 1994 43 41 la
1500 1993 212 53 peinture.
1745 1993 70 42 Un
1845 1992 131 43 siècle
2006 1993 55 42 de
2089 1992 221 55 grandeur

335 2065 235 56 plastique,
613 2078 52 30 en
708 2065 178 50 France,
929 2077 27 29 a
992 2065 227 54 provoqué
1258 2065 42 41 la
1341 2065 183 54 pullulât
1529 2065 71 41 ion
1641 2064 261 53 parasitaire
1943 2075 72 30 sur
2057 2064 39 41 le
2136 2064 174 41 colosse

338 2136 232 51 déclinant,
599 2136 272 55 phénomène
901 2139 215 47 constant,
1147 2136 260 50 nécessaire,
1439 2138 40 39 et
1505 2136 43 54 je
1578 2135 108 42 dirai
1717 2136 139 41 même
1883 2135 125 41 sacré
2036 2135 34 41 si
2098 2145 110 31 vous
2237 2135 73 53 n'y

335 2220 137 43 voyez
504 2220 81 42 pas
618 2209 361 42 d'inconvénient.

452 2291 112 55 Cinq
586 2291 115 42 mille
722 2291 191 55 peintres
938 2294 74 38 ont
1037 2291 56 41 du
1119 2290 147 42 talent.
1291 2290 135 55 Vingt
1451 2290 115 42 mille
1591 2301 50 31 se
1663 2290 165 41 croient
1854 2290 56 41 du
1935 2290 140 55 génie.
2102 2289 38 42 A
2163 2290 122 55 vingt-

335 2364 103 54 cinq
470 2375 80 31 ans
584 2375 55 29 on
674 2376 25 28 a
732 2375 58 29 un
824 2375 113 38 nom,
973 2366 41 38 et
1046 2374 111 42 pour
1190 2374 48 29 se
1272 2362 111 41 faire
1417 2374 57 29 un
1508 2374 101 29 nom
1644 2374 85 30 une
1764 2362 150 41 saison
1949 2362 137 41 suffit.
2123 2361 65 41 En
2225 2373 84 29 une

336 2435 151 48 année,
517 2448 55 27 on
600 2434 157 41 exhibe
783 2446 70 29 ses
880 2445 173 30 œuvres
1082 2434 109 40 dans
1219 2436 138 38 trente
1385 2434 196 41 endroits
1609 2432 184 55 publics.
1825 2432 86 42 Car
1939 2434 62 40 les
2030 2431 173 52 Salons,
2234 2444 73 30 ces

338 2508 198 41 marchés
570 2507 254 50 d'esclaves,
858 2519 52 29 ne
942 2506 203 42 suffisent
1177 2507 98 52 plus
1308 2507 24 40 à
1365 2506 91 41 leur
1487 2506 141 41 tâche.
1662 2503 182 56 Chaque
1875 2506 112 53 jour,
2022 2505 110 42 dans
2166 2505 139 47 Paris,

336 2578 73 41 dix
438 2578 272 54 expositions
738 2577 245 42 collectives
1011 2590 55 30 ou
1092 2577 301 55 particulières
1421 2577 261 42 distribuent
1709 2577 113 41 leurs
1849 2580 275 50 prospectus.
2152 2576 71 43 On
2253 2588 52 30 ne

336 2649 197 42 s'étonne
553 2651 99 53 plus
675 2649 54 41 de
748 2649 106 50 voir,
879 2661 57 29 un
957 2648 112 42 beau
1091 2649 148 45 matin,
1263 2649 45 40 la
1329 2648 210 55 boutique
1563 2648 53 42 de
1639 2660 50 29 sa
1713 2648 204 41 mercière
1939 2648 292 41 transformée
2250 2658 55 31 en

334 2722 200 54 magasin
567 2722 52 40 de
649 2722 209 53 peinture-
890 2721 61 41 La
978 2722 139 40 même
1149 2721 206 49 semaine,
1388 2722 54 39 tel
1475 2721 169 53 peintre
1672 2733 27 29 a
1731 2723 152 51 quatre
1914 2719 125 42 toiles
2072 2719 111 42 dans
2213 2719 90 42 l'un

336 2792 54 42 de
418 2804 72 31 ces
518 2792 87 42 box
636 2793 150 42 étroits
814 2793 56 41 où
900 2793 132 55 règne
1061 2803 83 31 une
1172 2792 222 40 obscurité
1423 2792 221 42 d'ailleurs
1675 2802 104 30 sans
1809 2792 341 49 inconvénients,
2182 2790 97 54 puis-

335 2864 131 55 qu'on
499 2877 52 29 ne
580 2864 158 42 cultive
767 2864 99 55 plus
896 2863 257 57 l'agrément
1183 2863 54 42 de
1265 2864 43 39 la
1337 2864 191 50 couleur,
1559 2864 66 42 six
1657 2864 244 53 aquarelles
1935 2864 109 41 dans
2076 2875 57 30 un
2165 2865 137 47 autre,

334 2935 92 42 huit
458 2935 172 42 dessins
663 2935 110 42 dans
806 2948 56 29 un
893 2935 232 42 troisième.
1158 2933 85 43 Car
1275 2945 56 31 on
1362 2947 166 40 expose
1561 2947 69 30 ses
1666 2934 184 51 dessins,
1882 2935 120 41 voire
2033 2945 71 31 ses
2135 2934 167 53 projets

336 3009 54 38 de
428 3006 184 42 dessins.
654 3008 292 53 Entretemps,
983 3019 56 29 on
1078 3006 179 42 adresse
1295 3018 84 30 une
1417 3006 152 54 Epître
1608 3018 86 29 aux
1733 3005 220 42 Béotiens.
1992 3004 71 44 On
2102 3005 105 42 écrit
2245 3016 56 30 ou

335 3077 288 51 conférencie,
656 3090 112 42 pour
802 3079 225 53 expliquer
1061 3089 70 30 ses
1167 3077 249 50 intentions,
1451 3077 242 41 convaincu
1728 3077 100 54 qu'à
1867 3077 122 41 dater
2024 3076 57 42 du
2112 3077 100 55 jour
2244 3079 58 40 où

332 3151 145 52 paraît
508 3150 39 42 le
578 3151 246 50 manifeste,
857 3151 39 41 le
926 3149 161 43 monde
1120 3161 98 31 sera
1251 3149 181 55 changé.
1469 3150 240 40 Puissance
1743 3149 188 55 ingénue
1964 3149 129 41 d'une
2126 3150 176 40 illusion

334 3220 292 57 égocentriste
654 3234 228 29 commune
909 3222 25 41 à
962 3223 113 49 tous,
1106 3223 41 40 et
1176 3232 103 31 sans
1307 3220 248 54 précédent,
1585 3221 56 41 où
1670 3221 87 41 l'on
1787 3221 88 41 voit
1903 3220 399 50 l'individualisme,

332 3291 140 54 lequel
499 3305 25 29 a
546 3293 98 42 créé
668 3293 42 42 la
734 3293 211 54 peinture,
971 3296 95 38 tuer
1091 3293 42 41 la
1154 3292 200 55 peinture
1376 3309 9 26 :
1414 3305 87 28 aux
1525 3292 99 55 cinq
1649 3293 121 40 cents
1794 3292 282 56 vernissages
2104 3292 197 50 annuels,

331 3363 170 42 chacun
538 3364 76 41 des
647 3364 125 55 vingt
806 3366 116 40 mille
953 3366 194 53 peintres
1182 3366 72 53 qui
1291 3366 214 52 exposent
1538 3367 67 39 est
1639 3364 242 42 convaincu
1917 3376 85 42 que
2037 3376 48 30 ce
2119 3364 181 55 jour-là,
