2695 3957
1255 3561 125 77 231

1918 3568 300 40 SEPTEMBRE
2249 3570 81 34 1921

277 3597 69 36 LA
372 3583 122 48 CITÉ

866 179 780 49 CONCOURS

179 398 40 35 5*
254 400 143 31 section
438 411 6 19 :
477 393 204 45 Appareils
714 395 46 33 de
794 397 153 34 cuisine,
985 391 184 35 réchaud®
1204 398 35 25 et

122 459 230 33 cuisinières.

176 517 111 34 Cette
313 518 143 32 section
482 527 85 21 sera
593 515 138 33 divisée
760 527 45 19 en
839 526 7 19 :

233 576 42 42 a)
312 574 203 42 Appareils
552 573 46 34 de
639 574 142 31 cuisine
821 585 48 19 au
910 569 181 36 charbon,
1133 567 106 36 coke,

287 635 93 37 bois,
411 642 69 25 etc.
492 647 8 25 ;

233 694 44 41 b)
313 692 205 42 Appareils
543 692 45 32 de
614 692 141 31 cuisine
784 691 131 31 mixtes
948 702 6 18 :
982 701 66 26 gaz
1074 694 34 25 et
1135 685 85 32 char-

287 753 93 38 bon;

238 813 39 41 c)
313 811 204 42 Appareils
550 809 44 33 de
629 810 141 31 cuisine
804 821 47 18 au
886 819 82 28 gaz;

235 872 44 41 d)
314 869 204 43 Appareils
548 869 46 32 de
627 868 142 32 cuisine
800 879 74 20 aux
905 863 268 34 combustibles
1204 861 26 33 li-

290 930 148 41 quides;

237 988 40 42 e)
312 987 204 43 Appareils
545 987 46 33 de
619 987 142 32 cuisine
790 987 20 29 à
839 983 243 33 l'électricité.

181 1049 69 34 Les
285 1046 190 43 appareils
509 1046 137 33 classés
678 1044 94 33 dans
808 1051 95 24 cette
939 1043 142 31 section
1115 1046 128 26 seront

128 1110 142 33 soumis
295 1121 74 19 aux
395 1110 183 37 épreuves
602 1106 191 30 suivantes
823 1117 7 17 :
1175 1125 60 6 ...

181 1166 216 41 Chauffage
433 1165 89 33 d'un
560 1165 183 39 récipient
778 1175 45 19 en
860 1159 222 34 aluminium
1117 1164 106 26 conte-

129 1235 92 26 nant
256 1228 71 30 soit
371 1225 7 32 1
420 1224 95 37 litre,
553 1225 70 30 soit
660 1221 19 33 2
717 1221 101 32 litres
853 1219 121 37 d'eau,
1011 1220 147 30 suivant
1192 1214 52 33 les

128 1286 232 34 dimensions
386 1284 45 32 de
456 1280 210 43 l'appareil.

185 1356 195 34 Elévation
420 1354 45 32 de
505 1352 34 33 la
578 1354 258 38 température
876 1348 45 33 de
959 1347 100 33 l'eau
1096 1348 114 39 jusqu
1227 1347 21 29 à

138 1415 101 34 100°.
276 1414 25 33 11
337 1427 83 19 sera
454 1421 90 23 tenu
581 1418 150 33 compte
767 1408 49 34 du
850 1417 122 30 temps
1008 1408 107 38 passé
1150 1418 96 26 pour

132 1482 97 26 cette
257 1474 185 33 élévation
470 1470 45 35 de
543 1473 269 36 température,
842 1467 93 32 ainsi
964 1477 71 28 que
1065 1464 63 32 des
1152 1471 72 24 tem-

131 1537 198 39 pératures
352 1529 141 35 initiale
518 1538 35 24 et
578 1529 222 33 extérieure.
825 1526 49 33 Le
900 1521 248 36 combustible
1172 1534 50 20 em-

130 1593 110 41 ployé
266 1605 84 19 sera
375 1590 32 33 le
433 1602 122 19 meme
581 1600 99 28 pour
703 1587 51 33 les
780 1583 188 42 appareils
995 1582 136 33 classes
1155 1580 93 32 dans

131 1653 36 33 la
195 1655 123 29 même
347 1649 203 40 catégorie.

185 1722 70 33 Les
286 1718 189 43 appareils
506 1724 128 26 seront
663 1717 194 31 examinés
888 1727 48 18 au
966 1713 105 40 point
1102 1710 45 33 de
1177 1722 71 20 vue

188 1781 55 33 De
268 1780 82 33 leur
378 1778 271 35 construction,

187 1839 55 33 De
276 1838 83 34 leur
390 1839 162 31 sécurité
585 1833 179 41 d'emploi
804 1832 224 41 (avantages
1063 1842 49 19 au
1144 1829 106 39 point

245 1898 44 33 de
317 1910 71 19 vue
416 1896 47 33 de
489 1891 228 44 l'hygiène),

186 1957 57 34 De
272 1956 81 34 leur
383 1954 223 40 esthétique,

187 2016 57 33 De
268 2015 82 34 leur
374 2016 94 39 prix,

190 2076 56 32 De
275 2075 98 32 leurs
403 2073 231 32 dimensions
662 2082 97 28 pour
787 2082 49 18 un
865 2069 122 30 même
1018 2063 231 35 rendement,

190 2135 56 33 De
273 2133 84 33 leur
385 2131 232 33 rendement.

190 2194 54 32 En
277 2192 137 33 dehors
445 2190 63 33 des
540 2192 182 37 épreuves
754 2186 44 32 de
832 2183 303 33 consommation
1166 2194 65 19 nor-

137 2251 110 39 male,
275 2250 53 34 les
355 2246 189 44 appareils
571 2253 186 35 pourront
786 2247 78 30 être
892 2244 184 39 éprouvés
1102 2243 114 38 jusqu
1234 2242 20 28 à

138 2312 83 33 leur
253 2312 198 39 puissance
484 2308 219 31 maximum.

192 2370 21 33 6
217 2376 15 16 e
266 2370 143 31 section
448 2381 6 18 :
484 2363 205 43 Appareils
720 2366 21 29 à
774 2359 279 35 accumulation
1087 2357 45 33 de
1166 2357 66 32 cha-

136 2429 93 39 leur,
282 2441 97 28 pour
429 2423 203 41 chauffage
682 2422 317 40 d'appartement,
1051 2415 202 40 chauffage

137 2488 123 37 d'eau,
291 2485 202 40 chauffage
522 2483 44 33 de
595 2483 153 32 cuisine.

199 2547 17 33 7
222 2552 15 18 e
262 2547 143 31 section
437 2557 7 19 :
469 2540 205 43 Appareils
699 2553 97 27 pour
820 2536 202 41 chauffage
1048 2548 81 23 eau,
1159 2547 97 26 pour

139 2606 108 34 bains
273 2619 49 19 ou
348 2604 162 39 lavages.
539 2601 107 33 Cette
674 2600 140 32 section
842 2610 84 19 sera
953 2595 136 32 divisée
1115 2606 48 19 en
1196 2606 6 18 :

250 2664 42 41 a)
328 2660 203 44 Appareils
583 2663 21 29 à
656 2657 180 36 charbon,
892 2654 105 37 coke,
1048 2653 94 35 bois,
1195 2655 40 36 pé-

303 2721 110 38 trole,
444 2728 69 25 etc.
526 2731 8 7 •

249 2782 45 42 b)
330 2778 204 43 Appareils
564 2791 47 19 au
642 2790 82 27 gaz;

252 2841 39 41 c)
327 2837 205 43 Appareils
557 2839 21 30 à
602 2835 244 35 l'électricité.

196 2900 70 34 Les
299 2897 190 43 appareils
524 2895 137 33 classés
696 2894 92 33 dans
824 2899 95 26 cette
954 2890 143 33 section
1130 2893 129 26 seront

141 2961 144 33 soumis
307 2961 21 30 à
352 2957 191 40 l'épreuve
567 2955 171 32 suivante
769 2965 7 19 :

197 3018 140 40 Temps
367 3015 212 34 nécessaire
609 3026 98 28 pour
738 3010 147 33 fournir
914 3008 74 33 200
1018 3006 103 33 litres
1149 3005 22 32 d
1190 3018 69 18 eau

142 3080 23 31 à
190 3075 81 36 35°.

201 3136 41 32 8*
267 3136 142 32 section
442 3147 7 18 :
472 3129 204 43 Appareils
701 3137 36 25 et
761 3125 204 43 dispositifs
989 3123 210 35 d'aération
1227 3130 33 24 et

146 3196 46 33 de
219 3192 234 37 ventilation.

200 3254 37 33 B.
343 3251 195 40 Eclairage
567 3262 99 28 pour
692 3246 10 33 1
719 3246 222 34 habitation.

202 3324 70 34 Les
301 3319 190 45 appareils
518 3320 185 40 proposés
733 3330 98 28 pour
860 3315 9 33 1
889 3314 184 40 éclairage
1104 3312 65 33 des
1199 3311 42 32 ha-

147 3384 180 33 bitations
354 3388 129 26 seront
512 3378 137 34 classés
675 3391 47 19 en
750 3375 98 33 deux
875 3375 164 31 sections
1070 3386 7 19 :

1375 390 8 31 l
1395 394 14 17 r
1413 395 14 16 «
1456 390 144 31 section
1635 401 8 18 :
1668 384 206 44 Appareils
1898 383 233 41 d'éclairage
2157 383 21 31 à
2207 393 79 29 gaz,
2314 381 23 31 à
2366 389 68 30 gpaa

1313 449 44 31 dfe
1385 447 151 38 houille,
1564 445 209 42 acétylène,
1801 456 167 24 essence,
1995 451 91 29 etc.;

1370 506 19 33 2
1396 513 13 16 e
1439 508 143 31 section
1614 520 8 19 :
1647 503 205 43 Appareils
1878 501 229 41 d'éclairage
2135 499 219 40 électrique.

1371 565 73 33 Des
1475 565 114 34 essais
1619 562 248 42 comparatifs
1897 568 189 35 pourront
2116 561 81 31 être
2228 557 97 33 faits.

1369 624 42 33 C.
1516 622 247 42 Application
1789 623 189 40 pratique.

1371 682 226 41 Chauffage,
1631 681 222 34 ventilation
1888 688 36 28 et
1959 678 188 41 éclairage
2182 675 23 35 d
2222 689 74 20 une
2330 672 85 35 habi-

1317 744 118 30 tation
1473 750 36 24 et
1546 741 89 33 d'un
1672 753 147 29 groupe
1853 738 270 34 d'habitations
2160 736 149 33 suivant
2346 732 89 42 plan

1318 802 123 33 remis.

1372 859 70 34 Les
1474 866 249 25 concurrents
1754 860 23 29 à
1807 865 100 24 cette
1939 856 191 40 catégorie
2163 853 50 33 du
2246 860 189 25 concourt

1317 919 160 33 devront
1524 917 94 33 faire
1662 917 179 40 parvenir
1883 915 84 33 leur
2009 912 188 34 demande
2241 919 116 26 avant
2402 908 33 33 le

1326 978 8 32 ler1
1345 982 33 17 er
1399 978 150 41 janvier
1577 974 95 34 1922
1697 978 22 29 à
1742 974 155 33 l'Office
1920 973 156 33 Central
2097 972 49 33 de
2170 970 35 34 la
2227 970 184 33 Construc-

1317 1040 79 29 tion
1422 1044 34 24 et
1482 1036 44 32 de
1551 1034 259 33 l'Habitation.

1371 1094 66 34 Au
1471 1108 91 26 reçu
1594 1093 47 33 de
1675 1092 82 34 leur
1792 1090 197 38 demande,
2022 1090 288 40 accompagnée
2344 1086 90 33 dun

1322 1153 154 34 mandat
1496 1153 46 33 de
1567 1152 18 33 5
1611 1152 126 33 francs
1758 1165 99 27 pour
1876 1152 152 31 couvrir
2047 1148 55 34 les
2123 1148 90 33 frais
2233 1147 47 33 de
2301 1148 133 38 tirage,

1319 1213 24 34 il
1373 1213 82 33 leur
1483 1225 85 21 sera
1598 1213 145 38 envoyé
1773 1209 52 33 les
1854 1209 108 41 plans
1991 1208 46 34 de
2067 1207 36 34 la
2133 1207 82 33 Cité
2246 1216 189 31 propose®

1322 1286 148 19 comme
1502 1270 121 33 étude.

1374 1331 50 33 Le
1464 1332 125 38 projet
1629 1326 165 42 complet
1832 1326 114 34 devra
1985 1328 78 30 être
2103 1325 112 32 remis
2253 1335 93 20 avec
2384 1320 55 34 le»

1322 1390 107 41 plans
1454 1393 21 29 à
1500 1388 35 34 la
1561 1390 122 31 même
1708 1386 152 34 adresse
1884 1392 113 26 avant
2022 1385 33 33 le
2086 1384 9 32 1
2109 1383 17 33 5
2155 1383 138 33 février
2325 1379 109 34 1922.

1377 1461 68 32 Les
1478 1460 258 40 propositions
1769 1471 38 19 se
1841 1462 268 34 rapporteront
2142 1467 73 19 aux
2248 1453 92 33 trois
2375 1462 63 21 cas

1323 1522 168 31 suivants
1523 1533 6 17 :

1386 1590 8 31 I
1404 1595 16 16 °
1450 1587 217 41 Chauffage
1695 1583 204 36 individuel
1930 1583 88 33 d'un
2048 1582 191 41 logement
2269 1580 45 33 de
2344 1578 10 34 1
2371 1581 47 31 im-

1326 1648 160 37 meuble,
1521 1646 193 41 logement
1747 1644 46 34 de
1827 1643 21 33 4
1881 1645 129 39 pièces
2046 1655 7 19 :
2085 1641 100 33 deux
2217 1653 48 20 au
2300 1637 120 35 rez-de-

1328 1708 183 32 chaussée
1531 1714 37 24 et
1589 1705 100 33 deux
1710 1717 48 19 au
1782 1703 167 40 premier
1970 1703 120 38 étage.

1382 1766 40 33 2°
1454 1764 216 40 Chauffage
1712 1776 46 19 en
1803 1774 180 20 commun
2027 1759 45 33 de
2115 1755 218 36 l'ensemble
2376 1754 64 33 de«

1328 1826 19 32 4
1376 1825 212 41 logements
1614 1828 227 34 composant
1866 1819 36 33 la
1928 1820 157 31 maison.

1382 1884 41 33 3°
1455 1881 214 41 Chauffage
1705 1893 47 20 en
1788 1892 180 20 commun
2003 1876 45 33 de
2082 1875 36 34 la
2149 1874 84 34 Cité
2268 1885 149 29 compor-

1328 1952 80 25 tant
1437 1957 49 18 un
1515 1955 147 27 groupe
1688 1936 263 37 d'immeubles
1978 1935 49 34 du
2055 1943 89 33 type
2173 1931 214 44 précédent.

1382 2002 71 33 Les
1487 2000 119 42 plans,
1645 1999 184 32 mémoire
1864 1993 207 43 descriptif,
2107 2001 119 29 notes,
2264 1999 81 29 etc.,
2382 1989 42 33 de-

1328 2069 113 26 vront
1473 2062 79 31 être
1585 2060 124 39 signes
1739 2056 25 33 d
1780 2069 75 20 une
1888 2055 137 32 devise.
2060 2051 109 34 Cette
2203 2050 123 33 devise
2361 2061 82 20 sers,

1333 2119 217 42 reproduite
1580 2131 66 19 sur
1675 2129 77 23 une
1781 2112 211 42 enveloppe
2024 2110 177 34 cachetée
2234 2117 35 25 et
2298 2106 145 37 scellée,

1333 2181 63 39 qui
1425 2175 224 36 contiendra
1675 2175 34 33 le
1737 2187 92 20 nom
1858 2180 36 25 et
1921 2171 11 33 1
1949 2171 151 33 adresse
2129 2169 51 32 du
2207 2173 236 27 concurrrnt.

1385 2237 70 34 Les
1488 2241 250 28 concurrents
1768 2232 162 34 devront
1961 2229 94 33 faire
2084 2229 122 40 partie
2238 2226 65 34 des
2333 2236 91 29 expo-

1332 2305 103 25 sants
1458 2309 74 19 aux
1557 2306 188 21 concours
1768 2291 46 33 de
1838 2288 214 42 chauffage,
2079 2285 231 36 ventilation,
2335 2282 93 34 éclai-

1335 2368 100 28 rage.
1473 2353 45 34 Ils
1554 2356 266 38 présenteront
1856 2363 51 19 un
1942 2347 182 33 mémoire
2159 2342 194 41 descriptif
2387 2354 42 19 ac-

1333 2417 212 38 compagné
1568 2412 23 33 d
1609 2424 74 21 une
1706 2410 127 33 devise
1855 2407 66 34 des
1947 2415 158 24 travaux
2130 2403 22 33 d
2168 2401 280 34 établissement

1389 2473 26 34 II
1441 2486 84 20 sera
1552 2485 46 20 en
1626 2477 111 27 outre
1761 2468 127 33 donné
1914 2479 73 20 une
2013 2463 214 35 estimation
2254 2461 44 32 de
2325 2459 34 33 la
2386 2458 40 33 dé-

1333 2547 114 26 pense
1474 2529 176 35 annuelle
1673 2528 48 35 de
1746 2525 304 35 consommation
2077 2530 35 24 et
2137 2521 21 33 d
2173 2528 199 27 entretien,
2400 2531 46 19 en

1333 2598 209 34 supposant
1573 2603 7 19 :

1387 2651 101 32 Pour
1515 2648 52 33 les
1598 2644 268 36 combustibles
1902 2657 7 19 :
1938 2643 84 40 prix
2050 2641 48 33 du
2129 2641 117 31 mètre
2278 2636 93 33 cube
2401 2634 45 33 de

1334 2723 77 28 gaz,
1446 2707 107 38 0.58;
1583 2707 85 40 prix
1695 2705 48 33 de
1772 2704 36 34 la
1837 2712 117 24 tonne
1983 2700 46 33 de
2059 2697 168 34 charbon
2258 2709 49 19 ou
2337 2693 108 37 coke,

1339 2768 70 34 100
1436 2767 43 34 fr.
1490 2781 8 25 ;
1523 2768 260 38 température
1810 2773 187 29 moyenne
2024 2758 209 33 extérieure
2265 2768 7 19 :
2384 2752 8 32 1
2404 2752 22 32 0
2426 2752 3 54 1
2429 2756 17 17 ®

1333 2827 82 33 face
1446 2824 105 35 Nord
1584 2827 22 30 à
1646 2824 9 33 1
1697 2837 47 18 m.
1780 2822 50 33 du
1864 2818 70 39 sol;
1966 2818 258 39 température
2257 2822 188 31 moyenne

1332 2887 204 33 intérieure
1643 2882 74 33 18°.
1747 2880 102 33 Vent
1879 2890 136 28 moyen
2051 2889 7 19 ;
2088 2872 122 35 faible.
2240 2871 126 33 Duree
2396 2868 50 34 du

1336 2944 202 40 chauffage
1573 2942 66 33 des
1670 2942 126 40 pièces
1834 2952 8 19 :
1883 2937 8 32 î
1902 2942 34 17 er
1970 2932 221 36 novembre-
2203 2931 7 32 î
2225 2930 18 33 5
2280 2942 112 21 mars.

1391 3004 86 33 Prix
1505 3002 51 34 du
1582 3007 163 27 courant
1773 2997 205 39 électrique
2012 3007 8 18 :
2053 2992 71 42 (La
2151 2992 83 32 nuit
2260 2988 47 34 de
2335 2986 48 34 20
2412 2985 36 34 h.

1335 3067 20 29 à
1380 3062 17 34 5
1422 3062 75 42 h.),
1523 3060 88 34 0.02
1636 3058 161 36 l'heure;
1826 3055 71 42 (Le
1917 3056 88 39 jour
2027 3065 45 20 en
2096 3049 136 35 dehors
2254 3047 65 33 des
2341 3046 86 41 poin-

1335 3122 92 37 teO,
1463 3119 87 35 0,05
1585 3119 165 33 l'heure;
1784 3115 70 41 (Le
1884 3116 88 39 jour
2004 3109 167 43 pendant
2203 3106 52 34 les
2288 3107 160 39 pointe»,

1336 3181 45 33 de
1413 3180 41 33 17
1480 3179 35 34 h.
1542 3182 21 30 à
1588 3178 48 34 20
1660 3174 78 42 h.),
1766 3173 88 35 0.10
1879 3171 157 35 l'heure.

1391 3251 50 33 Le
1476 3251 126 40 projet
1636 3242 254 44 comprendra
1924 3238 203 41 chauffage
2161 3245 36 25 et
2229 3233 224 36 ventilation

1337 3310 65 33 des
1428 3311 125 40 pièces
1585 3304 225 44 (chauffage
1834 3314 71 29 par
1929 3300 105 40 pièce
2062 3311 50 19 ou
2138 3293 204 41 chauffage
2369 3305 84 20 cen»

1337 3368 92 42 tral)
1463 3366 202 40 chauffage
1691 3375 99 30 pour
1815 3362 148 31 cuisson
1992 3357 65 33 des
2083 3355 184 34 aliments.
