3538 4414
1727 58 69 49 38

317 212 83 47 Die
435 210 155 48 zweite
622 207 288 60 Vorstellung
959 203 72 49 fiel
1074 202 81 50 auf
1186 202 129 47 einen
1347 202 99 61 Tag
1491 197 103 65 (den
1625 197 88 51 23.

203 288 270 53 December,
522 287 91 47 also
654 283 84 47 den
782 281 160 48 Abend
988 296 79 32 vor
1115 280 80 47 der
1238 275 476 64 Christbescherung),

199 367 80 47 der
310 366 245 47 wiederum
588 363 39 45 in
660 377 47 31 so
739 360 94 47 fern
872 357 244 64 ungünstig
1159 372 112 38 war,
1319 356 64 47 als
1426 353 80 47 der
1539 353 174 47 Besuch

199 443 76 47 des
301 443 218 46 Thealers
548 456 55 31 an
635 436 259 48 demselben
924 442 107 38 stets
1059 433 107 47 sehr
1194 432 209 47 schwach
1436 431 70 52 ist,
1535 446 47 30 es
1608 446 106 47 mag

199 518 205 64 gegeben
437 517 199 51 werden,
668 530 91 30 was
790 512 56 48 da
876 512 145 47 wolle.
1060 511 61 47 So
1153 525 94 31 war
1277 508 117 47 denn
1425 507 115 48 auch
1571 506 143 48 dieses

198 597 89 47 Mal
321 596 98 47 kein
459 591 274 51 zahlreiches
764 589 235 47 Publicum
1045 602 222 48 zugegen,
1308 584 131 49 allein
1470 584 70 46 die
1569 584 145 64 Oper,

199 675 78 47 mit
306 673 137 47 deren
470 671 198 48 Partitur
698 666 299 49 mittlerweile
1025 664 81 49 der
1130 663 264 65 Componist
1423 661 148 64 einige
1592 661 123 48 nicht

198 748 352 50 unwesentliche
581 747 275 61 Kürzungen
887 757 356 48 vorgenommen
1276 741 140 52 hatte,
1456 738 134 64 gefiel
1622 737 91 48 und

198 826 179 49 erwarb
406 841 184 48 grossen
622 822 216 65 Applaus.
868 821 86 47 Die
983 818 289 65 augsburger
1301 814 285 66 Allgemeine
1613 814 75 49 Zei-

200 913 111 55 tung
341 904 98 63 (Nr.
470 902 127 63 360)
642 899 247 49 berichtete
932 906 131 39 unter
1091 896 260 48 Anderem:
1392 896 99 54 „Da
1522 893 80 47 mit
1633 892 82 48 der

197 990 147 40 ersten
363 979 300 61 Aufführung
683 977 80 47 der
787 992 144 31 neuen
962 974 129 64 Oper
1116 1010 18 18 „
1155 973 121 55 „Das
1632 969 81 48 der

198 1058 369 50 enthusiastische
614 1054 225 64 Empfang
882 1053 78 46 des
1009 1050 172 64 Königs
1232 1066 81 30 aus
1361 1049 163 47 Anlass
1569 1048 146 47 seines

197 1136 329 61 hochherzigen
552 1132 168 48 Briefes
748 1128 338 49 zusammenfiel
1120 1127 89 48 und
1233 1125 132 66 jeder
1394 1125 184 49 weitere
1610 1124 77 50 Bei-

197 1213 68 47 fall
298 1213 75 46 für
404 1211 148 47 diesen
584 1207 163 49 Abend
777 1214 305 41 verstummen
1114 1212 184 44 musste,
1324 1219 50 32 so
1406 1203 167 47 konnte
1596 1202 116 48 auch

194 1296 90 42 erst
327 1288 69 48 bei
442 1288 80 47 der
565 1287 226 63 gestrigen
835 1292 146 39 ersten
1017 1282 368 63 Wiederholung
1428 1279 79 48 das
1539 1279 174 50 Urtheil

195 1367 115 48 über
340 1367 119 47 diese
490 1373 184 39 neueste
702 1362 265 64 Schöpfung
995 1360 78 49 des
1102 1359 259 48 verdienten
1389 1357 325 66 Componisten

193 1445 90 47 sich
310 1442 289 64 kundgeben.
640 1440 118 49 War
781 1457 90 30 nun
903 1438 132 54 auch,
1065 1437 84 48 wie
1173 1437 93 47 dies
1294 1453 48 31 so
1375 1435 108 49 kurz
1512 1451 79 31 vor
1619 1433 88 49 den

197 1522 438 62 Weihnachtstagen
666 1519 121 47 nicht
815 1517 163 47 anders
1004 1533 52 29 zu
1088 1523 244 46 erwarten,
1361 1513 80 48 das
1465 1514 129 47 Haus
1624 1529 88 31 nur

192 1599 209 48 schwach
437 1599 181 55 besetzt,
647 1613 49 31 so
726 1595 153 49 lohnte
908 1593 115 48 doch
1056 1609 83 32 von
1163 1593 225 47 Nummer
1411 1608 52 31 zu
1487 1592 227 47 Nummer

193 1678 161 47 immer
382 1677 227 47 stärkerer
640 1673 86 48 und
760 1677 249 43 wärmerer
1041 1670 154 47 Beifall
1237 1670 78 47 das
1342 1669 170 48 schöne
1544 1668 169 57 Werk,

194 1755 88 47 und
313 1754 211 62 steigerte
553 1752 91 47 sich
675 1750 112 49 nach
819 1749 101 48 dem
961 1749 159 48 höchst
1155 1746 337 66 poesiereichen
1521 1746 189 47 zweiten

193 1835 110 45 Acte
332 1848 51 31 zu
414 1829 315 48 stürmischem
763 1826 279 49 Hervorrufe
1072 1825 81 48 der
1182 1824 363 48 Mitwirkenden.
1578 1824 131 47 Auch

190 1909 80 48 der
301 1908 132 47 dritte
463 1910 85 46 Act
578 1906 196 49 erfreute
802 1905 92 47 sich
924 1904 82 48 der
1032 1901 390 50 entschiedensten
1456 1900 254 64 Wirkung,

193 1985 87 48 und
312 2002 46 31 es
388 1985 96 48 that
513 2000 82 32 uns
626 1983 103 56 leid,
768 1983 100 47 dass
898 1981 80 47 der
1013 1998 73 30 am
1117 1981 211 47 Schlüsse
1359 1980 78 47 mit
1469 1979 209 65 ungekün-

188 2065 153 46 stelter
372 2064 329 62 Begeisterung
744 2060 268 47 wiederholt
1054 2059 217 63 gerufene
1300 2056 283 50 Tondichter
1624 2056 80 49 das

194 2143 125 47 Haus
355 2143 138 45 schon
536 2141 221 46 verlassen
790 2139 123 47 hatte
959 2138 90 47 und
1096 2136 85 49 den
1224 2136 293 47 herzlichsten
1553 2135 155 47 Beifall

190 2220 76 47 für
293 2219 92 48 sein
414 2235 82 31 von
529 2219 188 46 reinster
740 2216 198 64 duftiger
961 2215 158 48 Poesie
1152 2215 235 51 beseeltes,
1416 2214 43 47 in
1489 2213 218 48 edelstem

189 2298 108 48 Stile
315 2298 260 63 gehaltenes
598 2295 142 47 Werk
763 2294 119 47 nicht
907 2293 254 64 persönlich
1185 2291 274 49 hinnehmen

306 2374 128 48 Auch
485 2373 79 47 das
1037 2369 80 49 der
1166 2369 302 66 Bayerischen
1515 2367 194 65 Zeitung

190 2469 99 32 vom
332 2451 86 50 29.
459 2451 257 49 December
757 2465 36 32 v.
835 2450 41 47 J.
919 2449 220 47 schreibt:
1199 2450 114 53 „Am
1359 2445 87 51 23.
1492 2446 103 48 fand
1639 2445 71 47 die

189 2529 156 49 zweite
379 2529 296 62 Aufführung
705 2528 81 46 der
818 2525 315 49 Perfall'schen
1166 2525 128 65 Oper
1328 2562 17 19 „
1366 2525 123 55 „Das
1516 2522 164 50 Conter-

343 2608 130 47 Statt.
506 2608 82 45 Die
611 2606 259 49 Aufnahme
894 2604 80 48 der
997 2604 129 64 Oper
1152 2620 95 32 war
1270 2602 185 49 diesmal
1487 2601 199 50 entschie-

192 2685 83 48 den
306 2686 198 64 günstig,
548 2684 87 47 und
680 2684 172 47 sowohl
893 2680 81 49 der
1003 2681 279 48 Tondichter
1326 2681 63 48 als
1418 2680 71 48 die
1519 2679 166 49 Mitwir-

193 2762 174 49 kenden
401 2762 187 47 wurden
632 2762 116 47 öfter
785 2760 89 48 und
914 2760 170 48 lebhaft
1121 2760 210 65 gerufen,
1374 2757 89 51 und
1497 2757 213 50 möchten

192 2841 82 47 wir
305 2841 74 46 für
410 2856 80 31 uns
520 2856 84 31 nur
633 2839 289 54 constatiren,
966 2837 101 49 dass
1106 2837 71 47 die
1214 2837 113 49 allzu
1360 2836 352 64 missgünstigen

192 2919 218 50 Urtheile,
442 2917 169 49 welche
644 2917 113 47 nach
788 2917 80 46 der
898 2922 146 41 ersten
1070 2915 303 62 Aufführung
1404 2914 77 48 des
1521 2914 157 55 „„Con-

426 2995 42 48 in
505 2995 184 49 Umlauf
713 2995 182 54 kamen,
938 2994 143 47 durch
1126 2994 71 48 die
1225 2992 158 49 zweite
1412 2992 300 64 Darstellung

194 3074 236 62 widerlegt
461 3072 184 49 worden

311 3152 82 47 Die
423 3151 134 48 dritte
589 3151 290 65 Vorstellung
909 3150 102 48 fand
1042 3166 72 32 am
1154 3150 80 48 14.
1256 3150 176 47 Januar
1462 3147 41 49 d.
1528 3149 40 47 J.
1592 3147 120 49 Statt

192 3229 88 48 und
307 3230 122 47 hatte
451 3230 69 47 ein
543 3229 276 48 zahlreiches
842 3229 235 47 Publicum
1103 3227 383 64 herbeigezogen,
1516 3226 194 48 welches

193 3307 79 49 das
303 3307 127 47 Haus
457 3306 264 66 vollständig
763 3307 142 49 füllte.
957 3307 84 47 Die
1070 3305 325 49 Anwesenheit
1423 3303 159 50 beider
1611 3305 65 47 Ma-

185 3385 192 63 jestäten
420 3383 191 49 erhöhte
651 3385 87 47 den
778 3386 139 47 Glanz
961 3385 81 47 der
1087 3383 369 64 Versammlung,
1501 3381 90 48 und
1638 3380 72 49 die

193 3462 128 64 Oper
352 3461 120 48 hatte
501 3462 129 47 einen
660 3462 348 47 entschiedenen
1041 3461 174 63 Erfolg,
1260 3460 80 48 der
1379 3461 98 47 ihre
1507 3458 173 50 Lebens-

194 3538 220 65 fähigkeit
435 3538 258 65 unläugbar
717 3538 168 49 bewies
914 3540 89 47 und
1034 3540 62 47 sie
1119 3538 238 65 jedenfalls
1387 3538 81 49 auf
1492 3537 102 48 dem
1620 3538 59 47 Re-

193 3618 195 64 pertoire
418 3617 204 48 erhalten
654 3617 128 50 wird.
835 3618 119 47 Sehr
983 3617 307 48 lobenswerth
1319 3616 55 48 ist
1403 3632 62 39 es,
1497 3616 102 48 dass
1629 3616 81 48 der

195 3695 263 66 Componist
486 3695 139 49 selbst
654 3695 306 49 fortwährend
998 3712 81 32 von
1110 3696 81 47 der
1228 3702 148 41 ersten
1408 3695 304 63 Aulführung

194 3789 57 31 an
293 3773 131 47 einen
465 3781 212 56 strengen
707 3772 253 50 Maassstab
1004 3772 80 48 der
1114 3772 148 48 Kritik
1305 3789 57 31 an
1398 3772 93 48 sein
1531 3772 182 64 eigenes

195 3850 151 49 Werk
371 3851 151 65 gelegt
545 3851 99 57 hat;
674 3852 116 48 auch
824 3852 76 47 für
929 3851 72 48 die
1030 3851 133 48 dritte
1188 3851 293 65 Vorstellung
1511 3851 125 47 hatte
1665 3867 49 30 er

193 3928 118 49 noch
343 3928 277 65 Kürzungen
649 3945 374 49 vorgenommen,
1065 3928 92 49 und
1200 3946 46 32 es
1286 3930 52 47 ist
1383 3928 132 49 keine
1548 3930 166 62 Frage,

197 4003 101 51 dass
327 4005 72 50 die
423 4006 128 66 Oper
579 4006 203 49 dadurch
815 4006 114 49 noch
961 4022 254 50 gewonnen
1247 4007 90 47 hat.
1370 4006 118 49 Was
1519 4005 43 48 in
1587 4006 127 47 Paris

1815 197 142 50 durch
1989 198 109 49 viele
2128 197 377 65 Generalproben
2551 197 80 47 mit
2663 198 335 49 Decorationen
3044 200 91 47 und
3172 201 136 47 Costü-

1815 291 104 32 men
1949 276 196 48 erreicht
2175 275 131 53 wird,
2335 275 102 48 dass
2470 273 188 47 Dichter
2687 275 89 47 und
2804 275 265 64 Componist
3097 277 140 47 schon
3260 295 80 32 vor

1809 351 86 49 der
1917 352 303 65 Aufführung
2250 351 266 64 vollständig
2546 349 114 49 über
2690 351 71 48 die
2786 352 236 65 Wirkung
3053 353 119 47 ihres
3200 356 105 48 Wer-

1815 428 77 48 kes
1923 429 224 47 urtheilen
2188 429 198 54 können,
2429 428 80 48 das
2547 427 120 48 kann
2707 428 42 47 in
2795 429 311 49 Deutschland
3149 440 92 39 erst
3278 432 61 47 im

1813 506 146 49 Laufe
1989 506 82 49 der
2098 513 148 41 ersten
2278 506 353 63 Vorstellungen
2669 506 195 48 erkannt
2899 506 205 56 werden,
3147 508 91 48 und
3269 508 72 48 die

1817 583 311 66 Consequenz,
2164 583 113 48 oder
2306 583 240 65 richtiger:
2589 582 82 48 der
2701 583 265 65 Eigensinn,
3008 586 80 47 mit
3119 588 221 47 welchem

1815 661 63 48 oft
1901 678 162 32 unsere
2088 661 249 48 deutschen
2362 659 325 66 Componisten
2719 677 56 32 an
2800 661 102 48 dem
2935 662 77 48 fesft
3022 662 198 65 hangen,
3246 681 94 32 was

1813 739 98 47 ihre
1944 739 147 47 Feder
2121 739 163 47 einmal
2316 738 478 65 niedergeschrieben,
2837 741 79 45 hat
2952 741 140 47 schon
3125 742 215 49 manches

1818 816 149 49 Werk
1997 833 77 31 um
2104 814 88 50 den
2222 816 267 48 dauernden
2522 816 157 63 Erfolg
2710 816 237 63 gebracht.

1934 894 110 46 Hier
2075 893 149 48 haben
2246 894 93 55 Sie,
2368 893 234 48 verehrter
2626 893 122 47 Herr
2773 894 276 59 Redacteur,
3081 897 131 47 einen
3243 896 75 48 auf-

1816 970 222 64 richtigen
2084 970 184 49 Bericht
2310 969 115 50 über
2469 970 203 49 Perfall's
2714 987 118 32 neue
2879 972 131 65 Oper
3048 969 99 52 sine
3186 970 76 53 ira
3303 976 45 47 et

1821 1044 168 62 studio,
2009 1047 114 48 aber
2152 1048 83 47 voll
2267 1063 200 33 warmer
2497 1048 318 58 Theilnahme,
2857 1048 85 48 wie
2978 1048 81 49 das
3087 1049 100 48 edle
3217 1052 102 47 Stre-

1815 1124 87 50 ben
1934 1124 91 48 und
2056 1124 79 50 das
2159 1125 164 49 Talent
2351 1124 78 48 des
2462 1124 325 67 Componisten
2818 1125 62 49 sie
2911 1127 215 49 verdient.
3160 1129 85 47 Um
3276 1128 72 48 die

1815 1202 311 64 Ausführung
2168 1203 210 48 machten
2419 1203 93 47 sich
2554 1219 73 32 am
2668 1203 188 48 meisten
2898 1204 212 48 Fräulein
3154 1205 194 50 Stehle

1815 1280 63 49 als
1905 1280 171 49 Bertha
2107 1297 83 33 von
2221 1280 236 54 Lahneck,
2502 1282 122 47 Herr
2654 1282 147 47 Grill
2847 1283 64 46 als
2952 1283 180 47 Junker
3163 1283 185 49 Walter

1816 1358 91 48 und
1952 1359 123 47 Herr
2117 1359 336 48 Bausewein
2497 1359 63 48 als
2592 1359 194 65 Knappe
2819 1360 121 49 Elias
2980 1360 216 49 verdient.
3262 1363 86 47 Die

1815 1437 182 47 letztere
2028 1437 152 48 Partie
2208 1437 79 48 des
2319 1438 241 65 Knappen,
2598 1438 173 47 welche
2803 1437 83 48 wir
2923 1439 65 46 als
3025 1438 71 49 die
3125 1440 199 49 entschie-

1813 1513 87 48 den
1930 1513 313 65 schwierigste
2272 1514 80 48 der
2382 1531 174 48 ganzen
2585 1514 130 65 Oper
2745 1514 288 56 betrachten,
3074 1515 162 50 wurde
3265 1534 83 31 von

1815 1592 152 48 Herrn
2000 1592 268 49 Bausewein
2298 1593 124 48 nicht
2451 1609 87 31 nur
2566 1593 60 48 im
2659 1593 319 65 Allgemeinen
3010 1594 226 65 glücklich
3270 1594 52 50 be-

1813 1669 191 65 wältigt,
2043 1669 197 50 sondern
2271 1669 212 50 derselbe
2519 1670 92 64 gab
2643 1670 71 49 die
2744 1670 120 49 oben
2895 1679 233 56 genannte
3158 1673 161 48 hervor-

1813 1746 202 65 ragende
2044 1748 145 48 Scene
2218 1748 45 47 in
2292 1746 165 51 A-dur
2485 1748 113 48 nach
2631 1749 222 55 Technik,
2888 1749 200 65 Vortrag
3120 1750 89 47 und
3242 1755 77 44 äus-

1811 1840 125 32 serer
1964 1826 298 64 Darstellung
2292 1826 43 47 in
2366 1826 124 49 einer
2523 1825 159 48 Weise
2714 1826 188 56 wieder,
2946 1828 174 48 welche
3162 1828 72 48 die
3278 1846 46 30 er-

1809 1903 260 49 freulichste
2094 1904 257 64 Begabung
2381 1904 76 48 des
2481 1905 240 47 Künstlers
2751 1922 52 30 zu
2837 1905 263 48 komischen
3128 1906 193 50 Situatio-

3182 1986 49 47 L.

1808 1997 89 32 nen
1922 1997 160 32 ausser
2110 1982 118 48 allen
2258 1982 185 48 Zweifel
2474 1990 153 42 setzte.

1807 2215 265 60 Siebentes
2102 2215 578 75 Gesellschasts-Concert
2707 2224 53 53 in
2790 2219 135 60 Köln
2959 2222 68 57 im
3056 2215 290 75 Gürzenich,

1993 2357 113 30 unter
2131 2352 167 47 Leitung
2327 2352 65 36 des
2421 2353 236 36 städtischen
2687 2354 324 47 Capellmeisters,
3041 2357 127 35 Herrn

2378 2429 228 29 Ferdinand
2699 2429 647 29 Hiller,

2157 2536 228 47 Dinstag,
2428 2537 87 36 den
2552 2536 61 39 26.
2655 2540 188 35 Januar
2884 2538 113 40 1864.

1913 2625 277 45 Programm.
2235 2625 129 33 Erster
2394 2624 123 38 Theil.
2550 2623 32 37 1.
2613 2625 216 37 Ouvertüre
2860 2639 47 23 zu
3269 2641 78 25 von

1810 2692 168 37 Wolde
1989 2704 95 23 mar
2112 2692 198 47 Bargiel
2340 2693 102 45 (zum
2472 2699 123 31 ersten
2625 2695 130 47 Male).
2784 2693 35 38 2.
2851 2696 165 36 Concert
3045 2699 60 33 für
3124 2698 225 37 Pianoforte

1808 2763 41 35 in
1877 2761 153 37 JEs-dur
2071 2774 74 23 von
2188 2763 284 36 Beethoven
2514 2764 179 47 (gespielt
2733 2777 76 24 von
2851 2767 127 35 Herrn
3016 2769 44 36 E.
3089 2769 154 35 Pauer
3284 2782 69 23 aus

1809 2832 189 47 London).
2053 2830 35 40 3.
2118 2831 178 37 Busslied
2336 2834 61 34 für
2437 2834 282 45 Bariton-Solo,
2763 2836 102 35 Chor
2905 2838 69 35 mit
3010 2837 342 50 Orgelbegleitung

1809 2914 75 23 von
1915 2902 45 37 G.
1990 2902 162 46 Meyer
2159 2902 114 35 beer
2300 2902 103 47 (zum
2432 2908 124 31 ersten
2586 2904 102 36 Male
2707 2924 52 8 —
2778 2905 67 37 das
2874 2907 89 35 Solo
2993 2914 255 42 vorgetragen
3276 2922 78 23 von

1809 2971 127 35 Herrn
1973 2971 106 35 Max
2115 2971 295 47 Stägemann
2456 2984 68 24 aus
2553 2973 239 49 Hannover).
2847 2973 35 40 4.
2915 2976 146 35 Thema
3088 2989 78 24 von
3192 2979 160 43 Mozart,

1809 3041 135 35 variirt
1969 3042 61 34 für
2055 3041 222 36 Pianoforte
2306 3053 76 24 von
2410 3043 42 36 E.
2482 3044 171 45 Pauer;
2686 3072 17 18 „
2710 3044 64 36 La
2806 3044 170 38 Cascade
3030 3058 77 24 von
3133 3047 221 37 demselben

1810 3110 116 48 (Herr
1962 3112 42 34 E.
2034 3112 184 46 Pauer).
2275 3111 34 40 5.
2338 3113 137 36 Lieder
2515 3126 77 23 von
2633 3116 40 36 J.
2702 3116 138 35 Rietz
2882 3117 80 34 und
3003 3117 43 35 L.
3077 3118 272 36 Hartmann

1809 3179 117 50 (Herr
1952 3182 51 34 M.
2034 3182 323 47 Stägemann).
2412 3180 34 38 6.
2477 3184 174 35 Sinfonie
2679 3185 40 33 in
2752 3184 132 36 G-dur
2914 3197 76 24 von
3020 3187 38 36 J.
3089 3188 183 46 Haydn.

1912 3252 163 34 Zweiter
2100 3251 123 36 Theil.
2253 3251 35 38 7.
2312 3253 96 46 „Die
2438 3257 98 31 erste
2944 3268 78 23 von
3052 3257 159 45 Goethe,
3243 3269 78 25 com-

1807 3321 129 48 ponirt
1981 3333 76 23 von
2110 3323 42 33 F.
2201 3323 271 35 Mendelsso
2488 3323 359 49 hn-Bartholdy
2900 3325 216 47 (Alt-Solo:
3163 3328 185 36 Fräulein

1808 3391 364 36 Pels-Leusden
2202 3413 45 5 —
2278 3394 291 35 Bariton-Solo:
2602 3395 98 34 Herr
2725 3395 328 48 Stägemann).

1915 3462 73 35 Die
2016 3473 98 24 neue
2142 3462 214 36 Ouvertüre
2385 3474 74 24 von
2489 3465 59 35 W.
2581 3464 200 48 Bargiel
2822 3466 50 34 ist
2902 3466 61 35 ein
2993 3465 121 37 Werk
3142 3479 78 24 von
3246 3480 86 34 gros-

1809 3543 67 23 sen
1903 3532 266 44 Intentionen;
2213 3532 66 36 das
2315 3533 129 35 würde
2479 3535 100 35 auch
2609 3535 99 35 ohne
2737 3535 264 36 Ueberschrift
3028 3536 88 36 klar
3142 3539 207 45 geworden

1809 3604 101 42 sein;
1941 3603 60 35 die
2029 3603 262 35 Ueberschrift
2319 3604 118 35 selbst
2465 3605 90 35 aber
2582 3605 94 35 lässt
2704 3617 72 24 uns
2804 3606 41 34 in
2865 3606 172 46 Zweifel,
3068 3607 47 36 ob
3145 3608 67 35 der
3241 3609 85 35 Com-

1809 3673 129 46 ponist
1966 3672 72 35 den
2070 3672 249 47 „gefesselten
2671 3675 65 36 des
2764 3676 217 48 Aeschylos
3024 3677 92 35 oder
3143 3689 80 24 was
3248 3683 107 31 sonst

1809 3744 61 33 für
1898 3742 61 35 ein
1980 3742 164 36 Gedicht
2161 3742 197 47 (Goethe's
2376 3745 295 48 Prometheus?)
2700 3747 51 35 im
2782 3747 118 35 Sinne
2929 3747 144 47 gehabt
3102 3749 76 35 hat.
3210 3750 120 35 Jeden-

1809 3812 88 35 falls
1926 3812 87 35 sind
2040 3812 59 35 die
2127 3814 242 34 Intentionen
2405 3816 69 34 mit
2500 3815 195 47 tüchtiger
2724 3817 294 47 Beherrschung
3048 3818 66 35 der
3142 3818 192 36 orchestra-

1809 3881 63 35 len
1901 3881 125 36 Mittel
2054 3882 77 35 und
2158 3883 41 35 in
2228 3882 285 38 einheitlichem
2542 3885 211 36 Charakter
2795 3886 289 47 durchgeführt,
3130 3887 116 36 allein
3284 3888 69 35 wir

1811 3953 181 35 möchten
2020 3952 97 35 doch
2145 3954 219 44 wünschen,
2394 3954 87 37 dass
2510 3956 66 35 der
2602 3957 221 46 geschätzte
2844 3957 226 46 Componist
3100 3958 86 35 dem
3211 3959 141 46 Hange

1811 4036 48 23 zu
1900 4024 100 36 allzu
2042 4029 164 40 ernsten,
2242 4025 52 45 ja,
2334 4025 176 37 düsteren
2550 4027 300 36 musicalischen
2879 4029 227 35 Vorwürfen
3146 4029 108 36 nicht
3293 4040 45 24 zu
