3538 4414
1741 47 67 49 37

187 174 86 47 wie
304 189 81 31 uns
414 174 191 57 scheint,
649 175 42 47 in
727 193 52 31 zu
818 193 203 47 grossem
1053 179 216 56 Streben,
1311 181 222 64 gediegen
1564 202 51 31 zu
1646 203 49 32 ar-

186 250 169 55 beiten,
395 267 54 30 zu
493 250 144 50 vielen
673 253 340 49 Instrumenten
1051 255 132 47 einen
1218 257 338 66 selbständigen
1587 262 132 66 Gang

186 327 228 48 verliehen
440 328 91 48 und
554 328 226 57 dadurch,
802 332 139 48 selbst
967 332 70 48 bei
1068 333 112 47 aller
1206 334 254 48 Discretion
1490 337 58 47 im
1575 339 144 57 Tone,

187 405 100 49 eine
317 405 194 49 Unruhe
552 407 43 48 in
635 408 201 49 einzelne
866 410 171 47 Stücke
1079 412 241 62 gebracht,
1359 413 145 49 durch
1548 418 172 50 welche

185 482 82 48 der
295 483 112 45 Laie
437 484 224 53 verwirrt,
701 484 82 50 der
812 487 199 47 Melodie
1052 488 124 47 nicht
1207 489 134 47 leicht
1369 507 154 48 genug
1552 511 51 30 zu
1637 494 63 48 fol-

186 577 87 47 gen
303 575 202 50 vermag.
546 563 64 47 Im
646 563 229 65 Uebrigen
908 564 190 48 beweist
1127 565 209 50 derselbe
1367 568 42 48 in
1439 569 82 48 der
1551 572 146 48 Instru-

188 638 272 54 mentation,
492 638 101 49 dass
625 657 48 32 er
704 642 126 47 Herr
858 643 149 47 seiner
1029 643 216 65 Aufgabe
1274 645 55 47 ist
1359 647 90 47 und
1481 647 71 49 die
1578 649 144 50 Mittel

188 714 124 48 nicht
342 732 89 30 nur
460 715 158 59 kennt,
647 718 199 48 sondern
879 719 116 48 auch
1028 728 81 56 gut
1137 739 53 30 zu
1220 723 275 49 verwenden
1527 727 143 48 weiss.

306 791 78 47 Bei
435 791 81 49 der
568 795 394 65 Bequemlichkeit
1009 795 80 51 des
1132 799 267 50 Publicums
1448 803 274 66 heutzutage

187 885 122 32 muss
355 887 104 31 man
505 888 45 32 es
593 873 266 50 demselben
902 875 121 48 ohne
1062 876 358 68 Versündigung
1461 897 147 48 gegen
1651 882 73 49 die

192 946 335 65 Gediegenheit
557 950 136 47 leicht
722 953 211 54 machen,
973 969 236 47 gemessen
1251 973 52 29 zu
1348 956 199 58 können,
1590 976 132 31 wenn

190 1042 105 30 man
327 1025 141 55 nicht,
512 1043 94 32 was
649 1028 82 48 der
762 1029 268 66 Componist
1071 1033 226 48 rühmlich
1340 1036 258 49 vermieden
1630 1038 95 56 hat,

188 1104 84 48 auf
295 1103 255 49 raffinirten
582 1106 298 51 Ohrenkitzel
910 1110 252 64 speculiren
1194 1111 108 55 will,
1331 1111 113 49 oder
1472 1115 130 47 einen
1635 1115 60 48 Ge-

182 1181 226 49 leitsbrief
431 1198 85 32 von
548 1183 81 49 der
657 1185 259 50 Seinestadt
948 1188 77 47 für
1053 1189 95 47 sein
1183 1189 151 48 Werk
1367 1190 251 66 mitbringt.

300 1259 283 66 Beschäftigt
606 1278 155 33 waren
785 1264 43 47 in
847 1264 82 48 der
950 1265 130 65 Oper
1107 1266 210 49 Fräulein
1352 1268 221 58 Stehle,
1599 1271 120 47 Frau

183 1335 167 57 Diez,
384 1337 38 47 H
431 1354 74 32 err
536 1340 165 57 Grill,
747 1343 122 47 Herr
901 1344 336 48 Bausewein
1270 1345 92 47 und
1395 1346 122 47 Herr
1547 1348 140 48 Hein-

186 1412 148 60 rich,
364 1414 141 49 deren
535 1417 279 67 Leistungen
839 1420 49 65 ja
916 1420 282 50 Jedermann
1231 1421 151 51 kennt.
1425 1424 299 65 Hinzufügen

183 1491 163 50 dürfen
386 1494 99 57 wir,
527 1494 103 50 dass
673 1498 84 46 wir
800 1498 116 49 nach
962 1515 190 33 unserer
1195 1500 157 48 besten
1396 1503 202 49 Einsicht
1640 1503 82 49 der

183 1570 372 68 Ueberzeugung
597 1574 117 57 sind,
767 1575 122 50 diese
934 1578 129 63 Oper
1107 1578 154 48 werde
1306 1579 71 48 bei
1420 1581 302 63 geschickter,

182 1649 298 64 sorgfältiger
516 1652 301 66 Inscenirung
860 1655 90 47 und
997 1656 143 49 feiner
1167 1656 431 69 Individualisirung
1637 1677 84 31 von

185 1727 154 47 Seiten
381 1727 82 49 der
506 1730 350 51 Darstellenden
902 1732 174 50 überall
1122 1735 193 63 gefallen
1362 1735 91 48 und
1496 1753 50 32 so
1592 1738 130 48 ihren

183 1804 130 66 Weg
343 1805 117 48 über
491 1806 71 48 die
593 1809 193 48 Bühnen
818 1811 341 48 Deutschlands
1189 1814 81 47 mit
1300 1814 302 62 glücklichem
1636 1816 57 47 Er-

185 1882 118 65 folge
336 1884 209 57 machen,
576 1886 92 48 und
701 1886 94 50 dies
827 1889 248 48 wünschen
1107 1891 83 47 wir
1221 1890 71 48 ihr
1320 1890 118 49 denn

304 1961 161 48 Dieser
496 1964 186 49 Aufsatz
727 1966 133 48 rührt
901 1983 86 31 von
1030 1969 148 47 einem
1217 1969 145 48 durch
1394 1970 123 48 seine
1548 1972 145 49 Kennt-

181 2039 89 48 niss
312 2040 91 48 und
447 2041 171 66 hiesige
649 2045 210 65 Stellung
905 2046 320 50 bedeutenden
1258 2047 204 49 Musiker
1507 2050 80 48 her
1630 2050 92 48 und

182 2117 207 49 erschien
432 2119 41 48 in
519 2119 81 49 der
638 2122 333 66 Isar-Zeitung.
1094 2126 95 47 Das
1644 2127 81 50 der

185 2196 303 65 Bayerischen
510 2199 196 64 Zeitung
737 2202 170 63 spricht
935 2202 93 49 sich
1062 2213 135 39 unter
1218 2205 235 48 Anderem
1488 2206 237 65 folgender

179 2273 213 49 Maassen
425 2291 110 32 aus:

322 2352 115 56 „Die
468 2353 293 50 Perfall'sche
793 2356 150 47 Musik
973 2357 278 65 anlangend,
1293 2375 50 32 so
1385 2360 118 66 zeigt
1542 2361 64 48 sie
1648 2376 78 33 vor

179 2430 152 48 Allem
364 2431 71 48 ein
466 2431 232 49 durchaus
722 2433 122 49 edles
872 2435 90 48 und
988 2436 205 48 wirklich
1221 2439 353 49 künstlerisches
1598 2441 102 47 Stre-

179 2506 107 56 ben,
317 2508 91 47 und
442 2511 341 48 unterscheidet
811 2512 92 48 sich
936 2514 94 48 also
1076 2515 144 47 hierin
1261 2517 263 47 wesentlich
1556 2534 84 32 von
1672 2534 48 32 so

177 2586 242 47 manchem
449 2588 228 47 Producte
701 2606 197 31 neuerer
922 2591 91 47 und
1040 2601 213 40 neuester
1277 2595 266 56 Tonsetzer,
1575 2596 146 48 denen

181 2663 101 49 kein
315 2665 144 48 Mittel
491 2684 50 29 zu
576 2666 238 66 pöbelhaft
844 2670 245 57 erscheint,
1126 2687 82 32 von
1240 2671 101 48 dem
1373 2674 64 48 sie
1466 2674 93 48 sich
1592 2676 129 47 einen

181 2742 162 65 Erfolg
374 2757 78 33 vor
484 2743 82 49 der
597 2746 167 65 Menge
794 2748 318 63 versprechen.
1169 2750 86 48 Die
1286 2750 330 67 Erfindung
1645 2752 79 49 des

185 2820 327 64 Componisten
560 2822 55 48 ist
658 2825 248 64 allerdings
954 2826 42 47 in
1040 2826 87 49 den
1174 2828 189 49 meisten
1406 2830 191 48 Theilen
1646 2831 79 48 des

195 2934 17 19 „
596 2901 99 49 eine
715 2902 320 60 bescheidene,
1061 2905 117 49 doch
1207 2906 232 51 offenbart
1466 2910 63 47 sie
1559 2910 92 48 sich
1684 2912 41 47 in

179 2975 209 49 anderen
418 2978 65 47 als
511 2980 101 47 eine
647 2980 429 52 beachtenswerthe
1120 2985 91 47 und
1255 2986 125 48 nicht
1416 2988 141 47 selten
1588 3005 138 36 sogar

179 3055 65 47 als
275 3055 101 48 eine
417 3057 272 62 glückliche.
746 3060 178 48 Hieher
952 3062 167 62 gehört
1146 3062 328 51 insbesondere
1512 3066 80 48 das
1620 3067 106 47 sehr

176 3131 415 66 stimmungs-und
609 3136 481 67 empfindungsreiche
1105 3140 111 48 Lied
1242 3141 79 48 des
1338 3142 208 50 Walter:
1580 3143 142 58 „„Ich

178 3209 161 49 suchte
379 3212 115 47 Dich
536 3213 125 49 heut'
706 3216 83 47 auf
813 3215 87 48 den
1226 3237 42 31 u.
1296 3236 34 33 s.
1363 3237 74 40 w.,
1466 3221 42 48 in

182 3287 83 48 der
292 3289 44 47 in
369 3289 461 53 charakteristischen
863 3295 92 48 und
978 3296 206 66 sinnigen
1209 3298 351 50 Tonmalereien
1584 3317 111 49 gege-

183 3363 120 52 bene
333 3368 177 48 Traum
543 3368 78 50 des
651 3371 124 49 Elias
811 3372 44 48 in
888 3371 163 52 G-dur
1061 3392 11 40 ;
1118 3373 80 50 das
1240 3377 349 64 anspruchslose
1631 3378 90 49 und

181 3444 115 50 doch
319 3463 174 33 warme
512 3448 111 50 Lied
640 3448 82 50 der
738 3451 192 49 Bertha:
948 3490 16 19 „
987 3453 225 66 „Vöglein
1230 3455 58 48 im
1564 3474 158 40 u.s.w.,

179 3523 44 47 in
376 3522 167 60 F-mott;
544 3526 30 49 die
607 3527 44 48 in
684 3531 196 47 äusserst
921 3531 293 58 wirksamen,
1256 3533 263 49 komischen
1562 3536 159 63 Zügen

182 3602 245 63 gehaltene
451 3606 148 48 Scene
628 3606 78 48 des
737 3608 403 64 geistersehenden
1173 3611 146 49 Elias:
1361 3650 16 19 „
1400 3613 122 55 „Das
1548 3613 144 47 Fürch-

182 3684 91 51 ten,
314 3681 80 48 das
734 3702 41 31 u.
806 3701 33 33 s.
870 3702 73 41 w.,
974 3688 42 46 in
1268 3690 212 48 mehrere
1510 3691 211 48 Partieen

187 3771 81 33 aus
298 3758 80 48 der
405 3761 44 47 in
480 3761 167 49 E-dur
679 3763 335 50 schliessenden
1047 3767 109 47 Arie
1188 3767 80 47 mit
1297 3784 204 48 grossem
1535 3768 159 49 vorher-

185 3836 255 62 gehendem
465 3841 220 48 Becitativ
708 3839 289 51 derßertha:
1027 3880 16 19 „
1066 3844 89 55 „Er
1183 3844 109 49 naht
1374 3846 69 48 ich
1465 3846 118 48 kann
1598 3846 123 48 nicht

411 3936 41 30 u.
478 3936 32 30 s.
538 3936 72 38 w.,
640 3919 92 49 und
753 3937 115 47 ganz
894 3922 248 48 besonders
1161 3922 81 48 der
1272 3941 123 30 zwar
1425 3924 153 55 kurze,
1609 3924 112 49 aber

185 3991 40 48 in
272 3993 168 51 hohem
474 3997 156 49 Grade
673 3999 232 65 poetische
950 4001 90 47 und
1085 4001 175 64 duftige
1292 4003 183 64 Gesang
1505 4003 80 48 der
1621 4020 74 30 ver-

1819 191 287 47 meintlichen
2140 193 121 48 leen
2293 196 169 48 Bertha
2492 197 90 47 und
2615 200 243 57 Gretchen,
2902 202 79 48 der
3024 222 42 30 in
3116 221 134 33 versc
3288 225 21 30 e-

1819 266 145 48 denen
1997 268 155 65 Lagen
2185 272 321 55 wiederkehrt,
2549 292 73 31 um
2653 276 101 49 dem
2785 280 209 48 Zuhörer
3039 282 164 48 immer
3234 286 78 48 wie-

1819 342 81 48 der
1929 346 144 62 gleich
2106 348 175 47 reizend
2312 367 52 29 zu
2397 352 277 49 erscheinen.
2707 356 240 65 Bezüglich
2979 357 81 48 der
3093 360 137 48 Form
3262 361 78 49 der

1822 422 322 49 Perlall'schen
2176 426 259 49 Tonstücke
2478 429 198 63 glauben
2721 433 97 52 wir,
2862 435 101 47 dass
2991 435 198 49 dieselbe
3229 446 113 41 trotz

1820 498 219 48 mancher
2070 501 211 66 Vorzüge
2323 520 57 31 an
2412 507 309 63 Ausprägung
2764 508 90 48 und
2888 511 332 49 Bestimmtheit
3260 515 57 47 lei-

1820 573 90 49 det.
1961 577 85 47 Die
2076 578 146 47 Musik
2265 579 175 50 kommt
2481 584 113 46 nach
2634 584 146 47 dieser
2812 587 229 65 Bichtung
3078 607 53 29 zu
3165 591 175 48 keinem

1822 654 185 47 rechten
2040 655 116 47 Guss
2187 658 89 47 und
2313 659 144 56 Fluss,
2488 662 89 46 und
2608 661 146 49 dieser
2777 664 182 64 Mangel
2994 666 349 67 beeinträchtigt

1823 730 115 47 auch
1969 730 71 47 die
2077 741 123 40 sonst
2238 734 106 47 sehr
2373 736 336 50 lobenswerthe
2741 739 262 51 Ouvertüre
3032 743 80 47 der
3141 744 127 65 Oper
3297 747 43 47 in

1833 805 175 51 E-dur.
2050 809 112 48 Hier
2190 812 160 48 wurde
2380 813 79 47 der
2490 817 148 46 Autor
2667 816 143 48 durch
2843 817 69 49 die
2940 818 403 53 Unbestimmtheit

1822 884 43 47 in
1895 884 81 48 der
2006 885 195 66 Bildung
2248 889 89 47 und
2370 890 271 66 Gestaltung
2685 902 132 39 unter
2848 896 231 48 Anderem
3123 916 51 29 zu
3221 899 122 49 einer

1823 963 167 63 Menge
2018 981 83 31 von
2133 965 343 51 Modulationen
2507 970 239 63 gebracht,
2779 973 170 48 welche
2980 974 40 47 in
3052 976 80 48 der
3164 978 149 47 Durch-

1824 1039 206 65 führung
2072 1042 81 48 der
2182 1044 165 48 Motive
2387 1062 188 32 unserer
2615 1064 187 46 grossen
2846 1050 183 49 Meister
3075 1054 268 64 wenigstens

1820 1117 45 46 in
1895 1118 102 48 dem
2030 1120 176 47 Maasse
2246 1123 214 63 nirgends
2500 1125 228 63 gefunden
2768 1127 199 49 werden.
3023 1129 188 50 Grosses
3243 1133 96 48 Lob

1823 1195 89 47 und
1957 1198 113 47 volle
2102 1199 344 66 Anerkennung
2486 1202 200 63 gebührt
2727 1204 146 48 indess
2918 1207 80 47 der
3029 1208 286 49 Instrumenti-

1823 1288 118 47 rung
1989 1274 79 47 des
2116 1275 349 65 Componisten;
2515 1279 118 48 denn
2678 1279 120 50 diese
2843 1282 205 50 bewährt
3090 1287 121 47 nicht
3254 1304 85 31 nur

1823 1349 175 49 überall
2044 1353 99 47 eine
2180 1354 306 65 kunstgeübte
2516 1357 153 57 Hand,
2713 1359 194 48 sondern
2951 1362 62 47 sie
3055 1363 203 48 entfaltet
3299 1365 41 47 in

1824 1429 268 65 unzähligen
2134 1433 151 47 Fällen
2321 1433 137 65 jenen
2504 1435 255 63 gewählten
2806 1437 89 47 und
2939 1439 281 62 geläuterten
3252 1443 58 47 Ge-

1820 1506 231 56 schmack,
2092 1509 218 48 welchem
2356 1528 102 32 man
2502 1529 87 31 nur
2631 1514 41 47 in
2717 1513 85 49 den
2845 1517 247 63 wenigsten
3137 1519 205 48 Werken

1822 1583 81 48 der
1932 1584 282 65 Gegenwart

1938 1664 106 47 Nun
2076 1680 120 32 muss
2227 1665 67 48 ich
2327 1666 140 49 Ihnen
2498 1666 112 50 aber
2639 1668 70 48 die
2733 1669 270 49 Geschichte
3034 1673 79 47 der
3137 1673 174 48 Auffüh-

1824 1755 177 49 rungen
2032 1741 89 47 und
2152 1741 81 49 der
2261 1744 258 48 Schicksale
2549 1745 225 56 erzählen,
2817 1749 170 47 welche
3018 1748 71 49 die
3119 1750 127 64 Oper
3278 1750 65 48 bis

1822 1834 50 31 zu
1905 1819 122 47 ihrer
2050 1819 164 48 dritten
2241 1821 310 66 Vorstellung,
2581 1840 71 32 wo
2674 1825 63 47 sie
2759 1825 239 62 eigentlich
3029 1837 89 38 erst
3149 1830 166 46 unzwei-

1823 1895 156 48 felhaft
2006 1896 326 64 durchschlug,
2363 1900 146 48 erlebt
2539 1901 90 47 hat.

1943 1974 84 47 Die
2062 1983 118 39 erste
2213 1976 302 65 Aufführung
2558 1978 103 48 fand
2704 1995 70 32 am
2821 1979 84 49 *2O.
2938 1981 258 47 December
3236 1998 36 32 v.
3302 1984 40 46 J.

1824 2051 119 47 Statt
1987 2052 87 47 und
2123 2052 69 49 fiel
2237 2055 79 47 mit
2359 2056 81 46 der
2469 2056 316 65 Erscheinung
2830 2059 76 46 des
2938 2060 170 56 Königs
3139 2061 107 46 Max
3283 2061 57 46 im

1824 2129 201 48 Theater
2051 2148 280 39 zusammen,
2380 2133 101 46 dem
2523 2134 68 48 bei
2631 2136 167 47 seinem
2835 2135 179 50 Eintritt
3045 2138 41 45 in
3117 2136 70 49 die
3219 2138 123 63 Loge

1824 2223 80 31 aus
1933 2207 164 50 Anlass
2121 2209 144 48 seines
2298 2210 275 58 bekannten,
2610 2211 172 50 damals
2812 2214 113 47 eben
2957 2213 385 50 veröffentlichten

1824 2285 172 48 Briefes
2039 2286 113 47 über
2194 2287 482 65 Schleswig-Holstein
2713 2291 70 47 ein
2827 2291 252 50 feierlicher
3111 2294 223 63 Empfang

1824 2362 79 47 mit
1932 2361 314 51 donnerndem
2270 2366 204 64 Applaus
2502 2384 52 29 zu
2580 2367 127 49 Theil
2738 2367 172 50 wurde.
2944 2370 151 47 Damit
3126 2387 94 30 war
3252 2388 88 29 nun

1822 2440 123 48 nicht
1988 2441 118 48 bloss
2143 2441 105 65 jede
2291 2444 454 64 Beifallsbezeigung,
2787 2446 171 48 sowohl
3004 2447 213 47 während
3262 2447 80 47 der

1822 2519 293 64 Vorstellung
2136 2521 64 47 als
2224 2538 71 30 am
2317 2522 209 47 Schlüsse
2551 2522 254 56 derselben,
2831 2525 257 62 unmöglich
3113 2526 229 62 gemacht,

1822 2597 195 49 sondern
2041 2599 79 47 mit
2143 2599 147 47 dieser
2313 2601 202 61 politisch
2542 2600 325 49 bedeutsamen
2886 2602 194 47 Ovation
3106 2619 95 30 war
3225 2604 114 47 auch

1823 2675 86 47 die'
1923 2675 258 65 Stimmung
2211 2676 78 47 des
2321 2677 260 49 Publicums
2623 2679 99 47 eine
2764 2680 104 47 sehr
2897 2687 150 40 ernste
3076 2680 264 63 geworden,

1824 2752 173 49 welche
2049 2754 70 48 die
2166 2755 415 65 Empfänglichkeit
2632 2756 81 48 der
2755 2757 356 49 Zuhörerschaft
3155 2757 74 47 für
3272 2759 70 47 die

1823 2831 302 66 Aufführung
2148 2832 123 49 einer
2295 2834 127 64 Oper
2445 2835 335 48 romantischen
2813 2836 88 47 und
2934 2836 113 48 noch
3074 2836 109 48 dazu
3210 2836 107 48 theil-

1824 2908 135 49 weise
1979 2910 260 48 komischen
2265 2911 169 48 Inhalts
2457 2912 349 65 nothwendiger
2826 2914 156 47 Weise
3006 2914 332 48 abschwächte.

1824 2987 156 50 Wenn
2018 3005 93 30 nun
2150 2988 70 49 ein
2258 3006 139 32 neues
2431 2990 149 48 Werk
2610 2990 122 48 eines
2763 2991 348 48 einheimischen
3145 2991 162 65 Compo-

1822 3066 143 48 nisten
2011 3067 242 64 allerdings
2291 3067 87 48 den
2412 3067 203 50 Vortheil
2658 3070 127 47 einer
2829 3070 170 47 localen
3042 3071 300 47 Theilnahme

1825 3145 77 47 für
1928 3145 93 47 sich
2053 3145 92 54 hat,
2183 3161 49 32 so
2262 3146 76 47 hat
2366 3162 46 31 es
2443 3147 81 47 auf
2547 3146 81 48 der
2657 3147 201 48 anderen
2890 3149 120 46 Seite
3041 3149 84 46 den
3156 3147 154 47 manch-

1822 3223 88 47 mal
1936 3223 113 46 noch
2076 3223 314 47 schlimmeren
2415 3225 240 47 Nachtheil
2686 3242 146 46 gegen
2862 3226 109 52 sich,
3001 3226 99 46 dass
3128 3225 116 47 auch
3272 3225 68 48 die

1823 3301 312 63 persönlichen
2161 3301 183 63 Gegner
2366 3301 79 47 des
2469 3302 322 65 Componisten
2824 3303 86 46 und
2938 3303 70 47 die
3037 3303 174 47 localen
3233 3303 80 47 Nei-

1822 3380 81 45 der
1942 3377 92 48 sich
2079 3395 74 29 um
2195 3394 48 31 so
2281 3378 201 49 schärfer
2517 3378 208 65 dagegen
2768 3380 228 57 loslassen,
3028 3396 131 32 wenn
3189 3380 61 47 sie
3281 3380 40 47 ir-

1819 3455 118 66 gend
1969 3457 99 47 eine
2100 3456 259 49 Handhabe
2389 3457 113 47 dazu
2533 3457 167 48 finden.
2754 3458 299 64 Dergleichen
3085 3458 224 47 disharmo-

1823 3533 153 49 nische
2006 3533 332 65 Sonderungen
2370 3533 81 50 der
2487 3535 349 48 harmonischen
2867 3536 239 47 Künstler-
3142 3535 89 48 und
3260 3536 54 47 Di-

1820 3611 369 48 lettantenkreise
2230 3612 98 64 gibt
2371 3629 47 31 es
2463 3612 141 48 leider
2647 3613 189 47 überall.
2911 3615 65 45 Im
3022 3612 317 65 vorliegenden

1823 3690 122 47 Falle
1987 3690 208 48 benutzte
2238 3690 118 48 denn
2396 3691 115 47 auch
2557 3691 99 48 eine
2699 3691 169 63 hiesige
2907 3692 148 47 Partei
3099 3690 70 49 die
3199 3691 112 47 That-

1818 3768 152 56 sache,
2012 3767 128 56 „dass
2180 3768 91 47 sich
2316 3768 69 47 bei
2424 3768 81 49 der
2545 3777 146 41 ersten
2725 3770 292 63 Vorstellung
3047 3768 128 49 keine
3207 3767 133 50 Hand

1816 3864 53 30 zu
1896 3846 202 47 Gunsten
2129 3844 77 50 des
2232 3844 200 50 Werkes
2462 3846 193 65 gerührt
2891 3864 79 30 zur
2994 3846 345 65 Herabsetzung

1818 3923 252 55 desselben,
2112 3924 145 47 ohne
2300 3923 83 48 der
2415 3924 337 64 Veranlassung
2780 3941 52 30 zu
2871 3924 255 64 gedenken,
3169 3923 171 48 welche

1811 4002 136 65 jeden
1980 4002 203 65 Applaus
2214 4002 381 65 anstandswidrig
2627 4003 191 47 machte.
