2339 3904
826 432 153 41 JEAN
1015 434 271 42 MONNET

1852 451 82 45 249

174 581 198 55 desquels
395 581 57 41 les
476 581 166 42 cabales
674 582 226 41 modernes
931 597 54 26 ne
1009 597 111 26 nous
1147 585 240 53 paraissent
1417 587 97 54 plus
1536 601 84 40 que
1649 587 72 41 des
1747 588 186 40 fadeurs.

178 655 80 40 Les
280 657 207 53 premiers
516 657 178 40 accords
723 658 51 39 de
800 656 251 41 l'orchestre
1082 658 144 40 furent
1256 660 299 55 interrompus
1586 661 283 41 violemment
1898 670 38 31 et

174 729 185 41 refoulés
380 745 55 26 au
459 731 105 40 fond
587 732 71 39 des
679 731 289 40 instruments
992 746 75 39 par
1083 731 253 56 l'explosion
1360 734 103 40 d'un
1482 734 148 41 choral
1654 736 282 54 britannique

172 802 108 42 dont
302 804 38 40 le
362 804 160 41 refrain
544 806 105 40 était
674 818 7 26 :
716 806 128 41 Nous
872 818 52 28 ne
947 806 185 40 voulons
1156 819 83 40 pas
1269 807 54 40 de
1352 809 248 39 comédiens
1616 809 232 53 français.
1881 810 55 39 Le

171 877 115 41 lever
314 878 59 41 du
396 879 149 40 rideau
578 879 66 40 fut
667 879 118 41 salué
806 893 76 41 par
904 893 86 27 une
1017 879 155 41 bordée
1202 881 51 40 de
1277 880 149 41 sifflets
1457 882 208 42 stridente
1689 893 41 31 et
1752 884 158 54 prolon-

172 952 89 53 gée,
287 959 42 33 et
351 952 36 40 le
411 952 202 54 dialogue
635 954 136 39 arrêté
803 967 76 27 sur
902 953 58 41 les
983 954 135 40 lèvres
1148 955 51 39 de
1227 968 63 27 ses
1319 954 256 55 interprètes
1599 971 76 40 par
1697 971 60 26 un
1782 958 154 51 déluge

170 1024 283 42 croissant.de
476 1025 242 55 projectiles
743 1027 200 41 barbares
969 1042 7 26 :
1002 1041 87 27 une
1112 1028 153 40 actrice
1283 1028 66 42 fut
1369 1028 173 55 frappée
1566 1044 54 25 au
1641 1030 90 40 sein
1752 1030 52 40 de
1824 1031 112 41 deux

172 1098 245 41 chandelles
439 1098 224 44 allumées.
685 1100 79 40 Les
787 1100 222 54 seigneurs
1033 1101 76 54 qui
1133 1102 298 55 composaient
1454 1103 37 39 le
1514 1103 111 54 parti
1650 1103 186 59 français
1858 1105 59 38 s'é-

171 1171 219 42 lancèrent
411 1173 107 40 dans
539 1173 354 56 l'amphithéâtre
915 1175 227 55 supérieur
1161 1177 162 53 occupé
1347 1190 75 41 par
1443 1177 58 40 les
1526 1178 287 49 mécontents,,
1838 1185 74 33 tan-

171 1245 66 41 dis
260 1260 85 40 que
366 1247 71 40 des
465 1247 183 41 officiers
672 1262 41 26 se
744 1249 269 53 rangeaient,
1039 1249 132 56 l'épée
1195 1264 103 39 nue,
1322 1250 161 42 devant
1504 1250 40 41 la
1568 1255 139 38 scène.
1747 1252 97 40 Une
1873 1251 42 40 ef-

171 1320 195 56 froyable
388 1322 134 40 mêlée
553 1323 86 39 s'en
662 1323 137 41 suivit
828 1340 6 24 :
865 1324 59 40 les
954 1324 261 53 chandelles,
1239 1325 59 41 les
1327 1324 150 52 canifs,
1503 1327 60 39 les
1586 1326 178 55 plaques
1786 1327 51 39 de
1858 1326 75 53 fer,

169 1394 59 42 les
257 1409 237 40 perruques
526 1397 203 41 humides
758 1398 50 41 de
837 1413 132 26 sueur
997 1408 41 32 et
1064 1399 51 40 de
1147 1413 106 40 sang
1290 1399 401 41 tourbillonnaient
1718 1413 53 27 en
1803 1400 130 52 grêle,

169 1470 240 52 aveuglant
439 1469 59 41 les
532 1472 296 40 combattants
855 1488 7 25 :
900 1472 118 41 enfin
1058 1473 38 41 la
1130 1473 182 42 victoire
1347 1481 110 33 resta
1486 1488 85 25 aux
1603 1473 255 55 champions
1886 1472 50 40 de

172 1541 212 53 Monnet;
411 1541 78 42 elle
515 1556 51 27 ne
588 1544 67 40 fut
677 1545 125 54 point
825 1545 33 40 si
882 1545 186 41 décisive
1095 1554 208 45 pourtant
1328 1548 134 51 qu'on
1488 1546 107 41 n'ait
1616 1546 98 54 jugé
1742 1546 106 41 utile
1878 1559 54 26 au

171 1615 115 41 salut
308 1616 70 39 des
401 1616 246 42 comédiens
676 1618 50 40 de
747 1618 59 40 les
838 1618 103 42 faire
969 1620 273 49 reconduire,
1267 1634 100 27 sous
1390 1621 143 40 bonne
1558 1629 180 43 escorte,
1761 1619 174 55 jusqu'à

171 1688 93 41 leur
285 1688 222 43 domicile.

227 1803 60 40 La
310 1804 179 40 seconde
512 1805 344 55 représentation
881 1820 53 27 ne
954 1807 38 40 le
1013 1807 99 41 céda
1134 1822 53 26 en
1210 1808 92 40 rien
1327 1813 21 36 à
1371 1823 77 27 son
1470 1810 123 40 aînée
1613 1823 111 41 pour
1745 1808 39 42 le
1804 1822 93 27 nom-

170 1877 73 41 bre
264 1886 41 31 et
327 1878 38 39 la
387 1879 166 53 qualité
574 1879 71 40 des
670 1879 192 42 horions.
901 1881 59 41 Ce
985 1882 66 41 fut
1075 1883 38 40 là
1135 1895 141 42 qu'un
1308 1884 162 40 certain
1501 1885 216 50 brasseur,
1743 1889 21 35 à
1789 1883 39 40 la
1850 1886 86 38 téte

169 1951 131 41 d'une
322 1951 140 42 bande
484 1952 50 41 de
564 1953 228 53 bouchers,
817 1955 234 54 accomplit
1078 1956 50 40 de
1151 1956 225 41 véritables
1404 1957 199 54 prodiges
1632 1956 50 40 de
1707 1956 167 55 pugilat
1896 1965 39 31 et

170 2026 51 39 de
242 2039 207 40 pancrace
469 2039 112 41 pour
598 2028 39 40 la
656 2027 171 41 défense
847 2028 51 40 de
920 2028 39 40 la
981 2037 155 47 troupe
1159 2030 224 58 française.
1408 2031 201 51 Monnet,
1631 2030 78 53 qui
1733 2029 202 53 envisage

169 2107 101 35 tout
294 2113 101 27 sous
418 2114 76 26 son
517 2100 126 55 point
660 2102 50 40 de
731 2116 82 26 vue
835 2102 50 41 de
907 2103 302 55 prédilection,
1231 2105 62 41 dit
1314 2119 83 40 que
1422 2121 17 21 «
1458 2105 58 40 les
1538 2104 180 40 actrices
1735 2103 200 41 s'étaient

168 2174 260 41 renfermées
449 2175 109 41 dans
581 2177 115 40 leurs
720 2177 116 53 loges
860 2191 102 26 avec
992 2178 71 40 des
1086 2178 187 40 officiers
1296 2181 77 52 qui
1396 2179 59 40 les
1480 2177 266 43 rassuraient
1769 2195 36 34 »,
1834 2191 73 41 pro-

167 2262 77 40 pos
267 2249 74 52 qui
367 2249 69 40 n'a
458 2249 92 41 rien
573 2264 52 26 en
649 2250 62 41 soi
742 2252 50 39 de
823 2251 345 42 déraisonnable.
1197 2253 122 40 Cette
1344 2255 187 52 épreuve
1554 2265 40 26 se
1616 2253 176 39 conclut
1815 2265 51 26 en
1892 2265 43 26 sa

169 2321 166 53 faveur,
359 2331 41 32 et
421 2323 39 40 la
485 2323 218 42 troisième
726 2326 344 53 représentation
1093 2326 68 40 fut
1183 2326 169 41 donnée
1376 2340 98 26 sans
1496 2327 246 41 encombre.
1773 2326 59 39 La
1857 2338 53 39 po-

169 2395 158 55 litique
350 2405 179 33 entrava
566 2398 59 40 les
657 2399 225 41 suivantes
904 2410 41 30 et
970 2401 63 40 fut
1056 2415 127 26 cause
1206 2415 85 40 que
1316 2401 184 40 Monnet
1530 2402 80 41 dut
1632 2401 155 39 fermer
1812 2399 91 54 Hay-

170 2470 193 51 market;
389 2475 22 36 à
436 2484 155 41 propos
611 2472 51 40 de
685 2472 214 42 l'élection
921 2474 105 40 d'un
1052 2476 193 39 membre
1272 2475 58 41 du
1358 2474 265 52 Parlement,
1647 2488 56 26 on
1730 2474 80 40 alla
1841 2472 66 54 jus-

169 2544 101 54 qu'à
287 2544 240 54 s'enquérir
548 2545 51 40 de
618 2545 217 55 l'opinion
857 2547 71 40 des
950 2549 225 40 candidats
1197 2563 76 26 sur
1294 2549 37 40 le
1355 2549 75 40 fait
1452 2549 71 39 des
1545 2547 245 41 comédiens
1813 2547 96 40 fran-

170 2617 104 53 çais,
306 2625 41 34 et
367 2618 39 41 le
428 2627 261 33 concurrent
711 2620 51 40 de
787 2620 94 41 lord
910 2621 263 55 Trentham,
1199 2623 132 53 qu'on
1354 2623 93 40 leur
1472 2622 137 41 savait
1629 2621 170 47 hostile,
1827 2629 107 32 resta

169 2705 75 27 sur
265 2692 38 40 le
331 2706 192 28 carreau.
553 2694 80 40 Les
663 2696 194 39 troubles
892 2706 234 48 menaçant
1159 2697 52 40 de
1244 2697 258 50 s'éterniser,
1540 2697 38 41 le
1615 2695 207 56 spectacle
1857 2695 76 53 qui

171 2768 96 40 leur
289 2768 160 40 servait
470 2768 50 40 de
543 2770 190 53 prétexte
759 2770 67 42 fut
848 2770 349 43 définitivement
1217 2772 244 55 supprimé.

223 2878 49 40 Je
292 2878 214 41 découvre
524 2879 107 41 dans
653 2880 60 40 les
732 2882 177 41 Lettres
927 2883 215 55 critiques
1162 2883 52 41 de
1240 2883 176 52 Fréron,
1445 2897 86 26 une
1556 2882 228 41 narration
1808 2882 127 40 émue

168 2952 72 40 des
262 2951 195 41 chaudes
479 2951 207 51 journées
702 2955 39 40 iï
1078 2958 78 53 qui
1182 2957 63 41 lui
1269 2967 62 31 est
1354 2958 191 40 adressée
1567 2956 50 40 de
1644 2956 195 40 Londres
1861 2969 75 41 par

167 3025 178 41 lacteur
643 3027 175 42 homme
845 3030 175 55 d'esprit
1041 3040 40 31 et
1103 3031 159 41 faisant
1282 3031 201 54 joliment
1517 3031 57 40 les
1599 3044 113 34 vers,
1739 3030 65 40 dit
1829 3030 79 39 Fré-

167 3112 96 39 ron,
287 3107 40 32 et
349 3100 79 53 qui
453 3100 116 40 avait
598 3101 65 41 été
686 3104 164 52 engagé
874 3117 74 40 par
973 3104 188 41 Monnet
1187 3121 7 25 :
1228 3104 57 55 j'y
1309 3106 135 40 relève
1474 3118 88 27 une
1588 3103 241 42 confession
1854 3115 82 40 que

167 3171 70 54 j'ai
258 3180 97 33 tout
377 3174 88 40 lieu
489 3174 51 40 de
562 3175 140 40 croire
719 3176 179 41 sincère.
920 3177 201 54 Monnet,
1146 3188 130 31 avant
1297 3179 51 40 de
1371 3180 298 53 s'embarquer
1690 3190 112 41 pour
1825 3182 109 33 cette

169 3246 266 54 expédition,
471 3247 117 40 avait
625 3249 143 53 plutôt
801 3251 89 53 pris
922 3252 162 40 conseil
1116 3254 51 38 de
1195 3267 63 26 ses
1293 3254 151 40 hautes
1476 3252 262 55 protections
1761 3250 107 38 dans
1898 3247 37 40 le

172 3333 121 40 pays,
316 3334 84 40 que
424 3320 72 40 des
519 3323 126 52 goûts
666 3323 254 42 dominants
941 3326 57 40 du
1027 3327 148 54 public
1199 3327 185 53 anglais,
1411 3328 115 39 élevé
1554 3325 107 39 dans
1687 3324 36 39 le
1749 3321 114 40 culte
1884 3320 52 40 de

172 3391 182 41 Molière
376 3406 76 41 par
470 3393 40 40 la
534 3394 200 40 noblesse
755 3405 263 45 protestante
1036 3413 86 39 que
1138 3400 38 40 la
1197 3400 248 40 révocation
1468 3398 49 40 de
1538 3384 135 54 l'Édit
1695 3395 51 40 de
1768 3395 167 39 Nantes

172 3464 116 41 avait
319 3464 131 42 forcée
472 3466 50 40 de
554 3481 42 27 se
635 3468 187 55 réfugier
851 3485 50 26 en
938 3473 266 53 Angleterre.
1250 3474 182 39 Monnet
1457 3485 53 27 ne
1544 3483 252 44 soupçonna
1836 3481 100 27 sans
