2339 3904
805 406 78 40 LA
915 404 387 50 CHRONIQUE
1333 405 319 42 MUSICALE

348 410 84 40 280

346 553 196 54 Micaela,
567 553 109 40 dans
708 551 143 54 lequel
872 550 40 41 la
939 550 140 55 partie
1102 550 51 40 de
1175 563 184 41 soprano
1390 557 62 34 est
1479 551 130 42 écrite
1637 565 75 28 sur
1735 566 63 27 un
1820 557 176 52 registre
2024 560 59 40 tel-

344 631 161 41 lement
526 627 115 41 élevé
663 640 84 42 que
768 625 235 42 l'auditeur
1027 638 53 27 ne
1099 631 107 48 peut
1232 624 99 54 plus
1363 625 280 42 absolument
1667 627 125 41 saisir
1815 642 61 28 un
1898 632 92 40 seul
2009 642 92 33 mot

344 704 60 40 du
426 710 124 33 texte.
576 699 150 53 Enfin,
749 708 41 33 et
813 712 111 42 pour
945 712 53 27 en
1020 697 102 41 finir
1142 711 102 27 avec
1267 697 39 42 la
1327 698 204 55 critique,
1556 703 43 48 je
1620 701 272 54 reprocherai
1914 717 55 27 au
1989 719 89 27 com-

346 777 195 54 positeur
562 775 52 41 de
635 789 53 27 ne
710 788 77 42 pas
809 774 87 41 être
919 786 116 28 assez
1068 773 268 55 scrupuleux
1357 787 75 27 sur
1456 774 39 41 le
1518 774 129 42 choix
1675 775 51 41 de
1762 790 64 26 ses
1851 777 254 56 cantilènes,

343 860 41 34 et
401 851 51 40 de
475 863 53 28 ne
547 863 76 41 pas
643 849 114 42 tenir
778 862 117 27 assez
929 851 23 38 à
975 848 41 41 la
1035 847 260 43 distinction
1323 849 51 40 de
1395 862 81 27 son
1498 848 144 41 dessin
1687 849 199 44 musical.
1914 851 35 41 Il
1969 861 60 33 est
2051 856 56 40 tel

341 927 51 38 de
414 938 63 27 ses
499 922 148 42 motifs
668 922 108 42 dont
795 922 41 42 la
861 922 218 54 vulgarité
1102 930 62 33 est
1185 936 76 41 par
1294 929 99 47 trop
1423 922 216 54 évidente,
1663 934 40 31 et
1732 924 74 54 qui
1833 925 109 40 n'est
1968 927 140 42 relevé

343 1012 86 41 que
462 1011 76 41 par
571 997 40 40 la
639 998 139 53 grâce,
802 995 307 54 l'ingéniosité,
1142 995 39 41 le
1218 995 187 55 piquant
1438 1004 41 34 et
1510 996 230 55 l'imprévu
1771 998 73 40 des
1877 1012 201 44 accompa-

345 1080 245 46 gnements.

400 1146 82 42 Ces
503 1146 188 40 réserves
707 1145 140 52 faites,
869 1143 32 42 il
919 1144 92 41 faut
1034 1143 151 41 rendre
1205 1143 158 54 justice
1381 1158 57 27 au
1461 1143 137 42 talent
1615 1144 181 56 déployé
1817 1159 77 41 par
1914 1146 38 42 le
1975 1149 108 41 musi-

343 1220 115 55 cien,
491 1223 24 36 à
546 1218 240 42 l'excellent
806 1218 155 41 travail
984 1217 445 42 d'ordonnancement
1450 1226 41 33 et
1515 1219 51 40 de
1587 1219 108 40 mise
1716 1232 52 28 en
1795 1233 151 28 œuvre
1973 1222 52 41 de
2048 1237 63 27 ses

345 1308 249 37 morceaux,
622 1298 23 35 à
677 1292 41 41 la
752 1292 183 41 couleur
964 1299 42 34 et
1041 1306 58 28 au
1135 1292 179 42 charme
1335 1292 111 54 qu'il
1472 1306 22 26 a
1529 1306 51 27 su
1610 1292 174 42 donner
1808 1298 23 37 à
1862 1295 39 41 la
1936 1295 175 56 plupart

343 1369 165 40 d'entre
529 1381 100 34 eux,
653 1370 24 37 à
697 1366 39 41 la
769 1366 143 55 poésie
945 1366 110 55 qu'il
1078 1381 22 26 a
1124 1380 49 27 su
1202 1366 209 55 répandre
1434 1379 73 27 sur
1535 1366 185 41 certains
1753 1368 213 55 épisodes,
1991 1370 120 42 enfin

343 1447 23 37 à
388 1456 63 27 ses
465 1441 96 55 jolis
583 1440 118 42 effets
718 1440 438 42 d'instrumentation
1178 1448 40 33 et
1232 1444 23 36 à
1277 1453 79 27 son
1380 1453 93 27 rare
1488 1440 240 43 sentiment
1744 1442 57 40 du
1819 1442 290 56 pittoresque;

345 1517 64 41 M.
436 1516 137 53 Bizet,
595 1529 56 27 on
672 1523 106 46 peut
802 1516 39 39 le
861 1514 107 51 dire,
995 1522 63 34 est
1088 1519 22 36 à
1131 1515 41 40 la
1204 1513 82 42 fois
1307 1513 169 56 peintre
1498 1522 42 33 et
1562 1516 140 53 poète,
1726 1522 41 35 et
1787 1515 31 41 il
1846 1529 54 28 en
1923 1531 24 26 a
1969 1517 143 43 donné

346 1592 97 54 plus
466 1592 133 38 d'une
621 1602 160 42 preuve
804 1589 106 41 dans
932 1603 44 26 sa
997 1589 232 55 partition.

397 1663 150 41 Parmi
580 1665 61 39 les
670 1662 247 41 meilleures
954 1676 127 41 pages
1117 1663 51 40 de
1199 1663 205 53 celles-ci,
1436 1661 36 55 je
1505 1663 153 41 citerai
1678 1677 8 28 :
1723 1677 111 42 pour
1866 1665 38 41 le
1925 1666 189 54 premier

342 1744 106 46 acte,
481 1736 40 41 la
540 1734 98 55 jolie
672 1739 125 37 scène
818 1736 71 40 des
912 1736 244 54 cigarières,
1180 1737 78 53 qui
1288 1745 63 34 est
1373 1736 141 55 pleine
1536 1736 235 56 d'entrain,
1794 1739 52 41 de
1877 1739 176 42 chaleur
2074 1748 41 34 et

341 1811 52 41 de
414 1816 307 47 mouvement;
756 1823 112 41 pour
890 1810 38 41 le
951 1809 170 54 second,
1147 1823 62 28 un
1233 1811 206 40 entr'acte
1460 1811 245 52 charmant,
1730 1813 77 54 qui
1831 1821 63 33 est
1916 1827 61 27 un
2007 1814 108 56 petit

343 1884 119 55 bijou
487 1884 350 56 symphonique;
860 1891 100 34 tout
981 1884 204 54 l'épisode
1205 1884 51 41 de
1276 1884 350 56 l'introduction,
1660 1886 78 55 qui
1766 1894 62 33 est
1850 1887 161 55 chaud,
2037 1903 49 27 en-

341 1960 213 51 traînant,
578 1957 154 52 coloré,
760 1966 41 33 et
821 1971 85 42 que
927 1957 37 54 je
996 1966 154 33 trouve
1171 1971 110 40 pour
1304 1971 70 27 ma
1396 1967 98 46 part
1513 1972 63 27 un
1610 1959 174 42 tableau
1806 1960 171 55 parfait,
2008 1971 40 33 et
2068 1963 39 41 la

342 2032 196 41 chanson
561 2032 60 41 du
644 2031 217 55 toréador,
883 2032 110 41 dont
1013 2032 39 41 le
1075 2032 134 41 motif
1222 2046 194 41 manque
1438 2032 51 42 de
1514 2032 278 56 distinction,
1817 2035 112 42 mais
1949 2036 78 55 qui
2050 2044 62 35 est

340 2107 225 41 travaillée
583 2119 102 29 avec
708 2119 62 28 un
793 2115 67 33 art
881 2105 129 42 infini
1033 2114 41 34 et
1099 2107 108 40 dont
1234 2107 38 40 le
1295 2106 160 42 refrain
1481 2121 52 27 en
1555 2107 153 42 chœur
1735 2115 63 35 est
1826 2109 60 41 du
1909 2110 209 42 meilleur

342 2180 119 52 effet;
486 2180 137 55 enfin,
647 2194 55 27 au
724 2180 221 41 troisième
966 2188 108 45 acte,
1107 2194 63 27 un
1192 2180 153 42 chœur
1375 2181 248 56 vigoureux
1644 2190 42 33 et
1719 2182 203 55 original,
1948 2192 41 33 et
2019 2185 97 42 l'air

341 2268 53 28 en
414 2255 61 41 mi
491 2254 143 42 bémol
655 2255 52 41 de
728 2254 198 51 Micaela,
952 2256 34 40 si
1010 2255 100 42 bien
1131 2257 292 54 accompagné
1438 2269 78 42 par
1537 2255 39 42 le
1598 2269 74 29 cor
1693 2256 91 42 solo
1807 2266 41 33 et
1862 2257 60 41 les
1940 2258 175 42 violons

342 2342 82 28 con
456 2328 176 42 sordini
637 2360 9 20 ,
670 2342 205 27 morceau
907 2329 218 55 empreint
1152 2329 131 41 d'une
1304 2329 210 41 véritable
1542 2329 160 56 poésie,
1722 2337 42 35 et
1784 2330 107 42 dont
1912 2330 39 42 le
1972 2345 117 28 carac-

341 2406 88 39 tère
449 2413 61 31 est
529 2402 164 55 tendre,
717 2402 317 56 mélancolique
1055 2411 43 34 et
1119 2403 227 43 touchant.

401 2472 67 47 Én
488 2479 185 50 résumé,
690 2478 41 41 la
748 2477 211 56 partition
973 2479 52 40 de
1047 2478 191 42 Carmen
1255 2486 62 33 est
1330 2491 88 29 une
1436 2491 152 29 œuvre
1603 2481 84 40 très
1705 2479 191 55 soignée,
1914 2482 85 40 très
2018 2481 72 41 étu-

343 2551 111 54 diée,
479 2551 169 55 inégale
670 2552 289 53 assurément,
985 2552 109 41 mais
1116 2552 78 55 qui
1211 2559 173 35 montre
1401 2551 63 43 M.
1487 2552 124 42 Bizet
1630 2557 25 36 à
1670 2552 41 42 la
1733 2552 230 43 recherche
1992 2554 98 41 d'ho-

344 2625 146 42 rizons
512 2639 248 35 nouveaux,
784 2634 41 33 et
847 2625 76 55 qui
947 2634 104 47 peut
1081 2626 120 41 enfin
1227 2626 168 42 donner
1416 2627 51 40 de
1488 2626 216 55 légitimes
1737 2629 248 53 espérances
2006 2642 113 41 pour

345 2714 77 27 son
441 2700 152 42 avenir
613 2700 50 41 de
686 2700 296 56 compositeur
1004 2701 292 55 dramatique.
1323 2701 173 42 Vienne
1523 2705 23 37 à
1571 2701 181 42 l'artiste
1774 2716 62 27 un
1860 2703 88 41 bon
1970 2703 148 54 livret,

344 2772 229 56 approprié
592 2778 23 37 à
637 2773 41 42 la
700 2780 158 35 nature
885 2774 53 41 de
961 2788 79 28 son
1076 2775 154 54 talent,
1254 2789 54 27 en
1342 2775 297 42 communion
1670 2789 105 27 avec
1798 2790 78 27 son
1901 2778 191 55 tempéra-

345 2857 120 31 ment
499 2848 202 54 musical,
739 2856 42 34 et
816 2848 39 55 je
878 2848 128 54 crois,
1048 2863 102 27 avec
1183 2849 286 56 l'expérience
1490 2850 177 54 acquise
1688 2863 78 42 par
1797 2850 65 41 lui
1885 2858 41 34 et
1943 2851 39 42 le
2003 2851 115 41 désir

345 2920 110 55 qu'il
478 2935 22 27 a
521 2921 51 41 de
606 2921 100 42 bien
728 2921 118 54 faire,
881 2936 83 42 que
997 2923 63 44 M.
1086 2923 122 42 Bizet
1242 2923 208 55 produira
1486 2923 119 41 enfin
1627 2938 87 27 une
1746 2938 154 28 œuvre
1921 2930 24 37 à
1968 2926 41 42 la
2036 2926 82 42 fois

345 2993 130 55 digne
496 2995 60 41 du
573 2996 170 54 public,
767 2996 60 41 du
849 2996 167 41 théâtre
1038 3003 41 34 et
1101 2996 53 41 de
1172 2997 243 45 lui-même.

404 3067 384 57 L'interprétation
828 3070 53 41 de
925 3071 192 42 Carmen
1157 3079 64 34 est
1259 3085 117 28 assez
1415 3072 327 54 généralement
1763 3072 234 56 médiocre,
2015 3081 41 34 et
2081 3074 38 54 je

344 3142 110 41 crois
476 3156 86 42 que
583 3144 89 41 cela
694 3143 110 42 tient
825 3153 175 35 surtout
1020 3149 22 37 à
1065 3145 40 42 la
1126 3147 228 42 mauvaise
1377 3147 166 54 qualité
1566 3154 41 34 et
1630 3149 23 39 à
1674 3147 41 41 la
1747 3147 203 42 fâcheuse
1973 3156 120 34 struc-

345 3225 98 35 ture
465 3219 58 40 du
559 3219 155 55 poème
747 3218 52 42 de
830 3220 116 44 MM.
980 3221 190 43 Meilhac
1191 3229 41 34 et
1256 3222 190 55 Halévy.
1487 3222 35 41 Il
1545 3220 94 43 faut
1673 3222 247 55 cependant
1941 3222 104 42 tirer
2067 3222 51 42 de

348 3293 96 56 pair
466 3293 201 42 madame
689 3293 296 57 Galli-Marié,
1021 3297 77 54 qui
1124 3296 98 42 s'est
1253 3298 196 40 montrée
1469 3295 221 42 vraiment
1715 3296 164 55 grande
1907 3297 148 41 artiste
2077 3305 42 34 et

348 3367 285 43 comédienne
654 3368 53 42 de
729 3382 188 42 premier
948 3370 124 41 ordre
1102 3371 107 41 dans
1237 3385 46 28 ce
1305 3371 90 42 rôle
1429 3371 146 54 ingrat
1608 3371 50 40 de
1681 3370 210 55 Carmen,
1915 3371 159 54 qu'elle
2094 3385 23 26 a

348 3455 49 27 su
431 3443 154 40 rendre
625 3443 150 42 vivant
807 3458 54 27 en
894 3444 121 56 dépit
1046 3445 52 41 de
1119 3453 94 33 tout
1237 3453 41 34 et
1299 3446 107 41 dont
1435 3446 81 41 elle
1546 3459 40 39 a,
1622 3453 157 33 autant
1800 3458 86 42 que
1908 3445 205 55 possible,
