2339 3904
864 369 78 40 LA
974 367 386 51 CHRONIQUE
1392 367 319 42 MUSICALE

407 371 86 54 254

796 517 60 37 OU
878 522 59 30 est
959 515 38 37 la
1014 516 137 37 Pruss'
1167 517 23 36 ?
1244 537 6 6 -
1276 516 72 47 Là,
1441 521 37 30 et
1500 514 39 37 la
1560 515 193 36 France?

794 599 16 20 «
842 585 61 35 Là
926 587 95 41 (sur
1044 596 75 25 son
1142 585 157 46 cœur),
1326 583 57 37 dit
1405 584 35 36 le
1456 583 105 51 petit
1581 582 242 48 crânement,

793 666 19 15 «
842 651 62 37 Ne
1122 662 78 39 pas
1224 662 71 26 sur
1317 657 113 31 notre
1452 651 166 49 enfance
1630 649 14 37 !
1671 663 14 21 »

461 775 78 41 Les
572 775 285 42 Volontaires
883 775 103 41 d'un
1009 789 57 27 an
1074 808 10 20 ,
1108 775 218 55 quadrille
1350 788 75 40 par
1452 775 169 41 Arban.
1730 775 86 40 Les
1851 773 134 42 Trois
2007 774 162 54 Idoles,

398 849 39 40 J.
464 849 113 41 Béor
601 856 41 34 et
669 848 82 44 Ch.
781 849 190 42 Liébeau
990 865 10 35 ;
1026 863 68 27 ces
1117 849 132 41 idoles
1278 860 99 30 sont
1404 849 40 41 la
1466 849 172 53 liberté,
1659 849 41 40 la
1730 848 220 41 fraternité
1971 856 40 33 et
2040 849 109 54 l'éga-

398 922 77 42 lité
494 938 9 36 ;
528 937 58 27 on
605 938 54 27 ne
674 924 65 40 dit
760 938 75 42 pas
857 924 34 40 si
913 925 103 40 elles
1035 933 99 33 sont
1153 938 52 26 en
1230 924 93 40 bois
1339 931 40 34 et
1400 924 323 54 peinturlurées
1745 936 172 27 comme
1935 936 56 26 au
2014 922 155 56 Japon.

475 997 272 57 Gutenberg,
775 998 51 41 E.
855 998 174 55 Baillet,
1057 997 48 42 L.
1131 998 161 41 Chelu.

845 1126 177 49 Citoyen
1046 1126 48 38 de
1115 1124 245 51 Vhumanité,

843 1194 236 52 Gutenberg
1099 1196 63 35 n'a
1177 1206 77 39 pas
1277 1194 47 36 de
1339 1193 138 51 patrie
1489 1209 14 32 ;

839 1262 114 37 Nous
975 1262 57 37 lui
1052 1262 143 38 devons
1219 1261 295 51 l'imprimerie,

841 1330 114 38 Nous
977 1330 57 36 lui
1056 1330 146 38 devons
1226 1330 40 36 la
1288 1329 144 37 liberté
1443 1330 15 36 !

453 1455 63 42 Le
561 1455 206 56 Vengeur
768 1486 12 22 P
816 1455 179 42 Charles
1021 1454 129 43 Gille.
1249 1457 63 39 Le
1345 1455 241 42 Bataillon
1614 1455 55 41 de
1691 1455 185 42 Vavenir
1881 1488 10 19 ,
1919 1454 50 43 E.
1997 1453 174 56 Baillet,

402 1530 259 55 Collignon.
687 1530 144 41 —La
852 1530 246 41 Sentinelle
1104 1563 10 21 ,
1137 1529 49 42 E.
1213 1530 135 41 Carré
1369 1538 42 33 et
1433 1530 84 42 Ch.
1548 1530 198 54 Pourny.
1770 1554 56 6 —
1843 1531 65 39 La
1929 1530 248 40 Sentinelle

399 1604 168 54 perdue
576 1638 8 19 ,
607 1604 223 52 Villemer,
852 1604 41 41 J.
918 1604 146 41 Fuchs
1087 1612 40 32 et
1149 1606 55 38 A.
1230 1604 189 42 d'Hack.
1522 1604 67 41 La
1613 1604 266 41 Plébéienne
1886 1637 8 20 ,
1914 1603 170 55 paroles
2106 1603 71 40 des

405 1679 197 54 citoyens
622 1679 54 40 A.
703 1678 219 55 Philipert
950 1686 40 33 et
1014 1679 61 40 H.
1092 1677 221 56 Chatelin,
1334 1679 206 54 musique
1563 1679 50 40 de
1633 1680 72 53 (on
1722 1692 52 27 ne
1791 1688 89 32 met
1894 1693 75 40 pas
1988 1676 190 57 citoyen)

405 1753 47 42 F.
490 1752 289 55 Chassaigne.
827 1751 124 42 Cette
988 1753 204 40 éternelle
1225 1754 180 40 histoire
1439 1754 52 41 de
1529 1754 301 51 Prolétaires,
1869 1754 52 40 de
1950 1755 139 39 Place
2120 1766 58 27 au

400 1827 148 40 Soleil
581 1827 55 40 de
663 1827 45 40 la
732 1826 181 42 Liberté
918 1860 9 19 ,
951 1835 100 45 etc.,
1087 1841 23 27 a
1146 1827 59 41 dû
1239 1827 85 41 être
1357 1828 83 40 fort
1468 1829 172 53 goûtée,
1672 1841 71 27 car
1767 1827 176 53 l'image
1976 1841 53 26 en
2058 1835 61 32 est
2155 1830 23 37 à

398 1900 151 42 moitié
582 1900 169 42 effacée.
872 1902 68 40 La
974 1902 141 40 Jeune
1144 1902 166 40 Armée
1316 1935 9 20 ,
1353 1901 55 42 F.
1451 1902 167 40 Duvert
1652 1912 39 30 et
1732 1902 51 40 L.
1823 1902 166 41 Benza.
2114 1901 64 40 Le

405 1975 245 41 Troisième
664 1975 200 53 Zouave,
889 1975 225 54 Villemer,
1141 1975 155 54 Nazet,
1324 1973 54 44 R.
1408 1976 278 55 Planquette.
1716 2001 46 5 —
1779 1977 86 40 Les
1886 1974 293 43 Prisonniers

396 2047 322 57 d'Allemagne
721 2080 11 20 9
767 2050 53 41 P.
852 2050 169 40 Burani
1056 2058 41 33 et
1132 2048 50 43 C.
1218 2050 205 54 Pourny;
1448 2063 46 27 ce
1520 2050 92 42 doit
1634 2051 86 40 être
1744 2064 87 27 une
1854 2050 205 41 nouvelle
2086 2047 69 41 édi-

395 2121 118 52 tion;
555 2136 112 27 nous
701 2137 137 27 avons
873 2123 93 55 déjà
1012 2123 237 55 enregistré
1282 2137 47 27 ce
1357 2137 224 31 morceau.
1729 2125 62 41 Le
1825 2123 240 55 Régiment
2102 2122 76 41 des

400 2195 219 43 Ouvriers
626 2230 7 22 ,
666 2198 45 42 L.
741 2196 219 43 Delormel
981 2206 42 33 et
1047 2198 50 41 L.
1124 2198 144 41 Benza
1294 2213 9 27 :

840 2329 34 36 A
900 2328 107 38 leurs
1028 2330 169 49 enfants,
1224 2328 191 39 vaillante
1436 2339 94 27 race

844 2395 79 46 Qui
943 2395 168 52 grandit
1127 2395 137 50 pleine
1285 2396 48 37 de
1344 2396 140 50 fierté,

844 2463 59 37 Ils
912 2465 97 49 font
1030 2464 131 36 aimer
1183 2464 38 36 la
1243 2464 132 38 vieille
1395 2464 160 48 Alsace,

843 2532 63 36 La
920 2532 140 50 patrie
1080 2539 39 29 et
1141 2532 39 37 la
1203 2532 143 37 liberté
1360 2535 13 34 !

452 2653 62 44 La
534 2669 163 42 pauvre
720 2655 156 42 Alsace
898 2656 212 41 continue
1139 2660 23 37 à
1190 2657 88 42 être
1312 2657 182 42 chantée
1517 2671 76 42 par
1621 2656 60 42 les
1719 2660 144 53 poètes
1886 2665 41 34 et
1948 2657 59 41 les
2033 2657 114 42 musi-

396 2730 117 41 ciens
532 2746 9 35 ;
566 2730 219 56 plusieurs
819 2731 73 41 des
926 2745 234 27 morceaux
1183 2731 78 55 qui
1285 2739 108 33 vont
1414 2731 148 42 suivre
1590 2741 100 32 sont
1712 2737 23 37 à
1759 2733 93 40 leur
1876 2732 182 41 seconde
2082 2732 69 41 édi-

400 2803 108 53 tion,
534 2804 59 41 les
615 2804 122 41 titres
760 2819 115 27 nous
909 2819 54 27 en
987 2805 243 55 paraissent
1254 2819 170 28 connus
1444 2806 67 54 ;il
1537 2821 17 26 s
1559 2806 9 20 9
1571 2821 28 41 y
1622 2815 155 33 trouve
1799 2808 141 40 même
1962 2807 115 41 deux
2098 2806 80 41 fois

401 2880 40 40 le
460 2879 115 41 Rhin
598 2880 227 41 allemand
846 2880 51 40 de
923 2880 183 48 Musset,
1132 2880 207 54 musique
1365 2880 52 41 de
1453 2880 65 41 M.
1553 2880 218 54 Chaume,
1795 2890 42 32 et
1869 2895 87 28 une
1978 2890 125 32 autre
2126 2880 52 41 de

398 2951 38 42 J.
459 2951 202 53 Arnoldi,
684 2953 100 55 puis
809 2967 87 26 une
917 2953 167 41 Prière
1107 2954 259 40 alsacienne
1372 2987 9 21 ,
1415 2953 151 41 dédiée
1588 2958 23 36 à
1633 2954 200 42 madame
1867 2954 185 54 Alboni,
2077 2967 102 27 avec

400 3033 113 33 texte
535 3025 204 60 français,
762 3027 153 40 italien
939 3035 40 34 et
1002 3028 208 55 musique
1226 3028 54 41 de
1299 3028 53 42 G.
1381 3028 128 42 Rota.
1609 3028 223 43 Viennent
1853 3032 124 52 après
2001 3043 10 27 :
2042 3029 137 42 Salut

401 3101 27 38 à
465 3101 44 39 la
548 3101 178 40 France
732 3133 9 20 ,
779 3103 169 53 paroles
981 3111 41 32 et
1063 3104 205 53 musique
1301 3102 52 41 de
1387 3102 134 42 L.-A.
1558 3102 188 42 Dubost.
1861 3104 312 56 L'Orpheline,

400 3174 52 42 C.
479 3175 230 54 Brigliono
732 3184 41 32 et
797 3177 49 40 L.
873 3177 155 42 Chelu.
1049 3202 52 6 —
1115 3179 82 40 Les
1221 3178 243 42 Nouvelles
1485 3179 54 40 de
1563 3179 199 52 France,
1790 3179 147 55 Gazay
1957 3188 42 32 et
2016 3181 54 41 A.
2100 3180 51 40 Pe-

400 3248 68 42 tit.
573 3250 94 40 Une
706 3251 207 41 Chanson
930 3252 247 60 française
1211 3253 113 41 dans
1360 3266 57 27 un
1459 3253 187 41 cabaret
1682 3253 214 41 d'Alsace
1901 3287 11 19 ,
1938 3252 237 52 Delormel,

400 3321 210 44 Villemer
631 3334 40 32 et
697 3325 51 41 L.
769 3325 159 55 Benza,
945 3327 101 40 c'est
1069 3340 87 27 une
1174 3327 204 41 nouvelle
1398 3327 181 41 édition.
1601 3328 123 40 —Le
1744 3328 269 42 Centenaire
2019 3362 9 19 t
2047 3328 131 41 chant

402 3398 207 57 alsacien,
635 3400 37 40 E
678 3431 7 14 :
716 3400 231 42 Siebecker
969 3409 40 33 et
1032 3400 51 42 E.
1115 3400 263 44 Baumaine.
