2339 3904
826 414 79 39 LA
936 405 381 50 CHRONIQUE
1350 401 319 43 MUSICALE

373 420 84 53 276

372 576 141 35 toutes
537 563 123 42 celles
682 561 108 55 qu'il
812 567 122 52 reçut
962 558 108 40 dans
1093 569 62 28 un
1176 566 149 43 espace
1344 552 53 41 de
1427 550 100 41 huit
1548 549 157 41 années
1730 560 10 30 :
1778 562 10 26 i
1800 553 28 16 er
1855 547 94 53 prix
1972 545 52 41 de
2046 543 66 41 sol-

371 642 91 52 fège
484 637 174 60 (1849);
695 650 23 27 2
724 642 13 17 e
758 635 95 55 prix
873 634 51 40 de
958 631 131 56 piano
1110 628 153 54 (I85I)
1286 636 41 32 et
1348 624 186 58 premier
1553 622 96 56 prix
1672 619 174 58 (1852);
1882 634 14 25 lERI
1906 624 29 18 ER
1962 616 174 43 accessit

370 713 177 53 d'orgue
570 711 15 53 (
594 708 146 55 1853),
767 721 23 27 2
796 713 13 15 e
828 706 98 56 prix
950 703 150 55 (1854)
1127 711 42 32 et
1191 700 187 55 premier
1405 697 98 56 prix
1525 696 51 53 (i
1576 696 129 53 855),
1731 708 23 26 2
1761 701 15 21 e
1809 692 94 55 prix
1924 692 51 39 de
2002 692 133 51 fugue

370 784 169 56 (1854),
575 792 41 33 et
649 782 186 56 premier
868 777 301 59 prix(ißss);
1207 775 136 53 enfin,
1381 786 22 28 2
1409 779 13 17 e
1459 772 97 56 prix
1589 774 24 37 à
1642 767 219 43 l'lnstitut
1893 769 15 48 (
1921 765 145 50 1856),
2096 769 41 33 et

369 859 187 56 premier
578 857 95 57 prix
698 855 173 56 (1857).

424 933 116 42 C'est
578 931 196 55 lorsqu'il
813 927 149 43 venait
998 925 217 42 d'obtenir
1255 937 78 27 son
1371 920 158 42 second
1571 918 97 55 prix
1708 921 24 36 à
1773 913 235 51 l'lnstitut,
2050 923 88 41 que

371 1009 62 40 M.
459 1007 122 41 Bizet
603 1019 42 28 se
665 1005 109 41 livra
806 1009 24 35 à
851 1016 87 28 une
956 1000 133 56 petite
1108 997 222 42 débauche
1351 995 106 41 dont
1479 995 31 40 il
1526 993 92 40 doit
1641 991 101 41 bien
1766 988 167 42 souiiie
1955 985 156 54 aujour-

368 1082 139 42 d'hui.
539 1081 63 42 M.
628 1077 260 52 Offenbach,
912 1075 78 55 qui
1018 1075 69 40 n'a
1108 1071 153 55 jamais
1291 1071 64 40 été
1376 1066 207 43 l'ennemi
1616 1065 132 41 d'une
1774 1062 140 41 douce
1935 1059 201 52 réclame,

369 1164 41 33 et
431 1155 77 55 qui
529 1153 155 56 depuis
698 1150 201 43 dix'huit
921 1148 111 42 mois
1055 1146 118 42 avait
1188 1151 157 34 ouvert
1367 1144 37 39 le
1421 1141 166 41 théâtre
1607 1139 73 40 des
1701 1132 433 53 Bouffes-Parisiens,

370 1229 63 41 M.
454 1226 257 52 Offenbach,
735 1223 257 43 surnommé
1012 1221 41 41 le
1075 1218 264 43 bienfaiteur
1359 1216 73 40 des
1456 1212 238 43 musiciens
1719 1219 40 33 et
1781 1210 37 41 le
1839 1213 299 36 restaurateur

367 1304 51 41 de
438 1303 41 40 la
501 1301 206 55 musique
724 1312 54 28 en
802 1298 183 48 France,
1011 1294 117 42 avait
1150 1306 52 27 eu
1225 1291 126 41 l'idée
1369 1290 27 39 d
1412 1287 224 56 organiser
1657 1287 107 39 dans
1787 1297 79 27 son
1888 1282 165 40 théâtre
2076 1292 61 28 un

367 1389 213 29 concours
624 1374 248 55 d'opérette.
915 1364 446 47 Soixante-dix-huit
1401 1360 320 56 compositeurs
1868 1369 74 42 pas
1982 1367 61 28 un
2084 1353 53 40 de

368 1451 145 41 moins
677 1442 419 47 soixante-dix-huit
1139 1439 319 55 compositeurs
1511 1447 156 29 encore
1707 1432 141 55 pleins
1888 1427 250 43 d'illusions

368 1525 197 41 s'étaient
590 1522 233 56 présentés,
852 1528 53 43 et,
929 1520 124 53 après
1083 1529 86 28 une
1199 1515 188 54 épreuve
1418 1507 307 59 préparatoire,
1764 1505 67 40 six
1867 1503 27 40 d
1913 1510 121 33 entie
2056 1514 84 27 eux

367 1599 176 41 avaient
574 1599 63 39 été
667 1596 120 53 jugés
816 1593 153 54 dignes
1000 1592 51 40 de
1073 1589 184 56 prendre
1280 1595 94 47 part
1400 1599 56 27 au
1489 1595 212 30 concours
1729 1576 204 53 définitif,
1971 1590 20 26 c
2010 1577 110 39 est-à-

367 1673 92 42 -------dire
486 1673 51 40 de
558 1679 156 34 mettre
735 1683 53 27 en
811 1668 207 54 musique
1047 1666 38 40 le
1117 1663 304 42 bienheureux
1443 1659 127 41 livret
1593 1671 84 41 que
1710 1656 117 40 leurs
1850 1651 287 55 inspirations

365 1746 223 42 devraient
608 1744 176 42 couvrir
812 1743 105 40 d'un
938 1746 206 35 manteau
1169 1738 51 39 de
1243 1748 191 43 pourpre
1452 1741 40 33 et
1517 1733 109 40 d'or.
1651 1731 81 41 Ces
1762 1729 66 40 six
1859 1726 204 42 favorisés
2085 1723 51 41 de

364 1821 43 41 la
442 1820 176 41 fortune
659 1816 178 54 étaient,
880 1828 76 43 par
988 1813 123 41 ordre
1137 1812 51 41 de
1223 1809 169 50 mérite,
1424 1807 117 41 MM.
1578 1806 139 50 Bizet,
1749 1803 382 47 Demerssemann,

366 1894 225 54 Erlanger,
631 1891 180 43 Charles
846 1890 185 53 Lecocq,
1070 1887 217 53 Limagne
1322 1891 42 34 et
1399 1880 247 54 Maniquet.
1683 1877 72 42 On
1789 1882 135 35 remet
1958 1873 114 40 donc
2110 1873 24 38 à

364 1968 169 42 chacun
555 1967 129 41 d'eux
708 1980 63 26 un
800 1962 262 56 exemplaire
1083 1960 60 41 du
1164 1960 127 40 livret
1308 1959 59 40 du
1395 1958 199 39 Docteur
1614 1951 202 43 Miracle
1825 1981 10 21 ,
1861 1948 60 41 dû
1943 1950 23 38 à
1989 1947 40 40 la
2050 1945 68 41 col-

365 2041 247 43 laboration
631 2040 51 41 de
706 2039 118 41 MM.
850 2038 121 41 Léon
996 2036 133 40 Battu
1150 2042 42 33 et
1216 2031 198 43 Ludovic
1440 2028 189 54 Halévy_,
1655 2034 52 44 et,
1735 2038 57 27 au
1810 2024 107 39 bout
1940 2021 50 40 de
2012 2018 101 56 quel-

365 2129 106 42 ques
506 2114 226 48 semaines,
775 2113 37 40 le
845 2111 97 55 jury
977 2108 216 56 proclama
1240 2105 270 54 vainqueurs
1541 2100 61 41 du
1636 2110 231 38 concours,
1906 2108 58 28 ex
1987 2106 148 42 œquo,

366 2190 117 43 MM.
508 2188 179 42 Charles
710 2187 169 52 Lecocq
903 2192 40 34 et
976 2183 188 53 Georges
1188 2180 137 41 Bizet.
1352 2176 144 43 Ironie
1529 2174 61 42 du
1624 2180 88 34 sort
1729 2176 7 37 !
1766 2172 85 39 Des
1881 2169 113 40 deux
2013 2167 123 41 héros

365 2263 51 41 de
433 2270 108 33 cette
564 2261 132 56 petite
712 2260 94 50 fête,
832 2258 110 53 l'un,
963 2257 64 41 M.
1048 2253 180 44 Charles
1249 2253 184 52 Lecocq,
1452 2248 145 42 devait
1620 2249 87 40 être
1722 2246 39 41 le
1778 2242 357 44 transformateui

365 2337 60 41 du
448 2349 130 41 genre
598 2336 52 39 de
670 2334 238 53 l'opérette,
932 2343 84 42 que
1035 2338 99 31 tous
1157 2341 64 27 ses
1240 2326 145 42 efforts
1409 2322 246 43 tendraient
1675 2325 23 36 à
1721 2318 104 41 faire
1848 2324 164 33 rentrer
2032 2313 110 41 dans

365 2413 40 39 le
428 2411 125 53 giron
576 2409 50 40 de
647 2408 158 54 l'opéra
817 2404 217 54 comique,
1059 2401 145 42 tandis
1226 2413 86 42 que
1333 2399 171 50 l'autre,
1531 2395 68 42 M.
1623 2394 191 52 Georges
1837 2390 139 52 Bizet,
1994 2386 151 42 devait

367 2487 86 39 être
474 2485 37 39 le
535 2482 100 56 plus
656 2479 155 43 mortel
829 2477 178 43 ennemi
1044 2477 51 40 de
1129 2482 65 34 cet
1214 2475 131 53 opéra
1365 2470 218 54 comique,
1614 2476 40 34 et
1675 2465 211 58 professer
1916 2463 38 40 le
1976 2460 164 57 mépris

365 2559 40 42 le
429 2557 97 56 plus
558 2555 183 57 profond
770 2566 110 42 pour
911 2552 60 40 les
1002 2550 237 42 musiciens
1263 2547 77 56 qui
1371 2545 206 42 l'avaient
1599 2542 122 55 porté
1750 2543 23 37 à
1801 2552 81 28 son
1905 2536 97 56 plus
2028 2535 112 41 haut

367 2635 126 53 point
527 2632 52 40 de
609 2629 252 56 splendeur!
896 2626 209 41 L'auteur
1138 2637 53 28 en
1225 2620 269 57 expectative
1521 2618 52 41 de
1611 2618 45 40 la
1683 2615 123 42 Fille
1839 2613 54 40 de
1927 2609 216 42 Madame

367 2707 158 54 Angot
545 2702 235 55 coudoyait
800 2702 40 40 le
862 2700 121 42 futur
1004 2696 299 57 compositeur
1323 2695 50 41 de
1399 2695 43 40 la
1464 2692 122 42 Jolie
1607 2689 124 42 Fille
1752 2688 55 41 de
1827 2684 166 44 Perth!

431 2781 81 41 Les
548 2779 114 41 deux
706 2776 233 56 partitions
980 2772 272 43 couronnées
1291 2769 59 42 du
1395 2769 202 40 Docteur
1646 2763 203 43 Miracle
1867 2792 10 19 ,
1925 2759 126 40 celles
2088 2756 52 41 de

373 2855 118 43 MM.
514 2855 169 52 Lecocq
700 2859 41 34 et
762 2850 138 53 Bizet,
917 2848 146 41 furent
1084 2846 223 42 exécutées
1325 2850 144 36 toutes
1484 2841 116 41 deux
1613 2852 87 28 aux
1720 2830 423 47 Bouffes-Parisiens

457 2943 101 27 avec
577 2942 62 27 un
665 2925 165 55 maigre
852 2924 161 51 succès,
1033 2921 31 42 il
1087 2921 110 41 n'est
1218 2931 87 43 que
1324 2917 113 56 juste
1458 2916 51 41 de
1533 2915 40 41 le
1601 2919 231 36 constater.
1857 2909 142 55 Après
2037 2903 107 57 quoi

374 3004 63 42 M.
464 3003 119 41 Bizet
609 3006 245 37 concourut
875 2999 52 40 de
949 3009 204 29 nouveau
1174 2997 23 38 à
1218 2992 237 48 l'lnstitut,
1477 2989 133 57 partit
1633 2999 112 44 pour
1771 2985 157 51 Rome,
1950 2988 40 35 et
2015 2978 98 43 bien-

372 3080 66 39 tôt
459 3091 53 27 ne
534 3089 132 43 pensa
689 3088 98 27 sans
808 3073 133 41 doute
960 3071 99 55 plus
1081 3072 24 38 à
1124 3082 45 27 ce
1189 3067 132 56 péché
1340 3065 50 41 de
1413 3064 210 55 jeunesse.
1650 3061 65 40 De
1731 3067 150 33 retour
1903 3069 53 27 en
1978 3055 169 40 France

371 3152 33 42 il
425 3152 84 41 alla
534 3159 176 33 trouver
738 3147 63 42 M.
826 3145 89 43 Off.
1011 3144 50 41 Je
1082 3156 70 28 me
1181 3151 186 45 trompe,
1394 3138 62 42 M.
1493 3134 235 52 Carvalho,
1765 3139 41 34 et
1842 3130 65 42 lui
1936 3128 119 42 offrit
2081 3140 63 28 un

371 3239 193 41 ouvrage
593 3238 54 27 en
668 3223 105 41 trois
800 3229 129 44 actes,
966 3219 62 41 les
1056 3217 231 42 Pêcheurs
1308 3215 56 41 de
1377 3212 154 57 perles
1536 3243 9 21 ,
1576 3222 87 43 que
1684 3205 179 44 celui-ci
1888 3211 189 46 accepta,
2104 3208 43 33 et

373 3302 78 54 qui
485 3300 64 41 fut
571 3298 98 56 joué
702 3310 57 28 au
788 3292 429 55 Théâtre-Lyrique,
1242 3290 38 40 le
1305 3290 52 40 3o
1379 3286 241 56 septembre
1646 3283 127 46 1863,
1797 3293 77 42 par
1896 3276 217 43 mademoi-

374 3374 102 41 selle
494 3373 52 41 de
570 3371 198 53 Maësen,
794 3368 118 42 MM.
933 3366 159 42 Ismaèl
1113 3373 41 33 et
1177 3361 185 43 Morini.
1398 3360 60 41 Le
1493 3360 54 40 26
1571 3356 228 42 décembre
1826 3352 129 55 1867,
1980 3350 32 41 il
2033 3349 84 41 don-

376 3450 92 40 nait
489 3462 54 27 au
562 3448 140 40 même
724 3445 165 41 théâtre
910 3443 45 41 la
974 3441 120 42 Jolie
1108 3439 101 53 fille
1230 3438 55 42 de
1306 3435 140 42 Perth
1479 3432 139 57 grand
1634 3432 131 54 opéra
1781 3443 54 28 en
1853 3434 154 49 quatre
2031 3432 116 33 actes
