2339 3904
861 406 155 42 JEAN
1052 404 271 43 MONNET

1883 417 86 43 247

213 549 113 42 sulat
346 548 218 57 lyonnais,
586 548 200 56 composé
806 547 60 42 du
888 549 152 54 prévôt
1061 546 73 42 des
1166 546 257 41 marchands
1445 553 41 35 et
1509 546 72 40 des
1605 545 218 55 échevins,
1847 545 83 42 mit
1949 550 23 37 à

209 625 159 41 l'étude
387 626 39 39 la
445 625 343 54 réorganisation
811 625 71 39 des
905 622 245 56 spectacles.
1178 622 58 41 Le
1258 621 209 42 mémoire
1491 621 76 56 qui
1583 621 66 41 fut
1670 621 145 55 rédigé
1837 635 75 27 sur
1931 621 40 41 la

210 699 180 42 matière
420 708 63 32 est
518 699 204 40 conservé
760 712 86 27 aux
878 696 196 42 archives
1108 696 52 40 de
1194 696 40 40 la
1263 695 116 49 ville,
1415 708 101 28 sous
1540 695 38 41 le
1611 695 98 41 titre
1743 695 50 41 de
1813 694 161 55 Projet

206 786 119 41 pour
348 772 358 42 rétablissement
726 772 77 42 des
822 771 246 56 spectacles
1089 770 54 41 de
1159 769 137 55 Lyon
1306 801 8 8 .
1339 769 70 41 On
1431 783 28 40 y
1476 769 52 40 lit
1550 782 51 27 en
1620 770 229 41 substance
1868 783 101 41 que,

208 844 172 55 jusqu'à
403 844 147 42 Collot
583 845 255 54 d'Herbois,
872 845 40 41 la
935 846 177 53 plupart
1134 844 72 40 des
1234 843 237 40 directeurs
1492 844 123 39 n'ont
1634 843 153 42 abouti
1811 843 99 55 qu'à
1932 842 40 42 la

210 918 165 42 faillite.
404 919 201 40 Laissons
628 919 50 40 de
701 920 93 40 côté
816 918 59 41 les
897 918 345 41 considérations
1254 916 371 42 administratives
1645 916 236 56 invoquées
1898 931 75 40 par

209 993 189 41 l'auteur
432 993 52 40 de
506 1007 46 26 ce
574 993 211 41 mémoire
818 1007 54 27 en
898 993 151 41 faveur
1084 992 49 41 de
1164 992 40 41 la
1237 990 381 43 décentralisation
1646 991 191 56 lyrique,
1861 1004 112 42 pour

211 1066 100 42 n'en
333 1068 151 54 garder
502 1081 85 41 que
611 1082 45 27 ce
679 1068 80 56 qui
781 1068 160 41 touche
964 1073 22 36 à
1009 1068 40 40 la
1073 1066 212 42 tentative
1308 1065 52 42 de
1381 1065 186 41 Monnet
1590 1078 9 28 :

261 1219 17 21 «
303 1206 66 35 Au
397 1204 109 38 sieur
536 1204 201 38 Maillefer
773 1204 170 38 succéda
964 1204 38 36 le
1033 1203 109 37 sieur
1166 1204 173 36 Monnet
1366 1203 85 49 qui,
1486 1204 161 47 n'ayant
1670 1214 54 37 pu
1754 1201 161 38 obtenir
1937 1201 36 39 le

209 1267 194 50 privilège
431 1268 48 37 de
503 1275 104 30 cette
626 1267 94 39 ville
743 1280 79 37 que
854 1279 97 25 sous
976 1267 38 36 la
1035 1266 212 37 condition
1275 1267 65 48 d'y
1368 1265 144 38 établir
1537 1277 56 24 un
1622 1265 137 48 opéra,
1784 1272 39 29 et
1852 1273 123 41 ayant

209 1329 95 37 bien
327 1330 123 48 prévu
485 1342 79 36 que
586 1341 44 26 ce
658 1328 196 50 spectacle
886 1329 87 37 seul
996 1340 50 25 ne
1079 1328 168 49 pouvait
1269 1340 71 36 pas
1379 1327 195 37 satisfaire
1608 1326 36 36 le
1669 1326 99 48 goût
1794 1326 178 48 général,

207 1388 120 53 jugea
348 1394 21 33 à
388 1403 153 38 propos
564 1404 106 36 pour
688 1399 145 29 mettre
856 1390 49 37 de
927 1389 37 38 la
981 1389 152 39 variété
1158 1390 100 36 dans
1284 1390 37 36 le
1344 1389 100 48 sien,
1475 1388 48 36 de
1541 1387 157 52 joindre
1721 1399 79 25 aux
1819 1395 157 29 acteurs

209 1453 99 48 qu'il
329 1453 108 37 avait
463 1454 173 48 engagés
658 1466 104 36 pour
791 1453 36 36 le
856 1451 135 47 chant,
1023 1451 61 37 six
1102 1454 21 34 à
1151 1459 88 41 sept
1261 1451 102 37 bons
1390 1449 124 49 sujets
1540 1461 105 37 pour
1666 1447 115 50 jouer
1801 1447 154 39 alterna-

211 1514 200 37 tivement
431 1526 96 25 avec
546 1515 163 47 l'opéra,
724 1515 69 36 des
814 1512 204 38 comédies
1037 1521 40 28 et
1096 1513 70 36 des
1188 1513 141 48 opéras
1350 1510 228 49 comiques.
1602 1510 73 36 Cet
1691 1517 286 41 arrangement

212 1576 70 37 eût
310 1588 90 25 sans
423 1576 124 37 doute
570 1577 62 36 été
649 1576 35 37 le
704 1576 91 49 plus
815 1574 251 39 convenable
1089 1586 50 25 en
1160 1574 256 49 supprimant
1438 1574 100 35 dans
1566 1571 38 37 la
1625 1571 104 38 suite
1751 1585 55 23 un
1828 1584 79 37 peu
1928 1573 48 35 de

209 1637 39 37 la
272 1637 175 49 dépense
469 1638 48 36 de
538 1637 163 49 l'Opéra
720 1637 70 49 qui
812 1636 97 38 était
930 1644 91 42 trop
1043 1637 116 36 forte.
1188 1636 104 36 Mais
1315 1636 57 38 M.
1399 1635 194 46 Devarax,
1613 1646 103 36 pour
1735 1634 80 36 lors
1834 1634 143 48 prévôt

209 1698 69 37 des
300 1698 242 37 marchands
563 1699 48 36 de
635 1706 103 29 cette
762 1698 110 48 ville,
895 1697 71 49 qui
989 1696 148 38 n'avait
1152 1698 41 35 ni
1214 1696 37 38 le
1272 1696 101 50 goût
1395 1696 54 37 du
1471 1696 210 48 spectacle,
1705 1695 42 36 ni
1764 1707 186 37 apparem-

211 1768 115 29 ment
365 1773 110 24 assez
505 1761 137 36 bonne
680 1759 172 50 opinion
893 1760 70 37 des
991 1759 148 37 talents
1169 1759 54 36 du
1254 1771 190 24 nouveau
1472 1758 204 37 directeur
1703 1770 104 36 pour
1842 1764 134 31 entrer

208 1822 99 36 dans
337 1834 62 25 ses
414 1834 112 36 vues,
545 1822 38 38 le
610 1823 113 47 priva
745 1822 48 36 de
825 1834 40 24 sa
887 1821 200 37 direction
1110 1832 106 37 pour
1237 1820 37 36 la
1294 1828 193 29 remettre
1510 1827 113 29 entre
1642 1820 58 36 les
1729 1818 129 37 mains
1881 1819 95 37 d'un

209 1891 151 40 acteur,
388 1896 94 25 sous
515 1883 58 38 les
595 1884 141 37 ordres
764 1884 48 37 de
837 1885 61 38 M.
935 1884 169 47 Breton,
1127 1883 102 36 dont
1256 1882 112 37 l'état
1389 1882 41 37 ni
1452 1882 37 37 le
1517 1881 117 50 génie
1661 1881 315 52 n'annonçaient

210 1956 71 38 pas
303 1945 58 37 les
381 1944 176 50 qualités
579 1945 272 37 convenables
870 1945 99 37 dans
990 1956 80 26 une
1092 1943 167 51 pareille
1282 1943 224 50 entreprise
1534 1947 68 43 (1).

266 2087 72 41 On
364 2086 93 42 voit
480 2100 77 42 par
578 2086 40 41 là
640 2087 205 54 qu'outre
867 2087 59 40 les
957 2085 234 42 difficultés
1218 2084 257 43 matérielles
1496 2085 77 56 qui
1597 2084 294 57 s'opposaient
1915 2100 56 28 au

211 2163 147 38 succès
378 2160 49 40 de
445 2159 271 56 l'entreprise
748 2160 51 41 de
819 2159 199 52 Monnet,
1042 2159 38 41 le
1102 2159 199 41 mauvais
1322 2157 176 42 vouloir
1518 2159 59 40 du
1598 2159 152 54 prévôt
1774 2159 197 42 Devarax

210 2234 64 40 lui
293 2247 53 27 en
362 2233 132 41 créait
509 2234 51 40 de
577 2234 245 40 nouvelles.
845 2233 80 40 Les
943 2234 169 54 prévôts
1128 2232 71 42 des
1218 2232 257 41 marchands
1493 2232 50 41 de
1560 2232 139 55 Lyon,
1720 2232 78 54 qui
1815 2233 158 44 étaient

212 2321 53 27 en
281 2307 190 55 quelque
488 2316 114 33 sorte
621 2307 113 41 chefs
748 2307 51 41 de
814 2307 40 40 la
872 2305 325 56 municipalité,
1215 2306 243 60 exerçaient
1475 2320 75 27 sur
1566 2306 59 41 les
1640 2307 231 55 spectacles
1888 2321 87 27 une

206 2380 217 42 influence
439 2381 270 40 souveraine.
727 2381 80 41 Les
823 2380 238 42 directeurs
1077 2380 330 41 succombaient
1422 2394 104 27 avec
1541 2394 98 29 eux.
1657 2380 187 42 Monnet
1859 2381 117 41 avait

205 2456 64 39 été
285 2458 85 37 très
388 2456 174 53 protégé
579 2469 76 40 par
670 2455 38 40 le
724 2455 304 54 prédécesseur
1042 2455 51 40 de
1108 2454 63 41 M.
1190 2455 212 52 Devarax,
1417 2455 183 54 Jacques
1614 2454 197 41 Annibal
1828 2455 146 42 Claret

207 2528 51 41 de
279 2528 40 41 la
341 2529 211 40 Tourette
574 2528 53 41 de
654 2528 224 52 Fleurieu,
903 2542 79 26 son
1004 2528 303 55 compatriote,
1339 2528 180 40 homme
1541 2528 178 55 d'esprit
1738 2536 41 32 et
1800 2530 51 38 de
1874 2542 96 27 sens

207 2602 78 55 qui
315 2617 21 26 a
370 2603 128 40 laissé
529 2602 73 41 des
633 2602 230 41 mémoires
896 2603 247 40 nombreux
1176 2615 75 28 sur
1286 2601 226 50 l'histoire,
1547 2601 41 41 la
1622 2601 205 56 critique,
1861 2611 41 32 et
1935 2602 39 41 le

207 2676 165 42 théâtre
391 2693 7 24 :
427 2693 18 21 «
469 2676 61 41 Ce
550 2676 66 41 fut
637 2677 64 40 lui
722 2676 77 55 qui
818 2677 145 40 donna
983 2679 23 37 à
1032 2675 63 41 M.
1117 2676 186 40 Monnet
1325 2683 109 33 cette
1455 2675 235 55 énergique
1710 2676 263 55 inscription

207 2766 53 28 en
282 2751 104 43 trois
421 2757 112 34 mots
560 2750 131 41 latins
726 2751 153 53 gravés
903 2764 74 27 sur
1009 2749 40 41 la
1071 2749 117 53 toile,
1223 2748 248 56 exprimant
1503 2749 59 40 les
1594 2749 105 42 trois
1735 2763 152 40 genres
1921 2749 52 42 de

209 2825 210 56 spectacle
440 2838 84 41 que
543 2824 184 41 donnait
750 2837 78 28 son
849 2824 166 41 théâtre
1036 2835 10 30 :
1070 2839 17 22 «
1112 2823 172 54 Movet,
1306 2823 180 54 mulcet,
1506 2830 163 44 monet;
1696 2824 31 40 il
1749 2824 161 49 émeut,
1936 2824 31 41 il

207 2899 191 48 charme,
416 2898 32 40 il
468 2897 197 55 instruit,
688 2914 18 21 »
729 2897 259 55 inscription
1011 2897 200 40 d'autant
1232 2898 97 53 plus
1344 2897 229 50 heureuse,
1593 2911 86 41 que
1698 2897 37 41 le
1753 2898 219 42 troisième

207 2982 93 32 mot
321 2972 109 42 latin
451 2985 42 28 se
514 2972 194 42 trouvait
729 2973 85 40 être
835 2985 55 28 en
914 2971 139 41 même
1075 2978 142 47 temps
1232 2970 38 42 le
1290 2984 104 28 nom
1416 2971 59 41 du
1498 2971 216 42 directeur
1737 2989 18 21 »
1778 2971 80 55 (2).

246 3116 53 43 (1)
325 3117 56 32 Au
402 3121 120 38 temps
544 3116 44 31 de
609 3116 165 39 Monnet,
804 3114 33 33 le
859 3114 140 33 théâtre
1020 3112 88 33 était
1134 3112 95 33 situé
1260 3113 91 32 dans
1384 3124 51 21 un
1459 3113 126 34 ancien
1607 3114 60 44 jeu
1698 3115 42 32 de
1758 3124 145 33 paume,
1926 3124 44 22 au

204 3172 120 33 levant
342 3172 48 31 du
412 3171 142 32 théâtre
574 3171 118 32 actuel
710 3177 34 26 et
771 3170 19 33 à
807 3170 130 42 l'angle
959 3169 49 32 du
1030 3168 85 44 quai
1148 3168 49 32 du
1220 3168 144 44 Rhône,
1392 3179 43 22 en
1458 3169 73 34 face
1552 3170 33 32 le
1606 3176 90 36 pont
1722 3168 167 33 Morand.
1915 3169 55 31 En

209 3226 103 45 1754,
334 3226 23 32 il
378 3225 156 34 tombait
556 3236 44 22 en
628 3226 105 32 ruine
751 3237 8 21 :
782 3237 48 22 on
849 3225 33 33 le
906 3224 138 42 vendit,
1061 3234 95 34 pour
1178 3234 44 23 en
1244 3225 206 32 construire
1482 3236 49 22 un
1555 3235 180 31 nouveau,
1759 3223 139 43 d'après
1919 3224 51 31 les

205 3281 144 33 dessins
374 3281 44 32 de
439 3279 170 41 Soufflot,
632 3281 89 33 dans
748 3281 155 32 l'ancien
939 3279 118 44 jardin
1085 3279 43 32 de
1152 3279 334 44 l'Hôtel-de-Ville,
1521 3291 66 21 sur
1611 3279 289 44 l'emplacement
1921 3279 48 31 du

207 3336 158 32 Théâtre
390 3336 130 32 actuel.
548 3335 25 32 Il
604 3335 54 33 fut
678 3336 134 32 achevé
836 3346 44 22 en
908 3335 105 45 1756.

249 3391 50 42 (2)
320 3391 123 43 Eloge
464 3390 202 34 manuscrit
699 3391 45 33 de
762 3391 61 34 M.
851 3391 44 33 de
917 3391 172 34 Fleurieu
1093 3417 9 17 ,
1135 3403 64 32 par
1220 3392 31 32 le
1272 3391 182 34 chevalier
1476 3392 109 42 Bory,
1620 3389 43 33 de
1684 3389 218 33 l'Académie
1926 3389 43 32 de

209 3448 115 44 Lyon,
347 3457 43 21 en
418 3457 103 35 1777.
