2339 3904
396 1135 104 71 LE
564 1125 467 79 BRINDISI
1102 1122 125 72 DE
1300 1117 122 74 LA
1483 1107 561 79 TRAVIATA

1055 1290 258 32 NOUVELLE
1415 1276 50 49 (I)

1199 1676 46 40 II

777 1837 138 29 ARMEN
943 1829 64 35 est
1037 1813 366 58 restée'pensive;
1429 1809 218 58 peut-être
1680 1808 39 40 le
1745 1805 152 55 départ
1929 1815 62 28 un
2022 1813 82 43 peu

781 1899 192 53 brusque
992 1894 52 42 de
1062 1893 200 42 Gontran
1298 1889 54 41 l'a
1388 1883 258 44 contrariée.
1675 1879 192 52 L'autre,
1906 1874 64 44 M.
1994 1874 83 42 Cor-

780 1970 171 54 bellini,
976 1983 26 28 a
1023 1965 116 43 suivi
1161 1964 61 42 du
1247 1960 151 57 regard
1421 1960 41 41 la
1486 1956 129 43 sortie
1641 1955 59 41 du
1721 1952 129 56 jeune
1872 1949 232 53 musicien,

781 2044 100 58 puis
912 2057 42 28 se
983 2039 294 60 rapprochant
1307 2036 52 41 de
1392 2032 203 51 Carmen,
1632 2036 40 35 et
1700 2027 110 42 d'un
1846 2034 78 33 ton
1956 2021 124 43 sardo-

785 2119 134 54 nique
937 2132 10 26 :

918 2190 37 42 Il
984 2203 25 28 a
1029 2186 96 43 l'air
1145 2185 116 55 rusé,
1283 2190 121 36 votre
1422 2180 101 42 cher
1545 2185 205 44 maestro,
1769 2172 66 43 lui
1857 2170 139 44 dit-il.

471 2274 70 42 Ne
562 2273 124 41 faites
708 2283 75 43 pas
802 2264 216 45 attention
1034 2275 10 42 ;
1067 2261 31 42 il
1119 2267 63 35 est
1200 2271 62 29 un
1285 2270 84 42 peu
1392 2255 245 52 fantasque.

473 2347 161 41 Jaloux
656 2349 190 37 surtout.

470 2422 69 41 Ne
557 2419 177 57 parlons
756 2429 76 43 pas
855 2415 52 40 de
929 2411 82 43 lui.

397 2498 144 39 —Au
564 2492 231 51 contraire,
821 2488 270 56 parlons-en.
1119 2483 38 42 Il
1178 2495 111 28 vous
1309 2491 114 31 aime
1464 2490 29 29 n
1511 2483 134 34 est-ce
1667 2486 73 42 pas
1759 2474 16 39 ?

474 2568 100 51 Que
595 2580 109 28 vous
725 2570 240 49 importe...
1002 2558 189 57 puisque
1211 2556 38 55 je
1288 2551 177 58 partirai
1493 2561 102 32 avec
1615 2560 162 29 vous...
1801 2544 35 41 si
1864 2542 38 56 je
1931 2554 92 30 vais
2057 2553 55 27 en

347 2643 146 43 Italie.

484 2718 115 42 C'est
621 2728 87 42 que
738 2712 37 56 je
809 2710 86 43 n'ai
927 2721 75 44 pas
1037 2714 96 47 trop
1172 2704 54 41 de
1263 2701 225 43 confiance
1514 2699 108 41 dans
1653 2696 60 43 les
1745 2693 169 57 paroles
1928 2706 10 35 ;
1971 2689 9 57 j
2000 2688 114 42 aime

341 2793 146 43 mieux
510 2791 61 42 les
593 2788 142 53 écrits,
775 2786 53 42 ils
849 2788 180 38 restent.
1070 2779 37 42 Il
1134 2792 29 42 y
1197 2791 25 29 a
1244 2778 141 41 même
1418 2788 64 28 un
1515 2770 211 59 proverbe
1747 2768 111 43 latin
1883 2765 229 52 là-dessus,

340 2867 112 43 mais
472 2866 38 55 je
532 2877 108 29 vous
663 2876 54 29 en
741 2859 79 43 fais
849 2861 143 53 grâce,
1015 2855 30 41 il
1064 2853 74 57 n'y
1159 2867 24 28 a
1204 2866 87 42 que
1312 2859 122 33 votre
1456 2847 108 58 petit
1594 2843 216 59 épagneul
1831 2854 81 43 qui
1933 2840 38 42 le
1992 2850 93 30 com-

341 2939 241 58 prendrait.

474 3014 111 41 Sans
619 3024 110 29 vous
769 3015 210 48 compter.
1015 3003 115 45 Mais
1163 3010 260 34 savez-vous
1462 3008 87 44 que
1583 2995 101 41 c'est
1724 2992 191 41 blessant
1945 3000 47 29 ce
2029 2998 87 43 que

344 3096 110 29 vous
473 3081 138 41 dites?

477 3156 120 41 Pour
618 3153 40 43 le
678 3149 154 44 chien?
853 3149 109 43 Soit.
985 3144 132 45 Ainsi
1140 3158 112 29 vous
1272 3142 107 44 allez
1404 3137 153 60 partir,
1578 3149 59 29 ou
1660 3134 143 58 plutôt
1839 3142 114 32 nous
1975 3129 141 41 allons

348 3230 134 59 partir
503 3243 111 34 pour
637 3226 159 43 Milan.

389 3431 51 44 (i)
465 3429 92 34 Voir
575 3429 34 32 I©
632 3432 155 28 numéro
808 3423 48 34 du
883 3433 12 24 l
903 3428 28 16 er
952 3429 113 27 mars.
