2339 3904
1916 370 80 41 285

1011 374 196 43 VARIA

296 525 62 35 En
378 523 134 37 disant
534 532 103 30 cette
661 524 196 48 chanson,
877 524 58 37 les
957 524 218 36 danseuses
1197 522 169 38 retirent
1388 521 109 37 leurs
1531 519 247 47 babouches,
1809 525 39 30 et
1867 517 114 51 prélu-

242 585 98 36 dent
361 597 70 38 par
446 585 69 37 des
537 593 284 30 mouvements
841 584 250 50 significatifs
1113 587 21 34 à
1156 583 35 37 la
1213 583 253 50 pantomime
1486 593 244 26 amoureuse
1750 579 70 52 qui
1836 591 47 27 va
1900 579 106 38 ravir

242 646 58 38 les
324 654 265 41 spectateurs.

291 707 171 37 Chacun
484 708 157 38 ensuite
663 716 168 42 apporte
850 720 76 25 son
946 706 195 47 offrande,
1167 714 39 30 et
1232 706 180 49 exprime
1435 718 41 25 sa
1496 704 250 39 satisfaction
1774 715 50 26 en
1852 702 155 39 collant

242 782 81 25 une
352 771 111 48 pièce
490 771 48 38 de
570 771 191 37 monnaie
793 783 69 25 sur
893 771 38 36 la
963 769 143 49 figure,
1140 769 36 36 le
1204 769 91 36 bras
1326 780 54 25 ou
1409 767 37 37 le
1475 779 79 25 cou
1574 767 48 37 de
1657 766 37 38 la
1721 766 148 38 femme
1907 764 99 51 qu'il

242 831 168 49 préfère.

364 960 211 39 Baireuth.
669 961 78 37 Les
775 960 342 51 représentations
1140 960 48 37 de
1212 957 194 40 Baireuth
1429 965 149 31 auront
1598 958 98 47 lieu,
1719 969 160 26 comme
1900 966 108 28 nous

244 1025 154 38 l'avons
420 1023 70 49 dit,
516 1035 49 26 en
587 1022 131 50 juillet
739 1032 38 29 et
797 1023 99 37 août
919 1023 111 49 1876.
1057 1023 75 36 Les
1155 1021 240 51 répétitions
1415 1019 203 51 partielles
1640 1031 51 25 au
1712 1019 123 49 piano
1858 1026 152 30 auront

244 1086 82 38 lieu
352 1098 52 24 au
434 1086 102 37 mois
558 1085 48 37 de
633 1085 135 49 juillet
792 1085 48 37 de
861 1085 159 37 Tannée
1043 1085 199 49 présente.
1270 1084 160 35 Durant
1458 1090 92 29 tout
1576 1080 156 44 l'hiver,
1765 1081 57 36 les
1848 1079 160 38 artistes

246 1148 170 49 engagés
434 1159 41 26 se
505 1155 94 30 sont
629 1146 86 49 déjà
746 1147 189 49 préparés
957 1149 23 34 à
1001 1159 64 25 ces
1095 1143 239 52 répétitions
1369 1152 39 28 et
1435 1143 91 50 plus
1549 1143 95 36 d'un
1667 1155 21 24 a
1708 1152 98 41 reçu
1828 1141 69 37 des
1919 1139 69 37 ins-

244 1209 202 38 tructions
469 1209 48 37 de
542 1209 36 37 la
605 1207 158 39 bouche
785 1208 49 37 de
855 1209 195 49 Wagner,
1074 1207 82 37 lors
1178 1206 47 37 de
1251 1218 75 25 son
1357 1206 137 36 récent
1513 1216 151 38 voyage
1688 1202 21 38 à
1740 1202 179 50 Leipzig.
1948 1202 62 36 En

246 1280 129 39 outre,
411 1271 141 37 l'hiver
594 1270 209 50 prochain,
850 1270 102 37 trois
987 1268 307 51 capellmeister,
1338 1266 186 50 désignés
1565 1279 71 37 par
1671 1265 195 48 Wagner,
1903 1264 105 36 MM.

248 1333 164 49 Lampe,
436 1331 132 38 Seidel
596 1339 39 29 et
667 1331 181 47 Richter,
875 1331 70 48 qui
975 1339 72 29 ont
1079 1330 136 38 étudié
1243 1332 36 34 la
1304 1328 194 50 partition
1521 1339 94 26 avec
1650 1326 36 38 le
1716 1327 143 37 maître
1882 1333 38 29 et
1940 1324 72 50 qui

245 1400 95 31 sont
356 1406 51 24 au
424 1401 172 29 courant
615 1393 48 37 de
684 1404 59 26 ses
766 1393 207 37 moindres
995 1392 242 48 intentions,
1261 1397 271 43 parcourront
1549 1389 58 37 les
1628 1387 243 52 principales
1894 1385 119 39 villes

246 1456 49 36 de
315 1455 268 49 l'Allemagne
604 1467 105 38 pour
729 1467 23 37 y
775 1454 98 37 faire
896 1455 159 48 répéter
1077 1454 57 37 les
1150 1453 221 38 chanteurs
1389 1464 78 37 que
1490 1451 109 37 leurs
1621 1456 290 44 engagements
1933 1460 80 25 aux

245 1517 178 38 théâtres
444 1531 25 36 y
495 1517 233 38 retiennent
749 1518 186 49 occupés.
964 1517 77 36 Les
1063 1515 107 37 rôles
1194 1522 95 30 sont
1314 1514 104 37 ainsi
1441 1512 170 49 répartis
1634 1520 114 29 entre
1771 1512 58 36 les
1850 1510 163 37 artistes

246 1579 169 49 chargés
435 1579 287 48 d'interpréter
744 1587 104 29 cette
877 1590 139 25 oeuvre
1046 1576 197 38 colossale
1265 1583 40 30 et
1327 1587 91 25 sans
1441 1573 159 38 modèle
1618 1583 8 27 :
1652 1573 41 37 M
1698 1579 43 16 me
1759 1573 41 36 F.
1829 1573 186 36 Materna

246 1641 49 37 de
319 1640 162 50 l'Opéra
524 1640 49 37 de
608 1640 158 37 Vienne
793 1639 258 47 (Brunhilde)
1066 1650 9 36 ;
1111 1639 39 36 M
1157 1639 38 25 lle
1227 1637 273 50 Oppenheim,
1535 1636 50 36 de
1618 1634 213 38 Francfort
1851 1633 161 49 (Erda);

248 1703 106 38 MM.
388 1703 132 48 Glutz,
544 1702 48 38 de
622 1702 125 38 Pesth
778 1701 252 51 (Siegfried);
1057 1702 97 36 Betz
1177 1701 47 36 de
1252 1700 138 37 Berlin
1418 1697 277 51 (Siegmund);
1718 1695 222 46 Niemann,
1965 1694 48 37 de

248 1764 140 37 Berlin
410 1765 213 48 (Wodan);
654 1764 152 48 Scaria,
829 1764 48 36 de
901 1763 152 37 Dresde
1076 1761 198 50 (HagenJ;
1298 1760 122 37 Carlo
1449 1759 103 49 Hill,
1576 1759 49 37 de
1646 1758 207 37 Schwérin
1874 1756 116 46 (Albé-

247 1825 89 48 ric);
363 1833 40 30 et
425 1825 111 38 enfin
562 1825 147 48 Eilers,
731 1825 49 37 de
802 1825 209 48 Cobourg,
1033 1831 39 30 et
1093 1821 135 39 Weiss
1249 1822 48 38 de
1321 1821 168 38 Breslau
1511 1821 71 45 (les
1606 1820 105 36 deux
1734 1819 176 44 Géants).
1939 1818 76 36 Les

247 1895 138 29 autres
397 1887 108 38 rôles
521 1899 51 25 ne
592 1896 94 28 sont
697 1898 71 38 pas
787 1898 146 26 encore
949 1884 326 38 définitivement
1291 1882 219 38 distribués
1526 1890 113 29 entre
1662 1881 226 37 mesdames
1914 1879 77 38 Leh-

249 1961 140 36 maun,
413 1949 48 38 de
484 1949 205 49 Cologne;
716 1949 158 46 Crunn,
896 1947 49 37 de
968 1947 150 47 Gotha,
1139 1953 40 30 et
1198 1946 56 36 M.
1282 1945 122 48 Gura,
1426 1944 48 37 de
1500 1942 178 51 Leipzig.
1702 1943 55 37 Le
1777 1942 46 36 28
1845 1940 169 51 janvier,

247 2012 183 48 Wagner
452 2023 22 25 a
497 2012 159 36 adressé
678 2014 21 33 à
721 2022 64 26 ces
809 2009 203 38 éminents
1033 2008 161 38 artistes
1217 2019 80 25 une
1329 2005 213 38 circulaire
1565 2018 104 37 pour
1690 2005 57 36 les
1766 2003 147 39 inviter
1933 2006 22 33 à
1973 2014 41 25 se

249 2080 168 30 trouver
439 2075 23 34 à
490 2072 196 37 Baireuth
707 2083 52 25 au
781 2070 105 38 mois
904 2071 48 36 de
972 2070 143 49 juillet,
1150 2077 39 29 et
1217 2081 104 37 pour
1345 2067 167 37 insister
1540 2079 70 24 sur
1631 2066 37 36 la
1690 2065 198 38 nécessité
1910 2064 103 49 qu'il

246 2147 26 37 y
293 2147 22 24 a
340 2134 48 36 de
422 2132 97 38 faire
547 2133 249 38 abstraction
820 2132 47 37 de
889 2139 92 30 tout
1015 2131 148 37 intérêt
1185 2129 220 49 personnel
1433 2141 52 25 au
1509 2127 123 50 profit
1654 2127 48 37 de
1725 2126 182 48 l'œuvre,
1930 2124 82 38 afin

247 2207 79 37 que
347 2195 58 37 les
433 2194 218 38 difficultés
672 2194 49 37 de
743 2193 253 49 l'entreprise
1027 2192 135 37 soient
1184 2190 273 38 surmontées.
1486 2188 33 37 Il
1547 2197 61 29 est
1634 2192 22 33 à
1683 2199 235 37 remarquer
1936 2197 79 38 que

247 2256 37 37 le
303 2256 158 37 théâtre
480 2256 48 37 de
552 2255 210 48 Baireuth,
784 2263 90 29 tout
895 2253 226 51 provisoire
1141 2252 98 50 qu'il
1260 2260 75 40 est,
1361 2252 294 49 représentera,
1678 2251 99 36 dans
1796 2262 57 24 un
1875 2247 141 39 avenir

246 2315 237 53 rapproché,
517 2318 94 36 bien
634 2317 176 37 d'autres
831 2328 199 36 ouvrages
1062 2327 78 37 que
1168 2314 38 37 la
1240 2313 163 49 trilogie
1429 2313 69 37 des
1519 2312 277 51 Niebelungen
1804 2342 8 8 .
1835 2311 181 48 Wagner

245 2387 100 30 veut
365 2379 96 36 faire
491 2378 48 37 de
575 2390 74 25 son
684 2376 155 39 théâtre
861 2389 56 24 un
951 2377 84 37 lieu
1057 2376 48 38 de
1135 2375 174 38 réunion
1332 2378 53 33 où
1420 2373 267 50 l'Allemagne
1719 2385 152 38 pourra
1901 2371 115 38 venir

248 2440 357 51 périodiquement
626 2438 190 48 admirer,
833 2439 100 37 dans
954 2439 70 37 des
1044 2437 238 38 exécutions
1310 2437 108 37 aussi
1441 2435 185 50 parfaites
1646 2446 78 38 que
1745 2434 195 50 possible,
1961 2433 55 37 les

250 2501 313 39 chefs-d'œuvre
595 2500 47 37 de
677 2500 91 37 l'art
801 2500 159 49 lyrique
994 2498 207 38 allemand
1225 2509 8 26 :
1255 2510 55 25 on
1343 2498 91 47 cite,
1460 2507 159 27 comme
1641 2496 148 37 devant
1812 2496 83 36 être
1914 2495 77 36 don-

252 2564 74 37 née
345 2566 117 47 après
482 2570 104 30 cette
606 2561 176 50 trilogie,
806 2562 37 37 le
862 2560 158 38 Fidelio
1039 2561 49 36 de
1112 2559 236 38 Beethoven
1368 2557 151 50 (Revue
1538 2564 38 30 et
1599 2557 167 50 Galette
1785 2554 225 40 musicale).

881 2849 505 62 NOUVELLES

477 3009 98 29 ARIS.
668 2997 151 51 Opéra.
931 2996 59 37 La
1024 2994 149 50 reprise
1196 2994 26 37 d
1224 2993 182 38 'Hamlet
1440 3000 60 30 est
1534 2991 103 39 fixée
1665 2994 23 35 à
1709 2989 195 40 vendredi
1925 3001 72 38 pro-

479 3058 133 47 chain,
639 3071 43 37 19
712 3066 184 31 courant.
929 3056 187 38 Madame
1138 3054 202 40 Carvalho
1364 3054 140 52 jouera
1524 3065 106 39 pour
1651 3053 38 38 la
1716 3051 200 51 première
1944 3049 76 38 fois

478 3121 37 37 le
535 3121 85 37 rôle
639 3119 231 52 d'Ophélie.

341 3299 9 5 -
387 3276 76 37 Les
498 3275 238 50 répétitions
769 3274 49 38 de
851 3274 154 38 Jeanne
1038 3273 115 37 Darc
1185 3280 337 31 commenceront
1559 3269 169 40 bientôt.
1769 3268 171 49 L'opéra
1971 3265 46 39 de

260 3339 57 37 M.
359 3339 176 36 Mermet
569 3349 86 25 sera
701 3336 91 49 joué
841 3336 223 36 l'automne
1106 3336 214 47 prochain.
1380 3336 129 36 Faure
1538 3332 192 49 remplira
1767 3329 37 38 le
1845 3329 87 38 rôle
1970 3329 47 37 de

260 3399 169 39 Charles
451 3400 95 48 VII,
569 3397 305 39 mademoiselle
898 3398 151 37 Krauss
1072 3397 105 37 celui
1197 3397 47 38 de
1264 3398 153 37 Jeanne
1441 3397 124 38 Darc.
