2339 3904
522 409 76 42 LE
632 408 275 43 BRINDISI
945 408 80 41 DE
1060 408 77 41 LA
1169 403 326 44 TRAVIATA

1805 400 79 41 261

186 585 56 11 «
265 560 54 41 Et
342 572 105 29 mon
468 567 287 47 engagement
772 560 14 39 ?
809 557 120 42 Vous
952 570 54 27 ne
1028 556 113 41 m'en
1163 553 110 44 dites
1295 553 109 42 rien.

261 633 194 55 Puisque
475 646 110 28 vous
607 646 99 26 avez
727 646 72 26 ma
821 630 169 52 parole!

261 708 49 42 Je
340 721 54 29 ne
428 707 64 41 dis
516 720 75 42 pas
625 719 105 29 non.
756 705 131 52 Mais,
922 703 136 54 enfin,
1093 703 31 40 il
1157 702 94 41 faut
1287 699 196 55 toujours
1514 712 62 27 un
1608 703 287 49 engagement

132 783 137 55 signé.

271 854 224 56 Pourquoi
512 858 15 38 ?
550 854 132 42 Parce
704 865 86 41 que
812 852 58 41 les
901 851 124 42 écrits
1049 851 186 39 restent?
1270 847 265 42 Savez-vous
1556 858 85 42 que
1662 845 98 41 c'est
1782 844 91 42 bles-

132 941 99 30 sant
266 943 45 28 ce
332 943 87 41 que
446 941 110 28 vous
590 927 162 42 dites...
784 939 98 29 sans
901 930 192 50 compter
1125 935 86 43 que
1238 934 110 28 vous
1371 933 69 28 me
1474 919 153 42 traitez
1648 932 169 28 comme
1833 931 62 28 un

132 1003 145 41 chien.

259 1076 60 42 Ce
336 1075 109 42 n'est
465 1089 74 42 pas
562 1075 40 42 la
625 1075 141 40 même
787 1072 141 42 chose.

258 1150 49 42 Je
326 1150 177 55 l'espère
526 1162 71 28 ma
616 1148 58 42 foi
698 1147 116 41 bien.

263 1224 81 41 Les
365 1223 169 41 affaires
552 1230 100 33 sont
681 1221 72 42 des
776 1220 221 41 affaires...
1020 1225 41 34 et
1081 1217 60 41 les
1162 1216 228 56 questions
1410 1214 50 42 de
1481 1226 173 30 cœur...

258 1297 110 41 N'en
390 1303 98 35 sont
508 1310 89 42 pas.
619 1296 122 40 Pour
759 1293 107 54 moi,
891 1293 101 40 c'est
1012 1291 38 42 le
1068 1290 227 41 contraire.

263 1371 113 42 Mais
398 1371 128 50 alors,
552 1368 240 52 monsieur,
816 1372 223 36 comment
1060 1364 206 42 concilier
1286 1376 68 28 ces
1374 1362 112 41 deux
1507 1361 160 41 choses.

263 1443 139 53 Voici,
428 1442 374 46 mademoiselle...
837 1441 68 42 En
927 1446 186 35 mettant
1148 1450 76 29 sur
1244 1437 38 41 le
1304 1435 142 44 même
1468 1435 99 56 pied
1588 1435 60 42 les
1671 1434 225 55 questions

131 1518 52 41 de
201 1531 121 28 cœur
343 1525 42 35 et
405 1517 60 41 les
487 1516 183 41 affaires.

258 1591 309 43 C'est-à-dire?

264 1666 112 41 Rien
395 1665 108 42 n'est
523 1663 100 56 plus
644 1663 171 55 simple.

186 1758 84 41 Sur
297 1770 68 27 ces
388 1765 127 41 mots,
553 1755 32 42 il
615 1755 149 54 signor
800 1752 243 44 Corbellini
1063 1752 79 42 tire
1162 1750 51 42 de
1235 1764 44 28 sa
1302 1749 136 56 poche
1462 1762 61 28 un
1555 1748 149 56 papier
1736 1748 86 56 plié
1842 1761 54 29 en

135 1840 173 46 quatre,
328 1839 40 32 et
385 1830 39 40 le
445 1837 227 34 montrant
689 1833 23 36 à
733 1828 190 42 Carmen
945 1842 8 26 :

261 1923 125 41 Voici
418 1936 60 27 un
507 1929 287 47 engagement
826 1935 53 26 en
911 1919 128 56 règle,
1072 1919 64 41 lui
1164 1917 134 43 dit-il.
1337 1917 36 40 Il
1395 1924 64 34 est
1488 1915 123 54 signé
1632 1915 50 41 de
1703 1915 170 55 l'impre-

132 1998 114 40 sario
269 1997 51 40 de
350 1997 40 40 la
411 1996 119 41 Scala
553 2006 40 30 et
616 1995 218 55 approuvé
856 2008 76 41 par
954 2007 103 27 mon
1081 1992 89 41 ami
1193 1990 148 54 Verdi,
1366 2004 100 27 avec
1499 1997 110 33 cette
1629 1989 146 41 clause
1797 1989 101 41 bien

132 2086 244 42 expresse...
402 2071 52 41 ah
473 2074 7 38 !
506 2070 29 41 il
560 2084 28 41 y
616 2084 24 26 a
668 2082 86 27 une
774 2069 142 40 clause
931 2072 7 37 !
963 2067 109 54 qu'il
1092 2067 150 40 n'aura
1260 2065 51 40 de
1330 2064 187 54 vigueur
1534 2065 234 52 qu'autant
1788 2062 110 55 qu'il

132 2160 89 27 sera
245 2146 121 53 signé
388 2158 75 41 par
479 2152 120 32 votre
614 2145 85 38 très
717 2142 184 41 humble
923 2141 224 41 serviteur.
1169 2140 49 40 Je
1240 2152 109 27 vous
1371 2138 38 40 le
1428 2137 175 41 livrerai
1626 2150 53 27 en
1703 2136 195 55 échange

132 2220 59 40 du
215 2219 149 55 papier
394 2231 88 41 que
512 2216 36 54 je
578 2230 109 28 vous
721 2215 40 42 ai
784 2215 213 42 demandé
1016 2213 110 52 hier,
1150 2220 41 36 et
1225 2225 83 42 que
1331 2224 109 28 vous
1463 2210 269 41 m'affirmiez
1751 2217 98 34 tout
1870 2213 25 38 à

132 2293 165 42 l'heure
317 2294 88 39 être
428 2295 106 52 prêt.

302 2366 10 28 C
316 2366 218 41 ?est-à-dire
550 2364 110 55 qu'il
683 2363 93 42 faut
798 2377 85 41 que
903 2363 38 55 je
963 2362 225 55 m'engage
1204 2364 23 37 à
1247 2359 134 56 partir
1401 2372 101 29 avec
1522 2371 124 40 vous,
1665 2361 24 38 à
1710 2371 188 43 voyager

132 2453 101 28 avec
255 2453 125 38 vous,
403 2443 23 36 à
449 2439 104 40 aller
576 2451 101 28 avec
699 2451 110 27 vous
830 2441 24 36 à
875 2437 160 40 Milan.

259 2513 122 42 Vous
399 2512 227 40 hésiteriez
649 2511 148 54 quand
820 2523 109 28 vous
948 2523 134 41 voyez
1103 2507 203 43 combien
1328 2506 38 55 je
1385 2520 108 27 vous
1512 2504 197 43 aime?...

261 2588 117 42 C'est
398 2600 126 42 parce
546 2600 84 41 que
652 2586 37 55 je
707 2586 39 40 le
766 2585 110 53 vois,
900 2597 85 41 que
1005 2584 180 54 j'hésite.

263 2662 119 42 Vous
404 2661 204 41 aimeriez
630 2660 147 40 mieux
798 2671 189 43 voyager
1008 2671 102 27 avec
1133 2657 64 40 M.
1220 2655 222 42 Gontran?

261 2735 43 40 Si
326 2734 142 42 c'était
487 2747 106 27 mon
617 2732 121 48 mari,
762 2732 37 54 je
822 2731 268 40 n'hésiterais
1114 2744 90 40 pas.

262 2808 92 50 Qui
376 2821 109 27 vous
507 2807 65 41 dit
592 2819 85 42 que
698 2805 37 54 je
757 2818 53 27 ne
831 2817 109 28 vous
961 2802 226 56 épouserai
1209 2815 89 42 pas.

261 2882 92 50 Qui
376 2894 69 27 me
468 2881 63 40 dit
552 2893 87 41 que
659 2893 111 27 vous
793 2879 294 53 m'épouserez
1103 2879 16 38 ?

259 2955 60 42 Ce
341 2968 91 28 sera
451 2963 132 33 avant
603 2954 49 40 de
677 2953 149 55 partir,
852 2951 34 40 si
906 2964 110 27 vous
1036 2963 29 41 y
1082 2958 138 33 tenez.

189 3047 187 41 Carmen
400 3046 74 41 fait
497 3060 60 26 un
588 3045 108 55 petit
723 3050 284 35 mouvement
1040 3039 165 42 d'effroi
1228 3048 42 33 et
1296 3053 54 28 ne
1374 3047 104 48 peut
1500 3039 261 56 s'empêcher
1782 3039 50 42 de
1854 3053 43 28 se

134 3121 90 41 dire
254 3124 23 37 à
299 3121 246 40 elle-même
566 3135 7 26 :
700 3118 180 40 Diable!
913 3116 32 40 il
974 3128 54 26 va
1061 3114 87 40 vite
1180 3127 54 27 en
1257 3115 208 53 besogne!
1576 3114 155 50 Quant
1759 3118 23 36 à
1818 3127 78 26 son

136 3195 331 50 interlocuteur,
492 3193 31 41 il
550 3193 38 40 la
609 3192 125 40 laisse
769 3188 360 57 tranquillement
1150 3201 42 27 se
1216 3188 238 44 consulter.
1486 3188 35 41 Il
1545 3187 108 42 croit
1675 3186 157 55 qu'elle
1854 3199 42 28 se

135 3268 215 52 consulte,
376 3268 38 39 le
438 3267 126 39 brave
589 3266 260 40 homme!...

266 3358 179 55 Voyons
465 3359 334 53 l'engagement,
818 3354 64 42 dit
907 3354 207 49 Carmen,
1138 3367 111 41 pour
1270 3354 181 54 prendre
1474 3368 61 26 un
1562 3353 124 42 biais.

283 3434 58 40 Le
374 3431 141 42 voici:
559 3447 17 23 «
615 3428 326 43 Mademoiselle
977 3427 206 52 Carmen,
1223 3429 139 54 prima
1401 3428 147 41 donna
1579 3430 22 37 à
1642 3426 38 41 la
1718 3424 175 44 Scala...
