3283 4402
3030 4129 48 44 15

55 298 547 65 L'Urbanisation
654 297 88 65 du
795 294 541 69 Grand-Anvers

52 523 45 47 A
149 538 210 42 propos
409 522 164 48 d'une
629 519 305 61 Exposition
986 526 234 44 récente

54 631 56 41 et
143 623 69 49 du
249 622 292 50 Concours
581 621 402 51 actuellement
1021 628 200 44 ouvert

1653 843 59 35 27.
1734 839 79 39 Vue
1834 837 51 40 de
1909 837 29 40 la
1962 839 75 37 rive
2060 835 161 51 gauche,
2245 835 111 52 objet
2376 833 48 40 du
2448 849 183 24 concours
2655 832 257 52 urbanistique
2935 833 60 49 qui
3017 833 104 36 vient

1653 895 127 39 d'être
1804 896 189 47 organisé.

53 1160 79 46 Les
161 1159 203 47 diverses
393 1162 240 43 initiatives
663 1162 151 57 prises,
846 1178 78 27 ces
955 1159 201 45 derniers
1183 1164 166 54 temps,
1383 1178 78 40 par
1489 1157 35 47 la

56 1226 302 60 municipalité
395 1231 273 50 anversoise,
707 1233 78 39 ont
821 1230 137 43 attiré
994 1226 255 46 l'attention
1287 1226 56 46 du
1384 1233 140 52 grand

54 1294 146 59 public
225 1314 68 27 sur
317 1294 260 47 l'extension
604 1294 60 47 de
691 1300 130 40 notre
849 1293 257 60 métropole
1133 1293 320 47 commerciale
1479 1299 49 41 et

52 1362 174 46 l'effort
254 1362 320 47 considérable
604 1362 200 60 déployé
836 1381 79 40 par
943 1361 35 47 la
1011 1364 211 43 Province
1251 1367 49 40 et
1329 1360 61 47 les
1420 1381 81 40 pou-

52 1433 113 43 voirs
191 1430 154 46 locaux
373 1449 110 41 pour
509 1449 173 27 assurer
707 1429 330 47 l'urbanisation
1067 1430 55 45 du
1154 1428 372 47 Grand-Anvers.

188 1500 110 44 Cité
388 1502 72 56 qui
487 1519 23 26 a
541 1498 131 61 placé
698 1498 295 46 l'Urbanisme
1021 1517 54 27 en
1102 1501 104 42 tête
1234 1497 60 46 de
1323 1517 76 26 son
1430 1516 74 41 pro-

53 1584 218 40 gramme,
303 1585 55 26 ne
389 1573 111 52 peut
531 1585 155 41 passer
715 1585 78 26 ces
823 1566 363 45 manifestations
1214 1584 101 27 sous
1345 1564 181 47 silence.

56 1635 216 58 Espérant
294 1637 199 56 pouvoir,
517 1653 50 27 un
590 1637 105 56 jour,
719 1652 54 27 en
798 1633 144 60 parler
962 1632 307 59 longuement,
1293 1652 107 27 nous
1421 1651 107 27 nous

55 1707 330 41 contenterons
409 1700 275 61 aujourd'hui
708 1701 61 46 de
793 1700 221 61 quelques
1039 1707 132 40 notes
1195 1703 268 44 succinctes.

55 1770 48 44 Et
125 1774 103 40 tout
254 1769 195 46 d'abord
477 1788 199 27 avouons
701 1771 103 57 qu'à
833 1767 35 47 la
896 1788 85 26 vue
1007 1768 61 46 de
1094 1788 56 26 ce
1176 1772 72 56 qui
1273 1788 23 26 a
1324 1772 80 42 été
1432 1771 72 43 réa-

54 1837 75 45 lisé
162 1837 104 59 déjà
303 1844 49 38 et
384 1843 70 40 est
489 1840 181 56 projeté
704 1855 171 27 encore
909 1840 24 42 à
969 1839 187 50 Anvers,
1192 1854 107 27 nous
1331 1854 197 28 sommes

54 1908 220 55 partagés
303 1910 131 41 entre
463 1905 84 45 des
574 1908 268 42 sentiments
870 1904 61 46 de
960 1907 99 43 vive
1088 1903 268 47 admiration
1387 1910 48 39 et
1466 1903 61 45 de

54 1971 148 47 blâme
245 1976 186 42 motivé.
472 1972 283 46 Admiration
797 1978 104 40 tout
942 1971 211 54 d'abord,
1196 1971 172 46 devant
1411 1970 94 46 l'am-

54 2039 124 59 pleur
202 2039 278 47 rubénienne
507 2039 83 47 des
618 2043 171 57 projets
815 2043 242 42 anversois.
1084 2041 133 44 C'est
1244 2058 54 26 en
1328 2038 199 60 parfaite

52 2107 289 61 impartialité
381 2127 89 41 que
508 2107 82 47 l'on
633 2114 112 54 peut
782 2107 208 46 déclarer
1028 2126 90 40 que
1157 2106 60 46 de
1254 2112 157 40 toutes
1449 2126 78 26 nos

55 2175 118 47 villes
207 2175 174 59 belges,
417 2179 175 43 Anvers
626 2175 122 47 seule
783 2194 48 28 se
868 2179 266 56 préoccupe
1168 2174 61 46 de
1263 2194 77 26 son
1375 2177 153 43 avenir

54 2243 306 60 urbanistique
384 2250 49 39 et
457 2263 80 26 ose
561 2246 93 43 voir
677 2242 158 60 grand.
861 2245 115 44 Dans
1000 2242 34 46 la
1062 2241 271 61 métropole,
1359 2241 168 61 l'esprit

53 2310 61 47 de
150 2310 200 60 Léopold
389 2313 22 43 II
449 2317 71 40 est
554 2314 199 57 toujours
787 2314 163 50 vivant,
987 2310 113 46 alors
1136 2329 89 40 que
1261 2329 79 27 nos
1375 2315 153 41 autres

53 2377 118 48 villes
294 2378 211 47 Bruxelles
538 2399 26 39 y
597 2382 194 56 compris
912 2385 100 39 sont
1045 2378 269 46 retombées
1347 2378 110 45 dans
1489 2377 36 45 la

55 2445 272 47 médiocrité
355 2453 49 39 et
432 2446 35 47 la
498 2449 318 56 mesquinerie;
846 2445 106 47 elles
980 2449 208 55 ignorent
1218 2444 61 48 les
1309 2449 192 56 préoccu-

56 2517 178 56 pations
259 2514 217 46 d'avenir.

56 2650 336 45 EXPOSITION
424 2651 73 44 DU
527 2649 463 46 GRAND-ANVERS
1019 2649 156 44 DANS
1204 2650 71 43 LA

58 2717 167 45 SALLE
264 2717 96 45 DES
399 2717 150 44 FETES
589 2718 64 43 DE
690 2718 70 43 LA
796 2717 143 44 VILLE
975 2716 128 58 (Oct.
1150 2715 125 59 1932)

56 2850 149 47 Faut-il
243 2851 84 46 des
362 2869 194 41 preuves
591 2850 60 46 de
687 2869 56 26 ce
778 2869 90 40 que
905 2868 106 27 nous
1046 2867 169 28 venons
1250 2849 276 46 d'avancer?

57 2917 103 47 Elles
186 2918 241 46 abondent
452 2923 23 41 à
503 2917 277 60 l'Exposition
808 2917 57 46 du
893 2916 372 46 Grand-Anvers.

58 2988 51 43 En
145 2989 114 42 voici
296 2985 351 60 quelques-unes
683 3004 9 27 :
728 2986 147 51 C'est,
910 2991 102 39 tout
1047 2983 209 54 d'abord,
1294 2983 233 46 l'étendue

54 3053 275 47 formidable
356 3053 84 46 des
467 3056 255 42 extensions
749 3055 255 49 maritimes,
1034 3051 162 46 l'ordre
1223 3051 83 46 des
1332 3054 196 43 services

58 3121 181 59 publics,
272 3121 34 46 la
338 3121 168 60 qualité
536 3121 84 46 des
649 3121 195 45 édifices
873 3137 304 34 communaux,
1208 3118 207 46 l'audace
1446 3120 82 44 des

55 3194 351 41 constructeurs.
438 3191 114 44 Dans
581 3187 39 47 le
650 3188 213 46 domaine
896 3186 319 60 urbanistique,
1246 3189 116 43 c'est
1392 3185 117 47 l'acti-

56 3260 92 42 vité
178 3256 234 60 déployée
445 3276 79 40 par
553 3256 35 46 la
622 3258 298 44 Commission
953 3253 193 47 d'Etude
1181 3274 109 40 pour
1320 3254 183 46 l'aména-

58 3331 189 51 gement
276 3325 61 45 de
367 3323 407 60 l'Agglomération
806 3326 288 49 Anversoise,
1127 3326 72 56 qui
1227 3323 103 45 fête
1361 3325 144 56 aujour-

61 3391 117 47 d'hui
206 3412 45 26 sa
281 3395 403 57 vingt-cinquième
713 3395 148 43 année
891 3389 282 47 d'existence
1202 3396 49 40 et
1279 3393 85 57 qui,
1395 3394 134 56 après

60 3463 122 42 avoir
209 3463 210 55 organisé
448 3479 54 26 en
544 3463 122 49 1910,
698 3459 273 59 l'important
1002 3458 236 46 Concours
1269 3459 237 45 Internatio-

59 3526 65 46 nal
164 3546 110 40 pour
312 3526 386 60 l'aménagement
738 3526 83 47 des
859 3528 188 43 terrains
1087 3525 84 46 des
1209 3525 321 46 fortifications

58 3594 234 53 (concours
315 3595 112 46 dont
452 3594 258 47 l'urbaniste
733 3596 207 57 français,
968 3594 137 44 Henri
1131 3594 134 52 Prost,
1291 3598 128 41 sortit
1444 3597 64 41 vic-

57 3663 186 59 torieux)
267 3664 67 45 n'a
359 3667 130 42 cessé
513 3663 61 46 de
598 3661 233 62 multiplier
854 3680 71 27 ses
948 3664 239 43 initiatives
1211 3667 49 40 et
1283 3660 246 47 d'étendre

58 3749 76 26 son
160 3730 186 59 champs
372 3731 253 46 d'activité.
651 3732 134 45 C'est
810 3747 170 28 encore
1006 3747 55 27 ce
1087 3734 129 40 vaste
1246 3732 148 56 projet
1421 3747 110 42 pour

57 3797 300 47 l'évacuation
390 3798 83 47 des
503 3818 111 27 eaux
645 3803 132 41 usées
808 3807 57 36 du
898 3795 369 55 Grand-Anvers,
1300 3801 229 56 occupant

61 3871 132 41 toute
214 3885 85 28 une
320 3865 103 47 salie
444 3866 60 46 de
524 3866 296 60 l'Exposition;
842 3864 143 47 étude
1006 3863 247 61 technique
1276 3883 227 41 remarqua-

61 3933 71 47 ble
160 3953 82 27 non
272 3933 252 47 seulement
553 3953 139 41 parce
719 3932 161 62 qu'elle
908 3935 230 56 envisage,
1167 3932 83 47 dès
1277 3937 23 42 à
1330 3937 198 56 présent,

61 4000 308 48 l'éventualité
416 4001 134 47 d'une
596 4001 95 46 ville
737 3999 238 55 mondiale,
1023 4004 106 43 mais
1174 4019 169 28 encore
1390 4019 139 42 parce

1600 1163 162 61 qu'elle
1791 1184 22 26 a
1844 1164 150 46 donné
2024 1163 83 47 des
2134 1162 210 48 solutions
2373 1161 243 46 modernes
2644 1165 49 39 et
2722 1157 239 59 élégantes
2991 1176 78 27 aux

1602 1231 248 47 difficultés
1874 1250 97 27 sans
1997 1230 188 46 nombre
2211 1229 98 61 qu'il
2334 1250 26 38 y
2385 1232 121 42 avait
2530 1227 81 46 lieu
2637 1227 61 45 de
2724 1230 263 42 surmonter.

1602 1298 229 60 Signalons
1871 1318 89 40 que
1999 1298 61 46 les
2097 1298 105 45 frais
2241 1296 396 47 d'établissement
2679 1294 83 46 des
2801 1292 269 47 collecteurs

1607 1370 202 56 projetés
1840 1372 49 39 et
1920 1366 83 46 des
2045 1370 46 41 16
2124 1369 188 42 stations
2343 1364 60 46 de
2437 1382 234 41 pompage
2704 1365 72 56 qui
2807 1380 54 26 en
2895 1360 145 60 dépen-

1604 1437 113 43 dent
1749 1441 100 39 sont
1880 1433 181 46 évalués
2091 1438 23 42 à
2149 1436 304 50 350,000,000
2486 1431 60 46 de
2577 1431 164 45 francs.

1602 1505 127 50 Mais,
1768 1521 55 26 ne
1861 1499 228 48 l'oublions
2129 1519 91 41 pas,
2260 1519 55 26 ce
2352 1503 72 56 qui
2463 1517 106 27 nous
2606 1502 221 41 intéresse
2864 1500 52 42 ici
2954 1497 115 44 c'est

1602 1569 310 46 l'Urbanisme.
1943 1570 298 57 Envisageons
2270 1567 132 53 donc,
2433 1566 56 46 du
2521 1569 124 56 point
2674 1564 61 46 de
2764 1584 84 26 vue
2878 1563 168 45 urbanis-

1600 1641 141 56 tique,
1767 1636 61 47 les
1853 1639 238 43 initiatives
2114 1636 83 45 des
2220 1653 261 28 communes
2504 1633 56 46 du
2586 1631 372 47 Grand-Anvers.
2983 1632 88 43 Dès

1602 1704 95 54 lors,
1726 1723 89 40 que
1844 1704 60 46 de
1931 1702 283 54 désillusions,
2244 1722 89 40 que
2361 1701 60 47 de
2449 1705 214 55 critiques
2691 1702 294 43 nécessaires.

1604 1771 19 46 Il
1647 1791 55 27 ne
1724 1772 126 46 suffit
1873 1790 93 41 pas,
1992 1790 109 41 pour
2121 1771 114 45 faire
2259 1789 83 27 une
2367 1768 174 60 grande
2566 1787 159 26 oeuvre
2750 1766 319 59 urbanistique,

1602 1839 61 46 de
1689 1843 172 42 couvrir
1886 1839 101 46 d'un
2017 1843 158 42 réseau
2204 1842 121 42 serré
2352 1838 61 45 de
2440 1855 111 34 rues,
2578 1839 185 42 tracées
2790 1838 170 42 suivant
2986 1851 84 28 une

1604 1905 203 55 formule,
1832 1905 219 47 d'ailleurs
2073 1911 196 48 vétusté,
2294 1904 38 47 le
2355 1907 228 43 territoire
2607 1903 60 46 de
2687 1908 157 40 toutes
2867 1901 62 46 les
2950 1919 90 28 com-

1603 1993 152 27 munes
1781 1973 162 47 rurales
1967 1977 72 56 qui
2065 1979 243 41 entourent
2334 1991 84 27 une
2445 1971 174 60 grande
2645 1969 111 47 ville.
2783 1972 53 43 La
2864 1972 206 57 quantité

1604 2061 54 27 ne
1683 2042 125 46 suffit
1834 2061 79 41 pas
1938 2046 22 42 à
1985 2045 132 42 créer
2140 2041 34 45 la
2199 2040 184 60 qualité.

1604 2109 162 57 Quelle
1798 2114 194 54 étrange
2022 2112 189 56 surprise
2241 2127 55 27 ne
2328 2112 252 41 ressent-on
2615 2125 78 40 pas
2722 2105 220 59 lorsqu'on
2975 2123 72 40 par-

1603 2183 129 40 court
1767 2176 61 47 les
1865 2177 294 46 nombreuses
2195 2175 126 47 salles
2357 2179 54 41 où
2453 2174 61 46 les
2551 2191 261 29 communes
2850 2176 222 54 exposent

1603 2244 112 47 leurs
1736 2248 171 56 projets
1926 2244 61 46 de
2008 2247 151 50 voirie,
2183 2262 54 27 en
2258 2248 264 41 constatant
2542 2260 90 41 que
2652 2247 101 39 tous
2773 2259 79 27 ces
2875 2239 120 60 plans

1603 2332 54 26 ou
1692 2332 197 40 presque
1919 2317 102 41 tous
2140 2317 101 40 sont
2270 2314 148 55 signés
2449 2309 56 47 du
2539 2312 149 42 même
2719 2326 115 35 nom,
2867 2307 112 46 celui
3011 2307 59 44 de

1602 2380 260 58 l'ingénieur
1893 2385 160 41 auteur
2085 2379 56 45 du
2177 2376 316 61 remarquable
2529 2380 148 56 projet
2712 2375 215 59 d'égouts
2959 2374 112 46 dont

1604 2467 107 27 nous
1731 2466 170 27 venons
1922 2446 61 47 de
2006 2446 159 61 parler.
2188 2447 70 45 Ne
2279 2445 142 46 faut-il
2445 2463 79 41 pas
2544 2463 55 27 en
2622 2443 205 52 déduire,
2851 2462 89 39 que
2964 2459 108 43 pour

1602 2514 62 47 les
1687 2514 142 47 édiles
1851 2518 241 49 anversois,
2119 2533 89 40 que
2234 2532 110 41 pour
2368 2513 34 46 la
2428 2514 297 44 Commission
2752 2509 193 47 d'Etude
2970 2509 82 46 elle-

1606 2586 163 49 même,
1821 2581 38 46 le
1912 2580 96 61 plan
2060 2581 57 46 du
2181 2585 193 41 tracé
2439 2579 115 47 des
2620 2597 144 27 rues
2829 2597 55 26 ne
2935 2580 135 43 serait

1603 2651 130 58 qu'un
1765 2653 259 42 accessoire
2056 2648 56 47 du
2147 2648 96 59 plan
2276 2648 83 45 des
2390 2648 195 58 égouts?
2619 2648 121 44 Nous
2771 2664 56 27 ne
2858 2645 186 45 diminue-

1604 2736 98 27 rons
1727 2736 79 41 pas
1828 2716 312 59 l'importance
2166 2716 59 45 de
2250 2735 56 26 ce
2330 2715 249 46 document
2601 2713 246 59 technique
2872 2715 71 57 qui
2968 2730 78 28 con-

1603 2787 135 42 stitue
1764 2803 50 26 un
1841 2784 83 46 des
1948 2782 222 47 éléments
2195 2781 234 48 essentiels
2455 2780 55 47 du
2535 2780 153 46 travail
2714 2780 60 46 de
2799 2779 272 46 l'urbaniste.

1606 2855 113 42 Mais
1739 2850 35 47 la
1795 2850 139 47 tâche
1955 2850 61 47 de
2037 2850 256 46 l'urbaniste
2315 2856 71 39 est
2408 2848 215 47 dominée
2646 2866 78 40 par
2747 2847 101 46 bien
2872 2846 201 46 d'autres

1605 2922 398 55 préoccupations.
2048 2917 79 46 Elle
2170 2917 98 46 doit
2308 2920 115 41 tenir
2463 2921 190 54 compte
2696 2915 83 45 des
2821 2918 251 42 nécessités

1604 2988 339 57 économiques,
1969 2989 101 42 être
2093 2984 85 47 liée
2201 2989 23 42 à
2252 3003 83 27 une
2361 2983 216 60 politique
2601 2984 220 51 foncière,
2848 2981 223 47 satisfaire

1604 3058 22 41 à
1656 3053 83 46 des
1767 3053 180 46 besoins
1974 3056 192 43 sociaux.
2195 3054 46 43 Et
2268 3052 111 45 dans
2406 3050 262 46 l'ensemble
2696 3049 60 46 de
2786 3049 34 46 la
2850 3052 195 56 composi-

1606 3124 91 42 tion
1726 3139 53 27 on
1808 3120 97 46 doit
1933 3123 135 43 sentir
2094 3139 56 27 ce
2178 3118 165 48 souffle
2369 3123 213 42 créateur
2610 3121 72 56 qui
2709 3117 151 46 donne
2889 3136 53 25 au
2974 3115 96 59 plan

1606 3208 85 26 une
1712 3191 102 44 âme
1836 3195 50 39 et
1907 3187 50 47 lui
1978 3188 192 46 confère
2192 3187 35 46 la
2253 3188 188 45 beauté.

1607 3257 121 45 Nous
1751 3275 55 26 ne
1830 3261 264 40 retrouvons
2118 3259 88 42 rien
2231 3254 60 47 de
2313 3261 101 39 tout
2436 3253 97 46 cela
2558 3253 111 46 dans
2691 3252 61 46 les
2776 3251 120 60 plans
2919 3269 130 28 anver-

1604 3327 99 42 sois.
1741 3323 43 46 Ils
1818 3327 278 42 constituent
2131 3323 83 46 des
2247 3326 152 42 tracés
2434 3341 97 26 sans
2565 3324 84 50 vie,
2685 3320 237 46 effectués
2957 3337 115 26 avec

1605 3410 84 26 une
1724 3395 249 42 constance
2008 3391 265 45 décevante
2309 3392 170 43 suivant
2514 3388 34 47 la
2584 3387 189 47 formule
2809 3389 72 57 qui
2914 3387 68 44 fut
3017 3404 53 27 en

1606 3477 163 40 vogue,
1796 3478 54 26 en
1877 3457 282 59 Allemagne,
2187 3463 135 41 avant
2346 3456 35 46 la
2409 3475 178 41 guerre.

1670 3528 78 44 Les
1771 3545 99 27 rues
1893 3530 71 56 qui
1988 3532 77 39 ont
2087 3530 168 49 toutes,
2281 3543 97 27 sans
2400 3527 258 56 exception,
2683 3541 84 28 une
2790 3522 174 58 largeur
2988 3539 65 27 res-

1607 3593 232 61 pectable,
1884 3598 268 55 présentent
2193 3592 83 46 des
2315 3595 192 49 retraits,
2550 3590 84 46 des
2674 3589 396 51 décrochements,

1606 3662 83 46 des
1726 3661 366 59 élargissements
2127 3666 49 40 et
2210 3659 60 47 de
2308 3658 218 59 multiples
2560 3658 247 51 fantaisies,
2844 3660 72 56 qui
2953 3657 121 44 n'ont

1607 3729 201 46 d'autres
1837 3732 165 42 raisons
2030 3728 151 46 d'être
2211 3746 89 41 que
2329 3726 35 46 la
2395 3725 248 47 recherche
2672 3724 158 46 voulue
2860 3723 100 46 d'un
2994 3727 60 56 pit-

1606 3803 219 53 toresque
1852 3795 222 47 artificiel.
2100 3796 134 45 C'est
2261 3795 37 45 le
2325 3793 227 60 triomphe
2580 3793 61 45 de
2668 3791 316 59 l'alignement,
3013 3790 61 45 de

1608 3863 34 47 la
1679 3869 171 54 rangée
1883 3867 212 43 continue
2129 3863 60 46 de
2221 3861 210 61 façades,
2465 3863 115 44 c'est
2614 3860 37 46 le
2685 3859 225 59 triomphe
2945 3859 60 45 de
3037 3856 36 47 la

1610 3933 121 44 Rue
1774 3951 52 26 au
1873 3937 201 40 moment
2118 3934 53 42 où
2218 3932 56 44 Lo
2319 3929 249 47 Corbusier
2611 3927 144 47 clame
2801 3946 9 26 :

1608 4004 23 43 à
1672 3998 35 47 la
1975 4000 57 45 Le
2074 3997 202 47 moindre
2317 3996 164 47 défaut
2522 3996 61 46 de
2624 4000 132 42 cette
2798 3996 276 56 conception
