3158 4402
178 4031 30 45 4

184 275 33 35 9.
273 271 78 38 Vue
377 269 47 39 du
454 268 152 43 bureau,
635 267 61 44 disposé

182 267 100 42 dans
307 267 50 42 le
382 267 298 42 prolongement

182 267 48 42 de
254 267 47 42 la
325 267 119 42 salle
468 267 47 42 de
539 267 142 42 séjour

182 267 70 42 et
287 267 244 42 pouvant
566 267 139 42 être

187 492 88 38 isolé
301 492 50 38 de
378 490 157 40 celle-ci.

196 1341 50 35 10.
280 1339 45 37 Le
353 1338 94 37 Coin
474 1336 47 38 du
549 1336 184 50 déjeuner
758 1336 57 49 (en
846 1334 88 38 haut
959 1338 18 34 à
1006 1334 149 49 droite).
1184 1333 60 38 Ce
1273 1336 97 47 petit

190 1392 89 39 local
316 1398 58 32 est
407 1408 45 22 en
488 1392 153 38 relation
677 1393 126 36 intime
838 1406 94 22 avec
966 1390 29 38 la
1029 1389 87 39 salle
1151 1388 50 39 de
1234 1392 135 47 séjour;

191 1448 15 38 il
239 1454 58 33 est
328 1451 137 47 séparé
496 1447 50 39 de
580 1447 30 38 la
642 1449 137 36 cuisine
812 1461 66 35 par
909 1446 68 38 des
1009 1448 136 36 casiers
1175 1449 19 33 à
1228 1445 141 38 double

190 1507 121 39 accès,
341 1506 111 35 munis
478 1503 84 38 d'un
591 1502 236 51 passe-plats.

191 1561 45 36 Le
262 1562 80 35 coin
370 1562 19 35 à
416 1559 182 51 déjeuner
626 1562 118 47 reçoit
770 1574 41 22 un
840 1557 295 39 ensoleillement
1162 1556 205 43 abondant,

189 1614 47 39 du
262 1614 99 39 lever
382 1614 47 39 du
453 1614 99 39 soleil
576 1617 129 47 jusque
727 1618 21 35 6
771 1614 132 39 heures
925 1614 47 39 du
996 1616 82 37 soir.

199 2430 51 35 11.
283 2428 43 36 La
349 2427 162 38 Cuisine.
531 2426 191 39 Véritable
744 2427 228 39 laboratoire
991 2427 68 39 des
1078 2434 150 32 travaux
1250 2426 109 40 ménagers

190 2426 53 38 et
269 2426 105 38 dont
400 2426 211 38 l'espace
637 2426 79 38 est
742 2426 263 38 exactement
1031 2426 237 38 déterminé
1294 2426 79 38 par

192 2552 63 24 ces
275 2543 150 33 travaux
446 2544 41 33 et
507 2538 32 39 le
560 2538 168 39 matériel
749 2539 103 51 qu'ils
876 2542 240 36 nécessitent.

208 3850 3 52 1
226 3853 31 35 2.
291 3852 42 36 La
365 3851 163 37 Cuisine.
560 3851 59 37 On
650 3850 186 49 distingue
867 3855 17 34 à
915 3851 148 49 gauche
1094 3852 31 37 le
1156 3855 223 47 passe-plats

200 3912 141 37 ouvert,
375 3906 147 39 laissant
548 3909 77 36 voir
655 3906 28 40 la
714 3906 152 41 fenêtre
895 3907 46 40 du
973 3910 80 37 coin
1084 3911 18 35 à
1134 3906 195 52 déjeuner.
