3225 4402
3038 4078 46 44 17

65 266 99 43 Bien
198 261 84 47 des
313 260 280 46 techniciens
627 261 175 41 restent
835 257 266 58 sceptiques
1133 257 139 54 quant
1306 270 22 26 a
1364 249 5 45 I
1392 249 139 46 utilité

65 329 248 49 d'étendre
339 333 174 42 Anvers
538 346 53 27 au
618 323 102 48 delà
750 323 61 47 de
837 329 132 40 cette
997 322 200 45 barrière
1224 321 124 58 quasi
1375 316 136 46 infran-

62 397 221 49 chissable
307 416 90 40 que
422 398 227 45 constitue
673 392 202 46 l'Escaut.
901 389 44 47 Ils
968 409 48 27 se
1041 389 163 46 basent
1229 405 68 28 sur
1319 384 62 47 les
1406 383 108 48 résul-

59 472 93 41 tats
178 466 266 46 désastreux
468 463 61 46 de
553 463 253 45 tentatives
832 458 57 46 du
917 460 150 43 même
1095 474 142 41 genre
1264 454 269 45 effectuées

60 539 24 42 à
112 534 259 57 l'étranger,
399 532 111 45 dans
535 529 84 47 des
644 526 255 48 conditions
926 528 138 43 moins
1091 523 441 56 désavantageuses.

63 602 44 47 Ils
130 602 274 59 s'appuyent
427 618 67 27 sur
517 598 61 45 les
600 600 92 43 avis
715 595 60 46 de
800 593 282 61 spécialistes
1107 593 234 44 autorises.
1366 588 45 47 Ils
1433 588 100 45 font

63 687 261 42 remarquer
350 687 90 40 que
466 666 39 46 le
533 664 132 47 débit
689 663 242 59 théorique
959 661 56 45 du
1041 657 149 49 tunnel
1221 676 109 42 pour
1356 656 152 46 véhicu-

61 737 74 54 lés,
166 739 72 57 qui
266 755 55 27 ne
352 734 201 60 possède
582 732 163 61 qu'une
774 733 102 43 voie
905 729 278 46 charretière
1215 726 111 45 dans
1353 724 178 59 chaque

63 824 114 33 sens,
214 806 117 43 n'est
364 822 90 41 que
489 802 61 45 de
587 798 220 62 quelques
842 801 118 42 2000
995 799 211 48 voitures,
1242 792 164 46 chiffre
1441 810 89 41 que

63 872 61 46 les
158 870 239 47 accidents
432 876 49 40 et
516 864 446 51 embouteillements
999 861 267 48 inévitables
1302 859 229 47 réduiront

64 958 185 28 encore.
280 939 157 56 Quant
466 957 54 26 au
549 934 149 48 tunnel
732 953 110 41 pour
874 936 192 56 piétons,
1100 930 19 46 il
1154 936 179 54 permet
1363 927 39 46 le
1434 946 73 40 pas-

63 1027 113 39 sage
207 1005 26 47 d
258 1026 85 26 une
373 1009 91 43 rive
493 1009 24 43 à
548 1005 157 45 l'autre
734 1001 127 61 (dans
890 1000 83 47 des
1002 998 254 47 conditions
1286 1014 125 28 assez
1442 1014 87 41 peu

63 1073 344 61 confortables),
450 1073 61 46 de
553 1075 118 43 8000
715 1087 247 44 personnes
1002 1072 23 41 à
1068 1066 180 52 l'heure,
1292 1083 53 27 au
1389 1061 139 61 grand

64 1146 247 43 maximum.

61 1218 89 43 Des
175 1216 402 45 communications
603 1211 60 46 de
690 1229 57 27 ce
773 1227 142 41 genre
943 1204 338 50 suffisent-elles
1307 1223 22 26 a
1359 1218 172 30 assurer

59 1282 35 47 la
134 1286 70 42 vie
242 1281 136 46 d'une
416 1279 364 60 agglomération
820 1273 304 49 résidentielle
1164 1272 111 46 dont
1315 1270 6 45 I
1343 1272 188 45 activité

64 1353 305 56 économique
399 1347 189 60 dépend
618 1352 102 40 tout
749 1347 178 43 entière
958 1342 60 46 de
1048 1341 6 45 I
1075 1344 176 42 Anvers
1281 1339 60 45 de
1373 1338 35 45 la
1441 1341 89 41 rive

63 1418 190 47 droite?
285 1416 20 46 Il
335 1436 55 27 ne
418 1417 100 44 faut
548 1433 79 41 pas
657 1412 167 61 perdre
853 1412 61 45 de
942 1430 85 26 vue
1058 1428 89 40 que
1176 1407 40 46 le
1246 1409 172 56 régime
1448 1405 83 45 des

63 1487 402 45 communications
507 1482 207 47 urbaines
758 1483 230 56 présente,
1032 1496 79 27 aux
1153 1475 160 45 heures
1355 1473 26 46 d
1404 1472 106 46 afflu-

63 1572 132 35 ence,
225 1552 84 47 des
355 1554 301 57 pointes,
702 1552 72 56 qui
803 1546 252 60 dépassent
1084 1540 447 50 considérablement

65 1621 36 47 la
133 1639 241 41 moyenne.

66 1696 53 43 La
162 1696 220 49 création,
427 1710 67 27 sur
535 1690 36 45 la
616 1693 89 42 rive
750 1686 191 60 gauche,
987 1685 60 46 de
1088 1689 184 41 centres
1312 1699 190 28 commer-

65 1765 123 42 ciaux
233 1766 50 40 et
328 1757 262 53 industriels,
638 1755 192 47 rendant
875 1753 36 46 la
958 1752 95 46 ville
1098 1750 208 53 satellite,
1355 1748 156 61 partiel-

63 1829 169 46 lement
262 1828 57 45 du
351 1830 150 49 moins,
533 1847 22 25 «
585 1823 372 59 self-supporting
988 1842 22 24 »
1041 1820 71 60 (ce
1141 1821 71 57 qui
1240 1818 69 45 fut
1338 1835 84 27 une
1451 1815 84 45 des

66 1898 385 59 préoccupations
493 1890 280 49 essentielles
818 1889 83 47 des
947 1893 285 55 promoteurs
1275 1884 84 46 des
1402 1887 111 42 cites-

62 1963 162 62 jardins
262 1961 237 60 anglaises)
538 1980 54 26 ne
630 1955 360 63 s'impose-t-elle
1030 1973 80 41 pas
1147 1957 52 42 ici
1238 1950 293 61 également?

68 2037 78 52 Or,
190 2035 38 46 le
271 2051 303 43 programme,
618 2049 83 28 non
743 2029 252 47 seulement
1037 2044 55 28 ne
1134 2028 177 58 prévoit
1354 2042 80 41 pas
1474 2021 61 46 de

65 2107 220 57 quartiers
310 2102 61 46 de
396 2106 132 41 cette
554 2105 172 47 nature,
754 2097 20 46 il
801 2095 174 48 semble
1020 2096 177 44 faire
1243 2091 291 47 defense

64 2172 104 46 d'en
200 2173 216 57 projeter.

70 2244 122 45 Nous
212 2241 223 47 touchons
458 2244 52 42 ici
531 2244 23 42 à
579 2239 192 59 l'aspect
794 2237 319 57 économique,
1137 2237 23 43 à
1184 2232 5 45 I
1212 2237 164 54 aspect
1397 2231 115 44 finan-

65 2315 92 42 cier
192 2310 57 46 du
289 2308 250 61 problème,
578 2309 207 57 question
823 2303 113 47 dont
973 2302 327 59 l'importance,
1338 2301 198 56 toujours

66 2374 333 56 considérable,
442 2375 188 46 devient
672 2370 285 63 primordiale
999 2388 54 27 en
1095 2388 56 26 ce
1193 2371 72 56 qui
1307 2383 229 29 concerne

68 2446 388 57 l'aménagement
487 2442 86 46 des
601 2444 189 43 terrains
822 2439 61 45 de
917 2437 35 47 la
989 2441 90 41 rive
1112 2435 191 60 gauche,
1340 2437 153 56 puisqu
1516 2432 20 45 il

69 2514 133 57 s'agit
232 2511 135 46 d'une
397 2512 254 57 entreprise
680 2506 296 53 autochtone,
1007 2505 93 45 fort
1129 2501 265 53 semblable,
1512 2505 21 40 à

66 2587 79 40 cet
172 2579 144 60 égard
346 2581 305 56 uniquement,
766 2594 79 26 aux
872 2571 298 61 cités-jardins
1198 2569 221 59 anglaises
1446 2587 90 41 que

68 2668 107 27 nous
197 2665 170 28 venons
389 2646 61 45 de
473 2648 128 43 viser.

70 2720 259 46 Délimitons
353 2717 61 47 les
439 2715 197 61 grandes
659 2714 140 59 lignes
823 2712 61 47 de
908 2718 78 40 cet
1011 2717 164 53 aspect
1200 2710 56 45 du
1284 2707 253 61 problème.

71 2800 80 44 Les
177 2803 182 40 travaux
385 2814 55 27 en
467 2813 130 28 cours
623 2795 192 44 coûtent
843 2794 102 55 près
971 2788 61 47 de
1060 2792 87 42 200
1174 2786 192 46 millions.
1395 2785 19 45 Il
1442 2785 71 45 fau-

64 2865 79 47 dra
178 2885 25 39 y
238 2867 177 57 ajouter
448 2862 62 46 les
543 2862 105 45 frais
682 2860 421 56 d'aménagement,
1141 2855 216 57 d'égouts
1390 2859 49 39 et
1473 2851 60 46 de

68 2936 160 43 voiries
255 2950 90 42 que
372 2930 214 46 d'aucuns
613 2934 78 39 ont
718 2926 182 47 évalues
926 2930 22 40 à
979 2928 84 41 300
1091 2922 191 46 millions.
1308 2926 69 40 Au
1406 2919 125 52 total,

65 3020 56 26 ce
146 3004 137 42 serait
306 3018 85 26 une
414 2997 171 58 charge
608 2996 248 45 financière
881 2992 60 46 de
967 2995 86 42 500
1079 2989 176 46 millions
1278 2990 72 58 qui
1375 2990 134 56 grève-

67 3072 81 42 rait
176 3067 61 47 les
264 3069 189 43 terrains
480 3064 61 46 de
570 3063 35 47 la
635 3066 90 43 rive
755 3059 193 62 gauche.
978 3060 39 44 Si
1045 3057 82 46 l'on
1157 3056 172 53 évalue,
1361 3072 150 42 grosso-

70 3134 138 47 modo
240 3138 23 42 à
299 3137 87 42 500
419 3132 213 46 hectares
663 3130 36 46 la
733 3128 245 61 superficie
1011 3131 130 40 nette
1174 3123 84 47 des
1288 3125 187 43 terrains
1510 3125 23 42 à

71 3203 116 45 bâtir
209 3221 90 41 que
322 3200 82 46 l'on
431 3218 158 42 pourra
615 3201 192 43 extraire
832 3195 83 46 des
938 3192 219 61 quelques
1190 3195 109 42 1000
1324 3190 212 46 hectares

68 3266 289 64 disponibles,
394 3267 61 47 les
489 3270 189 43 terrains
712 3270 23 42 à
774 3264 116 46 bâtir
925 3261 335 47 reviendraient
1295 3279 22 26 a
1355 3260 178 43 environ

81 3341 77 42 100
198 3338 150 44 francs
389 3335 39 46 le
470 3339 146 42 mètre
658 3335 144 44 carré.
844 3328 315 52 C'est-à-dire,
1202 3328 133 58 qu'en
1376 3330 160 41 tenant

74 3410 190 54 compte
287 3403 84 47 des
394 3405 189 43 intérêts
607 3399 305 47 intercalaires
936 3403 49 40 et
1008 3396 83 46 des
1116 3394 253 53 bénéfices,
1395 3392 43 46 ils
1462 3391 53 46 de-

75 3478 128 39 vront
224 3491 48 27 se
294 3470 186 54 vendre,
505 3490 52 26 au
582 3472 233 49 minimum,
840 3471 23 42 à
887 3469 88 43 200
996 3465 148 45 francs
1166 3462 38 47 le
1228 3469 146 40 metre
1397 3479 143 28 carre.

71 3544 74 45 Ce
179 3547 86 56 prix
297 3540 337 63 permettra-t-il
666 3539 216 47 d'édifier
912 3537 201 46 d'autres
1144 3534 274 46 habitations
1448 3551 89 41 que

72 3610 135 47 celles
246 3611 236 46 destinées
520 3615 23 41 à
585 3608 34 46 la
660 3607 143 47 classe
845 3605 276 57 bourgeoise
1145 3604 21 43 ?
1209 3603 209 44 N'est-ce
1460 3618 78 42 pas

72 3679 60 46 de
169 3678 185 59 l'utopie
390 3696 90 41 que
517 3676 61 47 de
616 3675 166 46 vouloir
817 3671 193 48 décider
1046 3673 118 51 ainsi,
1204 3674 23 42 à
1268 3672 143 58 priori,
1450 3686 90 42 que

75 3745 172 46 mille
289 3746 212 45 hectares
525 3744 61 46 de
611 3742 125 48 sable
761 3746 194 41 devront
980 3758 48 27 se
1054 3741 171 43 couvrir
1249 3740 291 57 uniquement

74 3812 314 48 d'immeubles
418 3811 202 47 destinés
650 3816 22 41 à
704 3810 36 47 la
771 3809 143 46 classe
945 3807 155 46 aisée?

71 3893 152 42 Avant
252 3890 60 45 de
341 3908 49 27 se
420 3893 168 41 mettre
618 3892 22 42 à
672 3886 203 47 dessiner
905 3902 50 28 un
987 3882 97 61 plan
1115 3882 61 46 de
1205 3880 109 55 ville,
1346 3881 19 45 il
1395 3881 145 45 faut

73 3976 66 27 un
194 3973 443 43 programme,
689 3951 204 61 complet
942 3956 23 42 à
1015 3956 102 41 tous
1169 3949 61 47 les
1282 3952 146 58 points
1480 3947 60 47 de

1610 267 100 26 vue.
1739 248 74 45 Ce
1844 247 115 45 n'est
1990 264 79 40 pas
2097 264 79 26 aux
2205 249 291 41 concurrents
2525 242 99 60 qu'il
2654 245 264 57 appartient
2949 242 60 46 de
3039 242 38 45 le

1611 315 194 47 dresser.
1836 313 43 47 Ils
1908 332 55 27 ne
1996 316 257 57 pourraient
2283 311 38 47 le
2350 311 114 46 faire
2493 309 232 55 d'ailleurs,
2758 313 186 57 puisque
2975 309 101 46 bien

1610 383 83 46 des
1719 382 223 47 éléments
1968 380 90 46 leur
2085 384 260 55 manquent.

1612 449 173 47 N'est-il
1819 468 79 41 pas
1927 454 265 54 surprenant
2223 447 60 46 de
2315 452 235 40 constater
2580 465 89 40 que
2700 449 31 42 si
2761 444 61 47 les
2853 448 200 56 organisa-

1608 523 122 41 teurs
1752 517 56 46 du
1831 535 219 28 concours
2073 522 78 40 ont
2172 514 365 60 complètement
2559 513 181 59 négligé
2763 513 289 59 d'entrepren-

1609 585 82 46 dre
1722 584 38 47 le
1792 584 153 46 travail
1977 583 255 60 d'enquête
2265 582 293 60 préliminaire
2591 584 73 57 qui
2695 580 90 47 leur
2815 580 260 53 incombait,

1611 652 43 47 ils
1674 658 90 48 ont,
1788 672 79 41 par
1885 657 174 48 contre,
2081 654 199 57 anticipé
2302 670 67 26 sur
2389 649 38 47 le
2446 648 155 47 travail
2622 647 233 48 demandé
2876 668 79 26 aux
2975 666 78 28 con-

1610 726 213 48 currents,
1846 739 54 27 en
1924 722 203 44 arrêtant
2148 718 62 47 les
2230 718 138 59 lignes
2392 716 265 61 principales
2679 716 56 46 du
2761 718 163 58 projet.
2946 717 132 44 C'est

1610 792 105 42 ainsi
1738 807 89 40 que
1851 786 39 47 le
1914 805 289 42 programme
2226 787 88 45 fixe
2337 784 369 61 l'emplacement
2730 783 60 47 de
2814 783 35 46 la
2876 782 202 46 nouvelle

1613 875 125 40 gare,
1766 855 38 46 le
1828 859 130 42 tracé
1984 855 135 46 d'une
2145 858 115 43 série
2287 854 226 45 d'artères
2541 850 278 62 principales,
2848 850 229 47 l'exutoire

1615 924 56 46 du
1697 928 158 42 réseau
1880 923 83 46 des
1986 927 178 54 égouts,
2189 922 140 46 etc.*.
2353 922 146 52 C'est,
2526 918 488 54 vraisemblablement,
3041 917 39 47 le

1611 991 118 46 désir
1750 991 61 47 de
1833 1010 244 27 conserver
2098 990 61 47 les
2182 993 171 57 projets
2375 989 103 60 déjà
2504 988 180 47 dressés
2707 1006 110 41 pour
2839 1006 56 27 ce
2918 991 159 41 réseau

1610 1059 229 59 d'égouts,
1865 1062 72 56 qui
1960 1078 23 26 a
2010 1063 163 41 amené
2197 1058 61 46 les
2283 1063 181 40 auteurs
2489 1056 56 46 du
2573 1073 288 42 programme
2888 1059 23 42 à
2939 1058 112 56 impo-

1613 1146 70 26 ser
1711 1125 38 47 le
1776 1131 130 41 tracé
1935 1126 83 46 des
2048 1130 175 42 artères
2254 1124 265 61 principales
2549 1129 62 48 et,
2645 1126 234 57 peut-être
2911 1125 163 50 même,

1610 1193 61 47 les
1700 1193 195 47 courbes
1924 1193 61 47 de
2016 1197 156 42 niveau
2202 1194 138 44 fixant
2370 1191 159 47 l'allure
2562 1190 216 60 générale
2808 1190 57 46 du
2895 1193 181 42 terrain.

1612 1263 210 44 Entraves
1858 1265 224 54 gênantes
2117 1267 49 39 et
2200 1264 218 42 vraiment
2454 1259 275 60 injustifiées,
2767 1261 72 56 qui
2876 1263 201 54 peuvent

1613 1329 162 45 rendre
1806 1328 257 60 impossible
2093 1328 310 46 l'élaboration
2434 1327 101 45 d'un
2568 1330 148 56 projet
2745 1325 197 59 original.

1611 1398 434 51 Contentons-nous,
2085 1400 23 42 à
2148 1402 79 40 cet
2265 1395 159 59 égard,
2465 1395 61 45 de
2566 1393 191 60 signaler
2794 1412 89 40 que
2923 1396 31 43 si
2993 1392 81 45 l'on

1610 1464 158 46 devait
1792 1466 141 44 suivre
1957 1463 39 46 le
2023 1482 288 41 programme
2334 1467 23 42 à
2384 1461 34 47 la
2444 1461 149 54 lettre,
2620 1461 19 45 il
2664 1459 198 48 faudrait
2886 1459 168 47 s'abste-

1611 1535 59 41 nir
1697 1531 60 46 de
1787 1531 278 59 rapprocher
2093 1530 34 46 la
2158 1549 110 40 gare
2298 1530 56 46 du
2384 1529 173 47 chemin
2587 1529 60 46 de
2675 1529 70 45 fer
2773 1528 61 46 de
2862 1527 189 46 l'embou-

1611 1598 134 46 chure
1774 1599 83 46 des
1884 1597 184 54 tunnels,
2098 1617 55 27 ce
2182 1602 22 42 à
2235 1601 103 56 quoi
2368 1597 101 46 bien
2502 1616 87 40 peu
2618 1596 301 46 d'urbanistes
2951 1614 101 40 pour-

1613 1673 98 39 ront
1734 1686 48 26 se
1807 1668 215 56 résigner!

1615 1736 64 43 De
1711 1736 150 43 même
1891 1734 132 58 qu'en
2056 1752 55 27 ce
2142 1736 71 56 qui
2244 1751 228 27 concerne
2503 1731 276 59 l'Exposition
2812 1730 56 46 du
2900 1729 178 47 Grand-

1611 1804 188 50 Anvers,
1826 1820 107 26 nous
1956 1804 194 42 arrivons
2173 1804 23 42 à
2224 1800 34 46 la
2284 1799 251 47 conclusion
2563 1818 90 40 que
2678 1797 60 47 les
2763 1800 219 44 autorités
3006 1800 72 56 qui

1613 1868 235 60 président
1868 1887 79 26 aux
1967 1868 235 45 destinées
2223 1867 61 46 de
2304 1886 78 27 ces
2402 1872 152 40 vastes
2575 1868 276 57 entreprises
2868 1864 211 47 urbaines

1613 1955 56 26 ne
1695 1934 226 47 semblent
1947 1954 79 41 pas
2052 1938 123 42 avoir
2200 1953 83 28 une
2312 1938 150 42 notion
2490 1939 164 40 exacte
2681 1933 60 46 de
2767 1952 56 26 ce
2851 1934 149 58 qu'est
3027 1950 50 27 un

1615 2002 97 59 plan
1738 2002 351 47 d'urbanisation
2113 2001 294 47 fonctionnel.

1616 2070 103 47 Elles
1747 2074 250 55 paraissent
2023 2074 178 54 ignorer
2227 2068 311 60 l'importance
2565 2067 198 60 capitale
2792 2067 83 47 des
2902 2089 22 25 «
2952 2067 128 45 Civic

1618 2140 189 57 Surveys
1832 2160 22 25 »
1879 2139 243 58 (enquêtes
2146 2143 278 40 concernant
2448 2136 128 46 l'état
2600 2136 60 45 de
2686 2134 395 60 développement

1616 2209 178 57 civique
1830 2206 84 46 des
1950 2204 385 60 agglomérations
2371 2204 221 59 urbaines)
2630 2203 112 46 dent
2777 2202 302 58 l'Angleterre

1617 2281 49 38 et
1702 2273 276 60 l'Amérique
2015 2292 106 27 nous
2156 2273 174 45 offrent
2365 2272 60 45 de
2462 2270 339 61 remarquables
2836 2268 243 60 exemples.

1615 2341 121 55 Quoi
1765 2339 98 60 qu'il
1894 2359 54 26 en
1979 2343 98 50 soit,
2108 2345 101 40 tout
2239 2358 49 27 se
2319 2358 132 40 passe
2481 2357 180 27 comme
2692 2341 31 42 si
2753 2357 79 26 ces
2860 2340 219 43 autorités

1614 2411 260 42 estimaient
1897 2426 103 41 que,
2028 2410 149 43 même
2203 2425 54 27 en
2283 2406 231 47 l'absence
2539 2406 101 45 d'un
2669 2423 287 42 programme
2983 2408 72 55 pré-

1616 2477 61 44 cis
1703 2481 49 40 et
1776 2474 216 59 complet,
2021 2477 318 56 économique,
2367 2472 148 55 social,
2543 2474 230 52 financier,
2801 2472 112 45 leurs
2940 2472 116 45 Servi-

1617 2561 78 27 ces
1718 2541 278 61 Techniques
2019 2548 100 39 sont
2144 2542 328 59 parfaitement
2495 2545 23 42 à
2544 2544 149 42 même
2798 2540 56 45 du
2880 2543 200 42 moment

1615 2610 122 59 qu'ils
1758 2616 100 40 sont
1878 2610 111 45 fixés
2010 2629 67 26 sur
2098 2609 35 46 la
2159 2608 268 61 possibilités
2448 2609 248 46 d'évacuer
2718 2607 61 46 les
2801 2627 111 26 eaux
2935 2610 144 48 usées,

1695 2677 61 45 de
1777 2682 153 40 tracer
1952 2676 61 46 les
2036 2676 196 59 grandes
2253 2675 139 60 lignes
2415 2675 100 46 d'un
2542 2678 148 57 projet
2713 2674 367 46 d'urbanisation.

1616 2743 148 47 Faut-il
1790 2763 54 27 en
1869 2743 208 47 conclure
2102 2763 88 40 que
2215 2762 110 41 pour
2347 2762 71 27 ses
2441 2746 333 55 organisateurs
2799 2741 39 46 le
2862 2759 218 28 concours

1615 2813 185 43 n'aurait
1819 2811 178 45 d'autre
2019 2811 79 45 but
2117 2830 89 40 que
2226 2811 242 52 d'obtenir,
2490 2809 61 47 de
2571 2809 305 47 dessinateurs
2896 2808 182 52 habiles,

1615 2898 84 26 une
1726 2882 150 55 image
1903 2877 220 60 agréable
2149 2879 135 45 d'une
2311 2877 94 47 ville
2432 2881 72 56 qui
2532 2876 208 60 réponde
2767 2896 79 26 aux
2874 2876 205 46 données

1615 2945 257 47 arbitraires
1904 2945 121 60 qu'ils
2057 2952 77 39 ont
2165 2945 191 46 choisies
2387 2951 49 40 et
2468 2948 72 56 qui
2572 2944 214 60 s'adapte
2818 2963 79 27 aux
2926 2947 153 42 tracés

1614 3013 121 59 qu'ils
1761 3020 78 39 ont
1865 3012 247 47 décrétés?

1616 3082 40 44 Si
1677 3080 39 47 le
1736 3082 237 45 Concours
1994 3080 223 46 d'Anvers
2238 3080 157 46 devait
2417 3079 179 47 aboutir
2617 3083 22 43 à
2663 3098 50 26 un
2735 3078 61 46 tel
2819 3077 184 47 résultat
3024 3096 56 27 ce

1615 3152 137 42 serait
1778 3167 156 40 grave.
1961 3149 73 45 Ce
2061 3151 136 43 serait
2225 3166 153 40 grave,
2492 3166 83 26 non
2603 3145 251 48 seulement
2883 3165 110 40 pour
3019 3145 61 45 les

1617 3218 187 44 terrains
1831 3215 60 47 de
1919 3215 34 46 la
1982 3219 89 43 rive
2099 3215 177 59 gauche
2386 3218 106 43 mais
2518 3214 264 60 également
2807 3213 136 47 hélas!
2971 3232 109 41 pour

1615 3283 179 45 l'avenir
1819 3283 60 47 de
1904 3282 293 47 l'Urbanisme
2223 3302 53 27 en
2305 3283 226 59 Belgique.

1616 3351 53 45 La
1700 3354 236 56 présence,
1965 3350 111 47 dans
2101 3349 38 48 le
2164 3352 120 57 Jury,
2313 3350 60 46 de
2402 3354 342 55 représentants
2771 3352 220 43 éminents
3020 3348 59 46 de

1620 3417 334 47 l'architecture
1990 3418 234 53 moderne,
2263 3436 107 28 nous
2407 3424 180 53 permet
2622 3416 240 60 d'espérer
2896 3435 89 41 que
3021 3415 61 46 les

1620 3490 347 55 conséquences
2003 3485 100 46 d'un
2143 3504 288 41 programme
2466 3488 112 43 aussi
2614 3484 281 46 défectueux
2929 3489 153 41 seront

1617 3558 245 41 atténuées
1885 3560 49 39 et
1957 3573 88 40 que
2069 3552 81 46 l'on
2177 3556 283 43 reconnaîtra
2486 3571 79 27 aux
2587 3557 291 41 concurrents
2902 3551 38 46 le
2965 3550 117 46 droit

1616 3620 61 47 de
1712 3625 238 56 présenter
1982 3620 82 47 des
2098 3624 169 57 projets
2298 3639 166 41 conçus
2495 3639 68 27 sur
2593 3619 83 46 des
2709 3619 134 46 bases
2874 3622 207 43 arrêtées

1618 3707 79 41 par
1718 3691 290 51 eux-mêmes,
2030 3707 98 28 sans
2149 3691 115 43 tenir
2284 3693 189 54 compte
2495 3688 83 45 des
2599 3687 205 46 données
2825 3686 258 46 arbitraires

1620 3756 56 45 du
1702 3775 303 26 programme.

2514 3797 138 61 Raph.
2679 3798 402 46 VERWILGHEN.

1616 3946 11 12 *
1646 3945 70 26 Voir
1735 3945 17 25 à
1774 3945 28 25 la
1825 3954 83 23 page
1927 3944 137 27 suivante
2085 3944 28 27 la
2134 3943 213 34 reproduction
2368 3943 38 25 du
2428 3942 71 33 plan
2522 3941 87 25 remis
2629 3949 59 17 aux
2707 3944 200 26 concurrents,
2928 3939 74 26 ainsi
3024 3948 61 24 que

1613 3979 90 27 l'Avis
1724 3980 38 25 de
1782 3979 149 27 Concours
1950 3977 125 28 officiel.
