3225 4402
3012 4088 49 44 19

42 269 33 51 c)
107 269 54 37 Un
186 267 190 39 bâtiment
402 282 92 36 pour
518 266 32 38 la
574 265 221 39 ventilation
821 264 49 39 du
894 269 61 33 tun-

42 325 57 38 nel
123 340 92 35 pour
235 323 191 39 véhicules
449 337 191 37 occupera
664 321 310 51 l'emplacement

42 382 156 51 indiqué
223 397 46 23 au
299 381 99 50 plan;

42 440 39 50 d)
113 440 82 36 Une
235 438 106 49 large
384 453 148 23 avenue
570 452 84 23 sera
698 438 142 48 prévue
881 435 94 38 dans

43 495 93 39 l'axe
169 495 48 39 du
249 494 127 39 tunnel
410 509 93 36 pour
532 492 191 40 véhicules
753 497 110 33 entre
896 492 64 38 l'Es-

43 558 89 33 caut
155 557 41 33 et
219 551 34 38 le
280 551 252 51 Blokkersdijk;
558 549 71 40 elle
652 564 84 24 sera
760 548 214 39 raccordée

43 612 21 36 à
89 608 31 39 la
144 614 110 33 route
278 608 188 38 d'Anvers
487 610 21 35 à
532 606 129 44 Gand,
687 621 150 24 comme
861 605 98 38 l'indi-

44 682 77 35 que
146 665 33 38 le
205 664 84 52 plan
315 680 45 23 au
394 666 183 46 1/20.000
598 679 8 29 ;

43 724 37 50 e)
112 724 45 36 La
182 727 110 33 route
317 722 188 38 d'Anvers
530 723 21 36 à
578 720 116 38 Gand
720 734 84 23 sera
830 719 145 48 élargie

43 782 22 35 à
92 782 49 35 60
167 781 142 36 mètres
334 794 46 22 au
407 781 116 35 moins
548 782 41 34 et
617 776 212 52 prolongée
854 777 21 37 à
902 781 56 32 tra-

43 852 86 22 vers
146 836 71 37 des
235 838 160 35 terrains
414 835 51 38 de
485 834 157 38 l'ancien
661 833 78 38 fort
758 832 52 38 de
831 833 146 37 Sainte-

43 896 127 41 Anne;

44 950 28 50 f)
104 950 82 37 Une
212 964 96 33 gare
334 949 52 37 de
412 948 146 39 chemin
585 948 51 37 de
662 946 60 38 fer
748 961 97 23 avec
871 948 106 47 quais

45 1005 367 51 d'embarquement
440 1007 20 36 à
489 1004 31 38 la
550 1006 90 37 côte
669 1003 51 39 de
749 1005 133 35 niveau
911 1017 45 36 ap-

47 1064 247 49 proximative
323 1063 51 37 de
404 1061 39 38 +
473 1064 85 41 5,60
587 1074 194 36 occupera
811 1059 147 51 l'empla-

47 1124 156 34 cement
224 1118 157 51 indiqué
403 1134 45 23 au
473 1117 97 52 plan.

45 1177 67 37 Les
150 1175 244 39 installations
431 1175 241 37 ferroviaires
711 1176 206 35 existantes
954 1174 20 36 à

45 1233 84 38 l'Est
149 1233 51 38 de
219 1231 31 39 la
271 1231 172 39 nouvelle
464 1247 95 33 gare
578 1235 130 34 seront
725 1231 251 49 supprimées;

46 1290 38 51 g)
116 1291 101 36 Deux
249 1291 106 36 voies
386 1290 21 37 à
439 1290 110 37 tracé
581 1287 144 39 courbe
758 1286 97 51 (C-D
889 1286 87 50 E-F),

46 1351 170 46 pouvant
242 1345 99 38 faire
374 1347 123 49 partie
529 1344 170 39 chacune
729 1343 87 38 d'un
847 1343 110 37 boule-

47 1403 90 38 vard
169 1402 205 43 circulaire,
406 1407 129 33 seront
567 1403 160 48 prévues
757 1399 96 38 l'une
886 1414 92 36 pour

45 1459 111 38 relier
179 1459 261 38 directement
464 1457 33 39 le
520 1457 127 39 tunnel
672 1471 92 36 pour
788 1456 191 37 véhicules

46 1518 22 36 à
110 1532 20 22 a
160 1521 109 33 route
297 1516 189 37 d'Anvers
513 1516 21 37 à
565 1513 128 45 Gand,
724 1513 132 38 l'autre
887 1527 92 36 pour

45 1573 111 38 relier
182 1572 174 38 l'avenue
383 1571 190 51 spécifiée
601 1586 84 23 sous
711 1570 38 50 d)
775 1571 21 36 à
824 1569 31 38 la
884 1583 94 34 gare

47 1630 53 37 de
127 1630 148 38 chemin
301 1629 52 38 de
379 1628 74 44 fer;

47 1686 35 51 h)
115 1687 53 37 Un
196 1685 209 39 boulevard
433 1685 52 37 de
511 1687 48 35 60
585 1686 142 36 mètres
753 1682 51 38 de
831 1682 148 48 largeur

47 1758 49 22 en
134 1757 193 24 couronne
363 1757 84 22 sera
484 1739 118 39 établi
639 1755 47 23 en
725 1739 167 38 bordure
930 1739 48 37 du

46 1798 130 39 fleuve
204 1800 20 36 à
253 1798 31 38 la
313 1803 90 33 cote
433 1795 183 50 générale
645 1795 40 38 +
713 1798 86 41 8,50
826 1800 42 33 et
898 1797 63 48 pré-

47 1861 155 33 sentera
221 1870 85 22 vers
324 1854 34 38 le
376 1854 128 38 fleuve
525 1869 44 22 un
588 1852 94 39 talus
701 1852 51 38 de
770 1855 49 35 40
839 1856 142 34 mètres

47 1913 53 37 de
122 1912 149 48 largeur
291 1916 110 33 entre
423 1910 52 38 les
497 1915 110 33 cotes
619 1908 38 39 +
671 1911 87 42 0,30
776 1908 92 39 et+
882 1911 99 41 8,50.

45 1971 94 36 Tous
161 1968 53 38 les
235 1982 190 33 ouvrages
447 1969 179 36 existants
647 1981 47 23 en
717 1965 114 39 saillie
854 1979 57 24 sur
933 1978 46 24 ce

47 2024 209 39 boulevard
284 2029 130 33 seront
440 2023 158 38 démolis
626 2024 20 37 à
674 2022 228 50 l'exception
930 2021 48 37 du

45 2082 122 49 grand
195 2080 285 39 embarcadère
505 2079 158 38 flottant
689 2079 51 38 de
767 2079 211 42 Ste-Anne;

46 2139 23 51 i)
101 2139 45 37 La
174 2138 106 49 large
309 2152 149 23 avenue
484 2136 191 51 spécifiée
701 2150 85 24 sous
812 2135 38 50 d)
878 2139 43 33 et
946 2134 32 37 la

47 2200 111 33 route
186 2195 188 38 d'Anvers
400 2195 21 37 à
449 2192 116 39 Gand
594 2197 129 33 seront
750 2192 135 37 reliées
915 2206 66 34 par

48 2267 73 22 une
146 2254 128 35 artère
297 2249 252 40 transversale
574 2252 136 35 tracée
734 2251 145 35 suivant
904 2249 75 42 AB;

47 2310 23 49 j)
103 2308 54 38 Un
179 2323 92 36 parc
293 2306 125 52 public
437 2322 83 23 sera
543 2307 192 46 aménagé
756 2310 133 33 autour
910 2304 71 37 des

49 2368 139 45 étangs
209 2365 74 37 dits
304 2380 22 21 «
348 2362 305 49 Galgenweelen
678 2378 32 28 »,
734 2367 41 32 et
797 2376 88 23 aura
909 2374 71 23 une

47 2421 209 51 superficie
281 2421 87 37 d'au
395 2422 116 35 moins
536 2423 46 34 65
609 2420 59 36 Ha
695 2435 21 33 y
741 2420 163 47 compris
929 2418 52 36 les

50 2481 153 45 étangs;
228 2477 34 38 le
287 2479 132 36 niveau
443 2477 52 36 de
518 2491 65 23 ces
609 2478 137 44 étangs
771 2477 60 47 qui
856 2473 125 39 oscille

47 2535 245 48 légèrement
321 2539 135 32 autour
484 2533 51 37 de
566 2532 31 38 la
628 2537 90 33 cote
747 2531 39 37 +
824 2534 79 40 1,50
935 2545 46 22 ne

48 2607 84 23 sera
158 2606 68 36 pas
250 2590 173 44 modifié;

49 2649 31 51 k)
111 2649 156 47 L'étang
299 2647 57 38 dit
385 2662 22 22 «
441 2646 227 49 Burghtsche
698 2644 114 38 Weel
844 2660 21 22 »
896 2659 82 23 sera

48 2707 197 42 conservé,
277 2719 97 23 avec
403 2705 178 36 maintien
611 2703 49 37 du
690 2704 133 36 niveau
855 2701 124 37 actuel

50 2763 72 38 des
161 2778 95 22 eaux
292 2764 61 47 qui
394 2759 125 40 oscille
558 2764 134 33 autour
729 2758 52 38 de
820 2758 31 37 la
891 2762 90 33 cote

50 2819 40 38 +
122 2822 92 41 1,50;

49 2881 21 50 I)
102 2881 81 37 Une
214 2882 140 36 station
388 2879 52 37 de
475 2893 197 36 pompage
703 2892 84 23 vers
819 2875 162 51 laquelle

50 2938 165 37 devront
245 2938 156 49 pouvoir
429 2934 136 39 affluer
593 2934 33 39 le
657 2934 77 51 plus
759 2933 224 38 facilement

51 2993 167 51 possible
243 2993 53 39 les
321 3008 94 23 eaux
442 2993 70 37 des
537 2995 140 45 égouts
701 3006 82 23 sera
811 2989 170 38 installée

50 3053 21 36 à
96 3050 311 51 l'emplacement
428 3049 155 50 indiqué
605 3064 45 22 au
675 3048 99 51 plan;

50 3114 49 50 m)
130 3114 46 36 La
214 3112 151 39 surface
402 3112 70 38 des
506 3113 160 36 terrains
700 3110 166 38 formant
903 3108 64 39 l'as-

49 3172 118 36 siette
193 3170 51 38 de
269 3169 32 39 la
330 3168 171 39 nouvelle
527 3167 82 39 ville
636 3168 117 37 devra
783 3168 199 49 présenter

50 3226 138 39 l'allure
209 3225 184 50 générale
414 3229 59 47 qui
496 3224 139 39 résulte
656 3225 70 37 des
746 3223 164 39 courbes
931 3222 51 37 de

54 3286 132 35 niveau
209 3283 171 48 figurées
402 3298 45 23 au
473 3282 98 51 plan;

52 3345 34 49 n)
118 3345 44 37 La
196 3360 95 22 zone
325 3344 51 38 de
409 3346 140 35 terrain
583 3345 189 48 comprise
805 3345 110 34 entre
950 3340 31 38 la

53 3404 77 35 rive
156 3401 151 48 gauche
333 3401 48 37 du
409 3400 37 38 lit
472 3399 125 40 actuel
623 3400 52 37 de
701 3399 157 38 l'Escaut
884 3403 41 33 et
951 3399 30 35 la

52 3460 77 35 rive
165 3457 150 49 gauche
349 3457 127 38 future
511 3457 49 38 du
595 3472 107 23 cours
737 3455 159 38 modifié
931 3455 51 36 de

52 3514 158 38 l'Escaut
232 3520 60 33 est
315 3529 72 23 une
410 3516 166 48 emprise
600 3515 20 37 à
644 3513 97 38 faire
766 3512 200 38 ultérieure-

54 3576 105 33 ment
181 3587 57 23 sur
262 3571 34 38 le
318 3571 141 39 fleuve.
483 3602 9 7 .

54 3635 82 35 Art.
165 3636 36 34 4.
257 3634 66 36 Les
361 3631 225 52 principales
622 3636 110 33 cotes
767 3631 50 38 de
852 3631 131 36 marée

54 3689 52 38 de
130 3688 157 40 l'Escaut
308 3695 84 32 sont
415 3689 52 38 les
490 3691 189 36 suivantes
704 3703 8 23 :

55 3748 138 36 Marée
215 3746 113 38 basse
349 3761 188 35 moyenne
558 3744 39 39 +
617 3748 101 41 0,32;

56 3806 137 35 Marée
215 3803 116 38 haute
353 3818 189 35 moyenne
564 3801 39 39 +
623 3805 102 41 4,91;

57 3859 75 39 Plus
156 3859 115 39 haute
297 3862 131 35 marée
454 3875 148 23 connue
626 3858 40 39 +
692 3861 98 41 7,40.

56 3919 48 35 Le
136 3916 83 51 plan
248 3916 52 38 de
329 3919 265 47 comparaison
623 3915 138 51 auquel
790 3919 83 34 sont
901 3928 63 36 rap-

58 3975 157 49 portées
258 3989 66 23 ces
369 3979 109 33 cotes
522 3978 59 33 est
626 3975 116 36 censé
788 3985 129 36 passer
964 3971 20 36 à

1085 269 20 34 8
1134 280 46 23 m.
1206 267 46 35 43
1282 280 47 22 en
1355 263 158 39 dessous
1539 263 51 38 de
1618 262 30 39 la
1675 262 90 39 face
1793 263 220 49 supérieure

1085 322 51 38 de
1157 321 225 38 l'extrémité
1404 321 51 37 de
1476 320 31 38 la
1527 319 170 39 tablette
1717 320 49 38 du
1788 334 76 22 mur
1885 321 130 35 amont

1085 379 51 38 de
1160 377 306 38 l'embarcadère
1488 377 157 38 flottant
1668 377 51 38 de
1742 377 273 37 Sainte-Anne.

1088 475 51 37 IV.
1197 473 162 43 PLANS,
1399 473 186 38 DESSINS
1622 473 46 37 ET
1706 470 308 39 DOCUMENTS

1088 530 264 38 DEMANDES

1086 591 82 35 Art.
1199 591 34 35 5.
1291 588 66 36 Les
1399 591 243 34 concurrents
1686 591 83 33 sont
1811 591 110 32 tenus
1965 584 49 37 de

1085 645 139 38 fournir
1249 643 50 39 les
1327 643 112 51 plans,
1465 644 144 38 dessins
1633 648 41 33 et
1698 643 227 38 documents
1948 643 51 36 sui-

1086 707 106 32 vants
1218 716 7 23 :

1088 760 33 49 a)
1153 759 47 37 Le
1235 760 125 49 projet
1392 756 239 40 d'ensemble
1664 772 44 23 au
1750 756 183 47 1/20.000
1955 771 7 28 ;

1089 816 36 50 b)
1157 816 54 37 Un
1240 814 83 51 plan
1350 814 297 38 d'urbanisation
1674 829 45 23 au
1753 814 157 46 1/5.000
1933 828 7 29 ;

1088 874 32 49 c)
1153 873 54 36 Un
1231 871 83 51 plan
1338 871 296 38 d'urbanisation
1657 887 44 22 au
1732 871 157 46 1/2.000
1926 869 73 38 indi-

1089 935 117 45 quant
1224 928 51 39 les
1293 931 226 36 connexions
1536 929 50 37 de
1604 934 85 32 tous
1706 927 52 38 les
1776 927 238 42 boulevards,

1087 1002 93 29 rues,
1213 989 157 41 artères,
1406 984 151 52 plaines,
1590 999 166 36 squares,
1792 983 128 52 places
1952 998 43 35 pu-

1089 1042 156 52 bliques,
1272 1048 88 39 etc.,
1386 1045 20 36 à
1432 1045 109 36 créer
1565 1057 96 23 avec
1685 1041 51 39 les
1761 1043 146 36 artères
1931 1042 64 48 spé-

1089 1100 134 38 cifiées
1240 1102 20 35 à
1280 1099 94 39 l'art.
1393 1102 31 41 3,
1445 1101 87 36 ainsi
1552 1114 75 36 que
1646 1098 51 38 les
1713 1097 305 49 emplacements

1087 1172 158 35 propres
1262 1158 20 37 à
1301 1156 196 38 l'érection
1516 1155 205 39 d'édifices
1742 1155 142 51 publics
1902 1158 115 45 ayant

1089 1230 43 22 un
1162 1216 202 36 caractère
1393 1212 268 45 monumental;

1089 1271 37 51 d)
1158 1273 74 36 Des
1254 1270 127 50 profils
1401 1286 46 22 en
1469 1275 145 33 travers
1634 1270 70 37 des
1725 1283 176 29 avenues,
1926 1268 69 36 bou-

1089 1327 158 44 levards,
1270 1329 146 36 artères
1436 1325 236 52 principales,
1694 1330 88 39 etc.,
1803 1327 20 35 à
1846 1324 170 38 l'échelle

1089 1385 51 38 de
1173 1388 5 33 I
1190 1385 101 46 /200
1312 1416 5 12 ,
1341 1384 198 50 indiquant
1562 1383 51 38 les
1633 1384 181 42 trottoirs,
1840 1382 51 37 les
1912 1383 106 36 voies

1090 1441 264 44 carrossables,
1390 1441 51 37 les
1472 1443 105 35 voies
1609 1442 198 35 réservées
1839 1453 67 23 aux
1940 1440 59 48 pié-

1089 1504 94 39 tons,
1211 1514 66 22 aux
1301 1497 192 44 cavaliers,
1520 1511 66 23 aux
1610 1496 183 51 cyclistes,
1820 1510 67 22 aux
1912 1499 85 33 auto-

1092 1554 167 44 mobiles,
1285 1554 53 38 les
1361 1557 106 34 voies
1491 1554 51 37 de
1566 1558 107 39 tram,
1700 1552 52 38 les
1777 1552 239 50 plantations,

1091 1618 91 38 etc.;

1091 1668 41 52 ej
1159 1670 73 36 Des
1274 1682 145 36 coupes
1461 1672 41 33 et
1545 1666 102 51 plans
1689 1668 20 36 à
1754 1664 171 39 l'échelle
1967 1664 51 37 de

1098 1729 6 34 I
1115 1725 101 46 /500
1221 1729 11 12 e
1249 1725 70 38 des
1339 1727 141 48 parties
1497 1724 52 38 les
1568 1723 76 50 plus
1661 1724 273 36 intéressantes
1951 1721 70 38 des

1092 1782 102 51 plans
1222 1781 309 44 d'urbanisation,
1559 1780 71 38 tels
1656 1795 76 35 que
1761 1795 8 22 :
1797 1779 52 38 les
1877 1778 142 38 abords

1091 1839 69 38 des
1183 1838 155 44 tunnels,
1366 1837 52 39 les
1444 1837 128 51 places
1597 1836 209 52 publiques,
1832 1835 53 38 les
1908 1837 95 35 inter-

1090 1898 165 36 sections
1284 1896 70 37 des
1384 1893 228 39 boulevards
1640 1898 42 33 et
1711 1894 147 37 artères
1889 1892 113 50 princi-

1092 1952 114 51 pales,
1236 1957 92 38 etc.;

1090 2010 27 49 f)
1149 2011 73 36 Des
1244 2010 148 48 croquis
1414 2008 70 38 des
1504 2006 164 51 façades
1690 2007 70 38 des
1783 2009 237 34 monuments

1092 2066 142 51 publics
1262 2071 41 32 et
1329 2066 70 37 des
1427 2065 206 38 bâtiments
1662 2065 228 49 principaux;

1091 2124 37 50 g)
1161 2124 53 36 Un
1235 2124 183 36 mémoire
1438 2126 210 34 contenant
1665 2120 31 38 la
1717 2120 233 49 description
1971 2119 48 36 du

1093 2182 125 48 projet
1245 2185 41 33 et
1315 2178 199 50 indiquant
1539 2183 110 33 entre
1677 2181 127 34 autres
1832 2176 30 38 la
1893 2190 107 36 super-

1089 2237 90 38 ficie
1204 2237 69 38 des
1295 2238 158 36 terrains
1475 2233 233 53 disponibles
1733 2249 92 35 pour
1847 2233 31 37 la
1902 2237 118 33 vente

1092 2296 113 48 après
1226 2293 338 48 l'aménagement.

1092 2353 82 36 Art.
1202 2354 34 34 6.
1295 2350 18 38 Il
1341 2355 59 33 est
1428 2348 143 38 loisible
1602 2364 67 22 aux
1696 2352 243 33 concurrents
1968 2346 51 37 de

1091 2407 139 39 fournir
1251 2406 52 38 les
1326 2406 113 51 plans,
1462 2406 143 38 dessins
1626 2409 42 33 et
1689 2404 227 38 documents
1938 2417 63 35 sup-

1094 2463 270 51 plémentaires
1392 2463 85 50 qu'il
1505 2461 76 39 leur
1610 2461 126 51 plaira,
1766 2466 41 33 et
1835 2460 70 38 des
1930 2473 91 23 vues

1094 2522 264 49 perspectives
1388 2524 238 46 permettant
1654 2518 51 38 de
1735 2520 119 35 mieux
1884 2516 137 38 définir

1093 2576 33 39 le
1150 2583 84 32 tout
1261 2593 45 21 ou
1333 2576 69 38 des
1428 2578 142 49 parties
1593 2575 52 38 de
1670 2574 94 38 leurs
1792 2576 155 48 projets.

1092 2679 39 38 V.
1190 2677 354 38 INSTRUCTIONS
1567 2675 245 39 SPECIALES

1093 2737 81 36 Art.
1206 2738 33 35 7.
1297 2736 65 36 Les
1393 2737 242 35 concurrents
1666 2748 46 22 ne
1745 2736 178 46 pourront
1954 2746 66 35 pas

1092 2806 40 23 se
1154 2791 97 37 faire
1275 2792 209 37 connaître.
1507 2791 109 36 Leurs
1639 2791 142 48 projets
1803 2793 41 32 et
1867 2788 129 37 mémoi-

1093 2863 59 22 res
1188 2852 209 45 porteront,
1433 2862 46 22 au
1513 2846 70 38 lieu
1618 2846 51 37 de
1703 2845 76 37 leur
1813 2848 204 45 signature,

1094 2919 71 23 une
1194 2919 157 35 marque
1379 2919 46 22 ou
1455 2903 131 37 devise
1615 2904 166 48 répétée
1809 2917 57 22 sur
1893 2901 109 37 l'exté-

1093 2964 95 35 rieur
1212 2961 113 38 d'une
1350 2959 220 50 enveloppe
1595 2958 192 39 cachetée
1811 2960 118 48 jointe
1954 2971 67 23 aux

1092 3020 129 35 envois
1243 3022 41 33 et
1306 3021 209 34 contenant
1538 3015 33 39 le
1595 3030 84 23 nom
1703 3020 42 33 et
1766 3014 180 38 l'adresse
1968 3013 52 38 de

1094 3074 170 38 l'auteur.

1094 3134 82 35 Art.
1207 3134 33 35 8.
1298 3130 66 38 Les
1388 3129 143 39 dessins
1555 3129 158 38 doivent
1738 3130 84 36 être
1847 3128 93 37 fixés
1964 3142 57 23 sur

1094 3193 151 34 cartons
1268 3202 45 23 au
1338 3188 148 37 montés
1508 3201 56 23 sur
1588 3185 149 39 châssis.

1093 3248 82 34 Art.
1205 3248 34 34 9.
1298 3245 44 37 La
1369 3244 156 38 Société
1552 3241 335 39 Intercommunale
1914 3255 86 36 pren-

1095 3302 65 37 dra
1195 3300 33 39 le
1263 3300 76 51 plus
1373 3300 119 49 grand
1526 3302 78 36 soin
1638 3299 69 38 des
1741 3301 153 48 projets,
1931 3300 90 35 mais

1094 3357 70 39 elle
1197 3357 150 39 décline
1378 3362 111 34 toute
1520 3355 291 51 responsabilité
1844 3354 156 51 quelcon-

1096 3430 75 35 que
1198 3419 237 34 notamment
1460 3429 46 22 en
1534 3429 45 22 ce
1607 3415 60 48 qui
1693 3426 191 25 concerne
1910 3411 31 38 la
1967 3413 38 36 ré-

1095 3474 156 48 ception
1296 3472 70 37 des
1409 3471 237 43 documents,
1691 3469 76 38 leur
1812 3470 209 49 exposition

1098 3528 179 51 publique
1299 3533 42 33 et
1361 3528 76 37 leur
1459 3526 279 51 réexpédition.

1096 3630 54 38 VI.
1207 3629 282 38 OUVERTURE
1515 3629 47 36 ET
1584 3628 223 38 CLOTURE

1095 3684 64 40 DU
1187 3685 292 39 CONCOURS

1097 3745 82 36 Art.
1205 3745 53 35 10.
1316 3743 46 37 Le
1381 3756 183 24 concours
1582 3756 83 23 sera
1685 3745 134 33 ouvert
1837 3740 33 38 le
1899 3744 6 34 I
1964 3756 42 22 oc-

1095 3799 115 38 tobre
1238 3801 90 36 1932
1350 3804 41 33 et
1409 3813 83 24 sera
1514 3797 163 39 clôturer
1696 3797 33 39 le
1752 3799 38 36 31
1819 3799 71 35 mai
1920 3798 105 36 1933.

1098 3858 81 36 Art.
1218 3859 52 36 11.
1328 3856 66 38 Les
1423 3856 228 37 documents
1681 3859 129 33 seront
1840 3857 109 34 remis
1979 3868 45 22 au

1097 3916 108 46 siège
1234 3913 51 38 de
1314 3912 31 38 la
1376 3913 167 43 Société,
1575 3927 64 22 rue
1670 3910 215 49 Arenberg,
1915 3913 58 41 26,
2002 3911 21 36 à

1099 3971 154 42 Anvers,
1277 3971 167 49 jusqu'au
1468 3971 38 36 31
1538 3971 71 35 mai
1639 3970 102 42 1933,
1766 3969 20 36 à
1817 3970 40 35 16
1880 3967 146 37 heures.

2127 255 68 38 VII.
2254 254 164 37 PRIMES

2128 314 82 36 Art.
2249 314 51 35 12.
2359 311 64 37 Les
2467 313 136 47 primes
2644 311 189 37 suivantes
2877 313 180 46 pourront

2129 371 84 36 être
2237 367 167 39 allouées
2430 382 8 23 :

2131 426 80 37 Une
2239 427 116 49 prime
2381 424 51 38 de
2466 426 157 36 100.000
2646 423 139 45 francs;

2130 483 81 37 Une
2239 484 117 48 prime
2381 481 51 38 de
2486 483 137 36 50.000
2646 480 138 43 francs;

2128 540 151 47 Quatre
2305 541 137 48 primes
2465 537 50 38 de
2540 540 138 35 25.000
2700 537 137 38 francs.

2128 599 82 36 Art.
2248 598 52 37 13.
2359 595 18 38 Il
2402 600 60 33 est
2486 594 169 39 entendu
2679 594 186 38 toutefois
2890 608 76 35 que
2992 608 65 23 ces

2131 656 135 48 primes
2293 668 46 22 ne
2364 657 127 33 seront
2517 651 214 39 accordées
2755 666 46 23 en
2825 655 85 34 tout
2936 666 46 22 ou
3008 665 47 22 en

2131 713 122 49 partie
2278 710 133 50 qu'aux
2434 714 151 33 auteurs
2606 708 51 38 de
2682 710 143 48 projets
2847 712 115 45 ayant
2985 721 71 23 une

2127 767 127 38 valeur
2286 766 259 50 urbanistique
2576 765 209 44 suffisante,
2820 781 45 22 ce
2898 765 94 37 dont
3022 764 33 37 le

2129 826 88 49 Jury
2247 829 102 33 reste
2380 822 76 39 seul
2487 826 102 47 juge.
2618 823 136 36 Toutes
2786 821 52 38 les
2868 821 188 38 décisions

2129 882 47 38 du
2209 882 99 49 Jury,
2340 896 47 22 en
2418 896 46 22 ce
2496 882 61 48 qui
2589 893 191 24 concerne
2811 878 143 38 l'octroi
2987 878 69 38 des

2131 941 146 48 primes,
2301 943 84 33 sont
2407 952 83 23 sans
2514 935 130 51 appel.

2128 998 81 36 Art.
2248 998 52 35 14.
2357 996 125 48 Après
2516 994 180 43 décision,
2733 992 50 38 les
2817 991 239 51 enveloppes

2129 1052 70 38 des
2237 1054 141 49 projets
2418 1052 136 50 primés
2590 1056 84 32 sont
2712 1054 178 33 ouvertes
2926 1053 42 33 et
3005 1049 52 36 les

2129 1124 103 22 noms
2256 1109 70 37 des
2350 1108 164 38 lauréats
2539 1106 223 52 proclamés.

2127 1233 84 38 VIII.
2267 1231 121 39 JURY

2129 1291 81 36 Art.
2249 1292 52 34 15.
2359 1289 47 37 Le
2445 1289 89 49 Jury
2573 1303 40 22 se
2653 1301 184 35 compose
2877 1286 51 37 de
2968 1290 88 46 sept

2129 1344 190 39 membres
2343 1360 7 23 :

2136 1405 31 35 1°
2200 1405 51 35 M.
2282 1402 33 38 le
2346 1404 37 35 D'
2419 1402 102 38 H.-P.
2552 1400 156 50 Berlage
2739 1401 72 43 NZ,
2842 1400 213 38 architecte

2199 1461 19 36 à
2243 1460 45 37 La
2312 1458 126 51 Haye;

2131 1518 37 35 2°
2201 1518 52 36 M.
2286 1517 47 37 H.
2354 1516 110 42 Prost,
2486 1514 213 39 architecte
2719 1516 19 36 à
2761 1515 108 43 Paris;

2131 1574 37 36 3°
2201 1575 52 36 M.
2284 1572 33 38 le
2339 1572 117 38 baron
2479 1572 134 43 Horta,
2636 1571 224 43 architecte,
2883 1570 173 38 membre

2201 1630 50 36 de
2282 1628 240 39 l'Académie
2555 1627 140 51 Royale
2727 1628 51 37 de
2811 1627 190 50 Belgique,
3035 1628 20 36 à

2202 1685 190 44 Bruxelles;

2202 1746 53 34 M.
2287 1743 127 49 Henry
2441 1743 76 36 Van
2547 1741 50 38 de
2625 1740 130 45 Velde,
2785 1741 193 38 directeur
3006 1740 51 38 de

2201 1798 168 39 l'lnstitut
2396 1799 201 49 Supérieur
2623 1798 70 37 des
2721 1800 87 35 Arts
2833 1797 222 43 décoratifs,

2200 1858 20 35 à
2248 1855 189 44 Bruxelles;

2132 1916 38 35 5°
2203 1915 52 35 M.
2288 1913 32 37 P.
2362 1913 54 37 De
2458 1913 137 42 Heem,
2636 1913 196 46 ingénieur
2869 1925 47 23 en
2956 1910 100 44 chef,

2202 1969 192 38 directeur
2425 1969 70 38 des
2528 1969 108 37 Ponts
2668 1974 41 31 et
2740 1968 227 43 Chaussées,
3001 1981 38 24 se-

2201 2028 163 35 crétaire
2393 2025 51 38 de
2474 2025 31 38 la
2535 2025 250 37 Commission
2815 2024 161 38 d'Etude
3005 2023 51 38 de

2201 2082 341 49 l'Agglomération
2578 2083 226 42 anversoîse,
2841 2082 20 37 à
2898 2082 157 41 Anvers;

2132 2143 39 34 6°
2204 2141 52 36 M.
2288 2140 48 37 G.
2385 2141 53 35 De
2486 2138 150 43 Ridder,
2686 2138 196 50 président
2928 2138 51 36 de
3025 2136 31 38 la

2201 2211 21 22 «
2258 2195 226 38 Fédération
2518 2195 69 38 des
2621 2195 174 38 Sociétés
2827 2193 70 39 des
2930 2193 107 38 Archi-

2202 2258 128 33 tectes
2356 2253 51 36 de
2437 2251 179 50 Belgique
2643 2267 33 28 »,
2703 2253 20 36 à
2752 2253 158 41 Anvers;

2133 2312 36 34 7°
2203 2312 52 34 M.
2286 2310 34 36 J.
2347 2309 50 37 de
2428 2310 125 48 Braey,
2585 2308 196 50 président
2808 2308 51 37 de
2886 2307 31 38 la
2945 2322 21 22 «
2994 2308 43 37 So-

2201 2368 103 36 ciété
2346 2365 139 51 Royale
2524 2365 70 37 des
2633 2364 243 38 Architectes
2916 2365 119 35 Anver-

2201 2425 71 35 sois
2298 2438 32 29 »,
2357 2424 20 37 à
2402 2425 158 35 Anvers.

2133 2482 52 35 M.
2204 2479 153 43 Thonet,
2378 2480 196 46 ingénieur
2592 2494 46 22 en
2658 2477 99 44 chef,
2778 2477 193 38 directeur
2989 2477 69 37 des

2133 2538 108 36 Ponts
2273 2541 40 32 et
2343 2535 227 43 Chaussées,
2604 2535 191 37 directeur
2825 2534 47 37 du
2905 2534 152 37 Service

2130 2592 208 50 technique
2374 2592 51 38 de
2460 2592 30 37 la
2528 2592 156 37 Société
2722 2590 335 38 Intercommunale

2132 2649 51 38 de
2209 2649 30 37 la
2268 2651 87 35 Rive
2380 2648 163 38 Gauche
2569 2648 50 38 de
2644 2647 165 44 l'Escaut,
2837 2652 42 32 et
2904 2649 53 35 M.
2981 2647 76 36 Van

2133 2705 246 43 Hoorebeke,
2404 2707 219 41 secrétaire,
2648 2706 200 35 assiteront
2869 2703 52 38 les
2943 2717 87 23 mem-

2132 2762 86 38 bres
2245 2762 48 37 du
2322 2762 99 49 Jury,
2453 2763 89 36 mais
2569 2776 82 23 sans
2679 2762 80 35 voix
2789 2759 268 38 délibérative.

2131 2820 82 36 Art.
2251 2821 52 35 16.
2361 2819 43 35 En
2458 2832 63 23 cas
2575 2816 341 51 d'empêchement
2970 2816 85 37 d'un

2133 2874 171 38 membre
2326 2874 47 38 du
2396 2875 99 48 Jury,
2519 2876 53 36 M.
2594 2873 33 38 le
2651 2872 193 38 Président
2867 2872 50 38 de
2940 2872 30 37 la
2994 2872 43 37 So-

2131 2933 103 36 ciété
2266 2929 336 40 Intercommunale
2631 2930 51 38 de
2712 2929 31 38 la
2775 2931 88 36 Rive
2892 2929 165 37 Gauche

2132 2988 50 38 de
2208 2987 156 38 l'Escaut
2389 2987 204 47 désignera
2620 2986 162 38 d'office
2808 3001 64 22 son
2898 2985 138 50 rempla-

2131 3049 100 45 çant.

2133 3103 80 37 Art.
2252 3103 52 36 17.
2362 3100 46 38 Le
2437 3101 88 49 Jury
2552 3115 41 23 se
2623 3114 235 36 prononcera
2887 3099 171 37 endéans

2124 3157 52 39 les
2195 3157 96 38 deux
2310 3159 91 36 mois
2420 3159 144 36 suivant
2582 3155 31 40 la
2634 3155 143 40 clôture
2797 3156 47 38 du
2864 3169 195 25 concours.

2136 3288 52 36 IX.
2246 3286 245 38 PROPRIETE

2133 3346 81 36 Art.
2254 3346 52 35 18.
2363 3343 66 37 Les
2451 3345 143 47 projets
2617 3344 135 48 primés
2773 3341 233 37 deviennent
3029 3340 29 35 la

2135 3402 196 48 propriété
2370 3399 52 38 de
2458 3398 31 39 la
2528 3399 156 38 Société
2723 3397 335 39 Intercommunale

2134 3457 51 38 de
2209 3456 32 39 la
2268 3458 87 36 Rive
2380 3455 164 38 Gauche
2569 3455 51 38 de
2644 3455 167 43 l'Escaut,
2839 3456 59 47 qui
2926 3467 132 36 pourra

2134 3529 46 23 en
2205 3514 96 37 faire
2326 3512 52 38 tel
2404 3528 119 32 usage
2548 3511 84 51 qu'il
2657 3511 43 38 lui
2726 3510 242 39 conviendra.
2995 3510 65 36 Les

2137 3573 142 48 projets
2307 3575 179 45 pourront
2513 3571 84 36 être
2623 3569 182 37 exécutés
2831 3583 46 22 en
2903 3571 85 33 tout
3014 3581 46 22 ou

2135 3643 46 22 en
2215 3629 123 48 partie
2366 3641 83 23 sans
2478 3625 31 38 la
2541 3627 253 49 coopération
2823 3624 51 38 de
2903 3623 157 38 l'auteur

2135 3690 41 32 et
2209 3699 83 23 sans
2326 3698 75 35 que
2436 3683 145 38 celui-ci
2618 3684 122 48 puisse
2775 3680 183 38 réclamer
2992 3681 69 36 des

2136 3741 217 37 honoraires
2385 3755 46 22 ou
2464 3738 227 39 indemnités
2722 3738 20 38 à
2775 3737 167 50 quelque
2971 3738 89 35 titre

2136 3813 75 35 que
2234 3813 46 23 ce
2301 3799 84 36 soit.

2137 3859 81 33 Art.
2256 3857 53 34 19.
2364 3854 92 36 Tout
2495 3855 125 47 projet
2660 3867 69 22 non
2771 3852 117 48 primé
2927 3863 133 35 pourra

2136 3913 84 36 être
2244 3912 129 48 acquis
2398 3924 65 35 par
2487 3909 31 37 la
2544 3909 156 38 Société
2727 3905 335 39 Intercommunale

2137 3968 50 38 de
2207 3967 30 38 la
2260 3969 88 36 Rive
2367 3965 164 39 Gauche
2550 3965 51 38 de
2619 3964 157 38 l'Escaut
2793 3978 47 23 eu
2858 3977 72 23 vue
2948 3961 114 38 d'une
