2804 3921
1875 226 528 76 NUMERO
2489 223 49 69 2

1103 236 652 79 VOLUMEVII
1798 259 34 35 ■

133 246 136 71 LA
330 246 290 73 CITE
673 271 33 36 ■
760 243 213 74 1928
1024 269 33 35 ■

2484 3559 71 58 29

135 504 1196 114 L'ARCHITECTURE
1499 502 170 101 EN
1836 497 704 129 BELGIQUE

131 802 20 17 „
179 757 87 53 La
297 753 138 56 Cité
515 766 87 39 est
630 750 287 55 heureuse
949 747 71 55 de
1050 749 322 70 présenter,
1405 767 70 30 en
1506 766 64 30 ce
1600 739 305 56 deuxième
1948 736 201 56 article
2179 735 73 56 de
2285 761 62 30 sa
2378 736 133 55 chro-

127 843 177 70 nique
347 837 458 61 documentaire,
849 857 78 32 un
969 843 324 61 important
1345 825 212 57 travail
1602 824 78 57 du
1725 849 32 30 a
1801 823 11 54 1
1840 823 317 54 architecte
2205 822 67 54 Ë.
2320 823 223 62 Simon,

131 924 243 59 S.B.U.
395 923 188 55 A.M.
616 936 55 39 et
702 919 332 57 S.C.A.B.

131 1012 47 55 Il
197 1011 168 72 s'agit
386 1007 71 57 de
481 1007 58 56 la
562 1007 501 61 transformation,
1083 1027 75 32 ou
1184 1002 71 56 de
1278 999 390 73 l'adaptation
1693 1001 32 50 à
1749 1020 79 31 un
1852 1018 371 49 programme
2247 993 296 65 moderne,

127 1097 174 56 d'une
349 1110 167 39 vaste
564 1092 141 56 villa
755 1093 181 52 située
986 1088 148 56 dans
1181 1087 57 56 la
1287 1086 270 56 banlieue
1617 1079 383 59 méridionale
2056 1079 73 56 de
2187 1079 50 55 la
2294 1078 250 74 capitale

127 1182 339 70 (Chaussée
497 1178 72 56 de
602 1180 89 53 La
724 1176 246 72 Hulpe).

130 1270 160 56 Pour
329 1267 349 63 l'extérieur,
710 1288 76 31 on
831 1286 58 32 se
931 1261 217 56 rendra
1190 1274 248 58 compte,
1477 1281 108 50 par
1626 1256 84 54 les
1753 1252 467 76 photographies
2265 1255 282 52 ci-contre

127 1357 192 53 mieux
367 1377 114 50 que
525 1375 109 49 par
675 1364 161 40 toute
884 1347 380 71 description,
1308 1343 73 56 de
1424 1343 56 55 la
1523 1366 159 32 saine
1731 1338 476 73 métamorphose
2263 1361 79 50 qu
2366 1361 34 31 a
2440 1338 108 54 fait

130 1440 162 56 subir
332 1437 359 56 l'architecte
733 1439 32 51 à
807 1434 325 54 l'ancienne
1184 1431 329 55 habitation
1564 1429 321 54 construite
1928 1448 135 31 vers
2113 1427 153 60 1880,
2298 1446 247 41 morose,

127 1542 134 57 trop
304 1525 457 72 classiquement
790 1519 301 57 ordonnée
1122 1542 69 30 en
1224 1542 64 30 sa
1320 1514 205 68 Façade
1562 1515 348 61 antérieure,
1938 1534 136 32 sans
2107 1512 163 54 souci
2312 1509 235 55 d'ordre

127 1615 60 52 ni
215 1611 72 56 de
318 1610 254 57 décence
602 1633 70 31 en
699 1632 62 30 sa
791 1604 210 70 façade
1025 1605 381 73 postérieure.
1440 1599 435 57 Actuellement
1901 1595 339 57 l'ensemble
2266 1595 145 56 offre
2436 1619 112 32 une

128 1699 392 71 composition
563 1694 194 65 claire,
789 1694 119 53 fort
948 1689 274 74 agréable
1254 1691 33 53 à
1317 1686 137 56 l'œil
1497 1700 56 41 et
1594 1689 30 52 à
1669 1684 14 54 1
1708 1686 184 70 esprit
1915 1708 12 39 ;
1959 1681 104 56 des
2105 1681 268 56 volumes
2417 1683 98 53 sim-

128 1783 143 74 ples,
315 1794 320 44 nettement
675 1780 243 54 accusés
943 1802 11 38 ;
997 1775 104 56 des
1143 1771 210 59 détails
1395 1771 415 74 parfaitement
1856 1770 108 54 mis
2012 1792 75 30 au
2121 1782 182 57 point,
2353 1765 73 56 tel
2484 1791 64 30 ce

130 1869 218 74 porche
382 1867 260 57 d'entrée
678 1871 291 67 peut-être
1000 1877 133 57 trop
1176 1859 295 57 décoratif
1495 1881 226 40 encore,
1753 1857 145 53 mais
1928 1857 102 71 qui
2065 1853 139 56 relie
2234 1853 279 54 heureuse-

134 1968 157 42 ment
321 1978 77 31 un
428 1952 249 56 élément
705 1973 225 40 ancien,
958 1962 155 41 sorte
1136 1945 72 56 de
1233 1959 272 59 portique
1536 1967 31 31 a
1599 1939 358 65 balustrade,
1989 1963 145 31 avec
2167 1938 52 54 la
2249 1954 266 40 construc-

136 2043 119 54 tion
281 2038 289 57 nouvelle.

141 2128 172 56 Dans
354 2126 54 54 la
451 2123 339 56 réalisation
833 2121 73 56 de
949 2145 63 32 ce
1054 2117 229 65 travail,
1326 2116 356 56 l'architecte
1725 2137 30 31 a
1800 2127 136 39 tenu
1980 2116 34 50 à
2055 2111 226 55 utiliser
2320 2111 53 54 le
2413 2111 135 73 plus

136 2212 260 74 possible
426 2211 85 55 les
542 2232 239 34 secours
812 2231 113 50 que
955 2206 83 56 lui
1067 2205 197 55 offrait
1290 2202 370 56 l'habitation
1689 2201 301 53 ancienne.
2023 2197 174 55 Ainsi
2226 2196 83 56 les
2342 2196 172 56 fonda-

136 2301 154 53 tions
339 2313 55 39 et
441 2296 84 55 les
574 2318 159 33 murs
782 2295 369 71 principaux,
1202 2292 172 70 après
1424 2310 258 39 examen,
1731 2299 102 40 ont
1882 2286 88 52 été
2022 2285 328 52 maintenus
2385 2307 10 39 ;
2453 2306 95 32 ces

136 2384 264 56 derniers
437 2385 175 61 étant,
648 2377 465 64 naturellement,
1153 2376 217 55 soumis
1407 2377 35 51 à
1476 2396 112 32 une
1624 2371 389 71 composition
2052 2367 289 56 nouvelle.
2375 2367 173 56 Seuls

135 2470 427 71 l'avant-corps
586 2467 71 56 de
680 2466 55 55 la
758 2464 212 69 façade
1002 2465 365 71 postérieure
1392 2474 56 40 et
1468 2459 83 54 les
1580 2480 159 32 murs
1765 2457 257 54 formant
2051 2453 50 56 le
2134 2453 214 56 second
2383 2457 165 70 étage

137 2572 102 40 ont
268 2559 88 52 été
388 2555 322 56 constitués
739 2550 73 57 de
842 2565 192 41 toutes
1066 2551 211 70 pièces.

136 2643 177 56 Nous
362 2640 274 56 donnons
686 2640 255 70 ci-après
988 2634 84 56 les
1122 2631 254 76 grandes
1424 2631 183 73 lignes
1656 2627 79 56 du
1779 2649 369 51 programme
2191 2624 71 57 de
2306 2625 54 55 la
2407 2625 141 55 villa

136 2727 249 57 actuelle
418 2752 9 29 :

140 2812 305 58 Sous-sols
471 2838 9 28 :
513 2833 177 33 caves
732 2808 283 65 diverses,
1048 2805 309 71 chauffage
1388 2817 56 40 et
1472 2803 269 61 cuisines,
1774 2798 256 56 celles-ci
2072 2822 69 29 en
2177 2795 206 69 façade
2414 2821 101 48 pos-

136 2902 269 61 térieure,
437 2895 461 58 abondamment
941 2893 278 56 éclairées
1251 2906 56 39 et
1335 2892 201 53 aérées
1567 2902 55 39 et
1651 2908 300 51 pourvues
1993 2883 138 56 d'un
2173 2885 378 71 équipement

137 2983 306 57 rationnel.

141 3069 542 56 Rez-de-chaussée
710 3094 9 27 :
763 3066 185 73 grand
1002 3063 120 57 hall
1169 3062 275 63 d'entrée,
1492 3059 84 55 les
1624 3055 417 75 dépendances
2092 3058 325 62 sanitaires,
2467 3054 83 56 les

139 3157 265 56 bureaux
445 3156 312 72 respectifs
799 3152 80 57 du
921 3157 206 50 maître
1170 3165 56 39 et
1266 3148 73 56 de
1379 3148 58 55 la
1478 3162 303 40 maîtresse
1824 3142 71 57 de
1925 3166 243 32 maison.
2206 3142 90 54 En
2343 3141 207 68 façade

140 3246 380 70 postérieure,
550 3241 84 54 les
664 3242 197 71 pièces
890 3237 73 56 de
992 3241 304 67 réception
1326 3248 56 41 et
1411 3232 36 57 d
1472 3232 347 56 habitation.

140 3330 261 53 Premier
429 3331 166 69 étage
629 3353 9 28 :
668 3325 84 56 les
782 3327 196 70 pièces
1009 3325 233 71 privées
1285 3336 56 39 et
1383 3317 308 58 chambres
1715 3320 34 50 à
1772 3315 254 55 coucher
2055 3313 104 56 des
2190 3330 326 57 occupants
2540 3340 11 39 ;

140 3438 94 31 ces
274 3414 300 55 dernières
605 3434 301 50 pourvues
937 3410 263 54 chacune
1231 3406 138 56 d'un
1401 3403 232 58 cabinet
1663 3401 71 56 de
1765 3400 221 56 toilette
2018 3416 54 38 et
2102 3400 34 56 d
2166 3425 110 31 une
2309 3400 140 56 salle
2480 3400 71 56 de
