2804 3921
153 151 308 60 TEK
540 148 58 56 H
679 148 60 55 N
819 141 47 62 i

2554 3546 102 64 19

159 334 135 42 doute
320 331 270 41 intéressant
617 325 288 51 d'envisager
931 324 217 54 quelques
1175 327 152 48 points

157 398 58 42 du
246 391 239 53 problème
513 391 61 42 du
621 387 602 43 renouvellement
1268 386 59 42 de

158 475 71 26 ces
270 452 239 53 appareils,
557 450 59 45 de
660 451 95 42 leur
800 468 22 27 «
872 450 363 42 modernisation
1282 467 40 27 »,

157 521 150 50 points
352 520 73 49 qui
471 524 79 32 ont
591 516 70 41 été
705 511 176 45 étudiés
926 515 401 40 minutieusement

157 599 86 26 aux
297 578 277 49 Etats-Unis,
602 615 9 5 .
632 585 43 33 et
731 585 196 33 souvent
987 574 170 44 résolus
1215 592 111 26 avec

155 644 237 47 beaucoup
424 639 288 52 d'a-propos,
743 655 56 24 en
831 647 158 33 tenant
1016 647 185 40 compte
1230 642 26 39 à
1285 638 41 41 la

156 706 85 42 fois
277 705 56 43 de
367 700 383 53 remplacement,
790 698 58 45 de
887 701 43 43 la
964 699 280 45 destination
1283 709 43 33 et

156 771 56 40 de
246 767 41 43 la
320 767 307 42 construction
663 762 79 45 des
777 762 242 53 appareils,
1054 782 56 25 en
1143 782 87 25 vue
1268 760 58 44 de

155 830 92 43 leur
277 826 202 46 meilleur
511 825 284 43 rendement.

218 905 119 42 Pour
359 920 52 26 ce
438 903 74 51 qui
541 917 226 27 concerne
794 901 62 40 les
883 899 229 51 appareils
1141 898 162 44 d'éclai-

156 983 117 34 rage,
305 966 26 43 il
360 981 57 25 ne
445 973 108 44 peut
582 968 93 39 être
709 966 210 49 question
948 962 58 44 de
1037 964 197 50 préciser
1263 961 63 43 les

159 1028 238 44 différents
428 1042 75 28 cas
536 1035 45 32 et
613 1026 42 44 la
686 1026 203 41 manière
926 1024 57 43 de
1016 1026 61 42 les
1110 1023 217 44 résoudre

252 1107 54 26 en
343 1087 217 54 quelques
594 1089 142 50 lignes
868 1089 114 40 mais
1013 1090 117 40 voici
1163 1087 63 43 les
1259 1088 44 43 di-

157 1155 189 40 rectives
385 1149 248 57 générales,
677 1167 73 25 sur
796 1150 239 50 lesquelles
1077 1167 46 25 se
1165 1151 162 43 basent

156 1217 355 42 ordinairement
561 1213 63 43 les
675 1223 192 33 travaux
918 1214 81 43 des
1049 1213 277 51 spécialistes

155 1279 263 41 américains
453 1296 8 24 :

219 1350 391 51 L'emplacement
655 1348 81 45 des
781 1349 228 52 appareils
1054 1348 273 54 d'éclairage

157 1426 65 30 est
262 1413 311 51 conditionné,
614 1432 54 25 en
710 1415 196 48 premier
947 1414 100 51 lieu,
1089 1430 83 33 par
1212 1413 91 42 l'im-

153 1486 220 43 portance
400 1485 44 35 et
470 1477 43 43 la
539 1475 168 53 qualité
736 1474 59 43 de
820 1477 43 42 la
887 1493 77 25 rue
992 1494 58 25 ou
1075 1479 146 40 artère
1248 1493 52 23 en-

153 1542 195 50 visagée,
378 1555 85 34 par
491 1555 71 26 ses
590 1539 297 51 proportions
924 1557 8 24 :
963 1541 104 41 voie
1096 1543 26 39 à
1151 1536 175 55 grande

152 1602 275 49 circulation,
467 1618 77 26 rue
583 1611 353 41 commerçante,
978 1618 57 26 ou
1071 1602 147 42 artère
1257 1602 45 40 ré-

154 1662 273 50 sidentielle;
460 1681 83 26 son
576 1663 137 51 profil
755 1684 7 23 :
795 1680 117 27 zone
943 1661 58 44 de
1031 1662 134 50 recul,
1197 1663 102 50 plan-

155 1729 179 50 tations,
376 1736 80 33 etc.
498 1726 73 42 Du
613 1728 151 39 même
807 1743 131 33 coup,
982 1736 43 33 et
1065 1728 179 39 suivant
1285 1725 41 43 le

154 1806 74 28 cas
252 1790 228 50 envisagé,
508 1787 28 43 il
563 1789 98 44 faut
686 1791 116 40 tenir
828 1797 185 42 compte
1044 1788 57 42 de
1130 1787 43 45 la
1200 1788 126 43 force

1476 325 245 42 éclairante
1763 336 209 40 pouvant
2011 343 273 33 compenser
2323 344 87 27 une
2453 328 168 43 diminu-

1477 390 95 40 tion
1609 388 114 43 dans
1759 388 38 42 le
1832 389 194 43 nombre
2062 387 80 43 des
2178 388 240 52 appareils.
2459 388 191 42 L'étude

1478 449 81 42 des
1602 468 192 35 moyens
1837 454 230 45 existants,
2115 451 79 41 des
2238 451 149 44 divers
2430 454 220 49 systèmes

1479 512 198 51 adoptés
1719 530 82 33 par
1844 515 63 40 les
1947 513 334 52 municipalités
2323 517 244 47 prospères
2609 524 41 34 et

1477 578 320 48 progressistes
1836 576 97 42 doit
1968 581 93 38 être
2096 575 324 53 approfondie.
2463 576 164 44 L'éclai-

1479 655 105 34 rage
1618 656 85 34 par
1738 642 284 47 suspension,
2058 656 104 27 sans
2197 649 215 43 poteaux,
2451 638 175 52 préféra-

1476 698 74 45 ble
1580 700 115 42 dans
1723 700 39 44 le
1789 718 73 26 cas
1889 699 58 43 de
1975 719 99 25 rues
2100 705 242 41 anciennes
2373 711 44 32 et
2444 702 205 47 étroites;

1478 762 41 43 le
1554 766 199 48 système
1791 769 26 38 à
1853 772 216 44 poteaux,
2107 766 73 49 qui
2218 764 119 44 offre
2372 765 39 42 le
2449 762 201 43 meilleur

1477 825 273 43 rendement
1786 825 337 53 actuellement,
2165 828 113 40 mais
2314 830 74 49 qui
2424 825 99 42 doit
2558 830 92 38 être

1477 887 262 43 modernisé
1777 890 70 51 (et
1875 890 110 43 c'est
2018 894 26 39 à
2074 891 106 49 quoi
2210 906 61 24 on
2298 889 107 43 s'est
2434 887 216 52 appliqué

1478 967 55 25 en
1576 951 298 53 Amérique).
1922 952 74 41 On
2037 970 25 24 a
2104 956 140 48 rejeté
2284 952 366 41 définitivement

1476 1012 268 53 l'éclairage,
1781 1023 102 42 trop
1921 1013 244 52 imparfait,
2203 1016 74 51 qui
2309 1017 196 41 consiste
2538 1013 112 42 dans

1476 1075 26 44 F
1511 1077 280 50 application
1822 1079 80 42 des
1933 1076 502 45 consoles-réverbères
2467 1094 88 26 aux
2583 1077 45 43 fa-

1476 1138 151 53 çades.

1540 1225 148 52 Enfin,
1720 1228 152 42 mieux
1902 1244 86 33 que
2018 1235 126 35 toute
2179 1225 304 48 dissertation,
2516 1225 41 42 le
2587 1235 42 32 ta-

1477 1287 134 46 bleau
1653 1291 181 39 suivant
1874 1291 177 40 résume
2091 1306 126 26 assez
2258 1298 289 33 exactement
2589 1286 61 43 les

1476 1350 299 43 nombreuses
1814 1350 160 43 études
2014 1350 347 44 d'observation
2399 1352 131 42 faites
2568 1368 82 33 par

1476 1413 64 45 les
1576 1415 256 50 ingénieurs
1869 1415 294 48 municipaux
2204 1412 302 53 d'Amérique
2551 1432 8 24 :
2601 1431 49 23 ce

1478 1475 183 45 tableau
1698 1486 93 31 met
1831 1493 55 26 en
1928 1486 189 41 rapport
2152 1477 320 50 l'importance
2511 1474 59 45 de
2608 1476 42 43 la

1477 1538 106 43 ville
1615 1541 257 49 envisagée,
1906 1540 41 41 la
1980 1538 167 51 qualité
2182 1540 56 41 de
2272 1540 41 41 la
2346 1556 76 25 rue
2459 1543 26 39 à
2516 1538 112 42 éclai-

1477 1617 82 36 rer,
1592 1604 40 42 le
1666 1601 141 41 mode
1841 1599 273 54 d'éclairage
2147 1607 24 37 à
2204 1600 211 51 adopter,
2453 1600 42 41 la
2527 1602 123 42 force

1477 1661 232 54 dépensée
1759 1674 43 32 et
1855 1663 374 51 remplacement
2279 1661 260 53 préférable
2598 1662 50 52 (il

1477 1724 132 52 s'agit
1651 1726 357 43 exclusivement
2049 1724 58 44 de
2145 1726 257 54 l'éclairage
2443 1743 82 35 par
2567 1742 56 34 po-

1479 1788 160 52 teaux)
1654 1825 6 7 .

595 1947 4 20 :
1054 1947 3 20 >
1512 1947 4 20 •
1893 1947 4 20 s
2277 1947 4 20 î

260 1981 219 41 Population
596 1978 5 52 j
1115 1982 115 33 Force
1259 1981 199 34 éclairante
1566 1983 162 32 Hauteur
1749 1982 43 33 de
1813 1982 33 33 la
1966 1981 244 41 Espacement
2278 1978 3 52 j
2355 1982 232 40 Disposition

597 2030 4 43 !
655 2030 144 40 Qualité
820 2030 44 33 de
885 2030 32 33 la
937 2038 62 25 rue
1164 2040 63 31 par
1246 2032 161 41 appareil

266 2081 43 31 de
339 2081 32 32 la
399 2080 81 32 ville
597 2075 5 50 j
1163 2077 61 47 (en
1247 2077 160 47 lumens)
1513 2079 139 40 Isource
1681 2080 216 36 lumineuse!
1966 2080 64 32 des
2053 2081 156 39 poteaux
2278 2074 3 51 j
2362 2080 65 33 des
2444 2082 135 39 potaux

154 2246 86 33 Plus
260 2246 43 33 de
329 2245 155 36 100.000
504 2246 98 41 hab.j
647 2254 61 24 rue
729 2248 270 39 commerçante
1119 2246 129 36 15.000
1275 2246 20 33 à
1323 2244 134 37 50.000
1512 2241 3 48 j
1558 2246 41 35 18
1628 2246 17 33 à
1674 2245 45 35 25
1749 2246 105 42 pieds
1894 2241 3 48 !
1921 2246 66 34 100
2008 2248 19 32 à
2052 2247 67 34 150
2140 2246 106 41 pieds
2277 2243 173 45 jopposés
2472 2246 171 32 vis-à-vis

597 2288 4 50 |
656 2295 18 33 à
691 2295 213 33 circulation
925 2295 74 33 très

754 2344 142 33 intense
2248 2344 2 43 .
2276 2344 3 43 ;

359 2406 14 17 »
598 2383 154 42 'Artères
770 2394 20 33 à
805 2394 114 40 grand
934 2394 105 33 trafic
1054 2383 3 56 j
1118 2391 130 37 10.000
1276 2394 19 32 à
1328 2394 130 35 15.000
1512 2383 4 56 j
1561 2393 38 34 15
1626 2392 94 35 à2O
1749 2392 105 41 pieds
1895 2383 2 56 j
1926 2394 65 33 100
2011 2394 18 33 à
2053 2393 67 35 150
2140 2393 104 41 pieds
2275 2390 144 49 joppos.
2436 2402 45 24 ~u
2497 2391 159 34 alternés

363 2457 14 14 »
596 2436 4 52 j
624 2441 122 35 Allées
765 2443 267 33 résidentielles
1054 2436 3 52 j
1138 2441 110 35 2.500
1276 2443 19 32 à
1349 2443 108 34 4.000
1512 2436 4 52 j
1561 2443 39 34 13
1630 2442 93 34 à2O
1752 2442 104 40 pieds
1895 2436 2 52 j
1926 2443 64 34 125
2008 2444 19 32 à
2048 2443 71 34 200
2138 2443 106 41 pieds
2276 2436 2 52 j
2384 2442 160 33 alternés

363 2507 16 17 »
687 2492 96 35 Rues
811 2492 155 33 banales
1144 2492 102 34 1.000
1275 2493 20 32 à
1347 2492 111 36 2.500
1512 2486 4 49 j
1561 2492 40 35 16
1630 2493 19 31 à
1677 2492 46 33 20
1752 2491 105 40 pieds
1895 2486 2 49 j
1920 2492 72 34 200
2011 2493 19 32 à
2051 2490 71 36 300
2142 2492 103 41 pieds
2276 2486 3 49 j
2311 2492 85 33 d'un
2416 2491 76 33 seul
2523 2490 81 34 côté

152 2542 43 32 de
212 2542 131 35 30.000
356 2542 18 33 à
391 2540 154 41 100.000
557 2535 43 54 h.j
640 2541 75 34 Rue
745 2544 270 39 commerçante
1054 2535 4 54 j
1119 2540 129 37 IO.COO
1277 2542 19 33 à
1324 2541 134 36 30.000
1562 2541 39 34 15
1630 2541 93 34 à2O
1752 2541 103 40 pieds
1895 2542 96 36 ;80
2011 2542 19 32 à
2054 2541 63 34 125
2140 2542 104 40 pieds
2276 2535 3 54 j
2385 2540 163 43 opposés

656 2591 19 33 à
694 2591 213 33 circulation
927 2591 74 33 très
1514 2585 4 50 j

597 2634 3 50 I
754 2641 143 32 intense

351 2701 13 15 »
596 2681 4 54 j
606 2688 146 34 Artères
773 2690 21 33 à
808 2688 114 42 grand
943 2689 105 33 trafic
1138 2688 111 34 6.000
1277 2688 18 33 à
1328 2686 130 37 15.000
1513 2681 135 48 jlsà
1678 2687 46 34 20
1754 2688 103 40 pieds
1895 2681 3 54 j
1926 2688 65 33 100
2013 2688 16 32 à
2053 2685 70 38 150
2143 2688 103 42 pieds
2276 2684 5 49 j
2385 2687 159 34 alternés

350 2751 14 15 »
595 2731 4 50 |
621 2737 124 34 Allées
764 2738 269 33 résidentielles
1055 2731 3 50 i
1138 2737 110 36 2.500
1276 2738 19 32 à
1349 2737 109 35 4.000
1512 2731 4 50 j
1562 2737 39 33 13
1631 2736 94 35 à2G
1752 2737 105 40 pieds
1896 2737 38 34 M
1946 2737 46 34 25
2013 2738 18 32 à
2053 2737 71 34 200
2144 2738 103 40 pieds
2278 2731 3 50 j
2386 2737 158 33 alternés

350 2799 14 16 »
595 2782 5 44 |
697 2789 95 33 Rues
813 2788 153 34 banales
1145 2787 104 35 1.000
1277 2787 19 32 à
1348 2786 109 39 2,500
1512 2782 4 47 !
1561 2786 40 34 16
1630 2785 94 35 à2O
1754 2787 103 40 pieds
1922 2787 70 35 200
2013 2787 19 33 à
2052 2787 71 34 300
2144 2787 104 42 pieds
2279 2782 4 47 !
2331 2786 85 34 d'un
2440 2787 77 33 seul
2534 2785 83 34 côté

391 2841 15 10 *

218 2933 156 51 Quant
426 2938 27 39 à
505 2935 41 42 la
600 2935 310 40 construction
964 2930 81 44 des
1100 2930 228 52 appareils

158 2993 272 54 d'éclairage
475 2994 261 53 modernes,
783 2996 25 42 il
851 2993 176 45 semble
1071 3012 86 34 que
1203 2992 100 43 l'em-

156 3057 93 50 ploi
274 3059 59 43 du
355 3059 143 43 béton
526 3076 47 24 se
598 3058 250 54 généralise
873 3075 126 26 assez
1024 3055 302 53 rapidement,

156 3121 125 41 étant
305 3121 155 42 donné
485 3139 86 34 que
594 3123 39 41 le
657 3125 199 47 système
882 3138 83 33 par
990 3129 202 41 poteaux
1217 3119 111 43 tend

156 3201 22 24 a
221 3182 111 45 faire
374 3181 272 53 disparaître
685 3183 362 50 complètement
1084 3182 64 44 les
1185 3185 120 49 systè-

156 3261 95 27 mes
285 3262 82 36 par
397 3248 269 49 suspension
699 3256 43 30 et
774 3262 82 33 par
889 3246 223 42 consoles.
1152 3245 61 43 Le
1244 3261 56 33 po-

157 3315 101 32 teau
292 3318 299 41 proprement
627 3308 64 42 dit
724 3313 108 48 joue
867 3308 120 43 donc
1022 3326 59 25 un
1115 3307 96 44 rôle
1247 3312 54 39 im-

159 3379 185 40 portant
378 3369 113 44 dans
521 3371 42 42 la
597 3374 210 49 question
841 3369 57 45 de
931 3370 269 52 l'éclairage,
1233 3379 44 33 et
1307 3373 26 37 à

1477 2950 47 25 sa
1578 2934 310 41 construction
1940 2935 303 48 économique
2292 2950 46 23 se
2386 2942 104 32 sont
2537 2942 92 32 atta-

1480 2994 132 44 chées
1653 2995 57 43 de
1749 2993 299 44 nombreuses
2087 2996 154 43 firmes
2279 2994 299 51 spécialisées.
2624 2993 28 43 Il

1481 3056 97 43 faut
1618 3060 109 40 citer
1770 3074 182 25 comme
1996 3075 87 27 une
2126 3059 80 42 des
2250 3057 100 50 plus
2391 3059 238 40 caractéris-

1480 3130 145 41 tiques
1680 3121 43 41 la
1780 3138 23 27 «
1865 3120 320 43 Manufacture
2243 3122 48 41 of
2345 3119 308 50 Hollowspun

1481 3183 227 43 Concrète
1745 3184 148 42 Street
1930 3183 211 53 Ughting
2179 3181 256 45 Standards
2476 3201 22 25 »
2541 3180 116 44 dont

1479 3248 117 42 voici
1624 3246 41 42 le
1691 3243 202 52 procédé
1923 3245 59 44 de
2010 3248 310 39 construction
2356 3265 8 23 :
2392 3246 262 41 l'armature

1484 3307 263 52 métallique
1795 3306 61 43 du
1904 3318 170 40 poteau
2120 3317 66 32 est
2233 3308 158 50 placée
2437 3306 114 44 dans
2598 3324 56 23 un

1481 3370 166 52 moule,
1687 3370 161 51 lequel,
1889 3370 161 50 rempli
2090 3370 55 43 de
2183 3371 155 47 béton,
2381 3380 65 31 est
2485 3372 169 38 soumis
