2804 3921
85 188 312 57 TEK
475 186 59 54 H
616 186 60 54 N
757 177 47 63 É

2497 3562 107 55 25

90 369 171 41 devant
305 367 184 43 l'assaut
532 364 58 43 de
633 364 347 50 l'organisation
1025 360 237 43 collective

88 430 237 52 moderne,
358 430 80 42 des
470 426 190 53 peuples
691 425 57 45 de
783 425 171 42 culture
986 423 253 43 essentielle-

90 503 126 33 ment
249 492 152 51 latine,
442 510 21 26 «
502 491 220 50 classique
764 508 38 30 »,
844 506 55 25 en
936 489 264 50 opposition
1240 490 24 38 à

89 557 38 43 la
167 557 269 49 supériorité
473 552 81 43 des
590 569 124 26 races
750 554 318 50 germaniques
1107 559 44 31 et
1185 566 52 25 an-

90 619 294 52 glo-saxones
432 617 81 51 (1)
570 614 88 52 (les
699 617 241 49 ingéneurs
980 614 278 43 américains,

89 683 62 41 les
198 681 267 44 architectes
512 676 271 54 allemands,
831 675 272 50 hollandais,
1155 677 87 39 suis-

91 762 81 34 ses,
216 741 319 52 autrichiens),
569 741 71 45 E,n
679 743 188 40 matière
905 738 120 42 d'art
1065 738 99 50 plus
1202 739 41 39 in-

92 805 291 44 dividualiste
433 805 191 52 (lettres,
670 806 207 48 peinture
918 812 43 32 et
1004 799 252 52 sculpture)

91 878 117 33 cette
240 871 202 40 manière
476 866 58 44 de
565 866 121 51 règle
721 868 134 40 serait
886 865 99 50 plus
1020 864 186 42 difficile
1240 865 25 38 à

91 932 174 52 établir,
296 929 327 45 évidemment.
657 929 156 50 Quant
840 946 56 24 au
928 929 130 49 point
1092 925 58 45 de
1178 943 87 25 vue

91 993 152 51 social,
286 993 27 42 il
355 996 149 49 paraît
546 990 334 44 incontestable
922 1009 85 33 que
1048 990 63 42 les
1154 1006 82 32 peu-

95 1058 96 52 ples
235 1059 134 42 latins
412 1065 104 33 sont
560 1054 264 51 dépourvus
870 1052 57 42 de
973 1072 48 24 ce
1070 1070 21 26 «
1138 1052 129 51 génie

94 1119 362 52 d'organisation
495 1137 22 25 »
557 1122 73 48 qui
666 1117 145 50 dirige
846 1117 41 42 la
922 1117 71 41 vie
1030 1114 237 41 collective

94 1181 81 44 des
209 1185 181 39 nations
425 1179 60 42 du
516 1199 29 24 n
553 1178 82 43 ord
682 1179 103 53 (2).

155 1255 56 43 Et
251 1258 118 41 voici
411 1253 108 52 déjà
560 1270 87 27 une
687 1253 263 50 suggestion
992 1250 57 42 de
1093 1248 175 43 l'utilité

94 1319 57 43 de
183 1318 42 42 la
256 1319 313 42 constatation
604 1315 56 42 de
691 1315 109 44 Paul
835 1315 218 42 Dermée:
1087 1312 159 42 l'ensei-

94 1390 230 43 gnement.
359 1380 64 42 Ce
454 1379 116 43 n'est
604 1395 82 33 pas
717 1376 28 42 d
768 1375 195 53 aujourd
986 1375 74 42 hui
1092 1392 86 33 que
1213 1373 56 41 de

93 1453 187 32 savants
319 1442 230 42 biocrates
599 1441 176 50 (même
816 1439 146 50 latins,
1007 1455 180 24 comme
1230 1435 39 41 le

94 1506 40 43 D
142 1515 13 16 r
189 1505 256 52 Toulouse)
491 1515 74 30 ont
600 1501 209 44 dénoncé
845 1500 328 45 l'insuffisance
1212 1498 58 42 de

99 1587 49 23 ce
198 1570 185 42 fameux
428 1569 345 49 enseignement
817 1564 79 42 des
945 1583 22 25 «
1018 1564 256 42 humanités

97 1633 242 51 classiques
370 1650 38 28 »,
438 1638 255 42 proposant
720 1628 139 51 qu'on
887 1644 173 33 prenne
1084 1643 59 24 un
1173 1625 99 50 plus

97 1693 144 54 grand
296 1696 122 42 souci
475 1693 57 42 de
582 1693 256 41 formation
891 1689 298 51 scientifique,
1247 1690 25 38 à

101 1757 244 50 l'exemple
386 1755 80 42 des
503 1754 189 52 peuples
729 1752 61 42 du
831 1750 130 45 nord.
1007 1752 62 42 La
1107 1750 169 42 culture

101 1820 221 50 classique
359 1836 116 25 nous
510 1835 24 24 a
570 1818 105 41 valu
713 1816 195 42 l'amour
948 1813 59 42 du
1044 1813 230 51 verbiage,

102 1882 57 44 de
197 1881 255 50 l'emphase
491 1891 43 31 et
571 1890 102 41 trop
715 1878 27 42 d
767 1877 210 42 anarchie
1018 1874 232 43 individua-

101 1945 97 42 liste
261 1943 280 54 (politiciens
589 1952 43 32 et
680 1939 282 51 avocats...)
1025 1957 57 33 qu
1104 1940 27 41 il
1182 1938 95 42 faut

100 2009 106 40 bien
237 2008 139 52 qu'on
405 2024 143 33 songe
574 2022 59 24 un
660 2010 103 47 jour
790 2009 24 39 à
844 2023 29 31 y
898 2018 273 35 compenser
1196 2018 81 35 par

105 2070 195 52 quelque
343 2068 158 44 labeur
546 2068 102 48 réel,
697 2084 81 33 par
825 2067 78 41 des
945 2075 133 34 actes.
1127 2062 54 44 Et
1227 2066 51 39 ici

103 2133 260 42 l'influence
396 2133 79 41 des
506 2140 150 35 sports
692 2147 86 33 que
811 2131 261 48 pratiquent
1103 2127 64 44 les
1198 2143 53 24 na-

99 2199 118 40 tions
246 2193 246 52 nordiques
532 2195 118 51 (non
678 2210 115 33 pour
819 2190 41 43 le
890 2190 119 42 désir
1037 2188 238 44 d'exhiber

102 2258 81 42 des
237 2258 329 50 phénomènes,
621 2256 113 40 mais
786 2253 107 43 bien
946 2270 117 33 pour
1114 2250 162 43 établir

102 2321 254 52 l'équilibre
397 2319 79 42 des
519 2321 203 41 activités
762 2319 57 42 de
857 2314 269 53 l'homme),
1170 2317 107 47 pèse

106 2383 109 44 d'un
247 2382 136 52 poids
415 2387 200 38 énorme-

170 2458 126 43 Nous
332 2475 56 25 ne
425 2474 168 24 savons
630 2473 87 32 que
753 2465 119 40 trop,
913 2470 114 26 nous
1064 2451 192 44 architec-

106 2531 79 37 tes,
242 2520 212 42 combien
511 2529 103 32 sont
668 2519 265 49 exceptions
986 2517 61 42 les
1101 2512 157 44 réalisa-

106 2594 118 32 teurs
271 2584 62 42 lat
338 2585 8 26 ;
354 2601 50 22 ns
460 2602 7 23 :
517 2583 60 42 Le
623 2578 246 45 Corbusier
924 2578 174 50 (Suisse
1151 2575 129 43 d'ail-

167 2771 37 42 (1
222 2771 13 42 )
280 2771 153 36 Russes,
475 2770 207 41 peut-être.
726 2765 224 35 Attendons
989 2778 142 21 encore
1171 2763 85 42 quel-

107 2849 74 27 que
216 2848 87 28 peu.
341 2833 71 33 Les
444 2832 154 37 Russes,
635 2830 52 33 dit
721 2830 38 38 P.
799 2829 180 33 Dermée,
1014 2837 87 24 sont
1136 2840 143 20 encore

107 2905 89 33 trop
242 2895 160 35 infestés
448 2891 317 37 d'orientalisme.
810 2891 102 35 Leur
955 2891 153 33 théâtre
1156 2904 32 24 a,
1234 2902 46 20 en

108 2968 83 25 tout
224 2973 75 23 cas,
334 2957 87 42 déjà
452 2957 67 33 fait
554 2955 85 44 plus
671 2970 74 27 que
777 2970 58 20 ses
866 2968 178 29 preuves.
1076 2952 183 35 Architec-

108 3030 86 25 ture
221 3031 37 24 et
286 3023 151 32 cinéma
467 3023 191 30 suivront,
687 3032 89 20 sans
804 3016 142 34 doute}

171 3096 67 42 (2)
270 3093 221 40 D'ailleurs,
517 3094 22 35 il
568 3109 46 18 ne
640 3091 171 35 faudrait
839 3105 67 28 pas
929 3094 115 39 juger
1070 3089 49 35 du
1146 3100 20 23 «
1194 3102 90 20 sens

109 3157 189 36 moderne
341 3170 19 22 »
404 3159 66 33 des
513 3154 162 44 peuples
722 3154 212 42 nordiques
978 3152 306 35 exclusivement

109 3222 22 33 cî
151 3224 114 39 pprès
301 3236 42 19 ce
383 3223 64 39 qui
484 3219 141 38 s'écrit,
666 3220 36 32 ni
736 3220 126 32 même
901 3217 155 40 d'après
1093 3230 41 18 ce
1171 3229 50 27 qu
1240 3214 44 34 ils

115 3283 195 35 réalisent.
354 3283 25 34 Il
425 3291 55 25 est
524 3280 290 43 indispensable
861 3279 152 34 d'avoir
1055 3281 96 30 vécu
1194 3277 93 33 chez

113 3362 87 23 eux,
245 3357 36 24 et
322 3346 151 34 d'avoir
515 3348 78 38 pris
639 3352 87 33 part
767 3346 20 30 à
832 3342 84 35 leur
958 3342 156 34 activité
1160 3342 105 40 quoti-

113 3411 167 33 dienne..
314 3408 118 35 Vivre
464 3408 92 33 chez
584 3406 55 34 les
671 3406 115 33 latins
817 3406 150 34 ensuite
1000 3413 36 25 et
1067 3416 219 28 comparer.

1412 358 162 52 leurs),
1629 360 174 50 Lurçat,
1860 359 207 51 Garnier,
2117 367 43 31 et
2206 358 62 42 les
2317 362 166 37 nôtres.
2534 356 53 43 Et

1411 421 214 42 combien
1665 431 65 32 est
1773 424 219 47 prospère
2030 419 331 43 l'architecture
2401 422 186 39 vivante

1412 503 55 24 en
1501 484 289 52 Allemagne,
1826 501 54 25 en
1913 484 161 48 Suisse,
2110 500 55 24 en
2199 482 247 43 Hollande.

1482 574 126 43 Nous
1651 575 240 48 pourrions
1937 572 195 51 préciser
2179 579 130 33 notre
2356 572 128 48 point
2529 568 58 41 de

1413 654 87 24 vue
1541 636 318 42 d'architectes
1898 652 54 23 en
1992 632 150 42 disant
2184 651 86 32 que
2309 633 61 42 les
2410 635 177 38 nations

1413 717 92 24 non
1536 699 159 42 latines
1720 708 103 32 sont
1849 698 258 41 infiniment
2134 696 100 53 plus
2260 704 212 34 ouvertes
2502 712 85 25 aux

1414 762 284 42 réalisations
1768 760 252 42 traduisant
2091 760 172 49 l'esprit
2333 757 56 41 de
2458 767 129 31 notre

1414 836 161 39 temps,
1611 842 85 33 que
1731 825 61 42 les
1823 822 175 51 publics
2030 821 58 43 de
2120 823 185 48 France,
2339 820 27 43 d
2392 819 122 43 Italie
2545 829 42 34 et

1414 889 58 42 de
1505 889 230 50 Belgique.
1771 888 163 49 Voyez
1967 902 164 25 encore
2166 903 47 23 ce
2248 901 85 33 que
2371 882 216 42 déclarait

1413 956 25 38 à
1467 968 174 35 propos
1668 951 60 42 du
1758 965 222 27 concours
2008 948 56 41 de
2091 949 192 41 Genève
2312 946 275 42 l'architecte

1414 1014 98 41 Ivar
1559 1012 257 51 Tengbom,
1870 1010 193 51 délégué
2114 1009 57 42 de
2223 1008 162 44 Suède.
2438 1009 53 42 Et
2538 1023 49 26 ce

1414 1093 223 24 concours
1693 1078 163 46 même,
1915 1091 54 23 en
2023 1091 83 23 son
2162 1076 115 37 issue
2331 1082 65 33 est
2458 1071 129 51 (lisez

1415 1139 61 42 M.
1520 1140 165 50 Nénot,
1725 1138 39 40 le
1800 1137 209 53 glorieux
2044 1135 298 51 vainqueur),
2383 1152 82 31 par
2504 1150 83 24 son

1416 1205 227 38 caractère
1684 1200 234 51 politique,
1959 1211 43 31 et
2042 1216 82 33 par
2165 1200 39 40 le
2243 1199 134 42 choix
2413 1199 155 38 mémo

1417 1264 124 41 rable
1583 1266 56 40 de
1683 1282 21 24 «
1748 1263 242 49 classiques
2037 1280 38 30 »,
2120 1279 86 24 une
2246 1278 171 32 preuve
2460 1277 102 24 acca-

1415 1326 156 43 blante
1603 1324 57 43 de
1693 1325 99 50 plus
1822 1334 156 34 contre
2009 1324 170 51 l'esprit
2209 1324 128 42 latin!

2383 1410 46 44 E.
2464 1410 55 43 H.

1402 1643 1219 147 PIEPPE

1346 1805 574 112 AfTlf
1925 1795 722 122 ICItILt

1352 3221 737 76 ï/MUAIiA/tt
2238 3219 426 78 PIEJEBL

1352 3308 99 76 E>

1590 3394 33 29 M
1643 3393 34 30 ■
1699 3391 38 32 J
1760 3391 39 32 .1

2418 3393 85 32 71
2537 3400 112 24 EKaO!?
