2804 3921
2575 3571 69 55 17

225 776 1931 93 ARCHITECTURE-URBANISME-ART
2224 773 408 89 PUBLIC

228 1677 924 135 QUELQUES
1328 1675 1049 112 LOGEMENTS
2549 1677 86 102 A

225 1827 551 104 VIENNE
901 1822 551 107 DEPUIS
1571 1825 333 104 1923

230 2042 85 55 La
355 2041 136 56 ville
533 2041 72 56 de
649 2041 253 63 Vienne,
935 2042 102 71 qui
1077 2064 35 30 a
1140 2065 80 29 vu
1251 2041 187 71 siéger
1477 2038 149 56 dans
1670 2062 91 31 ses
1804 2062 159 31 murs
2006 2037 51 54 le
2087 2037 234 56 dernier
2365 2037 273 72 Congrès

229 2127 422 57 International
695 2126 71 57 de
809 2126 399 57 l'Habitation
1239 2141 56 41 et
1322 2124 73 58 de
1432 2126 509 72 l'Aménagement
1982 2124 102 56 des
2130 2124 210 64 Villes,
2385 2122 253 74 possède

226 2239 112 32 une
369 2213 351 58 civilisation
752 2238 99 49 qui
884 2238 60 30 se
974 2212 145 74 perd
1151 2212 150 56 dans
1330 2212 56 56 la
1418 2226 123 41 nuit
1569 2211 103 56 des
1702 2226 207 57 temps.

229 2300 157 72 Déjà
416 2324 137 33 sous
590 2300 348 73 l'empereur
972 2302 225 54 romain
1236 2297 252 66 Claude,
1519 2297 83 56 les
1640 2298 221 73 légions
1891 2301 339 70 campèrent
2261 2321 99 32 sur
2391 2323 101 30 son
2528 2323 74 30 em-

226 2386 327 72 placement
587 2386 208 65 actuel,
835 2401 56 40 et
922 2412 46 48 y
1011 2389 289 69 érigèrent
1330 2384 48 55 le
1424 2384 203 57 Castel
1670 2384 383 64 Vmdobona,
2086 2384 233 72 d'après
2357 2384 190 73 lequel
2589 2385 51 54 la

226 2474 108 53 cité
381 2478 85 50 fut
516 2475 281 53 nommée.
850 2472 84 55 Le
982 2497 136 31 nom
1165 2471 72 56 de
1286 2472 237 54 Vienne
1578 2476 275 68 apparaît
1903 2494 152 48 pour
2100 2469 57 56 la
2204 2474 286 68 première
2530 2474 109 52 lois

226 2556 146 57 dans
402 2556 82 57 les
515 2559 357 72 chroniques
901 2558 71 57 de
1002 2558 33 54 1'
1044 2583 73 30 an
1147 2558 170 55 mille.

230 2643 121 57 Son
375 2644 495 75 développement
893 2646 212 55 urbain
1131 2669 31 31 a
1188 2648 87 51 été
1303 2645 312 55 Fortement
1644 2646 241 53 entravé
1916 2667 107 49 par
2046 2643 51 54 le
2121 2644 106 53 fait
2257 2668 113 48 que
2402 2644 237 55 Vienne

228 2746 85 39 est
352 2734 188 52 restée
599 2732 312 55 forteresse
962 2730 236 75 jusqu'à
1251 2754 112 31 une
1419 2733 231 70 époque
1702 2728 407 56 relativement
2153 2732 249 52 récente,
2455 2728 184 56 Aussi

229 2815 251 56 fallait-il
516 2820 329 54 construire
879 2842 69 31 en
985 2818 269 63 hauteur,
1291 2842 77 31 vu
1406 2841 115 49 que
1560 2815 253 73 l'espace
1849 2819 331 52 nécessaire
2210 2819 34 51 à
2274 2814 12 55 1
2314 2839 322 49 expansion

228 2900 71 58 de
329 2902 55 57 la
413 2904 250 73 capitale
694 2906 199 54 faisait
921 2904 234 64 défaut;
1185 2903 40 56 il
1245 2930 47 48 y
1321 2928 31 31 a
1386 2902 394 57 soixante-dix
1809 2927 105 31 ans
1946 2927 75 32 on
2044 2928 44 49 y
2119 2902 213 56 élevait
2373 2902 132 71 déjà
2535 2902 104 55 des

227 2992 255 53 maisons
513 2989 72 56 de
616 2994 87 53 six
732 2996 215 68 étages.

230 3072 88 56 Ce
348 3097 71 30 ne
450 3073 89 55 fut
568 3099 113 48 que
712 3099 134 30 vers
882 3078 136 51 1859
1048 3074 182 73 qu'un
1260 3073 201 57 décret
1488 3074 264 75 impérial
1785 3078 259 54 autorisa
2069 3076 51 54 le
2150 3076 490 56 démantèlement

228 3156 103 57 des
361 3182 158 32 murs
555 3158 342 68 d'enceinte,
935 3162 150 53 ainsi
1121 3184 114 49 que
1272 3161 104 56 des
1416 3162 267 57 bastions
1721 3179 56 39 et
1804 3163 430 56 fortifications.
2277 3163 129 56 Dès
2436 3162 118 55 lors
2586 3162 53 55 la

228 3243 134 56 ville
406 3243 279 59 moderne
717 3261 105 59 put
853 3247 288 56 s'étendre
1183 3247 371 74 rapidement
1583 3275 70 29 en
1683 3248 216 58 dehors
1930 3248 71 56 de
2034 3273 90 30 ses
2154 3248 210 55 limites
2407 3273 198 30 ancien-

229 3354 100 32 nes
372 3355 152 48 pour
564 3331 244 57 devenir
850 3359 112 30 une
1005 3334 103 55 des
1151 3337 141 54 cités
1335 3336 83 55 les
1461 3336 132 71 plus
1636 3339 269 52 vivantes
1949 3350 54 39 et
2045 3335 80 54 les
2168 3335 134 73 plus
2344 3335 181 54 belles
2568 3335 71 54 de

229 3416 283 75 l'Europe
545 3419 300 57 Centrale.

225 966 325 94 ANNÉE
601 984 211 74 1928
1178 981 398 77 VOLUME
1622 984 104 71 VII
2115 961 416 92 NUMÉRO
2582 981 48 72 2
