3576 4391
1740 122 107 52 399

324 254 94 49 Das
447 256 121 47 Blatt
593 254 202 50 schliesst
822 256 80 49 mit
932 257 305 66 Folgendem:
1292 259 140 56 „Zum
1461 259 211 50 Schlüsse
1702 262 53 48 ist

236 332 155 47 Herrn
421 332 175 48 Otten
620 332 132 49 Dank
781 351 54 29 zu
864 351 138 47 sagen
1033 334 43 49 in
1100 336 343 64 Anerkennung
1472 337 76 48 des
1571 355 186 47 grossen

239 407 93 47 und
371 408 282 65 mühseligen
684 410 379 58 Unternehmens,
1109 412 103 48 dem
1255 428 50 32 er
1345 413 90 47 sich
1482 422 275 56 unterzogen

238 483 142 57 hatte,
419 501 77 31 um
536 502 83 30 uns
662 485 81 47 mit
786 485 146 49 dieser
974 488 272 65 gewaltigen
1278 489 354 66 Tonschöpfung
1679 490 51 49 be-

240 558 140 49 kannt
405 577 56 30 zu
489 560 205 50 machen.
724 563 114 47 Dass
869 562 96 49 hier
996 564 112 47 über
1137 564 71 48 die
1237 565 181 65 Mängel
1447 565 81 49 der
1556 567 171 48 Auffüh-

235 650 121 51 rung
385 638 122 48 Alles
550 638 79 47 frei
675 638 327 66 herausgesagt
1030 640 175 57 wurde,
1246 642 113 48 wird
1402 659 51 31 er
1493 643 264 49 hoffentlich

234 713 123 48 nicht
384 729 236 48 verargen.
677 714 332 66 Complimente
1039 734 73 31 um
1146 717 136 64 jeden
1311 719 127 48 Preis
1467 738 52 29 zu
1550 722 207 55 machen,

230 788 55 49 ist
313 789 122 48 nicht
463 790 193 57 schwer,
695 791 113 49 aber
849 794 115 47 auch
1007 793 122 48 nicht
1156 794 104 48 sehr
1289 797 235 64 anständig
1570 798 89 47 und
1684 798 46 65 je-

236 864 190 51 denfalls
469 866 296 68 überflüssig;
809 870 123 47 seine
982 870 364 66 Ueberzeugung
1401 874 357 65 auszusprechen

238 940 113 51 aber
385 943 55 48 ist
478 944 99 48 eine
619 945 405 64 Notwendigkeit
1066 948 167 48 diesem
1274 949 178 49 Werke
1493 950 265 65 gegenüber

238 1019 92 48 und
360 1020 115 48 auch
504 1021 223 49 vielleicht
755 1023 266 64 gegenüber
1049 1023 286 67 demjenigen
1366 1026 158 50 Theile
1553 1028 80 48 der
1665 1029 60 47 Zu-

236 1095 155 58 hörer,
435 1098 195 48 welcher
673 1098 70 49 bei
786 1098 102 49 dem
930 1100 155 50 besten
1117 1101 172 50 Willen
1330 1103 93 48 sich
1454 1103 65 48 bis
1542 1104 111 65 jetzt
1682 1105 76 48 für

234 1172 71 49 die
336 1174 383 49 Beethoven'sche
747 1176 146 49 Messe
934 1178 117 48 noch
1094 1178 123 48 nicht
1255 1179 43 48 in
1336 1179 103 49 dem
1470 1181 176 49 Maasse
1677 1181 52 49 be-

233 1250 198 63 geistern
461 1250 184 57 konnte,
675 1252 63 49 als
761 1252 72 50 die
859 1254 202 49 Urtheile
1084 1254 81 49 der
1185 1255 435 69 Sachverständigen
1644 1258 114 49 über

230 1325 200 51 dieselbe
457 1327 122 51 seine
607 1330 342 66 Erwartungen
979 1331 119 50 hoch
1128 1340 222 59 gespannt

530 1561 183 71 Tages-
753 1561 708 55 und
1461 1561 1 71 Unterhaltungs-Blatt.

307 1683 178 38 Köln*
539 1683 72 35 Die
637 1684 176 35 zweite
841 1684 164 37 Soiree
1033 1686 83 37 für
1143 1687 393 36 Kammermusik
1563 1690 51 34 im
1640 1690 118 35 Hotel

229 1744 121 36 Disch
393 1755 61 23 am
482 1742 60 37 10.
570 1744 37 35 d.
636 1744 88 36 Mts.
768 1756 79 24 war
887 1748 171 33 äusserst
1104 1747 189 35 zahlreich
1335 1747 163 37 besucht
1538 1750 77 34 und
1656 1750 104 36 hatte

231 1806 120 35 durch
381 1804 60 35 die
469 1804 399 47 Zusammenstellung
906 1806 65 35 der
1011 1806 79 35 drei
1122 1808 271 46 Hauptwerke,
1440 1809 140 35 welche
1608 1822 47 23 an
1684 1811 57 35 die-

231 1878 79 24 sem
337 1865 157 37 Abende
525 1865 223 47 vorgeführt
776 1866 178 36 wurden:
997 1867 310 37 Schumann's
1353 1869 230 43 Quartett
1626 1872 39 33 in
1706 1871 26 34 A-

230 1927 100 44 molly
376 1926 71 47 Op*
474 1925 46 36 41
553 1927 63 35 Nr.
713 1926 284 36 Beethoven
1020 1939 17 24 s
1075 1927 285 38 Ciavier-Tr
1371 1942 11 22 l
1395 1941 20 24 o
1449 1942 38 23 in
1687 1930 71 48 Op.

231 1984 49 38 97
323 1985 75 46 (die
436 1985 300 37 Clavier-Partie
777 1988 166 44 gespielt
985 1998 74 25 von
1087 1989 122 35 Herrn
1252 1989 260 47 Smetana),
1557 1992 78 34 und
1662 1992 64 36 Mo-

229 2046 149 37 zart's
420 2046 231 44 Quintett
690 2048 39 34 in
769 2046 152 49 G-moll,
972 2050 68 44 Op.
1070 2048 172 38 divinum
1269 2062 86 24 vom
1386 2050 59 39 16,
1474 2052 79 34 Mai
1584 2051 96 39 1787

229 2108 60 34 ein
318 2119 42 24 so
388 2107 386 37 ausserordentliches
799 2109 203 45 Interesse,
1046 2110 88 35 dass
1173 2112 69 35 wir
1281 2112 60 35 ihr
1385 2113 38 34 in
1465 2112 66 35 der
1567 2113 185 36 nächsten

230 2167 181 37 Nummer
439 2168 106 34 einen
574 2168 232 35 besonderen
835 2169 150 35 Artikel
1014 2170 160 35 widmen
1202 2173 162 36 werden.

308 2228 71 35 Die
404 2239 99 25 neue
531 2227 148 47 Orgel
720 2229 38 35 in
797 2229 65 36 der
889 2230 159 35 zweiten
1075 2231 144 35 Kirche
1260 2231 66 36 der
1366 2231 292 47 evangelischen
1687 2231 48 36 Ge-

229 2288 148 36 meinde
405 2288 379 48 (Trinitatiskirche),
821 2291 337 47 hervorgegangen
1183 2304 71 24 aus
1280 2293 64 37 der
1371 2292 224 35 berühmten
1623 2292 109 36 Werk-

229 2352 93 32 statt
350 2360 72 24 von
452 2348 154 37 Ibach
636 2349 161 35 Söhne
831 2352 38 32 in
898 2351 172 44 Barmen,
1101 2352 129 35 wurde
1258 2364 59 22 am
1346 2364 267 35 vergangenen
1640 2352 96 35 Sonn-

228 2414 90 41 tage
347 2409 267 46 Nachmittags
657 2410 121 35 einem
817 2410 152 35 kleinen
997 2412 136 34 Kreise
1178 2424 71 23 von
1279 2413 177 35 Kennern
1499 2413 78 35 und
1610 2413 125 35 Musik-

231 2469 185 36 freunden
464 2470 122 35 durch
614 2469 123 37 Herrn
778 2471 278 36 Ferdinand
1096 2474 264 45 Breunung
1399 2474 233 47 vorgeführt.
1687 2475 72 34 Die

229 2530 368 35 ausserordentliche
632 2531 228 35 Virtuosität
902 2532 199 36 desselben
1144 2533 56 35 als
1242 2533 257 47 Orgelspieler
1537 2541 120 29 setzte
1698 2535 60 35 die

228 2589 184 47 Zuhörer,
457 2591 120 35 denen
619 2592 289 44 grösstenteils
953 2593 102 35 diese
1082 2593 452 48 Künstler-Eigenschaft
1561 2595 66 36 des
1658 2596 80 35 Diri-

226 2655 143 42 genten
397 2650 66 36 des
486 2651 238 36 städtischen
745 2652 242 46 Singvereins
1016 2653 77 36 und
1123 2655 65 34 des
1218 2654 223 36 Orchesters
1470 2655 66 36 der
1562 2656 174 35 musicali-

227 2712 117 35 schen
375 2712 258 36 Gesellschaft
660 2712 221 36 unbekannt
910 2725 90 35 war,
1029 2714 119 36 durch
1179 2714 59 35 die
1267 2716 284 35 meisterhaften
1573 2717 183 46 Vorträge

226 2784 76 24 von
329 2773 134 46 Fugen
492 2785 73 23 von
594 2773 116 44 Bach,
740 2773 164 36 Sonaten
933 2786 72 23 von
1035 2774 272 36 Mendelssohn
1338 2787 37 26 u.
1405 2787 28 25 s.
1464 2789 44 24 w.
1537 2777 38 34 in
1599 2777 135 35 Erstau-

225 2843 86 26 nen.
365 2834 79 34 Das
482 2833 221 47 Orgelwerk
809 2833 66 36 das
905 2834 132 36 dürfen
1067 2836 78 44 wir,
1187 2835 150 36 obwohl
1377 2835 65 36 der
1481 2836 172 36 Erbauer
1696 2836 59 36 die

226 2892 115 36 letzte
361 2892 114 35 Hand
502 2894 95 34 noch
624 2894 107 34 nicht
749 2893 114 36 daran
883 2895 139 46 gelegt,
1052 2894 117 36 schon
1185 2895 98 45 jetzt
1303 2896 254 46 aussprechen
1647 2896 105 44 wird,

223 2953 127 35 zumal
379 2965 108 23 wenn
515 2965 38 23 es
583 2965 74 24 von
685 2965 42 24 so
754 2954 246 46 geschickten
1028 2956 164 35 Händen
1219 2957 70 35 wie
1325 2968 60 23 am
1414 2957 172 48 Sonntag
1613 2957 117 36 behan-

223 3012 77 36 delt
329 3014 105 45 wird,
463 3014 81 36 eine
572 3014 135 36 Zierde
736 3015 65 35 der
827 3016 144 36 Kirche
996 3017 77 36 und
1102 3017 65 36 der
1195 3017 109 35 Stadt
1332 3017 103 36 Köln
1464 3019 96 36 sein.

891 3097 22 4 —

295 3142 47 25 **
370 3145 279 37 Barmen.
692 3147 79 34 Das
801 3148 172 34 zweite
1002 3147 611 38 Abonnements-Concert
1641 3153 111 32 unter

221 3206 167 47 Leitung
417 3207 66 35 des
506 3207 346 37 Musik-Directors
894 3208 102 38 Ant.
1037 3209 193 35 Krause
1275 3208 75 46 (am
1379 3207 61 40 23.
1470 3222 78 25 vor.
1576 3210 172 46 Monats)

219 3266 158 36 brachte
419 3279 68 24 zur
515 3268 214 47 Eröffnung
772 3271 192 33 Mozart
966 3268 8 15 7
988 3281 17 23 s
1046 3269 187 36 herrliche
1263 3269 154 37 G-moll-
1422 3270 179 38 Sinfonie.
1654 3271 99 35 Herr

221 3327 151 36 Krause
399 3332 90 42 trug
517 3328 156 35 hierauf
695 3328 349 37 Mendelssohn
1049 3329 7 15 7
1070 3341 16 24 s
1120 3330 198 46 Capriccio
1346 3330 160 37 brillant
1532 3332 61 35 für
1614 3332 115 36 Piano-

219 3388 97 36 forte
356 3388 78 34 und
463 3388 203 36 Orchester
706 3389 228 36 vortrefflich
977 3402 80 33 vor,
1105 3391 79 35 und
1225 3392 101 35 Frau
1366 3393 67 35 Dr.
1461 3393 179 35 Härtel
1682 3404 70 24 aus

220 3447 159 48 Leipzig
407 3459 97 36 sang
532 3449 124 47 einige
684 3449 149 36 Lieder.
863 3450 78 35 Der
968 3451 131 34 zweite
1118 3450 113 36 Theil
1259 3451 146 47 begann
1433 3453 68 33 mit
1524 3452 64 36 der
1609 3452 120 37 Ouver-

222 3510 85 34 türe
336 3520 47 24 zu
410 3509 201 35 Alladin
640 3521 73 23 von
744 3509 96 37 C/R
854 3510 107 35 eine
975 3511 109 42 cke,
1115 3513 121 34 einem
1257 3511 148 37 hübsch
1427 3513 325 36 instrumentirten

219 3567 314 47 Concertstücke,
577 3569 68 36 das
675 3569 91 36 aber
793 3570 150 36 frühere
972 3570 308 49 Compositionen
1308 3572 222 37 Reinecke's
1557 3573 106 37 nicht
1689 3573 42 40 be-

216 3629 157 37 sonders
402 3630 195 47 überragt.
650 3630 103 36 Frau
781 3631 138 35 Härtel
960 3642 94 36 sang
1096 3631 61 37 die
1199 3632 314 47 Agathen-Scene
1556 3645 69 24 aus
1668 3633 84 36 dem

218 3689 238 40 Freischütz.
509 3692 74 35 Die
622 3691 293 48 gewissenhafte
943 3692 130 35 Kritik
1115 3693 102 36 kann
1261 3705 70 24 aus
1360 3694 213 36 Rücksicht
1599 3695 70 35 auf
1693 3694 59 36 die

219 3749 334 47 achtungswerthe
579 3752 80 34 und
687 3751 317 49 liebenswürdige
1032 3753 123 35 Dame
1181 3765 74 24 nur
1282 3755 125 34 Herrn
1426 3755 324 36 Musik-Director

218 3810 193 37 Reinecke
440 3810 71 37 den
530 3813 180 36 Vorwurf
732 3812 171 45 machen,
935 3813 88 36 dass
1052 3825 40 25 er
1118 3815 56 34 sie
1202 3825 48 24 zu
1277 3814 256 36 Öffentlichem
1550 3815 200 36 Auftreten

218 3870 62 36 bei
307 3883 72 24 uns
406 3872 211 36 veranlasst
644 3873 77 36 hat.
751 3874 93 36 Was
873 3885 39 25 er
940 3873 99 36 dazu
1066 3875 61 36 für
1147 3875 152 36 Gründe
1327 3875 143 47 gehabt
1497 3875 123 36 haben
1646 3887 101 36 mag,

216 3932 52 35 ist
294 3944 73 24 uns
395 3933 247 45 unbekannt;
691 3936 149 47 traurig
880 3934 89 36 aber
1007 3936 52 35 ist
1100 3947 53 32 es,
1199 3948 108 23 wenn
1334 3948 88 24 man
1450 3936 119 36 selbst
1597 3937 70 35 auf
1690 3936 58 36 die

216 3991 305 51 Empfehlungen
550 3994 65 36 der
642 3995 224 47 Dirigenten
894 3995 218 37 berühmter
1132 3996 364 37 Concert-Institute
1515 3997 106 35 nicht
1642 3996 106 37 mehr

217 4052 120 47 geben
356 4054 95 49 darf,
478 4056 58 36 als
565 4056 70 36 auf
659 4057 58 37 die
744 4057 268 47 persönlichen
1033 4057 204 37 Reclamen
1264 4058 38 35 in
1331 4057 199 37 bezahlten
1546 4058 200 46 Zeitungs-

1827 261 207 46 Anzeigen.
2064 261 197 35 Entweder
2289 261 65 35 hat
2382 261 80 35 sich
2491 263 122 34 Herrn
2636 263 217 37 Reinecke's
2874 266 77 35 Ohr
2970 268 75 35 und
3064 269 274 40 Kennerschaft

1828 319 63 36 des
1921 321 195 44 Gesanges
2145 320 209 35 bedeutend
2382 321 191 46 geändert,
2611 322 87 35 oder
2723 336 39 22 er
2790 338 101 22 muss
2996 330 67 34 wie
3091 331 57 33 ein
3178 331 159 47 hiesiges

1830 379 105 36 Blatt
1964 380 172 35 bamerkt
2239 381 319 46 eigenthümliche
2577 382 203 36 Ansichten
2810 386 160 35 darüber
2997 387 133 47 haben,
3161 392 70 34 wie
3254 394 86 33 weit

1828 439 59 36 die
1915 440 130 35 Musik
2074 439 76 35 und
2180 441 64 35 der
2270 442 237 35 Geschmack
2552 442 63 34 bei
2653 454 73 24 uns
2768 447 70 34 seit
2865 447 137 35 seinem
3027 449 214 47 Weggehen
3271 463 42 34 ge-

1830 500 148 34 sunken
2006 500 113 35 seien.
2225 500 101 36 Chor
2354 502 75 34 und
2458 501 202 35 Orchester
2687 503 123 45 gaben
2837 507 80 33 eine
2945 508 103 34 recht
3075 515 89 39 gute
3179 512 138 34 Auffüh-

1827 569 97 37 rung
1952 570 73 24 von
2054 558 166 36 Gade's
2750 564 78 35 und
2856 566 81 34 eine
2971 568 241 46 vorzügliche
3239 571 75 35 Aus-

1828 617 167 46 führung
2034 629 73 24 von
2148 618 307 37 Cherubini's
2505 620 214 37 Ouvertüre
2763 635 47 23 zu
3145 629 193 38 beschloss

1828 676 66 37 das
1924 680 170 35 Concert.

1903 787 47 24 **
1980 788 351 47 Oldenburg,
2380 790 35 38 5.
2443 793 216 37 December.
2714 796 72 34 Am
2814 794 60 39 25.
2904 799 207 36 November
3140 803 88 35 fand
3256 804 81 37 hier

1828 848 59 35 die
1916 855 98 29 erste
2042 850 244 46 Aufführung
2314 850 64 35 der
2406 851 222 47 Hofcapelle
2664 861 108 30 unter
2798 856 165 47 Leitung
3002 859 63 36 des
3093 861 222 47 Hof-Capell-

1828 910 171 34 meisters
2026 910 103 35 Alb.
2157 910 228 37 Dietrich
2427 910 112 46 Statt,
2578 915 40 32 in
2666 915 160 35 welcher
2870 917 101 35 Frau
3009 919 144 36 Clara
3189 922 120 37 Schu-

1829 980 132 23 mann
2007 968 67 35 das
2101 968 322 38 -4-moZZ-Concert
2463 971 100 35 ihres
2592 972 167 45 Mannes,
2801 976 82 35 eine
2919 976 160 38 Gavotte
3120 992 72 23 von
3220 982 115 45 Bach,

1828 1029 189 34 Notturno
2046 1040 73 23 von
2147 1028 143 47 Chopin
2332 1029 79 34 und
2450 1029 135 37 Rondo
2614 1032 223 45 capriccioso
2879 1047 71 25 von
2978 1036 265 40 Mendelssohn
3273 1044 68 36 mit

1827 1087 66 35 der
1921 1087 216 35 bekannten
2166 1088 353 36 unübertrefflichen
2540 1090 284 36 Meisterschaft
2850 1100 108 31 unter
2987 1100 80 33 dem
3096 1099 246 38 lebhaftesten

1827 1146 139 35 Beifall
1995 1147 146 46 spielte.
2189 1149 78 34 Das
2296 1149 331 38 Clavier-Concert
2656 1164 72 23 von
2759 1154 214 38 Schumann
3002 1171 74 23 war
3105 1160 81 36 dem
3213 1164 110 35 Publi-

1828 1216 87 24 cum
1943 1207 96 34 noch
2070 1206 233 45 unbekannt,
2331 1209 89 34 fand
2449 1209 87 37 aber
2564 1211 76 34 und
2669 1213 196 47 trotzdem,
2888 1215 85 36 dass
3001 1217 120 36 dieses
3149 1222 95 34 noch
3271 1235 49 24 we-

1828 1265 66 45 nig
1922 1265 324 37 Schumann'sche
2279 1267 418 38 Instrumental-Musik
2736 1272 134 45 gehört
2910 1275 77 44 hat,
3029 1276 163 38 lebhafte
3218 1281 106 37 Theil-

1828 1325 136 36 nahme
1992 1326 78 35 und
2099 1338 154 34 grossen
2280 1328 149 38 Beifall.
2456 1330 198 36 Zwischen
2684 1332 69 35 den
2782 1334 210 47 Vorträgen
3021 1336 64 36 der
3105 1338 101 36 Frau
3227 1340 95 36 Schu-

1830 1396 113 23 mann
1972 1389 89 43 trug
2088 1387 98 35 Herr
2213 1385 303 49 Capellmusiker
2542 1390 175 38 Müller
2754 1394 50 35 11.
2846 1396 82 34 eine
2967 1396 130 47 Elegie
3138 1399 60 36 für
3226 1401 100 37 Clari-

1832 1449 102 31 nette
1962 1446 68 34 mit
2058 1445 200 37 Orchester
2286 1458 72 25 von
2386 1448 43 36 L.
2458 1450 127 47 Pape
2614 1453 381 38 anerkennenswerth
3023 1458 76 34 und
3129 1463 108 33 unter
3260 1462 63 35 Bei-

1830 1505 70 35 fall
1936 1517 78 24 vor.
2067 1505 73 37 Die
2169 1506 423 50 Orchester-Vorträge:
2635 1512 299 38 Mendelssohn's
2975 1516 250 40 Meeresstille
3267 1523 75 34 und

1829 1566 220 46 glückliche
2084 1568 130 43 Fahrt,
2260 1568 59 35 die
2347 1568 522 49 Abencerragen-Ouverture
2911 1589 74 24 von
3024 1578 203 37 Cherubini
3267 1584 78 34 und

1830 1627 249 35 Beethoven's
2113 1627 331 46 J3-c?w-Sinfonie,
2491 1633 151 33 wurden
2689 1634 72 35 alle
2803 1647 95 34 ganz
2940 1638 226 36 vortrefflich
3208 1653 114 36 ausge-

1830 1686 104 36 führt
1962 1687 77 35 und
2068 1689 148 44 zeigten
2243 1687 59 36 die
2330 1688 239 37 erheblichen
2599 1692 257 48 Fortschritte,
2886 1697 141 35 welche
3057 1698 66 35 das
3145 1699 201 40 Orchester

1830 1752 113 31 unter
1985 1748 64 36 der
2093 1749 254 46 umsichtigen
2390 1751 79 33 und
2509 1751 199 47 tüchtigen
2737 1755 162 47 Leitung
2937 1757 62 35 des
3027 1759 122 35 Herrn
3174 1761 170 38 Dietrich

1830 1808 137 35 bereits
2011 1809 177 45 gemacht
2230 1809 77 35 hat.
2413 1815 72 29 Am
2513 1811 36 36 4.
2578 1813 209 36 December
2827 1817 116 45 folgte
2983 1819 82 34 eine
3100 1822 244 47 Aufführung

1830 1878 70 25 von
1928 1867 304 37 Mendelssohn's
2533 1872 117 35 durch
2695 1874 69 35 den
2796 1876 219 46 Singverein
3052 1881 78 34 und
3171 1882 58 35 die
3255 1884 69 35 Hof-

1832 1928 158 46 capelle,
2031 1928 184 36 ebenfalls
2256 1933 112 32 unter
2408 1931 165 47 Leitung
2609 1932 64 36 des
2703 1935 301 46 Capellmeisters
3033 1940 182 39 Dietrich.
3269 1945 77 35 Das

1827 1989 187 35 herrliche
2043 1989 126 45 Werk,
2197 1991 39 33 in
2263 1991 101 34 einer
2387 1991 125 36 Weise
2533 1992 234 47 dargestellt,
2799 1998 68 33 wie
2899 2010 86 23 man
3013 2011 38 23 es
3082 2001 59 35 bei
3166 2002 70 37 den
3258 2004 67 35 Mit-

1830 2052 77 34 teln
1934 2053 101 34 einer
2063 2051 152 36 kleinen
2243 2053 186 35 Residenz
2470 2066 73 24 nur
2586 2057 203 46 verlangen
2829 2060 113 44 kann,
2988 2063 147 36 machte
3170 2067 71 33 auf
3276 2067 69 35 das

1830 2112 214 37 zahlreiche
2070 2113 201 35 Publicum
2300 2114 147 45 wieder,
2477 2116 68 35 wie
2571 2117 141 45 immer,
2740 2119 71 35 den
2841 2121 150 35 tiefsten
3018 2123 207 38 Eindruck.
3274 2127 72 36 Die

1829 2172 123 36 Chöre
1979 2184 126 24 waren
2132 2173 86 35 sehr
2246 2177 70 42 gut
2343 2175 199 35 einstudirt
2582 2177 76 34 und
2702 2179 153 34 wurden
2895 2181 116 35 schön
3052 2185 173 35 nuancirt
3267 2187 78 35 und

1830 2233 263 46 schwungvoll
2121 2234 68 33 mit
2216 2234 134 34 vielem
2373 2234 80 35 Ton
2473 2240 258 43 vorgetragen.
2763 2240 78 33 Das
2863 2239 202 38 Orchester
3092 2244 126 35 führte
3246 2246 102 35 seine

1830 2295 222 45 schwierige
2079 2293 176 46 Aufgabe
2281 2295 108 33 nicht
2415 2295 144 36 minder
2585 2298 151 45 tüchtig
2765 2310 81 32 aus,
2891 2300 77 34 und
3011 2300 59 36 die
3097 2302 78 36 Soli
3224 2316 124 24 waren

1830 2354 118 35 durch
1969 2354 102 35 Frau
2099 2353 278 35 Katharina
2404 2354 157 47 Engel
2588 2356 77 35 uud
2695 2358 121 46 einige
2837 2359 235 37 Dilettanten
3099 2362 88 35 sehr
3214 2363 114 38 befrie-

1832 2415 136 47 digend
1999 2419 201 41 vertreten,
2247 2426 74 23 von
2364 2414 121 36 denen
2527 2417 60 34 ein
2616 2417 158 37 Schüler
2799 2419 251 37 Reinthaler's
3080 2434 68 24 aus
3176 2424 169 49 Bremen,

1830 2477 59 34 ein
1907 2477 140 46 junger
2065 2476 231 44 Kaufmann,
2324 2475 98 36 Herr
2449 2476 203 48 Natorp,
2684 2478 117 36 durch
2830 2480 101 35 seine
2949 2481 200 48 prächtige
3174 2483 170 49 Stimme,

1828 2545 117 37 guten
1976 2537 153 45 Gesang
2155 2536 75 35 und
2259 2537 277 46 verständigen,
2565 2539 274 46 empfundenen
2858 2541 162 48 Vortrag
3043 2542 63 37 der
3126 2544 126 38 Partie
3281 2545 65 37 des

1828 2597 146 35 Paulus
2003 2596 204 36 besonders
2236 2596 137 37 auffiel.

1903 2721 82 35 Aus
2014 2721 131 35 Wien
2173 2732 84 24 vom
2280 2720 35 36 2.
2333 2722 206 36 December
2560 2723 164 36 sehreibt
2753 2736 84 24 man
2867 2737 93 26 uns:
2994 2728 88 35 ..Ich
3105 2729 103 36 freue
3231 2732 113 47 mich,

1827 2782 116 35 Ihnen
1971 2782 147 35 melden
2147 2793 47 22 zu
2222 2782 163 44 können,
2418 2783 85 35 dass
2529 2785 37 33 in
2595 2784 82 35 dem
2706 2787 189 44 gestrigen
2915 2786 180 38 Concerte
3117 2789 64 37 des
3197 2791 123 36 Musik-

1827 2847 147 33 vereins
2002 2844 52 34 im
2082 2855 158 34 grossen
2266 2843 312 45 Redoutensaale,
2606 2849 109 31 unter
2742 2847 64 34 der
2834 2848 193 35 Direction
3057 2850 153 37 Herbe
3224 2853 118 42 ck's,

1825 2905 42 36 F.
1897 2905 102 35 Hill
2014 2904 88 35 er's
2436 2907 67 32 mit
2531 2907 256 35 ausnehmend
2815 2911 216 45 günstigem
3058 2911 166 47 Erfolge,
3272 2914 70 35 wie

1826 2976 39 24 er
1891 2965 254 45 Neuigkeiten
2186 2965 121 35 selten
2349 2977 47 23 zu
2437 2967 108 34 Theil
2588 2968 103 44 wird,
2735 2981 67 22 zur
2829 2969 243 49 Aufführung
3110 2973 235 46 gekommen.

1825 3025 102 35 Frau
1957 3026 465 45 Dustmann-Meyer
2449 3038 78 23 war
2554 3028 81 34 eine
2662 3029 235 45 prachtvolle

1902 3085 113 35 Diese
2044 3085 248 46 Mittheilung
2337 3086 212 46 bestätigen
2592 3087 214 36 öffentliche
2835 3089 145 36 Blätter
3006 3101 87 25 vom
3124 3091 35 37 2.
3189 3092 34 36 d.
3253 3092 91 36 Mts.

1825 3146 40 38 Z.
1886 3145 65 37 B.:
1984 3144 409 48 „Charakteristisches
2411 3146 127 35 Leben
2566 3148 76 34 und
2670 3149 211 45 poetischer
2900 3151 204 35 Ausdruck
3132 3152 126 35 bilden
3288 3153 59 35 die

1824 3205 173 47 Vorzüge
2026 3205 65 35 der
2119 3205 165 36 schönen
2315 3205 256 48 Composition
2599 3208 64 35 der
2679 3209 159 44 Lorelei,
2868 3211 59 34 die
2953 3222 74 25 uns
3056 3212 67 35 mit
3151 3212 80 36 dem
3260 3224 64 24 aus-

1824 3267 267 44 gezeichneten
2132 3266 238 36 rheinischen
2399 3268 232 35 Tondichter
2677 3269 167 35 bekannt
3169 3273 108 34 Auch
3304 3274 39 34 in

1825 3327 64 35 der
2131 3330 100 44 (vom
2256 3327 36 38 6.
2322 3328 35 37 d.
2387 3327 103 48 Mts.)
2517 3332 85 43 sagt
2634 3330 78 38 Ed.
2740 3330 61 44 H.,
2830 3330 185 37 nachdem
3035 3344 37 23 er
3093 3332 66 35 das
3183 3332 160 36 Gedicht

1824 3391 117 30 etwas
1983 3387 133 35 scharf
2153 3388 55 34 als
2257 3400 91 35 „aus
2378 3388 64 35 der
2471 3388 130 36 Classe
2630 3389 65 35 der
2722 3390 199 46 eleganten
2951 3391 389 49 Goldschnitt-Lyrik,

1825 3447 142 36 welche
1995 3447 59 35 die
2082 3448 205 35 Romantik
2317 3450 61 33 für
2406 3448 69 37 den
2500 3449 115 36 Salon
2642 3451 157 34 zurecht
3017 3451 217 37 bezeichnet
3262 3455 78 47 hat,

1820 3508 140 46 jedoch
1999 3508 214 47 hinzufügt,
2256 3508 89 36 dass
2391 3520 62 36 „es
2491 3509 66 36 der
2584 3511 291 35 musicalischen
2903 3511 204 36 Phantasie
3135 3512 205 48 allerdings

1823 3569 180 47 günstige
2030 3569 237 36 Situationen
2296 3570 98 35 biete
2424 3569 80 48 [das
2533 3572 51 33 ist
2613 3571 94 36 doch
2737 3583 58 23 am
2822 3572 101 35 Ende
2953 3572 58 35 die
3038 3573 301 48 Hauptsache!],

1825 3629 139 35 welche
1991 3629 124 35 Hiller
2143 3629 99 35 wohl
2271 3641 49 23 zu
2347 3629 236 37 verwerthen
2938 3632 193 35 weiterhin
3160 3633 94 35 über
3283 3633 59 36 die

1822 3691 264 46 Aufführung:
2120 3691 89 47 „Als
2238 3692 233 47 geistvoller,
2501 3692 305 47 hochgebildeter
2834 3691 227 47 Componist,
3099 3694 57 35 als
3185 3694 157 37 Meister

1823 3751 65 37 der
1914 3752 175 35 Technik
2119 3752 64 36 hat
2211 3753 80 34 sich
2312 3752 124 36 Hiller
2463 3753 97 35 auch
2588 3754 37 33 in
2654 3753 63 34 der
2738 3752 147 36 Lorelei
2913 3752 188 46 bewährt;
3126 3755 67 34 das
3210 3755 37 34 W
3248 3755 10 11 T
3262 3755 76 46 erk,

1823 3813 150 36 obwohl
2002 3812 122 36 weder
2152 3815 212 45 grossartig
2399 3814 55 35 als
2484 3813 160 43 Ganzes,
2687 3813 95 36 noch
2825 3813 243 37 unmittelbar
3109 3814 233 36 hinreissend

1821 3874 51 34 im
1900 3873 218 45 Einzelnen,
2164 3873 113 35 wirkt
2314 3873 96 36 doch
2451 3872 259 46 überwiegend
2749 3874 224 34 interessant
3014 3875 77 35 und
3119 3876 221 36 anziehend.

1820 3934 124 36 Hiller
1972 3934 125 35 durfte
2124 3934 60 35 für
2212 3934 127 35 seinen
2367 3933 136 36 Zweck
2532 3933 58 35 die
2618 3932 324 47 mannigfachsten
2961 3935 124 35 Mittel
3114 3936 64 35 der
3196 3937 121 47 Klang-

1819 3993 179 47 färbung,
2042 3993 64 36 des
2148 3993 218 47 Rhythmus
2406 3993 77 35 und
2523 3994 64 35 der
2623 3993 235 35 Tonmalerei
2901 3994 107 35 nicht
3052 3997 286 45 verschmähen,

1819 4056 144 36 welche
1992 4054 60 36 die
2079 4054 194 47 poetische
2293 4054 214 47 Stimmung
2528 4053 203 37 festhalten
2759 4053 78 36 und
2865 4056 165 45 steigern
3052 4055 177 38 konnten.
3258 4057 80 35 Das
