3576 4391
1737 131 109 51 400

239 272 176 36 Resultat
442 270 118 36 dieser
582 270 225 46 Bemühung
833 268 129 38 wurde
990 270 58 35 ein
1078 266 257 50 geistreiches,
1365 267 195 38 modernes
1578 266 172 48 Gebilde,

241 334 66 35 das
335 334 37 33 in
400 332 63 35 der
491 331 128 35 Musik
647 330 190 47 ungefähr
863 331 82 34 eine
972 330 115 35 Stelle
1125 328 204 43 einnimmt,
1370 329 70 35 wie
1467 329 38 35 in
1534 327 64 37 der
1624 328 132 35 Poesie

241 395 58 34 die
327 392 181 36 Gedichte
534 392 162 45 Heyse's
726 390 88 36 oder
837 389 176 37 Geibel's.
1040 390 50 34 So
1116 386 159 37 trefflich
1303 388 235 47 aufgeführt,
1568 388 68 35 wie
1665 386 91 44 hier,

240 453 85 34 darf
347 451 152 36 Hiller's
541 451 146 36 Lorelei
729 450 146 36 überall
915 450 65 35 der
1018 446 297 37 freundlichsten
1357 447 218 36 Aufnahme
1616 447 139 45 gewiss

237 512 90 34 sein.
382 511 82 35 Den
505 512 92 34 Part
642 510 66 35 der
734 510 148 35 Lorelei
920 520 95 34 3ang
1055 508 102 35 Frau
1198 505 273 37 Dustmann
1516 506 237 38 entzückend

238 571 127 36 schön.
418 570 67 34 Ihr
527 569 298 36 künstlerisches
854 567 159 35 Naturel
1040 567 115 47 pflegt
1191 566 81 35 sich
1311 566 239 47 dergleichen
1577 567 157 35 romanti-

237 630 115 37 schen
393 630 382 46 Stimmungsbildern
818 627 217 46 überhaupt
1075 639 60 22 am
1175 627 191 45 innigsten
1408 639 48 23 zu
1502 626 225 36 assimiliren
1746 636 9 32 ;

236 689 155 37 diesmal
420 701 79 24 war
527 688 168 36 vollends
719 687 106 46 jeder
853 687 81 35 Ton
960 687 70 34 wie
1059 685 246 48 angehaucht
1333 698 72 24 von
1434 689 66 34 der
1525 687 138 35 Poesie
1691 685 65 35 der

313 835 123 37 Ueber
463 836 105 35 einen
597 833 100 36 Chor
723 844 72 24 von
823 831 319 42 Rubinstein,
1172 830 66 37 der
1265 830 98 37 auch
1393 831 37 36 in
1460 830 83 37 dem
1572 830 183 38 Concerte

236 896 217 47 aufgeführt
479 894 160 44 worden,
675 898 85 41 sagt
788 892 169 36 derselbe
985 891 351 36 Berichterstatter:
1373 892 280 47 „RubinstenTs
1682 893 49 35 Vo-

236 955 177 37 cal-Chor
440 982 16 19 „
818 952 149 35 scheint
1005 962 71 24 uns
1106 952 58 34 ein
1194 963 109 34 arger
1329 952 199 47 Missgriff.
1573 954 80 34 Das
1682 953 49 35 Ge-

237 1016 101 35 dicht
364 1016 88 44 (von
475 1014 224 35 Anastasias
726 1011 121 48 Grün)
877 1013 50 33 ist
954 1023 41 24 so
1022 1011 191 47 reflectirt,
1256 1011 87 36 dass
1370 1023 39 24 es
1438 1012 130 37 Musik
1597 1013 158 35 beinahe

235 1076 176 37 abstösst.
468 1075 75 34 Für
571 1074 67 34 das
660 1073 172 35 malende
861 1070 179 44 Beiwerk,
1077 1071 67 36 das
1173 1071 191 35 allenfalls
1392 1084 47 23 zu
1467 1072 104 35 einer
1597 1071 136 36 charak-

233 1135 242 37 teristischen
502 1132 515 46 Instrumental-Begleitung
1062 1131 135 35 locken
1241 1131 152 43 könnte,
1437 1131 69 36 hat
1549 1131 65 36 der
1654 1133 102 34 reine

232 1196 203 36 Vocalsatz
464 1206 41 23 so
532 1198 70 42 gut
631 1195 69 33 wie
727 1193 110 35 keine
865 1191 133 34 Mittel.
1036 1190 260 36 Rubinstein's
1326 1191 130 35 Musik
1485 1191 121 36 bleibt
1632 1191 124 35 hinter

233 1256 84 36 dem
345 1256 80 35 hier
450 1254 270 36 Erreichbaren
750 1251 156 43 zurück,
931 1251 52 45 ja,
1012 1252 163 34 entfernt
1202 1251 81 35 sich
1312 1250 87 36 eher
1425 1250 94 36 nach
1549 1254 183 43 entgegen-

234 1319 185 45 gesetzter
446 1315 204 44 Richtung.
704 1313 119 35 Wenn
853 1313 81 33 eine
965 1310 282 47 „„Mondnacht
1274 1312 37 34 in
1541 1310 16 19 u
1590 1322 49 24 so
1666 1322 67 23 aus-

235 1376 108 43 sieht,
372 1376 68 33 wie
468 1375 54 34 sie
545 1372 223 36 Rubinstein
796 1382 72 23 uns
895 1371 255 43 vormusicirt,
1179 1369 98 36 dann
1306 1369 133 36 wollen
1468 1371 69 34 wir
1562 1370 115 47 ruhig
1706 1380 48 24 zu

231 1438 128 36 Hause
390 1435 159 36 bleiben.
602 1434 90 34 Man
728 1433 143 34 könnte
911 1432 102 34 seine
1047 1430 256 47 Composition
1333 1430 95 36 eben
1456 1442 42 24 so
1526 1434 69 43 gut
1627 1431 98 46 „„No-

232 1496 219 45 vembertag
479 1496 37 33 in
816 1491 298 37 überschreiben.
1136 1491 362 36 —Mendelssobn's
1519 1490 120 36 Chor:
1670 1491 80 47 „„0

230 1557 137 37 Thäler
561 1557 88 44 (von
675 1552 259 48 Eichendorff)
961 1552 137 37 wirkte
1141 1551 98 36 nach
1281 1551 84 36 dem
1391 1551 360 37 RubinstehTschen

232 1617 96 36 noch
357 1615 137 38 einmal
522 1627 41 24 so

567 1742 7 10 >

299 1773 220 40 Berlin.
574 1773 58 35 Im
673 1772 184 36 Concerte
899 1771 63 35 des
1004 1769 162 37 berliner
1205 1768 237 38 Dom-Chors
1484 1769 132 37 hörten
1659 1771 88 35 wir:

230 1837 162 37 Sanctus
418 1847 74 24 von
515 1835 221 42 Palestrina,
767 1833 100 36 Chor
892 1833 60 34 für
969 1832 334 35 Männerstimmen
1331 1843 71 23 von
1430 1832 177 43 Vittoria,
1633 1830 93 37 zehn-

229 1898 209 45 stimmiger
465 1895 101 36 Chor
606 1907 73 23 von
707 1893 175 47 Caldara,
926 1891 284 47 achtstimmige
1253 1891 158 35 Motette
1451 1903 73 24 von
1567 1891 37 37 S.
1635 1891 112 42 Bach,

227 1959 177 45 Hymnus
446 1957 61 34 für
542 1956 331 34 Männerstimmen
916 1965 74 24 von
1020 1953 339 46 Gumpelsheimer,
1404 1952 221 46 geistliches
1655 1952 95 37 Lied

226 2031 74 24 von
327 2017 155 44 Eccard,
513 2018 162 34 Motette
704 2027 72 23 von
805 2015 141 45 Graun,
976 2013 101 42 Cbpr
1105 2025 73 23 von
1205 2013 213 35 Neithardt.
1446 2012 68 35 Als
1534 2013 192 35 Zwischen-

226 2090 195 24 nummern
464 2077 152 35 wurden
655 2077 84 33 eine
767 2076 106 45 Fuge
912 2075 37 34 in
981 2073 142 36 F-moll
1164 2084 74 24 von
1267 2073 268 36 Mendelssohn
1562 2074 79 35 und
1669 2075 81 34 eine

227 2139 161 36 Gavotte
416 2150 72 23 von
517 2137 35 37 J.
583 2138 36 35 S.
650 2135 103 37 Bach
781 2136 72 34 auf
876 2135 83 35 dem
988 2133 153 36 Ciavier
1168 2137 266 43 vorgetragen.
1540 2135 71 35 Die
1639 2135 109 46 Sing-

220 2200 210 36 Akademie
458 2199 155 34 hrachte
641 2208 132 24 ausser
799 2197 119 34 einem
943 2194 164 36 Domine
1133 2194 146 35 salvum
1307 2195 64 38 fac
1397 2205 127 36 regem
1554 2206 71 23 von
1644 2195 79 34 Run-

226 2262 198 45 genhagen
462 2259 77 34 und
578 2258 85 35 dem
703 2257 306 46 achtstimmigen
1047 2252 61 38 21.
1136 2255 128 35 Psalm
1305 2265 73 24 von
1413 2253 104 37 Grell
1563 2254 185 36 Händel's

226 2321 200 45 Dettinger
461 2319 51 35 Te
539 2317 135 35 Deum.

301 2407 81 36 Für
409 2406 59 35 die
497 2406 137 35 Witwe
662 2404 65 36 des
755 2404 174 37 kürzlich
956 2403 269 36 verstorbenen
1254 2403 291 37 Schriftstellers
1573 2406 176 45 Mügge

226 2469 66 35 hat
320 2480 59 23 am
408 2465 199 37 Mittwoch
630 2465 88 46 (den
736 2465 36 37 4.
793 2465 223 47 December)
1044 2465 49 34 im
1119 2464 631 36 Friedrich-WilhelmStädtischen

226 2530 163 34 Theater
424 2529 81 35 eine
534 2526 415 46 Benefiz-Vorstellung
992 2526 101 35 Statt
1134 2525 203 47 gefunden.
1393 2526 77 35 Zur
1503 2526 247 47 Aufführung

225 2589 176 49 gelangte
430 2590 58 34 ein
524 2589 37 34 in
595 2587 84 35 dem
714 2587 262 35 literarischen
1004 2585 187 37 Nachlass
1220 2585 64 37 des
1312 2585 275 37 Verstorbenen
1616 2598 110 34 vorge-

226 2650 183 35 fundenes
450 2646 214 47 Lustspiel:
720 2646 91 46 „Ein
853 2657 117 24 neues
1225 2645 189 36 Dasselbe
1458 2645 205 36 behandelt
1709 2646 38 35 in

225 2710 218 48 geistvoller
474 2709 123 35 Weise
624 2708 185 46 ungefähr
837 2706 174 36 dasselbe
1039 2706 155 45 Thema,
1223 2705 160 36 welches
1413 2705 81 35 sich
1523 2706 44 37 R.
1595 2706 124 36 Bene-

228 2771 75 35 dix
345 2781 85 24 zum
459 2768 180 37 Vorwurf
660 2770 62 34 für
749 2768 128 35 seinen
1189 2777 221 36 genommen
1439 2765 75 39 hat,

304 2923 23 42 f
357 2916 386 46 Amsterdam,
776 2914 57 38 12.
863 2915 218 38 December.
1138 2916 71 35 Die
1247 2916 270 36 musicalische
1545 2918 133 34 Saison
1708 2918 39 35 in

226 2977 162 36 Holland
416 2977 211 46 verspricht
654 2988 95 34 ganz
778 2977 225 34 interessant
1031 2987 46 23 zu
1106 2976 160 37 werden.
1295 2977 99 35 Herr
1421 2988 87 24 van
1537 2977 116 36 Bree
1682 2977 67 36 hat

226 3041 80 33 vier
332 3050 128 36 grosse
489 3037 405 35 Orchester-Concerte
921 3037 262 35 veranstaltet.
1232 3039 77 33 Das
1338 3039 132 33 zweite
1498 3038 90 34 fand
1618 3050 59 24 am
1709 3039 37 37 6.

225 3099 206 36 December
458 3099 111 43 Statt,
588 3097 78 35 und
694 3097 130 35 wurde
854 3097 66 35 das
947 3097 186 35 Interesse
1161 3097 66 35 des
1256 3097 224 35 Publicums
1508 3098 110 35 nebst
1646 3099 102 36 einer

227 3160 166 36 Sinfonie
421 3171 72 23 von
523 3158 191 36 Coenen
740 3157 229 37 namentlich
999 3157 118 36 durch
1148 3159 93 34 zwei
1266 3158 138 35 Werke
1432 3170 155 24 unseres
1616 3161 110 45 genia-

226 3222 61 34 len
316 3219 263 45 Componisten
619 3218 193 35 Eduard
854 3217 53 35 de
950 3218 187 45 Hartog
1178 3219 192 44 gefesselt.
1429 3218 110 36 Seine
1566 3218 180 37 Concert-

226 3281 228 42 Ouverture,
498 3291 47 23 zu
582 3278 217 36 Corneille's
828 3278 239 46 Trauerspiel
1100 3306 17 19 „
1124 3278 160 45 Pompee
1338 3281 221 45 eomponirt,
1608 3281 50 33 ist
1686 3281 59 35 ein

226 3340 271 37 dramatisches
524 3339 115 35 Werk
676 3339 76 34 voll
779 3339 121 34 Feuer
927 3339 78 34 und
1032 3339 268 35 Leidenschaft
1335 3339 78 34 und
1441 3340 88 35 sehr
1556 3341 193 36 effectvoll

224 3402 289 36 instrumentirt.
569 3400 61 34 Sie
659 3398 126 35 wurde
814 3412 71 22 von
915 3399 83 35 dem
1032 3399 208 36 trefflichen
1270 3400 204 36 Orchester
1501 3402 69 34 mit
1597 3414 152 34 grosser

224 3464 194 35 Präcision
453 3460 236 47 ausgeführt.
793 3460 177 46 Weniger
1013 3460 211 36 bedeutend
1263 3462 52 34 ist
1363 3462 181 46 Hartog's
1587 3463 160 36 Ballade

230 3524 68 48 „27
492 3548 9 19 ,
544 3520 142 36 welche
730 3523 115 32 etwas
884 3532 46 22 zu
966 3521 83 35 sehr
1076 3521 82 35 dem
1188 3522 285 36 französischen
1501 3523 242 38 Geschmack

225 3586 163 45 huldigt,
416 3596 87 24 vom
523 3582 203 35 Publicum
747 3581 90 36 aber
864 3581 98 36 auch
976 3584 81 38 .mit
1084 3583 163 36 reichem
1277 3584 133 35 Beifall
1431 3584 156 37 belohnt
1605 3586 144 36 wurde.

225 3645 76 35 Der
330 3643 221 37 anwesende
574 3643 120 45 junge
722 3640 219 47 Componist
970 3642 125 35 wurde
1134 3643 98 36 nach
1274 3643 133 37 beiden
1438 3645 164 36 Werken
1647 3649 79 34 stür-

226 3705 119 34 misch
372 3704 167 45 gerufen.
586 3702 182 35 Fräulein
797 3701 233 47 Polacbi,
1074 3706 95 33 erste
1198 3704 183 47 Sängerin
1411 3716 46 24 an
1488 3705 64 36 der
1578 3706 149 36 italiäni-

228 3765 113 35 schen
369 3764 111 47 Oper,
509 3770 90 40 trug
626 3762 102 36 diese
757 3762 156 36 Ballade
956 3763 108 35 recht
1100 3764 116 35 schön
1244 3776 77 25 vor.
1378 3767 77 34 Der
1475 3765 148 38 Pianist
1651 3767 98 36 Herr

226 3825 252 46 Feltkamp
508 3825 133 46 spielte
668 3825 68 34 mit
765 3824 235 35 vollendeter
1027 3824 234 37 technischer
1281 3826 224 47 Fertigkeit,
1531 3839 74 24 nur
1627 3831 119 33 etwas

227 3887 93 42 kalt,
350 3886 64 35 das
445 3885 159 36 Concert
630 3896 71 24 von
731 3885 42 35 R.
805 3885 218 36 Schumann
1065 3885 77 35 und
1180 3887 80 34 eine
1288 3887 86 35 sehr
1399 3888 153 36 triviale
1578 3889 148 47 Rhapso-

229 3946 59 35 die
316 3958 72 23 von
418 3946 114 38 Liszt.
562 3945 303 38 Mendelssohn's
884 3947 163 36 Scherzo
1076 3947 77 34 und
1181 3947 358 39 Hochzeitsmarsch
1568 3961 69 25 aus
1665 3949 84 37 dem

230 4007 423 36 Sommernachtstraum
695 4007 141 38 bildete
879 4008 71 36 den
988 4007 195 48 würdigen
1222 4007 158 38 Schluss
1422 4009 121 38 dieses
1585 4011 165 37 schönen

230 4065 162 36 Abends.

1906 266 194 47 August
2138 266 201 49 Kömpel
2381 270 98 33 setzt
2522 268 102 35 seine
2661 266 171 38 Tournee
2860 268 225 48 triomphale
3112 271 38 36 in
3182 271 167 38 Holland

1827 328 68 34 mit
1923 319 354 60 ungewöhnlichem
2305 328 153 46 Erfolge
2498 329 87 36 fort.
2641 328 85 35 Sein
2768 341 150 34 grosses
2947 332 225 47 Violinspiel
3199 334 74 35 rief
3296 336 53 34 im

1828 386 121 47 Haag,
1985 388 52 33 im
2064 387 417 37 Studenten-Concerte
2509 390 37 33 in
2577 389 173 46 Utrecht,
2793 390 51 33 im
2874 390 307 38 Park-Concerte
3208 393 77 36 und
3312 395 39 35 in

1830 445 113 37 Felix
1970 447 151 36 Meritis
2148 461 48 23 zu
2213 448 239 36 Amsterdam
2482 449 146 35 überall
2656 449 69 36 den
2753 452 176 44 grössten
2947 451 294 38 Enthusiasmus
3271 453 61 37 her-

1828 518 78 24 vor.
1961 506 74 35 Mit
2061 508 122 35 Recht
2218 509 99 36 kann
2358 521 86 24 man
2485 521 73 24 von
2599 509 77 35 ihm
2705 522 137 35 sagen:
2883 511 52 35 Er
2973 510 101 47 kam,
3099 513 134 47 spielte
3274 511 78 39 und

1827 567 139 46 siegte!

2185 3557 72 51 pie
2871 3558 91 50 fang

1820 3617 187 36 erscheint
2036 3616 116 47 jeden
2190 3618 173 47 Samstag
2403 3621 40 32 in
2486 3620 122 34 einem
2650 3631 147 35 ganzen
2831 3620 131 46 Bogen
3005 3619 69 34 mit
3108 3615 243 49 zwanglosen

1821 3668 194 47 Beilagen.
2122 3670 77 32 Der
2221 3669 385 47 Abonnementspreis
2625 3670 149 47 beträgt
2807 3671 60 35 für
2896 3671 65 34 das
2981 3668 187 45 Halbjahr
3196 3666 23 37 2
3234 3668 119 44 Thlr.,

1820 3720 61 35 bei
1909 3720 71 34 den
2001 3720 47 34 K.
2077 3730 142 36 preuss.
2242 3720 309 36 Post-Anstalten
2579 3720 23 38 2
2618 3721 103 35 Thlr.
2746 3721 22 38 5
2788 3721 82 47 Sgr.
2924 3721 96 34 Eine
3049 3718 169 36 einzelne
3237 3720 85 34 Num-

1820 3782 78 23 mer
1924 3769 26 37 4
1978 3770 82 47 Sgr.

1923 3822 125 35 Briefe
2076 3822 78 35 und
2173 3821 277 48 Zusendungen
2483 3821 93 37 aller
2594 3824 70 35 Art
2691 3822 152 36 werden
2870 3826 112 31 unter
3009 3821 65 36 der
3097 3820 165 37 Adresse
3290 3819 66 38 de?

1820 3873 52 36 M.
1903 3872 540 48 DuMont-Schauberg'schen
2471 3875 304 45 Buchhandlung
2802 3875 39 33 in
2869 3873 103 36 Köln
3001 3875 164 34 erbeten.

1940 3966 357 34 Verantwortlicher
2324 3966 286 46 Herausgeber:
2639 3965 102 36 Prof.
2773 3964 35 35 L
2812 3989 10 13 ♦
2852 3964 175 46 Bischoff
3049 3967 40 33 in
3116 3964 117 39 Köln.

1896 4017 197 47 Verleger:
2125 4016 53 36 M.
2208 4016 417 47 DuMont-Schauberj
2641 4017 88 34 sehe
2757 4016 303 48 Buchhandlung
3090 4018 39 34 in
3158 4016 116 37 Köln.

1855 4068 191 38 Drucker:
2077 4068 54 36 M.
2161 4067 416 48 DuMont-Schauberg
2604 4069 39 33 in
2672 4068 113 45 Köln,
2823 4069 243 35 Breitstrasse
3095 4068 49 38 76
3169 4080 36 24 u.
3236 4068 63 40 78.

2358 787 454 75 3Utkitttbt0tm(}ett.

2213 955 207 46 IEIIE
2471 957 494 46 IIUSICILIEI

1882 1020 67 57 im
1991 1016 206 79 Berlage
2238 1037 94 42 wott
2478 1022 514 60 £.<E.
2584 1023 61 59 CL
2687 1025 234 58 feuckart
2960 1028 54 56 in
3054 1027 231 61 Breslau.

1825 1103 106 47 Abt,
1970 1106 176 48 Franz,
2180 1108 69 44 Op.
2278 1109 87 43 200,
2394 1108 206 37 Deutsches
2627 1110 141 38 Leben.
2801 1111 139 47 Cyklus
2968 1125 72 23 von
3068 1114 178 38 vierzehn
3277 1115 72 37 Ge-

2131 1162 147 43 sängen
2317 1159 65 35 mit
2421 1161 282 36 verbindender
2737 1163 268 37 Declamation
3046 1178 72 24 von
3146 1166 207 37 Hermann

2135 1208 174 43 Franke,
2328 1210 79 46 /#r
2433 1212 293 48 vierstimmigen
2754 1216 277 36 Männerchor.
3060 1216 185 39 Partitur
3271 1218 83 37 und

2132 1257 278 50 Singstimmen.
2462 1265 24 33 2
2522 1263 108 38 Thlr.
2657 1267 50 33 15

2140 1310 192 38 Textbuch
2358 1316 24 33 2
2409 1312 86 49 Sgr.

1825 1359 158 47 Bach,
2011 1361 99 36 JoA.
2140 1362 34 36 S
2182 1363 239 46 ebastian,
2468 1366 200 49 Cantaten,
2696 1380 51 22 m
2779 1368 345 50 Ciavier-Auszüge
3152 1371 202 37 bearbeitet

2133 1425 75 24 von
2236 1415 46 37 R.
2311 1415 147 36 Franz.
2502 1418 72 38 Nr.
2604 1422 35 32 1.
2669 1420 54 35 Es
2749 1418 50 37 ist
2826 1420 64 35 dir
2913 1427 140 42 gesagt,
3075 1423 171 44 Mensch,
3274 1436 79 26 was

2337 1470 24 32 2
2398 1468 104 36 TTiZr.
2532 1472 51 34 20
2789 1471 108 36 Wird
2917 1473 257 48 fortgesetzt.)

1824 1513 223 48 Händel,
2081 1517 45 36 G.
2154 1516 63 45 F.,
2262 1520 257 34 Herakles.
2574 1521 76 36 ZKe
2690 1521 279 39 Chorstimmen.
3025 1527 24 33 2
3085 1524 108 37 Thlr.

1823 1564 171 48 Hesse,
2037 1566 209 48 Adolph,
2286 1571 253 46 ausgewählte
2571 1573 448 47 Orgel-Compositionen.
3077 1576 109 37 Neue
3225 1576 126 48 billige

2133 1620 177 47 Ausgabe
2312 1649 9 7 .
2508 1626 60 33 19.
2624 1625 163 35 Toccata
2805 1627 79 45 für
2921 1626 61 36 die
3013 1626 116 49 Orgel
3131 1656 8 7 .
3189 1630 68 44 Op.
3287 1631 62 34 55.

2129 1673 49 32 12
2206 1671 87 46 A&7?\
2323 1672 21 47 f
2345 1674 72 35 Mit
2446 1674 98 48 Lie/.
2573 1679 49 33 19
2725 1676 60 36 efte
2813 1676 224 49 Sammlung
3064 1681 190 47 vorläufig
3283 1680 65 37 ab-

2128 1723 265 48 geschlossen.)

1822 1769 222 47 Lanner,
2089 1773 168 37 Franz
2267 1801 9 17 ,
2323 1775 70 47 Op.
2421 1778 62 44 52,
2525 1776 126 37 Faust
2679 1778 303 48 (Margarethe).
3037 1783 104 43 Oper
3175 1794 74 26 von
3281 1781 65 40 Ch.

2132 1824 174 41 Gounod.

2366 1879 357 47 Transscriptionen
2744 1883 78 45 für
2850 1881 139 39 Piano.
3020 1884 72 37 Kr.
3116 1887 36 32 1.
3192 1884 157 38 Walzer•

2133 1927 74 37 JVr.
2235 1931 36 33 2.
2300 1931 185 37 Kirmess.
2516 1933 72 35 Nr.
2618 1935 35 35 3.
2684 1932 289 38 Soldatenchor.
3003 1935 24 35 &

1822 1977 315 48 3/einar<Zw$j
2179 1980 204 50 Ludwig
2391 2010 8 17 ,
2448 1986 69 44 Op.
2546 1986 60 42 12,
2648 1984 90 37 Duo
2772 1986 80 46 für
2888 1985 128 38 Piano
3059 1987 85 37 und
3189 1987 159 39 Violine.

2129 2030 96 46 (Nr.
2252 2035 26 34 2
2304 2034 41 36 in
2374 2034 168 48 A-dur.)
2597 2037 24 34 2
2657 2036 105 36 Thlr.
2794 2039 23 34 5
2846 2037 87 47 Sgr.

1822 2081 195 36 Mozart
2029 2107 10 21 }
2080 2080 51 38 W.
2159 2083 47 36 A.
2210 2112 10 18 f
2268 2088 240 34 Ouvertüren
2526 2087 80 46 für
2633 2086 127 38 Piano
2787 2101 46 22 zu
2859 2090 81 34 vier
2967 2089 186 45 Händen,
3182 2089 168 39 bearbei-

2130 2141 50 30 tet
2206 2147 75 24 von
2308 2139 116 45 Hugo
2462 2137 143 37 Ulrich.
2659 2139 179 47 Figaro's
2864 2140 193 37 Hochzeit.
3113 2142 90 37 Don
3229 2142 119 38 Juan.

2127 2187 151 36 Zauber
2279 2188 98 46 flöte,
2406 2189 26 34 ä
2460 2191 49 33 15

1844 2255 49 5 —
1949 2257 48 5 —
2024 2237 193 37 Romance
2243 2251 92 23 sans
2354 2241 158 45 paroles
2543 2241 62 46 (in
2633 2239 173 49 As-dur)
2836 2253 106 35 pour
2969 2242 139 38 Piano.
3158 2243 190 38 Nouvelle

2131 2289 173 37 Edition.
2363 2291 73 45 7\/2
2464 2290 85 50 Sgr.

1820 2337 97 38 San
1923 2353 26 34 g
1959 2340 211 48 erhalle,
2215 2341 113 36 deut
2339 2354 43 25 sc
2394 2342 25 36 h
2432 2355 36 35 e,
2519 2343 185 37 Auswahl
2730 2356 74 24 von
2848 2345 195 48 Original-
3049 2345 304 47 Compositionen

2119 2393 80 47 für
2213 2392 292 50 vierstimmigen
2520 2397 326 46 Männergesang,
2860 2398 218 45 gesammelt
3092 2398 83 36 und
3189 2398 160 38 heraus-

2124 2445 164 47 gegeben
2314 2458 74 23 von
2419 2448 133 35 Franz
2580 2447 86 37 Abt.
2719 2447 54 37 in
2812 2447 182 38 Partitur
3034 2449 84 36 und
3152 2449 198 39 Stimmen.

2128 2495 160 37 Zweiter
2315 2497 131 36 Band.

2128 2547 114 36 Erste
2286 2548 237 48 Lieferung:
2566 2549 99 36 Dem
2704 2549 202 38 deutschen
2957 2552 114 36 Volke
3116 2563 73 25 von
3230 2551 122 37 Louis

2230 2599 157 37 Kohler.
2408 2620 45 5 —
2478 2601 110 35 T*ros£
2612 2615 73 23 von
2715 2605 40 34 O.
2785 2603 138 35 Ecker.
2940 2624 44 4 —
3001 2603 102 36 ZiecZ
3118 2615 83 24 vom
3221 2603 132 37 Bhein

2232 2664 73 23 von
2333 2652 52 36 H.
2417 2653 179 35 Bonicke.
2622 2674 42 4 —
2686 2655 77 35 Die
2790 2653 130 37 Sonne
2946 2655 88 47 geht
3059 2667 70 23 zur
3154 2655 102 36 Ruh?
3277 2667 76 25 von

2231 2702 41 37 S.
2302 2702 47 38 A.
2377 2704 296 37 Zimmermann.
2700 2726 44 6 —
2775 2707 110 35 Herr
2911 2705 123 37 Durst
3059 2719 73 25 von
3160 2705 192 39 Heinrich

2232 2756 126 35 Dorn.
2413 2758 51 34 20
2492 2756 88 47 Sgr.

1818 2801 89 38 Sch
1916 2804 141 36 ubert
2068 2832 8 20 j
2106 2805 183 46 Franz,
2329 2806 243 37 Ständchen:
2615 2836 16 19 v
2638 2808 110 36 Leise
2770 2808 130 47 flehen
2927 2808 123 37 meine
3077 2808 274 38 Liederals

2129 2857 119 36 Duett
2276 2858 80 46 für
2390 2859 126 36 Tenor
2544 2860 82 35 und
2653 2859 166 37 Bariton
2861 2860 92 36 oder
2982 2860 157 46 Sopran
3176 2860 84 37 und
3287 2862 67 36 Alt

2127 2909 67 35 mit
2220 2909 128 37 Piano
2389 2910 202 36 bearbeitet
2628 2924 72 24 von
2742 2912 174 46 Leopold
2942 2913 228 46 Hoffmann•
3222 2911 130 39 Dritte

2127 2960 173 47 Auflage.
2354 2965 51 33 10
2434 2961 87 46 Sgr.

1817 3051 272 37 Scliletterer,
2118 3047 290 48 Capellmeister
2434 3050 38 34 in
2494 3050 220 47 Augsburg,
2730 3053 187 45 pract*
2942 3050 406 47 Cliorgesang-

2129 3108 222 45 seltule,
2382 3108 57 45 7V
2440 3133 13 24 2
2480 3109 96 47 Sgr.,
2605 3111 50 34 ist
2683 3122 41 24 so
2753 3110 94 36 eben
2875 3111 38 34 in
2942 3112 143 35 fünfter
3107 3111 163 48 Auflage
3299 3123 57 25 er-

2128 3170 179 36 schienen
2334 3172 38 34 in
2401 3171 66 36 der
2493 3172 105 35 Ritt
2611 3184 48 24 er
2662 3171 8 16 7
2683 3172 113 36 sehen
2824 3171 150 38 Buchb.
3002 3173 39 35 in
3061 3172 293 37 Zweibrücken.

1922 3257 84 36 Alle
2034 3258 43 35 in
2105 3259 125 35 dieser
2258 3259 313 48 Musik-Zeitung
2598 3259 281 47 besprochenen
2919 3260 84 35 und
3039 3260 313 47 angekündigten

1818 3309 232 37 Musicalien
2079 3316 64 30 etc.
2181 3311 90 35 sind
2304 3323 48 23 zu
2390 3311 174 36 erhalten
2592 3312 42 35 in
2661 3312 70 35 der
2757 3318 87 29 stets
2871 3311 230 48 vollständig
3126 3313 227 35 assortirten

1818 3361 468 48 Musicalien-Handlung
2313 3363 84 35 und
2414 3363 246 37 Leihanstalt
2686 3375 75 25 von
2782 3362 315 37 BERNHARD
3117 3363 236 36 BREUER

1817 3412 43 36 in
1887 3413 117 45 Köln,
2039 3426 130 34 grosse
2196 3413 248 48 Budengasse
2475 3415 73 37 Nr.
2578 3419 36 43 1,
2657 3427 41 25 so
2742 3415 68 37 wie
2851 3413 58 37 bei
2949 3415 36 35 J.
3017 3415 85 35 FR.
3142 3414 209 45 WEBER,

1820 3465 332 48 Appellhofsplatz
2182 3466 74 36 Nr.
2285 3467 62 35 22.
