2311 3848
187 243 73 45 148

1008 248 198 26 GEORGES
1243 246 120 26 BIZET

183 352 40 31 et
245 351 172 43 pesant,
442 356 85 26 une
550 340 245 41 admirable
818 341 161 50 phrase
1006 352 18 25 s
1044 339 139 48 élève,
1203 339 139 38 calme
1379 349 170 27 comme
1586 334 36 39 le
1663 334 146 39 destin
1844 341 40 31 et
1919 345 167 29 comme
2108 337 54 41 lui

188 410 270 47 inexorable,
553 409 55 40 tel
626 409 37 39 le
684 408 194 40 fantôme
902 407 119 52 royal
1047 419 74 26 sur
1137 407 37 38 la
1201 415 187 30 terrasse
1406 401 276 42 d'Elseneur.
1774 399 54 41 Et
1843 400 62 40 les
1920 401 162 40 rieuses
2103 407 40 47 gi-

188 487 123 31 tanes
336 487 74 31 ont
432 477 112 40 beau
563 477 140 39 redire
731 476 93 39 leur
849 473 160 41 refrain
1034 475 220 48 gracieux,
1282 486 46 26 ce
1352 481 98 31 sont
1470 471 62 40 les
1562 469 178 53 paroles
1772 473 314 47 entrecoupées
2116 473 46 40 de

188 546 191 39 Carmen
403 543 74 53 qui
503 557 110 27 nous
638 544 204 51 frappent
872 547 20 34 à
916 543 36 38 la
980 541 124 51 façon
1124 540 102 41 d'un
1247 541 98 48 glas
1371 548 242 31 monotone
1636 548 7 27 :
1673 550 18 24 «
1713 535 145 41 Encor
1884 536 38 39 le
1945 536 216 53 désespoir

191 643 44 9 ...
261 626 147 32 encor,
428 612 198 52 toujours
644 612 39 39 la
708 619 113 31 mort
847 612 8 37 î
878 623 17 24 »
918 610 123 39 Ainsi
1062 622 84 39 que
1163 608 110 40 dans
1293 608 36 39 la
1355 607 134 40 Dame
1512 607 48 38 de
1579 613 125 46 pique
1726 604 53 39 de
1812 603 273 49 Pouchkine,
2104 607 43 40 l'i-

184 693 151 27 vresse
354 680 179 39 ardente
557 679 55 40 du
637 680 68 50 jeu
729 676 61 54 s'y
811 678 111 40 mêle
941 682 20 34 à
982 678 39 39 la
1049 675 266 53 stupéfiante
1332 678 164 38 ivresse
1513 675 57 39 du
1595 678 148 35 néant.

247 767 57 38 Le
328 767 180 51 prélude
528 767 56 40 du
610 767 175 39 dernier
810 773 108 37 acte,
944 767 36 37 si
1007 763 312 52 bruyamment
1336 762 162 40 scandé
1518 775 55 25 au
1593 759 150 45 début,
1771 757 257 41 s'obscurcit
2047 774 90 36 pres-

184 849 86 40 que
291 836 187 39 aussitôt
494 849 113 38 pour
630 835 153 39 laisser
807 846 151 38 percer
979 833 37 38 le
1036 833 317 49 gémissement
1386 829 218 40 obsédant
1628 828 58 38 du
1712 826 212 40 hautbois
1958 826 204 45 alternant

184 918 104 28 avec
308 904 38 40 le
369 904 326 40 tournoiement
719 900 129 41 affolé
864 901 53 38 de
948 901 37 38 la
1014 900 103 39 flûte
1161 898 58 41 La
1245 902 117 46 gaîté
1383 896 197 41 s'efforce
1600 903 210 44 pourtant
1846 894 53 39 de
1938 897 222 48 reprendre

183 974 38 41 le
245 976 176 43 dessus,
442 972 113 40 mais
580 970 37 40 le
642 970 203 40 thèmese
863 967 312 52 redresseplus
1194 967 288 39 violemment
1500 976 178 31 encore,
1703 964 101 50 puis
1827 960 207 52 s'apaise,
2060 965 80 40 s'en-

181 1043 111 47 vole,
318 1043 267 50 disparaît...

235 1110 31 40 Il
289 1109 92 41 faut
416 1122 53 26 en
492 1106 99 40 effet
614 1118 85 39 que
723 1105 38 39 le
793 1106 342 50 pressentiment
1179 1103 133 40 laisse
1341 1101 40 40 la
1419 1101 124 52 place
1567 1104 20 35 à
1611 1097 190 42 l'action.
1846 1096 125 41 Voici
2006 1098 10 39 1
2035 1098 123 43 heure

179 1179 52 39 de
254 1178 38 39 la
318 1175 169 41 corrida
511 1176 74 50 qui
610 1172 275 52 s'approche,
920 1181 40 31 et
983 1171 38 40 le
1062 1176 174 44 cortège
1259 1167 217 48 s'avance,
1508 1171 216 40 annoncé,
1749 1166 137 39 décrit
1920 1179 53 25 au
1997 1164 64 41 fur
2082 1176 37 31 et
2138 1173 17 35 à

179 1259 174 26 mesure
374 1258 78 38 par
476 1244 61 39 les
580 1243 234 39 assistants
856 1238 111 53 Quel
989 1238 316 51 grouillement
1338 1238 273 50 pittoresque
1639 1243 41 31 et
1703 1234 146 51 quelle
1877 1231 132 42 fièvre
2031 1247 100 39 popu-

177 1308 106 45 laire
305 1319 56 34 où
385 1325 46 27 se
454 1311 162 40 mêlent
637 1310 38 39 la
701 1310 83 51 joie
806 1309 53 39 de
880 1310 121 37 vivre
1024 1315 41 31 et
1106 1306 39 39 la
1169 1304 89 41 soif
1286 1304 57 40 du
1369 1317 111 36 sang
1515 1304 73 51 qui
1608 1317 51 26 va
1684 1302 135 52 jaillir
1842 1301 7 37 !
1877 1299 61 41 La
1965 1304 190 50 musique

175 1382 251 39 elle-même
449 1378 167 41 semble
635 1381 224 36 costumée
882 1384 39 31 et
944 1376 258 38 chamarrée
1224 1373 53 39 de
1296 1371 257 41 cannetilles
1584 1370 108 46 d'or,
1719 1378 39 31 et
1782 1369 62 39 les
1872 1368 147 40 motifs
2037 1368 98 41 forte-

176 1458 120 31 ment
319 1450 229 39 accentués
565 1444 218 41 semblent
803 1452 148 43 porter
966 1443 39 39 le
1023 1444 135 50 poing
1178 1455 74 25 sur
1270 1440 38 39 la
1322 1437 172 42 hanche
1510 1444 9 41 (
1534 1452 11 25 i
1559 1439 26 50 ).
1607 1437 59 40 La
1684 1436 300 53 proximitédu
2001 1437 154 50 danger

174 1515 201 42 ennoblit
397 1513 239 42 Escamillo
659 1513 249 47 lui-même,
927 1510 195 51 lorsque,
1151 1513 126 47 après
1301 1508 37 39 la
1375 1515 241 43 tapageuse
1636 1506 163 51 reprise
1823 1504 54 40 de
1902 1517 80 26 son
2006 1504 147 42 refrain

171 1585 52 39 de
250 1597 106 38 cape
377 1592 41 31 et
442 1582 167 51 d'épée,
634 1581 28 39 il
687 1579 201 50 échange
911 1591 102 26 avec
1037 1576 195 41 Carmen
1256 1575 116 41 l'une
1412 1576 77 38 des
1527 1574 186 52 phrases
1746 1573 61 39 les
1840 1572 98 52 plus
1960 1574 168 49 exquise-

175 1660 121 32 ment
329 1656 167 42 émues,
536 1649 205 50 mélange
781 1647 54 40 de
877 1647 218 49 sincérité,
1136 1645 53 40 de
1225 1644 219 40 bravoure
1466 1651 41 31 et
1529 1642 53 40 de
1620 1642 134 47 désir,
1778 1654 85 38 que
1900 1640 181 40 l'amour
2104 1644 50 38 ait

179 1721 217 51 inspirées
421 1723 19 34 à
464 1718 39 40 la
522 1718 222 50 musique.

233 1787 120 40 C'est
376 1786 186 40 l'amour
583 1785 118 40 aussi
722 1785 75 50 qui
821 1788 134 43 règne
972 1782 111 39 dans
1099 1781 39 40 le
1165 1779 190 41 sublime
1394 1779 86 40 duo
1499 1792 80 38 par
1602 1784 56 34 où
1682 1790 45 27 se
1751 1777 187 39 termine
1958 1772 188 45 l'œuvre.

169 1855 170 54 Jamais
364 1854 62 40 les
448 1852 319 53 supplications
787 1863 54 28 ne
857 1864 46 26 se
934 1858 99 32 sont
1058 1848 301 51 agenouillées
1384 1848 34 39 si
1444 1845 97 52 bas,
1575 1846 158 52 jamais
1756 1843 203 51 l'orgueil
1983 1844 170 40 humain

171 1936 54 26 ne
245 1936 19 26 s
283 1932 65 30 est
372 1923 34 38 si
431 1920 341 52 complètement
790 1922 246 48 prosterné,
1077 1917 157 52 jamais
1255 1929 87 26 non
1381 1915 99 52 plus
1520 1913 188 40 l'amour
1733 1911 66 41 n'a
1851 1912 100 51 plus
1990 1913 139 37 irrémé-

169 1990 273 41 diablement
464 1988 188 52 possédé
675 1987 39 39 la
757 1990 212 36 créature.
993 1984 88 41 Car
1103 1984 102 40 c'est
1242 1984 37 39 la
1305 1984 259 51 possession
1588 1996 54 25 au
1666 1994 102 27 sens
1807 1979 256 52 diabolique
2100 1980 49 39 du

170 2068 151 38 terme,
356 2056 344 41 l'envoûtement
724 2053 157 41 absolu
903 2054 74 51 qui
1002 2052 138 40 abolit
1162 2060 119 32 toute
1296 2051 39 40 la
1360 2049 316 54 personnalité.
1694 2048 117 41 Mais
1840 2049 91 38 rien
1946 2047 204 40 n'entame

169 2124 298 54 l'implacable
494 2123 220 41 franchise
736 2131 41 31 et
816 2122 37 39 la
898 2121 212 40 hautaine
1149 2120 274 50 résignation
1446 2119 54 39 de
1541 2116 194 41 Carmen
1762 2130 8 25 :
1799 2132 16 18 «
1840 2115 49 54 Je
1926 2129 52 26 ne
2019 2115 130 40 t'aime

170 2194 183 52 plus...»
395 2206 19 24 «
440 2192 186 40 —Mais
665 2192 106 45 moi,
793 2190 38 52 je
854 2189 146 40 t'aime
1023 2201 156 27 encore
1206 2187 6 39 !
1250 2200 20 25 »
1304 2185 55 42 Et
1381 2186 317 52 l'imploration
1720 2185 260 50 désespérée
2002 2192 145 43 repart,

173 2263 206 39 talonnée
403 2275 78 38 par
503 2258 255 42 l'orchestre
777 2259 75 50 qui
873 2256 169 41 semble
1064 2256 176 40 vouloir
1270 2268 45 27 se
1338 2254 125 41 hâter
1502 2267 100 27 vers
1632 2254 40 39 le
1716 2253 350 40 dénouement...
2088 2249 62 42 On

171 2331 107 40 croit
298 2328 210 41 entendre
541 2327 40 40 la
606 2326 175 40 ballade
804 2326 53 39 de
904 2324 172 50 Burger
1110 2339 8 25 :
1143 2336 22 25 «
1192 2322 68 42 En
1284 2331 130 31 avant
1449 2324 6 36 !
1503 2322 192 40 hâte-toi
1721 2324 6 36 !
1757 2333 112 27 nous
1893 2332 189 28 sommes
2101 2333 46 24 au

171 2397 124 47 bout,
337 2411 52 26 au
423 2395 107 40 bout
553 2395 52 39 de
640 2402 124 32 notre
798 2406 209 27 course...
1028 2390 125 43 Nous
1176 2391 133 47 voilà,
1341 2404 113 27 nous
1470 2390 118 40 voilà
1626 2403 55 26 au
1705 2388 78 41 but
1809 2392 46 36 !»
1879 2386 85 41 Les
1999 2388 127 38 instru-

172 2474 158 39 ments,
351 2470 20 34 à
393 2463 212 41 l'unisson
628 2462 52 39 de
702 2462 38 39 la
758 2463 99 38 voix
890 2461 51 39 de
960 2459 119 55 José,
1118 2460 201 52 joignent
1357 2459 117 40 leurs
1512 2456 151 42 efforts
1710 2471 82 25 aux
1824 2457 170 39 siens...
2032 2454 115 40 Alors

171 2535 135 39 éclate
339 2533 39 40 le
401 2533 147 39 thème
570 2530 297 41 brutalement
885 2530 247 51 vainqueur
1164 2528 53 39 de
1252 2525 222 56 l'Espada,
1499 2526 39 40 le
1562 2527 183 39 sinistre
1764 2525 228 39 leit-motiv
2014 2522 49 41 de
2079 2534 69 28 son

172 2610 192 40 amante,
390 2609 41 31 et
453 2600 38 39 la
513 2600 197 40 destinée
734 2597 325 52 s'accomplit...

228 2668 98 52 Que
349 2669 53 39 de
424 2682 127 36 sang,
575 2680 84 39 que
678 2665 214 47 d'amour,
920 2679 85 38 que
1024 2665 53 40 de
1099 2663 216 54 parfums,
1334 2663 53 40 de
1400 2664 220 39 sonorités
1633 2670 40 32 et
1685 2662 52 39 de
1756 2665 123 36 rêves
1903 2660 5 36 !
1934 2659 61 41 La
2013 2659 133 39 Danse

174 2736 203 42 macabre
399 2736 57 40 du
478 2748 160 39 moyen
658 2738 83 47 âge
757 2735 167 51 passait
944 2734 129 46 ainsi,
1092 2736 253 37 entraînant
1365 2729 278 54 l'empereur,
1666 2730 39 40 le
1729 2729 160 47 soldat,
1916 2729 38 39 le
1974 2740 169 39 paysan,

173 2806 39 40 la
235 2814 200 32 matrone
470 2813 40 31 et
534 2803 40 41 la
607 2804 250 39 courtisane
881 2816 82 26 aux
986 2801 103 40 bras
1110 2801 53 39 de
1187 2813 68 27 ses
1279 2799 259 52 squelettes.

230 2898 62 40 Le
316 2896 148 54 public
487 2910 54 27 ne
562 2895 64 41 fut
649 2901 136 45 guère
807 2893 188 42 satisfait
1042 2893 36 39 A
1099 2893 170 40 l'instar
1282 2893 57 39 du
1352 2892 137 40 héron
1511 2891 53 40 de
1587 2891 38 40 la
1651 2889 133 51 fable,
1811 2890 28 39 il
1867 2902 17 25 «
1910 2886 233 43 s'attendait

179 2971 21 35 à
225 2968 144 38 mieux
395 2978 37 26 ».
458 2962 304 42 UArtésienne
779 2964 117 39 avait
918 2966 67 36 été
1007 2962 128 51 jugée
1155 2973 256 39 ennuyeuse
1443 2972 8 34 ;
1478 2959 182 41 Carmen
1684 2957 63 41 fut
1771 2959 128 51 jugée
1927 2954 214 43 immorale

175 3044 41 31 et
252 3034 172 52 choqua
477 3033 62 39 les
561 3040 150 31 vertus
731 3030 313 49 bourgeoises.
1082 3027 85 40 Les
1188 3041 110 37 gens
1327 3040 172 27 comme
1531 3027 28 38 il
1583 3025 92 40 faut
1711 3023 222 42 n'osèrent
1964 3038 24 37 y
2011 3029 132 32 mener

176 3103 116 39 leurs
315 3101 153 40 dames
486 3108 41 32 et
550 3099 116 40 leurs
685 3097 300 41 demoiselles.
1012 3095 252 48 D'ailleurs,
1285 3094 229 52 l'exemple
1531 3095 94 39 leur
1647 3092 190 41 tombait
1856 3093 53 38 de
1933 3091 116 39 haut.
2082 3086 59 41 Un

176 3172 201 39 ministre
396 3176 132 44 ayant
563 3166 218 42 demandé
802 3169 21 36 à
847 3164 63 40 M.
937 3165 57 39 du
1037 3163 133 41 Locle
1205 3176 86 27 une
1332 3164 100 48 loge
1463 3175 112 39 pour
1617 3162 39 39 la
1686 3162 217 51 première
1936 3161 205 49 représen-

215 3286 48 43 (1)
289 3286 56 33 Un
368 3292 125 26 savant
513 3284 155 42 critique
688 3282 130 33 d'alors
907 3281 23 31 il
949 3291 17 22 a
984 3280 106 32 laissé
1112 3281 61 31 des
1196 3279 239 33 descendants
1453 3281 17 30 à
1488 3279 138 41 l'usage
1646 3278 42 33 de
1707 3278 157 33 certains
1880 3276 42 32 de
1938 3286 62 22 nos
2020 3269 120 46 grands

171 3339 177 40 journaux
436 3333 147 44 qualifia
608 3336 31 30 le
665 3333 106 33 motif
790 3332 46 31 du
862 3334 126 29 chœur
1017 3330 62 32 des
1115 3328 215 34 marchands
1349 3328 45 32 de
1430 3337 18 23 «
1471 3328 120 33 thème
1613 3328 45 33 de
1690 3328 181 42 quadrille
1900 3339 30 24 »,
1954 3325 79 31 bien
2068 3331 41 31 qu
2123 3319 19 30 il

173 3386 71 33 soit
265 3386 89 33 écrit
369 3387 18 30 à
410 3386 87 31 trois
516 3391 114 33 temps
653 3386 8 29 1
675 3384 190 31 Peut-être
887 3388 55 25 cet
960 3379 117 33 érudit
1098 3379 145 33 avait-il
1262 3379 55 32 été
1336 3377 164 34 entraîné
1519 3380 19 29 à
1553 3385 93 26 cette
1665 3376 195 34 trouvaille
1876 3386 62 30 par
1952 3378 48 30 les
2019 3371 123 42 paroles

171 3436 45 31 du
242 3439 126 29 chœur
385 3434 146 33 suivant
552 3439 205 35 annonçant
778 3431 59 31 «/a
851 3429 179 43 quadrille
1051 3429 9 41 (
1065 3428 188 42 cuadrilla)
1271 3429 61 31 des
1350 3435 181 25 toreros».
1556 3428 56 32 On
1634 3428 69 32 sait
1718 3438 71 31 que
1810 3429 31 30 la
1862 3432 164 27 coutume
2043 3420 77 43 géné-

170 3488 173 30 ralement
362 3485 173 33 observée
557 3493 64 31 par
639 3485 50 31 les
708 3482 140 33 feuilles
864 3483 17 30 à
900 3480 66 33 fort
987 3479 130 42 tirage,
1140 3479 43 32 de
1202 3478 135 33 choisir
1354 3480 95 30 leurs
1469 3478 174 41 critiques
1669 3477 185 32 musicaux
1871 3474 112 42 parmi
2003 3475 47 29 les
2066 3471 60 31 écri-

170 3535 100 33 vains
293 3534 42 40 Q)
354 3533 171 41 ignorant
549 3534 282 39 complètement
848 3532 31 30 la
901 3529 164 41 musique
1084 3537 44 23 ne
1144 3529 81 31 date
1248 3538 61 30 pas
1345 3526 127 33 d'hier.
1494 3527 174 33 Honneur
1687 3537 68 22 aux
1778 3526 119 32 saines
1934 3520 177 36 traditions
2134 3520 4 54 .
