2269 3847
167 282 76 48 146

974 288 198 27 GEORGES
1209 287 119 26 BIZET

163 383 222 50 musique.
414 381 67 40 Eu
501 380 234 45 effet,-l'air
756 377 166 40 semble
944 376 146 40 vibrer
1125 380 21 34 à
1186 374 156 53 l'appel
1375 376 179 38 continu
1578 373 75 39 des
1674 374 107 38 trois
1821 374 167 40 cloches
2020 387 37 31 et
2081 393 41 27 se

160 450 137 39 voiler
319 451 53 38 de
394 449 177 40 brumes
595 447 168 49 légères
789 457 103 27 sous
910 442 156 40 l'effort
1086 442 53 40 de
1158 444 117 38 leurs
1299 442 279 40 battements.
1608 440 170 39 Autour
1800 440 51 39 de
1871 441 112 39 leurs
2005 455 116 32 notes

163 516 221 41 obstinées
405 529 44 26 se
472 522 218 44 groupent
721 513 76 38 des
817 523 105 27 sons
946 519 97 31 tour
1062 514 20 34 à
1106 519 98 30 tour
1226 510 155 50 joyeux
1416 518 40 30 et
1479 520 173 38 graves,
1678 515 40 32 et
1741 515 106 32 cette
1870 510 252 50 symphonie

165 586 203 37 aérienne
384 597 45 25 se
452 583 184 39 termine
659 593 52 25 en
732 593 57 25 un
806 578 199 49 glorieux
1030 577 219 38 crescendo
1273 576 159 39 irradié
1456 576 208 50 d'espoir.

220 651 31 38 Il
266 664 45 26 se
328 651 202 38 souvient
544 661 103 26 sans
666 647 130 39 doute
811 646 52 38 de
877 645 111 39 deux
1002 656 301 39 personnages
1323 644 199 38 dessinés
1536 656 78 37 par
1631 642 37 39 le
1687 646 125 47 poète
1831 655 102 26 avec
1946 657 82 27 une
2042 654 60 33 ten-

165 720 148 38 dresse
325 726 116 31 toute
453 715 274 52 particulière
741 725 7 27 :
766 714 37 39 le
813 715 126 37 vieux
950 712 158 50 berger
1121 711 234 40 Balthazar
1365 720 39 30 et
1416 712 36 38 la
1468 716 116 34 mère
1597 710 200 45 Renaud,
1812 712 73 48 qui
1897 710 223 47 s'aiment.,

165 786 155 50 depuis
339 785 198 50 toujours
560 792 40 30 et
624 789 202 45 peuvent,
854 795 54 25 au
932 782 89 38 soir
1039 780 53 39 de
1115 780 93 38 leur
1226 781 82 47 vie,
1322 776 92 42 s'en
1437 778 106 40 faire
1565 775 119 42 enfin
1704 775 140 41 l'aveu
1862 780 257 52 réciproque.

165 852 56 40 Ils
248 861 74 31 ont
343 853 166 50 inspiré
541 854 21 35 à
586 849 119 40 Bizet
723 849 111 39 deux
857 848 77 39 des
956 848 98 50 plus
1069 846 266 40 admirables
1357 859 230 27 morceaux
1603 845 52 38 de
1678 857 47 26 sa
1743 846 221 48 partition.

273 919 248 39 Intermezzo
544 916 195 41 d'abord.
775 915 66 40 En
875 915 210 51 adoptant
1108 914 40 39 la
1176 912 138 42 forme
1346 914 57 39 du
1427 921 176 31 menuet
1626 911 218 50 classique
1866 911 75 50 (on
1964 910 50 42 l'a
2038 928 63 27 sur-

165 990 179 37 nommé
365 986 38 39 le
421 991 161 33 menuet
601 985 68 37 des
687 982 214 40 vieillards
904 983 30 47 ),
955 982 37 39 le
1011 983 212 38 musicien
1244 980 171 40 semble
1451 981 121 38 avoir
1591 978 133 40 voulu
1748 980 275 39 caractériser
2045 984 75 40 àla

165 1053 84 40 fois
273 1054 38 39 le
334 1061 194 32 moment
545 1058 56 33 où
622 1051 162 40 ceux-ci
805 1058 74 31 ont
902 1051 109 38 senti
1031 1053 138 35 naître
1193 1049 93 39 leur
1304 1062 157 26 amour
1476 1047 159 39 etcelui
1658 1046 52 39 de
1728 1046 38 38 la
1783 1056 226 30 rencontre
2021 1050 81 40 inat-

166 1121 159 40 tendue
338 1121 25 38 d
383 1126 55 34 où
451 1119 124 52 jaillit
591 1117 117 40 enfin
720 1118 10 39 1
751 1131 124 26 aveu.
892 1115 61 41 Le
967 1117 143 39 thème
1121 1115 159 40 débute
1298 1115 285 49 allègrement
1595 1128 51 25 en
1663 1114 181 49 majeur,
1857 1115 97 48 puis
1971 1128 125 29 recom-

167 1201 150 27 mence
337 1189 249 38 aussitôten
603 1187 185 47 mineur,
805 1186 111 37 mais
940 1188 189 41 atténué,
1146 1196 169 27 comme
1334 1182 165 39 affaibli
1520 1190 40 30 et
1578 1181 90 39 ridé
1682 1195 77 37 par
1775 1180 61 39 les
1857 1185 171 37 années.
2059 1183 61 42 Un

166 1270 84 37 peu
273 1255 97 52 plus
394 1255 105 45 loin,-
517 1254 76 39 des
616 1254 273 39 successions
920 1252 52 39 de
995 1253 151 38 tierces
1170 1263 44 26 se
1238 1249 232 40 balancent
1491 1248 239 40 au-dessus
1753 1248 52 39 de
1834 1256 152 42 quatre
2008 1260 112 33 notes

168 1325 230 37 attristées.
437 1320 116 41 C'est
575 1334 171 27 comme
767 1335 57 24 un
849 1319 128 40 chant
998 1320 88 37 très
1104 1318 185 39 lointain
1313 1315 242 41 s'éveillant
1578 1316 109 39 dans
1724 1316 38 38 la
1788 1317 222 46 mémoire,
2032 1328 35 30 et
2088 1321 32 50 je

167 1403 53 27 ne
240 1392 97 49 puis
360 1388 293 52 m'empêcher
673 1385 237 52 d'évoquer
940 1387 52 38 ici
1031 1385 61 39 les
1114 1385 140 39 beaux
1291 1397 97 26 vers
1411 1384 58 39 du
1501 1389 143 45 poète,
1671 1382 223 52 suppliant
1917 1396 66 27 ses
2021 1389 99 38 amis

167 1458 152 40 d'aller
337 1457 220 43 chercher,
582 1469 112 38 pour
715 1455 149 38 bercer
887 1467 80 26 son
991 1454 175 48 agonie,
1186 1465 45 26 sa
1249 1451 144 40 vieille
1416 1453 218 45 nourrice,
1661 1448 87 41 afin

511 1564 216 32 D'entendre
752 1563 161 36 chanter,
933 1568 78 26 tout
1031 1561 73 37 bas,
1127 1561 42 32 de
1191 1571 37 21 sa
1254 1561 158 37 bouche,

796 1611 55 32 Un
875 1611 51 32 air
948 1610 224 34 d'autrefois,

513 1662 138 39 Simple
669 1667 33 26 et
725 1668 206 29 monotone,
956 1670 46 20 un
1024 1659 94 31 doux
1137 1658 52 32 air
1209 1658 62 40 qui
1296 1658 131 33 touche

810 1710 92 30 Avec
927 1717 66 31 peu
1018 1708 41 30 de
1075 1708 95 32 voix.

509 1809 99 32 Vous
631 1819 89 21 nous
742 1808 164 31 laisserez
928 1814 80 24 tous
1027 1808 49 29 les
1099 1806 92 31 deux
1212 1806 182 31 ensemble
1421 1817 7 19 :

807 1856 73 32 Nos
896 1865 118 22 cœurs
1032 1854 177 32 s'uniront
1233 1864 7 29 ;

510 1905 74 32 Elle
600 1906 168 31 chantera
790 1905 82 31 d'un
893 1911 122 24 accent
1033 1903 62 41 qui
1121 1903 163 37 tremble,

807 1954 46 30 La
876 1952 94 32 main
993 1963 61 21 sur
1074 1962 81 21 mon
1172 1951 93 32 front
1287 1951 9 41 (
1308 1962 5 19 i
1327 1951 21 42 ).

220 2064 62 40 Là
302 2064 117 39 aussi
443 2062 61 40 les
552 2064 95 36 voix
683 2059 237 41 s'unissent
962 2068 40 30 et
1037 2059 62 39 les
1136 2071 140 27 cœurs
1310 2058 282 47 s'étreignent
1636 2071 74 26 sur
1733 2058 38 39 le
1808 2057 168 51 rythme
2012 2058 105 40 delà

166 2133 138 39 danse
327 2131 225 46 ancienne,
579 2130 144 38 tandis
744 2140 84 38 que
860 2135 197 31 montent
1078 2126 238 39 lentement
1335 2139 80 25 aux
1438 2138 110 38 yeux
1572 2125 60 39 les
1657 2125 146 51 pleurs
1826 2125 55 39 du
1913 2128 203 36 souvenir.

220 2198 130 45 Mais,
388 2211 54 26 au
480 2196 149 40 milieu
670 2196 57 38 du
771 2203 191 37 menuet,
1001 2194 107 38 voici
1153 2194 120 38 venir
1301 2192 38 39 la
1374 2192 160 51 phrase
1566 2193 287 50 printanière,
1891 2192 228 49 largement

167 2267 215 51 épanouie
405 2278 104 26 sous
530 2264 38 39 le
589 2276 226 26 murmure
838 2262 83 38 ailé
942 2261 76 39 des
1038 2260 190 40 violons.
1257 2259 119 40 C'est
1396 2259 249 40 l'immortel
1666 2273 155 25 amour
1841 2261 72 50 qui
1939 2264 180 47 apparaît

168 2347 52 26 en
245 2333 142 51 pleine
404 2332 197 47 lumière,
633 2339 40 31 et
705 2330 38 50 je
767 2342 51 26 ne
861 2330 87 38 sais
970 2330 93 37 rien
1086 2330 75 48 qui
1183 2329 83 38 soit
1291 2329 229 49 supérieur
1553 2331 20 34 à
1599 2335 109 31 cette
1724 2328 262 50 inspiration
2008 2333 50 33 où
2080 2340 39 26 se

168 2410 152 30 trouve
342 2400 123 38 réuni
502 2412 46 26 ce
584 2411 84 38 que
702 2405 101 43 peut
840 2395 120 40 offrir
995 2396 52 38 de
1082 2395 99 51 plus
1214 2394 111 39 beau
1362 2394 38 38 la
1428 2396 69 37 vie
1536 2394 212 39 humaine
1771 2405 8 29 ;
1818 2394 37 38 le
1887 2398 95 35 rêve
2018 2394 48 39 de
2085 2394 32 39 la

169 2470 216 49 jeunesse,
404 2475 41 30 et
468 2479 79 26 son
562 2467 147 47 image
726 2462 251 40 fidèlement
994 2463 178 48 gardée,
1198 2465 21 35 à
1243 2462 164 39 l'heure
1430 2462 341 50 crépusculaire,
1790 2462 109 39 dans
1913 2462 61 39 les
1991 2475 127 26 cœurs

170 2537 73 50 qui
267 2543 75 31 ont
360 2533 333 40 véritablement
713 2533 132 37 aimé.

222 2602 94 41 Une
339 2610 121 31 autre
480 2601 256 49 conception
756 2607 63 30 est
895 2599 129 37 sinon
1044 2597 99 50 plus
1243 2596 58 39 du
1320 2598 144 37 moins
1489 2602 228 33 autrement
1734 2596 113 40 belle
1866 2610 8 26 :
1888 2595 99 41 c'est
2005 2595 91 40 Yada-

173 2669 70 39 gio
264 2671 73 49 qui
362 2679 295 39 accompagne
681 2666 39 38 la
739 2673 228 31 rencontre
988 2665 53 39 de
1061 2664 234 40 Balthazar
1314 2671 39 32 et
1373 2664 53 38 de
1442 2662 226 41 Renaude.
1691 2662 179 41 Celle-ci
1889 2672 63 31 est
1969 2677 125 26 annon-

170 2742 71 34 cée
257 2751 78 37 par
357 2751 58 24 un
440 2737 62 37 air
523 2735 114 39 doux
659 2742 40 31 et
728 2733 129 46 lassé,
885 2737 21 35 à
931 2733 38 39 la
984 2732 233 40 démarche
1248 2731 288 39 claudicante.
1565 2730 114 40 Mais
1718 2732 250 50 lorsqu'elle
1988 2745 110 25 recon-

170 2808 90 36 naît
291 2804 37 39 le
374 2804 126 37 vieux
539 2805 136 47 pâtre,
710 2801 115 39 alors
852 2813 85 26 une
959 2798 206 41 ineffable
1188 2798 188 40 mélodie
1407 2796 167 42 confiée
1594 2812 54 26 au
1669 2799 150 39 violon
1842 2812 45 26 se
1924 2812 101 38 pose
2057 2812 63 25 sur

169 2885 86 27 une
292 2881 128 30 tenue
458 2871 57 38 du
553 2868 273 45 violoncelle,
850 2869 99 49 puis
972 2875 148 31 monte
1142 2874 41 32 et
1205 2864 194 52 s'éploie,
1423 2867 99 38 unie
1546 2880 54 25 au
1618 2874 112 31 reste
1747 2866 57 40 du
1824 2875 184 43 quatuor
2037 2874 35 30 et
2087 2866 33 38 le

169 2940 228 39 dominant
429 2936 232 48 toutefois;
694 2936 81 39 elle
806 2935 146 51 plane,
986 2934 250 48 redescend,
1275 2935 97 49 puis
1415 2933 184 51 reprend
1630 2946 80 27 son
1737 2947 140 26 essor.
1911 2933 92 40 Une
2034 2933 85 38 voix

169 3008 98 50 plus
287 3019 133 36 grave
448 3005 58 39 lui
530 3005 162 50 répond
712 3012 109 31 cette
853 3002 97 46 fois,
970 3011 40 30 et
1040 3002 193 50 lorsque,
1255 3013 222 39 parvenue
1507 3001 53 39 de
1582 3013 202 27 nouveau
1809 3005 21 35 à
1854 3015 79 26 son
1951 3005 166 47 apogée,

169 3074 82 39 elle
281 3088 51 25 va
377 3071 219 41 retomber
614 3085 170 31 encore,
807 3079 106 30 cette
936 3071 113 45 voix,
1075 3078 40 31 et
1137 3067 188 40 d'autres
1344 3081 101 26 avec
1464 3069 98 42 elle,
1577 3068 39 39 la
1654 3070 278 39 soutiennent
1951 3077 37 31 et
2011 3068 87 39 l'em-

170 3141 183 50 pêchent
368 3141 54 38 de
441 3138 202 40 défaillir.
762 3137 95 41 Une
876 3138 198 38 dernière
1094 3137 196 45 étreinte,
1315 3144 40 31 et
1388 3149 169 26 comme
1576 3137 62 39 dit
1656 3136 174 41 Hamlet
1862 3139 203 49 expirant,
2089 3134 31 38 le

173 3217 110 31 reste
315 3216 64 31 est
403 3207 211 39 silence...

226 3274 66 41 En
316 3274 91 40 face
422 3274 53 39 de
499 3273 120 40 telles
639 3274 300 49 inspirations,
965 3272 39 39 la
1020 3272 190 48 louange
1225 3271 91 40 doit
1336 3271 231 40 demeurer
1590 3272 272 41 silencieuse.
1888 3271 112 52 Qu'il
2023 3280 96 29 nous

172 3342 146 40 suffise
340 3343 52 38 de
414 3342 92 39 dire
539 3354 83 38 que
657 3341 154 50 jamais
832 3340 199 41 l'amour,
1057 3339 38 38 la
1120 3339 200 49 douleur,
1342 3348 40 30 et
1396 3352 46 26 ce
1476 3341 37 49 je
1555 3353 53 26 ne
1628 3341 86 38 sais
1739 3341 102 51 quoi
1858 3342 52 37 de
1925 3339 112 40 divin
2056 3335 63 52 qui

173 3415 89 35 naît
281 3410 53 40 de
356 3410 93 39 leur
464 3410 153 48 union,
635 3406 119 41 n'ont
774 3408 92 39 rien
887 3408 165 49 inspiré
1069 3407 53 38 de
1144 3406 99 51 plus
1266 3405 186 53 profond
1476 3408 44 38 ni
1541 3407 53 40 de
1616 3408 100 50 plus
1743 3422 94 37 pur.

215 3542 48 42 (i)
282 3542 379 42 Sully-Prudhomme,
697 3541 177 41 i'Agonie.
