<?xml version="1.0" encoding="UTF-8"?>
<alto xmlns:xsi="http://www.w3.org/2001/XMLSchema-instance" xmlns="http://www.loc.gov/standards/alto/ns-v2#" xsi:schemaLocation="http://www.loc.gov/standards/alto/ns-v2# http://www.loc.gov/standards/alto/alto-v2.0.xsd" xmlns:xlink="http://www.w3.org/1999/xlink">
	<Description>
		<MeasurementUnit>mm10</MeasurementUnit>
		<sourceImageInformation>
			<fileName>//fileserver7/IN2-2/Princeton/bmtnabj/1909/03/01_01/00000158.tif</fileName>
		</sourceImageInformation>
		<OCRProcessing ID="OCRPROCESSING_1">
			<preProcessingStep>
				<processingSoftware>
					<softwareCreator>CCS Content Conversion Specialists GmbH, Germany</softwareCreator>
					<softwareName>CCS docWorks</softwareName>
					<softwareVersion>6.7-1.20</softwareVersion>
				</processingSoftware>
			</preProcessingStep>
			<ocrProcessingStep>
				<processingSoftware>
					<softwareCreator>ABBYY (BIT Software), Russia</softwareCreator>
					<softwareName>FineReader</softwareName>
					<softwareVersion>10.0</softwareVersion>
				</processingSoftware>
			</ocrProcessingStep>
		</OCRProcessing>
	</Description>
	<Styles>
		<TextStyle ID="TXT_0" FONTSIZE="14" FONTFAMILY="Times New Roman"/>
		<TextStyle ID="TXT_1" FONTSIZE="12" FONTFAMILY="Times New Roman"/>
		<TextStyle ID="TXT_2" FONTSIZE="14" FONTFAMILY="Times New Roman" FONTSTYLE="italics"/>
		<TextStyle ID="TXT_3" FONTSIZE="12" FONTFAMILY="Times New Roman" FONTSTYLE="italics"/>
		<ParagraphStyle ID="PAR_LEFT" ALIGN="Left"/>
		<ParagraphStyle ID="PAR_CENTER" ALIGN="Center"/>
	</Styles>
	<Layout>
		<Page ID="P16" PHYSICAL_IMG_NR="16" HEIGHT="3847" WIDTH="2252" PRINTED_IMG_NR="144" PC="0.924">
			<TopMargin ID="P16_TM00001" HPOS="0" VPOS="0" WIDTH="2252" HEIGHT="293">
				<TextBlock ID="P16_TB00001" HPOS="159" VPOS="253" WIDTH="66" HEIGHT="38" STYLEREFS="TXT_0 PAR_LEFT">
					<TextLine ID="P16_TL00001" HPOS="159" VPOS="253" WIDTH="66" HEIGHT="38">
						<String ID="P16_ST00001" HPOS="159" VPOS="253" WIDTH="66" HEIGHT="38" CONTENT="144" WC="1.00" CC="000"/>
					</TextLine>
				</TextBlock>
				<TextBlock ID="P16_TB00002" HPOS="961" VPOS="254" WIDTH="359" HEIGHT="26" STYLEREFS="TXT_1 PAR_CENTER">
					<TextLine ID="P16_TL00002" HPOS="961" VPOS="254" WIDTH="359" HEIGHT="26">
						<String ID="P16_ST00002" HPOS="961" VPOS="254" WIDTH="201" HEIGHT="26" CONTENT="GEORGES" WC="0.99" CC="7706000"/>
						<SP ID="P16_SP00001" HPOS="1162" VPOS="280" WIDTH="36"/>
						<String ID="P16_ST00003" HPOS="1198" VPOS="254" WIDTH="122" HEIGHT="25" CONTENT="BIZET" WC="0.61" CC="72134"/>
					</TextLine>
				</TextBlock>
			</TopMargin>
			<LeftMargin ID="P16_LM00001" HPOS="0" VPOS="293" WIDTH="155" HEIGHT="3285"/>
			<RightMargin ID="P16_RM00001" HPOS="2118" VPOS="293" WIDTH="134" HEIGHT="3285"/>
			<BottomMargin ID="P16_BM00001" HPOS="0" VPOS="3578" WIDTH="2252" HEIGHT="269"/>
			<PrintSpace ID="P16_PS00001" HPOS="155" VPOS="293" WIDTH="1963" HEIGHT="3285">
				<TextBlock ID="P16_TB00003" HPOS="155" VPOS="340" WIDTH="1963" HEIGHT="3088" STYLEREFS="TXT_0 PAR_LEFT">
					<TextLine ID="P16_TL00003" HPOS="160" VPOS="341" WIDTH="1954" HEIGHT="56">
						<String ID="P16_ST00004" HPOS="160" VPOS="350" WIDTH="127" HEIGHT="37" CONTENT="vêtue" WC="0.97" CC="66360"/>
						<SP ID="P16_SP00002" HPOS="287" VPOS="387" WIDTH="22"/>
						<String ID="P16_ST00005" HPOS="309" VPOS="346" WIDTH="53" HEIGHT="40" CONTENT="de" WC="0.94" CC="10"/>
						<SP ID="P16_SP00003" HPOS="362" VPOS="387" WIDTH="23"/>
						<String ID="P16_ST00006" HPOS="385" VPOS="347" WIDTH="112" HEIGHT="49" CONTENT="noir," WC="0.98" CC="60254"/>
						<SP ID="P16_SP00004" HPOS="497" VPOS="396" WIDTH="25"/>
						<String ID="P16_ST00007" HPOS="522" VPOS="347" WIDTH="114" HEIGHT="38" CONTENT="ainsi" WC="0.99" CC="20500"/>
						<SP ID="P16_SP00005" HPOS="636" VPOS="396" WIDTH="25"/>
						<String ID="P16_ST00008" HPOS="661" VPOS="358" WIDTH="83" HEIGHT="39" CONTENT="que" WC="0.98" CC="050"/>
						<SP ID="P16_SP00006" HPOS="744" VPOS="397" WIDTH="27"/>
						<String ID="P16_ST00009" HPOS="771" VPOS="343" WIDTH="235" HEIGHT="51" CONTENT="l'étranger" WC="0.99" CC="2273136703"/>
						<SP ID="P16_SP00007" HPOS="1006" VPOS="397" WIDTH="16"/>
						<String ID="P16_ST00010" HPOS="1022" VPOS="345" WIDTH="53" HEIGHT="38" CONTENT="de" WC="0.74" CC="50"/>
						<SP ID="P16_SP00008" HPOS="1075" VPOS="397" WIDTH="23"/>
						<String ID="P16_ST00011" HPOS="1098" VPOS="345" WIDTH="37" HEIGHT="39" CONTENT="la" WC="1.00" CC="00"/>
						<SP ID="P16_SP00009" HPOS="1135" VPOS="397" WIDTH="23"/>
						<String ID="P16_ST00012" HPOS="1158" VPOS="343" WIDTH="108" HEIGHT="40" CONTENT="Nuit" WC="0.96" CC="5623" STYLEREFS="TXT_2"/>
						<SP ID="P16_SP00010" HPOS="1266" VPOS="397" WIDTH="16"/>
						<String ID="P16_ST00013" HPOS="1282" VPOS="344" WIDTH="49" HEIGHT="38" CONTENT="de" WC="0.64" CC="25" STYLEREFS="TXT_2"/>
						<SP ID="P16_SP00011" HPOS="1331" VPOS="397" WIDTH="17"/>
						<String ID="P16_ST00014" HPOS="1348" VPOS="343" WIDTH="240" HEIGHT="40" CONTENT="Décembre." WC="0.98" CC="056622237" STYLEREFS="TXT_2"/>
						<SP ID="P16_SP00012" HPOS="1588" VPOS="397" WIDTH="26"/>
						<String ID="P16_ST00015" HPOS="1614" VPOS="341" WIDTH="53" HEIGHT="40" CONTENT="Et" WC="0.70" CC="05"/>
						<SP ID="P16_SP00013" HPOS="1667" VPOS="397" WIDTH="22"/>
						<String ID="P16_ST00016" HPOS="1689" VPOS="341" WIDTH="103" HEIGHT="40" CONTENT="c'est" WC="0.99" CC="02005"/>
						<SP ID="P16_SP00014" HPOS="1792" VPOS="397" WIDTH="20"/>
						<String ID="P16_ST00017" HPOS="1812" VPOS="355" WIDTH="73" HEIGHT="26" CONTENT="sur" WC="0.99" CC="030"/>
						<SP ID="P16_SP00015" HPOS="1885" VPOS="397" WIDTH="18"/>
						<String ID="P16_ST00018" HPOS="1903" VPOS="357" WIDTH="80" HEIGHT="26" CONTENT="une" WC="0.98" CC="600"/>
						<SP ID="P16_SP00016" HPOS="1983" VPOS="397" WIDTH="19"/>
						<String ID="P16_ST00019" HPOS="2002" VPOS="353" WIDTH="112" HEIGHT="37" CONTENT="scène" WC="0.97" CC="00873"/>
					</TextLine>
					<TextLine ID="P16_TL00004" HPOS="155" VPOS="407" WIDTH="1958" HEIGHT="58">
						<String ID="P16_ST00020" HPOS="155" VPOS="414" WIDTH="53" HEIGHT="40" CONTENT="de" WC="1.00" CC="00"/>
						<SP ID="P16_SP00017" HPOS="208" VPOS="454" WIDTH="21"/>
						<String ID="P16_ST00021" HPOS="229" VPOS="428" WIDTH="112" HEIGHT="36" CONTENT="sang" WC="0.97" CC="0409"/>
						<SP ID="P16_SP00018" HPOS="341" VPOS="464" WIDTH="19"/>
						<String ID="P16_ST00022" HPOS="360" VPOS="423" WIDTH="40" HEIGHT="31" CONTENT="et" WC="1.00" CC="00"/>
						<SP ID="P16_SP00019" HPOS="400" VPOS="464" WIDTH="22"/>
						<String ID="P16_ST00023" HPOS="422" VPOS="414" WIDTH="52" HEIGHT="39" CONTENT="de" WC="1.00" CC="00"/>
						<SP ID="P16_SP00020" HPOS="474" VPOS="464" WIDTH="20"/>
						<String ID="P16_ST00024" HPOS="494" VPOS="414" WIDTH="228" HEIGHT="51" CONTENT="désespoir" WC="1.00" CC="060000000"/>
						<SP ID="P16_SP00021" HPOS="722" VPOS="465" WIDTH="17"/>
						<String ID="P16_ST00025" HPOS="739" VPOS="427" WIDTH="84" HEIGHT="37" CONTENT="que" WC="0.97" CC="350"/>
						<SP ID="P16_SP00022" HPOS="823" VPOS="465" WIDTH="19"/>
						<String ID="P16_ST00026" HPOS="842" VPOS="412" WIDTH="147" HEIGHT="40" CONTENT="tombe" WC="1.00" CC="01010"/>
						<SP ID="P16_SP00023" HPOS="989" VPOS="465" WIDTH="18"/>
						<String ID="P16_ST00027" HPOS="1007" VPOS="412" WIDTH="37" HEIGHT="39" CONTENT="le" WC="0.81" CC="30"/>
						<SP ID="P16_SP00024" HPOS="1044" VPOS="465" WIDTH="17"/>
						<String ID="P16_ST00028" HPOS="1061" VPOS="413" WIDTH="167" HEIGHT="48" CONTENT="rideau," WC="0.99" CC="4100004"/>
						<SP ID="P16_SP00025" HPOS="1228" VPOS="465" WIDTH="18"/>
						<String ID="P16_ST00029" HPOS="1246" VPOS="412" WIDTH="110" HEIGHT="39" CONTENT="dans" WC="0.99" CC="0040"/>
						<SP ID="P16_SP00026" HPOS="1356" VPOS="465" WIDTH="20"/>
						<String ID="P16_ST00030" HPOS="1376" VPOS="425" WIDTH="46" HEIGHT="26" CONTENT="ce" WC="0.84" CC="30"/>
						<SP ID="P16_SP00027" HPOS="1422" VPOS="465" WIDTH="15"/>
						<String ID="P16_ST00031" HPOS="1437" VPOS="409" WIDTH="79" HEIGHT="40" CONTENT="Jeu" WC="0.98" CC="005" STYLEREFS="TXT_2"/>
						<SP ID="P16_SP00028" HPOS="1516" VPOS="465" WIDTH="23"/>
						<String ID="P16_ST00032" HPOS="1539" VPOS="411" WIDTH="49" HEIGHT="37" CONTENT="de" WC="0.95" CC="00" STYLEREFS="TXT_2"/>
						<SP ID="P16_SP00029" HPOS="1588" VPOS="465" WIDTH="14"/>
						<String ID="P16_ST00033" HPOS="1602" VPOS="407" WIDTH="192" HEIGHT="42" CONTENT="l'Amour" WC="0.99" CC="0400050" STYLEREFS="TXT_2"/>
						<SP ID="P16_SP00030" HPOS="1794" VPOS="465" WIDTH="19"/>
						<String ID="P16_ST00034" HPOS="1813" VPOS="416" WIDTH="38" HEIGHT="33" CONTENT="et" WC="0.76" CC="04" STYLEREFS="TXT_2"/>
						<SP ID="P16_SP00031" HPOS="1851" VPOS="465" WIDTH="19"/>
						<String ID="P16_ST00035" HPOS="1870" VPOS="412" WIDTH="49" HEIGHT="37" CONTENT="de" WC="0.70" CC="05" STYLEREFS="TXT_2"/>
						<SP ID="P16_SP00032" HPOS="1919" VPOS="465" WIDTH="19"/>
						<String ID="P16_ST00036" HPOS="1938" VPOS="411" WIDTH="37" HEIGHT="38" CONTENT="la" WC="0.72" CC="05" STYLEREFS="TXT_2"/>
						<SP ID="P16_SP00033" HPOS="1975" VPOS="465" WIDTH="22"/>
						<String ID="P16_ST00037" HPOS="1997" VPOS="412" WIDTH="116" HEIGHT="46" CONTENT="Mort." WC="0.98" CC="20017" STYLEREFS="TXT_2"/>
					</TextLine>
					<TextLine ID="P16_TL00005" HPOS="221" VPOS="525" WIDTH="1893" HEIGHT="55">
						<String ID="P16_ST00038" HPOS="221" VPOS="534" WIDTH="115" HEIGHT="39" CONTENT="Mais" WC="0.99" CC="2300"/>
						<SP ID="P16_SP00034" HPOS="336" VPOS="573" WIDTH="24"/>
						<String ID="P16_ST00039" HPOS="360" VPOS="532" WIDTH="102" HEIGHT="41" CONTENT="c'est" WC="0.99" CC="03006"/>
						<SP ID="P16_SP00035" HPOS="462" VPOS="573" WIDTH="23"/>
						<String ID="P16_ST00040" HPOS="485" VPOS="531" WIDTH="181" HEIGHT="40" CONTENT="d'abord" WC="1.00" CC="0260000"/>
						<SP ID="P16_SP00036" HPOS="666" VPOS="573" WIDTH="26"/>
						<String ID="P16_ST00041" HPOS="692" VPOS="529" WIDTH="188" HEIGHT="40" CONTENT="l'amour" WC="0.98" CC="0469070"/>
						<SP ID="P16_SP00037" HPOS="880" VPOS="573" WIDTH="33"/>
						<String ID="P16_ST00042" HPOS="913" VPOS="531" WIDTH="73" HEIGHT="49" CONTENT="qui" WC="0.98" CC="004"/>
						<SP ID="P16_SP00038" HPOS="986" VPOS="580" WIDTH="30"/>
						<String ID="P16_ST00043" HPOS="1016" VPOS="529" WIDTH="135" HEIGHT="51" CONTENT="parle," WC="0.98" CC="500307"/>
						<SP ID="P16_SP00039" HPOS="1151" VPOS="580" WIDTH="35"/>
						<String ID="P16_ST00044" HPOS="1186" VPOS="529" WIDTH="110" HEIGHT="38" CONTENT="dans" WC="0.99" CC="0060"/>
						<SP ID="P16_SP00040" HPOS="1296" VPOS="580" WIDTH="35"/>
						<String ID="P16_ST00045" HPOS="1331" VPOS="528" WIDTH="62" HEIGHT="39" CONTENT="les" WC="0.97" CC="421"/>
						<SP ID="P16_SP00041" HPOS="1393" VPOS="580" WIDTH="25"/>
						<String ID="P16_ST00046" HPOS="1418" VPOS="526" WIDTH="210" HEIGHT="40" CONTENT="Pécheurs" WC="0.99" CC="24600606" STYLEREFS="TXT_2"/>
						<SP ID="P16_SP00042" HPOS="1628" VPOS="580" WIDTH="37"/>
						<String ID="P16_ST00047" HPOS="1665" VPOS="526" WIDTH="48" HEIGHT="38" CONTENT="de" WC="1.00" CC="00" STYLEREFS="TXT_2"/>
						<SP ID="P16_SP00043" HPOS="1713" VPOS="580" WIDTH="22"/>
						<String ID="P16_ST00048" HPOS="1735" VPOS="525" WIDTH="161" HEIGHT="46" CONTENT="Perles," WC="0.99" CC="0030088" STYLEREFS="TXT_2"/>
						<SP ID="P16_SP00044" HPOS="1896" VPOS="580" WIDTH="40"/>
						<String ID="P16_ST00049" HPOS="1936" VPOS="527" WIDTH="115" HEIGHT="50" CONTENT="joués" WC="0.99" CC="03600"/>
						<SP ID="P16_SP00045" HPOS="2051" VPOS="580" WIDTH="19"/>
						<String ID="P16_ST00050" HPOS="2070" VPOS="545" WIDTH="44" HEIGHT="28" CONTENT="en" WC="0.59" CC="16"/>
					</TextLine>
					<TextLine ID="P16_TL00006" HPOS="162" VPOS="594" WIDTH="1952" HEIGHT="56">
						<String ID="P16_ST00051" HPOS="162" VPOS="605" WIDTH="114" HEIGHT="45" CONTENT="1863." WC="0.72" CC="60070"/>
						<SP ID="P16_SP00046" HPOS="276" VPOS="650" WIDTH="35"/>
						<String ID="P16_ST00052" HPOS="311" VPOS="600" WIDTH="61" HEIGHT="39" CONTENT="Le" WC="0.66" CC="60"/>
						<SP ID="P16_SP00047" HPOS="372" VPOS="650" WIDTH="22"/>
						<String ID="P16_ST00053" HPOS="394" VPOS="601" WIDTH="126" HEIGHT="38" CONTENT="livret" WC="0.99" CC="310005"/>
						<SP ID="P16_SP00048" HPOS="520" VPOS="650" WIDTH="22"/>
						<String ID="P16_ST00054" HPOS="542" VPOS="611" WIDTH="103" HEIGHT="26" CONTENT="sans" WC="0.98" CC="0360"/>
						<SP ID="P16_SP00049" HPOS="645" VPOS="650" WIDTH="26"/>
						<String ID="P16_ST00055" HPOS="671" VPOS="597" WIDTH="134" HEIGHT="39" CONTENT="doute" WC="0.99" CC="03600"/>
						<SP ID="P16_SP00050" HPOS="805" VPOS="650" WIDTH="20"/>
						<String ID="P16_ST00056" HPOS="825" VPOS="605" WIDTH="64" HEIGHT="31" CONTENT="est" WC="1.00" CC="000"/>
						<SP ID="P16_SP00051" HPOS="889" VPOS="650" WIDTH="21"/>
						<String ID="P16_ST00057" HPOS="910" VPOS="597" WIDTH="76" HEIGHT="38" CONTENT="des" WC="1.00" CC="000"/>
						<SP ID="P16_SP00052" HPOS="986" VPOS="650" WIDTH="20"/>
						<String ID="P16_ST00058" HPOS="1006" VPOS="596" WIDTH="97" HEIGHT="52" CONTENT="plus" WC="1.00" CC="0000"/>
						<SP ID="P16_SP00053" HPOS="1103" VPOS="650" WIDTH="21"/>
						<String ID="P16_ST00059" HPOS="1124" VPOS="595" WIDTH="259" HEIGHT="40" CONTENT="médiocres." WC="0.99" CC="0502009004"/>
						<SP ID="P16_SP00054" HPOS="1383" VPOS="650" WIDTH="22"/>
						<String ID="P16_ST00060" HPOS="1405" VPOS="594" WIDTH="124" HEIGHT="40" CONTENT="Nous" WC="0.99" CC="5000"/>
						<SP ID="P16_SP00055" HPOS="1529" VPOS="650" WIDTH="25"/>
						<String ID="P16_ST00061" HPOS="1554" VPOS="602" WIDTH="266" HEIGHT="43" CONTENT="partageons" WC="1.00" CC="0005300050"/>
						<SP ID="P16_SP00056" HPOS="1820" VPOS="650" WIDTH="36"/>
						<String ID="P16_ST00062" HPOS="1856" VPOS="597" WIDTH="21" HEIGHT="34" CONTENT="à" WC="0.33" CC="6"/>
						<SP ID="P16_SP00057" HPOS="1877" VPOS="650" WIDTH="33"/>
						<String ID="P16_ST00063" HPOS="1910" VPOS="602" WIDTH="62" HEIGHT="31" CONTENT="cet" WC="1.00" CC="000"/>
						<SP ID="P16_SP00058" HPOS="1972" VPOS="650" WIDTH="21"/>
						<String ID="P16_ST00064" HPOS="1993" VPOS="601" WIDTH="121" HEIGHT="44" CONTENT="égard" WC="0.97" CC="09162"/>
					</TextLine>
					<TextLine ID="P16_TL00007" HPOS="156" VPOS="661" WIDTH="1959" HEIGHT="58">
						<String ID="P16_ST00065" HPOS="156" VPOS="667" WIDTH="211" HEIGHT="52" CONTENT="l'opinion" WC="1.00" CC="340000300"/>
						<SP ID="P16_SP00059" HPOS="367" VPOS="719" WIDTH="24"/>
						<String ID="P16_ST00066" HPOS="391" VPOS="667" WIDTH="76" HEIGHT="39" CONTENT="des" WC="1.00" CC="000"/>
						<SP ID="P16_SP00060" HPOS="467" VPOS="719" WIDTH="25"/>
						<String ID="P16_ST00067" HPOS="492" VPOS="674" WIDTH="178" HEIGHT="31" CONTENT="auteurs" WC="0.99" CC="0510702"/>
						<SP ID="P16_SP00061" HPOS="670" VPOS="719" WIDTH="33"/>
						<String ID="P16_ST00068" HPOS="703" VPOS="668" WIDTH="288" HEIGHT="42" CONTENT="eux-mêmes," WC="1.00" CC="0034050004"/>
						<SP ID="P16_SP00062" HPOS="991" VPOS="719" WIDTH="22"/>
						<String ID="P16_ST00069" HPOS="1013" VPOS="663" WIDTH="107" HEIGHT="40" CONTENT="dont" WC="0.97" CC="0039"/>
						<SP ID="P16_SP00063" HPOS="1120" VPOS="719" WIDTH="23"/>
						<String ID="P16_ST00070" HPOS="1143" VPOS="662" WIDTH="87" HEIGHT="41" CONTENT="l'un" WC="0.98" CC="0460"/>
						<SP ID="P16_SP00064" HPOS="1230" VPOS="719" WIDTH="23"/>
						<String ID="P16_ST00071" HPOS="1253" VPOS="664" WIDTH="176" HEIGHT="38" CONTENT="écrivait" WC="0.99" CC="60600010"/>
						<SP ID="P16_SP00065" HPOS="1429" VPOS="719" WIDTH="37"/>
						<String ID="P16_ST00072" HPOS="1466" VPOS="675" WIDTH="103" HEIGHT="26" CONTENT="avec" WC="0.99" CC="0600"/>
						<SP ID="P16_SP00066" HPOS="1569" VPOS="719" WIDTH="22"/>
						<String ID="P16_ST00073" HPOS="1591" VPOS="674" WIDTH="85" HEIGHT="27" CONTENT="une" WC="0.95" CC="660"/>
						<SP ID="P16_SP00067" HPOS="1676" VPOS="719" WIDTH="36"/>
						<String ID="P16_ST00074" HPOS="1712" VPOS="663" WIDTH="170" HEIGHT="36" CONTENT="naïveté" WC="0.99" CC="7350000"/>
						<SP ID="P16_SP00068" HPOS="1882" VPOS="719" WIDTH="35"/>
						<String ID="P16_ST00075" HPOS="1917" VPOS="663" WIDTH="71" HEIGHT="49" CONTENT="qui" WC="0.97" CC="053"/>
						<SP ID="P16_SP00069" HPOS="1988" VPOS="719" WIDTH="37"/>
						<String ID="P16_ST00076" HPOS="2025" VPOS="661" WIDTH="72" HEIGHT="45" CONTENT="l'ho" SUBS_TYPE="HypPart1" SUBS_CONTENT="l'honore" WC="0.98" CC="4400"/>
						<HYP HPOS="2097" VPOS="661" WIDTH="18" CONTENT="-"/>
					</TextLine>
					<TextLine ID="P16_TL00008" HPOS="156" VPOS="728" WIDTH="1959" HEIGHT="52">
						<String ID="P16_ST00077" HPOS="156" VPOS="748" WIDTH="105" HEIGHT="27" CONTENT="nore" SUBS_TYPE="HypPart2" SUBS_CONTENT="l'honore" WC="0.98" CC="6300"/>
						<SP ID="P16_SP00070" HPOS="261" VPOS="775" WIDTH="30"/>
						<String ID="P16_ST00078" HPOS="291" VPOS="748" WIDTH="8" HEIGHT="25" CONTENT=":" WC="1.00" CC="0"/>
						<SP ID="P16_SP00071" HPOS="299" VPOS="775" WIDTH="26"/>
						<String ID="P16_ST00079" HPOS="325" VPOS="747" WIDTH="18" HEIGHT="24" CONTENT="«" WC="1.00" CC="0"/>
						<SP ID="P16_SP00072" HPOS="343" VPOS="775" WIDTH="20"/>
						<String ID="P16_ST00080" HPOS="363" VPOS="732" WIDTH="47" HEIGHT="41" CONTENT="Si" WC="0.80" CC="04"/>
						<SP ID="P16_SP00073" HPOS="410" VPOS="775" WIDTH="32"/>
						<String ID="P16_ST00081" HPOS="442" VPOS="747" WIDTH="113" HEIGHT="26" CONTENT="nous" WC="0.99" CC="0040"/>
						<SP ID="P16_SP00074" HPOS="555" VPOS="775" WIDTH="25"/>
						<String ID="P16_ST00082" HPOS="580" VPOS="734" WIDTH="153" HEIGHT="38" CONTENT="avions" WC="0.99" CC="001140"/>
						<SP ID="P16_SP00075" HPOS="733" VPOS="775" WIDTH="25"/>
						<String ID="P16_ST00083" HPOS="758" VPOS="745" WIDTH="141" HEIGHT="26" CONTENT="connu" WC="0.99" CC="00006"/>
						<SP ID="P16_SP00076" HPOS="899" VPOS="775" WIDTH="26"/>
						<String ID="P16_ST00084" HPOS="925" VPOS="731" WIDTH="37" HEIGHT="39" CONTENT="le" WC="1.00" CC="00"/>
						<SP ID="P16_SP00077" HPOS="962" VPOS="775" WIDTH="30"/>
						<String ID="P16_ST00085" HPOS="992" VPOS="731" WIDTH="135" HEIGHT="39" CONTENT="talent" WC="0.99" CC="006060"/>
						<SP ID="P16_SP00078" HPOS="1127" VPOS="775" WIDTH="23"/>
						<String ID="P16_ST00086" HPOS="1150" VPOS="731" WIDTH="52" HEIGHT="38" CONTENT="de" WC="1.00" CC="00"/>
						<SP ID="P16_SP00079" HPOS="1202" VPOS="775" WIDTH="24"/>
						<String ID="P16_ST00087" HPOS="1226" VPOS="729" WIDTH="58" HEIGHT="40" CONTENT="M." WC="1.00" CC="00"/>
						<SP ID="P16_SP00080" HPOS="1284" VPOS="775" WIDTH="27"/>
						<String ID="P16_ST00088" HPOS="1311" VPOS="729" WIDTH="136" HEIGHT="47" CONTENT="Bizet," WC="0.94" CC="030000"/>
						<SP ID="P16_SP00081" HPOS="1447" VPOS="776" WIDTH="26"/>
						<String ID="P16_ST00089" HPOS="1473" VPOS="741" WIDTH="112" HEIGHT="28" CONTENT="nous" WC="0.99" CC="0050"/>
						<SP ID="P16_SP00082" HPOS="1585" VPOS="776" WIDTH="25"/>
						<String ID="P16_ST00090" HPOS="1610" VPOS="741" WIDTH="52" HEIGHT="27" CONTENT="ne" WC="0.69" CC="60"/>
						<SP ID="P16_SP00083" HPOS="1662" VPOS="776" WIDTH="30"/>
						<String ID="P16_ST00091" HPOS="1692" VPOS="728" WIDTH="59" HEIGHT="39" CONTENT="lui" WC="0.95" CC="434"/>
						<SP ID="P16_SP00084" HPOS="1751" VPOS="776" WIDTH="25"/>
						<String ID="P16_ST00092" HPOS="1776" VPOS="729" WIDTH="177" HEIGHT="38" CONTENT="aurions" WC="0.99" CC="1502010"/>
						<SP ID="P16_SP00085" HPOS="1953" VPOS="776" WIDTH="23"/>
						<String ID="P16_ST00093" HPOS="1976" VPOS="729" WIDTH="139" HEIGHT="51" CONTENT="jamais" WC="0.98" CC="056530"/>
					</TextLine>
					<TextLine ID="P16_TL00009" HPOS="156" VPOS="795" WIDTH="1959" HEIGHT="57">
						<String ID="P16_ST00094" HPOS="156" VPOS="802" WIDTH="145" HEIGHT="40" CONTENT="donné" WC="0.99" CC="00600"/>
						<SP ID="P16_SP00086" HPOS="301" VPOS="842" WIDTH="17"/>
						<String ID="P16_ST00095" HPOS="318" VPOS="809" WIDTH="109" HEIGHT="32" CONTENT="cette" WC="0.99" CC="20050"/>
						<SP ID="P16_SP00087" HPOS="427" VPOS="842" WIDTH="22"/>
						<String ID="P16_ST00096" HPOS="449" VPOS="802" WIDTH="134" HEIGHT="50" CONTENT="pièce." WC="0.99" CC="048003"/>
						<SP ID="P16_SP00088" HPOS="583" VPOS="852" WIDTH="41"/>
						<String ID="P16_ST00097" HPOS="624" VPOS="813" WIDTH="18" HEIGHT="23" CONTENT="»" WC="0.72" CC="2"/>
						<SP ID="P16_SP00089" HPOS="642" VPOS="852" WIDTH="27"/>
						<String ID="P16_ST00098" HPOS="669" VPOS="799" WIDTH="211" HEIGHT="40" CONTENT="Habemus" WC="0.81" CC="6600000" STYLEREFS="TXT_2"/>
						<SP ID="P16_SP00090" HPOS="880" VPOS="852" WIDTH="19"/>
						<String ID="P16_ST00099" HPOS="899" VPOS="798" WIDTH="265" HEIGHT="51" CONTENT="confiientem" WC="0.84" CC="50501003000" STYLEREFS="TXT_2"/>
						<SP ID="P16_SP00091" HPOS="1164" VPOS="852" WIDTH="24"/>
						<String ID="P16_ST00100" HPOS="1188" VPOS="812" WIDTH="111" HEIGHT="23" CONTENT="reum" WC="0.93" CC="2000" STYLEREFS="TXT_2"/>
						<SP ID="P16_SP00092" HPOS="1299" VPOS="852" WIDTH="18"/>
						<String ID="P16_ST00101" HPOS="1317" VPOS="799" WIDTH="12" HEIGHT="37" CONTENT="/" WC="1.00" CC="9"/>
						<SP ID="P16_SP00093" HPOS="1329" VPOS="852" WIDTH="20"/>
						<String ID="P16_ST00102" HPOS="1349" VPOS="797" WIDTH="114" HEIGHT="39" CONTENT="Mais" WC="0.98" CC="0740"/>
						<SP ID="P16_SP00094" HPOS="1463" VPOS="852" WIDTH="20"/>
						<String ID="P16_ST00103" HPOS="1483" VPOS="797" WIDTH="37" HEIGHT="38" CONTENT="la" WC="0.81" CC="30"/>
						<SP ID="P16_SP00095" HPOS="1520" VPOS="852" WIDTH="26"/>
						<String ID="P16_ST00104" HPOS="1546" VPOS="797" WIDTH="206" HEIGHT="49" CONTENT="musique" WC="0.99" CC="0603060"/>
						<SP ID="P16_SP00096" HPOS="1752" VPOS="852" WIDTH="31"/>
						<String ID="P16_ST00105" HPOS="1783" VPOS="803" WIDTH="66" HEIGHT="31" CONTENT="est" WC="1.00" CC="000"/>
						<SP ID="P16_SP00097" HPOS="1849" VPOS="852" WIDTH="33"/>
						<String ID="P16_ST00106" HPOS="1882" VPOS="795" WIDTH="33" HEIGHT="39" CONTENT="si" WC="0.78" CC="04"/>
						<SP ID="P16_SP00098" HPOS="1915" VPOS="852" WIDTH="33"/>
						<String ID="P16_ST00107" HPOS="1948" VPOS="809" WIDTH="167" HEIGHT="33" CONTENT="souvent" WC="0.99" CC="2000209"/>
					</TextLine>
					<TextLine ID="P16_TL00010" HPOS="156" VPOS="863" WIDTH="1960" HEIGHT="52">
						<String ID="P16_ST00108" HPOS="156" VPOS="875" WIDTH="126" HEIGHT="35" CONTENT="émue" WC="0.98" CC="8000"/>
						<SP ID="P16_SP00099" HPOS="282" VPOS="910" WIDTH="22"/>
						<String ID="P16_ST00109" HPOS="304" VPOS="878" WIDTH="41" HEIGHT="31" CONTENT="et" WC="0.78" CC="04"/>
						<SP ID="P16_SP00100" HPOS="345" VPOS="910" WIDTH="23"/>
						<String ID="P16_ST00110" HPOS="368" VPOS="867" WIDTH="275" HEIGHT="41" CONTENT="charmante!" WC="1.00" CC="0200006003"/>
						<SP ID="P16_SP00101" HPOS="643" VPOS="910" WIDTH="28"/>
						<String ID="P16_ST00111" HPOS="671" VPOS="866" WIDTH="173" HEIGHT="41" CONTENT="Parfois" WC="0.99" CC="3213000"/>
						<SP ID="P16_SP00102" HPOS="844" VPOS="910" WIDTH="23"/>
						<String ID="P16_ST00112" HPOS="867" VPOS="867" WIDTH="80" HEIGHT="38" CONTENT="elle" WC="0.98" CC="0560"/>
						<SP ID="P16_SP00103" HPOS="947" VPOS="910" WIDTH="21"/>
						<String ID="P16_ST00113" HPOS="968" VPOS="875" WIDTH="63" HEIGHT="31" CONTENT="est" WC="0.99" CC="002"/>
						<SP ID="P16_SP00104" HPOS="1031" VPOS="910" WIDTH="22"/>
						<String ID="P16_ST00114" HPOS="1053" VPOS="866" WIDTH="200" HEIGHT="39" CONTENT="radieuse" WC="0.99" CC="05020630"/>
						<SP ID="P16_SP00105" HPOS="1253" VPOS="910" WIDTH="22"/>
						<String ID="P16_ST00115" HPOS="1275" VPOS="874" WIDTH="40" HEIGHT="29" CONTENT="et" WC="0.71" CC="05"/>
						<SP ID="P16_SP00106" HPOS="1315" VPOS="910" WIDTH="23"/>
						<String ID="P16_ST00116" HPOS="1338" VPOS="864" WIDTH="128" HEIGHT="40" CONTENT="bleue" WC="0.99" CC="05020"/>
						<SP ID="P16_SP00107" HPOS="1466" VPOS="910" WIDTH="23"/>
						<String ID="P16_ST00117" HPOS="1489" VPOS="876" WIDTH="169" HEIGHT="27" CONTENT="comme" WC="1.00" CC="03000"/>
						<SP ID="P16_SP00108" HPOS="1658" VPOS="910" WIDTH="25"/>
						<String ID="P16_ST00118" HPOS="1683" VPOS="863" WIDTH="35" HEIGHT="39" CONTENT="la" WC="0.88" CC="02"/>
						<SP ID="P16_SP00109" HPOS="1718" VPOS="910" WIDTH="34"/>
						<String ID="P16_ST00119" HPOS="1752" VPOS="875" WIDTH="93" HEIGHT="26" CONTENT="mer" WC="1.00" CC="000"/>
						<SP ID="P16_SP00110" HPOS="1845" VPOS="910" WIDTH="31"/>
						<String ID="P16_ST00120" HPOS="1876" VPOS="864" WIDTH="72" HEIGHT="49" CONTENT="qui" WC="1.00" CC="000"/>
						<SP ID="P16_SP00111" HPOS="1948" VPOS="913" WIDTH="24"/>
						<String ID="P16_ST00121" HPOS="1972" VPOS="863" WIDTH="144" HEIGHT="52" CONTENT="baigne" WC="0.99" CC="030700"/>
					</TextLine>
					<TextLine ID="P16_TL00011" HPOS="158" VPOS="931" WIDTH="1957" HEIGHT="57">
						<String ID="P16_ST00122" HPOS="158" VPOS="938" WIDTH="62" HEIGHT="39" CONTENT="les" WC="0.98" CC="400"/>
						<SP ID="P16_SP00112" HPOS="220" VPOS="977" WIDTH="42"/>
						<String ID="P16_ST00123" HPOS="262" VPOS="937" WIDTH="124" HEIGHT="51" CONTENT="pieds" WC="1.00" CC="01000"/>
						<SP ID="P16_SP00113" HPOS="386" VPOS="988" WIDTH="34"/>
						<String ID="P16_ST00124" HPOS="420" VPOS="936" WIDTH="51" HEIGHT="39" CONTENT="de" WC="1.00" CC="00"/>
						<SP ID="P16_SP00114" HPOS="471" VPOS="988" WIDTH="40"/>
						<String ID="P16_ST00125" HPOS="511" VPOS="935" WIDTH="38" HEIGHT="40" CONTENT="la" WC="1.00" CC="00"/>
						<SP ID="P16_SP00115" HPOS="549" VPOS="988" WIDTH="39"/>
						<String ID="P16_ST00126" HPOS="588" VPOS="936" WIDTH="149" HEIGHT="49" CONTENT="vierge" WC="1.00" CC="010000"/>
						<SP ID="P16_SP00116" HPOS="737" VPOS="988" WIDTH="30"/>
						<String ID="P16_ST00127" HPOS="767" VPOS="933" WIDTH="138" HEIGHT="47" CONTENT="Leila," WC="0.71" CC="404520"/>
						<SP ID="P16_SP00117" HPOS="905" VPOS="988" WIDTH="39"/>
						<String ID="P16_ST00128" HPOS="944" VPOS="932" WIDTH="164" HEIGHT="52" CONTENT="parfois" WC="0.99" CC="0507200"/>
						<SP ID="P16_SP00118" HPOS="1108" VPOS="988" WIDTH="40"/>
						<String ID="P16_ST00129" HPOS="1148" VPOS="935" WIDTH="117" HEIGHT="38" CONTENT="aussi" WC="0.99" CC="00073"/>
						<SP ID="P16_SP00119" HPOS="1265" VPOS="988" WIDTH="39"/>
						<String ID="P16_ST00130" HPOS="1304" VPOS="933" WIDTH="261" HEIGHT="39" CONTENT="doucement" WC="1.00" CC="000000085"/>
						<SP ID="P16_SP00120" HPOS="1565" VPOS="988" WIDTH="34"/>
						<String ID="P16_ST00131" HPOS="1599" VPOS="931" WIDTH="247" HEIGHT="38" CONTENT="lumineuse" WC="0.99" CC="540404010"/>
						<SP ID="P16_SP00121" HPOS="1846" VPOS="988" WIDTH="24"/>
						<String ID="P16_ST00132" HPOS="1870" VPOS="942" WIDTH="162" HEIGHT="29" CONTENT="comme" WC="0.99" CC="00090"/>
						<SP ID="P16_SP00122" HPOS="2032" VPOS="988" WIDTH="32"/>
						<String ID="P16_ST00133" HPOS="2064" VPOS="935" WIDTH="51" HEIGHT="40" CONTENT="les" WC="0.98" CC="130"/>
					</TextLine>
					<TextLine ID="P16_TL00012" HPOS="158" VPOS="995" WIDTH="1956" HEIGHT="61">
						<String ID="P16_ST00134" HPOS="158" VPOS="1004" WIDTH="141" HEIGHT="52" CONTENT="perles" WC="1.00" CC="000400"/>
						<SP ID="P16_SP00123" HPOS="299" VPOS="1056" WIDTH="38"/>
						<String ID="P16_ST00135" HPOS="337" VPOS="1001" WIDTH="101" HEIGHT="53" CONTENT="qu'y" WC="0.98" CC="0045"/>
						<SP ID="P16_SP00124" HPOS="438" VPOS="1056" WIDTH="31"/>
						<String ID="P16_ST00136" HPOS="469" VPOS="1004" WIDTH="207" HEIGHT="38" CONTENT="viennent" WC="0.99" CC="01056264"/>
						<SP ID="P16_SP00125" HPOS="676" VPOS="1056" WIDTH="33"/>
						<String ID="P16_ST00137" HPOS="709" VPOS="1002" WIDTH="168" HEIGHT="39" CONTENT="cueillir" WC="1.00" CC="05020000"/>
						<SP ID="P16_SP00126" HPOS="877" VPOS="1056" WIDTH="31"/>
						<String ID="P16_ST00138" HPOS="908" VPOS="1002" WIDTH="62" HEIGHT="38" CONTENT="les" WC="0.99" CC="300"/>
						<SP ID="P16_SP00127" HPOS="970" VPOS="1056" WIDTH="34"/>
						<String ID="P16_ST00139" HPOS="1004" VPOS="1001" WIDTH="228" HEIGHT="51" CONTENT="pêcheurs." WC="1.00" CC="000600002"/>
						<SP ID="P16_SP00128" HPOS="1232" VPOS="1056" WIDTH="34"/>
						<String ID="P16_ST00140" HPOS="1266" VPOS="999" WIDTH="86" HEIGHT="40" CONTENT="Les" WC="0.98" CC="400"/>
						<SP ID="P16_SP00129" HPOS="1352" VPOS="1056" WIDTH="38"/>
						<String ID="P16_ST00141" HPOS="1390" VPOS="999" WIDTH="212" HEIGHT="40" CONTENT="mélodies" WC="0.99" CC="06430000"/>
						<SP ID="P16_SP00130" HPOS="1602" VPOS="1056" WIDTH="23"/>
						<String ID="P16_ST00142" HPOS="1625" VPOS="995" WIDTH="88" HEIGHT="42" CONTENT="s'en" WC="0.98" CC="0404"/>
						<SP ID="P16_SP00131" HPOS="1713" VPOS="1056" WIDTH="21"/>
						<String ID="P16_ST00143" HPOS="1734" VPOS="997" WIDTH="179" HEIGHT="39" CONTENT="laissent" WC="1.00" CC="00000000"/>
						<SP ID="P16_SP00132" HPOS="1913" VPOS="1056" WIDTH="28"/>
						<String ID="P16_ST00144" HPOS="1941" VPOS="1001" WIDTH="173" HEIGHT="49" CONTENT="écouter," WC="0.99" CC="00056224"/>
					</TextLine>
					<TextLine ID="P16_TL00013" HPOS="158" VPOS="1065" WIDTH="1956" HEIGHT="56">
						<String ID="P16_ST00145" HPOS="158" VPOS="1077" WIDTH="141" HEIGHT="34" CONTENT="même" WC="0.98" CC="0700"/>
						<SP ID="P16_SP00133" HPOS="299" VPOS="1111" WIDTH="24"/>
						<String ID="P16_ST00146" HPOS="323" VPOS="1075" WIDTH="127" HEIGHT="46" CONTENT="après" WC="0.99" CC="00061"/>
						<SP ID="P16_SP00134" HPOS="450" VPOS="1121" WIDTH="33"/>
						<String ID="P16_ST00147" HPOS="483" VPOS="1070" WIDTH="128" HEIGHT="39" CONTENT="celles" WC="0.99" CC="004610"/>
						<SP ID="P16_SP00135" HPOS="611" VPOS="1121" WIDTH="21"/>
						<String ID="P16_ST00148" HPOS="632" VPOS="1070" WIDTH="56" HEIGHT="39" CONTENT="du" WC="0.95" CC="00"/>
						<SP ID="P16_SP00136" HPOS="688" VPOS="1121" WIDTH="24"/>
						<String ID="P16_ST00149" HPOS="712" VPOS="1069" WIDTH="145" HEIGHT="39" CONTENT="Désert" WC="0.99" CC="410004" STYLEREFS="TXT_2"/>
						<SP ID="P16_SP00137" HPOS="857" VPOS="1121" WIDTH="23"/>
						<String ID="P16_ST00150" HPOS="880" VPOS="1078" WIDTH="40" HEIGHT="31" CONTENT="et" WC="0.90" CC="20"/>
						<SP ID="P16_SP00138" HPOS="920" VPOS="1121" WIDTH="23"/>
						<String ID="P16_ST00151" HPOS="943" VPOS="1069" WIDTH="53" HEIGHT="38" CONTENT="de" WC="1.00" CC="00"/>
						<SP ID="P16_SP00139" HPOS="996" VPOS="1121" WIDTH="21"/>
						<String ID="P16_ST00152" HPOS="1017" VPOS="1066" WIDTH="317" HEIGHT="41" CONTENT="Lalla-Roukh." WC="0.74" CC="340061017203" STYLEREFS="TXT_2"/>
						<SP ID="P16_SP00140" HPOS="1334" VPOS="1121" WIDTH="31"/>
						<String ID="P16_ST00153" HPOS="1365" VPOS="1066" WIDTH="148" HEIGHT="41" CONTENT="Moins" WC="0.99" CC="00250"/>
						<SP ID="P16_SP00141" HPOS="1513" VPOS="1121" WIDTH="29"/>
						<String ID="P16_ST00154" HPOS="1542" VPOS="1065" WIDTH="319" HEIGHT="40" CONTENT="indolemment" WC="1.00" CC="77000000012"/>
						<SP ID="P16_SP00142" HPOS="1861" VPOS="1121" WIDTH="23"/>
						<String ID="P16_ST00155" HPOS="1884" VPOS="1065" WIDTH="230" HEIGHT="52" CONTENT="orientales," WC="0.99" CC="00206670304"/>
					</TextLine>
					<TextLine ID="P16_TL00014" HPOS="158" VPOS="1131" WIDTH="1956" HEIGHT="57">
						<String ID="P16_ST00156" HPOS="158" VPOS="1141" WIDTH="143" HEIGHT="37" CONTENT="moins" WC="0.99" CC="00060"/>
						<SP ID="P16_SP00143" HPOS="301" VPOS="1178" WIDTH="20"/>
						<String ID="P16_ST00157" HPOS="321" VPOS="1139" WIDTH="168" HEIGHT="49" CONTENT="grisées" WC="0.99" CC="0002700"/>
						<SP ID="P16_SP00144" HPOS="489" VPOS="1188" WIDTH="20"/>
						<String ID="P16_ST00158" HPOS="509" VPOS="1138" WIDTH="53" HEIGHT="38" CONTENT="de" WC="1.00" CC="00"/>
						<SP ID="P16_SP00145" HPOS="562" VPOS="1188" WIDTH="24"/>
						<String ID="P16_ST00159" HPOS="586" VPOS="1137" WIDTH="141" HEIGHT="48" CONTENT="soleil," WC="0.99" CC="0050154"/>
						<SP ID="P16_SP00146" HPOS="727" VPOS="1188" WIDTH="24"/>
						<String ID="P16_ST00160" HPOS="751" VPOS="1136" WIDTH="106" HEIGHT="40" CONTENT="elles" WC="1.00" CC="00000"/>
						<SP ID="P16_SP00147" HPOS="857" VPOS="1188" WIDTH="17"/>
						<String ID="P16_ST00161" HPOS="874" VPOS="1145" WIDTH="97" HEIGHT="31" CONTENT="sont" WC="1.00" CC="0001"/>
						<SP ID="P16_SP00148" HPOS="971" VPOS="1188" WIDTH="21"/>
						<String ID="P16_ST00162" HPOS="992" VPOS="1140" WIDTH="222" HEIGHT="47" CONTENT="peut-être" WC="0.99" CC="002037500"/>
						<SP ID="P16_SP00149" HPOS="1214" VPOS="1188" WIDTH="17"/>
						<String ID="P16_ST00163" HPOS="1231" VPOS="1135" WIDTH="98" HEIGHT="50" CONTENT="plus" WC="1.00" CC="0000"/>
						<SP ID="P16_SP00150" HPOS="1329" VPOS="1188" WIDTH="18"/>
						<String ID="P16_ST00164" HPOS="1347" VPOS="1135" WIDTH="233" HEIGHT="38" CONTENT="humaines" WC="1.00" CC="00062100"/>
						<SP ID="P16_SP00151" HPOS="1580" VPOS="1188" WIDTH="24"/>
						<String ID="P16_ST00165" HPOS="1604" VPOS="1131" WIDTH="114" HEIGHT="40" CONTENT="Mais" WC="0.98" CC="0640"/>
						<SP ID="P16_SP00152" HPOS="1718" VPOS="1188" WIDTH="20"/>
						<String ID="P16_ST00166" HPOS="1738" VPOS="1132" WIDTH="38" HEIGHT="38" CONTENT="le" WC="1.00" CC="00"/>
						<SP ID="P16_SP00153" HPOS="1776" VPOS="1188" WIDTH="15"/>
						<String ID="P16_ST00167" HPOS="1791" VPOS="1132" WIDTH="128" HEIGHT="48" CONTENT="génie" WC="0.99" CC="06030"/>
						<SP ID="P16_SP00154" HPOS="1919" VPOS="1188" WIDTH="14"/>
						<String ID="P16_ST00168" HPOS="1933" VPOS="1132" WIDTH="50" HEIGHT="39" CONTENT="de" WC="1.00" CC="00"/>
						<SP ID="P16_SP00155" HPOS="1983" VPOS="1188" WIDTH="13"/>
						<String ID="P16_ST00169" HPOS="1996" VPOS="1132" WIDTH="118" HEIGHT="52" CONTENT="Bizet," WC="0.81" CC="000062"/>
					</TextLine>
					<TextLine ID="P16_TL00015" HPOS="162" VPOS="1199" WIDTH="1954" HEIGHT="55">
						<String ID="P16_ST00170" HPOS="162" VPOS="1207" WIDTH="38" HEIGHT="39" CONTENT="là" WC="0.56" CC="35"/>
						<SP ID="P16_SP00156" HPOS="200" VPOS="1246" WIDTH="26"/>
						<String ID="P16_ST00171" HPOS="226" VPOS="1215" WIDTH="40" HEIGHT="30" CONTENT="et" WC="0.69" CC="06"/>
						<SP ID="P16_SP00157" HPOS="266" VPOS="1246" WIDTH="22"/>
						<String ID="P16_ST00172" HPOS="288" VPOS="1206" WIDTH="110" HEIGHT="38" CONTENT="dans" WC="0.98" CC="0070"/>
						<SP ID="P16_SP00158" HPOS="398" VPOS="1246" WIDTH="24"/>
						<String ID="P16_ST00173" HPOS="422" VPOS="1204" WIDTH="62" HEIGHT="39" CONTENT="les" WC="1.00" CC="100"/>
						<SP ID="P16_SP00159" HPOS="484" VPOS="1246" WIDTH="34"/>
						<String ID="P16_ST00174" HPOS="518" VPOS="1204" WIDTH="170" HEIGHT="39" CONTENT="Adieux" WC="0.99" CC="100005" STYLEREFS="TXT_2"/>
						<SP ID="P16_SP00160" HPOS="688" VPOS="1246" WIDTH="30"/>
						<String ID="P16_ST00175" HPOS="718" VPOS="1205" WIDTH="50" HEIGHT="38" CONTENT="de" WC="1.00" CC="00" STYLEREFS="TXT_2"/>
						<SP ID="P16_SP00161" HPOS="768" VPOS="1246" WIDTH="32"/>
						<String ID="P16_ST00176" HPOS="800" VPOS="1202" WIDTH="202" HEIGHT="40" CONTENT="l'Hôtesse" WC="0.99" CC="115160580" STYLEREFS="TXT_2"/>
						<SP ID="P16_SP00162" HPOS="1002" VPOS="1246" WIDTH="35"/>
						<String ID="P16_ST00177" HPOS="1037" VPOS="1202" WIDTH="154" HEIGHT="43" CONTENT="arabe?" WC="0.98" CC="247008" STYLEREFS="TXT_2"/>
						<SP ID="P16_SP00163" HPOS="1191" VPOS="1246" WIDTH="14"/>
						<String ID="P16_ST00178" HPOS="1205" VPOS="1202" WIDTH="155" HEIGHT="52" CONTENT="rejoint" WC="0.99" CC="0304305"/>
						<SP ID="P16_SP00164" HPOS="1360" VPOS="1254" WIDTH="30"/>
						<String ID="P16_ST00179" HPOS="1390" VPOS="1201" WIDTH="110" HEIGHT="39" CONTENT="celui" WC="0.98" CC="30353"/>
						<SP ID="P16_SP00165" HPOS="1500" VPOS="1254" WIDTH="24"/>
						<String ID="P16_ST00180" HPOS="1524" VPOS="1201" WIDTH="58" HEIGHT="39" CONTENT="du" WC="1.00" CC="00"/>
						<SP ID="P16_SP00166" HPOS="1582" VPOS="1254" WIDTH="36"/>
						<String ID="P16_ST00181" HPOS="1618" VPOS="1200" WIDTH="99" HEIGHT="51" CONTENT="plus" WC="1.00" CC="0001"/>
						<SP ID="P16_SP00167" HPOS="1717" VPOS="1254" WIDTH="24"/>
						<String ID="P16_ST00182" HPOS="1741" VPOS="1199" WIDTH="204" HEIGHT="51" CONTENT="poétique" WC="1.00" CC="00001050"/>
						<SP ID="P16_SP00168" HPOS="1945" VPOS="1254" WIDTH="35"/>
						<String ID="P16_ST00183" HPOS="1980" VPOS="1204" WIDTH="136" HEIGHT="40" CONTENT="rêveur" WC="0.99" CC="060006"/>
					</TextLine>
					<TextLine ID="P16_TL00016" HPOS="160" VPOS="1267" WIDTH="1508" HEIGHT="58">
						<String ID="P16_ST00184" HPOS="160" VPOS="1273" WIDTH="138" HEIGHT="52" CONTENT="qu'ait" WC="1.00" CC="000040"/>
						<SP ID="P16_SP00169" HPOS="298" VPOS="1325" WIDTH="24"/>
						<String ID="P16_ST00185" HPOS="322" VPOS="1272" WIDTH="226" HEIGHT="50" CONTENT="engendré" WC="0.98" CC="07006097"/>
						<SP ID="P16_SP00170" HPOS="548" VPOS="1325" WIDTH="19"/>
						<String ID="P16_ST00186" HPOS="567" VPOS="1272" WIDTH="149" HEIGHT="40" CONTENT="l'école" WC="1.00" CC="0400020"/>
						<SP ID="P16_SP00171" HPOS="716" VPOS="1325" WIDTH="22"/>
						<String ID="P16_ST00187" HPOS="738" VPOS="1271" WIDTH="216" HEIGHT="49" CONTENT="française" WC="0.99" CC="000606050"/>
						<SP ID="P16_SP00172" HPOS="954" VPOS="1325" WIDTH="26"/>
						<String ID="P16_ST00188" HPOS="980" VPOS="1281" WIDTH="7" HEIGHT="27" CONTENT=":" WC="0.37" CC="6"/>
						<SP ID="P16_SP00173" HPOS="987" VPOS="1325" WIDTH="27"/>
						<String ID="P16_ST00189" HPOS="1014" VPOS="1270" WIDTH="68" HEIGHT="51" CONTENT="j'ai" WC="0.98" CC="0252"/>
						<SP ID="P16_SP00174" HPOS="1082" VPOS="1325" WIDTH="21"/>
						<String ID="P16_ST00190" HPOS="1103" VPOS="1273" WIDTH="178" HEIGHT="36" CONTENT="nommé" WC="1.00" CC="00000"/>
						<SP ID="P16_SP00175" HPOS="1281" VPOS="1325" WIDTH="25"/>
						<String ID="P16_ST00191" HPOS="1306" VPOS="1268" WIDTH="186" HEIGHT="39" CONTENT="Félicien" WC="0.99" CC="75100200"/>
						<SP ID="P16_SP00176" HPOS="1492" VPOS="1325" WIDTH="21"/>
						<String ID="P16_ST00192" HPOS="1513" VPOS="1267" WIDTH="155" HEIGHT="40" CONTENT="David." WC="0.98" CC="370104"/>
					</TextLine>
					<TextLine ID="P16_TL00017" HPOS="213" VPOS="1380" WIDTH="1902" HEIGHT="56">
						<String ID="P16_ST00193" HPOS="213" VPOS="1390" WIDTH="62" HEIGHT="41" CONTENT="Le" WC="1.00" CC="00"/>
						<SP ID="P16_SP00177" HPOS="275" VPOS="1431" WIDTH="25"/>
						<String ID="P16_ST00194" HPOS="300" VPOS="1392" WIDTH="124" HEIGHT="38" CONTENT="livret" WC="0.99" CC="530000"/>
						<SP ID="P16_SP00178" HPOS="424" VPOS="1431" WIDTH="35"/>
						<String ID="P16_ST00195" HPOS="459" VPOS="1390" WIDTH="51" HEIGHT="39" CONTENT="de" WC="1.00" CC="00"/>
						<SP ID="P16_SP00179" HPOS="510" VPOS="1431" WIDTH="21"/>
						<String ID="P16_ST00196" HPOS="531" VPOS="1390" WIDTH="37" HEIGHT="39" CONTENT="la" WC="0.60" CC="34"/>
						<SP ID="P16_SP00180" HPOS="568" VPOS="1431" WIDTH="39"/>
						<String ID="P16_ST00197" HPOS="607" VPOS="1387" WIDTH="112" HEIGHT="40" CONTENT="Jolie" WC="0.98" CC="07510" STYLEREFS="TXT_2"/>
						<SP ID="P16_SP00181" HPOS="719" VPOS="1431" WIDTH="24"/>
						<String ID="P16_ST00198" HPOS="743" VPOS="1387" WIDTH="108" HEIGHT="39" CONTENT="Fille" WC="0.98" CC="33320" STYLEREFS="TXT_2"/>
						<SP ID="P16_SP00182" HPOS="851" VPOS="1431" WIDTH="20"/>
						<String ID="P16_ST00199" HPOS="871" VPOS="1387" WIDTH="49" HEIGHT="37" CONTENT="de" WC="1.00" CC="00" STYLEREFS="TXT_2"/>
						<SP ID="P16_SP00183" HPOS="920" VPOS="1431" WIDTH="29"/>
						<String ID="P16_ST00200" HPOS="949" VPOS="1384" WIDTH="148" HEIGHT="48" CONTENT="Perlh," WC="0.82" CC="100602" STYLEREFS="TXT_2"/>
						<SP ID="P16_SP00184" HPOS="1097" VPOS="1432" WIDTH="24"/>
						<String ID="P16_ST00201" HPOS="1121" VPOS="1388" WIDTH="276" HEIGHT="48" CONTENT="représentée" WC="1.00" CC="90006010000"/>
						<SP ID="P16_SP00185" HPOS="1397" VPOS="1436" WIDTH="24"/>
						<String ID="P16_ST00202" HPOS="1421" VPOS="1384" WIDTH="106" HEIGHT="38" CONTENT="trois" WC="0.99" CC="00030"/>
						<SP ID="P16_SP00186" HPOS="1527" VPOS="1436" WIDTH="25"/>
						<String ID="P16_ST00203" HPOS="1552" VPOS="1396" WIDTH="78" HEIGHT="25" CONTENT="ans" WC="0.98" CC="040"/>
						<SP ID="P16_SP00187" HPOS="1630" VPOS="1436" WIDTH="29"/>
						<String ID="P16_ST00204" HPOS="1659" VPOS="1380" WIDTH="100" HEIGHT="53" CONTENT="plus" WC="0.97" CC="0850"/>
						<SP ID="P16_SP00188" HPOS="1759" VPOS="1436" WIDTH="24"/>
						<String ID="P16_ST00205" HPOS="1783" VPOS="1383" WIDTH="110" HEIGHT="47" CONTENT="tard," WC="1.00" CC="00004"/>
						<SP ID="P16_SP00189" HPOS="1893" VPOS="1436" WIDTH="33"/>
						<String ID="P16_ST00206" HPOS="1926" VPOS="1382" WIDTH="103" HEIGHT="41" CONTENT="n'est" WC="0.99" CC="20006"/>
						<SP ID="P16_SP00190" HPOS="2029" VPOS="1436" WIDTH="21"/>
						<String ID="P16_ST00207" HPOS="2050" VPOS="1400" WIDTH="65" HEIGHT="36" CONTENT="pas" WC="0.96" CC="450"/>
					</TextLine>
					<TextLine ID="P16_TL00018" HPOS="158" VPOS="1449" WIDTH="1956" HEIGHT="62">
						<String ID="P16_ST00208" HPOS="158" VPOS="1462" WIDTH="229" HEIGHT="49" CONTENT="supérieur" WC="0.99" CC="050002060"/>
						<SP ID="P16_SP00191" HPOS="387" VPOS="1511" WIDTH="19"/>
						<String ID="P16_ST00209" HPOS="406" VPOS="1473" WIDTH="51" HEIGHT="25" CONTENT="au" WC="1.00" CC="00"/>
						<SP ID="P16_SP00192" HPOS="457" VPOS="1511" WIDTH="16"/>
						<String ID="P16_ST00210" HPOS="473" VPOS="1456" WIDTH="249" HEIGHT="53" CONTENT="précédent," WC="0.99" CC="0800000704"/>
						<SP ID="P16_SP00193" HPOS="722" VPOS="1511" WIDTH="28"/>
						<String ID="P16_ST00211" HPOS="750" VPOS="1455" WIDTH="194" HEIGHT="50" CONTENT="quoique" WC="0.99" CC="0624060"/>
						<SP ID="P16_SP00194" HPOS="944" VPOS="1511" WIDTH="20"/>
						<String ID="P16_ST00212" HPOS="964" VPOS="1456" WIDTH="231" HEIGHT="47" CONTENT="emprunté" WC="0.99" CC="00000507"/>
						<SP ID="P16_SP00195" HPOS="1195" VPOS="1511" WIDTH="24"/>
						<String ID="P16_ST00213" HPOS="1219" VPOS="1455" WIDTH="19" HEIGHT="35" CONTENT="à" WC="0.01" CC="9"/>
						<SP ID="P16_SP00196" HPOS="1238" VPOS="1511" WIDTH="20"/>
						<String ID="P16_ST00214" HPOS="1258" VPOS="1450" WIDTH="174" HEIGHT="42" CONTENT="Walter" WC="1.00" CC="000000"/>
						<SP ID="P16_SP00197" HPOS="1432" VPOS="1511" WIDTH="24"/>
						<String ID="P16_ST00215" HPOS="1456" VPOS="1449" WIDTH="122" HEIGHT="41" CONTENT="Scott" WC="1.00" CC="00000"/>
						<SP ID="P16_SP00198" HPOS="1578" VPOS="1511" WIDTH="22"/>
						<String ID="P16_ST00216" HPOS="1600" VPOS="1451" WIDTH="72" HEIGHT="49" CONTENT="qui" WC="0.97" CC="034"/>
						<SP ID="P16_SP00199" HPOS="1672" VPOS="1511" WIDTH="18"/>
						<String ID="P16_ST00217" HPOS="1690" VPOS="1449" WIDTH="90" HEIGHT="40" CONTENT="s'en" WC="0.96" CC="9106"/>
						<SP ID="P16_SP00200" HPOS="1780" VPOS="1511" WIDTH="17"/>
						<String ID="P16_ST00218" HPOS="1797" VPOS="1449" WIDTH="63" HEIGHT="41" CONTENT="fût" WC="0.97" CC="340"/>
						<SP ID="P16_SP00201" HPOS="1860" VPOS="1511" WIDTH="16"/>
						<String ID="P16_ST00219" HPOS="1876" VPOS="1449" WIDTH="98" HEIGHT="41" CONTENT="bien" WC="0.99" CC="0300"/>
						<SP ID="P16_SP00202" HPOS="1974" VPOS="1511" WIDTH="16"/>
						<String ID="P16_ST00220" HPOS="1990" VPOS="1458" WIDTH="124" HEIGHT="44" CONTENT="passé." WC="0.98" CC="063073"/>
					</TextLine>
					<TextLine ID="P16_TL00019" HPOS="158" VPOS="1516" WIDTH="1957" HEIGHT="59">
						<String ID="P16_ST00221" HPOS="158" VPOS="1526" WIDTH="115" HEIGHT="39" CONTENT="Mais" WC="0.98" CC="0423"/>
						<SP ID="P16_SP00203" HPOS="273" VPOS="1565" WIDTH="25"/>
						<String ID="P16_ST00222" HPOS="298" VPOS="1527" WIDTH="37" HEIGHT="38" CONTENT="la" WC="0.71" CC="05"/>
						<SP ID="P16_SP00204" HPOS="335" VPOS="1565" WIDTH="21"/>
						<String ID="P16_ST00223" HPOS="356" VPOS="1526" WIDTH="205" HEIGHT="49" CONTENT="musique" WC="0.99" CC="0604050"/>
						<SP ID="P16_SP00205" HPOS="561" VPOS="1575" WIDTH="20"/>
						<String ID="P16_ST00224" HPOS="581" VPOS="1524" WIDTH="224" HEIGHT="47" CONTENT="témoigne" WC="0.99" CC="38801050"/>
						<SP ID="P16_SP00206" HPOS="805" VPOS="1575" WIDTH="17"/>
						<String ID="P16_ST00225" HPOS="822" VPOS="1521" WIDTH="129" HEIGHT="38" CONTENT="d'une" WC="0.99" CC="04500"/>
						<SP ID="P16_SP00207" HPOS="951" VPOS="1575" WIDTH="36"/>
						<String ID="P16_ST00226" HPOS="987" VPOS="1520" WIDTH="205" HEIGHT="38" CONTENT="maturité" WC="0.99" CC="03430100"/>
						<SP ID="P16_SP00208" HPOS="1192" VPOS="1575" WIDTH="32"/>
						<String ID="P16_ST00227" HPOS="1224" VPOS="1518" WIDTH="98" HEIGHT="52" CONTENT="plus" WC="1.00" CC="0200"/>
						<SP ID="P16_SP00209" HPOS="1322" VPOS="1575" WIDTH="22"/>
						<String ID="P16_ST00228" HPOS="1344" VPOS="1517" WIDTH="183" HEIGHT="51" CONTENT="grande," WC="0.99" CC="0086004"/>
						<SP ID="P16_SP00210" HPOS="1527" VPOS="1575" WIDTH="28"/>
						<String ID="P16_ST00229" HPOS="1555" VPOS="1519" WIDTH="127" HEIGHT="38" CONTENT="sinon" WC="0.98" CC="04506"/>
						<SP ID="P16_SP00211" HPOS="1682" VPOS="1575" WIDTH="37"/>
						<String ID="P16_ST00230" HPOS="1719" VPOS="1516" WIDTH="130" HEIGHT="40" CONTENT="d'une" WC="0.98" CC="04660"/>
						<SP ID="P16_SP00212" HPOS="1849" VPOS="1575" WIDTH="25"/>
						<String ID="P16_ST00231" HPOS="1874" VPOS="1519" WIDTH="241" HEIGHT="49" CONTENT="inspiration" WC="1.00" CC="40000410105"/>
					</TextLine>
					<TextLine ID="P16_TL00020" HPOS="159" VPOS="1583" WIDTH="1956" HEIGHT="62">
						<String ID="P16_ST00232" HPOS="159" VPOS="1594" WIDTH="101" HEIGHT="51" CONTENT="plus" WC="0.97" CC="0760"/>
						<SP ID="P16_SP00213" HPOS="260" VPOS="1645" WIDTH="23"/>
						<String ID="P16_ST00233" HPOS="283" VPOS="1592" WIDTH="232" HEIGHT="51" CONTENT="originale." WC="0.99" CC="0300360504"/>
						<SP ID="P16_SP00214" HPOS="515" VPOS="1645" WIDTH="24"/>
						<String ID="P16_ST00234" HPOS="539" VPOS="1590" WIDTH="95" HEIGHT="41" CONTENT="Une" WC="1.00" CC="100"/>
						<SP ID="P16_SP00215" HPOS="634" VPOS="1645" WIDTH="32"/>
						<String ID="P16_ST00235" HPOS="666" VPOS="1602" WIDTH="113" HEIGHT="39" CONTENT="page" WC="0.98" CC="0603"/>
						<SP ID="P16_SP00216" HPOS="779" VPOS="1645" WIDTH="21"/>
						<String ID="P16_ST00236" HPOS="800" VPOS="1596" WIDTH="191" HEIGHT="34" CONTENT="surtout," WC="0.99" CC="65000104"/>
						<SP ID="P16_SP00217" HPOS="991" VPOS="1645" WIDTH="26"/>
						<String ID="P16_ST00237" HPOS="1017" VPOS="1587" WIDTH="237" HEIGHT="38" CONTENT="au-dessus" WC="1.00" CC="402000000"/>
						<SP ID="P16_SP00218" HPOS="1254" VPOS="1645" WIDTH="32"/>
						<String ID="P16_ST00238" HPOS="1286" VPOS="1586" WIDTH="52" HEIGHT="38" CONTENT="de" WC="1.00" CC="00"/>
						<SP ID="P16_SP00219" HPOS="1338" VPOS="1645" WIDTH="36"/>
						<String ID="P16_ST00239" HPOS="1374" VPOS="1585" WIDTH="228" HEIGHT="51" CONTENT="beaucoup" WC="1.00" CC="00000000"/>
						<SP ID="P16_SP00220" HPOS="1602" VPOS="1645" WIDTH="36"/>
						<String ID="P16_ST00240" HPOS="1638" VPOS="1583" WIDTH="190" HEIGHT="41" CONTENT="d'autres" WC="0.99" CC="00004701"/>
						<SP ID="P16_SP00221" HPOS="1828" VPOS="1645" WIDTH="33"/>
						<String ID="P16_ST00241" HPOS="1861" VPOS="1597" WIDTH="83" HEIGHT="39" CONTENT="que" WC="1.00" CC="000"/>
						<SP ID="P16_SP00222" HPOS="1944" VPOS="1645" WIDTH="23"/>
						<String ID="P16_ST00242" HPOS="1967" VPOS="1585" WIDTH="35" HEIGHT="51" CONTENT="je" WC="0.93" CC="01"/>
						<SP ID="P16_SP00223" HPOS="2002" VPOS="1645" WIDTH="27"/>
						<String ID="P16_ST00243" HPOS="2029" VPOS="1600" WIDTH="65" HEIGHT="27" CONTENT="vou" SUBS_TYPE="HypPart1" SUBS_CONTENT="voudrais" WC="0.97" CC="025"/>
						<HYP HPOS="2094" VPOS="1600" WIDTH="21" CONTENT="-"/>
					</TextLine>
					<TextLine ID="P16_TL00021" HPOS="158" VPOS="1651" WIDTH="1957" HEIGHT="59">
						<String ID="P16_ST00244" HPOS="158" VPOS="1662" WIDTH="118" HEIGHT="38" CONTENT="drais" SUBS_TYPE="HypPart2" SUBS_CONTENT="voudrais" WC="0.99" CC="00051"/>
						<SP ID="P16_SP00224" HPOS="276" VPOS="1700" WIDTH="21"/>
						<String ID="P16_ST00245" HPOS="297" VPOS="1659" WIDTH="119" HEIGHT="45" CONTENT="citer," WC="0.99" CC="270004"/>
						<SP ID="P16_SP00225" HPOS="416" VPOS="1704" WIDTH="27"/>
						<String ID="P16_ST00246" HPOS="443" VPOS="1658" WIDTH="63" HEIGHT="52" CONTENT="s'y" WC="0.96" CC="045"/>
						<SP ID="P16_SP00226" HPOS="506" VPOS="1710" WIDTH="19"/>
						<String ID="P16_ST00247" HPOS="525" VPOS="1657" WIDTH="181" HEIGHT="40" CONTENT="détache" WC="1.00" CC="0000060"/>
						<SP ID="P16_SP00227" HPOS="706" VPOS="1710" WIDTH="22"/>
						<String ID="P16_ST00248" HPOS="728" VPOS="1670" WIDTH="51" HEIGHT="25" CONTENT="en" WC="0.65" CC="07"/>
						<SP ID="P16_SP00228" HPOS="779" VPOS="1710" WIDTH="26"/>
						<String ID="P16_ST00249" HPOS="805" VPOS="1670" WIDTH="57" HEIGHT="25" CONTENT="un" WC="0.81" CC="30"/>
						<SP ID="P16_SP00229" HPOS="862" VPOS="1710" WIDTH="25"/>
						<String ID="P16_ST00250" HPOS="887" VPOS="1657" WIDTH="202" HEIGHT="49" CONTENT="puissant" WC="0.99" CC="05200005"/>
						<SP ID="P16_SP00230" HPOS="1089" VPOS="1710" WIDTH="23"/>
						<String ID="P16_ST00251" HPOS="1112" VPOS="1653" WIDTH="135" HEIGHT="40" CONTENT="relief." WC="0.99" CC="0062044"/>
						<SP ID="P16_SP00231" HPOS="1247" VPOS="1710" WIDTH="28"/>
						<String ID="P16_ST00252" HPOS="1275" VPOS="1652" WIDTH="117" HEIGHT="40" CONTENT="C'est" WC="0.99" CC="00006"/>
						<SP ID="P16_SP00232" HPOS="1392" VPOS="1710" WIDTH="24"/>
						<String ID="P16_ST00253" HPOS="1416" VPOS="1652" WIDTH="24" HEIGHT="39" CONTENT="Y" WC="0.17" CC="8" STYLEREFS="TXT_2"/>
						<SP ID="P16_SP00233" HPOS="1440" VPOS="1710" WIDTH="6"/>
						<String ID="P16_ST00254" HPOS="1446" VPOS="1651" WIDTH="64" HEIGHT="40" CONTENT="air" WC="0.98" CC="400" STYLEREFS="TXT_2"/>
						<SP ID="P16_SP00234" HPOS="1510" VPOS="1710" WIDTH="22"/>
						<String ID="P16_ST00255" HPOS="1532" VPOS="1652" WIDTH="53" HEIGHT="39" CONTENT="de" WC="1.00" CC="00"/>
						<SP ID="P16_SP00235" HPOS="1585" VPOS="1710" WIDTH="24"/>
						<String ID="P16_ST00256" HPOS="1609" VPOS="1651" WIDTH="161" HEIGHT="53" CONTENT="Ralph," WC="0.99" CC="360004"/>
						<SP ID="P16_SP00236" HPOS="1770" VPOS="1710" WIDTH="27"/>
						<String ID="P16_ST00257" HPOS="1797" VPOS="1652" WIDTH="38" HEIGHT="39" CONTENT="la" WC="0.77" CC="04"/>
						<SP ID="P16_SP00237" HPOS="1835" VPOS="1710" WIDTH="25"/>
						<String ID="P16_ST00258" HPOS="1860" VPOS="1651" WIDTH="189" HEIGHT="41" CONTENT="chanson" WC="1.00" CC="0000017"/>
						<SP ID="P16_SP00238" HPOS="2049" VPOS="1710" WIDTH="19"/>
						<String ID="P16_ST00259" HPOS="2068" VPOS="1655" WIDTH="47" HEIGHT="40" CONTENT="du" WC="0.38" CC="57"/>
					</TextLine>
					<TextLine ID="P16_TL00022" HPOS="158" VPOS="1717" WIDTH="1956" HEIGHT="60">
						<String ID="P16_ST00260" HPOS="158" VPOS="1728" WIDTH="288" HEIGHT="40" CONTENT="malheureux" WC="0.99" CC="0500030054"/>
						<SP ID="P16_SP00239" HPOS="446" VPOS="1768" WIDTH="34"/>
						<String ID="P16_ST00261" HPOS="480" VPOS="1727" WIDTH="73" HEIGHT="50" CONTENT="qui" WC="0.99" CC="002"/>
						<SP ID="P16_SP00240" HPOS="553" VPOS="1777" WIDTH="33"/>
						<String ID="P16_ST00262" HPOS="586" VPOS="1726" WIDTH="140" HEIGHT="38" CONTENT="essaie" WC="1.00" CC="010030"/>
						<SP ID="P16_SP00241" HPOS="726" VPOS="1777" WIDTH="24"/>
						<String ID="P16_ST00263" HPOS="750" VPOS="1724" WIDTH="51" HEIGHT="38" CONTENT="de" WC="0.92" CC="01"/>
						<SP ID="P16_SP00242" HPOS="801" VPOS="1777" WIDTH="40"/>
						<String ID="P16_ST00264" HPOS="841" VPOS="1735" WIDTH="135" HEIGHT="39" CONTENT="noyer" WC="0.99" CC="60000"/>
						<SP ID="P16_SP00243" HPOS="976" VPOS="1777" WIDTH="33"/>
						<String ID="P16_ST00265" HPOS="1009" VPOS="1735" WIDTH="44" HEIGHT="26" CONTENT="sa" WC="1.00" CC="00"/>
						<SP ID="P16_SP00244" HPOS="1053" VPOS="1777" WIDTH="37"/>
						<String ID="P16_ST00266" HPOS="1090" VPOS="1723" WIDTH="147" HEIGHT="37" CONTENT="raison" WC="1.00" CC="003000"/>
						<SP ID="P16_SP00245" HPOS="1237" VPOS="1777" WIDTH="35"/>
						<String ID="P16_ST00267" HPOS="1272" VPOS="1720" WIDTH="110" HEIGHT="40" CONTENT="dans" WC="0.99" CC="0501"/>
						<SP ID="P16_SP00246" HPOS="1382" VPOS="1777" WIDTH="41"/>
						<String ID="P16_ST00268" HPOS="1423" VPOS="1717" WIDTH="194" HEIGHT="42" CONTENT="l'ivresse" WC="1.00" CC="340000000"/>
						<SP ID="P16_SP00247" HPOS="1617" VPOS="1777" WIDTH="32"/>
						<String ID="P16_ST00269" HPOS="1649" VPOS="1728" WIDTH="40" HEIGHT="31" CONTENT="et" WC="0.69" CC="06"/>
						<SP ID="P16_SP00248" HPOS="1689" VPOS="1777" WIDTH="38"/>
						<String ID="P16_ST00270" HPOS="1727" VPOS="1719" WIDTH="70" HEIGHT="52" CONTENT="d'y" WC="0.99" CC="030"/>
						<SP ID="P16_SP00249" HPOS="1797" VPOS="1777" WIDTH="29"/>
						<String ID="P16_ST00271" HPOS="1826" VPOS="1720" WIDTH="188" HEIGHT="39" CONTENT="éteindre" WC="0.99" CC="70007000"/>
						<SP ID="P16_SP00250" HPOS="2014" VPOS="1777" WIDTH="38"/>
						<String ID="P16_ST00272" HPOS="2052" VPOS="1734" WIDTH="62" HEIGHT="27" CONTENT="son" WC="0.98" CC="004"/>
					</TextLine>
					<TextLine ID="P16_TL00023" HPOS="160" VPOS="1786" WIDTH="1955" HEIGHT="52">
						<String ID="P16_ST00273" HPOS="160" VPOS="1809" WIDTH="168" HEIGHT="27" CONTENT="amour." WC="0.99" CC="000604"/>
						<SP ID="P16_SP00251" HPOS="328" VPOS="1836" WIDTH="27"/>
						<String ID="P16_ST00274" HPOS="355" VPOS="1794" WIDTH="67" HEIGHT="40" CONTENT="En" WC="0.63" CC="07"/>
						<SP ID="P16_SP00252" HPOS="422" VPOS="1836" WIDTH="25"/>
						<String ID="P16_ST00275" HPOS="447" VPOS="1804" WIDTH="275" HEIGHT="29" CONTENT="avons-nous" WC="1.00" CC="0000040060"/>
						<SP ID="P16_SP00253" HPOS="722" VPOS="1836" WIDTH="22"/>
						<String ID="P16_ST00276" HPOS="744" VPOS="1791" WIDTH="209" HEIGHT="45" CONTENT="entendu," WC="0.99" CC="00007064"/>
						<SP ID="P16_SP00254" HPOS="953" VPOS="1836" WIDTH="26"/>
						<String ID="P16_ST00277" HPOS="979" VPOS="1790" WIDTH="52" HEIGHT="39" CONTENT="de" WC="1.00" CC="00"/>
						<SP ID="P16_SP00255" HPOS="1031" VPOS="1836" WIDTH="23"/>
						<String ID="P16_ST00278" HPOS="1054" VPOS="1802" WIDTH="68" HEIGHT="27" CONTENT="ces" WC="1.00" CC="000"/>
						<SP ID="P16_SP00256" HPOS="1122" VPOS="1836" WIDTH="20"/>
						<String ID="P16_ST00279" HPOS="1142" VPOS="1801" WIDTH="18" HEIGHT="24" CONTENT="«" WC="0.76" CC="2"/>
						<SP ID="P16_SP00257" HPOS="1160" VPOS="1836" WIDTH="20"/>
						<String ID="P16_ST00280" HPOS="1180" VPOS="1789" WIDTH="220" HEIGHT="38" CONTENT="chansons" WC="1.00" CC="00700000"/>
						<SP ID="P16_SP00258" HPOS="1400" VPOS="1836" WIDTH="21"/>
						<String ID="P16_ST00281" HPOS="1421" VPOS="1786" WIDTH="243" HEIGHT="52" CONTENT="bachiques" WC="1.00" CC="000040000"/>
						<SP ID="P16_SP00259" HPOS="1664" VPOS="1838" WIDTH="16"/>
						<String ID="P16_ST00282" HPOS="1680" VPOS="1799" WIDTH="19" HEIGHT="25" CONTENT="»" WC="0.83" CC="1"/>
						<SP ID="P16_SP00260" HPOS="1699" VPOS="1838" WIDTH="27"/>
						<String ID="P16_ST00283" HPOS="1726" VPOS="1786" WIDTH="220" HEIGHT="40" CONTENT="célébrant" WC="0.99" CC="071000540"/>
						<SP ID="P16_SP00261" HPOS="1946" VPOS="1838" WIDTH="37"/>
						<String ID="P16_ST00284" HPOS="1983" VPOS="1787" WIDTH="33" HEIGHT="38" CONTENT="le" WC="0.80" CC="04" STYLEREFS="TXT_2"/>
						<SP ID="P16_SP00262" HPOS="2016" VPOS="1838" WIDTH="27"/>
						<String ID="P16_ST00285" HPOS="2043" VPOS="1789" WIDTH="72" HEIGHT="48" CONTENT="vin," WC="0.96" CC="2463" STYLEREFS="TXT_2"/>
					</TextLine>
					<TextLine ID="P16_TL00024" HPOS="160" VPOS="1854" WIDTH="1956" HEIGHT="62">
						<String ID="P16_ST00286" HPOS="160" VPOS="1878" WIDTH="41" HEIGHT="24" CONTENT="ce" WC="1.00" CC="00" STYLEREFS="TXT_2"/>
						<SP ID="P16_SP00263" HPOS="201" VPOS="1902" WIDTH="14"/>
						<String ID="P16_ST00287" HPOS="215" VPOS="1865" WIDTH="73" HEIGHT="51" CONTENT="jus" WC="1.00" CC="000" STYLEREFS="TXT_2"/>
						<SP ID="P16_SP00264" HPOS="288" VPOS="1916" WIDTH="20"/>
						<String ID="P16_ST00288" HPOS="308" VPOS="1862" WIDTH="117" HEIGHT="39" CONTENT="divin" WC="0.99" CC="00004" STYLEREFS="TXT_2"/>
						<SP ID="P16_SP00265" HPOS="425" VPOS="1916" WIDTH="17"/>
						<String ID="P16_ST00289" HPOS="442" VPOS="1876" WIDTH="12" HEIGHT="30" CONTENT=";" WC="1.00" CC="0" STYLEREFS="TXT_2"/>
						<SP ID="P16_SP00266" HPOS="454" VPOS="1916" WIDTH="20"/>
						<String ID="P16_ST00290" HPOS="474" VPOS="1862" WIDTH="34" HEIGHT="38" CONTENT="le" WC="0.97" CC="00" STYLEREFS="TXT_2"/>
						<SP ID="P16_SP00267" HPOS="508" VPOS="1916" WIDTH="12"/>
						<String ID="P16_ST00291" HPOS="520" VPOS="1861" WIDTH="75" HEIGHT="52" CONTENT="jus" WC="0.97" CC="070" STYLEREFS="TXT_2"/>
						<SP ID="P16_SP00268" HPOS="595" VPOS="1916" WIDTH="24"/>
						<String ID="P16_ST00292" HPOS="619" VPOS="1860" WIDTH="48" HEIGHT="38" CONTENT="de" WC="1.00" CC="00" STYLEREFS="TXT_2"/>
						<SP ID="P16_SP00269" HPOS="667" VPOS="1916" WIDTH="23"/>
						<String ID="P16_ST00293" HPOS="690" VPOS="1860" WIDTH="39" HEIGHT="37" CONTENT="la" WC="0.67" CC="06" STYLEREFS="TXT_2"/>
						<SP ID="P16_SP00270" HPOS="729" VPOS="1916" WIDTH="23"/>
						<String ID="P16_ST00294" HPOS="752" VPOS="1858" WIDTH="134" HEIGHT="39" CONTENT="treille" WC="0.99" CC="4090002" STYLEREFS="TXT_2"/>
						<SP ID="P16_SP00271" HPOS="886" VPOS="1916" WIDTH="22"/>
						<String ID="P16_ST00295" HPOS="908" VPOS="1857" WIDTH="71" HEIGHT="54" CONTENT="qui" WC="0.97" CC="070" STYLEREFS="TXT_2"/>
						<SP ID="P16_SP00272" HPOS="979" VPOS="1916" WIDTH="20"/>
						<String ID="P16_ST00296" HPOS="999" VPOS="1856" WIDTH="144" HEIGHT="53" CONTENT="rougit" WC="0.98" CC="065600" STYLEREFS="TXT_2"/>
						<SP ID="P16_SP00273" HPOS="1143" VPOS="1916" WIDTH="17"/>
						<String ID="P16_ST00297" HPOS="1160" VPOS="1857" WIDTH="38" HEIGHT="38" CONTENT="la" WC="0.52" CC="27" STYLEREFS="TXT_2"/>
						<SP ID="P16_SP00274" HPOS="1198" VPOS="1916" WIDTH="21"/>
						<String ID="P16_ST00298" HPOS="1219" VPOS="1855" WIDTH="197" HEIGHT="40" CONTENT="bouteille" WC="0.99" CC="004403050" STYLEREFS="TXT_2"/>
						<SP ID="P16_SP00275" HPOS="1416" VPOS="1916" WIDTH="19"/>
						<String ID="P16_ST00299" HPOS="1435" VPOS="1856" WIDTH="48" HEIGHT="38" CONTENT="de" WC="0.83" CC="03" STYLEREFS="TXT_2"/>
						<SP ID="P16_SP00276" HPOS="1483" VPOS="1916" WIDTH="20"/>
						<String ID="P16_ST00300" HPOS="1503" VPOS="1869" WIDTH="46" HEIGHT="24" CONTENT="sa" WC="0.47" CC="28" STYLEREFS="TXT_2"/>
						<SP ID="P16_SP00277" HPOS="1549" VPOS="1916" WIDTH="24"/>
						<String ID="P16_ST00301" HPOS="1573" VPOS="1854" WIDTH="163" HEIGHT="53" CONTENT="liqueur" WC="0.99" CC="0007010" STYLEREFS="TXT_2"/>
						<SP ID="P16_SP00278" HPOS="1736" VPOS="1916" WIDTH="19"/>
						<String ID="P16_ST00302" HPOS="1755" VPOS="1854" WIDTH="224" HEIGHT="47" CONTENT="vermeille," WC="0.99" CC="5000032334" STYLEREFS="TXT_2"/>
						<SP ID="P16_SP00279" HPOS="1979" VPOS="1916" WIDTH="25"/>
						<String ID="P16_ST00303" HPOS="2004" VPOS="1855" WIDTH="31" HEIGHT="37" CONTENT="le" WC="0.83" CC="03" STYLEREFS="TXT_2"/>
						<SP ID="P16_SP00280" HPOS="2035" VPOS="1916" WIDTH="18"/>
						<String ID="P16_ST00304" HPOS="2053" VPOS="1870" WIDTH="63" HEIGHT="24" CONTENT="son" WC="0.97" CC="170" STYLEREFS="TXT_2"/>
					</TextLine>
					<TextLine ID="P16_TL00025" HPOS="158" VPOS="1921" WIDTH="1958" HEIGHT="61">
						<String ID="P16_ST00305" HPOS="158" VPOS="1931" WIDTH="72" HEIGHT="39" CONTENT="des" WC="0.98" CC="400" STYLEREFS="TXT_2"/>
						<SP ID="P16_SP00281" HPOS="230" VPOS="1970" WIDTH="35"/>
						<String ID="P16_ST00306" HPOS="265" VPOS="1929" WIDTH="236" HEIGHT="53" CONTENT="glouglous" WC="1.00" CC="204000000" STYLEREFS="TXT_2"/>
						<SP ID="P16_SP00282" HPOS="501" VPOS="1982" WIDTH="21"/>
						<String ID="P16_ST00307" HPOS="522" VPOS="1942" WIDTH="34" HEIGHT="24" CONTENT="si" WC="0.74" CC="05" STYLEREFS="TXT_2"/>
						<SP ID="P16_SP00283" HPOS="556" VPOS="1982" WIDTH="34"/>
						<String ID="P16_ST00308" HPOS="590" VPOS="1925" WIDTH="135" HEIGHT="41" CONTENT="douxl" WC="0.82" CC="01106" STYLEREFS="TXT_2"/>
						<SP ID="P16_SP00284" HPOS="725" VPOS="1982" WIDTH="40"/>
						<String ID="P16_ST00309" HPOS="765" VPOS="1924" WIDTH="99" HEIGHT="40" CONTENT="Ola" WC="0.74" CC="250"/>
						<SP ID="P16_SP00285" HPOS="864" VPOS="1982" WIDTH="28"/>
						<String ID="P16_ST00310" HPOS="892" VPOS="1926" WIDTH="184" HEIGHT="50" CONTENT="poncive" WC="0.83" CC="0060500"/>
						<SP ID="P16_SP00286" HPOS="1076" VPOS="1982" WIDTH="33"/>
						<String ID="P16_ST00311" HPOS="1109" VPOS="1924" WIDTH="204" HEIGHT="39" CONTENT="niaiserie" WC="1.00" CC="031000000"/>
						<SP ID="P16_SP00287" HPOS="1313" VPOS="1982" WIDTH="37"/>
						<String ID="P16_ST00312" HPOS="1350" VPOS="1923" WIDTH="52" HEIGHT="40" CONTENT="de" WC="1.00" CC="00"/>
						<SP ID="P16_SP00288" HPOS="1402" VPOS="1982" WIDTH="36"/>
						<String ID="P16_ST00313" HPOS="1438" VPOS="1936" WIDTH="70" HEIGHT="26" CONTENT="ces" WC="1.00" CC="000"/>
						<SP ID="P16_SP00289" HPOS="1508" VPOS="1982" WIDTH="35"/>
						<String ID="P16_ST00314" HPOS="1543" VPOS="1921" WIDTH="330" HEIGHT="41" CONTENT="élucubrations" WC="0.84" CC="0410400054000"/>
						<SP ID="P16_SP00290" HPOS="1873" VPOS="1982" WIDTH="33"/>
						<String ID="P16_ST00315" HPOS="1906" VPOS="1922" WIDTH="189" HEIGHT="40" CONTENT="tradition" SUBS_TYPE="HypPart1" SUBS_CONTENT="traditionnelles" WC="0.99" CC="406000030"/>
						<HYP HPOS="2095" VPOS="1922" WIDTH="21" CONTENT="-"/>
					</TextLine>
					<TextLine ID="P16_TL00026" HPOS="162" VPOS="1988" WIDTH="1953" HEIGHT="59">
						<String ID="P16_ST00316" HPOS="162" VPOS="1998" WIDTH="137" HEIGHT="40" CONTENT="nelles" SUBS_TYPE="HypPart2" SUBS_CONTENT="traditionnelles" WC="0.99" CC="005500"/>
						<SP ID="P16_SP00291" HPOS="299" VPOS="2038" WIDTH="23"/>
						<String ID="P16_ST00317" HPOS="322" VPOS="1997" WIDTH="7" HEIGHT="37" CONTENT="!" WC="0.33" CC="6"/>
						<SP ID="P16_SP00292" HPOS="329" VPOS="2038" WIDTH="29"/>
						<String ID="P16_ST00318" HPOS="358" VPOS="1997" WIDTH="108" HEIGHT="39" CONTENT="Bien" WC="0.99" CC="0006"/>
						<SP ID="P16_SP00293" HPOS="466" VPOS="2038" WIDTH="25"/>
						<String ID="P16_ST00319" HPOS="491" VPOS="2009" WIDTH="82" HEIGHT="38" CONTENT="peu" WC="0.98" CC="004"/>
						<SP ID="P16_SP00294" HPOS="573" VPOS="2047" WIDTH="26"/>
						<String ID="P16_ST00320" HPOS="599" VPOS="1995" WIDTH="172" HEIGHT="39" CONTENT="avaient" WC="0.98" CC="7062036"/>
						<SP ID="P16_SP00295" HPOS="771" VPOS="2047" WIDTH="22"/>
						<String ID="P16_ST00321" HPOS="793" VPOS="2006" WIDTH="52" HEIGHT="26" CONTENT="eu" WC="0.72" CC="05"/>
						<SP ID="P16_SP00296" HPOS="845" VPOS="2047" WIDTH="25"/>
						<String ID="P16_ST00322" HPOS="870" VPOS="1992" WIDTH="38" HEIGHT="39" CONTENT="le" WC="0.94" CC="10"/>
						<SP ID="P16_SP00297" HPOS="908" VPOS="2047" WIDTH="20"/>
						<String ID="P16_ST00323" HPOS="928" VPOS="2005" WIDTH="190" HEIGHT="36" CONTENT="courage" WC="1.00" CC="0000000"/>
						<SP ID="P16_SP00298" HPOS="1118" VPOS="2047" WIDTH="32"/>
						<String ID="P16_ST00324" HPOS="1150" VPOS="1991" WIDTH="53" HEIGHT="40" CONTENT="de" WC="1.00" CC="00"/>
						<SP ID="P16_SP00299" HPOS="1203" VPOS="2047" WIDTH="30"/>
						<String ID="P16_ST00325" HPOS="1233" VPOS="1991" WIDTH="61" HEIGHT="51" CONTENT="s'y" WC="0.97" CC="520"/>
						<SP ID="P16_SP00300" HPOS="1294" VPOS="2047" WIDTH="33"/>
						<String ID="P16_ST00326" HPOS="1327" VPOS="1992" WIDTH="240" HEIGHT="38" CONTENT="soustraire" WC="1.00" CC="0001000508"/>
						<SP ID="P16_SP00301" HPOS="1567" VPOS="2047" WIDTH="24"/>
						<String ID="P16_ST00327" HPOS="1591" VPOS="2003" WIDTH="8" HEIGHT="25" CONTENT=":" WC="0.56" CC="4"/>
						<SP ID="P16_SP00302" HPOS="1599" VPOS="2047" WIDTH="27"/>
						<String ID="P16_ST00328" HPOS="1626" VPOS="1989" WIDTH="273" HEIGHT="52" CONTENT="Meyerbeer," WC="1.00" CC="0000000000"/>
						<SP ID="P16_SP00303" HPOS="1899" VPOS="2047" WIDTH="42"/>
						<String ID="P16_ST00329" HPOS="1941" VPOS="1988" WIDTH="174" HEIGHT="49" CONTENT="Rossini," WC="0.90" CC="30000400"/>
					</TextLine>
					<TextLine ID="P16_TL00027" HPOS="163" VPOS="2054" WIDTH="1954" HEIGHT="54">
						<String ID="P16_ST00330" HPOS="163" VPOS="2065" WIDTH="192" HEIGHT="40" CONTENT="Félicien" WC="0.99" CC="60030207"/>
						<SP ID="P16_SP00304" HPOS="355" VPOS="2105" WIDTH="33"/>
						<String ID="P16_ST00331" HPOS="388" VPOS="2063" WIDTH="156" HEIGHT="45" CONTENT="David," WC="1.00" CC="000004"/>
						<SP ID="P16_SP00305" HPOS="544" VPOS="2108" WIDTH="26"/>
						<String ID="P16_ST00332" HPOS="570" VPOS="2061" WIDTH="165" HEIGHT="47" CONTENT="Auber," WC="0.75" CC="064004"/>
						<SP ID="P16_SP00306" HPOS="735" VPOS="2108" WIDTH="23"/>
						<String ID="P16_ST00333" HPOS="758" VPOS="2059" WIDTH="179" HEIGHT="49" CONTENT="Hérold," WC="0.72" CC="3090032"/>
						<SP ID="P16_SP00307" HPOS="937" VPOS="2108" WIDTH="28"/>
						<String ID="P16_ST00334" HPOS="965" VPOS="2059" WIDTH="232" HEIGHT="48" CONTENT="Donizetti," WC="0.86" CC="0000000633"/>
						<SP ID="P16_SP00308" HPOS="1197" VPOS="2108" WIDTH="28"/>
						<String ID="P16_ST00335" HPOS="1225" VPOS="2057" WIDTH="207" HEIGHT="47" CONTENT="Gounod," WC="0.77" CC="6060003"/>
						<SP ID="P16_SP00309" HPOS="1432" VPOS="2108" WIDTH="38"/>
						<String ID="P16_ST00336" HPOS="1470" VPOS="2058" WIDTH="163" HEIGHT="45" CONTENT="Massé," WC="0.99" CC="040003"/>
						<SP ID="P16_SP00310" HPOS="1633" VPOS="2108" WIDTH="24"/>
						<String ID="P16_ST00337" HPOS="1657" VPOS="2057" WIDTH="60" HEIGHT="39" CONTENT="M." WC="0.80" CC="04"/>
						<SP ID="P16_SP00311" HPOS="1717" VPOS="2108" WIDTH="34"/>
						<String ID="P16_ST00338" HPOS="1751" VPOS="2054" WIDTH="285" HEIGHT="43" CONTENT="Saint-Saëns" WC="0.79" CC="00300300680"/>
						<SP ID="P16_SP00312" HPOS="2036" VPOS="2108" WIDTH="21"/>
						<String ID="P16_ST00339" HPOS="2057" VPOS="2066" WIDTH="60" HEIGHT="31" CONTENT="ont" WC="0.96" CC="064"/>
					</TextLine>
					<TextLine ID="P16_TL00028" HPOS="162" VPOS="2122" WIDTH="1954" HEIGHT="62">
						<String ID="P16_ST00340" HPOS="162" VPOS="2137" WIDTH="111" HEIGHT="47" CONTENT="payé" WC="0.99" CC="0006"/>
						<SP ID="P16_SP00313" HPOS="273" VPOS="2184" WIDTH="23"/>
						<String ID="P16_ST00341" HPOS="296" VPOS="2132" WIDTH="93" HEIGHT="39" CONTENT="leur" WC="0.98" CC="2060"/>
						<SP ID="P16_SP00314" HPOS="389" VPOS="2184" WIDTH="24"/>
						<String ID="P16_ST00342" HPOS="413" VPOS="2130" WIDTH="136" HEIGHT="40" CONTENT="tribut" WC="0.99" CC="300005"/>
						<SP ID="P16_SP00315" HPOS="549" VPOS="2184" WIDTH="25"/>
						<String ID="P16_ST00343" HPOS="574" VPOS="2134" WIDTH="19" HEIGHT="34" CONTENT="à" WC="0.56" CC="4"/>
						<SP ID="P16_SP00316" HPOS="593" VPOS="2184" WIDTH="22"/>
						<String ID="P16_ST00344" HPOS="615" VPOS="2137" WIDTH="109" HEIGHT="31" CONTENT="cette" WC="1.00" CC="00000"/>
						<SP ID="P16_SP00317" HPOS="724" VPOS="2184" WIDTH="33"/>
						<String ID="P16_ST00345" HPOS="757" VPOS="2128" WIDTH="247" HEIGHT="50" CONTENT="esthétique" WC="0.99" CC="0056060000"/>
						<SP ID="P16_SP00318" HPOS="1004" VPOS="2184" WIDTH="36"/>
						<String ID="P16_ST00346" HPOS="1040" VPOS="2127" WIDTH="53" HEIGHT="38" CONTENT="de" WC="1.00" CC="00"/>
						<SP ID="P16_SP00319" HPOS="1093" VPOS="2184" WIDTH="31"/>
						<String ID="P16_ST00347" HPOS="1124" VPOS="2125" WIDTH="175" HEIGHT="40" CONTENT="cabaret" WC="1.00" CC="0008000"/>
						<SP ID="P16_SP00320" HPOS="1299" VPOS="2184" WIDTH="22"/>
						<String ID="P16_ST00348" HPOS="1321" VPOS="2127" WIDTH="72" HEIGHT="50" CONTENT="qui" WC="0.98" CC="005"/>
						<SP ID="P16_SP00321" HPOS="1393" VPOS="2184" WIDTH="25"/>
						<String ID="P16_ST00349" HPOS="1418" VPOS="2123" WIDTH="189" HEIGHT="42" CONTENT="suffirait" WC="0.99" CC="057110045"/>
						<SP ID="P16_SP00322" HPOS="1607" VPOS="2184" WIDTH="36"/>
						<String ID="P16_ST00350" HPOS="1643" VPOS="2128" WIDTH="20" HEIGHT="36" CONTENT="à" WC="0.64" CC="3"/>
						<SP ID="P16_SP00323" HPOS="1663" VPOS="2184" WIDTH="42"/>
						<String ID="P16_ST00351" HPOS="1705" VPOS="2122" WIDTH="184" HEIGHT="54" CONTENT="justifier" WC="0.99" CC="300541100"/>
						<SP ID="P16_SP00324" HPOS="1889" VPOS="2184" WIDTH="35"/>
						<String ID="P16_ST00352" HPOS="1924" VPOS="2124" WIDTH="38" HEIGHT="39" CONTENT="le" WC="0.93" CC="10"/>
						<SP ID="P16_SP00325" HPOS="1962" VPOS="2184" WIDTH="29"/>
						<String ID="P16_ST00353" HPOS="1991" VPOS="2129" WIDTH="105" HEIGHT="46" CONTENT="prosé" SUBS_TYPE="HypPart1" SUBS_CONTENT="prosélytisme" WC="0.99" CC="00105"/>
						<HYP HPOS="2096" VPOS="2129" WIDTH="20" CONTENT="-"/>
					</TextLine>
					<TextLine ID="P16_TL00029" HPOS="164" VPOS="2191" WIDTH="1952" HEIGHT="61">
						<String ID="P16_ST00354" HPOS="164" VPOS="2201" WIDTH="177" HEIGHT="51" CONTENT="lytisme" SUBS_TYPE="HypPart2" SUBS_CONTENT="prosélytisme" WC="1.00" CC="2000000"/>
						<SP ID="P16_SP00326" HPOS="341" VPOS="2252" WIDTH="23"/>
						<String ID="P16_ST00355" HPOS="364" VPOS="2199" WIDTH="76" HEIGHT="39" CONTENT="des" WC="1.00" CC="000"/>
						<SP ID="P16_SP00327" HPOS="440" VPOS="2252" WIDTH="26"/>
						<String ID="P16_ST00356" HPOS="466" VPOS="2199" WIDTH="183" HEIGHT="38" CONTENT="sociétés" WC="1.00" CC="00040004"/>
						<SP ID="P16_SP00328" HPOS="649" VPOS="2252" WIDTH="23"/>
						<String ID="P16_ST00357" HPOS="672" VPOS="2197" WIDTH="53" HEIGHT="39" CONTENT="de" WC="1.00" CC="00"/>
						<SP ID="P16_SP00329" HPOS="725" VPOS="2252" WIDTH="33"/>
						<String ID="P16_ST00358" HPOS="758" VPOS="2200" WIDTH="296" HEIGHT="46" CONTENT="tempérance." WC="0.99" CC="60000907004"/>
						<SP ID="P16_SP00330" HPOS="1054" VPOS="2252" WIDTH="26"/>
						<String ID="P16_ST00359" HPOS="1080" VPOS="2193" WIDTH="52" HEIGHT="40" CONTENT="Et" WC="0.82" CC="30"/>
						<SP ID="P16_SP00331" HPOS="1132" VPOS="2252" WIDTH="16"/>
						<String ID="P16_ST00360" HPOS="1148" VPOS="2194" WIDTH="113" HEIGHT="39" CONTENT="voilà" WC="0.98" CC="00234"/>
						<SP ID="P16_SP00332" HPOS="1261" VPOS="2252" WIDTH="26"/>
						<String ID="P16_ST00361" HPOS="1287" VPOS="2206" WIDTH="84" HEIGHT="39" CONTENT="que" WC="0.97" CC="060"/>
						<SP ID="P16_SP00333" HPOS="1371" VPOS="2252" WIDTH="35"/>
						<String ID="P16_ST00362" HPOS="1406" VPOS="2201" WIDTH="92" HEIGHT="32" CONTENT="tout" WC="0.99" CC="4000"/>
						<SP ID="P16_SP00334" HPOS="1498" VPOS="2252" WIDTH="34"/>
						<String ID="P16_ST00363" HPOS="1532" VPOS="2197" WIDTH="20" HEIGHT="35" CONTENT="à" WC="1.00" CC="0"/>
						<SP ID="P16_SP00335" HPOS="1552" VPOS="2252" WIDTH="38"/>
						<String ID="P16_ST00364" HPOS="1590" VPOS="2206" WIDTH="111" HEIGHT="38" CONTENT="coup" WC="0.99" CC="0070"/>
						<SP ID="P16_SP00336" HPOS="1701" VPOS="2252" WIDTH="34"/>
						<String ID="P16_ST00365" HPOS="1735" VPOS="2192" WIDTH="126" HEIGHT="51" CONTENT="jaillit" WC="0.99" CC="0200105"/>
						<SP ID="P16_SP00337" HPOS="1861" VPOS="2252" WIDTH="32"/>
						<String ID="P16_ST00366" HPOS="1893" VPOS="2191" WIDTH="51" HEIGHT="40" CONTENT="de" WC="0.97" CC="00"/>
						<SP ID="P16_SP00338" HPOS="1944" VPOS="2252" WIDTH="31"/>
						<String ID="P16_ST00367" HPOS="1975" VPOS="2204" WIDTH="42" HEIGHT="26" CONTENT="ce" WC="0.71" CC="50"/>
						<SP ID="P16_SP00339" HPOS="2017" VPOS="2252" WIDTH="29"/>
						<String ID="P16_ST00368" HPOS="2046" VPOS="2191" WIDTH="70" HEIGHT="40" CONTENT="lieu" WC="0.98" CC="3005"/>
					</TextLine>
					<TextLine ID="P16_TL00030" HPOS="163" VPOS="2260" WIDTH="1954" HEIGHT="56">
						<String ID="P16_ST00369" HPOS="163" VPOS="2281" WIDTH="208" HEIGHT="26" CONTENT="commun" WC="1.00" CC="000005"/>
						<SP ID="P16_SP00340" HPOS="371" VPOS="2307" WIDTH="23"/>
						<String ID="P16_ST00370" HPOS="394" VPOS="2279" WIDTH="85" HEIGHT="26" CONTENT="une" WC="0.95" CC="570"/>
						<SP ID="P16_SP00341" HPOS="479" VPOS="2307" WIDTH="23"/>
						<String ID="P16_ST00371" HPOS="502" VPOS="2266" WIDTH="166" HEIGHT="50" CONTENT="plainte" WC="0.99" CC="0024060"/>
						<SP ID="P16_SP00342" HPOS="668" VPOS="2316" WIDTH="24"/>
						<String ID="P16_ST00372" HPOS="692" VPOS="2264" WIDTH="228" HEIGHT="39" CONTENT="humaine," WC="0.99" CC="40003404"/>
						<SP ID="P16_SP00343" HPOS="920" VPOS="2316" WIDTH="28"/>
						<String ID="P16_ST00373" HPOS="948" VPOS="2268" WIDTH="56" HEIGHT="33" CONTENT="où" WC="0.66" CC="06"/>
						<SP ID="P16_SP00344" HPOS="1004" VPOS="2316" WIDTH="21"/>
						<String ID="P16_ST00374" HPOS="1025" VPOS="2265" WIDTH="185" HEIGHT="36" CONTENT="résonne" WC="1.00" CC="0000000"/>
						<SP ID="P16_SP00345" HPOS="1210" VPOS="2316" WIDTH="20"/>
						<String ID="P16_ST00375" HPOS="1230" VPOS="2262" WIDTH="38" HEIGHT="38" CONTENT="le" WC="0.73" CC="50"/>
						<SP ID="P16_SP00346" HPOS="1268" VPOS="2316" WIDTH="21"/>
						<String ID="P16_ST00376" HPOS="1289" VPOS="2263" WIDTH="82" HEIGHT="37" CONTENT="rire" WC="0.97" CC="0262"/>
						<SP ID="P16_SP00347" HPOS="1371" VPOS="2316" WIDTH="22"/>
						<String ID="P16_ST00377" HPOS="1393" VPOS="2261" WIDTH="37" HEIGHT="39" CONTENT="le" WC="1.00" CC="00"/>
						<SP ID="P16_SP00348" HPOS="1430" VPOS="2316" WIDTH="23"/>
						<String ID="P16_ST00378" HPOS="1453" VPOS="2261" WIDTH="99" HEIGHT="51" CONTENT="plus" WC="0.97" CC="0470"/>
						<SP ID="P16_SP00349" HPOS="1552" VPOS="2316" WIDTH="34"/>
						<String ID="P16_ST00379" HPOS="1586" VPOS="2274" WIDTH="120" HEIGHT="26" CONTENT="amer" WC="1.00" CC="0000"/>
						<SP ID="P16_SP00350" HPOS="1706" VPOS="2316" WIDTH="20"/>
						<String ID="P16_ST00380" HPOS="1726" VPOS="2269" WIDTH="40" HEIGHT="31" CONTENT="et" WC="0.55" CC="26"/>
						<SP ID="P16_SP00351" HPOS="1766" VPOS="2316" WIDTH="23"/>
						<String ID="P16_ST00381" HPOS="1789" VPOS="2260" WIDTH="37" HEIGHT="40" CONTENT="le" WC="0.82" CC="30"/>
						<SP ID="P16_SP00352" HPOS="1826" VPOS="2316" WIDTH="35"/>
						<String ID="P16_ST00382" HPOS="1861" VPOS="2262" WIDTH="98" HEIGHT="50" CONTENT="plus" WC="0.99" CC="0410"/>
						<SP ID="P16_SP00353" HPOS="1959" VPOS="2316" WIDTH="31"/>
						<String ID="P16_ST00383" HPOS="1990" VPOS="2260" WIDTH="106" HEIGHT="39" CONTENT="déchi" SUBS_TYPE="HypPart1" SUBS_CONTENT="déchirant" WC="0.97" CC="76066"/>
						<HYP HPOS="2096" VPOS="2260" WIDTH="21" CONTENT="-"/>
					</TextLine>
					<TextLine ID="P16_TL00031" HPOS="165" VPOS="2326" WIDTH="1950" HEIGHT="58">
						<String ID="P16_ST00384" HPOS="165" VPOS="2344" WIDTH="96" HEIGHT="31" CONTENT="rant" SUBS_TYPE="HypPart2" SUBS_CONTENT="déchirant" WC="0.96" CC="0665"/>
						<SP ID="P16_SP00354" HPOS="261" VPOS="2375" WIDTH="18"/>
						<String ID="P16_ST00385" HPOS="279" VPOS="2334" WIDTH="191" HEIGHT="50" CONTENT="sanglot." WC="0.99" CC="03705142"/>
						<SP ID="P16_SP00355" HPOS="470" VPOS="2384" WIDTH="29"/>
						<String ID="P16_ST00386" HPOS="499" VPOS="2332" WIDTH="90" HEIGHT="40" CONTENT="Ala" WC="0.98" CC="100"/>
						<SP ID="P16_SP00356" HPOS="589" VPOS="2384" WIDTH="24"/>
						<String ID="P16_ST00387" HPOS="613" VPOS="2331" WIDTH="152" HEIGHT="39" CONTENT="faveur" WC="0.98" CC="049050"/>
						<SP ID="P16_SP00357" HPOS="765" VPOS="2384" WIDTH="33"/>
						<String ID="P16_ST00388" HPOS="798" VPOS="2330" WIDTH="128" HEIGHT="39" CONTENT="d'une" WC="0.99" CC="04050"/>
						<SP ID="P16_SP00358" HPOS="926" VPOS="2384" WIDTH="42"/>
						<String ID="P16_ST00389" HPOS="968" VPOS="2329" WIDTH="99" HEIGHT="39" CONTENT="telle" WC="0.98" CC="40260"/>
						<SP ID="P16_SP00359" HPOS="1067" VPOS="2384" WIDTH="34"/>
						<String ID="P16_ST00390" HPOS="1101" VPOS="2333" WIDTH="176" HEIGHT="47" CONTENT="pensée," WC="1.00" CC="0000011"/>
						<SP ID="P16_SP00360" HPOS="1277" VPOS="2384" WIDTH="38"/>
						<String ID="P16_ST00391" HPOS="1315" VPOS="2337" WIDTH="40" HEIGHT="31" CONTENT="et" WC="0.71" CC="05"/>
						<SP ID="P16_SP00361" HPOS="1355" VPOS="2384" WIDTH="38"/>
						<String ID="P16_ST00392" HPOS="1393" VPOS="2342" WIDTH="118" HEIGHT="26" CONTENT="aussi" WC="0.97" CC="86007"/>
						<SP ID="P16_SP00362" HPOS="1511" VPOS="2384" WIDTH="23"/>
						<String ID="P16_ST00393" HPOS="1534" VPOS="2328" WIDTH="52" HEIGHT="38" CONTENT="de" WC="0.65" CC="06"/>
						<SP ID="P16_SP00363" HPOS="1586" VPOS="2384" WIDTH="33"/>
						<String ID="P16_ST00394" HPOS="1619" VPOS="2328" WIDTH="38" HEIGHT="39" CONTENT="la" WC="0.91" CC="10"/>
						<SP ID="P16_SP00364" HPOS="1657" VPOS="2384" WIDTH="27"/>
						<String ID="P16_ST00395" HPOS="1684" VPOS="2328" WIDTH="148" HEIGHT="38" CONTENT="Ronde" WC="0.99" CC="00700" STYLEREFS="TXT_2"/>
						<SP ID="P16_SP00365" HPOS="1832" VPOS="2384" WIDTH="22"/>
						<String ID="P16_ST00396" HPOS="1854" VPOS="2326" WIDTH="261" HEIGHT="46" CONTENT="bohémienne," WC="0.99" CC="71046060850" STYLEREFS="TXT_2"/>
					</TextLine>
					<TextLine ID="P16_TL00032" HPOS="163" VPOS="2394" WIDTH="1954" HEIGHT="61">
						<String ID="P16_ST00397" HPOS="163" VPOS="2403" WIDTH="235" HEIGHT="52" CONTENT="j'amnistie" WC="0.99" CC="1300660630"/>
						<SP ID="P16_SP00366" HPOS="398" VPOS="2455" WIDTH="23"/>
						<String ID="P16_ST00398" HPOS="421" VPOS="2401" WIDTH="241" HEIGHT="40" CONTENT="volontiers" WC="1.00" CC="7000000000"/>
						<SP ID="P16_SP00367" HPOS="662" VPOS="2455" WIDTH="24"/>
						<String ID="P16_ST00399" HPOS="686" VPOS="2399" WIDTH="99" HEIGHT="40" CONTENT="telle" WC="0.98" CC="50130"/>
						<SP ID="P16_SP00368" HPOS="785" VPOS="2455" WIDTH="24"/>
						<String ID="P16_ST00400" HPOS="809" VPOS="2399" WIDTH="198" HEIGHT="38" CONTENT="cavatine" WC="0.92" CC="01000400"/>
						<SP ID="P16_SP00369" HPOS="1007" VPOS="2455" WIDTH="23"/>
						<String ID="P16_ST00401" HPOS="1030" VPOS="2410" WIDTH="55" HEIGHT="26" CONTENT="ou" WC="0.76" CC="04"/>
						<SP ID="P16_SP00370" HPOS="1085" VPOS="2455" WIDTH="24"/>
						<String ID="P16_ST00402" HPOS="1109" VPOS="2397" WIDTH="55" HEIGHT="39" CONTENT="tel" WC="0.97" CC="105"/>
						<SP ID="P16_SP00371" HPOS="1164" VPOS="2455" WIDTH="31"/>
						<String ID="P16_ST00403" HPOS="1195" VPOS="2410" WIDTH="18" HEIGHT="24" CONTENT="«" WC="1.00" CC="0"/>
						<SP ID="P16_SP00372" HPOS="1213" VPOS="2455" WIDTH="20"/>
						<String ID="P16_ST00404" HPOS="1233" VPOS="2398" WIDTH="63" HEIGHT="37" CONTENT="air" WC="0.97" CC="026"/>
						<SP ID="P16_SP00373" HPOS="1296" VPOS="2455" WIDTH="21"/>
						<String ID="P16_ST00405" HPOS="1317" VPOS="2397" WIDTH="54" HEIGHT="38" CONTENT="de" WC="1.00" CC="00"/>
						<SP ID="P16_SP00374" HPOS="1371" VPOS="2455" WIDTH="22"/>
						<String ID="P16_ST00406" HPOS="1393" VPOS="2396" WIDTH="39" HEIGHT="39" CONTENT="la" WC="0.33" CC="66"/>
						<SP ID="P16_SP00375" HPOS="1432" VPOS="2455" WIDTH="22"/>
						<String ID="P16_ST00407" HPOS="1454" VPOS="2396" WIDTH="103" HEIGHT="40" CONTENT="folie" WC="0.99" CC="00700"/>
						<SP ID="P16_SP00376" HPOS="1557" VPOS="2455" WIDTH="19"/>
						<String ID="P16_ST00408" HPOS="1576" VPOS="2408" WIDTH="18" HEIGHT="24" CONTENT="»" WC="0.34" CC="6"/>
						<SP ID="P16_SP00377" HPOS="1594" VPOS="2455" WIDTH="37"/>
						<String ID="P16_ST00409" HPOS="1631" VPOS="2409" WIDTH="102" HEIGHT="26" CONTENT="avec" WC="1.00" CC="0000"/>
						<SP ID="P16_SP00378" HPOS="1733" VPOS="2455" WIDTH="24"/>
						<String ID="P16_ST00410" HPOS="1757" VPOS="2396" WIDTH="61" HEIGHT="39" CONTENT="les" WC="1.00" CC="000"/>
						<SP ID="P16_SP00379" HPOS="1818" VPOS="2455" WIDTH="24"/>
						<String ID="P16_ST00411" HPOS="1842" VPOS="2394" WIDTH="196" HEIGHT="41" CONTENT="roulades" WC="1.00" CC="30030010"/>
						<SP ID="P16_SP00380" HPOS="2038" VPOS="2455" WIDTH="20"/>
						<String ID="P16_ST00412" HPOS="2058" VPOS="2396" WIDTH="59" HEIGHT="49" CONTENT="qui" WC="0.94" CC="555"/>
					</TextLine>
					<TextLine ID="P16_TL00033" HPOS="166" VPOS="2463" WIDTH="1951" HEIGHT="58">
						<String ID="P16_ST00413" HPOS="166" VPOS="2477" WIDTH="352" HEIGHT="44" CONTENT="accompagnent" WC="0.99" CC="800080003015"/>
						<SP ID="P16_SP00381" HPOS="518" VPOS="2521" WIDTH="23"/>
						<String ID="P16_ST00414" HPOS="541" VPOS="2467" WIDTH="390" HEIGHT="49" CONTENT="obligatoirement" WC="1.00" CC="000305005000053"/>
						<SP ID="P16_SP00382" HPOS="931" VPOS="2521" WIDTH="22"/>
						<String ID="P16_ST00415" HPOS="953" VPOS="2464" WIDTH="270" HEIGHT="40" CONTENT="l'aliénation" WC="1.00" CC="207410000100"/>
						<SP ID="P16_SP00383" HPOS="1223" VPOS="2521" WIDTH="36"/>
						<String ID="P16_ST00416" HPOS="1259" VPOS="2464" WIDTH="190" HEIGHT="39" CONTENT="mentale" WC="0.99" CC="0030650"/>
						<SP ID="P16_SP00384" HPOS="1449" VPOS="2521" WIDTH="29"/>
						<String ID="P16_ST00417" HPOS="1478" VPOS="2464" WIDTH="101" HEIGHT="39" CONTENT="chez" WC="0.99" CC="0300"/>
						<SP ID="P16_SP00385" HPOS="1579" VPOS="2521" WIDTH="44"/>
						<String ID="P16_ST00418" HPOS="1623" VPOS="2464" WIDTH="62" HEIGHT="38" CONTENT="les" WC="1.00" CC="000"/>
						<SP ID="P16_SP00386" HPOS="1685" VPOS="2521" WIDTH="35"/>
						<String ID="P16_ST00419" HPOS="1720" VPOS="2464" WIDTH="152" HEIGHT="51" CONTENT="jeunes" WC="0.99" CC="307000"/>
						<SP ID="P16_SP00387" HPOS="1872" VPOS="2521" WIDTH="32"/>
						<String ID="P16_ST00420" HPOS="1904" VPOS="2463" WIDTH="213" HEIGHT="51" CONTENT="premières" WC="1.00" CC="000058000"/>
					</TextLine>
					<TextLine ID="P16_TL00034" HPOS="165" VPOS="2529" WIDTH="1950" HEIGHT="58">
						<String ID="P16_ST00421" HPOS="165" VPOS="2539" WIDTH="110" HEIGHT="39" CONTENT="dans" WC="1.00" CC="0000"/>
						<SP ID="P16_SP00388" HPOS="275" VPOS="2578" WIDTH="30"/>
						<String ID="P16_ST00422" HPOS="305" VPOS="2545" WIDTH="92" HEIGHT="32" CONTENT="tout" WC="0.98" CC="1060"/>
						<SP ID="P16_SP00389" HPOS="397" VPOS="2578" WIDTH="23"/>
						<String ID="P16_ST00423" HPOS="420" VPOS="2540" WIDTH="130" HEIGHT="47" CONTENT="opéra" WC="0.99" CC="10600"/>
						<SP ID="P16_SP00390" HPOS="550" VPOS="2587" WIDTH="34"/>
						<String ID="P16_ST00424" HPOS="584" VPOS="2535" WIDTH="74" HEIGHT="51" CONTENT="qui" WC="1.00" CC="000"/>
						<SP ID="P16_SP00391" HPOS="658" VPOS="2587" WIDTH="38"/>
						<String ID="P16_ST00425" HPOS="696" VPOS="2535" WIDTH="81" HEIGHT="38" CONTENT="sait" WC="0.99" CC="0033"/>
						<SP ID="P16_SP00392" HPOS="777" VPOS="2587" WIDTH="24"/>
						<String ID="P16_ST00426" HPOS="801" VPOS="2533" WIDTH="62" HEIGHT="39" CONTENT="les" WC="0.99" CC="001"/>
						<SP ID="P16_SP00393" HPOS="863" VPOS="2587" WIDTH="21"/>
						<String ID="P16_ST00427" HPOS="884" VPOS="2545" WIDTH="177" HEIGHT="37" CONTENT="usages," WC="1.00" CC="0000003"/>
						<SP ID="P16_SP00394" HPOS="1061" VPOS="2587" WIDTH="19"/>
						<String ID="P16_ST00428" HPOS="1080" VPOS="2533" WIDTH="164" HEIGHT="39" CONTENT="témoin" WC="0.98" CC="500036"/>
						<SP ID="P16_SP00395" HPOS="1244" VPOS="2587" WIDTH="41"/>
						<String ID="P16_ST00429" HPOS="1285" VPOS="2530" WIDTH="133" HEIGHT="41" CONTENT="Lucie" WC="0.99" CC="45010"/>
						<SP ID="P16_SP00396" HPOS="1418" VPOS="2587" WIDTH="38"/>
						<String ID="P16_ST00430" HPOS="1456" VPOS="2531" WIDTH="52" HEIGHT="39" CONTENT="de" WC="1.00" CC="00"/>
						<SP ID="P16_SP00397" HPOS="1508" VPOS="2587" WIDTH="31"/>
						<String ID="P16_ST00431" HPOS="1539" VPOS="2530" WIDTH="355" HEIGHT="48" CONTENT="Lammermoor," WC="0.88" CC="09000000201"/>
						<SP ID="P16_SP00398" HPOS="1894" VPOS="2587" WIDTH="40"/>
						<String ID="P16_ST00432" HPOS="1934" VPOS="2529" WIDTH="181" HEIGHT="52" CONTENT="Ophélie," WC="0.64" CC="30573304"/>
					</TextLine>
					<TextLine ID="P16_TL00035" HPOS="167" VPOS="2594" WIDTH="864" HEIGHT="53">
						<String ID="P16_ST00433" HPOS="167" VPOS="2605" WIDTH="242" HEIGHT="40" CONTENT="Catherine" WC="0.99" CC="245000060"/>
						<SP ID="P16_SP00399" HPOS="409" VPOS="2645" WIDTH="22"/>
						<String ID="P16_ST00434" HPOS="431" VPOS="2604" WIDTH="53" HEIGHT="39" CONTENT="de" WC="1.00" CC="00"/>
						<SP ID="P16_SP00400" HPOS="484" VPOS="2645" WIDTH="32"/>
						<String ID="P16_ST00435" HPOS="516" VPOS="2594" WIDTH="176" HEIGHT="48" CONTENT="l'Étoile" WC="0.99" CC="62500000" STYLEREFS="TXT_2"/>
						<SP ID="P16_SP00401" HPOS="692" VPOS="2645" WIDTH="23"/>
						<String ID="P16_ST00436" HPOS="715" VPOS="2601" WIDTH="55" HEIGHT="38" CONTENT="du" WC="1.00" CC="00" STYLEREFS="TXT_2"/>
						<SP ID="P16_SP00402" HPOS="770" VPOS="2645" WIDTH="21"/>
						<String ID="P16_ST00437" HPOS="791" VPOS="2600" WIDTH="125" HEIGHT="40" CONTENT="Nord" WC="0.99" CC="0600" STYLEREFS="TXT_2"/>
						<String ID="P16_ST00438" HPOS="922" VPOS="2630" WIDTH="8" HEIGHT="17" CONTENT="," WC="0.96" CC="0"/>
						<SP ID="P16_SP00403" HPOS="930" VPOS="2647" WIDTH="23"/>
						<String ID="P16_ST00439" HPOS="953" VPOS="2608" WIDTH="78" HEIGHT="31" CONTENT="etc." WC="0.98" CC="0234"/>
					</TextLine>
					<TextLine ID="P16_TL00036" HPOS="224" VPOS="2711" WIDTH="1893" HEIGHT="63">
						<String ID="P16_ST00440" HPOS="224" VPOS="2723" WIDTH="107" HEIGHT="51" CONTENT="Sept" WC="1.00" CC="0000"/>
						<SP ID="P16_SP00404" HPOS="331" VPOS="2774" WIDTH="22"/>
						<String ID="P16_ST00441" HPOS="353" VPOS="2735" WIDTH="76" HEIGHT="26" CONTENT="ans" WC="1.00" CC="000"/>
						<SP ID="P16_SP00405" HPOS="429" VPOS="2774" WIDTH="22"/>
						<String ID="P16_ST00442" HPOS="451" VPOS="2734" WIDTH="45" HEIGHT="27" CONTENT="se" WC="1.00" CC="00"/>
						<SP ID="P16_SP00406" HPOS="496" VPOS="2774" WIDTH="24"/>
						<String ID="P16_ST00443" HPOS="520" VPOS="2728" WIDTH="98" HEIGHT="32" CONTENT="sont" WC="0.99" CC="0005"/>
						<SP ID="P16_SP00407" HPOS="618" VPOS="2774" WIDTH="20"/>
						<String ID="P16_ST00444" HPOS="638" VPOS="2719" WIDTH="173" HEIGHT="40" CONTENT="écoulés" WC="1.00" CC="0005000"/>
						<SP ID="P16_SP00408" HPOS="811" VPOS="2774" WIDTH="20"/>
						<String ID="P16_ST00445" HPOS="831" VPOS="2732" WIDTH="8" HEIGHT="25" CONTENT=":" WC="0.91" CC="0"/>
						<SP ID="P16_SP00409" HPOS="839" VPOS="2774" WIDTH="27"/>
						<String ID="P16_ST00446" HPOS="866" VPOS="2714" WIDTH="216" HEIGHT="55" CONTENT="Djamileh" WC="0.84" CC="06600000" STYLEREFS="TXT_2"/>
						<SP ID="P16_SP00410" HPOS="1082" VPOS="2774" WIDTH="25"/>
						<String ID="P16_ST00447" HPOS="1107" VPOS="2721" WIDTH="142" HEIGHT="47" CONTENT="paraît" WC="1.00" CC="000000"/>
						<SP ID="P16_SP00411" HPOS="1249" VPOS="2774" WIDTH="21"/>
						<String ID="P16_ST00448" HPOS="1270" VPOS="2720" WIDTH="20" HEIGHT="35" CONTENT="à" WC="0.11" CC="8"/>
						<SP ID="P16_SP00412" HPOS="1290" VPOS="2774" WIDTH="27"/>
						<String ID="P16_ST00449" HPOS="1317" VPOS="2729" WIDTH="78" HEIGHT="27" CONTENT="son" WC="0.98" CC="006"/>
						<SP ID="P16_SP00413" HPOS="1395" VPOS="2774" WIDTH="30"/>
						<String ID="P16_ST00450" HPOS="1425" VPOS="2724" WIDTH="113" HEIGHT="39" CONTENT="tour," WC="0.98" CC="30074"/>
						<SP ID="P16_SP00414" HPOS="1538" VPOS="2774" WIDTH="26"/>
						<String ID="P16_ST00451" HPOS="1564" VPOS="2728" WIDTH="149" HEIGHT="27" CONTENT="œuvre" WC="1.00" CC="00000"/>
						<SP ID="P16_SP00415" HPOS="1713" VPOS="2774" WIDTH="40"/>
						<String ID="P16_ST00452" HPOS="1753" VPOS="2714" WIDTH="246" HEIGHT="44" CONTENT="délicieuse," WC="1.00" CC="00400006002"/>
						<SP ID="P16_SP00416" HPOS="1999" VPOS="2774" WIDTH="32"/>
						<String ID="P16_ST00453" HPOS="2031" VPOS="2711" WIDTH="86" HEIGHT="40" CONTENT="dont" WC="0.95" CC="5586"/>
					</TextLine>
					<TextLine ID="P16_TL00037" HPOS="166" VPOS="2781" WIDTH="1950" HEIGHT="61">
						<String ID="P16_ST00454" HPOS="166" VPOS="2792" WIDTH="38" HEIGHT="39" CONTENT="le" WC="1.00" CC="00"/>
						<SP ID="P16_SP00417" HPOS="204" VPOS="2831" WIDTH="24"/>
						<String ID="P16_ST00455" HPOS="228" VPOS="2791" WIDTH="110" HEIGHT="51" CONTENT="sujet" WC="1.00" CC="00000"/>
						<SP ID="P16_SP00418" HPOS="338" VPOS="2842" WIDTH="24"/>
						<String ID="P16_ST00456" HPOS="362" VPOS="2787" WIDTH="110" HEIGHT="42" CONTENT="n'est" WC="0.99" CC="64000"/>
						<SP ID="P16_SP00419" HPOS="472" VPOS="2842" WIDTH="24"/>
						<String ID="P16_ST00457" HPOS="496" VPOS="2796" WIDTH="120" HEIGHT="31" CONTENT="autre" WC="0.98" CC="66000"/>
						<SP ID="P16_SP00420" HPOS="616" VPOS="2842" WIDTH="24"/>
						<String ID="P16_ST00458" HPOS="640" VPOS="2800" WIDTH="82" HEIGHT="38" CONTENT="que" WC="1.00" CC="000"/>
						<SP ID="P16_SP00421" HPOS="722" VPOS="2842" WIDTH="27"/>
						<String ID="P16_ST00459" HPOS="749" VPOS="2786" WIDTH="110" HEIGHT="40" CONTENT="celui" WC="0.99" CC="00400"/>
						<SP ID="P16_SP00422" HPOS="859" VPOS="2842" WIDTH="24"/>
						<String ID="P16_ST00460" HPOS="883" VPOS="2786" WIDTH="111" HEIGHT="39" CONTENT="delà" WC="1.00" CC="0000"/>
						<SP ID="P16_SP00423" HPOS="994" VPOS="2842" WIDTH="23"/>
						<String ID="P16_ST00461" HPOS="1017" VPOS="2784" WIDTH="229" HEIGHT="40" CONTENT="Namouna" WC="0.63" CC="7401343" STYLEREFS="TXT_2"/>
						<SP ID="P16_SP00424" HPOS="1246" VPOS="2842" WIDTH="22"/>
						<String ID="P16_ST00462" HPOS="1268" VPOS="2784" WIDTH="53" HEIGHT="40" CONTENT="de" WC="1.00" CC="00"/>
						<SP ID="P16_SP00425" HPOS="1321" VPOS="2842" WIDTH="22"/>
						<String ID="P16_ST00463" HPOS="1343" VPOS="2782" WIDTH="186" HEIGHT="49" CONTENT="Musset," WC="0.99" CC="0000404"/>
						<SP ID="P16_SP00426" HPOS="1529" VPOS="2842" WIDTH="26"/>
						<String ID="P16_ST00464" HPOS="1555" VPOS="2784" WIDTH="110" HEIGHT="38" CONTENT="mais" WC="1.00" CC="0010"/>
						<SP ID="P16_SP00427" HPOS="1665" VPOS="2842" WIDTH="22"/>
						<String ID="P16_ST00465" HPOS="1687" VPOS="2782" WIDTH="97" HEIGHT="52" CONTENT="plus" WC="1.00" CC="0000"/>
						<SP ID="P16_SP00428" HPOS="1784" VPOS="2842" WIDTH="16"/>
						<String ID="P16_ST00466" HPOS="1800" VPOS="2781" WIDTH="164" HEIGHT="40" CONTENT="habillé" WC="0.99" CC="0203216"/>
						<SP ID="P16_SP00429" HPOS="1964" VPOS="2842" WIDTH="15"/>
						<String ID="P16_ST00467" HPOS="1979" VPOS="2788" WIDTH="37" HEIGHT="31" CONTENT="et" WC="1.00" CC="00"/>
						<SP ID="P16_SP00430" HPOS="2016" VPOS="2842" WIDTH="17"/>
						<String ID="P16_ST00468" HPOS="2033" VPOS="2791" WIDTH="83" HEIGHT="27" CONTENT="sans" WC="0.99" CC="0060"/>
					</TextLine>
					<TextLine ID="P16_TL00038" HPOS="167" VPOS="2848" WIDTH="1948" HEIGHT="63">
						<String ID="P16_ST00469" HPOS="167" VPOS="2872" WIDTH="85" HEIGHT="39" CONTENT="que" WC="1.00" CC="000"/>
						<SP ID="P16_SP00431" HPOS="252" VPOS="2911" WIDTH="31"/>
						<String ID="P16_ST00470" HPOS="283" VPOS="2858" WIDTH="62" HEIGHT="39" CONTENT="les" WC="0.98" CC="400"/>
						<SP ID="P16_SP00432" HPOS="345" VPOS="2911" WIDTH="24"/>
						<String ID="P16_ST00471" HPOS="369" VPOS="2868" WIDTH="302" HEIGHT="41" CONTENT="personnages" WC="1.00" CC="00005660000"/>
						<SP ID="P16_SP00433" HPOS="671" VPOS="2911" WIDTH="33"/>
						<String ID="P16_ST00472" HPOS="704" VPOS="2855" WIDTH="199" HEIGHT="51" CONTENT="puissent" WC="0.99" CC="02500076"/>
						<SP ID="P16_SP00434" HPOS="903" VPOS="2911" WIDTH="22"/>
						<String ID="P16_ST00473" HPOS="925" VPOS="2867" WIDTH="26" HEIGHT="37" CONTENT="y" WC="1.00" CC="0"/>
						<SP ID="P16_SP00435" HPOS="951" VPOS="2911" WIDTH="23"/>
						<String ID="P16_ST00474" HPOS="974" VPOS="2856" WIDTH="87" HEIGHT="36" CONTENT="être" WC="0.98" CC="6003"/>
						<SP ID="P16_SP00436" HPOS="1061" VPOS="2911" WIDTH="21"/>
						<String ID="P16_ST00475" HPOS="1082" VPOS="2855" WIDTH="228" HEIGHT="47" CONTENT="comparés" WC="1.00" CC="00000080"/>
						<SP ID="P16_SP00437" HPOS="1310" VPOS="2911" WIDTH="23"/>
						<String ID="P16_ST00476" HPOS="1333" VPOS="2865" WIDTH="54" HEIGHT="25" CONTENT="au" WC="0.55" CC="35"/>
						<SP ID="P16_SP00438" HPOS="1387" VPOS="2911" WIDTH="23"/>
						<String ID="P16_ST00477" HPOS="1410" VPOS="2863" WIDTH="18" HEIGHT="24" CONTENT="«" WC="1.00" CC="0"/>
						<SP ID="P16_SP00439" HPOS="1428" VPOS="2911" WIDTH="19"/>
						<String ID="P16_ST00478" HPOS="1447" VPOS="2850" WIDTH="199" HEIGHT="40" CONTENT="discours" WC="1.00" CC="01011000"/>
						<SP ID="P16_SP00440" HPOS="1646" VPOS="2911" WIDTH="21"/>
						<String ID="P16_ST00479" HPOS="1667" VPOS="2850" WIDTH="102" HEIGHT="39" CONTENT="d'un" WC="0.99" CC="0003"/>
						<SP ID="P16_SP00441" HPOS="1769" VPOS="2911" WIDTH="24"/>
						<String ID="P16_ST00480" HPOS="1793" VPOS="2848" WIDTH="322" HEIGHT="40" CONTENT="académicien))." WC="0.99" CC="00000632005765"/>
					</TextLine>
					<TextLine ID="P16_TL00039" HPOS="167" VPOS="2918" WIDTH="1950" HEIGHT="54">
						<String ID="P16_ST00481" HPOS="167" VPOS="2925" WIDTH="80" HEIGHT="41" CONTENT="Cet" WC="0.98" CC="005"/>
						<SP ID="P16_SP00442" HPOS="247" VPOS="2966" WIDTH="24"/>
						<String ID="P16_ST00482" HPOS="271" VPOS="2934" WIDTH="106" HEIGHT="37" CONTENT="acte," WC="1.00" CC="00003"/>
						<SP ID="P16_SP00443" HPOS="377" VPOS="2971" WIDTH="28"/>
						<String ID="P16_ST00483" HPOS="405" VPOS="2933" WIDTH="138" HEIGHT="30" CONTENT="a-t-on" WC="0.79" CC="034220"/>
						<SP ID="P16_SP00444" HPOS="543" VPOS="2971" WIDTH="22"/>
						<String ID="P16_ST00484" HPOS="565" VPOS="2923" WIDTH="78" HEIGHT="45" CONTENT="dit," WC="0.98" CC="0404"/>
						<SP ID="P16_SP00445" HPOS="643" VPOS="2971" WIDTH="33"/>
						<String ID="P16_ST00485" HPOS="676" VPOS="2922" WIDTH="108" HEIGHT="39" CONTENT="n'est" WC="1.00" CC="00004"/>
						<SP ID="P16_SP00446" HPOS="784" VPOS="2971" WIDTH="23"/>
						<String ID="P16_ST00486" HPOS="807" VPOS="2934" WIDTH="78" HEIGHT="38" CONTENT="pas" WC="0.98" CC="050"/>
						<SP ID="P16_SP00447" HPOS="885" VPOS="2972" WIDTH="25"/>
						<String ID="P16_ST00487" HPOS="910" VPOS="2933" WIDTH="17" HEIGHT="23" CONTENT="«" WC="0.44" CC="5"/>
						<SP ID="P16_SP00448" HPOS="927" VPOS="2972" WIDTH="19"/>
						<String ID="P16_ST00488" HPOS="946" VPOS="2920" WIDTH="205" HEIGHT="50" CONTENT="scénique" WC="0.89" CC="00004040"/>
						<SP ID="P16_SP00449" HPOS="1151" VPOS="2972" WIDTH="21"/>
						<String ID="P16_ST00489" HPOS="1172" VPOS="2932" WIDTH="38" HEIGHT="26" CONTENT="»." WC="0.60" CC="34"/>
						<SP ID="P16_SP00450" HPOS="1210" VPOS="2972" WIDTH="36"/>
						<String ID="P16_ST00490" HPOS="1246" VPOS="2918" WIDTH="31" HEIGHT="39" CONTENT="Il" WC="0.86" CC="02"/>
						<SP ID="P16_SP00451" HPOS="1277" VPOS="2972" WIDTH="42"/>
						<String ID="P16_ST00491" HPOS="1319" VPOS="2932" WIDTH="46" HEIGHT="26" CONTENT="se" WC="1.00" CC="00"/>
						<SP ID="P16_SP00452" HPOS="1365" VPOS="2972" WIDTH="22"/>
						<String ID="P16_ST00492" HPOS="1387" VPOS="2927" WIDTH="117" HEIGHT="42" CONTENT="peut," WC="0.98" CC="00264"/>
						<SP ID="P16_SP00453" HPOS="1504" VPOS="2972" WIDTH="26"/>
						<String ID="P16_ST00493" HPOS="1530" VPOS="2927" WIDTH="41" HEIGHT="30" CONTENT="et" WC="1.00" CC="00"/>
						<SP ID="P16_SP00454" HPOS="1571" VPOS="2972" WIDTH="35"/>
						<String ID="P16_ST00494" HPOS="1606" VPOS="2919" WIDTH="37" HEIGHT="50" CONTENT="je" WC="1.00" CC="00"/>
						<SP ID="P16_SP00455" HPOS="1643" VPOS="2972" WIDTH="23"/>
						<String ID="P16_ST00495" HPOS="1666" VPOS="2931" WIDTH="53" HEIGHT="25" CONTENT="ne" WC="0.73" CC="50"/>
						<SP ID="P16_SP00456" HPOS="1719" VPOS="2972" WIDTH="36"/>
						<String ID="P16_ST00496" HPOS="1755" VPOS="2918" WIDTH="68" HEIGHT="38" CONTENT="nie" WC="1.00" CC="000"/>
						<SP ID="P16_SP00457" HPOS="1823" VPOS="2972" WIDTH="24"/>
						<String ID="P16_ST00497" HPOS="1847" VPOS="2918" WIDTH="120" HEIGHT="50" CONTENT="point" WC="0.99" CC="02200"/>
						<SP ID="P16_SP00458" HPOS="1967" VPOS="2972" WIDTH="22"/>
						<String ID="P16_ST00498" HPOS="1989" VPOS="2927" WIDTH="74" HEIGHT="39" CONTENT="que" WC="1.00" CC="000"/>
						<SP ID="P16_SP00459" HPOS="2063" VPOS="2972" WIDTH="19"/>
						<String ID="P16_ST00499" HPOS="2082" VPOS="2924" WIDTH="35" HEIGHT="27" CONTENT="ce" WC="0.84" CC="03"/>
					</TextLine>
					<TextLine ID="P16_TL00040" HPOS="168" VPOS="2979" WIDTH="1950" HEIGHT="59">
						<String ID="P16_ST00500" HPOS="168" VPOS="2992" WIDTH="193" HEIGHT="45" CONTENT="tableau," WC="0.99" CC="60060554"/>
						<SP ID="P16_SP00460" HPOS="361" VPOS="3037" WIDTH="26"/>
						<String ID="P16_ST00501" HPOS="387" VPOS="2993" WIDTH="35" HEIGHT="38" CONTENT="si" WC="0.76" CC="04"/>
						<SP ID="P16_SP00461" HPOS="422" VPOS="3037" WIDTH="32"/>
						<String ID="P16_ST00502" HPOS="454" VPOS="2992" WIDTH="308" HEIGHT="38" CONTENT="discrètement" WC="0.99" CC="040008600075"/>
						<SP ID="P16_SP00462" HPOS="762" VPOS="3037" WIDTH="32"/>
						<String ID="P16_ST00503" HPOS="794" VPOS="2992" WIDTH="185" HEIGHT="42" CONTENT="nuancé," WC="0.99" CC="0430064"/>
						<SP ID="P16_SP00463" HPOS="979" VPOS="3037" WIDTH="26"/>
						<String ID="P16_ST00504" HPOS="1005" VPOS="2987" WIDTH="126" HEIGHT="39" CONTENT="doive" WC="1.00" CC="00400"/>
						<SP ID="P16_SP00464" HPOS="1131" VPOS="3037" WIDTH="23"/>
						<String ID="P16_ST00505" HPOS="1154" VPOS="3000" WIDTH="58" HEIGHT="26" CONTENT="un" WC="0.68" CC="60"/>
						<SP ID="P16_SP00465" HPOS="1212" VPOS="3037" WIDTH="19"/>
						<String ID="P16_ST00506" HPOS="1231" VPOS="2999" WIDTH="84" HEIGHT="39" CONTENT="peu" WC="1.00" CC="000"/>
						<SP ID="P16_SP00466" HPOS="1315" VPOS="3038" WIDTH="26"/>
						<String ID="P16_ST00507" HPOS="1341" VPOS="2995" WIDTH="94" HEIGHT="42" CONTENT="trop" WC="0.99" CC="0330"/>
						<SP ID="P16_SP00467" HPOS="1435" VPOS="3038" WIDTH="25"/>
						<String ID="P16_ST00508" HPOS="1460" VPOS="2984" WIDTH="239" HEIGHT="41" CONTENT="s'atténuer" WC="1.00" CC="0405007000"/>
						<SP ID="P16_SP00468" HPOS="1699" VPOS="3038" WIDTH="39"/>
						<String ID="P16_ST00509" HPOS="1738" VPOS="2998" WIDTH="105" HEIGHT="26" CONTENT="sous" WC="0.99" CC="6000"/>
						<SP ID="P16_SP00469" HPOS="1843" VPOS="3038" WIDTH="41"/>
						<String ID="P16_ST00510" HPOS="1884" VPOS="2984" WIDTH="60" HEIGHT="39" CONTENT="les" WC="0.98" CC="400"/>
						<SP ID="P16_SP00470" HPOS="1944" VPOS="3038" WIDTH="21"/>
						<String ID="P16_ST00511" HPOS="1965" VPOS="2982" WIDTH="86" HEIGHT="39" CONTENT="feux" WC="0.99" CC="0060"/>
						<SP ID="P16_SP00471" HPOS="2051" VPOS="3038" WIDTH="26"/>
						<String ID="P16_ST00512" HPOS="2077" VPOS="2979" WIDTH="41" HEIGHT="38" CONTENT="de" WC="0.69" CC="06"/>
					</TextLine>
					<TextLine ID="P16_TL00041" HPOS="168" VPOS="3052" WIDTH="1949" HEIGHT="58">
						<String ID="P16_ST00513" HPOS="168" VPOS="3061" WIDTH="40" HEIGHT="39" CONTENT="la" WC="1.00" CC="00"/>
						<SP ID="P16_SP00472" HPOS="208" VPOS="3100" WIDTH="25"/>
						<String ID="P16_ST00514" HPOS="233" VPOS="3073" WIDTH="165" HEIGHT="37" CONTENT="rampe." WC="1.00" CC="000004"/>
						<SP ID="P16_SP00473" HPOS="398" VPOS="3110" WIDTH="28"/>
						<String ID="P16_ST00515" HPOS="426" VPOS="3057" WIDTH="117" HEIGHT="40" CONTENT="Mais" WC="1.00" CC="0000"/>
						<SP ID="P16_SP00474" HPOS="543" VPOS="3110" WIDTH="33"/>
						<String ID="P16_ST00516" HPOS="576" VPOS="3058" WIDTH="93" HEIGHT="38" CONTENT="rien" WC="0.97" CC="7006"/>
						<SP ID="P16_SP00475" HPOS="669" VPOS="3110" WIDTH="44"/>
						<String ID="P16_ST00517" HPOS="713" VPOS="3055" WIDTH="108" HEIGHT="40" CONTENT="n'est" WC="0.99" CC="04005"/>
						<SP ID="P16_SP00476" HPOS="821" VPOS="3110" WIDTH="37"/>
						<String ID="P16_ST00518" HPOS="858" VPOS="3055" WIDTH="100" HEIGHT="52" CONTENT="plus" WC="0.99" CC="0040"/>
						<SP ID="P16_SP00477" HPOS="958" VPOS="3110" WIDTH="35"/>
						<String ID="P16_ST00519" HPOS="993" VPOS="3054" WIDTH="209" HEIGHT="40" CONTENT="touchant" WC="0.99" CC="00004160"/>
						<SP ID="P16_SP00478" HPOS="1202" VPOS="3110" WIDTH="23"/>
						<String ID="P16_ST00520" HPOS="1225" VPOS="3055" WIDTH="43" HEIGHT="38" CONTENT="ni" WC="0.50" CC="63"/>
						<SP ID="P16_SP00479" HPOS="1268" VPOS="3110" WIDTH="42"/>
						<String ID="P16_ST00521" HPOS="1310" VPOS="3054" WIDTH="128" HEIGHT="39" CONTENT="d'une" WC="0.99" CC="00600"/>
						<SP ID="P16_SP00480" HPOS="1438" VPOS="3110" WIDTH="40"/>
						<String ID="P16_ST00522" HPOS="1478" VPOS="3056" WIDTH="130" HEIGHT="47" CONTENT="grâce" WC="0.99" CC="00270"/>
						<SP ID="P16_SP00481" HPOS="1608" VPOS="3110" WIDTH="35"/>
						<String ID="P16_ST00523" HPOS="1643" VPOS="3053" WIDTH="99" HEIGHT="51" CONTENT="plus" WC="0.98" CC="0070"/>
						<SP ID="P16_SP00482" HPOS="1742" VPOS="3110" WIDTH="32"/>
						<String ID="P16_ST00524" HPOS="1774" VPOS="3052" WIDTH="178" HEIGHT="52" CONTENT="exquise" WC="1.00" CC="0000022"/>
						<SP ID="P16_SP00483" HPOS="1952" VPOS="3110" WIDTH="40"/>
						<String ID="P16_ST00525" HPOS="1992" VPOS="3061" WIDTH="74" HEIGHT="39" CONTENT="que" WC="1.00" CC="000"/>
						<SP ID="P16_SP00484" HPOS="2066" VPOS="3110" WIDTH="17"/>
						<String ID="P16_ST00526" HPOS="2083" VPOS="3059" WIDTH="34" HEIGHT="26" CONTENT="ce" WC="0.71" CC="05"/>
					</TextLine>
					<TextLine ID="P16_TL00042" HPOS="169" VPOS="3121" WIDTH="1646" HEIGHT="54">
						<String ID="P16_ST00527" HPOS="169" VPOS="3127" WIDTH="317" HEIGHT="48" CONTENT="marivaudage" WC="1.00" CC="00430000000"/>
						<SP ID="P16_SP00485" HPOS="486" VPOS="3175" WIDTH="24"/>
						<String ID="P16_ST00528" HPOS="510" VPOS="3124" WIDTH="202" HEIGHT="48" CONTENT="oriental," WC="0.99" CC="000063004"/>
						<SP ID="P16_SP00486" HPOS="712" VPOS="3175" WIDTH="25"/>
						<String ID="P16_ST00529" HPOS="737" VPOS="3131" WIDTH="40" HEIGHT="31" CONTENT="et" WC="0.82" CC="03"/>
						<SP ID="P16_SP00487" HPOS="777" VPOS="3175" WIDTH="23"/>
						<String ID="P16_ST00530" HPOS="800" VPOS="3123" WIDTH="38" HEIGHT="38" CONTENT="le" WC="1.00" CC="00"/>
						<SP ID="P16_SP00488" HPOS="838" VPOS="3175" WIDTH="19"/>
						<String ID="P16_ST00531" HPOS="857" VPOS="3123" WIDTH="214" HEIGHT="39" CONTENT="musicien" WC="0.99" CC="06200400"/>
						<SP ID="P16_SP00489" HPOS="1071" VPOS="3175" WIDTH="24"/>
						<String ID="P16_ST00532" HPOS="1095" VPOS="3121" WIDTH="64" HEIGHT="52" CONTENT="s'y" WC="0.98" CC="040"/>
						<SP ID="P16_SP00490" HPOS="1159" VPOS="3175" WIDTH="21"/>
						<String ID="P16_ST00533" HPOS="1180" VPOS="3130" WIDTH="65" HEIGHT="31" CONTENT="est" WC="1.00" CC="000"/>
						<SP ID="P16_SP00491" HPOS="1245" VPOS="3175" WIDTH="23"/>
						<String ID="P16_ST00534" HPOS="1268" VPOS="3125" WIDTH="171" HEIGHT="36" CONTENT="montré" WC="1.00" CC="000500"/>
						<SP ID="P16_SP00492" HPOS="1439" VPOS="3175" WIDTH="17"/>
						<String ID="P16_ST00535" HPOS="1456" VPOS="3121" WIDTH="131" HEIGHT="49" CONTENT="digne" WC="0.99" CC="04003"/>
						<SP ID="P16_SP00493" HPOS="1587" VPOS="3175" WIDTH="20"/>
						<String ID="P16_ST00536" HPOS="1607" VPOS="3121" WIDTH="59" HEIGHT="39" CONTENT="du" WC="0.77" CC="04"/>
						<SP ID="P16_SP00494" HPOS="1666" VPOS="3175" WIDTH="21"/>
						<String ID="P16_ST00537" HPOS="1687" VPOS="3125" WIDTH="128" HEIGHT="47" CONTENT="poète" WC="0.99" CC="00800"/>
					</TextLine>
					<TextLine ID="P16_TL00043" HPOS="645" VPOS="3206" WIDTH="1018" HEIGHT="41">
						<String ID="P16_ST00538" HPOS="645" VPOS="3208" WIDTH="54" HEIGHT="31" CONTENT="En" WC="0.77" CC="04" STYLEREFS="TXT_1"/>
						<SP ID="P16_SP00495" HPOS="699" VPOS="3239" WIDTH="23"/>
						<String ID="P16_ST00539" HPOS="722" VPOS="3210" WIDTH="149" HEIGHT="29" CONTENT="voulant" WC="0.98" CC="0451565" STYLEREFS="TXT_1"/>
						<SP ID="P16_SP00496" HPOS="871" VPOS="3239" WIDTH="18"/>
						<String ID="P16_ST00540" HPOS="889" VPOS="3207" WIDTH="155" HEIGHT="40" CONTENT="prendre" WC="0.99" CC="0124072" STYLEREFS="TXT_1"/>
						<SP ID="P16_SP00497" HPOS="1044" VPOS="3247" WIDTH="19"/>
						<String ID="P16_ST00541" HPOS="1063" VPOS="3217" WIDTH="43" HEIGHT="21" CONTENT="au" WC="0.84" CC="03" STYLEREFS="TXT_1"/>
						<SP ID="P16_SP00498" HPOS="1106" VPOS="3247" WIDTH="19"/>
						<String ID="P16_ST00542" HPOS="1125" VPOS="3208" WIDTH="58" HEIGHT="30" CONTENT="vol" WC="0.99" CC="011" STYLEREFS="TXT_1"/>
						<SP ID="P16_SP00499" HPOS="1183" VPOS="3247" WIDTH="23"/>
						<String ID="P16_ST00543" HPOS="1206" VPOS="3208" WIDTH="50" HEIGHT="30" CONTENT="les" WC="1.00" CC="000" STYLEREFS="TXT_1"/>
						<SP ID="P16_SP00500" HPOS="1256" VPOS="3247" WIDTH="26"/>
						<String ID="P16_ST00544" HPOS="1282" VPOS="3209" WIDTH="99" HEIGHT="29" CONTENT="rêves" WC="0.98" CC="95000" STYLEREFS="TXT_1"/>
						<SP ID="P16_SP00501" HPOS="1381" VPOS="3247" WIDTH="22"/>
						<String ID="P16_ST00545" HPOS="1403" VPOS="3206" WIDTH="43" HEIGHT="32" CONTENT="de" WC="0.89" CC="02" STYLEREFS="TXT_1"/>
						<SP ID="P16_SP00502" HPOS="1446" VPOS="3247" WIDTH="19"/>
						<String ID="P16_ST00546" HPOS="1465" VPOS="3217" WIDTH="64" HEIGHT="21" CONTENT="son" WC="0.97" CC="033" STYLEREFS="TXT_1"/>
						<SP ID="P16_SP00503" HPOS="1529" VPOS="3247" WIDTH="23"/>
						<String ID="P16_ST00547" HPOS="1552" VPOS="3216" WIDTH="111" HEIGHT="22" CONTENT="cœur." WC="0.99" CC="00513" STYLEREFS="TXT_1"/>
					</TextLine>
					<TextLine ID="P16_TL00044" HPOS="228" VPOS="3297" WIDTH="1887" HEIGHT="54">
						<String ID="P16_ST00548" HPOS="228" VPOS="3319" WIDTH="20" HEIGHT="25" CONTENT="«" WC="0.95" CC="0"/>
						<SP ID="P16_SP00504" HPOS="248" VPOS="3344" WIDTH="24"/>
						<String ID="P16_ST00549" HPOS="272" VPOS="3304" WIDTH="224" HEIGHT="42" CONTENT="L'Amour" WC="1.00" CC="0000000"/>
						<SP ID="P16_SP00505" HPOS="496" VPOS="3346" WIDTH="26"/>
						<String ID="P16_ST00550" HPOS="522" VPOS="3312" WIDTH="64" HEIGHT="32" CONTENT="est" WC="0.97" CC="034"/>
						<SP ID="P16_SP00506" HPOS="586" VPOS="3346" WIDTH="23"/>
						<String ID="P16_ST00551" HPOS="609" VPOS="3301" WIDTH="109" HEIGHT="41" CONTENT="frère" WC="0.99" CC="20800"/>
						<SP ID="P16_SP00507" HPOS="718" VPOS="3346" WIDTH="32"/>
						<String ID="P16_ST00552" HPOS="750" VPOS="3302" WIDTH="52" HEIGHT="40" CONTENT="de" WC="1.00" CC="00"/>
						<SP ID="P16_SP00508" HPOS="802" VPOS="3346" WIDTH="29"/>
						<String ID="P16_ST00553" HPOS="831" VPOS="3302" WIDTH="38" HEIGHT="39" CONTENT="la" WC="0.84" CC="30"/>
						<SP ID="P16_SP00509" HPOS="869" VPOS="3346" WIDTH="25"/>
						<String ID="P16_ST00554" HPOS="894" VPOS="3301" WIDTH="131" HEIGHT="47" CONTENT="Mort," WC="0.99" CC="00064"/>
						<SP ID="P16_SP00510" HPOS="1025" VPOS="3348" WIDTH="26"/>
						<String ID="P16_ST00555" HPOS="1051" VPOS="3301" WIDTH="38" HEIGHT="39" CONTENT="le" WC="0.75" CC="50"/>
						<SP ID="P16_SP00511" HPOS="1089" VPOS="3348" WIDTH="17"/>
						<String ID="P16_ST00556" HPOS="1106" VPOS="3302" WIDTH="143" HEIGHT="39" CONTENT="destin" WC="1.00" CC="000006"/>
						<SP ID="P16_SP00512" HPOS="1249" VPOS="3348" WIDTH="21"/>
						<String ID="P16_ST00557" HPOS="1270" VPOS="3301" WIDTH="61" HEIGHT="39" CONTENT="les" WC="0.98" CC="320"/>
						<SP ID="P16_SP00513" HPOS="1331" VPOS="3348" WIDTH="18"/>
						<String ID="P16_ST00558" HPOS="1349" VPOS="3315" WIDTH="21" HEIGHT="24" CONTENT="a" WC="0.30" CC="6"/>
						<SP ID="P16_SP00514" HPOS="1370" VPOS="3348" WIDTH="26"/>
						<String ID="P16_ST00559" HPOS="1396" VPOS="3301" WIDTH="248" HEIGHT="50" CONTENT="engendrés" WC="1.00" CC="000060060"/>
						<SP ID="P16_SP00515" HPOS="1644" VPOS="3351" WIDTH="21"/>
						<String ID="P16_ST00560" HPOS="1665" VPOS="3309" WIDTH="98" HEIGHT="32" CONTENT="tous" WC="0.97" CC="7050"/>
						<SP ID="P16_SP00516" HPOS="1763" VPOS="3351" WIDTH="32"/>
						<String ID="P16_ST00561" HPOS="1795" VPOS="3299" WIDTH="110" HEIGHT="41" CONTENT="deux" WC="0.98" CC="0009"/>
						<SP ID="P16_SP00517" HPOS="1905" VPOS="3351" WIDTH="19"/>
						<String ID="P16_ST00562" HPOS="1924" VPOS="3311" WIDTH="51" HEIGHT="27" CONTENT="en" WC="0.65" CC="06"/>
						<SP ID="P16_SP00518" HPOS="1975" VPOS="3351" WIDTH="22"/>
						<String ID="P16_ST00563" HPOS="1997" VPOS="3297" WIDTH="118" HEIGHT="39" CONTENT="même" WC="0.95" CC="9562"/>
					</TextLine>
					<TextLine ID="P16_TL00045" HPOS="172" VPOS="3365" WIDTH="1901" HEIGHT="61">
						<String ID="P16_ST00564" HPOS="172" VPOS="3383" WIDTH="157" HEIGHT="43" CONTENT="temps." WC="0.99" CC="700004"/>
						<SP ID="P16_SP00519" HPOS="329" VPOS="3426" WIDTH="22"/>
						<String ID="P16_ST00565" HPOS="351" VPOS="3386" WIDTH="19" HEIGHT="24" CONTENT="»" WC="0.61" CC="3"/>
						<SP ID="P16_SP00520" HPOS="370" VPOS="3426" WIDTH="21"/>
						<String ID="P16_ST00566" HPOS="391" VPOS="3372" WIDTH="85" HEIGHT="41" CONTENT="Ces" WC="1.00" CC="100"/>
						<SP ID="P16_SP00521" HPOS="476" VPOS="3426" WIDTH="18"/>
						<String ID="P16_ST00567" HPOS="494" VPOS="3385" WIDTH="97" HEIGHT="27" CONTENT="vers" WC="1.00" CC="0000"/>
						<SP ID="P16_SP00522" HPOS="591" VPOS="3426" WIDTH="19"/>
						<String ID="P16_ST00568" HPOS="610" VPOS="3371" WIDTH="54" HEIGHT="40" CONTENT="de" WC="1.00" CC="00"/>
						<SP ID="P16_SP00523" HPOS="664" VPOS="3426" WIDTH="22"/>
						<String ID="P16_ST00569" HPOS="686" VPOS="3369" WIDTH="220" HEIGHT="53" CONTENT="Leopardi" WC="0.73" CC="00009407"/>
						<SP ID="P16_SP00524" HPOS="906" VPOS="3426" WIDTH="18"/>
						<String ID="P16_ST00570" HPOS="924" VPOS="3367" WIDTH="66" HEIGHT="54" CONTENT="(1)" WC="0.81" CC="220"/>
						<SP ID="P16_SP00525" HPOS="990" VPOS="3426" WIDTH="23"/>
						<String ID="P16_ST00571" HPOS="1013" VPOS="3370" WIDTH="255" HEIGHT="50" CONTENT="pourraient" WC="0.99" CC="0003610068"/>
						<SP ID="P16_SP00526" HPOS="1268" VPOS="3426" WIDTH="23"/>
						<String ID="P16_ST00572" HPOS="1291" VPOS="3370" WIDTH="137" HEIGHT="38" CONTENT="servir" WC="1.00" CC="000120"/>
						<SP ID="P16_SP00527" HPOS="1428" VPOS="3426" WIDTH="22"/>
						<String ID="P16_ST00573" HPOS="1450" VPOS="3368" WIDTH="286" HEIGHT="52" CONTENT="d'épigraphe" WC="1.00" CC="01004020000"/>
						<SP ID="P16_SP00528" HPOS="1736" VPOS="3426" WIDTH="18"/>
						<String ID="P16_ST00574" HPOS="1754" VPOS="3372" WIDTH="21" HEIGHT="35" CONTENT="à" WC="0.50" CC="4"/>
						<SP ID="P16_SP00529" HPOS="1775" VPOS="3426" WIDTH="20"/>
						<String ID="P16_ST00575" HPOS="1795" VPOS="3368" WIDTH="12" HEIGHT="39" CONTENT="l" WC="1.00" CC="0"/>
						<String ID="P16_ST00576" HPOS="1811" VPOS="3365" WIDTH="262" HEIGHT="43" CONTENT="'Artésienne*" WC="0.99" CC="903765080087" STYLEREFS="TXT_2"/>
					</TextLine>
				</TextBlock>
				<TextBlock ID="P16_TB00004" HPOS="212" VPOS="3484" WIDTH="1402" HEIGHT="94" STYLEREFS="TXT_3 PAR_LEFT">
					<TextLine ID="P16_TL00046" HPOS="214" VPOS="3485" WIDTH="1398" HEIGHT="47">
						<String ID="P16_ST00577" HPOS="214" VPOS="3490" WIDTH="48" HEIGHT="42" CONTENT="(i)" WC="0.36" CC="747"/>
						<SP ID="P16_SP00530" HPOS="262" VPOS="3532" WIDTH="470"/>
						<String ID="P16_ST00578" HPOS="732" VPOS="3487" WIDTH="160" HEIGHT="38" CONTENT="Fratelli," WC="0.71" CC="025453004"/>
						<SP ID="P16_SP00531" HPOS="892" VPOS="3532" WIDTH="23"/>
						<String ID="P16_ST00579" HPOS="915" VPOS="3497" WIDTH="19" HEIGHT="20" CONTENT="a" WC="0.32" CC="6"/>
						<SP ID="P16_SP00532" HPOS="934" VPOS="3532" WIDTH="18"/>
						<String ID="P16_ST00580" HPOS="952" VPOS="3497" WIDTH="48" HEIGHT="20" CONTENT="un" WC="0.39" CC="65"/>
						<SP ID="P16_SP00533" HPOS="1000" VPOS="3532" WIDTH="24"/>
						<String ID="P16_ST00581" HPOS="1024" VPOS="3491" WIDTH="114" HEIGHT="38" CONTENT="tempo" WC="0.98" CC="06061"/>
						<SP ID="P16_SP00534" HPOS="1138" VPOS="3532" WIDTH="24"/>
						<String ID="P16_ST00582" HPOS="1162" VPOS="3490" WIDTH="120" HEIGHT="36" CONTENT="stesso," WC="0.72" CC="1562030"/>
						<SP ID="P16_SP00535" HPOS="1282" VPOS="3532" WIDTH="25"/>
						<String ID="P16_ST00583" HPOS="1307" VPOS="3485" WIDTH="125" HEIGHT="33" CONTENT="Amore" WC="0.73" CC="04124"/>
						<SP ID="P16_SP00536" HPOS="1432" VPOS="3532" WIDTH="27"/>
						<String ID="P16_ST00584" HPOS="1459" VPOS="3497" WIDTH="15" HEIGHT="19" CONTENT="e" WC="0.44" CC="5"/>
						<SP ID="P16_SP00537" HPOS="1474" VPOS="3532" WIDTH="24"/>
						<String ID="P16_ST00585" HPOS="1498" VPOS="3486" WIDTH="114" HEIGHT="32" CONTENT="Morte" WC="0.96" CC="34566"/>
					</TextLine>
					<TextLine ID="P16_TL00047" HPOS="807" VPOS="3536" WIDTH="745" HEIGHT="41">
						<String ID="P16_ST00586" HPOS="807" VPOS="3536" WIDTH="176" HEIGHT="41" CONTENT="Ingenerô" WC="0.59" CC="30245628"/>
						<SP ID="P16_SP00538" HPOS="983" VPOS="3577" WIDTH="23"/>
						<String ID="P16_ST00587" HPOS="1006" VPOS="3536" WIDTH="32" HEIGHT="31" CONTENT="la" WC="0.69" CC="05"/>
						<SP ID="P16_SP00539" HPOS="1038" VPOS="3577" WIDTH="22"/>
						<String ID="P16_ST00588" HPOS="1060" VPOS="3540" WIDTH="103" HEIGHT="27" CONTENT="sorte." WC="0.98" CC="550057"/>
						<SP ID="P16_SP00540" HPOS="1163" VPOS="3577" WIDTH="25"/>
						<String ID="P16_ST00589" HPOS="1188" VPOS="3536" WIDTH="143" HEIGHT="41" CONTENT="(Amore" WC="0.59" CC="034662" STYLEREFS="TXT_1"/>
						<SP ID="P16_SP00541" HPOS="1331" VPOS="3577" WIDTH="21"/>
						<String ID="P16_ST00590" HPOS="1352" VPOS="3543" WIDTH="32" HEIGHT="25" CONTENT="et" WC="0.47" CC="37" STYLEREFS="TXT_1"/>
						<SP ID="P16_SP00542" HPOS="1384" VPOS="3577" WIDTH="25"/>
						<String ID="P16_ST00591" HPOS="1409" VPOS="3536" WIDTH="143" HEIGHT="41" CONTENT="Morte.)" WC="0.99" CC="0065502" STYLEREFS="TXT_1"/>
					</TextLine>
				</TextBlock>
			</PrintSpace>
		</Page>
	</Layout>
</alto>
