2240 3718
1034 205 231 27 CONCERTS

2082 206 48 42 71

117 295 217 41 auditoire
358 299 22 36 à
405 310 59 26 un
496 306 176 31 concert
694 298 54 39 de
767 299 152 51 piano.
948 295 63 42 Ce
1035 306 176 31 concert
1233 296 65 41 fut
1321 303 88 34 très
1430 296 114 42 beau
1569 307 40 32 et
1630 300 119 51 plein
1768 299 218 40 d'intérêt.
2013 299 119 42 C'est

116 365 40 39 là
181 365 39 40 le
240 365 238 52 principal.

567 363 150 42 M.-D.
752 363 360 42 CALVOCORESSI.

172 470 400 44 CONSERVATOIRE.

659 488 50 24 22
733 471 229 40 décembre.
1049 471 216 40 Audition
1281 473 71 38 des
1369 472 145 40 envois
1533 473 49 38 de
1600 471 136 41 Rome
1756 473 50 39 de
1828 471 61 42 M.
1912 471 217 50 d'Ollone,

115 541 146 52 grand
279 540 101 54 prix
402 541 50 38 de
489 541 132 54 iBgy.
738 539 62 41 Ce
823 548 102 32 sont
957 539 184 41 d'abord
1167 550 157 42 quatre
1343 541 233 50 mélodies,
1603 548 57 33 où
1696 541 39 40 le
1759 542 132 41 chant
1916 542 189 41 s'accom-

116 623 148 38 pagne
299 607 219 54 d'amples
554 609 396 52 développements
974 609 286 40 d'orchestre.
1287 609 232 52 Pourquoi
1540 609 89 54 ?Je
1664 610 100 40 n'en
1790 612 90 39 sais
1903 612 94 39 rien
2023 626 9 33 ;
2060 626 71 25 car

114 677 29 40 il
165 692 28 37 y
217 680 117 38 avait
353 691 55 27 en
433 678 198 39 chacune
656 677 153 40 d'elles
832 678 53 39 de
906 679 106 50 quoi
1035 679 136 39 écrire
1193 678 115 40 deux
1340 691 140 39 pages
1505 677 236 51 agréables
1766 692 114 38 pour
1914 680 38 39 le
1976 681 151 50 piano.

118 744 187 42 Suivent
326 746 64 40 les
412 745 251 51 fragments
687 746 53 40 de
760 746 40 39 la
827 745 126 39 Terre
971 746 186 54 promise
1164 780 8 16 ,
1199 747 153 39 drame
1376 746 174 52 lyrique
1573 747 109 40 dont
1702 747 39 39 le
1766 748 115 52 sujet
1912 747 84 40 m'a
2018 763 111 37 paru

116 819 199 45 étrange,
341 815 63 39 les
428 815 178 51 paroles
645 814 340 41 malheureuses
1021 823 41 31 et
1097 815 39 39 la
1171 817 209 50 musique
1418 816 257 52 dépourvue
1712 816 54 40 de
1790 816 185 40 couleur
1997 825 42 32 et
2078 817 53 39 de

117 889 234 35 caractère.
377 882 98 42 Une
497 885 342 51 interprétation
874 884 53 39 de
969 885 193 51 premier
1197 884 130 40 ordre
1360 882 65 54 (M
1429 882 39 23 lle
1494 884 298 50 Demougeot,
1815 884 114 40 MM.
1966 884 161 51 Engel,

118 951 134 53 Beyle
272 951 252 53 etDaraux)
548 965 54 27 ne
625 953 202 51 parvient
847 965 80 39 pas
952 956 22 35 à
992 954 172 38 animer
1187 961 111 32 cette
1317 951 143 42 froide
1476 955 224 50 musique,
1728 955 149 49 écrite,
1904 957 93 36 àce
2022 953 106 52 qu'il

119 1020 185 51 semble,
329 1035 80 38 par
428 1021 169 49 devoir,
619 1030 42 31 et
684 1035 89 26 non
796 1035 81 38 par
894 1021 171 52 plaisir.

1093 1019 116 40 L.
1234 1019 52 40 L.

177 1125 194 42 SOCIÉTÉ
388 1125 279 43 NATIONALE.

761 1140 23 39 7
800 1127 177 52 janvier
984 1158 8 9 .
1015 1126 135 41 —La
1176 1127 160 40 Sonate
1355 1141 114 38 pour
1494 1129 134 50 piano
1649 1136 42 31 et
1715 1128 87 41 alto
1821 1127 53 40 de
1893 1126 62 41 M.
1976 1126 153 53 Labey

121 1209 256 27 commence
403 1195 119 52 bien,
557 1211 80 37 par
668 1209 87 27 une
778 1197 301 40 introduction
1104 1197 132 48 lente,
1255 1196 196 41 d'accent
1482 1198 169 38 sincère
1672 1207 8 36 ;
1700 1198 101 50 puis
1825 1197 90 39 cela
1942 1210 45 26 se
2011 1210 89 27 com-

122 1265 167 51 plique,
313 1273 57 42 et,
395 1268 234 49 peut-être,
657 1279 46 26 se
726 1265 211 40 dessèche
953 1280 8 33 ;
985 1266 114 39 mais
1122 1265 29 39 il
1175 1264 93 41 faut
1287 1265 213 40 entendre
1519 1271 99 46 plus
1645 1265 132 40 d'une
1815 1263 86 42 fois
1921 1278 87 27 une
2025 1265 103 40 telle

123 1346 153 27 œuvre
289 1347 113 38 pour
418 1334 38 38 la
479 1334 139 51 juger.
654 1332 87 40 Les
765 1334 112 39 deux
899 1336 145 49 pièces
1074 1346 114 39 pour
1226 1334 111 38 deux
1369 1336 161 49 pianos
1576 1334 54 39 de
1654 1333 54 40 P.
1745 1332 284 40 Ladmirault
2052 1343 76 31 ont

123 1401 78 40 des
228 1403 219 38 sonorités
470 1402 284 38 charmantes
788 1403 91 49 qui,
905 1415 54 25 en
983 1414 45 26 se
1048 1406 215 46 répétant,
1291 1399 207 41 finissent
1521 1416 80 36 par
1636 1401 183 39 devenir
1842 1410 282 32 monotones.

123 1470 87 39 Des
228 1471 106 37 trois
352 1468 210 40 Mélodies
581 1470 54 38 de
653 1468 210 52 Ropartz,
880 1468 63 40 les
956 1468 114 40 deux
1086 1470 241 49 premières
1342 1477 76 31 ont
1435 1473 67 35 été
1526 1468 209 40 chantées
1754 1477 96 43 trop
1869 1468 256 50 lentement,

123 1541 21 35 à
169 1551 46 25 ce
239 1536 105 52 qu'il
367 1550 70 26 me
458 1536 191 49 semble;
677 1537 40 39 la
735 1537 201 39 dernière
957 1536 12 51 (
975 1536 130 40 Lever
1124 1536 184 52 d'Aube)
1331 1545 65 31 est
1411 1538 248 48 gracieuse.
1674 1536 36 40 L
1716 1536 280 56 'lmpromptu
2016 1552 113 38 pour

122 1606 152 50 harpe,
306 1605 54 39 de
397 1604 52 42 G.
491 1605 160 48 Fauré,
696 1614 66 30 est
783 1604 103 40 bien
908 1606 233 45 construit,
1185 1603 212 51 agréable
1421 1609 21 35 à
1464 1605 213 39 entendre
1701 1620 7 33 ;
1747 1607 131 46 mais,
1901 1620 173 26 comme
2096 1607 30 39 il

122 1675 142 38 arrive
287 1674 217 50 toujours,
531 1687 46 26 ce
612 1673 163 50 déluge
816 1673 54 39 de
908 1682 128 31 notes
1059 1672 171 50 fatigue
1253 1672 186 41 bientôt.
1464 1672 133 41 Trois
1621 1675 145 50 pièces
1803 1674 54 39 de
1881 1676 134 50 piano
2039 1673 87 42 fort

122 1743 142 51 jolies,
287 1743 52 38 de
360 1741 52 42 G.
440 1743 159 45 Fauré,
625 1750 41 31 et
690 1741 279 40 l'admirable
1001 1740 217 50 Quintette
1240 1742 53 39 de
1330 1742 175 40 Franck
1526 1741 62 53 (M
1592 1740 39 24 lle
1649 1742 164 41 Boutet
1847 1743 53 40 de
1925 1742 197 52 Monvel,

119 1809 111 40 MM.
271 1810 180 50 Parent,
492 1809 211 51 Loiseau,
741 1809 158 47 Vieux,
945 1809 252 54 Fournier),
1242 1811 318 51 complétaient
1598 1820 65 31 cet
1701 1813 275 39 intéressant
2019 1826 104 38 pro-

438 1876 49 42 C.
518 1877 51 41 Z.

120 1892 217 36 gramme.

175 1983 182 42 SCHOLA
374 1984 273 41 CANTORUM.

753 2000 21 23 2
784 2000 23 37 y
826 1985 214 39 décembre
1048 2015 7 8 .
1149 1984 87 41 Les
1260 1987 107 38 trois
1383 1985 227 40 dernières
1630 1988 166 49 parties
1819 1987 55 40 de
1890 1985 25 41 l'
1923 1986 203 41 Oratorio

117 2053 50 39 de
188 2053 113 40 Noël
324 2062 102 32 sont
445 2055 148 38 moins
616 2067 200 26 connues
837 2067 85 37 que
942 2053 62 40 les
1028 2054 108 39 trois
1160 2055 241 50 premières
1427 2065 8 36 ;
1461 2054 108 40 elles
1594 2054 158 41 offrent
1778 2055 247 52 cependant
2045 2056 81 40 des

115 2121 185 41 beautés
338 2122 168 50 égales,
545 2134 173 27 comme
740 2135 48 26 ce
809 2122 216 39 délicieux
1049 2123 65 38 air
1137 2135 103 26 avec
1263 2122 108 40 écho
1409 2122 54 40 de
1487 2123 39 39 la
1552 2124 249 50 quatrième
1829 2126 141 49 partie
2009 2121 87 51 (em-

114 2195 161 47 prunté
297 2205 80 37 par
402 2189 120 41 Bach
555 2195 22 35 à
603 2204 46 26 sa
675 2190 191 40 Cantate
885 2190 39 39 A
931 2189 215 53 Hercule),
1170 2204 56 26 ou
1250 2204 70 26 ces
1350 2192 113 38 duos
1486 2191 55 39 de
1563 2191 40 40 la
1625 2190 132 42 basse
1777 2201 41 31 et
1849 2193 57 39 du
1928 2206 195 38 soprano

114 2272 55 26 en
192 2260 184 50 prières,
402 2272 56 27 ou
491 2272 71 26 ces
582 2259 178 39 chœurs
780 2258 216 40 éclatants
1032 2258 52 40 de
1106 2259 101 51 joie.
1233 2258 118 40 Mais
1389 2273 85 37 que
1498 2273 160 37 penser
1680 2258 106 42 d'un
1820 2263 305 49 compositeur

116 2329 75 50 qui
209 2325 142 42 confie
371 2331 21 35 à
414 2328 38 39 la
478 2336 239 43 trompette
740 2327 78 39 des
839 2328 125 38 traits
985 2327 53 39 de
1058 2327 153 40 violon
1235 2340 174 28 comme
1432 2328 174 40 celui-ci
1632 2344 7 24 :

171 2693 173 40 Faut-il
370 2697 281 36 reconnaître
673 2693 40 40 là
752 2701 121 32 toute
905 2693 199 39 l'audace
1127 2693 58 39 du
1209 2694 146 48 génie,
1385 2705 57 27 ou
1476 2693 286 51 simplement
1785 2692 339 51 l'inexpérience

113 2761 106 40 d'un
243 2765 82 46 âge
349 2768 55 33 où
423 2762 89 39 l'on
529 2775 56 26 ne
604 2763 144 38 savait
764 2774 80 38 pas
861 2773 160 27 encore
1045 2762 151 38 traiter
1213 2761 171 51 chaque
1401 2762 271 38 instrument
1695 2761 126 39 selon
1844 2773 70 26 ses
1937 2773 187 38 moyens

113 2838 42 32 et
178 2843 71 26 ses
281 2834 288 36 ressources?
602 2829 118 52 Quoi
760 2829 108 52 qu'il
901 2843 54 25 en
979 2831 101 44 soit,
1105 2828 258 41 l'orchestre
1399 2828 103 40 s'est
1524 2828 87 40 fort
1634 2827 103 40 bien
1757 2830 195 49 acquitté
1986 2828 53 39 de
2076 2841 46 26 sa

112 2899 128 39 tâche
263 2898 191 40 difficile.
492 2898 154 40 Parmi
666 2899 64 39 les
754 2898 254 44 chanteurs,
1034 2897 29 39 il
1099 2896 94 40 faut
1216 2898 105 38 citer
1356 2896 408 53 particulièrement
1801 2895 47 40 M
1852 2894 39 24 lle
1923 2895 198 48 d'Hotto,

113 2981 87 26 une
222 2968 208 39 nouvelle
451 2980 160 37 venue,
647 2967 108 40 dont
779 2967 40 39 la
858 2968 100 38 voix
981 2964 152 49 d'alto,
1174 2964 128 41 facile
1325 2973 41 33 et
1407 2964 103 41 bien
1534 2964 204 52 timbrée,
1780 2963 91 42 fera
1896 2964 228 40 merveille

111 3036 183 52 lorsque
317 3034 184 42 l'accent
522 3050 96 26 sera
638 3036 176 40 devenu
832 3034 219 40 meilleur.

1153 3032 52 40 L.
1243 3030 52 42 L.

168 3140 477 41 NOUVEAU-THÉATRE.

752 3156 52 37 ig
828 3139 230 40 décembre.
1155 3138 183 41 Concert
1357 3154 98 25 avec
1474 3138 210 40 orchestre
1704 3139 143 38 donné
1863 3146 80 45 par
1961 3137 164 40 Arthur

110 3209 258 40 Rubinstein
376 3240 8 10 .
409 3209 129 40 —Ce
562 3223 106 27 nom
690 3218 41 31 et
755 3217 94 32 tant
868 3208 54 40 de
934 3209 204 51 jeunesse
1162 3208 123 40 n'ont
1301 3221 81 39 pas
1406 3212 67 35 été
1492 3208 41 39 la
1557 3206 204 41 moindre
1779 3207 248 40 séduction.
2048 3206 32 39 Il
2098 3221 27 37 y

113 3280 143 38 aurait
279 3278 53 40 de
357 3278 38 39 la
435 3281 233 37 mauvaise
690 3281 134 47 grâce
849 3281 21 35 à
890 3292 28 37 y
959 3279 196 46 résister,
1196 3280 220 49 peut-être
1440 3277 122 39 aussi
1603 3280 20 36 à
1654 3275 178 41 vouloir
1853 3275 269 49 davantage.

110 3345 234 41 L'aisance
365 3354 40 32 et
420 3346 39 39 la
487 3345 164 41 facilité
670 3346 104 39 d'un
792 3346 70 52 jeu
877 3344 206 52 expansif
1098 3345 102 51 plus
1218 3342 302 55 qu'expressif
1534 3345 119 38 avait
1675 3357 60 25 un
1755 3344 167 39 certain
1945 3342 180 40 charme

113 3419 220 48 spontané
358 3413 106 54 qu'il
487 3413 93 41 faut
616 3427 46 26 se
692 3413 164 51 garder
887 3412 268 55 d'analyser.
1181 3413 63 40 Le
1280 3415 229 38 troisième
1529 3420 290 33 mouvement
1842 3412 58 40 du
1920 3420 204 31 concerto

113 3497 54 26 en
189 3483 65 40 sol
277 3485 176 38 mineur
478 3484 53 39 de
552 3481 302 42 Saint-Saéns
878 3497 113 26 nous
1012 3482 77 41 fait
1112 3482 226 41 d'ailleurs
1361 3481 105 40 bien
1506 3495 194 37 augurer
1722 3481 59 39 du
1814 3481 130 52 jeune
1974 3481 151 38 artiste
