<?xml version="1.0" encoding="UTF-8"?>
<alto xmlns:xsi="http://www.w3.org/2001/XMLSchema-instance" xmlns="http://www.loc.gov/standards/alto/ns-v2#" xsi:schemaLocation="http://www.loc.gov/standards/alto/ns-v2# http://www.loc.gov/standards/alto/alto-v2.0.xsd" xmlns:xlink="http://www.w3.org/1999/xlink">
	<Description>
		<MeasurementUnit>mm10</MeasurementUnit>
		<sourceImageInformation>
			<fileName>//fileserver7/IN2-2/Princeton/bmtnabj/1905/01/15_01/00000083.tif</fileName>
		</sourceImageInformation>
		<OCRProcessing ID="OCRPROCESSING_1">
			<preProcessingStep>
				<processingSoftware>
					<softwareCreator>CCS Content Conversion Specialists GmbH, Germany</softwareCreator>
					<softwareName>CCS docWorks</softwareName>
					<softwareVersion>6.7-1.20</softwareVersion>
				</processingSoftware>
			</preProcessingStep>
			<ocrProcessingStep>
				<processingSoftware>
					<softwareCreator>ABBYY (BIT Software), Russia</softwareCreator>
					<softwareName>FineReader</softwareName>
					<softwareVersion>10.0</softwareVersion>
				</processingSoftware>
			</ocrProcessingStep>
		</OCRProcessing>
		<OCRProcessing ID="OCRPROCESSING_2">
			<preProcessingStep>
				<processingSoftware>
					<softwareCreator>CCS Content Conversion Specialists GmbH, Germany</softwareCreator>
					<softwareName>CCS docWorks</softwareName>
					<softwareVersion>6.7-1.20</softwareVersion>
				</processingSoftware>
			</preProcessingStep>
			<ocrProcessingStep>
				<processingSoftware>
					<softwareCreator>ABBYY (BIT Software), Russia</softwareCreator>
					<softwareName>NA</softwareName>
				</processingSoftware>
			</ocrProcessingStep>
		</OCRProcessing>
	</Description>
	<Styles>
		<TextStyle ID="TXT_0" FONTSIZE="13" FONTFAMILY="Times New Roman"/>
		<TextStyle ID="TXT_1" FONTSIZE="18" FONTFAMILY="Times New Roman"/>
		<TextStyle ID="TXT_2" FONTSIZE="18" FONTFAMILY="Times New Roman" FONTSTYLE="bold"/>
		<TextStyle ID="TXT_3" FONTSIZE="14" FONTFAMILY="Times New Roman" FONTSTYLE="italics"/>
		<TextStyle ID="TXT_4" FONTSIZE="14" FONTFAMILY="Times New Roman"/>
		<TextStyle ID="TXT_5" FONTSIZE="33" FONTFAMILY="Arial"/>
		<ParagraphStyle ID="PAR_CENTER" ALIGN="Center"/>
		<ParagraphStyle ID="PAR_RIGHT" ALIGN="Right"/>
		<ParagraphStyle ID="PAR_BLOCK" ALIGN="Block"/>
		<ParagraphStyle ID="PAR_LEFT" ALIGN="Left"/>
	</Styles>
	<Layout>
		<Page ID="P27" PHYSICAL_IMG_NR="27" HEIGHT="3718" WIDTH="2240" PRINTED_IMG_NR="67" PC="0.923">
			<TopMargin ID="P27_TM00001" HPOS="0" VPOS="0" WIDTH="2240" HEIGHT="234">
				<TextBlock ID="P27_TB00001" HPOS="1014" VPOS="187" WIDTH="229" HEIGHT="28" STYLEREFS="TXT_0 PAR_CENTER">
					<TextLine ID="P27_TL00001" HPOS="1015" VPOS="189" WIDTH="228" HEIGHT="26">
						<String ID="P27_ST00001" HPOS="1015" VPOS="189" WIDTH="228" HEIGHT="26" CONTENT="CONCERTS" WC="1.00" CC="30060010"/>
					</TextLine>
				</TextBlock>
				<TextBlock ID="P27_TB00002" HPOS="2082" VPOS="185" WIDTH="48" HEIGHT="47" STYLEREFS="TXT_1 PAR_RIGHT">
					<TextLine ID="P27_TL00002" HPOS="2130" VPOS="232" WIDTH="0" HEIGHT="0">
						<String ID="P27_ST00002" HPOS="2130" VPOS="232" WIDTH="0" HEIGHT="0" CONTENT="67" WC="1.00" CC="00"/>
					</TextLine>
				</TextBlock>
			</TopMargin>
			<LeftMargin ID="P27_LM00001" HPOS="0" VPOS="234" WIDTH="110" HEIGHT="3319"/>
			<RightMargin ID="P27_RM00001" HPOS="2131" VPOS="234" WIDTH="109" HEIGHT="3319"/>
			<BottomMargin ID="P27_BM00001" HPOS="0" VPOS="3553" WIDTH="2240" HEIGHT="165"/>
			<PrintSpace ID="P27_PS00001" HPOS="110" VPOS="234" WIDTH="2022" HEIGHT="3319">
				<TextBlock ID="P27_TB00003" HPOS="782" VPOS="343" WIDTH="692" HEIGHT="45" STYLEREFS="TXT_2 PAR_CENTER">
					<TextLine ID="P27_TL00003" HPOS="783" VPOS="344" WIDTH="691" HEIGHT="44">
						<String ID="P27_ST00003" HPOS="783" VPOS="344" WIDTH="274" HEIGHT="42" CONTENT="Concerts" WC="0.99" CC="70530710"/>
						<SP ID="P27_SP00001" HPOS="1057" VPOS="386" WIDTH="34"/>
						<String ID="P27_ST00004" HPOS="1091" VPOS="348" WIDTH="57" HEIGHT="39" CONTENT="et" WC="0.92" CC="01"/>
						<SP ID="P27_SP00002" HPOS="1148" VPOS="387" WIDTH="30"/>
						<String ID="P27_ST00005" HPOS="1178" VPOS="347" WIDTH="296" HEIGHT="41" CONTENT="Théâtres." WC="0.99" CC="070006042"/>
					</TextLine>
				</TextBlock>
				<TextBlock ID="P27_TB00004" HPOS="1125" VPOS="465" WIDTH="597" HEIGHT="47" STYLEREFS="TXT_0 PAR_RIGHT">
					<TextLine ID="P27_TL00004" HPOS="1128" VPOS="467" WIDTH="583" HEIGHT="44">
						<String ID="P27_ST00006" HPOS="1128" VPOS="467" WIDTH="243" HEIGHT="42" CONTENT="CONCERTS" WC="1.00" CC="10020410"/>
						<SP ID="P27_SP00003" HPOS="1371" VPOS="509" WIDTH="27"/>
						<String ID="P27_ST00007" HPOS="1398" VPOS="468" WIDTH="313" HEIGHT="43" CONTENT="CHEVILLARD." WC="0.77" CC="16061020060"/>
					</TextLine>
				</TextBlock>
				<TextBlock ID="P27_TB00005" HPOS="1731" VPOS="467" WIDTH="401" HEIGHT="45" STYLEREFS="TXT_3 PAR_RIGHT">
					<TextLine ID="P27_TL00005" HPOS="1734" VPOS="470" WIDTH="397" HEIGHT="40">
						<String ID="P27_ST00008" HPOS="1734" VPOS="493" WIDTH="55" HEIGHT="6" CONTENT="—" WC="0.20" CC="8"/>
						<SP ID="P27_SP00004" HPOS="1789" VPOS="499" WIDTH="39"/>
						<String ID="P27_ST00009" HPOS="1828" VPOS="470" WIDTH="49" HEIGHT="40" CONTENT="18" WC="0.68" CC="60"/>
						<SP ID="P27_SP00005" HPOS="1877" VPOS="510" WIDTH="22"/>
						<String ID="P27_ST00010" HPOS="1899" VPOS="470" WIDTH="232" HEIGHT="40" CONTENT="décembre." WC="0.99" CC="045230510"/>
					</TextLine>
				</TextBlock>
				<TextBlock ID="P27_TB00006" HPOS="1081" VPOS="533" WIDTH="1051" HEIGHT="746" STYLEREFS="TXT_4 PAR_BLOCK">
					<TextLine ID="P27_TL00006" HPOS="1175" VPOS="535" WIDTH="954" HEIGHT="53">
						<String ID="P27_ST00011" HPOS="1175" VPOS="535" WIDTH="142" HEIGHT="53" CONTENT="Après" WC="0.98" CC="00680"/>
						<SP ID="P27_SP00006" HPOS="1317" VPOS="588" WIDTH="39"/>
						<String ID="P27_ST00012" HPOS="1356" VPOS="537" WIDTH="40" HEIGHT="40" CONTENT="la" WC="0.76" CC="40"/>
						<SP ID="P27_SP00007" HPOS="1396" VPOS="588" WIDTH="50"/>
						<String ID="P27_ST00013" HPOS="1446" VPOS="540" WIDTH="233" HEIGHT="48" CONTENT="gracieuse" WC="1.00" CC="000000600"/>
						<SP ID="P27_SP00008" HPOS="1679" VPOS="588" WIDTH="40"/>
						<String ID="P27_ST00014" HPOS="1719" VPOS="548" WIDTH="236" HEIGHT="31" CONTENT="ouverture" WC="1.00" CC="000002000"/>
						<SP ID="P27_SP00009" HPOS="1955" VPOS="588" WIDTH="44"/>
						<String ID="P27_ST00015" HPOS="1999" VPOS="539" WIDTH="53" HEIGHT="40" CONTENT="de" WC="1.00" CC="00"/>
						<SP ID="P27_SP00010" HPOS="2052" VPOS="588" WIDTH="39"/>
						<String ID="P27_ST00016" HPOS="2091" VPOS="539" WIDTH="38" HEIGHT="40" CONTENT="la" WC="1.00" CC="00"/>
					</TextLine>
					<TextLine ID="P27_TL00007" HPOS="1084" VPOS="604" WIDTH="1046" HEIGHT="55">
						<String ID="P27_ST00017" HPOS="1084" VPOS="604" WIDTH="186" HEIGHT="40" CONTENT="Fiancée" WC="1.00" CC="0004300" STYLEREFS="TXT_3"/>
						<SP ID="P27_SP00011" HPOS="1270" VPOS="644" WIDTH="23"/>
						<String ID="P27_ST00018" HPOS="1293" VPOS="605" WIDTH="50" HEIGHT="39" CONTENT="de" WC="1.00" CC="00" STYLEREFS="TXT_3"/>
						<SP ID="P27_SP00012" HPOS="1343" VPOS="644" WIDTH="22"/>
						<String ID="P27_ST00019" HPOS="1365" VPOS="604" WIDTH="187" HEIGHT="42" CONTENT="Messine" WC="1.00" CC="0000000" STYLEREFS="TXT_3"/>
						<String ID="P27_ST00020" HPOS="1560" VPOS="639" WIDTH="7" HEIGHT="15" CONTENT="," WC="0.71" CC="2"/>
						<SP ID="P27_SP00013" HPOS="1567" VPOS="654" WIDTH="27"/>
						<String ID="P27_ST00021" HPOS="1594" VPOS="607" WIDTH="53" HEIGHT="40" CONTENT="de" WC="1.00" CC="00"/>
						<SP ID="P27_SP00014" HPOS="1647" VPOS="654" WIDTH="18"/>
						<String ID="P27_ST00022" HPOS="1665" VPOS="605" WIDTH="283" HEIGHT="54" CONTENT="Schumann," WC="0.80" CC="000000674"/>
						<SP ID="P27_SP00015" HPOS="1948" VPOS="659" WIDTH="27"/>
						<String ID="P27_ST00023" HPOS="1975" VPOS="607" WIDTH="133" HEIGHT="41" CONTENT="l'éner" SUBS_TYPE="HypPart1" SUBS_CONTENT="l'énergique" WC="0.98" CC="007605"/>
						<HYP HPOS="2108" VPOS="607" WIDTH="22" CONTENT="-"/>
					</TextLine>
					<TextLine ID="P27_TL00008" HPOS="1084" VPOS="673" WIDTH="1047" HEIGHT="56">
						<String ID="P27_ST00024" HPOS="1084" VPOS="675" WIDTH="137" HEIGHT="52" CONTENT="gique" SUBS_TYPE="HypPart2" SUBS_CONTENT="l'énergique" WC="1.00" CC="00000"/>
						<SP ID="P27_SP00016" HPOS="1221" VPOS="727" WIDTH="15"/>
						<String ID="P27_ST00025" HPOS="1236" VPOS="673" WIDTH="284" HEIGHT="42" CONTENT="Wallenstein" WC="0.95" CC="00000302000" STYLEREFS="TXT_3"/>
						<SP ID="P27_SP00017" HPOS="1520" VPOS="727" WIDTH="16"/>
						<String ID="P27_ST00026" HPOS="1536" VPOS="675" WIDTH="53" HEIGHT="40" CONTENT="de" WC="1.00" CC="00"/>
						<SP ID="P27_SP00018" HPOS="1589" VPOS="727" WIDTH="20"/>
						<String ID="P27_ST00027" HPOS="1609" VPOS="675" WIDTH="54" HEIGHT="42" CONTENT="V." WC="0.78" CC="04"/>
						<SP ID="P27_SP00019" HPOS="1663" VPOS="727" WIDTH="26"/>
						<String ID="P27_ST00028" HPOS="1689" VPOS="674" WIDTH="157" HEIGHT="55" CONTENT="d'lndy" WC="0.87" CC="030300"/>
						<SP ID="P27_SP00020" HPOS="1846" VPOS="729" WIDTH="17"/>
						<String ID="P27_ST00029" HPOS="1863" VPOS="692" WIDTH="21" HEIGHT="24" CONTENT="a" WC="1.00" CC="0"/>
						<SP ID="P27_SP00021" HPOS="1884" VPOS="729" WIDTH="26"/>
						<String ID="P27_ST00030" HPOS="1910" VPOS="677" WIDTH="146" HEIGHT="40" CONTENT="relevé" WC="0.99" CC="004006"/>
						<SP ID="P27_SP00022" HPOS="2056" VPOS="729" WIDTH="12"/>
						<String ID="P27_ST00031" HPOS="2068" VPOS="677" WIDTH="63" HEIGHT="40" CONTENT="les" WC="1.00" CC="000"/>
					</TextLine>
					<TextLine ID="P27_TL00009" HPOS="1084" VPOS="743" WIDTH="1044" HEIGHT="53">
						<String ID="P27_ST00032" HPOS="1084" VPOS="745" WIDTH="243" HEIGHT="39" CONTENT="attentions" WC="0.99" CC="0330673060"/>
						<SP ID="P27_SP00023" HPOS="1327" VPOS="784" WIDTH="21"/>
						<String ID="P27_ST00033" HPOS="1348" VPOS="744" WIDTH="322" HEIGHT="41" CONTENT="somnolentes." WC="1.00" CC="000000004004"/>
						<SP ID="P27_SP00024" HPOS="1670" VPOS="785" WIDTH="28"/>
						<String ID="P27_ST00034" HPOS="1698" VPOS="743" WIDTH="100" HEIGHT="53" CONTENT="Que" WC="0.99" CC="020"/>
						<SP ID="P27_SP00025" HPOS="1798" VPOS="796" WIDTH="20"/>
						<String ID="P27_ST00035" HPOS="1818" VPOS="743" WIDTH="310" HEIGHT="51" CONTENT="d'animation," WC="1.00" CC="040200062060"/>
					</TextLine>
					<TextLine ID="P27_TL00010" HPOS="1082" VPOS="813" WIDTH="1048" HEIGHT="55">
						<String ID="P27_ST00036" HPOS="1082" VPOS="814" WIDTH="55" HEIGHT="39" CONTENT="de" WC="1.00" CC="00"/>
						<SP ID="P27_SP00026" HPOS="1137" VPOS="853" WIDTH="23"/>
						<String ID="P27_ST00037" HPOS="1160" VPOS="813" WIDTH="183" HEIGHT="41" CONTENT="couleur" WC="0.99" CC="0060060"/>
						<SP ID="P27_SP00027" HPOS="1343" VPOS="854" WIDTH="37"/>
						<String ID="P27_ST00038" HPOS="1380" VPOS="821" WIDTH="41" HEIGHT="32" CONTENT="et" WC="0.56" CC="35"/>
						<SP ID="P27_SP00028" HPOS="1421" VPOS="854" WIDTH="40"/>
						<String ID="P27_ST00039" HPOS="1461" VPOS="813" WIDTH="183" HEIGHT="52" CONTENT="d'esprit" WC="1.00" CC="03000002"/>
						<SP ID="P27_SP00029" HPOS="1644" VPOS="865" WIDTH="38"/>
						<String ID="P27_ST00040" HPOS="1682" VPOS="814" WIDTH="113" HEIGHT="40" CONTENT="dans" WC="0.99" CC="0030"/>
						<SP ID="P27_SP00030" HPOS="1795" VPOS="865" WIDTH="41"/>
						<String ID="P27_ST00041" HPOS="1836" VPOS="828" WIDTH="47" HEIGHT="26" CONTENT="ce" WC="1.00" CC="00"/>
						<SP ID="P27_SP00031" HPOS="1883" VPOS="865" WIDTH="32"/>
						<String ID="P27_ST00042" HPOS="1915" VPOS="813" WIDTH="136" HEIGHT="55" CONTENT="Camp" WC="1.00" CC="0000" STYLEREFS="TXT_3"/>
						<SP ID="P27_SP00032" HPOS="2051" VPOS="868" WIDTH="29"/>
						<String ID="P27_ST00043" HPOS="2080" VPOS="814" WIDTH="50" HEIGHT="39" CONTENT="de" WC="1.00" CC="00" STYLEREFS="TXT_3"/>
					</TextLine>
					<TextLine ID="P27_TL00011" HPOS="1094" VPOS="881" WIDTH="1037" HEIGHT="53">
						<String ID="P27_ST00044" HPOS="1094" VPOS="882" WIDTH="284" HEIGHT="40" CONTENT="Wallenstein" WC="0.95" CC="00000005000" STYLEREFS="TXT_3"/>
						<SP ID="P27_SP00033" HPOS="1378" VPOS="922" WIDTH="40"/>
						<String ID="P27_ST00045" HPOS="1418" VPOS="884" WIDTH="6" HEIGHT="36" CONTENT="!" WC="0.79" CC="2"/>
						<SP ID="P27_SP00034" HPOS="1424" VPOS="922" WIDTH="44"/>
						<String ID="P27_ST00046" HPOS="1468" VPOS="881" WIDTH="239" HEIGHT="53" CONTENT="L'épisode" WC="1.00" CC="000030000"/>
						<SP ID="P27_SP00035" HPOS="1707" VPOS="934" WIDTH="39"/>
						<String ID="P27_ST00047" HPOS="1746" VPOS="883" WIDTH="288" HEIGHT="39" CONTENT="sentimental" WC="1.00" CC="20001000304"/>
						<SP ID="P27_SP00036" HPOS="2034" VPOS="934" WIDTH="43"/>
						<String ID="P27_ST00048" HPOS="2077" VPOS="883" WIDTH="54" HEIGHT="39" CONTENT="de" WC="1.00" CC="00"/>
					</TextLine>
					<TextLine ID="P27_TL00012" HPOS="1089" VPOS="950" WIDTH="1043" HEIGHT="53">
						<String ID="P27_ST00049" HPOS="1089" VPOS="950" WIDTH="155" HEIGHT="40" CONTENT="Thécla" WC="0.76" CC="401007" STYLEREFS="TXT_3"/>
						<SP ID="P27_SP00037" HPOS="1244" VPOS="990" WIDTH="42"/>
						<String ID="P27_ST00050" HPOS="1286" VPOS="952" WIDTH="99" HEIGHT="51" CONTENT="joue" WC="0.98" CC="0070"/>
						<SP ID="P27_SP00038" HPOS="1385" VPOS="1003" WIDTH="35"/>
						<String ID="P27_ST00051" HPOS="1420" VPOS="951" WIDTH="38" HEIGHT="39" CONTENT="le" WC="0.80" CC="30"/>
						<SP ID="P27_SP00039" HPOS="1458" VPOS="1003" WIDTH="37"/>
						<String ID="P27_ST00052" HPOS="1495" VPOS="951" WIDTH="93" HEIGHT="39" CONTENT="rôle" WC="0.99" CC="0240"/>
						<SP ID="P27_SP00040" HPOS="1588" VPOS="1003" WIDTH="37"/>
						<String ID="P27_ST00053" HPOS="1625" VPOS="951" WIDTH="257" HEIGHT="48" CONTENT="d'andante," WC="0.86" CC="0003003402"/>
						<SP ID="P27_SP00041" HPOS="1882" VPOS="1003" WIDTH="40"/>
						<String ID="P27_ST00054" HPOS="1922" VPOS="959" WIDTH="125" HEIGHT="32" CONTENT="entre" WC="0.99" CC="05200"/>
						<SP ID="P27_SP00042" HPOS="2047" VPOS="1003" WIDTH="39"/>
						<String ID="P27_ST00055" HPOS="2086" VPOS="965" WIDTH="46" HEIGHT="26" CONTENT="ce" WC="1.00" CC="00"/>
					</TextLine>
					<TextLine ID="P27_TL00013" HPOS="1084" VPOS="1019" WIDTH="1045" HEIGHT="53">
						<String ID="P27_ST00056" HPOS="1084" VPOS="1020" WIDTH="184" HEIGHT="41" CONTENT="brillant" WC="1.00" CC="00042001"/>
						<SP ID="P27_SP00043" HPOS="1268" VPOS="1061" WIDTH="26"/>
						<String ID="P27_ST00057" HPOS="1294" VPOS="1021" WIDTH="195" HEIGHT="51" CONTENT="premier" WC="1.00" CC="0000000"/>
						<SP ID="P27_SP00044" HPOS="1489" VPOS="1072" WIDTH="21"/>
						<String ID="P27_ST00058" HPOS="1510" VPOS="1028" WIDTH="291" HEIGHT="32" CONTENT="mouvement" WC="1.00" CC="005000000"/>
						<SP ID="P27_SP00045" HPOS="1801" VPOS="1072" WIDTH="22"/>
						<String ID="P27_ST00059" HPOS="1823" VPOS="1028" WIDTH="42" HEIGHT="32" CONTENT="et" WC="0.82" CC="03"/>
						<SP ID="P27_SP00046" HPOS="1865" VPOS="1072" WIDTH="23"/>
						<String ID="P27_ST00060" HPOS="1888" VPOS="1020" WIDTH="40" HEIGHT="40" CONTENT="le" WC="1.00" CC="00"/>
						<SP ID="P27_SP00047" HPOS="1928" VPOS="1072" WIDTH="20"/>
						<String ID="P27_ST00061" HPOS="1948" VPOS="1019" WIDTH="181" HEIGHT="41" CONTENT="sombre" WC="1.00" CC="000005"/>
					</TextLine>
					<TextLine ID="P27_TL00014" HPOS="1086" VPOS="1087" WIDTH="1044" HEIGHT="49">
						<String ID="P27_ST00062" HPOS="1086" VPOS="1087" WIDTH="149" HEIGHT="49" CONTENT="finale," WC="0.99" CC="3300103"/>
						<SP ID="P27_SP00048" HPOS="1235" VPOS="1136" WIDTH="26"/>
						<String ID="P27_ST00063" HPOS="1261" VPOS="1089" WIDTH="40" HEIGHT="40" CONTENT="la" WC="0.90" CC="10"/>
						<SP ID="P27_SP00049" HPOS="1301" VPOS="1136" WIDTH="33"/>
						<String ID="P27_ST00064" HPOS="1334" VPOS="1087" WIDTH="120" HEIGHT="42" CONTENT="Mort" WC="1.00" CC="0001" STYLEREFS="TXT_3"/>
						<SP ID="P27_SP00050" HPOS="1454" VPOS="1136" WIDTH="20"/>
						<String ID="P27_ST00065" HPOS="1474" VPOS="1089" WIDTH="50" HEIGHT="39" CONTENT="de" WC="1.00" CC="00" STYLEREFS="TXT_3"/>
						<SP ID="P27_SP00051" HPOS="1524" VPOS="1136" WIDTH="34"/>
						<String ID="P27_ST00066" HPOS="1558" VPOS="1088" WIDTH="300" HEIGHT="41" CONTENT="Wallenstein." WC="0.81" CC="600006050004" STYLEREFS="TXT_3"/>
						<SP ID="P27_SP00052" HPOS="1858" VPOS="1136" WIDTH="27"/>
						<String ID="P27_ST00067" HPOS="1885" VPOS="1088" WIDTH="245" HEIGHT="41" CONTENT="Exécution" WC="1.00" CC="000066000"/>
					</TextLine>
					<TextLine ID="P27_TL00015" HPOS="1084" VPOS="1155" WIDTH="1042" HEIGHT="55">
						<String ID="P27_ST00068" HPOS="1084" VPOS="1158" WIDTH="327" HEIGHT="48" CONTENT="merveilleuse," WC="1.00" CC="0000240106002"/>
						<SP ID="P27_SP00053" HPOS="1411" VPOS="1206" WIDTH="23"/>
						<String ID="P27_ST00069" HPOS="1434" VPOS="1173" WIDTH="80" HEIGHT="37" CONTENT="par" WC="1.00" CC="000"/>
						<SP ID="P27_SP00054" HPOS="1514" VPOS="1210" WIDTH="19"/>
						<String ID="P27_ST00070" HPOS="1533" VPOS="1157" WIDTH="39" HEIGHT="40" CONTENT="la" WC="1.00" CC="00"/>
						<SP ID="P27_SP00055" HPOS="1572" VPOS="1210" WIDTH="16"/>
						<String ID="P27_ST00071" HPOS="1588" VPOS="1159" WIDTH="222" HEIGHT="51" CONTENT="précision" WC="1.00" CC="000000005"/>
						<SP ID="P27_SP00056" HPOS="1810" VPOS="1210" WIDTH="18"/>
						<String ID="P27_ST00072" HPOS="1828" VPOS="1166" WIDTH="41" HEIGHT="32" CONTENT="et" WC="0.57" CC="26"/>
						<SP ID="P27_SP00057" HPOS="1869" VPOS="1210" WIDTH="24"/>
						<String ID="P27_ST00073" HPOS="1893" VPOS="1157" WIDTH="38" HEIGHT="40" CONTENT="la" WC="1.00" CC="00"/>
						<SP ID="P27_SP00058" HPOS="1931" VPOS="1210" WIDTH="16"/>
						<String ID="P27_ST00074" HPOS="1947" VPOS="1155" WIDTH="179" HEIGHT="46" CONTENT="finesse," WC="0.99" CC="33000004"/>
					</TextLine>
					<TextLine ID="P27_TL00016" HPOS="1083" VPOS="1225" WIDTH="1046" HEIGHT="54">
						<String ID="P27_ST00075" HPOS="1083" VPOS="1230" WIDTH="54" HEIGHT="39" CONTENT="de" WC="1.00" CC="00"/>
						<SP ID="P27_SP00059" HPOS="1137" VPOS="1269" WIDTH="23"/>
						<String ID="P27_ST00076" HPOS="1160" VPOS="1236" WIDTH="112" HEIGHT="32" CONTENT="cette" WC="0.99" CC="00400"/>
						<SP ID="P27_SP00060" HPOS="1272" VPOS="1269" WIDTH="22"/>
						<String ID="P27_ST00077" HPOS="1294" VPOS="1228" WIDTH="209" HEIGHT="51" CONTENT="musique" WC="0.99" CC="0401050"/>
						<SP ID="P27_SP00061" HPOS="1503" VPOS="1279" WIDTH="24"/>
						<String ID="P27_ST00078" HPOS="1527" VPOS="1227" WIDTH="220" HEIGHT="39" CONTENT="éclatante" WC="0.99" CC="004040540"/>
						<SP ID="P27_SP00062" HPOS="1747" VPOS="1279" WIDTH="23"/>
						<String ID="P27_ST00079" HPOS="1770" VPOS="1227" WIDTH="53" HEIGHT="39" CONTENT="de" WC="1.00" CC="00"/>
						<SP ID="P27_SP00063" HPOS="1823" VPOS="1279" WIDTH="35"/>
						<String ID="P27_ST00080" HPOS="1858" VPOS="1225" WIDTH="207" HEIGHT="53" CONTENT="jeunesse" WC="1.00" CC="00400000"/>
						<SP ID="P27_SP00064" HPOS="2065" VPOS="1279" WIDTH="23"/>
						<String ID="P27_ST00081" HPOS="2088" VPOS="1235" WIDTH="41" HEIGHT="32" CONTENT="et" WC="0.69" CC="06"/>
					</TextLine>
				</TextBlock>
				<TextBlock ID="P27_TB00007" HPOS="121" VPOS="1288" WIDTH="2009" HEIGHT="129" STYLEREFS="TXT_4 PAR_LEFT">
					<TextLine ID="P27_TL00017" HPOS="122" VPOS="1290" WIDTH="2007" HEIGHT="57">
						<String ID="P27_ST00082" HPOS="122" VPOS="1290" WIDTH="53" HEIGHT="39" CONTENT="de" WC="1.00" CC="00"/>
						<SP ID="P27_SP00065" HPOS="175" VPOS="1329" WIDTH="21"/>
						<String ID="P27_ST00083" HPOS="196" VPOS="1295" WIDTH="140" HEIGHT="36" CONTENT="santé." WC="0.99" CC="005603"/>
						<SP ID="P27_SP00066" HPOS="336" VPOS="1331" WIDTH="27"/>
						<String ID="P27_ST00084" HPOS="363" VPOS="1290" WIDTH="63" HEIGHT="41" CONTENT="Le" WC="1.00" CC="00"/>
						<SP ID="P27_SP00067" HPOS="426" VPOS="1331" WIDTH="26"/>
						<String ID="P27_ST00085" HPOS="452" VPOS="1291" WIDTH="208" HEIGHT="42" CONTENT="Concerto" WC="1.00" CC="04050010" STYLEREFS="TXT_3"/>
						<SP ID="P27_SP00068" HPOS="660" VPOS="1333" WIDTH="24"/>
						<String ID="P27_ST00086" HPOS="684" VPOS="1308" WIDTH="55" HEIGHT="26" CONTENT="en" WC="1.00" CC="00"/>
						<SP ID="P27_SP00069" HPOS="739" VPOS="1334" WIDTH="37"/>
						<String ID="P27_ST00087" HPOS="776" VPOS="1299" WIDTH="45" HEIGHT="36" CONTENT="ré" WC="0.83" CC="03" STYLEREFS="TXT_3"/>
						<SP ID="P27_SP00070" HPOS="821" VPOS="1335" WIDTH="23"/>
						<String ID="P27_ST00088" HPOS="844" VPOS="1300" WIDTH="177" HEIGHT="39" CONTENT="mineur" WC="0.99" CC="030070"/>
						<SP ID="P27_SP00071" HPOS="1021" VPOS="1339" WIDTH="22"/>
						<String ID="P27_ST00089" HPOS="1043" VPOS="1300" WIDTH="53" HEIGHT="40" CONTENT="de" WC="1.00" CC="00"/>
						<SP ID="P27_SP00072" HPOS="1096" VPOS="1340" WIDTH="26"/>
						<String ID="P27_ST00090" HPOS="1122" VPOS="1297" WIDTH="201" HEIGHT="46" CONTENT="Haendel," WC="0.66" CC="57800014"/>
						<SP ID="P27_SP00073" HPOS="1323" VPOS="1343" WIDTH="43"/>
						<String ID="P27_ST00091" HPOS="1366" VPOS="1309" WIDTH="114" HEIGHT="38" CONTENT="pour" WC="1.00" CC="0000"/>
						<SP ID="P27_SP00074" HPOS="1480" VPOS="1347" WIDTH="24"/>
						<String ID="P27_ST00092" HPOS="1504" VPOS="1296" WIDTH="295" HEIGHT="38" CONTENT="instruments" WC="0.99" CC="46070000450"/>
						<SP ID="P27_SP00075" HPOS="1799" VPOS="1347" WIDTH="25"/>
						<String ID="P27_ST00093" HPOS="1824" VPOS="1298" WIDTH="20" HEIGHT="35" CONTENT="à" WC="0.83" CC="1"/>
						<SP ID="P27_SP00076" HPOS="1844" VPOS="1347" WIDTH="26"/>
						<String ID="P27_ST00094" HPOS="1870" VPOS="1294" WIDTH="171" HEIGHT="51" CONTENT="cordes," WC="1.00" CC="0000004"/>
						<SP ID="P27_SP00077" HPOS="2041" VPOS="1347" WIDTH="22"/>
						<String ID="P27_ST00095" HPOS="2063" VPOS="1303" WIDTH="66" HEIGHT="31" CONTENT="est" WC="0.98" CC="005"/>
					</TextLine>
					<TextLine ID="P27_TL00018" HPOS="123" VPOS="1361" WIDTH="2005" HEIGHT="55">
						<String ID="P27_ST00096" HPOS="123" VPOS="1361" WIDTH="119" HEIGHT="37" CONTENT="aussi" WC="0.99" CC="06004"/>
						<SP ID="P27_SP00078" HPOS="242" VPOS="1398" WIDTH="25"/>
						<String ID="P27_ST00097" HPOS="267" VPOS="1361" WIDTH="439" HEIGHT="52" CONTENT="remarquablement" WC="1.00" CC="000000000500043"/>
						<SP ID="P27_SP00079" HPOS="706" VPOS="1413" WIDTH="23"/>
						<String ID="P27_ST00098" HPOS="729" VPOS="1365" WIDTH="255" HEIGHT="51" CONTENT="interprété." WC="1.00" CC="00400000003"/>
						<SP ID="P27_SP00080" HPOS="984" VPOS="1416" WIDTH="20"/>
						<String ID="P27_ST00099" HPOS="1004" VPOS="1366" WIDTH="45" HEIGHT="40" CONTENT="M" WC="1.00" CC="0"/>
						<String ID="P27_ST00100" HPOS="1054" VPOS="1373" WIDTH="48" HEIGHT="16" CONTENT="me" STYLE="superscript" WC="0.71" CC="05"/>
						<SP ID="P27_SP00081" HPOS="1102" VPOS="1416" WIDTH="22"/>
						<String ID="P27_ST00101" HPOS="1124" VPOS="1366" WIDTH="202" HEIGHT="41" CONTENT="Bressler" WC="0.86" CC="00004006"/>
						<SP ID="P27_SP00082" HPOS="1326" VPOS="1416" WIDTH="19"/>
						<String ID="P27_ST00102" HPOS="1345" VPOS="1362" WIDTH="182" HEIGHT="42" CONTENT="Gianoli" WC="0.90" CC="0300020"/>
						<SP ID="P27_SP00083" HPOS="1527" VPOS="1416" WIDTH="18"/>
						<String ID="P27_ST00103" HPOS="1545" VPOS="1363" WIDTH="158" HEIGHT="39" CONTENT="chante" WC="1.00" CC="060000"/>
						<SP ID="P27_SP00084" HPOS="1703" VPOS="1416" WIDTH="22"/>
						<String ID="P27_ST00104" HPOS="1725" VPOS="1363" WIDTH="321" HEIGHT="39" CONTENT="honnêtement" WC="1.00" CC="00006600001"/>
						<SP ID="P27_SP00085" HPOS="2046" VPOS="1416" WIDTH="23"/>
						<String ID="P27_ST00105" HPOS="2069" VPOS="1377" WIDTH="59" HEIGHT="25" CONTENT="un" WC="0.64" CC="70"/>
					</TextLine>
				</TextBlock>
				<TextBlock ID="P27_TB00008" HPOS="121" VPOS="1426" WIDTH="1775" HEIGHT="57" STYLEREFS="TXT_4 PAR_LEFT">
					<TextLine ID="P27_TL00019" HPOS="122" VPOS="1428" WIDTH="1772" HEIGHT="55">
						<String ID="P27_ST00106" HPOS="122" VPOS="1428" WIDTH="65" HEIGHT="38" CONTENT="air" WC="0.98" CC="040"/>
						<SP ID="P27_SP00086" HPOS="187" VPOS="1466" WIDTH="22"/>
						<String ID="P27_ST00107" HPOS="209" VPOS="1428" WIDTH="54" HEIGHT="39" CONTENT="de" WC="1.00" CC="00"/>
						<SP ID="P27_SP00087" HPOS="263" VPOS="1467" WIDTH="29"/>
						<String ID="P27_ST00108" HPOS="292" VPOS="1428" WIDTH="164" HEIGHT="40" CONTENT="Pamde" WC="0.82" CC="00800" STYLEREFS="TXT_3"/>
						<SP ID="P27_SP00088" HPOS="456" VPOS="1468" WIDTH="32"/>
						<String ID="P27_ST00109" HPOS="488" VPOS="1431" WIDTH="51" HEIGHT="38" CONTENT="ed" WC="1.00" CC="00" STYLEREFS="TXT_3"/>
						<SP ID="P27_SP00089" HPOS="539" VPOS="1469" WIDTH="35"/>
						<String ID="P27_ST00110" HPOS="574" VPOS="1430" WIDTH="141" HEIGHT="41" CONTENT="Elena" WC="1.00" CC="00000" STYLEREFS="TXT_3"/>
						<String ID="P27_ST00111" HPOS="724" VPOS="1464" WIDTH="7" HEIGHT="17" CONTENT="," WC="0.55" CC="4"/>
						<SP ID="P27_SP00090" HPOS="731" VPOS="1481" WIDTH="26"/>
						<String ID="P27_ST00112" HPOS="757" VPOS="1434" WIDTH="53" HEIGHT="38" CONTENT="de" WC="1.00" CC="00"/>
						<SP ID="P27_SP00091" HPOS="810" VPOS="1481" WIDTH="23"/>
						<String ID="P27_ST00113" HPOS="833" VPOS="1432" WIDTH="160" HEIGHT="51" CONTENT="Gluck," WC="0.99" CC="025003"/>
						<SP ID="P27_SP00092" HPOS="993" VPOS="1483" WIDTH="36"/>
						<String ID="P27_ST00114" HPOS="1029" VPOS="1444" WIDTH="41" HEIGHT="31" CONTENT="et" WC="0.82" CC="03"/>
						<SP ID="P27_SP00093" HPOS="1070" VPOS="1483" WIDTH="42"/>
						<String ID="P27_ST00115" HPOS="1112" VPOS="1435" WIDTH="113" HEIGHT="39" CONTENT="deux" WC="1.00" CC="0000"/>
						<SP ID="P27_SP00094" HPOS="1225" VPOS="1483" WIDTH="21"/>
						<String ID="P27_ST00116" HPOS="1246" VPOS="1433" WIDTH="217" HEIGHT="40" CONTENT="mélodies" WC="1.00" CC="00500020"/>
						<SP ID="P27_SP00095" HPOS="1463" VPOS="1483" WIDTH="39"/>
						<String ID="P27_ST00117" HPOS="1502" VPOS="1432" WIDTH="53" HEIGHT="39" CONTENT="de" WC="1.00" CC="00"/>
						<SP ID="P27_SP00096" HPOS="1555" VPOS="1483" WIDTH="25"/>
						<String ID="P27_ST00118" HPOS="1580" VPOS="1429" WIDTH="314" HEIGHT="42" CONTENT="Saint-Saëns." WC="0.73" CC="003553004404"/>
					</TextLine>
				</TextBlock>
				<TextBlock ID="P27_TB00009" HPOS="1916" VPOS="1426" WIDTH="211" HEIGHT="47" STYLEREFS="TXT_0 PAR_RIGHT">
					<TextLine ID="P27_TL00020" HPOS="1995" VPOS="1430" WIDTH="131" HEIGHT="42">
						<String ID="P27_ST00119" HPOS="1995" VPOS="1430" WIDTH="52" HEIGHT="42" CONTENT="C." WC="0.98" CC="00"/>
						<SP ID="P27_SP00097" HPOS="2047" VPOS="1472" WIDTH="30"/>
						<String ID="P27_ST00120" HPOS="2077" VPOS="1431" WIDTH="49" HEIGHT="41" CONTENT="Z." WC="0.98" CC="00"/>
					</TextLine>
				</TextBlock>
				<TextBlock ID="P27_TB00010" HPOS="114" VPOS="1544" WIDTH="2016" HEIGHT="817" STYLEREFS="TXT_4 PAR_BLOCK">
					<TextLine ID="P27_TL00021" HPOS="177" VPOS="1546" WIDTH="1952" HEIGHT="58">
						<String ID="P27_ST00121" HPOS="177" VPOS="1558" WIDTH="52" HEIGHT="42" CONTENT="25" WC="0.10" CC="98"/>
						<SP ID="P27_SP00098" HPOS="229" VPOS="1600" WIDTH="35"/>
						<String ID="P27_ST00122" HPOS="264" VPOS="1546" WIDTH="229" HEIGHT="42" CONTENT="décembre." WC="0.99" CC="027042005" STYLEREFS="TXT_3"/>
						<SP ID="P27_SP00099" HPOS="493" VPOS="1600" WIDTH="118"/>
						<String ID="P27_ST00123" HPOS="611" VPOS="1548" WIDTH="64" HEIGHT="42" CONTENT="Le" WC="1.00" CC="00"/>
						<SP ID="P27_SP00100" HPOS="675" VPOS="1600" WIDTH="37"/>
						<String ID="P27_ST00124" HPOS="712" VPOS="1565" WIDTH="290" HEIGHT="38" CONTENT="programme" WC="1.00" CC="000000000"/>
						<SP ID="P27_SP00101" HPOS="1002" VPOS="1603" WIDTH="24"/>
						<String ID="P27_ST00125" HPOS="1026" VPOS="1554" WIDTH="53" HEIGHT="40" CONTENT="de" WC="1.00" CC="00"/>
						<SP ID="P27_SP00102" HPOS="1079" VPOS="1603" WIDTH="22"/>
						<String ID="P27_ST00126" HPOS="1101" VPOS="1552" WIDTH="61" HEIGHT="40" CONTENT="M." WC="0.79" CC="04"/>
						<SP ID="P27_SP00103" HPOS="1162" VPOS="1603" WIDTH="24"/>
						<String ID="P27_ST00127" HPOS="1186" VPOS="1552" WIDTH="51" HEIGHT="41" CONTENT="C." WC="0.82" CC="03"/>
						<SP ID="P27_SP00104" HPOS="1237" VPOS="1603" WIDTH="28"/>
						<String ID="P27_ST00128" HPOS="1265" VPOS="1552" WIDTH="261" HEIGHT="40" CONTENT="Chevillard" WC="0.91" CC="0100430000"/>
						<SP ID="P27_SP00105" HPOS="1526" VPOS="1603" WIDTH="26"/>
						<String ID="P27_ST00129" HPOS="1552" VPOS="1565" WIDTH="113" HEIGHT="27" CONTENT="nous" WC="0.99" CC="3000"/>
						<SP ID="P27_SP00106" HPOS="1665" VPOS="1603" WIDTH="33"/>
						<String ID="P27_ST00130" HPOS="1698" VPOS="1554" WIDTH="163" HEIGHT="50" CONTENT="permit" WC="0.99" CC="000036"/>
						<SP ID="P27_SP00107" HPOS="1861" VPOS="1604" WIDTH="32"/>
						<String ID="P27_ST00131" HPOS="1893" VPOS="1552" WIDTH="210" HEIGHT="52" CONTENT="d'applau" SUBS_TYPE="HypPart1" SUBS_CONTENT="d'applaudir" WC="0.99" CC="01400400"/>
						<HYP HPOS="2103" VPOS="1552" WIDTH="26" CONTENT="-"/>
					</TextLine>
					<TextLine ID="P27_TL00022" HPOS="118" VPOS="1613" WIDTH="2011" HEIGHT="61">
						<String ID="P27_ST00132" HPOS="118" VPOS="1613" WIDTH="68" HEIGHT="40" CONTENT="dir" SUBS_TYPE="HypPart2" SUBS_CONTENT="d'applaudir" WC="1.00" CC="010"/>
						<SP ID="P27_SP00108" HPOS="186" VPOS="1653" WIDTH="19"/>
						<String ID="P27_ST00133" HPOS="205" VPOS="1613" WIDTH="39" HEIGHT="40" CONTENT="la" WC="0.82" CC="30"/>
						<SP ID="P27_SP00109" HPOS="244" VPOS="1653" WIDTH="24"/>
						<String ID="P27_ST00134" HPOS="268" VPOS="1613" WIDTH="265" HEIGHT="55" CONTENT="Symphonie" WC="1.00" CC="303000040" STYLEREFS="TXT_3"/>
						<SP ID="P27_SP00110" HPOS="533" VPOS="1668" WIDTH="22"/>
						<String ID="P27_ST00135" HPOS="555" VPOS="1631" WIDTH="54" HEIGHT="27" CONTENT="en" WC="0.67" CC="06"/>
						<SP ID="P27_SP00111" HPOS="609" VPOS="1668" WIDTH="21"/>
						<String ID="P27_ST00136" HPOS="630" VPOS="1619" WIDTH="67" HEIGHT="39" CONTENT="sol" WC="0.98" CC="040" STYLEREFS="TXT_3"/>
						<SP ID="P27_SP00112" HPOS="697" VPOS="1668" WIDTH="21"/>
						<String ID="P27_ST00137" HPOS="718" VPOS="1620" WIDTH="166" HEIGHT="40" CONTENT="mineur" WC="1.00" CC="000050" STYLEREFS="TXT_3"/>
						<SP ID="P27_SP00113" HPOS="884" VPOS="1668" WIDTH="22"/>
						<String ID="P27_ST00138" HPOS="906" VPOS="1620" WIDTH="56" HEIGHT="52" CONTENT="(le" WC="0.97" CC="700"/>
						<SP ID="P27_SP00114" HPOS="962" VPOS="1672" WIDTH="24"/>
						<String ID="P27_ST00139" HPOS="986" VPOS="1623" WIDTH="194" HEIGHT="51" CONTENT="premier" WC="1.00" CC="0400100"/>
						<SP ID="P27_SP00115" HPOS="1180" VPOS="1674" WIDTH="29"/>
						<String ID="P27_ST00140" HPOS="1209" VPOS="1629" WIDTH="288" HEIGHT="33" CONTENT="mouvement" WC="1.00" CC="006000000"/>
						<SP ID="P27_SP00116" HPOS="1497" VPOS="1674" WIDTH="22"/>
						<String ID="P27_ST00141" HPOS="1519" VPOS="1634" WIDTH="70" HEIGHT="26" CONTENT="me" WC="1.00" CC="00"/>
						<SP ID="P27_SP00117" HPOS="1589" VPOS="1674" WIDTH="22"/>
						<String ID="P27_ST00142" HPOS="1611" VPOS="1620" WIDTH="169" HEIGHT="40" CONTENT="semble" WC="0.99" CC="100050"/>
						<SP ID="P27_SP00118" HPOS="1780" VPOS="1674" WIDTH="27"/>
						<String ID="P27_ST00143" HPOS="1807" VPOS="1621" WIDTH="124" HEIGHT="39" CONTENT="avoir" WC="1.00" CC="00000"/>
						<SP ID="P27_SP00119" HPOS="1931" VPOS="1674" WIDTH="22"/>
						<String ID="P27_ST00144" HPOS="1953" VPOS="1625" WIDTH="67" HEIGHT="35" CONTENT="été" WC="0.98" CC="050"/>
						<SP ID="P27_SP00120" HPOS="2020" VPOS="1674" WIDTH="17"/>
						<String ID="P27_ST00145" HPOS="2037" VPOS="1621" WIDTH="92" HEIGHT="51" CONTENT="pris" WC="0.99" CC="0040"/>
					</TextLine>
					<TextLine ID="P27_TL00023" HPOS="120" VPOS="1684" WIDTH="2009" HEIGHT="58">
						<String ID="P27_ST00146" HPOS="120" VPOS="1695" WIDTH="103" HEIGHT="27" CONTENT="avec" WC="1.00" CC="0000"/>
						<SP ID="P27_SP00121" HPOS="223" VPOS="1722" WIDTH="19"/>
						<String ID="P27_ST00147" HPOS="242" VPOS="1696" WIDTH="92" HEIGHT="26" CONTENT="une" WC="0.97" CC="700"/>
						<SP ID="P27_SP00122" HPOS="334" VPOS="1722" WIDTH="23"/>
						<String ID="P27_ST00148" HPOS="357" VPOS="1684" WIDTH="175" HEIGHT="42" CONTENT="lenteur" WC="0.99" CC="0401060"/>
						<SP ID="P27_SP00123" HPOS="532" VPOS="1726" WIDTH="23"/>
						<String ID="P27_ST00149" HPOS="555" VPOS="1689" WIDTH="221" HEIGHT="39" CONTENT="contraire" WC="0.99" CC="004504050"/>
						<SP ID="P27_SP00124" HPOS="776" VPOS="1728" WIDTH="23"/>
						<String ID="P27_ST00150" HPOS="799" VPOS="1693" WIDTH="21" HEIGHT="35" CONTENT="à" WC="0.56" CC="4"/>
						<SP ID="P27_SP00125" HPOS="820" VPOS="1728" WIDTH="22"/>
						<String ID="P27_ST00151" HPOS="842" VPOS="1689" WIDTH="169" HEIGHT="53" CONTENT="l'esprit" WC="1.00" CC="00000033"/>
						<SP ID="P27_SP00126" HPOS="1011" VPOS="1742" WIDTH="24"/>
						<String ID="P27_ST00152" HPOS="1035" VPOS="1691" WIDTH="53" HEIGHT="40" CONTENT="de" WC="1.00" CC="00"/>
						<SP ID="P27_SP00127" HPOS="1088" VPOS="1742" WIDTH="32"/>
						<String ID="P27_ST00153" HPOS="1120" VPOS="1704" WIDTH="46" HEIGHT="27" CONTENT="ce" WC="1.00" CC="00"/>
						<SP ID="P27_SP00128" HPOS="1166" VPOS="1742" WIDTH="23"/>
						<String ID="P27_ST00154" HPOS="1189" VPOS="1688" WIDTH="241" HEIGHT="53" CONTENT="morceau)," WC="1.00" CC="000000643"/>
						<SP ID="P27_SP00129" HPOS="1430" VPOS="1742" WIDTH="35"/>
						<String ID="P27_ST00155" HPOS="1465" VPOS="1686" WIDTH="26" HEIGHT="43" CONTENT="Y" WC="0.16" CC="8" STYLEREFS="TXT_3"/>
						<SP ID="P27_SP00130" HPOS="1491" VPOS="1742" WIDTH="6"/>
						<String ID="P27_ST00156" HPOS="1497" VPOS="1688" WIDTH="180" HEIGHT="54" CONTENT="Adagio" WC="0.99" CC="009020" STYLEREFS="TXT_3"/>
						<SP ID="P27_SP00131" HPOS="1677" VPOS="1742" WIDTH="21"/>
						<String ID="P27_ST00157" HPOS="1698" VPOS="1697" WIDTH="40" HEIGHT="32" CONTENT="et" WC="1.00" CC="00"/>
						<SP ID="P27_SP00132" HPOS="1738" VPOS="1742" WIDTH="23"/>
						<String ID="P27_ST00158" HPOS="1761" VPOS="1687" WIDTH="154" HEIGHT="55" CONTENT="Fugue" WC="1.00" CC="00000" STYLEREFS="TXT_3"/>
						<SP ID="P27_SP00133" HPOS="1915" VPOS="1742" WIDTH="19"/>
						<String ID="P27_ST00159" HPOS="1934" VPOS="1686" WIDTH="134" HEIGHT="54" CONTENT="(pour" WC="0.99" CC="70000"/>
						<SP ID="P27_SP00134" HPOS="2068" VPOS="1742" WIDTH="23"/>
						<String ID="P27_ST00160" HPOS="2091" VPOS="1689" WIDTH="38" HEIGHT="39" CONTENT="le" WC="0.70" CC="50"/>
					</TextLine>
					<TextLine ID="P27_TL00024" HPOS="119" VPOS="1748" WIDTH="2009" HEIGHT="63">
						<String ID="P27_ST00161" HPOS="119" VPOS="1748" WIDTH="207" HEIGHT="53" CONTENT="Quatuor" WC="0.99" CC="0004023"/>
						<SP ID="P27_SP00135" HPOS="326" VPOS="1801" WIDTH="24"/>
						<String ID="P27_ST00162" HPOS="350" VPOS="1757" WIDTH="21" HEIGHT="35" CONTENT="à" WC="0.89" CC="1"/>
						<SP ID="P27_SP00136" HPOS="371" VPOS="1801" WIDTH="25"/>
						<String ID="P27_ST00163" HPOS="396" VPOS="1752" WIDTH="190" HEIGHT="55" CONTENT="cordes)," WC="1.00" CC="00000004"/>
						<SP ID="P27_SP00137" HPOS="586" VPOS="1807" WIDTH="23"/>
						<String ID="P27_ST00164" HPOS="609" VPOS="1755" WIDTH="64" HEIGHT="41" CONTENT="les" WC="0.99" CC="100"/>
						<SP ID="P27_SP00138" HPOS="673" VPOS="1807" WIDTH="41"/>
						<String ID="P27_ST00165" HPOS="714" VPOS="1767" WIDTH="264" HEIGHT="32" CONTENT="ouvertures" WC="1.00" CC="0000230040"/>
						<SP ID="P27_SP00139" HPOS="978" VPOS="1807" WIDTH="38"/>
						<String ID="P27_ST00166" HPOS="1016" VPOS="1759" WIDTH="54" HEIGHT="40" CONTENT="de" WC="1.00" CC="00"/>
						<SP ID="P27_SP00140" HPOS="1070" VPOS="1807" WIDTH="23"/>
						<String ID="P27_ST00167" HPOS="1093" VPOS="1759" WIDTH="102" HEIGHT="40" CONTENT="Don" WC="0.98" CC="005" STYLEREFS="TXT_3"/>
						<SP ID="P27_SP00141" HPOS="1195" VPOS="1807" WIDTH="15"/>
						<String ID="P27_ST00168" HPOS="1210" VPOS="1758" WIDTH="119" HEIGHT="50" CONTENT="Juan" WC="0.98" CC="0190" STYLEREFS="TXT_3"/>
						<String ID="P27_ST00169" HPOS="1338" VPOS="1789" WIDTH="7" HEIGHT="16" CONTENT="," WC="0.58" CC="4"/>
						<SP ID="P27_SP00142" HPOS="1345" VPOS="1808" WIDTH="27"/>
						<String ID="P27_ST00170" HPOS="1372" VPOS="1759" WIDTH="78" HEIGHT="40" CONTENT="des" WC="1.00" CC="000"/>
						<SP ID="P27_SP00143" HPOS="1450" VPOS="1808" WIDTH="22"/>
						<String ID="P27_ST00171" HPOS="1472" VPOS="1757" WIDTH="142" HEIGHT="42" CONTENT="Noces" WC="0.99" CC="00600" STYLEREFS="TXT_3"/>
						<SP ID="P27_SP00144" HPOS="1614" VPOS="1808" WIDTH="22"/>
						<String ID="P27_ST00172" HPOS="1636" VPOS="1758" WIDTH="50" HEIGHT="38" CONTENT="de" WC="1.00" CC="00" STYLEREFS="TXT_3"/>
						<SP ID="P27_SP00145" HPOS="1686" VPOS="1808" WIDTH="22"/>
						<String ID="P27_ST00173" HPOS="1708" VPOS="1757" WIDTH="171" HEIGHT="54" CONTENT="Figaro" WC="1.00" CC="000006" STYLEREFS="TXT_3"/>
						<SP ID="P27_SP00146" HPOS="1879" VPOS="1811" WIDTH="36"/>
						<String ID="P27_ST00174" HPOS="1915" VPOS="1766" WIDTH="42" HEIGHT="31" CONTENT="et" WC="0.70" CC="05"/>
						<SP ID="P27_SP00147" HPOS="1957" VPOS="1811" WIDTH="38"/>
						<String ID="P27_ST00175" HPOS="1995" VPOS="1758" WIDTH="54" HEIGHT="39" CONTENT="de" WC="1.00" CC="00"/>
						<SP ID="P27_SP00148" HPOS="2049" VPOS="1811" WIDTH="39"/>
						<String ID="P27_ST00176" HPOS="2088" VPOS="1757" WIDTH="40" HEIGHT="40" CONTENT="la" WC="1.00" CC="00"/>
					</TextLine>
					<TextLine ID="P27_TL00025" HPOS="117" VPOS="1817" WIDTH="2010" HEIGHT="63">
						<String ID="P27_ST00177" HPOS="117" VPOS="1817" WIDTH="123" HEIGHT="41" CONTENT="Flûte" WC="0.98" CC="50610" STYLEREFS="TXT_3"/>
						<SP ID="P27_SP00149" HPOS="240" VPOS="1858" WIDTH="19"/>
						<String ID="P27_ST00178" HPOS="259" VPOS="1820" WIDTH="226" HEIGHT="42" CONTENT="enchantée" WC="0.99" CC="004006240" STYLEREFS="TXT_3"/>
						<String ID="P27_ST00179" HPOS="491" VPOS="1855" WIDTH="9" HEIGHT="15" CONTENT="," WC="0.55" CC="4"/>
						<SP ID="P27_SP00150" HPOS="500" VPOS="1870" WIDTH="20"/>
						<String ID="P27_ST00180" HPOS="520" VPOS="1825" WIDTH="338" HEIGHT="41" CONTENT="excellemment" WC="1.00" CC="000023000036"/>
						<SP ID="P27_SP00151" HPOS="858" VPOS="1870" WIDTH="22"/>
						<String ID="P27_ST00181" HPOS="880" VPOS="1832" WIDTH="202" HEIGHT="37" CONTENT="exécutés" WC="0.99" CC="00035200"/>
						<SP ID="P27_SP00152" HPOS="1082" VPOS="1870" WIDTH="20"/>
						<String ID="P27_ST00182" HPOS="1102" VPOS="1842" WIDTH="81" HEIGHT="38" CONTENT="par" WC="1.00" CC="000"/>
						<SP ID="P27_SP00153" HPOS="1183" VPOS="1880" WIDTH="18"/>
						<String ID="P27_ST00183" HPOS="1201" VPOS="1826" WIDTH="259" HEIGHT="41" CONTENT="l'orchestre" WC="1.00" CC="00000400304"/>
						<SP ID="P27_SP00154" HPOS="1460" VPOS="1880" WIDTH="17"/>
						<String ID="P27_ST00184" HPOS="1477" VPOS="1827" WIDTH="70" HEIGHT="45" CONTENT=";le" WC="1.00" CC="000"/>
						<SP ID="P27_SP00155" HPOS="1547" VPOS="1880" WIDTH="23"/>
						<String ID="P27_ST00185" HPOS="1570" VPOS="1825" WIDTH="209" HEIGHT="41" CONTENT="Concerto" WC="1.00" CC="00000040" STYLEREFS="TXT_3"/>
						<SP ID="P27_SP00156" HPOS="1779" VPOS="1880" WIDTH="20"/>
						<String ID="P27_ST00186" HPOS="1799" VPOS="1825" WIDTH="130" HEIGHT="42" CONTENT="enmi" WC="0.57" CC="8800" STYLEREFS="TXT_3"/>
						<SP ID="P27_SP00157" HPOS="1929" VPOS="1880" WIDTH="23"/>
						<String ID="P27_ST00187" HPOS="1952" VPOS="1826" WIDTH="136" HEIGHT="39" CONTENT="bémol" WC="0.99" CC="04050" STYLEREFS="TXT_3"/>
						<SP ID="P27_SP00158" HPOS="2088" VPOS="1880" WIDTH="18"/>
						<String ID="P27_ST00188" HPOS="2106" VPOS="1830" WIDTH="21" HEIGHT="35" CONTENT="à" WC="0.82" CC="1"/>
					</TextLine>
					<TextLine ID="P27_TL00026" HPOS="118" VPOS="1887" WIDTH="2010" HEIGHT="61">
						<String ID="P27_ST00189" HPOS="118" VPOS="1887" WIDTH="112" HEIGHT="40" CONTENT="deux" WC="1.00" CC="0200"/>
						<SP ID="P27_SP00159" HPOS="230" VPOS="1927" WIDTH="20"/>
						<String ID="P27_ST00190" HPOS="250" VPOS="1903" WIDTH="175" HEIGHT="37" CONTENT="pianos," WC="0.99" CC="0706003"/>
						<SP ID="P27_SP00160" HPOS="425" VPOS="1940" WIDTH="27"/>
						<String ID="P27_ST00191" HPOS="452" VPOS="1898" WIDTH="58" HEIGHT="33" CONTENT="où" WC="1.00" CC="00"/>
						<SP ID="P27_SP00161" HPOS="510" VPOS="1940" WIDTH="26"/>
						<String ID="P27_ST00192" HPOS="536" VPOS="1891" WIDTH="111" HEIGHT="41" CONTENT="MM." WC="0.98" CC="004"/>
						<SP ID="P27_SP00162" HPOS="647" VPOS="1940" WIDTH="26"/>
						<String ID="P27_ST00193" HPOS="673" VPOS="1893" WIDTH="142" HEIGHT="42" CONTENT="Louis" WC="0.99" CC="00600"/>
						<SP ID="P27_SP00163" HPOS="815" VPOS="1940" WIDTH="25"/>
						<String ID="P27_ST00194" HPOS="840" VPOS="1895" WIDTH="181" HEIGHT="41" CONTENT="Diémer" WC="0.87" CC="430000"/>
						<SP ID="P27_SP00164" HPOS="1021" VPOS="1940" WIDTH="25"/>
						<String ID="P27_ST00195" HPOS="1046" VPOS="1905" WIDTH="41" HEIGHT="32" CONTENT="et" WC="1.00" CC="00"/>
						<SP ID="P27_SP00165" HPOS="1087" VPOS="1940" WIDTH="38"/>
						<String ID="P27_ST00196" HPOS="1125" VPOS="1895" WIDTH="173" HEIGHT="41" CONTENT="Lazare" WC="1.00" CC="031000"/>
						<SP ID="P27_SP00166" HPOS="1298" VPOS="1940" WIDTH="18"/>
						<String ID="P27_ST00197" HPOS="1316" VPOS="1895" WIDTH="123" HEIGHT="53" CONTENT="Lévy" WC="1.00" CC="0000"/>
						<SP ID="P27_SP00167" HPOS="1439" VPOS="1948" WIDTH="21"/>
						<String ID="P27_ST00198" HPOS="1460" VPOS="1901" WIDTH="279" HEIGHT="35" CONTENT="montrèrent" WC="0.99" CC="0056080026"/>
						<SP ID="P27_SP00168" HPOS="1739" VPOS="1948" WIDTH="24"/>
						<String ID="P27_ST00199" HPOS="1763" VPOS="1895" WIDTH="96" HEIGHT="40" CONTENT="leur" WC="0.98" CC="0070"/>
						<SP ID="P27_SP00169" HPOS="1859" VPOS="1948" WIDTH="22"/>
						<String ID="P27_ST00200" HPOS="1881" VPOS="1893" WIDTH="247" HEIGHT="42" CONTENT="habituelle" WC="1.00" CC="0000200630"/>
					</TextLine>
					<TextLine ID="P27_TL00027" HPOS="117" VPOS="1957" WIDTH="2012" HEIGHT="55">
						<String ID="P27_ST00201" HPOS="117" VPOS="1964" WIDTH="41" HEIGHT="32" CONTENT="et" WC="0.77" CC="04"/>
						<SP ID="P27_SP00170" HPOS="158" VPOS="1996" WIDTH="21"/>
						<String ID="P27_ST00202" HPOS="179" VPOS="1957" WIDTH="273" HEIGHT="52" CONTENT="impeccable" WC="1.00" CC="0000000000"/>
						<SP ID="P27_SP00171" HPOS="452" VPOS="2009" WIDTH="23"/>
						<String ID="P27_ST00203" HPOS="475" VPOS="1964" WIDTH="248" HEIGHT="38" CONTENT="correction" WC="1.00" CC="0000004006"/>
						<SP ID="P27_SP00172" HPOS="723" VPOS="2009" WIDTH="26"/>
						<String ID="P27_ST00204" HPOS="749" VPOS="1975" WIDTH="8" HEIGHT="37" CONTENT=";" WC="0.25" CC="7"/>
						<SP ID="P27_SP00173" HPOS="757" VPOS="2012" WIDTH="24"/>
						<String ID="P27_ST00205" HPOS="781" VPOS="1964" WIDTH="63" HEIGHT="40" CONTENT="les" WC="1.00" CC="000"/>
						<SP ID="P27_SP00174" HPOS="844" VPOS="2012" WIDTH="22"/>
						<String ID="P27_ST00206" HPOS="866" VPOS="1966" WIDTH="89" HEIGHT="38" CONTENT="airs" WC="1.00" CC="0200"/>
						<SP ID="P27_SP00175" HPOS="955" VPOS="2012" WIDTH="30"/>
						<String ID="P27_ST00207" HPOS="985" VPOS="1966" WIDTH="52" HEIGHT="39" CONTENT="de" WC="1.00" CC="00"/>
						<SP ID="P27_SP00176" HPOS="1037" VPOS="2012" WIDTH="31"/>
						<String ID="P27_ST00208" HPOS="1068" VPOS="1964" WIDTH="125" HEIGHT="40" CONTENT="Dona" WC="0.70" CC="0109" STYLEREFS="TXT_3"/>
						<SP ID="P27_SP00177" HPOS="1193" VPOS="2012" WIDTH="18"/>
						<String ID="P27_ST00209" HPOS="1211" VPOS="1964" WIDTH="132" HEIGHT="39" CONTENT="Anna" WC="0.99" CC="0050" STYLEREFS="TXT_3"/>
						<SP ID="P27_SP00178" HPOS="1343" VPOS="2012" WIDTH="23"/>
						<String ID="P27_ST00210" HPOS="1366" VPOS="1971" WIDTH="41" HEIGHT="33" CONTENT="et" WC="0.67" CC="06"/>
						<SP ID="P27_SP00179" HPOS="1407" VPOS="2012" WIDTH="24"/>
						<String ID="P27_ST00211" HPOS="1431" VPOS="1962" WIDTH="53" HEIGHT="40" CONTENT="de" WC="1.00" CC="00"/>
						<SP ID="P27_SP00180" HPOS="1484" VPOS="2012" WIDTH="23"/>
						<String ID="P27_ST00212" HPOS="1507" VPOS="1962" WIDTH="39" HEIGHT="40" CONTENT="la" WC="0.74" CC="50"/>
						<SP ID="P27_SP00181" HPOS="1546" VPOS="2012" WIDTH="30"/>
						<String ID="P27_ST00213" HPOS="1576" VPOS="1961" WIDTH="212" HEIGHT="41" CONTENT="Comtesse" WC="1.00" CC="00020400" STYLEREFS="TXT_3"/>
						<SP ID="P27_SP00182" HPOS="1788" VPOS="2012" WIDTH="23"/>
						<String ID="P27_ST00214" HPOS="1811" VPOS="1962" WIDTH="77" HEIGHT="39" CONTENT="des" WC="1.00" CC="000"/>
						<SP ID="P27_SP00183" HPOS="1888" VPOS="2012" WIDTH="19"/>
						<String ID="P27_ST00215" HPOS="1907" VPOS="1961" WIDTH="142" HEIGHT="39" CONTENT="Noces" WC="0.99" CC="00600" STYLEREFS="TXT_3"/>
						<SP ID="P27_SP00184" HPOS="2049" VPOS="2012" WIDTH="31"/>
						<String ID="P27_ST00216" HPOS="2080" VPOS="1961" WIDTH="49" HEIGHT="39" CONTENT="de" WC="1.00" CC="00" STYLEREFS="TXT_3"/>
					</TextLine>
					<TextLine ID="P27_TL00028" HPOS="116" VPOS="2024" WIDTH="2013" HEIGHT="63">
						<String ID="P27_ST00217" HPOS="116" VPOS="2024" WIDTH="168" HEIGHT="55" CONTENT="bigaro" WC="0.60" CC="850405" STYLEREFS="TXT_3"/>
						<String ID="P27_ST00218" HPOS="291" VPOS="2059" WIDTH="10" HEIGHT="18" CONTENT="," WC="1.00" CC="0"/>
						<SP ID="P27_SP00185" HPOS="301" VPOS="2079" WIDTH="28"/>
						<String ID="P27_ST00219" HPOS="329" VPOS="2027" WIDTH="342" HEIGHT="43" CONTENT="adorablement" WC="1.00" CC="000000000000"/>
						<SP ID="P27_SP00186" HPOS="671" VPOS="2079" WIDTH="34"/>
						<String ID="P27_ST00220" HPOS="705" VPOS="2032" WIDTH="184" HEIGHT="40" CONTENT="chantés" WC="0.99" CC="0000460"/>
						<SP ID="P27_SP00187" HPOS="889" VPOS="2079" WIDTH="23"/>
						<String ID="P27_ST00221" HPOS="912" VPOS="2047" WIDTH="80" HEIGHT="37" CONTENT="par" WC="1.00" CC="000"/>
						<SP ID="P27_SP00188" HPOS="992" VPOS="2084" WIDTH="19"/>
						<String ID="P27_ST00222" HPOS="1011" VPOS="2032" WIDTH="46" HEIGHT="40" CONTENT="M" WC="1.00" CC="0"/>
						<String ID="P27_ST00223" HPOS="1061" VPOS="2031" WIDTH="40" HEIGHT="24" CONTENT="lle" STYLE="superscript" WC="0.42" CC="754"/>
						<SP ID="P27_SP00189" HPOS="1101" VPOS="2084" WIDTH="17"/>
						<String ID="P27_ST00224" HPOS="1118" VPOS="2033" WIDTH="172" HEIGHT="54" CONTENT="Jeanne" WC="1.00" CC="220000"/>
						<SP ID="P27_SP00190" HPOS="1290" VPOS="2087" WIDTH="24"/>
						<String ID="P27_ST00225" HPOS="1314" VPOS="2032" WIDTH="208" HEIGHT="48" CONTENT="Raunav," WC="0.91" CC="0030002"/>
						<SP ID="P27_SP00191" HPOS="1522" VPOS="2087" WIDTH="26"/>
						<String ID="P27_ST00226" HPOS="1548" VPOS="2045" WIDTH="87" HEIGHT="26" CONTENT="une" WC="0.98" CC="600"/>
						<SP ID="P27_SP00192" HPOS="1635" VPOS="2087" WIDTH="39"/>
						<String ID="P27_ST00227" HPOS="1674" VPOS="2031" WIDTH="55" HEIGHT="39" CONTENT="de" WC="1.00" CC="00"/>
						<SP ID="P27_SP00193" HPOS="1729" VPOS="2087" WIDTH="39"/>
						<String ID="P27_ST00228" HPOS="1768" VPOS="2044" WIDTH="83" HEIGHT="26" CONTENT="nos" WC="1.00" CC="000"/>
						<SP ID="P27_SP00194" HPOS="1851" VPOS="2087" WIDTH="24"/>
						<String ID="P27_ST00229" HPOS="1875" VPOS="2043" WIDTH="122" HEIGHT="27" CONTENT="rares" WC="1.00" CC="00000"/>
						<SP ID="P27_SP00195" HPOS="1997" VPOS="2087" WIDTH="25"/>
						<String ID="P27_ST00230" HPOS="2022" VPOS="2044" WIDTH="81" HEIGHT="26" CONTENT="can" SUBS_TYPE="HypPart1" SUBS_CONTENT="cantatrices" WC="0.99" CC="000"/>
						<HYP HPOS="2103" VPOS="2044" WIDTH="26" CONTENT="-"/>
					</TextLine>
					<TextLine ID="P27_TL00029" HPOS="117" VPOS="2096" WIDTH="2010" HEIGHT="58">
						<String ID="P27_ST00231" HPOS="117" VPOS="2096" WIDTH="179" HEIGHT="39" CONTENT="tatrices" SUBS_TYPE="HypPart2" SUBS_CONTENT="cantatrices" WC="0.99" CC="06304600"/>
						<SP ID="P27_SP00196" HPOS="296" VPOS="2135" WIDTH="40"/>
						<String ID="P27_ST00232" HPOS="336" VPOS="2096" WIDTH="109" HEIGHT="40" CONTENT="dont" WC="1.00" CC="0000"/>
						<SP ID="P27_SP00197" HPOS="445" VPOS="2136" WIDTH="23"/>
						<String ID="P27_ST00233" HPOS="468" VPOS="2097" WIDTH="40" HEIGHT="40" CONTENT="le" WC="0.90" CC="20"/>
						<SP ID="P27_SP00198" HPOS="508" VPOS="2137" WIDTH="33"/>
						<String ID="P27_ST00234" HPOS="541" VPOS="2098" WIDTH="138" HEIGHT="41" CONTENT="talent" WC="0.99" CC="004005"/>
						<SP ID="P27_SP00199" HPOS="679" VPOS="2139" WIDTH="39"/>
						<String ID="P27_ST00235" HPOS="718" VPOS="2103" WIDTH="86" HEIGHT="37" CONTENT="soit" WC="0.99" CC="0006"/>
						<SP ID="P27_SP00200" HPOS="804" VPOS="2140" WIDTH="37"/>
						<String ID="P27_ST00236" HPOS="841" VPOS="2115" WIDTH="124" HEIGHT="26" CONTENT="assez" WC="1.00" CC="00000"/>
						<SP ID="P27_SP00201" HPOS="965" VPOS="2141" WIDTH="33"/>
						<String ID="P27_ST00237" HPOS="998" VPOS="2100" WIDTH="221" HEIGHT="53" CONTENT="expressif" WC="1.00" CC="000000010"/>
						<SP ID="P27_SP00202" HPOS="1219" VPOS="2153" WIDTH="35"/>
						<String ID="P27_ST00238" HPOS="1254" VPOS="2115" WIDTH="115" HEIGHT="39" CONTENT="pour" WC="0.99" CC="0040"/>
						<SP ID="P27_SP00203" HPOS="1369" VPOS="2154" WIDTH="21"/>
						<String ID="P27_ST00239" HPOS="1390" VPOS="2102" WIDTH="195" HEIGHT="51" CONTENT="pouvoir" WC="1.00" CC="0000040"/>
						<SP ID="P27_SP00204" HPOS="1585" VPOS="2154" WIDTH="33"/>
						<String ID="P27_ST00240" HPOS="1618" VPOS="2099" WIDTH="193" HEIGHT="41" CONTENT="aborder" WC="1.00" CC="0000000"/>
						<SP ID="P27_SP00205" HPOS="1811" VPOS="2154" WIDTH="32"/>
						<String ID="P27_ST00241" HPOS="1843" VPOS="2112" WIDTH="104" HEIGHT="26" CONTENT="avec" WC="0.98" CC="0007"/>
						<SP ID="P27_SP00206" HPOS="1947" VPOS="2154" WIDTH="28"/>
						<String ID="P27_ST00242" HPOS="1975" VPOS="2103" WIDTH="152" HEIGHT="35" CONTENT="succès" WC="0.99" CC="000070"/>
					</TextLine>
					<TextLine ID="P27_TL00030" HPOS="117" VPOS="2161" WIDTH="2006" HEIGHT="62">
						<String ID="P27_ST00243" HPOS="117" VPOS="2161" WIDTH="375" HEIGHT="55" CONTENT="l'interprétation" WC="0.99" CC="6044500006500367"/>
						<SP ID="P27_SP00207" HPOS="492" VPOS="2216" WIDTH="23"/>
						<String ID="P27_ST00244" HPOS="515" VPOS="2167" WIDTH="59" HEIGHT="39" CONTENT="du" WC="0.74" CC="05"/>
						<SP ID="P27_SP00208" HPOS="574" VPOS="2216" WIDTH="30"/>
						<String ID="P27_ST00245" HPOS="604" VPOS="2168" WIDTH="87" HEIGHT="38" CONTENT="lied" WC="1.00" CC="0000" STYLEREFS="TXT_3"/>
						<SP ID="P27_SP00209" HPOS="691" VPOS="2216" WIDTH="22"/>
						<String ID="P27_ST00246" HPOS="713" VPOS="2178" WIDTH="73" HEIGHT="38" CONTENT=";et" WC="0.90" CC="800"/>
						<SP ID="P27_SP00210" HPOS="786" VPOS="2216" WIDTH="39"/>
						<String ID="P27_ST00247" HPOS="825" VPOS="2168" WIDTH="120" HEIGHT="42" CONTENT="enfin" WC="0.98" CC="03226"/>
						<SP ID="P27_SP00211" HPOS="945" VPOS="2216" WIDTH="21"/>
						<String ID="P27_ST00248" HPOS="966" VPOS="2170" WIDTH="39" HEIGHT="40" CONTENT="le" WC="0.73" CC="50"/>
						<SP ID="P27_SP00212" HPOS="1005" VPOS="2216" WIDTH="35"/>
						<String ID="P27_ST00249" HPOS="1040" VPOS="2170" WIDTH="242" HEIGHT="53" CONTENT="Larghetto" WC="1.00" CC="401000330" STYLEREFS="TXT_3"/>
						<String ID="P27_ST00250" HPOS="1291" VPOS="2202" WIDTH="8" HEIGHT="16" CONTENT="," WC="0.56" CC="4"/>
						<SP ID="P27_SP00213" HPOS="1299" VPOS="2223" WIDTH="23"/>
						<String ID="P27_ST00251" HPOS="1322" VPOS="2171" WIDTH="158" HEIGHT="39" CONTENT="extrait" WC="0.99" CC="0050004"/>
						<SP ID="P27_SP00214" HPOS="1480" VPOS="2223" WIDTH="21"/>
						<String ID="P27_ST00252" HPOS="1501" VPOS="2170" WIDTH="59" HEIGHT="39" CONTENT="du" WC="0.53" CC="35"/>
						<SP ID="P27_SP00215" HPOS="1560" VPOS="2223" WIDTH="21"/>
						<String ID="P27_ST00253" HPOS="1581" VPOS="2167" WIDTH="232" HEIGHT="52" CONTENT="Quintette" WC="0.99" CC="002540045"/>
						<SP ID="P27_SP00216" HPOS="1813" VPOS="2223" WIDTH="37"/>
						<String ID="P27_ST00254" HPOS="1850" VPOS="2180" WIDTH="116" HEIGHT="39" CONTENT="pour" WC="0.99" CC="0050"/>
						<SP ID="P27_SP00217" HPOS="1966" VPOS="2223" WIDTH="27"/>
						<String ID="P27_ST00255" HPOS="1993" VPOS="2167" WIDTH="109" HEIGHT="41" CONTENT="clari" SUBS_TYPE="HypPart1" SUBS_CONTENT="clarinette" WC="0.99" CC="01002"/>
						<HYP HPOS="2102" VPOS="2167" WIDTH="21" CONTENT="-"/>
					</TextLine>
					<TextLine ID="P27_TL00031" HPOS="117" VPOS="2235" WIDTH="2009" HEIGHT="51">
						<String ID="P27_ST00256" HPOS="117" VPOS="2240" WIDTH="118" HEIGHT="32" CONTENT="nette" SUBS_TYPE="HypPart2" SUBS_CONTENT="clarinette" WC="0.98" CC="40530"/>
						<SP ID="P27_SP00218" HPOS="235" VPOS="2272" WIDTH="26"/>
						<String ID="P27_ST00257" HPOS="261" VPOS="2241" WIDTH="40" HEIGHT="32" CONTENT="et" WC="0.73" CC="05"/>
						<SP ID="P27_SP00219" HPOS="301" VPOS="2273" WIDTH="20"/>
						<String ID="P27_ST00258" HPOS="321" VPOS="2235" WIDTH="293" HEIGHT="41" CONTENT="instruments" WC="0.99" CC="40050500060"/>
						<SP ID="P27_SP00220" HPOS="614" VPOS="2276" WIDTH="19"/>
						<String ID="P27_ST00259" HPOS="633" VPOS="2241" WIDTH="21" HEIGHT="35" CONTENT="à" WC="0.64" CC="3"/>
						<SP ID="P27_SP00221" HPOS="654" VPOS="2276" WIDTH="18"/>
						<String ID="P27_ST00260" HPOS="672" VPOS="2237" WIDTH="172" HEIGHT="41" CONTENT="cordes." WC="1.00" CC="0000004"/>
						<SP ID="P27_SP00222" HPOS="844" VPOS="2278" WIDTH="17"/>
						<String ID="P27_ST00261" HPOS="861" VPOS="2237" WIDTH="64" HEIGHT="41" CONTENT="Le" WC="1.00" CC="00"/>
						<SP ID="P27_SP00223" HPOS="925" VPOS="2278" WIDTH="18"/>
						<String ID="P27_ST00262" HPOS="943" VPOS="2239" WIDTH="290" HEIGHT="40" CONTENT="clarinettiste" WC="1.00" CC="0400100604050"/>
						<SP ID="P27_SP00224" HPOS="1233" VPOS="2279" WIDTH="23"/>
						<String ID="P27_ST00263" HPOS="1256" VPOS="2237" WIDTH="61" HEIGHT="41" CONTENT="M." WC="0.81" CC="03"/>
						<SP ID="P27_SP00225" HPOS="1317" VPOS="2279" WIDTH="24"/>
						<String ID="P27_ST00264" HPOS="1341" VPOS="2237" WIDTH="224" HEIGHT="41" CONTENT="Lefebvre" WC="0.91" CC="00040003"/>
						<SP ID="P27_SP00226" HPOS="1565" VPOS="2279" WIDTH="21"/>
						<String ID="P27_ST00265" HPOS="1586" VPOS="2236" WIDTH="63" HEIGHT="41" CONTENT="fut" WC="0.97" CC="060"/>
						<SP ID="P27_SP00227" HPOS="1649" VPOS="2279" WIDTH="21"/>
						<String ID="P27_ST00266" HPOS="1670" VPOS="2236" WIDTH="294" HEIGHT="50" CONTENT="longuement" WC="0.99" CC="2060000063"/>
						<SP ID="P27_SP00228" HPOS="1964" VPOS="2286" WIDTH="22"/>
						<String ID="P27_ST00267" HPOS="1986" VPOS="2235" WIDTH="117" HEIGHT="40" CONTENT="accla" SUBS_TYPE="HypPart1" SUBS_CONTENT="acclamé," WC="0.99" CC="01040"/>
						<HYP HPOS="2103" VPOS="2235" WIDTH="23" CONTENT="-"/>
					</TextLine>
					<TextLine ID="P27_TL00032" HPOS="117" VPOS="2302" WIDTH="2010" HEIGHT="57">
						<String ID="P27_ST00268" HPOS="117" VPOS="2305" WIDTH="85" HEIGHT="46" CONTENT="mé," SUBS_TYPE="HypPart2" SUBS_CONTENT="acclamé," WC="0.99" CC="003"/>
						<SP ID="P27_SP00229" HPOS="202" VPOS="2351" WIDTH="21"/>
						<String ID="P27_ST00269" HPOS="223" VPOS="2310" WIDTH="41" HEIGHT="32" CONTENT="et" WC="0.56" CC="35"/>
						<SP ID="P27_SP00230" HPOS="264" VPOS="2351" WIDTH="22"/>
						<String ID="P27_ST00270" HPOS="286" VPOS="2302" WIDTH="146" HEIGHT="41" CONTENT="c'était" WC="0.99" CC="0306005"/>
						<SP ID="P27_SP00231" HPOS="432" VPOS="2351" WIDTH="14"/>
						<String ID="P27_ST00271" HPOS="446" VPOS="2304" WIDTH="170" HEIGHT="52" CONTENT="justice." WC="0.99" CC="45040024"/>
						<SP ID="P27_SP00232" HPOS="616" VPOS="2356" WIDTH="25"/>
						<String ID="P27_ST00272" HPOS="641" VPOS="2305" WIDTH="269" HEIGHT="53" CONTENT="Impossible" WC="1.00" CC="4000001030"/>
						<SP ID="P27_SP00233" HPOS="910" VPOS="2358" WIDTH="21"/>
						<String ID="P27_ST00273" HPOS="931" VPOS="2307" WIDTH="54" HEIGHT="40" CONTENT="de" WC="1.00" CC="00"/>
						<SP ID="P27_SP00234" HPOS="985" VPOS="2358" WIDTH="17"/>
						<String ID="P27_ST00274" HPOS="1002" VPOS="2308" WIDTH="125" HEIGHT="51" CONTENT="jouer" WC="1.00" CC="20000"/>
						<SP ID="P27_SP00235" HPOS="1127" VPOS="2359" WIDTH="13"/>
						<String ID="P27_ST00275" HPOS="1140" VPOS="2316" WIDTH="111" HEIGHT="31" CONTENT="cette" WC="0.99" CC="00500"/>
						<SP ID="P27_SP00236" HPOS="1251" VPOS="2359" WIDTH="16"/>
						<String ID="P27_ST00276" HPOS="1267" VPOS="2320" WIDTH="116" HEIGHT="39" CONTENT="page" WC="1.00" CC="0000"/>
						<SP ID="P27_SP00237" HPOS="1383" VPOS="2359" WIDTH="18"/>
						<String ID="P27_ST00277" HPOS="1401" VPOS="2307" WIDTH="240" HEIGHT="39" CONTENT="délicieuse" WC="1.00" CC="0030000000"/>
						<SP ID="P27_SP00238" HPOS="1641" VPOS="2359" WIDTH="24"/>
						<String ID="P27_ST00278" HPOS="1665" VPOS="2317" WIDTH="104" HEIGHT="28" CONTENT="avec" WC="1.00" CC="0000"/>
						<SP ID="P27_SP00239" HPOS="1769" VPOS="2359" WIDTH="14"/>
						<String ID="P27_ST00279" HPOS="1783" VPOS="2319" WIDTH="59" HEIGHT="25" CONTENT="un" WC="0.69" CC="06"/>
						<SP ID="P27_SP00240" HPOS="1842" VPOS="2359" WIDTH="19"/>
						<String ID="P27_ST00280" HPOS="1861" VPOS="2317" WIDTH="82" HEIGHT="27" CONTENT="son" WC="1.00" CC="000"/>
						<SP ID="P27_SP00241" HPOS="1943" VPOS="2359" WIDTH="18"/>
						<String ID="P27_ST00281" HPOS="1961" VPOS="2312" WIDTH="41" HEIGHT="31" CONTENT="et" WC="0.80" CC="04"/>
						<SP ID="P27_SP00242" HPOS="2002" VPOS="2359" WIDTH="13"/>
						<String ID="P27_ST00282" HPOS="2015" VPOS="2303" WIDTH="112" HEIGHT="40" CONTENT="dans" WC="1.00" CC="0000"/>
					</TextLine>
				</TextBlock>
				<TextBlock ID="P27_TB00011" HPOS="113" VPOS="2369" WIDTH="512" HEIGHT="59" STYLEREFS="TXT_4 PAR_LEFT">
					<TextLine ID="P27_TL00033" HPOS="115" VPOS="2371" WIDTH="507" HEIGHT="55">
						<String ID="P27_ST00283" HPOS="115" VPOS="2384" WIDTH="59" HEIGHT="26" CONTENT="un" WC="0.66" CC="60"/>
						<SP ID="P27_SP00243" HPOS="174" VPOS="2410" WIDTH="24"/>
						<String ID="P27_ST00284" HPOS="198" VPOS="2371" WIDTH="112" HEIGHT="51" CONTENT="style" WC="1.00" CC="00040"/>
						<SP ID="P27_SP00244" HPOS="310" VPOS="2422" WIDTH="20"/>
						<String ID="P27_ST00285" HPOS="330" VPOS="2372" WIDTH="101" HEIGHT="52" CONTENT="plus" WC="0.99" CC="0060"/>
						<SP ID="P27_SP00245" HPOS="431" VPOS="2424" WIDTH="18"/>
						<String ID="P27_ST00286" HPOS="449" VPOS="2376" WIDTH="173" HEIGHT="50" CONTENT="exquis." WC="1.00" CC="0000003"/>
					</TextLine>
				</TextBlock>
				<TextBlock ID="P27_TB00012" HPOS="646" VPOS="2371" WIDTH="581" HEIGHT="48" STYLEREFS="TXT_0 PAR_LEFT">
					<TextLine ID="P27_TL00034" HPOS="720" VPOS="2375" WIDTH="507" HEIGHT="41">
						<String ID="P27_ST00287" HPOS="720" VPOS="2375" WIDTH="217" HEIGHT="41" CONTENT="MAURICE" WC="1.00" CC="0001010"/>
						<SP ID="P27_SP00246" HPOS="937" VPOS="2416" WIDTH="34"/>
						<String ID="P27_ST00288" HPOS="971" VPOS="2376" WIDTH="256" HEIGHT="40" CONTENT="FOURRIER." WC="0.99" CC="406026000"/>
					</TextLine>
				</TextBlock>
				<TextBlock ID="P27_TB00013" HPOS="110" VPOS="2483" WIDTH="2019" HEIGHT="1070" STYLEREFS="TXT_4 PAR_RIGHT">
					<TextLine ID="P27_TL00035" HPOS="174" VPOS="2486" WIDTH="852" HEIGHT="50">
						<String ID="P27_ST00289" HPOS="174" VPOS="2498" WIDTH="17" HEIGHT="24" CONTENT="/" WC="0.25" CC="7" STYLEREFS="TXT_3"/>
						<String ID="P27_ST00290" HPOS="202" VPOS="2488" WIDTH="31" HEIGHT="17" CONTENT="er" STYLE="superscript" WC="0.41" CC="47" STYLEREFS="TXT_3"/>
						<String ID="P27_ST00291" HPOS="244" VPOS="2498" WIDTH="192" HEIGHT="38" CONTENT="janvier." WC="0.98" CC="66505307" STYLEREFS="TXT_3"/>
						<SP ID="P27_SP00247" HPOS="436" VPOS="2536" WIDTH="96"/>
						<String ID="P27_ST00292" HPOS="532" VPOS="2486" WIDTH="192" HEIGHT="42" CONTENT="Concert" WC="0.99" CC="0060036"/>
						<SP ID="P27_SP00248" HPOS="724" VPOS="2536" WIDTH="23"/>
						<String ID="P27_ST00293" HPOS="747" VPOS="2487" WIDTH="279" HEIGHT="42" CONTENT="Beethoven." WC="1.00" CC="0003110040"/>
					</TextLine>
					<TextLine ID="P27_TL00036" HPOS="169" VPOS="2603" WIDTH="1957" HEIGHT="59">
						<String ID="P27_ST00294" HPOS="169" VPOS="2603" WIDTH="28" HEIGHT="39" CONTENT="8" WC="1.00" CC="0" STYLEREFS="TXT_3"/>
						<SP ID="P27_SP00249" HPOS="197" VPOS="2642" WIDTH="26"/>
						<String ID="P27_ST00295" HPOS="223" VPOS="2618" WIDTH="190" HEIGHT="44" CONTENT="janvier." WC="0.99" CC="76403410" STYLEREFS="TXT_3"/>
						<SP ID="P27_SP00250" HPOS="413" VPOS="2662" WIDTH="128"/>
						<String ID="P27_ST00296" HPOS="541" VPOS="2605" WIDTH="119" HEIGHT="41" CONTENT="Mort" WC="0.99" CC="1203" STYLEREFS="TXT_3"/>
						<SP ID="P27_SP00251" HPOS="660" VPOS="2662" WIDTH="34"/>
						<String ID="P27_ST00297" HPOS="694" VPOS="2613" WIDTH="37" HEIGHT="33" CONTENT="et" WC="0.81" CC="20" STYLEREFS="TXT_3"/>
						<SP ID="P27_SP00252" HPOS="731" VPOS="2662" WIDTH="39"/>
						<String ID="P27_ST00298" HPOS="770" VPOS="2606" WIDTH="382" HEIGHT="55" CONTENT="Transfiguration" WC="1.00" CC="306441300093002" STYLEREFS="TXT_3"/>
						<SP ID="P27_SP00253" HPOS="1152" VPOS="2662" WIDTH="40"/>
						<String ID="P27_ST00299" HPOS="1192" VPOS="2604" WIDTH="119" HEIGHT="56" CONTENT="(Tod" WC="0.84" CC="4100" STYLEREFS="TXT_3"/>
						<SP ID="P27_SP00254" HPOS="1311" VPOS="2662" WIDTH="33"/>
						<String ID="P27_ST00300" HPOS="1344" VPOS="2607" WIDTH="91" HEIGHT="40" CONTENT="und" WC="0.79" CC="410" STYLEREFS="TXT_3"/>
						<SP ID="P27_SP00255" HPOS="1435" VPOS="2662" WIDTH="42"/>
						<String ID="P27_ST00301" HPOS="1477" VPOS="2605" WIDTH="285" HEIGHT="54" CONTENT="Verkloerung" WC="0.76" CC="00040860007" STYLEREFS="TXT_3"/>
						<String ID="P27_ST00302" HPOS="1765" VPOS="2603" WIDTH="31" HEIGHT="55" CONTENT=")," WC="0.40" CC="74"/>
						<SP ID="P27_SP00256" HPOS="1796" VPOS="2662" WIDTH="44"/>
						<String ID="P27_ST00303" HPOS="1840" VPOS="2606" WIDTH="53" HEIGHT="39" CONTENT="de" WC="1.00" CC="00"/>
						<SP ID="P27_SP00257" HPOS="1893" VPOS="2662" WIDTH="38"/>
						<String ID="P27_ST00304" HPOS="1931" VPOS="2604" WIDTH="195" HEIGHT="42" CONTENT="Richard" WC="0.99" CC="5005270"/>
					</TextLine>
					<TextLine ID="P27_TL00037" HPOS="116" VPOS="2671" WIDTH="2008" HEIGHT="57">
						<String ID="P27_ST00305" HPOS="116" VPOS="2671" WIDTH="200" HEIGHT="51" CONTENT="Strauss," WC="0.99" CC="05014000"/>
						<SP ID="P27_SP00258" HPOS="316" VPOS="2722" WIDTH="25"/>
						<String ID="P27_ST00306" HPOS="341" VPOS="2683" WIDTH="66" HEIGHT="31" CONTENT="est" WC="0.98" CC="004"/>
						<SP ID="P27_SP00259" HPOS="407" VPOS="2722" WIDTH="24"/>
						<String ID="P27_ST00307" HPOS="431" VPOS="2674" WIDTH="346" HEIGHT="52" CONTENT="probablement" WC="1.00" CC="400400000001"/>
						<SP ID="P27_SP00260" HPOS="777" VPOS="2726" WIDTH="24"/>
						<String ID="P27_ST00308" HPOS="801" VPOS="2690" WIDTH="81" HEIGHT="26" CONTENT="son" WC="0.99" CC="100"/>
						<SP ID="P27_SP00261" HPOS="882" VPOS="2726" WIDTH="25"/>
						<String ID="P27_ST00309" HPOS="907" VPOS="2675" WIDTH="339" HEIGHT="43" CONTENT="chef-d'oeuvre." WC="1.00" CC="00000007553003"/>
						<SP ID="P27_SP00262" HPOS="1246" VPOS="2726" WIDTH="26"/>
						<String ID="P27_ST00310" HPOS="1272" VPOS="2674" WIDTH="62" HEIGHT="42" CONTENT="Le" WC="0.82" CC="30"/>
						<SP ID="P27_SP00263" HPOS="1334" VPOS="2726" WIDTH="19"/>
						<String ID="P27_ST00311" HPOS="1353" VPOS="2676" WIDTH="129" HEIGHT="52" CONTENT="sujet," WC="0.99" CC="000054"/>
						<SP ID="P27_SP00264" HPOS="1482" VPOS="2728" WIDTH="44"/>
						<String ID="P27_ST00312" HPOS="1526" VPOS="2677" WIDTH="75" HEIGHT="50" CONTENT="qui" WC="0.99" CC="003"/>
						<SP ID="P27_SP00265" HPOS="1601" VPOS="2728" WIDTH="24"/>
						<String ID="P27_ST00313" HPOS="1625" VPOS="2684" WIDTH="66" HEIGHT="32" CONTENT="est" WC="0.97" CC="006"/>
						<SP ID="P27_SP00266" HPOS="1691" VPOS="2728" WIDTH="42"/>
						<String ID="P27_ST00314" HPOS="1733" VPOS="2675" WIDTH="38" HEIGHT="39" CONTENT="le" WC="0.71" CC="50"/>
						<SP ID="P27_SP00267" HPOS="1771" VPOS="2728" WIDTH="38"/>
						<String ID="P27_ST00315" HPOS="1809" VPOS="2674" WIDTH="152" HEIGHT="52" CONTENT="mythe" WC="0.98" CC="07500"/>
						<SP ID="P27_SP00268" HPOS="1961" VPOS="2728" WIDTH="34"/>
						<String ID="P27_ST00316" HPOS="1995" VPOS="2673" WIDTH="54" HEIGHT="40" CONTENT="de" WC="1.00" CC="00"/>
						<SP ID="P27_SP00269" HPOS="2049" VPOS="2728" WIDTH="36"/>
						<String ID="P27_ST00317" HPOS="2085" VPOS="2673" WIDTH="39" HEIGHT="39" CONTENT="la" WC="0.73" CC="50"/>
					</TextLine>
					<TextLine ID="P27_TL00038" HPOS="115" VPOS="2742" WIDTH="2009" HEIGHT="54">
						<String ID="P27_ST00318" HPOS="115" VPOS="2742" WIDTH="252" HEIGHT="40" CONTENT="délivrance" WC="0.99" CC="0643010220"/>
						<SP ID="P27_SP00270" HPOS="367" VPOS="2782" WIDTH="23"/>
						<String ID="P27_ST00319" HPOS="390" VPOS="2744" WIDTH="53" HEIGHT="39" CONTENT="de" WC="0.79" CC="04"/>
						<SP ID="P27_SP00271" HPOS="443" VPOS="2783" WIDTH="23"/>
						<String ID="P27_ST00320" HPOS="466" VPOS="2742" WIDTH="131" HEIGHT="42" CONTENT="l'âme" WC="0.99" CC="41400"/>
						<SP ID="P27_SP00272" HPOS="597" VPOS="2784" WIDTH="20"/>
						<String ID="P27_ST00321" HPOS="617" VPOS="2750" WIDTH="129" HEIGHT="46" CONTENT="après" WC="0.98" CC="03070"/>
						<SP ID="P27_SP00273" HPOS="746" VPOS="2796" WIDTH="23"/>
						<String ID="P27_ST00322" HPOS="769" VPOS="2744" WIDTH="38" HEIGHT="40" CONTENT="la" WC="0.54" CC="35"/>
						<SP ID="P27_SP00274" HPOS="807" VPOS="2796" WIDTH="21"/>
						<String ID="P27_ST00323" HPOS="828" VPOS="2754" WIDTH="131" HEIGHT="40" CONTENT="mort," WC="0.99" CC="00043"/>
						<SP ID="P27_SP00275" HPOS="959" VPOS="2796" WIDTH="20"/>
						<String ID="P27_ST00324" HPOS="979" VPOS="2745" WIDTH="150" HEIGHT="40" CONTENT="donne" WC="1.00" CC="00000"/>
						<SP ID="P27_SP00276" HPOS="1129" VPOS="2796" WIDTH="22"/>
						<String ID="P27_ST00325" HPOS="1151" VPOS="2759" WIDTH="60" HEIGHT="26" CONTENT="un" WC="0.75" CC="40"/>
						<SP ID="P27_SP00277" HPOS="1211" VPOS="2796" WIDTH="20"/>
						<String ID="P27_ST00326" HPOS="1231" VPOS="2745" WIDTH="107" HEIGHT="51" CONTENT="plan" WC="1.00" CC="0000"/>
						<SP ID="P27_SP00278" HPOS="1338" VPOS="2796" WIDTH="24"/>
						<String ID="P27_ST00327" HPOS="1362" VPOS="2744" WIDTH="233" HEIGHT="52" CONTENT="beaucoup" WC="1.00" CC="00050060"/>
						<SP ID="P27_SP00279" HPOS="1595" VPOS="2796" WIDTH="19"/>
						<String ID="P27_ST00328" HPOS="1614" VPOS="2744" WIDTH="101" HEIGHT="51" CONTENT="plus" WC="1.00" CC="0100"/>
						<SP ID="P27_SP00280" HPOS="1715" VPOS="2796" WIDTH="21"/>
						<String ID="P27_ST00329" HPOS="1736" VPOS="2742" WIDTH="159" HEIGHT="52" CONTENT="simple" WC="1.00" CC="010030"/>
						<SP ID="P27_SP00281" HPOS="1895" VPOS="2796" WIDTH="15"/>
						<String ID="P27_ST00330" HPOS="1910" VPOS="2755" WIDTH="85" HEIGHT="39" CONTENT="que" WC="0.99" CC="002"/>
						<SP ID="P27_SP00282" HPOS="1995" VPOS="2796" WIDTH="20"/>
						<String ID="P27_ST00331" HPOS="2015" VPOS="2742" WIDTH="109" HEIGHT="40" CONTENT="celui" WC="0.98" CC="00605"/>
					</TextLine>
					<TextLine ID="P27_TL00039" HPOS="114" VPOS="2809" WIDTH="2014" HEIGHT="57">
						<String ID="P27_ST00332" HPOS="114" VPOS="2811" WIDTH="53" HEIGHT="39" CONTENT="de" WC="1.00" CC="00"/>
						<SP ID="P27_SP00283" HPOS="167" VPOS="2850" WIDTH="30"/>
						<String ID="P27_ST00333" HPOS="197" VPOS="2810" WIDTH="85" HEIGHT="40" CONTENT="Till" WC="0.89" CC="1010" STYLEREFS="TXT_3"/>
						<SP ID="P27_SP00284" HPOS="282" VPOS="2850" WIDTH="21"/>
						<String ID="P27_ST00334" HPOS="303" VPOS="2811" WIDTH="239" HEIGHT="55" CONTENT="VEspiègle" WC="0.73" CC="904500400" STYLEREFS="TXT_3"/>
						<SP ID="P27_SP00285" HPOS="542" VPOS="2866" WIDTH="23"/>
						<String ID="P27_ST00335" HPOS="565" VPOS="2826" WIDTH="57" HEIGHT="27" CONTENT="ou" WC="1.00" CC="00"/>
						<SP ID="P27_SP00286" HPOS="622" VPOS="2866" WIDTH="20"/>
						<String ID="P27_ST00336" HPOS="642" VPOS="2813" WIDTH="53" HEIGHT="39" CONTENT="de" WC="1.00" CC="00"/>
						<SP ID="P27_SP00287" HPOS="695" VPOS="2866" WIDTH="19"/>
						<String ID="P27_ST00337" HPOS="714" VPOS="2812" WIDTH="281" HEIGHT="40" CONTENT="Zarathustra" WC="0.88" CC="06001010200" STYLEREFS="TXT_3"/>
						<SP ID="P27_SP00288" HPOS="995" VPOS="2866" WIDTH="24"/>
						<String ID="P27_ST00338" HPOS="1019" VPOS="2828" WIDTH="8" HEIGHT="34" CONTENT=";" WC="0.12" CC="8"/>
						<SP ID="P27_SP00289" HPOS="1027" VPOS="2866" WIDTH="27"/>
						<String ID="P27_ST00339" HPOS="1054" VPOS="2822" WIDTH="42" HEIGHT="31" CONTENT="et" WC="0.80" CC="03"/>
						<SP ID="P27_SP00290" HPOS="1096" VPOS="2866" WIDTH="16"/>
						<String ID="P27_ST00340" HPOS="1112" VPOS="2813" WIDTH="40" HEIGHT="40" CONTENT="la" WC="0.95" CC="00"/>
						<SP ID="P27_SP00291" HPOS="1152" VPOS="2866" WIDTH="24"/>
						<String ID="P27_ST00341" HPOS="1176" VPOS="2814" WIDTH="234" HEIGHT="39" CONTENT="virtuosité" WC="0.99" CC="0302002066"/>
						<SP ID="P27_SP00292" HPOS="1410" VPOS="2866" WIDTH="23"/>
						<String ID="P27_ST00342" HPOS="1433" VPOS="2814" WIDTH="75" HEIGHT="50" CONTENT="qui" WC="0.98" CC="004"/>
						<SP ID="P27_SP00293" HPOS="1508" VPOS="2866" WIDTH="25"/>
						<String ID="P27_ST00343" HPOS="1533" VPOS="2812" WIDTH="163" HEIGHT="52" CONTENT="dépare" WC="1.00" CC="000000"/>
						<SP ID="P27_SP00294" HPOS="1696" VPOS="2866" WIDTH="23"/>
						<String ID="P27_ST00344" HPOS="1719" VPOS="2826" WIDTH="58" HEIGHT="25" CONTENT="un" WC="0.70" CC="05"/>
						<SP ID="P27_SP00295" HPOS="1777" VPOS="2866" WIDTH="20"/>
						<String ID="P27_ST00345" HPOS="1797" VPOS="2824" WIDTH="86" HEIGHT="38" CONTENT="peu" WC="0.98" CC="005"/>
						<SP ID="P27_SP00296" HPOS="1883" VPOS="2866" WIDTH="23"/>
						<String ID="P27_ST00346" HPOS="1906" VPOS="2810" WIDTH="39" HEIGHT="40" CONTENT="la" WC="1.00" CC="00"/>
						<SP ID="P27_SP00297" HPOS="1945" VPOS="2866" WIDTH="33"/>
						<String ID="P27_ST00347" HPOS="1978" VPOS="2809" WIDTH="73" HEIGHT="40" CONTENT="Vie" WC="0.98" CC="050" STYLEREFS="TXT_3"/>
						<SP ID="P27_SP00298" HPOS="2051" VPOS="2866" WIDTH="20"/>
						<String ID="P27_ST00348" HPOS="2071" VPOS="2810" WIDTH="57" HEIGHT="38" CONTENT="du" WC="0.56" CC="53" STYLEREFS="TXT_3"/>
					</TextLine>
					<TextLine ID="P27_TL00040" HPOS="112" VPOS="2878" WIDTH="2016" HEIGHT="55">
						<String ID="P27_ST00349" HPOS="112" VPOS="2878" WIDTH="142" HEIGHT="41" CONTENT="Héros" WC="0.99" CC="46000" STYLEREFS="TXT_3"/>
						<SP ID="P27_SP00299" HPOS="254" VPOS="2919" WIDTH="21"/>
						<String ID="P27_ST00350" HPOS="275" VPOS="2893" WIDTH="56" HEIGHT="27" CONTENT="ne" WC="0.68" CC="60"/>
						<SP ID="P27_SP00300" HPOS="331" VPOS="2920" WIDTH="22"/>
						<String ID="P27_ST00351" HPOS="353" VPOS="2894" WIDTH="47" HEIGHT="27" CONTENT="se" WC="0.90" CC="02"/>
						<SP ID="P27_SP00301" HPOS="400" VPOS="2921" WIDTH="17"/>
						<String ID="P27_ST00352" HPOS="417" VPOS="2890" WIDTH="233" HEIGHT="31" CONTENT="rencontre" WC="1.00" CC="000000004"/>
						<SP ID="P27_SP00302" HPOS="650" VPOS="2921" WIDTH="23"/>
						<String ID="P27_ST00353" HPOS="673" VPOS="2895" WIDTH="80" HEIGHT="38" CONTENT="pas" WC="1.00" CC="000"/>
						<SP ID="P27_SP00303" HPOS="753" VPOS="2933" WIDTH="23"/>
						<String ID="P27_ST00354" HPOS="776" VPOS="2883" WIDTH="69" HEIGHT="38" CONTENT="ici." WC="0.98" CC="2004"/>
						<SP ID="P27_SP00304" HPOS="845" VPOS="2933" WIDTH="18"/>
						<String ID="P27_ST00355" HPOS="863" VPOS="2881" WIDTH="87" HEIGHT="40" CONTENT="Dès" WC="0.96" CC="470"/>
						<SP ID="P27_SP00305" HPOS="950" VPOS="2933" WIDTH="24"/>
						<String ID="P27_ST00356" HPOS="974" VPOS="2881" WIDTH="40" HEIGHT="40" CONTENT="le" WC="0.85" CC="20"/>
						<SP ID="P27_SP00306" HPOS="1014" VPOS="2933" WIDTH="20"/>
						<String ID="P27_ST00357" HPOS="1034" VPOS="2881" WIDTH="152" HEIGHT="49" CONTENT="début," WC="0.99" CC="060062"/>
						<SP ID="P27_SP00307" HPOS="1186" VPOS="2933" WIDTH="23"/>
						<String ID="P27_ST00358" HPOS="1209" VPOS="2894" WIDTH="57" HEIGHT="27" CONTENT="on" WC="0.69" CC="06"/>
						<SP ID="P27_SP00308" HPOS="1266" VPOS="2933" WIDTH="23"/>
						<String ID="P27_ST00359" HPOS="1289" VPOS="2881" WIDTH="159" HEIGHT="40" CONTENT="devine" WC="1.00" CC="000000"/>
						<SP ID="P27_SP00309" HPOS="1448" VPOS="2933" WIDTH="23"/>
						<String ID="P27_ST00360" HPOS="1471" VPOS="2894" WIDTH="87" HEIGHT="27" CONTENT="une" WC="0.98" CC="600"/>
						<SP ID="P27_SP00310" HPOS="1558" VPOS="2933" WIDTH="16"/>
						<String ID="P27_ST00361" HPOS="1574" VPOS="2893" WIDTH="152" HEIGHT="28" CONTENT="œuvre" WC="1.00" CC="01000"/>
						<SP ID="P27_SP00311" HPOS="1726" VPOS="2933" WIDTH="23"/>
						<String ID="P27_ST00362" HPOS="1749" VPOS="2881" WIDTH="197" HEIGHT="38" CONTENT="sérieuse" WC="1.00" CC="10030000"/>
						<SP ID="P27_SP00312" HPOS="1946" VPOS="2933" WIDTH="30"/>
						<String ID="P27_ST00363" HPOS="1976" VPOS="2887" WIDTH="40" HEIGHT="32" CONTENT="et" WC="0.68" CC="06"/>
						<SP ID="P27_SP00313" HPOS="2016" VPOS="2933" WIDTH="18"/>
						<String ID="P27_ST00364" HPOS="2034" VPOS="2880" WIDTH="71" HEIGHT="38" CONTENT="sin" SUBS_TYPE="HypPart1" SUBS_CONTENT="sincère," WC="0.98" CC="046"/>
						<HYP HPOS="2105" VPOS="2880" WIDTH="23" CONTENT="-"/>
					</TextLine>
					<TextLine ID="P27_TL00041" HPOS="113" VPOS="2948" WIDTH="2014" HEIGHT="55">
						<String ID="P27_ST00365" HPOS="113" VPOS="2953" WIDTH="111" HEIGHT="45" CONTENT="cère," SUBS_TYPE="HypPart2" SUBS_CONTENT="sincère," WC="0.99" CC="07001"/>
						<SP ID="P27_SP00314" HPOS="224" VPOS="2998" WIDTH="21"/>
						<String ID="P27_ST00366" HPOS="245" VPOS="2953" WIDTH="22" HEIGHT="35" CONTENT="à" WC="0.75" CC="2"/>
						<SP ID="P27_SP00315" HPOS="267" VPOS="2998" WIDTH="25"/>
						<String ID="P27_ST00367" HPOS="292" VPOS="2963" WIDTH="47" HEIGHT="26" CONTENT="ce" WC="1.00" CC="00"/>
						<SP ID="P27_SP00316" HPOS="339" VPOS="2998" WIDTH="19"/>
						<String ID="P27_ST00368" HPOS="358" VPOS="2950" WIDTH="176" HEIGHT="51" CONTENT="rythme" WC="0.99" CC="055400"/>
						<SP ID="P27_SP00317" HPOS="534" VPOS="3001" WIDTH="31"/>
						<String ID="P27_ST00369" HPOS="565" VPOS="2949" WIDTH="179" HEIGHT="51" CONTENT="étouffé," WC="0.99" CC="55030063"/>
						<SP ID="P27_SP00318" HPOS="744" VPOS="3001" WIDTH="24"/>
						<String ID="P27_ST00370" HPOS="768" VPOS="2950" WIDTH="216" HEIGHT="48" CONTENT="haletant," WC="0.99" CC="004050354"/>
						<SP ID="P27_SP00319" HPOS="984" VPOS="3001" WIDTH="25"/>
						<String ID="P27_ST00371" HPOS="1009" VPOS="2963" WIDTH="175" HEIGHT="27" CONTENT="comme" WC="1.00" CC="00000"/>
						<SP ID="P27_SP00320" HPOS="1184" VPOS="3001" WIDTH="27"/>
						<String ID="P27_ST00372" HPOS="1211" VPOS="2950" WIDTH="40" HEIGHT="40" CONTENT="la" WC="1.00" CC="00"/>
						<SP ID="P27_SP00321" HPOS="1251" VPOS="3001" WIDTH="22"/>
						<String ID="P27_ST00373" HPOS="1273" VPOS="2951" WIDTH="270" HEIGHT="52" CONTENT="respiration" WC="1.00" CC="30004006200"/>
						<SP ID="P27_SP00322" HPOS="1543" VPOS="3003" WIDTH="23"/>
						<String ID="P27_ST00374" HPOS="1566" VPOS="2949" WIDTH="104" HEIGHT="41" CONTENT="d'un" WC="0.99" CC="0420"/>
						<SP ID="P27_SP00323" HPOS="1670" VPOS="3003" WIDTH="21"/>
						<String ID="P27_ST00375" HPOS="1691" VPOS="2948" WIDTH="191" HEIGHT="51" CONTENT="malade," WC="0.99" CC="0050004"/>
						<SP ID="P27_SP00324" HPOS="1882" VPOS="3003" WIDTH="35"/>
						<String ID="P27_ST00376" HPOS="1917" VPOS="2961" WIDTH="84" HEIGHT="39" CONTENT="que" WC="0.98" CC="040"/>
						<SP ID="P27_SP00325" HPOS="2001" VPOS="3003" WIDTH="39"/>
						<String ID="P27_ST00377" HPOS="2040" VPOS="2949" WIDTH="87" HEIGHT="38" CONTENT="suit" WC="0.99" CC="0005"/>
					</TextLine>
					<TextLine ID="P27_TL00042" HPOS="113" VPOS="3016" WIDTH="2014" HEIGHT="55">
						<String ID="P27_ST00378" HPOS="113" VPOS="3031" WIDTH="60" HEIGHT="26" CONTENT="un" WC="0.68" CC="06"/>
						<SP ID="P27_SP00326" HPOS="173" VPOS="3057" WIDTH="24"/>
						<String ID="P27_ST00379" HPOS="197" VPOS="3018" WIDTH="133" HEIGHT="40" CONTENT="chant" WC="1.00" CC="00000"/>
						<SP ID="P27_SP00327" HPOS="330" VPOS="3058" WIDTH="22"/>
						<String ID="P27_ST00380" HPOS="352" VPOS="3018" WIDTH="54" HEIGHT="40" CONTENT="de" WC="0.81" CC="03"/>
						<SP ID="P27_SP00328" HPOS="406" VPOS="3058" WIDTH="17"/>
						<String ID="P27_ST00381" HPOS="423" VPOS="3018" WIDTH="245" HEIGHT="47" CONTENT="clarinette," WC="1.00" CC="03004000404"/>
						<SP ID="P27_SP00329" HPOS="668" VPOS="3065" WIDTH="28"/>
						<String ID="P27_ST00382" HPOS="696" VPOS="3020" WIDTH="35" HEIGHT="39" CONTENT="si" WC="0.79" CC="04"/>
						<SP ID="P27_SP00330" HPOS="731" VPOS="3065" WIDTH="19"/>
						<String ID="P27_ST00383" HPOS="750" VPOS="3018" WIDTH="160" HEIGHT="53" CONTENT="simple" WC="0.99" CC="030040"/>
						<SP ID="P27_SP00331" HPOS="910" VPOS="3071" WIDTH="22"/>
						<String ID="P27_ST00384" HPOS="932" VPOS="3032" WIDTH="54" HEIGHT="27" CONTENT="en" WC="1.00" CC="00"/>
						<SP ID="P27_SP00332" HPOS="986" VPOS="3071" WIDTH="25"/>
						<String ID="P27_ST00385" HPOS="1011" VPOS="3032" WIDTH="47" HEIGHT="27" CONTENT="sa" WC="1.00" CC="00"/>
						<SP ID="P27_SP00333" HPOS="1058" VPOS="3071" WIDTH="24"/>
						<String ID="P27_ST00386" HPOS="1082" VPOS="3020" WIDTH="213" HEIGHT="39" CONTENT="tristesse." WC="1.00" CC="4010000004"/>
						<SP ID="P27_SP00334" HPOS="1295" VPOS="3071" WIDTH="28"/>
						<String ID="P27_ST00387" HPOS="1323" VPOS="3019" WIDTH="144" HEIGHT="52" CONTENT="Après" WC="0.99" CC="00070"/>
						<SP ID="P27_SP00335" HPOS="1467" VPOS="3071" WIDTH="32"/>
						<String ID="P27_ST00388" HPOS="1499" VPOS="3032" WIDTH="87" HEIGHT="27" CONTENT="une" WC="0.98" CC="600"/>
						<SP ID="P27_SP00336" HPOS="1586" VPOS="3071" WIDTH="23"/>
						<String ID="P27_ST00389" HPOS="1609" VPOS="3018" WIDTH="108" HEIGHT="40" CONTENT="lutte" WC="0.98" CC="07600"/>
						<SP ID="P27_SP00337" HPOS="1717" VPOS="3071" WIDTH="37"/>
						<String ID="P27_ST00390" HPOS="1754" VPOS="3024" WIDTH="57" HEIGHT="33" CONTENT="où" WC="0.60" CC="08"/>
						<SP ID="P27_SP00338" HPOS="1811" VPOS="3071" WIDTH="24"/>
						<String ID="P27_ST00391" HPOS="1835" VPOS="3017" WIDTH="230" HEIGHT="40" CONTENT="s'acharne" WC="1.00" CC="020000040"/>
						<SP ID="P27_SP00339" HPOS="2065" VPOS="3071" WIDTH="23"/>
						<String ID="P27_ST00392" HPOS="2088" VPOS="3016" WIDTH="39" HEIGHT="39" CONTENT="le" WC="0.50" CC="54"/>
					</TextLine>
					<TextLine ID="P27_TL00043" HPOS="113" VPOS="3085" WIDTH="2013" HEIGHT="53">
						<String ID="P27_ST00393" HPOS="113" VPOS="3085" WIDTH="180" HEIGHT="41" CONTENT="sombre" WC="1.00" CC="000000"/>
						<SP ID="P27_SP00340" HPOS="293" VPOS="3126" WIDTH="19"/>
						<String ID="P27_ST00394" HPOS="312" VPOS="3086" WIDTH="134" HEIGHT="40" CONTENT="motif" WC="0.99" CC="00600"/>
						<SP ID="P27_SP00341" HPOS="446" VPOS="3126" WIDTH="17"/>
						<String ID="P27_ST00395" HPOS="463" VPOS="3087" WIDTH="54" HEIGHT="41" CONTENT="de" WC="1.00" CC="00"/>
						<SP ID="P27_SP00342" HPOS="517" VPOS="3128" WIDTH="24"/>
						<String ID="P27_ST00396" HPOS="541" VPOS="3088" WIDTH="40" HEIGHT="40" CONTENT="la" WC="1.00" CC="00"/>
						<SP ID="P27_SP00343" HPOS="581" VPOS="3128" WIDTH="24"/>
						<String ID="P27_ST00397" HPOS="605" VPOS="3087" WIDTH="134" HEIGHT="49" CONTENT="Mort," WC="1.00" CC="00000"/>
						<SP ID="P27_SP00344" HPOS="739" VPOS="3136" WIDTH="26"/>
						<String ID="P27_ST00398" HPOS="765" VPOS="3087" WIDTH="39" HEIGHT="40" CONTENT="le" WC="0.77" CC="40"/>
						<SP ID="P27_SP00345" HPOS="804" VPOS="3136" WIDTH="23"/>
						<String ID="P27_ST00399" HPOS="827" VPOS="3088" WIDTH="140" HEIGHT="40" CONTENT="calme" WC="0.99" CC="00603"/>
						<SP ID="P27_SP00346" HPOS="967" VPOS="3136" WIDTH="24"/>
						<String ID="P27_ST00400" HPOS="991" VPOS="3089" WIDTH="183" HEIGHT="46" CONTENT="revient," WC="0.99" CC="00030054"/>
						<SP ID="P27_SP00347" HPOS="1174" VPOS="3136" WIDTH="23"/>
						<String ID="P27_ST00401" HPOS="1197" VPOS="3103" WIDTH="60" HEIGHT="25" CONTENT="un" WC="0.30" CC="66"/>
						<SP ID="P27_SP00348" HPOS="1257" VPOS="3136" WIDTH="34"/>
						<String ID="P27_ST00402" HPOS="1291" VPOS="3088" WIDTH="148" HEIGHT="40" CONTENT="thème" WC="0.99" CC="41000"/>
						<SP ID="P27_SP00349" HPOS="1439" VPOS="3136" WIDTH="33"/>
						<String ID="P27_ST00403" HPOS="1472" VPOS="3093" WIDTH="87" HEIGHT="35" CONTENT="très" WC="1.00" CC="0000"/>
						<SP ID="P27_SP00350" HPOS="1559" VPOS="3136" WIDTH="22"/>
						<String ID="P27_ST00404" HPOS="1581" VPOS="3087" WIDTH="117" HEIGHT="40" CONTENT="doux" WC="0.99" CC="0042"/>
						<SP ID="P27_SP00351" HPOS="1698" VPOS="3136" WIDTH="24"/>
						<String ID="P27_ST00405" HPOS="1722" VPOS="3092" WIDTH="173" HEIGHT="46" CONTENT="évoque" WC="0.99" CC="604004"/>
						<SP ID="P27_SP00352" HPOS="1895" VPOS="3138" WIDTH="38"/>
						<String ID="P27_ST00406" HPOS="1933" VPOS="3086" WIDTH="62" HEIGHT="39" CONTENT="les" WC="0.98" CC="500"/>
						<SP ID="P27_SP00353" HPOS="1995" VPOS="3138" WIDTH="30"/>
						<String ID="P27_ST00407" HPOS="2025" VPOS="3098" WIDTH="76" HEIGHT="27" CONTENT="sou" SUBS_TYPE="HypPart1" SUBS_CONTENT="souvenirs" WC="0.98" CC="400"/>
						<HYP HPOS="2101" VPOS="3098" WIDTH="25" CONTENT="-"/>
					</TextLine>
					<TextLine ID="P27_TL00044" HPOS="110" VPOS="3154" WIDTH="2014" HEIGHT="54">
						<String ID="P27_ST00408" HPOS="110" VPOS="3158" WIDTH="150" HEIGHT="38" CONTENT="venirs" SUBS_TYPE="HypPart2" SUBS_CONTENT="souvenirs" WC="0.99" CC="004200"/>
						<SP ID="P27_SP00354" HPOS="260" VPOS="3196" WIDTH="20"/>
						<String ID="P27_ST00409" HPOS="280" VPOS="3154" WIDTH="246" HEIGHT="51" CONTENT="d'enfance," WC="1.00" CC="0200000004"/>
						<SP ID="P27_SP00355" HPOS="526" VPOS="3205" WIDTH="24"/>
						<String ID="P27_ST00410" HPOS="550" VPOS="3158" WIDTH="100" HEIGHT="50" CONTENT="puis" WC="0.97" CC="0760"/>
						<SP ID="P27_SP00356" HPOS="650" VPOS="3208" WIDTH="25"/>
						<String ID="P27_ST00411" HPOS="675" VPOS="3154" WIDTH="226" HEIGHT="51" CONTENT="s'affirme," WC="0.99" CC="0202113604"/>
						<SP ID="P27_SP00357" HPOS="901" VPOS="3208" WIDTH="28"/>
						<String ID="P27_ST00412" HPOS="929" VPOS="3158" WIDTH="177" HEIGHT="39" CONTENT="devient" WC="0.99" CC="0000056"/>
						<SP ID="P27_SP00358" HPOS="1106" VPOS="3208" WIDTH="35"/>
						<String ID="P27_ST00413" HPOS="1141" VPOS="3155" WIDTH="80" HEIGHT="42" CONTENT="fier" WC="0.98" CC="3300"/>
						<SP ID="P27_SP00359" HPOS="1221" VPOS="3208" WIDTH="22"/>
						<String ID="P27_ST00414" HPOS="1243" VPOS="3170" WIDTH="175" HEIGHT="27" CONTENT="comme" WC="1.00" CC="00000"/>
						<SP ID="P27_SP00360" HPOS="1418" VPOS="3208" WIDTH="22"/>
						<String ID="P27_ST00415" HPOS="1440" VPOS="3171" WIDTH="58" HEIGHT="26" CONTENT="un" WC="0.77" CC="40"/>
						<SP ID="P27_SP00361" HPOS="1498" VPOS="3208" WIDTH="37"/>
						<String ID="P27_ST00416" HPOS="1535" VPOS="3156" WIDTH="133" HEIGHT="40" CONTENT="héros" WC="1.00" CC="00000"/>
						<SP ID="P27_SP00362" HPOS="1668" VPOS="3208" WIDTH="24"/>
						<String ID="P27_ST00417" HPOS="1692" VPOS="3158" WIDTH="75" HEIGHT="50" CONTENT="qui" WC="0.96" CC="064"/>
						<SP ID="P27_SP00363" HPOS="1767" VPOS="3208" WIDTH="32"/>
						<String ID="P27_ST00418" HPOS="1799" VPOS="3154" WIDTH="181" HEIGHT="40" CONTENT="marche" WC="1.00" CC="050000"/>
						<SP ID="P27_SP00364" HPOS="1980" VPOS="3208" WIDTH="43"/>
						<String ID="P27_ST00419" HPOS="2023" VPOS="3158" WIDTH="21" HEIGHT="35" CONTENT="à" WC="0.80" CC="1"/>
						<SP ID="P27_SP00365" HPOS="2044" VPOS="3208" WIDTH="42"/>
						<String ID="P27_ST00420" HPOS="2086" VPOS="3154" WIDTH="38" HEIGHT="39" CONTENT="la" WC="1.00" CC="00"/>
					</TextLine>
					<TextLine ID="P27_TL00045" HPOS="112" VPOS="3224" WIDTH="2014" HEIGHT="55">
						<String ID="P27_ST00421" HPOS="112" VPOS="3228" WIDTH="219" HEIGHT="47" CONTENT="conquête" WC="0.99" CC="00500560"/>
						<SP ID="P27_SP00366" HPOS="331" VPOS="3275" WIDTH="24"/>
						<String ID="P27_ST00422" HPOS="355" VPOS="3225" WIDTH="52" HEIGHT="40" CONTENT="de" WC="1.00" CC="00"/>
						<SP ID="P27_SP00367" HPOS="407" VPOS="3275" WIDTH="19"/>
						<String ID="P27_ST00423" HPOS="426" VPOS="3226" WIDTH="39" HEIGHT="39" CONTENT="la" WC="1.00" CC="00"/>
						<SP ID="P27_SP00368" HPOS="465" VPOS="3275" WIDTH="21"/>
						<String ID="P27_ST00424" HPOS="486" VPOS="3227" WIDTH="85" HEIGHT="39" CONTENT="vie." WC="0.99" CC="0003"/>
						<SP ID="P27_SP00369" HPOS="571" VPOS="3275" WIDTH="26"/>
						<String ID="P27_ST00425" HPOS="597" VPOS="3225" WIDTH="117" HEIGHT="41" CONTENT="Mais" WC="0.99" CC="0040"/>
						<SP ID="P27_SP00370" HPOS="714" VPOS="3275" WIDTH="24"/>
						<String ID="P27_ST00426" HPOS="738" VPOS="3226" WIDTH="38" HEIGHT="39" CONTENT="la" WC="1.00" CC="00"/>
						<SP ID="P27_SP00371" HPOS="776" VPOS="3275" WIDTH="25"/>
						<String ID="P27_ST00427" HPOS="801" VPOS="3224" WIDTH="119" HEIGHT="43" CONTENT="Mort" WC="0.99" CC="0003"/>
						<SP ID="P27_SP00372" HPOS="920" VPOS="3275" WIDTH="14"/>
						<String ID="P27_ST00428" HPOS="934" VPOS="3228" WIDTH="265" HEIGHT="51" CONTENT="interrompt" WC="0.99" CC="2500220004"/>
						<SP ID="P27_SP00373" HPOS="1199" VPOS="3279" WIDTH="24"/>
						<String ID="P27_ST00429" HPOS="1223" VPOS="3241" WIDTH="46" HEIGHT="26" CONTENT="ce" WC="0.65" CC="70"/>
						<SP ID="P27_SP00374" HPOS="1269" VPOS="3279" WIDTH="25"/>
						<String ID="P27_ST00430" HPOS="1294" VPOS="3231" WIDTH="114" HEIGHT="47" CONTENT="rêve," WC="0.98" CC="07004"/>
						<SP ID="P27_SP00375" HPOS="1408" VPOS="3279" WIDTH="27"/>
						<String ID="P27_ST00431" HPOS="1435" VPOS="3226" WIDTH="106" HEIGHT="41" CONTENT="d'un" WC="0.99" CC="0060"/>
						<SP ID="P27_SP00376" HPOS="1541" VPOS="3279" WIDTH="23"/>
						<String ID="P27_ST00432" HPOS="1564" VPOS="3239" WIDTH="114" HEIGHT="39" CONTENT="coup" WC="0.98" CC="0070"/>
						<SP ID="P27_SP00377" HPOS="1678" VPOS="3279" WIDTH="32"/>
						<String ID="P27_ST00433" HPOS="1710" VPOS="3227" WIDTH="54" HEIGHT="39" CONTENT="de" WC="0.87" CC="02"/>
						<SP ID="P27_SP00378" HPOS="1764" VPOS="3279" WIDTH="38"/>
						<String ID="P27_ST00434" HPOS="1802" VPOS="3240" WIDTH="124" HEIGHT="36" CONTENT="gong-" WC="0.97" CC="70474"/>
						<SP ID="P27_SP00379" HPOS="1926" VPOS="3279" WIDTH="22"/>
						<String ID="P27_ST00435" HPOS="1948" VPOS="3227" WIDTH="178" HEIGHT="39" CONTENT="sinistre" WC="0.99" CC="33030600"/>
					</TextLine>
					<TextLine ID="P27_TL00046" HPOS="113" VPOS="3294" WIDTH="2011" HEIGHT="53">
						<String ID="P27_ST00436" HPOS="113" VPOS="3307" WIDTH="85" HEIGHT="39" CONTENT="que" WC="0.98" CC="040"/>
						<SP ID="P27_SP00380" HPOS="198" VPOS="3346" WIDTH="23"/>
						<String ID="P27_ST00437" HPOS="221" VPOS="3295" WIDTH="88" HEIGHT="38" CONTENT="suit" WC="0.98" CC="4040"/>
						<SP ID="P27_SP00381" HPOS="309" VPOS="3346" WIDTH="23"/>
						<String ID="P27_ST00438" HPOS="332" VPOS="3307" WIDTH="87" HEIGHT="27" CONTENT="une" WC="0.98" CC="050"/>
						<SP ID="P27_SP00382" HPOS="419" VPOS="3346" WIDTH="20"/>
						<String ID="P27_ST00439" HPOS="439" VPOS="3303" WIDTH="152" HEIGHT="31" CONTENT="courte" WC="0.99" CC="016060"/>
						<SP ID="P27_SP00383" HPOS="591" VPOS="3346" WIDTH="22"/>
						<String ID="P27_ST00440" HPOS="613" VPOS="3295" WIDTH="281" HEIGHT="52" CONTENT="déploration" WC="0.81" CC="06031000305"/>
						<SP ID="P27_SP00384" HPOS="894" VPOS="3347" WIDTH="18"/>
						<String ID="P27_ST00441" HPOS="912" VPOS="3294" WIDTH="202" HEIGHT="42" CONTENT="funèbre." WC="0.99" CC="30680003"/>
						<SP ID="P27_SP00385" HPOS="1114" VPOS="3347" WIDTH="19"/>
						<String ID="P27_ST00442" HPOS="1133" VPOS="3295" WIDTH="56" HEIGHT="41" CONTENT="Et" WC="1.00" CC="00"/>
						<SP ID="P27_SP00386" HPOS="1189" VPOS="3347" WIDTH="24"/>
						<String ID="P27_ST00443" HPOS="1213" VPOS="3296" WIDTH="118" HEIGHT="41" CONTENT="alors" WC="1.00" CC="00000"/>
						<SP ID="P27_SP00387" HPOS="1331" VPOS="3347" WIDTH="21"/>
						<String ID="P27_ST00444" HPOS="1352" VPOS="3294" WIDTH="175" HEIGHT="51" CONTENT="s'élève," WC="0.99" CC="04850004"/>
						<SP ID="P27_SP00388" HPOS="1527" VPOS="3347" WIDTH="32"/>
						<String ID="P27_ST00445" HPOS="1559" VPOS="3309" WIDTH="55" HEIGHT="26" CONTENT="en" WC="1.00" CC="00"/>
						<SP ID="P27_SP00389" HPOS="1614" VPOS="3347" WIDTH="23"/>
						<String ID="P27_ST00446" HPOS="1637" VPOS="3309" WIDTH="87" HEIGHT="26" CONTENT="une" WC="0.97" CC="700"/>
						<SP ID="P27_SP00390" HPOS="1724" VPOS="3347" WIDTH="44"/>
						<String ID="P27_ST00447" HPOS="1768" VPOS="3297" WIDTH="236" HEIGHT="38" CONTENT="ascension" WC="1.00" CC="000000000"/>
						<SP ID="P27_SP00391" HPOS="2004" VPOS="3347" WIDTH="31"/>
						<String ID="P27_ST00448" HPOS="2035" VPOS="3295" WIDTH="67" HEIGHT="51" CONTENT="pai" SUBS_TYPE="HypPart1" SUBS_CONTENT="paisible" WC="0.99" CC="003"/>
						<HYP HPOS="2102" VPOS="3295" WIDTH="22" CONTENT="-"/>
					</TextLine>
					<TextLine ID="P27_TL00047" HPOS="113" VPOS="3362" WIDTH="2013" HEIGHT="54">
						<String ID="P27_ST00449" HPOS="113" VPOS="3362" WIDTH="112" HEIGHT="40" CONTENT="sible" SUBS_TYPE="HypPart2" SUBS_CONTENT="paisible" WC="0.99" CC="04010"/>
						<SP ID="P27_SP00392" HPOS="225" VPOS="3402" WIDTH="23"/>
						<String ID="P27_ST00450" HPOS="248" VPOS="3371" WIDTH="41" HEIGHT="31" CONTENT="et" WC="0.67" CC="06"/>
						<SP ID="P27_SP00393" HPOS="289" VPOS="3402" WIDTH="24"/>
						<String ID="P27_ST00451" HPOS="313" VPOS="3368" WIDTH="117" HEIGHT="41" CONTENT="sûre," WC="0.99" CC="07000"/>
						<SP ID="P27_SP00394" HPOS="430" VPOS="3409" WIDTH="26"/>
						<String ID="P27_ST00452" HPOS="456" VPOS="3378" WIDTH="60" HEIGHT="25" CONTENT="un" WC="1.00" CC="00"/>
						<SP ID="P27_SP00395" HPOS="516" VPOS="3409" WIDTH="25"/>
						<String ID="P27_ST00453" HPOS="541" VPOS="3363" WIDTH="248" HEIGHT="40" CONTENT="admirable" WC="1.00" CC="000200020"/>
						<SP ID="P27_SP00396" HPOS="789" VPOS="3409" WIDTH="20"/>
						<String ID="P27_ST00454" HPOS="809" VPOS="3363" WIDTH="133" HEIGHT="41" CONTENT="motif" WC="1.00" CC="00000"/>
						<SP ID="P27_SP00397" HPOS="942" VPOS="3409" WIDTH="24"/>
						<String ID="P27_ST00455" HPOS="966" VPOS="3364" WIDTH="307" HEIGHT="52" CONTENT="d'apothéose," WC="1.00" CC="040002460004"/>
						<SP ID="P27_SP00398" HPOS="1273" VPOS="3416" WIDTH="23"/>
						<String ID="P27_ST00456" HPOS="1296" VPOS="3378" WIDTH="87" HEIGHT="38" CONTENT="que" WC="0.98" CC="060"/>
						<SP ID="P27_SP00399" HPOS="1383" VPOS="3416" WIDTH="24"/>
						<String ID="P27_ST00457" HPOS="1407" VPOS="3362" WIDTH="88" HEIGHT="43" CONTENT="l'on" WC="0.98" CC="0404"/>
						<SP ID="P27_SP00400" HPOS="1495" VPOS="3416" WIDTH="43"/>
						<String ID="P27_ST00458" HPOS="1538" VPOS="3366" WIDTH="109" HEIGHT="38" CONTENT="croit" WC="0.99" CC="00005"/>
						<SP ID="P27_SP00401" HPOS="1647" VPOS="3416" WIDTH="44"/>
						<String ID="P27_ST00459" HPOS="1691" VPOS="3366" WIDTH="96" HEIGHT="38" CONTENT="voir" WC="0.99" CC="0040"/>
						<SP ID="P27_SP00402" HPOS="1787" VPOS="3416" WIDTH="37"/>
						<String ID="P27_ST00460" HPOS="1824" VPOS="3363" WIDTH="157" HEIGHT="52" CONTENT="planer" WC="1.00" CC="000000"/>
						<SP ID="P27_SP00403" HPOS="1981" VPOS="3416" WIDTH="34"/>
						<String ID="P27_ST00461" HPOS="2015" VPOS="3363" WIDTH="111" HEIGHT="39" CONTENT="dans" WC="1.00" CC="0001"/>
					</TextLine>
					<TextLine ID="P27_TL00048" HPOS="113" VPOS="3429" WIDTH="2011" HEIGHT="57">
						<String ID="P27_ST00462" HPOS="113" VPOS="3432" WIDTH="40" HEIGHT="39" CONTENT="la" WC="0.75" CC="40"/>
						<SP ID="P27_SP00404" HPOS="153" VPOS="3471" WIDTH="22"/>
						<String ID="P27_ST00463" HPOS="175" VPOS="3431" WIDTH="186" HEIGHT="40" CONTENT="lumière" WC="0.99" CC="0600700"/>
						<SP ID="P27_SP00405" HPOS="361" VPOS="3471" WIDTH="22"/>
						<String ID="P27_ST00464" HPOS="383" VPOS="3431" WIDTH="179" HEIGHT="41" CONTENT="blonde." WC="0.99" CC="0004004"/>
						<SP ID="P27_SP00406" HPOS="562" VPOS="3472" WIDTH="28"/>
						<String ID="P27_ST00465" HPOS="590" VPOS="3431" WIDTH="123" HEIGHT="42" CONTENT="Telle" WC="0.99" CC="03220"/>
						<SP ID="P27_SP00407" HPOS="713" VPOS="3473" WIDTH="20"/>
						<String ID="P27_ST00466" HPOS="733" VPOS="3441" WIDTH="65" HEIGHT="31" CONTENT="est" WC="1.00" CC="000"/>
						<SP ID="P27_SP00408" HPOS="798" VPOS="3473" WIDTH="24"/>
						<String ID="P27_ST00467" HPOS="822" VPOS="3432" WIDTH="183" HEIGHT="41" CONTENT="l'œuvre" WC="1.00" CC="1003000"/>
						<SP ID="P27_SP00409" HPOS="1005" VPOS="3473" WIDTH="25"/>
						<String ID="P27_ST00468" HPOS="1030" VPOS="3447" WIDTH="9" HEIGHT="34" CONTENT=";" WC="0.43" CC="5"/>
						<SP ID="P27_SP00410" HPOS="1039" VPOS="3481" WIDTH="33"/>
						<String ID="P27_ST00469" HPOS="1072" VPOS="3446" WIDTH="57" HEIGHT="27" CONTENT="on" WC="0.74" CC="05"/>
						<SP ID="P27_SP00411" HPOS="1129" VPOS="3481" WIDTH="25"/>
						<String ID="P27_ST00470" HPOS="1154" VPOS="3441" WIDTH="97" HEIGHT="33" CONTENT="sent" WC="0.99" CC="0006"/>
						<SP ID="P27_SP00412" HPOS="1251" VPOS="3481" WIDTH="24"/>
						<String ID="P27_ST00471" HPOS="1275" VPOS="3446" WIDTH="85" HEIGHT="40" CONTENT="que" WC="0.98" CC="040"/>
						<SP ID="P27_SP00413" HPOS="1360" VPOS="3486" WIDTH="20"/>
						<String ID="P27_ST00472" HPOS="1380" VPOS="3432" WIDTH="190" HEIGHT="41" CONTENT="l'auteur" WC="1.00" CC="02006000"/>
						<SP ID="P27_SP00414" HPOS="1570" VPOS="3486" WIDTH="20"/>
						<String ID="P27_ST00473" HPOS="1590" VPOS="3447" WIDTH="26" HEIGHT="38" CONTENT="y" WC="0.22" CC="7"/>
						<SP ID="P27_SP00415" HPOS="1616" VPOS="3486" WIDTH="24"/>
						<String ID="P27_ST00474" HPOS="1640" VPOS="3446" WIDTH="21" HEIGHT="25" CONTENT="a" WC="1.00" CC="0"/>
						<SP ID="P27_SP00416" HPOS="1661" VPOS="3486" WIDTH="35"/>
						<String ID="P27_ST00475" HPOS="1696" VPOS="3433" WIDTH="84" HEIGHT="38" CONTENT="mis" WC="1.00" CC="000"/>
						<SP ID="P27_SP00417" HPOS="1780" VPOS="3486" WIDTH="25"/>
						<String ID="P27_ST00476" HPOS="1805" VPOS="3440" WIDTH="121" HEIGHT="32" CONTENT="toute" WC="0.98" CC="40045"/>
						<SP ID="P27_SP00418" HPOS="1926" VPOS="3486" WIDTH="36"/>
						<String ID="P27_ST00477" HPOS="1962" VPOS="3445" WIDTH="46" HEIGHT="26" CONTENT="sa" WC="1.00" CC="00"/>
						<SP ID="P27_SP00419" HPOS="2008" VPOS="3486" WIDTH="40"/>
						<String ID="P27_ST00478" HPOS="2048" VPOS="3429" WIDTH="76" HEIGHT="47" CONTENT="foi," WC="0.98" CC="2023"/>
					</TextLine>
					<TextLine ID="P27_TL00049" HPOS="113" VPOS="3499" WIDTH="2013" HEIGHT="54">
						<String ID="P27_ST00479" HPOS="113" VPOS="3509" WIDTH="40" HEIGHT="31" CONTENT="et" WC="0.71" CC="05"/>
						<SP ID="P27_SP00420" HPOS="153" VPOS="3540" WIDTH="24"/>
						<String ID="P27_ST00480" HPOS="177" VPOS="3500" WIDTH="76" HEIGHT="40" CONTENT="nul" WC="0.95" CC="606"/>
						<SP ID="P27_SP00421" HPOS="253" VPOS="3540" WIDTH="22"/>
						<String ID="P27_ST00481" HPOS="275" VPOS="3514" WIDTH="54" HEIGHT="26" CONTENT="ne" WC="0.67" CC="60"/>
						<SP ID="P27_SP00422" HPOS="329" VPOS="3540" WIDTH="22"/>
						<String ID="P27_ST00482" HPOS="351" VPOS="3509" WIDTH="104" HEIGHT="44" CONTENT="peut" WC="0.98" CC="0061"/>
						<SP ID="P27_SP00423" HPOS="455" VPOS="3553" WIDTH="16"/>
						<String ID="P27_ST00483" HPOS="471" VPOS="3500" WIDTH="102" HEIGHT="40" CONTENT="n'en" WC="0.97" CC="5406"/>
						<SP ID="P27_SP00424" HPOS="573" VPOS="3553" WIDTH="19"/>
						<String ID="P27_ST00484" HPOS="592" VPOS="3505" WIDTH="91" HEIGHT="36" CONTENT="être" WC="0.97" CC="6600"/>
						<SP ID="P27_SP00425" HPOS="683" VPOS="3553" WIDTH="19"/>
						<String ID="P27_ST00485" HPOS="702" VPOS="3514" WIDTH="81" HEIGHT="39" CONTENT="pas" WC="1.00" CC="000"/>
						<SP ID="P27_SP00426" HPOS="783" VPOS="3553" WIDTH="20"/>
						<String ID="P27_ST00486" HPOS="803" VPOS="3504" WIDTH="117" HEIGHT="37" CONTENT="ému." WC="0.97" CC="6054"/>
						<SP ID="P27_SP00427" HPOS="920" VPOS="3553" WIDTH="19"/>
						<String ID="P27_ST00487" HPOS="939" VPOS="3499" WIDTH="65" HEIGHT="42" CONTENT="La" WC="0.86" CC="20"/>
						<SP ID="P27_SP00428" HPOS="1004" VPOS="3553" WIDTH="25"/>
						<String ID="P27_ST00488" HPOS="1029" VPOS="3502" WIDTH="192" HEIGHT="40" CONTENT="mélodie" WC="1.00" CC="0030000"/>
						<SP ID="P27_SP00429" HPOS="1221" VPOS="3553" WIDTH="24"/>
						<String ID="P27_ST00489" HPOS="1245" VPOS="3516" WIDTH="21" HEIGHT="26" CONTENT="a" WC="1.00" CC="0"/>
						<SP ID="P27_SP00430" HPOS="1266" VPOS="3553" WIDTH="39"/>
						<String ID="P27_ST00490" HPOS="1305" VPOS="3515" WIDTH="87" HEIGHT="27" CONTENT="une" WC="0.98" CC="050"/>
						<SP ID="P27_SP00431" HPOS="1392" VPOS="3553" WIDTH="22"/>
						<String ID="P27_ST00491" HPOS="1414" VPOS="3503" WIDTH="211" HEIGHT="39" CONTENT="intensité" WC="0.99" CC="306000330"/>
						<SP ID="P27_SP00432" HPOS="1625" VPOS="3553" WIDTH="29"/>
						<String ID="P27_ST00492" HPOS="1654" VPOS="3500" WIDTH="305" HEIGHT="53" CONTENT="d'expression" WC="1.00" CC="020000004200"/>
						<SP ID="P27_SP00433" HPOS="1959" VPOS="3553" WIDTH="31"/>
						<String ID="P27_ST00493" HPOS="1990" VPOS="3499" WIDTH="136" HEIGHT="49" CONTENT="digne" WC="0.98" CC="03900"/>
					</TextLine>
				</TextBlock>
				<ComposedBlock ID="P27_CB00001" HPOS="143" VPOS="493" WIDTH="852" HEIGHT="701" STYLEREFS="TXT_5 PAR_LEFT" TYPE="Illustration">
					<GraphicalElement ID="P27_CB00001_SUB" HPOS="143" VPOS="493" WIDTH="852" HEIGHT="701"/>
				</ComposedBlock>
			</PrintSpace>
		</Page>
	</Layout>
</alto>
