2240 3718
650 182 146 27 COURS
831 174 312 35 ÉLÉMENTAIRE
1176 185 57 25 DE
1268 184 313 27 CONTREPOINT

2087 186 39 37 51

120 279 93 38 leur
232 275 108 41 total
366 279 20 35 à
420 281 89 47 sept
515 307 8 17 ,
550 275 190 41 nombre
763 275 286 53 symbolique
1080 276 140 41 choisi
1255 287 88 31 très
1382 276 346 53 probablement
1770 282 21 35 à
1825 278 193 40 dessein.
2065 278 68 41 Au

120 345 193 52 surplus,
340 352 110 31 cette
473 345 239 50 répétition
734 353 65 32 est
813 343 192 54 justifiée
1019 359 80 38 par
1119 345 38 40 le
1171 352 221 35 caractère
1411 345 54 41 de
1486 359 70 27 ces
1580 347 111 39 deux
1712 346 206 52 périodes
1942 347 50 50 [A
2020 352 37 33 et
2078 345 57 55 B)

121 414 73 52 qui
215 426 45 26 se
280 410 199 42 suffisent
503 416 19 35 à
547 412 306 41 elles-mêmes
875 421 41 32 et
936 411 195 42 forment
1166 428 61 26 un
1248 422 94 33 tout
1375 414 209 52 complet,
1611 422 118 33 sorte
1752 414 53 39 de
1829 414 211 52 synthèse
2081 414 53 40 de

120 483 195 39 l'œuvre.

179 550 64 40 Au
259 551 126 51 point
408 550 54 40 de
477 563 85 27 vue
585 550 319 52 spécialement
933 552 240 54 mélodique
1194 550 233 54 (relations
1451 550 189 42 d'acuité
1660 551 77 39 des
1770 550 142 52 sons),
1930 565 114 27 nous
2079 564 55 27 ne

122 617 205 42 saurions
352 627 96 43 trop
477 620 181 39 insister
679 633 76 26 sur
778 619 40 40 la
843 623 282 49 proportion,
1149 628 330 33 constamment
1501 622 260 38 maintenue
1783 618 113 41 dans
1914 632 45 28 ce
1984 618 147 48 thème,

119 696 120 32 entre
263 688 63 39 les
348 688 257 40 intervalles
630 689 223 51 conjoints
874 697 40 32 et
938 689 223 53 disjoints,
1185 698 124 31 entre
1329 689 65 40 les
1417 688 217 41 formules
1653 689 295 40 ascendantes
1968 698 41 31 et
2034 689 75 39 des-

122 757 255 40 cendantes.

177 825 63 40 De
260 834 111 31 cette
387 828 280 50 proportion,
687 827 54 40 de
761 835 65 32 cet
852 825 237 54 équilibre,
1117 827 164 40 résulte
1305 826 373 53 principalement
1702 825 40 40 la
1766 825 161 41 beauté
1947 825 161 40 mélodi-

122 908 99 39 que,
246 895 193 52 laquelle
473 909 56 26 ne
559 897 170 39 saurait
756 909 79 39 pas
869 896 101 52 plus
1013 897 218 39 consister
1260 909 54 26 en
1350 896 281 39 successions
1669 896 381 50 ininterrompues
2083 894 52 39 de

120 972 127 31 notes
263 965 197 39 voisines
483 964 389 52 diatoniquement
889 964 75 52 (ou
979 963 470 53 chromatiquement),
1470 963 133 53 qu'en
1623 964 333 51 déplacements
1976 967 132 47 perpé-

122 1032 113 40 tuels
258 1032 53 40 de
329 1034 148 48 tierce,
503 1042 158 43 quarte
685 1048 57 26 ou
758 1034 257 40 intervalles
1035 1034 100 52 plus
1151 1034 188 50 grands,
1362 1034 249 40 détruisant
1636 1041 121 32 toute
1775 1032 215 41 cohésion
2012 1041 123 30 entre

122 1102 63 38 les
206 1115 121 27 sons.

353 1185 56 26 au
429 1172 125 51 point
578 1171 53 40 de
647 1185 84 26 vue
764 1172 118 39 tonal
890 1204 6 12 ,
916 1172 39 39 la
978 1172 216 40 tendance
1234 1171 206 40 distincte
1463 1179 42 32 et
1524 1170 395 52 complémentaire
1944 1170 52 40 de
2033 1170 78 40 cha-

124 1252 111 26 cune
253 1239 78 40 des
350 1240 206 51 périodes
577 1241 53 38 de
654 1254 46 26 ce
732 1241 150 39 choral
920 1239 186 41 suffirait
1138 1244 22 35 à
1185 1240 40 39 le
1248 1240 165 39 classer
1436 1253 55 26 au
1512 1241 193 50 premier
1734 1253 112 35 rang
1888 1241 144 49 parmi
2071 1239 62 40 les

124 1307 216 40 mélodies
360 1308 54 39 de
430 1322 47 25 ce
493 1322 138 36 genre
656 1324 7 25 :
689 1309 38 39 la
748 1310 219 51 première
989 1309 183 51 période
1192 1307 73 53 (A)
1285 1321 187 38 marque
1511 1321 86 26 une
1622 1308 286 50 suspension,
1944 1321 81 36 par
2048 1321 87 25 une

120 1375 218 40 véritable
360 1377 190 39 cadence
574 1377 256 52 mélodique
858 1390 101 27 vers
976 1377 40 39 la
1037 1377 278 47 dominante,
1339 1376 245 51 complétée
1601 1389 80 38 par
1703 1389 61 26 un
1787 1382 150 32 retour
1954 1375 154 39 conclu-

124 1443 59 40 sif
202 1458 75 26 sur
299 1444 39 39 la
361 1446 182 50 tonique
565 1449 21 35 à
608 1445 39 39 la
673 1443 61 41 fin
758 1445 53 39 de
834 1445 40 39 la
895 1446 232 38 deuxième
1143 1442 92 55 (B).

177 1511 87 41 Les
286 1521 147 31 autres
449 1513 223 51 périodes,
700 1521 118 32 sorte
841 1513 52 39 de
922 1513 274 51 paraphrase
1221 1512 263 52 explicative
1507 1512 76 40 des
1606 1512 304 52 précédentes,
1938 1511 173 40 aboutis-

124 1589 95 31 sent
254 1592 7 27 :
291 1580 40 40 la
369 1582 228 39 troisième
628 1580 75 53 (C)
727 1586 21 35 à
793 1582 39 39 la
867 1582 392 40 sous-dominante
1302 1580 74 52 (i),
1411 1581 38 39 la
1498 1582 249 50 quatrième
1782 1579 79 53 (D)
1902 1595 54 25 au
1992 1579 146 41 relatif

124 1650 184 51 majeur,
334 1658 42 32 et
395 1650 38 39 la
455 1650 203 40 dernière
680 1648 75 54 (E)
780 1665 56 25 au
857 1659 76 32 ton
949 1650 219 53 principal
1191 1664 116 38 pour
1328 1650 207 40 conclure
1555 1648 368 42 définitivement.

180 1717 61 44 Ce
265 1720 134 38 serait
421 1732 87 26 une
531 1732 150 27 erreur
703 1718 265 41 d'attribuer
981 1723 22 36 à
1021 1733 71 26 ces
1113 1719 372 40 déterminations
1509 1718 174 41 tonales
1702 1733 59 25 un
1793 1723 222 35 caractère
2039 1717 72 40 har-

123 1788 227 51 monique,
373 1801 74 26 car
468 1787 39 40 le
531 1787 147 40 thème
697 1788 196 40 entendu
908 1788 112 44 seul,
1042 1787 378 53 monodiquement
1427 1817 7 16 ,
1452 1787 63 39 les
1539 1795 229 44 comporte
1789 1801 79 38 par
1885 1787 246 39 lui-même:

121 1855 29 39 il
175 1854 166 41 affirme
363 1864 246 32 nettement
629 1857 78 40 dès
731 1870 70 27 ses
825 1858 243 51 premières
1091 1865 128 31 notes
1256 1856 63 39 les
1342 1855 226 41 fonctions
1601 1856 54 39 de
1694 1856 262 39 dominante
1997 1863 42 32 et
2081 1854 54 39 cle

122 1925 181 51 tonique
324 1926 73 50 qui
423 1933 294 44 permettront
740 1923 276 54 d'apprécier
1035 1923 161 42 l'ordre
1210 1933 41 32 et
1268 1925 38 39 le
1331 1938 103 27 sens
1458 1925 54 39 de
1533 1933 145 32 toutes
1700 1925 63 39 les
1780 1924 255 40 évolutions
2058 1925 75 49 qui

122 1994 216 38 suivront.
364 1992 184 49 Etc'est,
575 2008 55 26 au
651 1996 237 45 contraire,
903 2008 80 38 par
1003 1995 114 39 suite
1133 1994 54 39 de
1209 1994 219 39 certaines
1445 1993 358 41 considérations
1826 1992 206 40 relatives
2054 2005 83 26 aux

120 2060 83 40 lois
226 2061 258 49 naturelles,
506 2075 85 38 que
608 2075 115 27 nous
747 2070 309 32 constaterons
1091 2061 367 40 ultérieurement
1491 2061 40 39 la
1566 2060 252 53 possibilité
1841 2060 54 40 de
1932 2057 206 43 modifier

120 2129 63 40 les
204 2130 370 40 déterminations
595 2130 316 52 primordiales
931 2130 299 51 mélodiques,
1255 2131 55 38 ici
1333 2129 203 40 établies.

177 2197 56 41 Ni
258 2198 38 40 la
321 2201 157 38 notion
501 2199 53 39 de
587 2198 177 40 tonalité
797 2212 54 26 en
881 2198 116 49 effet,
1022 2199 45 39 ni
1091 2198 106 40 celle
1228 2198 53 40 de
1324 2199 183 38 cadence
1528 2199 75 51 qui
1625 2210 56 27 en
1719 2196 199 44 découle,
1951 2210 55 26 ne
2038 2205 100 31 sont

121 2267 238 52 l'apanage
378 2267 188 41 exclusif
583 2268 54 39 de
659 2266 289 41 l'harmonie:
972 2267 40 40 la
1033 2267 178 40 tonalité
1233 2266 113 41 n'est
1366 2275 125 32 autre
1514 2267 134 39 chose
1663 2279 85 39 que
1768 2264 259 41 l'ensemble
2060 2265 77 39 des

125 2336 210 40 relations
358 2337 241 40 musicales
620 2351 85 38 que
726 2350 115 27 nous
867 2338 265 51 apprécions
1161 2350 81 37 par
1261 2337 313 50 comparaison
1605 2335 164 40 directe
1793 2347 105 26 avec
1917 2349 60 25 un
2013 2335 124 51 point

122 2405 53 40 de
197 2410 154 47 repère
373 2405 263 50 invariable,
664 2419 57 27 ou
743 2410 197 47 supposé
960 2405 74 47 tel,
1060 2405 158 52 appelé
1237 2405 40 39 la
1305 2404 174 53 tonique
1500 2419 9 33 ;
1536 2404 39 39 la
1608 2404 180 38 cadence
1820 2402 112 41 n'est
1972 2401 165 53 qu'une

123 2474 191 40 formule
334 2474 199 40 destinée
564 2479 22 35 à
611 2488 212 39 marquer
846 2474 40 39 la
910 2487 307 37 convergence
1242 2487 57 26 ou
1322 2473 40 40 la
1387 2473 268 50 divergence
1675 2487 81 37 par
1796 2480 182 43 rapport
2024 2474 20 36 à
2089 2485 46 25 ce

122 2544 125 50 point
270 2541 85 41 fixe
374 2543 143 51 qu'est
543 2544 39 39 la
608 2545 201 51 tonique.
833 2542 115 41 Rien
969 2543 54 39 de
1043 2551 95 31 tout
1164 2544 89 38 ceci
1276 2540 174 53 n'exige
1489 2541 39 39 la
1555 2541 305 40 simultanéité
1898 2540 77 39 des
2012 2553 122 26 sons.

178 2610 127 42 Ainsi
328 2614 205 38 examiné
550 2612 113 40 dans
680 2626 70 26 ses
771 2612 217 39 éléments
1003 2610 288 48 constitutifs,
1310 2610 39 40 le
1373 2611 148 39 thème
1543 2610 60 39 du
1626 2609 152 40 choral
1799 2609 54 39 de
1877 2608 122 40 Bach
2024 2620 112 28 nous

124 2685 202 47 apparaît
348 2694 174 27 comme
542 2694 88 27 une
650 2681 211 52 synthèse
881 2680 78 40 des
981 2680 101 52 plus
1105 2680 162 40 hautes
1296 2679 193 52 qualités
1510 2678 300 51 mélodiques,
1837 2690 176 27 comme
2051 2690 86 26 une

120 2751 262 49 magistrale
406 2750 273 53 application
698 2750 78 39 des
800 2748 269 53 principales
1086 2749 85 38 lois
1206 2749 72 51 qui
1305 2747 181 40 doivent
1508 2747 161 50 guider
1692 2744 158 42 l'effort
1873 2746 58 39 du
1966 2753 146 31 contra-

122 2821 210 50 pontiste,
355 2818 203 53 lorsqu'il
583 2827 169 32 tentera
776 2819 53 39 de
849 2818 250 39 construire
1118 2830 88 27 une
1239 2824 125 32 autre
1388 2815 209 49 mélodie,
1626 2816 121 39 aussi
1768 2812 205 54 parfaite,
1995 2812 67 40 s'il
2092 2826 45 26 se

121 2897 119 43 peut,
265 2890 197 51 quoique
485 2887 247 50 différente,
755 2895 42 32 et
830 2884 272 53 susceptible
1124 2898 55 27 en
1201 2893 125 32 outre
1359 2882 137 42 d'être
1521 2883 222 40 entendue
1768 2882 370 41 simultanément

125 2970 103 27 avec
250 2957 190 40 celle-ci.

178 3026 125 40 Dans
326 3040 87 26 une
434 3025 142 41 forme
606 3025 101 52 plus
729 3023 228 52 générale,
985 3036 70 27 ces
1075 3023 85 40 lois
1183 3030 193 45 peuvent
1396 3026 92 36 être
1511 3026 226 35 résumées
1762 3022 114 39 ainsi
1903 3032 8 27 :

177 3095 225 53 Equilibre
425 3095 112 39 dans
562 3094 40 40 la
621 3094 307 40 construction
950 3091 242 54 rythmique
1214 3092 77 39 des
1315 3090 199 41 diverses
1536 3090 208 52 périodes
1772 3100 7 35 ;

168 3251 48 40 (1)
233 3251 26 32 Il
281 3250 106 44 s'agit
412 3251 45 31 ici
481 3250 43 32 de
546 3253 33 30 la
603 3251 208 30 dominante
847 3257 33 24 et
906 3248 43 33 de
969 3251 32 30 la
1024 3249 319 32 sous-dominante
1373 3247 198 41 vulgaires,
1595 3253 34 26 et
1654 3256 71 21 non
1755 3246 134 31 réelles.
1925 3245 58 32 On
2006 3244 67 32 sait
2096 3255 41 22 en

124 3302 81 33 effet
229 3302 108 41 qu'en
359 3309 102 24 vertu
484 3302 43 31 de
544 3303 32 30 la
593 3300 171 42 symétrie
785 3299 62 32 des
867 3301 136 37 modes,
1029 3308 56 23 ces
1106 3298 182 32 fonctions
1313 3305 83 24 sont
1421 3297 202 31 réellement
1643 3295 180 33 inversées
1846 3295 88 33 dans
1969 3294 33 32 le
2037 3295 102 31 mode

124 3353 142 30 mineur
290 3355 56 29 :le
361 3352 33 31 la
414 3350 107 33 serait
546 3351 92 32 donc
662 3350 46 33 ici
731 3350 206 31 dominante
959 3349 58 40 (ou
1042 3349 128 41 quinte
1204 3347 139 43 grave),
1380 3354 32 26 et
1449 3350 32 29 le
1516 3347 32 31 si
1586 3346 310 30 sous-dominante
1930 3344 58 42 (ou
2016 3344 123 41 quinte

124 3402 135 44 aiguë).
296 3401 201 38 Toutefois,
521 3410 141 23 comme
690 3398 244 42 l'explication
959 3398 43 33 de
1024 3409 39 22 ce
1089 3399 240 40 phénomène,
1364 3397 182 33 d'ailleurs
1584 3406 135 28 connu,
1745 3404 44 22 ne
1818 3394 134 33 saurait
1995 3403 144 23 trouver

124 3456 102 37 place
245 3453 90 31 dans
354 3462 40 22 ce
417 3451 140 41 travail,
579 3462 91 21 nous
697 3460 111 23 avons
843 3449 173 32 conservé
1047 3451 50 30 les
1136 3447 295 34 dénominations
1468 3448 170 37 usuelles,
1663 3455 42 23 en
1743 3444 141 33 mineur
1912 3454 140 23 comme
2096 3453 42 22 en

126 3504 148 41 majeur.
