2911 3746
161 159 124 81 EN
359 159 696 84 ELEMENTÆR
1134 162 393 81 RÆKKE
1598 162 125 84 OG
1791 159 882 87 RETNINGSLÆRE

160 299 598 85 ANVENDT
811 299 198 84 PAA
1065 299 203 84 DEN
1329 301 851 83 FORELIGGENDE
2241 301 432 83 KUNST

162 445 160 68 NAAR
360 445 57 41 jeg
452 446 66 30 har
553 445 94 38 valgt
685 447 34 27 at
757 444 245 41 offentliggøre
1042 445 56 30 det
1136 445 252 41 efterfølgende

258 491 79 31 Stof
366 492 10 30 i
411 492 68 31 den
513 491 193 40 foreløbige
740 499 42 32 og
819 491 86 31 lidet
940 491 293 41 videnskabelige
1265 493 120 39 Form,

161 538 130 31 hvortil
326 539 57 30 det
417 549 48 20 nu
503 538 64 31 ved
597 537 232 41 Trykningen
867 538 38 31 af
936 538 169 41 Klingens
1142 538 108 31 sidste
1287 539 100 31 Hefte

162 595 36 21 er
230 585 112 40 bragt,
378 595 60 21 saa
473 595 37 21 er
542 584 56 31 det
633 583 39 31 af
705 587 74 28 rent
814 586 146 30 aktuelle
988 586 144 31 Grunde.
1170 585 63 41 Jeg
1267 586 121 31 indser

161 633 102 37 klart,
291 635 34 26 at
351 641 42 20 en
421 631 117 31 videre
558 630 238 41 Behandling,
826 631 146 42 navnlig
999 632 38 30 af
1059 632 57 31 det
1136 633 250 30 matematiske

162 678 86 34 Stof,
289 681 131 27 maatte
458 678 123 30 kunne
618 678 72 30 føre
725 677 38 31 til
800 689 43 20 en
879 678 73 32 helt
990 679 134 39 omlagt
1160 680 223 40 Disposition

161 734 43 31 og
235 724 230 40 derigennem
497 724 38 31 tii
568 724 128 40 vigtige
724 725 211 40 Resultater,
969 736 82 21 men
1079 726 68 36 det,
1181 725 97 32 deri
1305 725 60 41 Øje-

160 771 138 32 blikket
329 781 36 20 er
396 771 190 40 afgørende
619 771 53 31 for
703 771 83 40 mig,
825 783 36 20 er
897 776 33 27 at
966 772 123 40 bringe
1125 772 68 32 den
1230 773 155 30 aktuelle

160 819 129 39 Kamp,
317 827 78 21 som
423 818 93 30 dette
544 818 87 30 Blad
658 818 66 29 har
750 818 79 40 ført,
859 818 37 31 til
923 829 44 20 en
993 819 215 40 Afslutning.

230 865 83 29 Man
341 864 65 30 har
431 868 77 37 sagt
534 864 84 41 mig,
647 867 34 27 at
708 865 117 31 denne
852 865 162 31 Polemik
1043 866 83 30 mod
1157 866 62 31 »de
1246 866 137 40 gamle«

159 911 56 44 (af
248 910 227 43 Synspunkt)
514 921 58 20 om
609 911 152 31 Æstetik
797 922 37 21 er
868 912 94 41 gold,
1004 923 81 20 men
1122 912 75 31 min
1237 912 149 40 Hensigt

159 959 65 30 har
259 958 84 30 ikke
378 961 107 27 været
520 961 34 27 at
592 958 177 31 omvende
806 959 42 31 de
887 959 127 40 gamle,
1053 959 51 31 thi
1137 959 56 40 jeg
1232 959 78 34 ved,
1351 962 34 28 at

160 1004 214 31 Mennesker
400 1004 82 31 ikke
510 1007 115 28 sætter
651 1004 99 31 deres
778 1006 185 40 aandelige
990 1014 42 32 og
1059 1006 154 40 timelige
1232 1006 60 31 Vel
1318 1016 66 30 paa

161 1051 85 42 Spil,
285 1051 54 41 nej
375 1051 72 31 min
484 1052 142 41 Hensigt
663 1063 35 19 er
731 1052 201 42 simpelthen
969 1053 63 31 den
1070 1055 35 29 at
1139 1053 134 41 fratage
1310 1053 74 31 dem

159 1099 127 31 enhver
305 1098 201 41 Indfhjdelse
531 1108 69 31 paa
621 1098 244 41 Ungdommen.
898 1100 80 29 Men
1005 1110 85 20 man
1110 1099 136 32 skriver
1264 1108 119 30 ogsaa,

160 1149 34 27 at
221 1145 57 31 det
305 1145 64 31 slet
395 1145 84 30 ikke
506 1145 129 40 gælder
661 1155 59 20 om
749 1149 33 27 at
814 1146 155 40 opdrage
997 1146 252 39 Ungdommen
1285 1146 34 30 til
1352 1150 35 26 at

160 1201 82 31 søge
269 1202 42 20 en
339 1202 49 30 ny
406 1192 156 30 æstetisk
583 1191 112 39 Basis,
724 1202 75 21 men
820 1194 34 29 at
875 1193 156 42 Opgaven
1049 1193 89 41 først
1154 1204 41 30 og
1213 1193 173 41 fremmest

159 1250 35 20 er
226 1241 36 29 at
291 1239 136 30 standse
459 1249 40 31 og
532 1239 260 41 uskadeliggøre
826 1239 62 31 den
920 1240 270 41 omsiggribende
1224 1240 163 30 æstetiske

160 1286 172 41 Infektion
338 1310 7 14 ,
381 1295 78 20 som
487 1285 144 41 spredes
663 1285 38 30 af
722 1285 224 39 Akademiet,
982 1286 42 31 de
1058 1286 163 31 tekniske
1249 1286 136 39 Skoler,

162 1332 111 31 Bedre
306 1331 200 41 Byggeskik
539 1341 32 21 o.
600 1341 88 21 s.v.
724 1341 43 31 og
797 1331 122 31 istedet
953 1333 171 30 uddanne
1158 1343 62 20 »en
1256 1333 131 30 Række

163 1378 225 40 Mennesker,
424 1378 62 31 der
511 1378 42 30 fri
581 1378 53 30 for
665 1378 175 31 æstetiske
868 1379 147 41 Nykker
1047 1380 72 29 kan
1152 1383 102 36 tegne
1287 1389 100 20 smaa

162 1425 255 31 velindrettede
452 1425 294 34 Beboelseshuse,
783 1425 205 40 forsvarlige
1023 1426 95 30 hvad
1153 1426 56 30 det
1244 1425 141 40 sociale,

161 1472 59 31 det
255 1471 254 39 økonomiske,
549 1471 58 30 det
642 1471 163 31 tekniske
843 1480 42 32 og
922 1472 70 30 den
1028 1472 204 31 tektoniske
1267 1472 120 31 Orden

163 1527 143 32 angaar,
329 1526 42 32 og
390 1527 79 21 som
490 1518 72 30 kan
581 1517 202 41 organisere
804 1527 42 32 og
865 1518 76 31 lede
960 1522 33 27 et
1007 1519 379 41 Byggeforetagende«.

162 1566 54 40 Og
243 1565 94 30 disse
365 1564 73 31 Ord
467 1564 71 31 kan
561 1564 57 40 jeg
645 1574 60 21 saa
738 1564 90 31 fuldt
859 1565 47 30 ud
939 1565 246 35 underskrive,
1220 1576 78 20 som
1331 1565 56 31 det

162 1621 108 31 ogsaa
304 1611 48 31 vil
386 1621 91 20 være
512 1611 76 30 min
618 1611 147 40 Hensigt
799 1614 34 28 at
866 1611 206 32 overbevise
1106 1612 94 39 dem,
1237 1613 61 29 der
1331 1612 35 30 be-

163 1657 178 41 skæftiger
367 1657 51 41 sig
450 1657 81 30 med
559 1657 146 41 Byggeri
740 1668 72 30 om,
846 1661 33 28 at
910 1658 9 30 i
947 1658 286 40 Udformningen
1266 1658 37 31 af
1331 1658 57 31 det

161 1704 178 32 æstetiske
368 1714 81 20 maa
477 1703 33 31 vi
536 1708 105 26 vente
668 1714 66 31 paa
763 1705 62 30 den
859 1705 128 31 enkelte
1013 1706 116 37 Mand,
1162 1705 61 31 der
1256 1708 134 37 magter

162 1752 118 31 denne
312 1750 158 41 Opgave,
504 1750 34 31 vi
573 1761 82 20 maa
689 1760 151 30 gennem
878 1751 136 31 Studiet
1050 1752 38 30 af
1117 1751 271 31 Arkitekturens

163 1798 175 41 naturlige
355 1797 207 42 Betingelser
581 1806 42 31 og
650 1797 42 30 de
711 1797 183 41 praktiske
915 1798 161 30 Grænser
1098 1798 54 31 for
1169 1798 200 30 Arkitektur-

163 1854 161 32 opgaven
352 1847 95 27 ruste
475 1854 38 20 os
540 1844 37 30 til
605 1848 34 26 at
671 1844 165 40 modtage
870 1853 42 31 og
943 1845 148 31 forvalte
1126 1846 54 30 det
1212 1846 177 40 aandelige

162 1891 159 39 Indhold,
355 1900 77 21 som
460 1889 84 32 ikke
571 1891 130 30 skabes
728 1890 37 31 af
788 1894 32 27 et
847 1891 175 31 Akademi
1049 1891 84 31 eller
1159 1901 42 21 en
1230 1891 159 40 Samling

164 1937 190 32 udøvende
381 1936 210 36 Arkitekter,
626 1947 82 21 men
736 1937 37 31 af
797 1937 68 31 den
898 1938 151 31 enkelte.
1104 1938 49 42 Og
1177 1938 58 42 jeg
1268 1939 102 30 under-

163 1987 126 39 streger
315 1984 63 37 det,
407 1983 106 32 denne
539 1984 128 30 enkelte
687 1994 35 21 er
743 1984 74 31 ikke
835 1995 35 20 os
889 1985 64 30 alle
970 1995 164 20 sammen.
1166 1985 221 40 Betingelsen

165 2032 53 30 for
249 2041 43 21 en
321 2030 199 40 Fremgang
552 2030 54 30 for
632 2030 160 30 Kunsten
827 2041 36 19 er
894 2030 86 32 først
1012 2031 81 39 den,
1127 2034 35 28 at
1188 2032 178 30 Beskeden-

164 2077 116 31 heden
309 2087 84 20 over
418 2076 54 31 for
498 2076 173 41 Opgaven
696 2076 240 41 genindføres.

234 2124 63 39 Jeg
324 2123 76 30 skal
428 2133 50 20 nu
505 2122 155 41 nøjagtig
687 2123 165 39 redegøre
879 2124 53 30 for
960 2123 193 41 Hensigten
1181 2124 81 30 med
1294 2124 94 30 disse

167 2170 292 39 Undersøgelser:
496 2170 61 30 Det
589 2180 34 20 er
653 2170 72 30 min
751 2170 144 41 Hensigt
926 2173 33 28 at
992 2169 118 38 bevise,
1144 2173 35 28 at
1209 2171 63 30 den
1303 2170 70 41 fore-

165 2217 155 42 liggende
349 2216 151 31 »Kunst«
529 2216 217 31 overhovedet
779 2216 75 31 ikke
885 2217 65 31 har
980 2220 100 38 noget
1110 2217 77 31 med
1213 2218 110 30 Kunst
1355 2220 35 28 at

162 2263 125 42 skaffe.
332 2263 63 40 Jeg
433 2262 47 32 vil
520 2262 72 31 føre
632 2262 92 31 dette
765 2263 103 31 Bevis
905 2263 54 30 for
995 2263 271 31 Arkitekturens
1301 2264 66 30 Ved-

164 2309 219 32 kommende
411 2318 42 32 og
485 2309 166 31 overlade
687 2309 58 31 det
783 2309 35 31 til
855 2310 111 30 andre
1002 2313 34 27 at
1073 2310 153 31 fuldføre
1253 2310 112 31 Under-

163 2357 155 40 søgelser
344 2356 37 30 af
404 2356 145 41 parallel
576 2356 61 30 Art
666 2365 68 31 paa
766 2356 42 31 de
841 2356 109 31 andre
978 2357 221 38 Kunstarter,
1234 2356 71 31 idet
1331 2357 57 40 jeg

162 2404 68 40 dog
257 2403 67 32 ved
351 2403 68 30 den
447 2402 190 31 teoretiske
665 2402 256 41 Gennemgang
948 2403 129 40 stadigt
1111 2403 53 31 for
1192 2403 174 31 Fuldstæn-

162 2450 197 41 dighedens
388 2449 111 41 Skyld
532 2449 166 30 henviser
729 2449 38 30 til
797 2449 134 40 Maleri,
961 2450 118 31 Musik
1107 2460 31 21 o.
1168 2460 27 20 s.
1224 2460 46 29 v.,
1304 2460 81 20 men

157 2498 57 40 jeg
246 2499 177 38 gentager,
462 2496 58 30 det
555 2505 37 21 er
616 2496 264 37 Arkitekturen,
918 2496 65 30 mit
1010 2496 103 31 Bevis
1148 2496 78 30 skal
1263 2496 122 40 gælde.

163 2545 69 30 For
268 2547 34 27 at
339 2542 131 40 bevise,
509 2545 34 28 at
579 2542 67 31 den
684 2542 238 41 foreliggende
957 2543 205 30 Arkitektur
1198 2543 88 30 intet
1324 2544 64 29 har

164 2590 80 31 med
271 2590 116 30 Kunst
413 2592 34 28 at
473 2589 126 38 skaffe,
635 2599 82 20 maa
743 2590 62 30 der
830 2589 159 41 opstilles
1021 2600 42 20 en
1092 2589 196 31 Definition
1319 2599 68 31 paa

162 2637 128 39 Kunst,
324 2646 82 20 men
433 2636 117 30 denne
579 2635 197 32 Definition
804 2636 156 31 behøver
990 2636 83 31 ikke
1105 2639 34 27 at
1173 2646 90 21 være
1295 2636 74 31 fuld-

162 2683 163 40 stændig,
353 2683 58 29 det
437 2693 36 20 er
499 2682 86 39 nok,
614 2684 35 28 at
673 2682 35 31 vi
734 2692 85 31 gaar
845 2683 47 31 ud
919 2683 52 30 fra
999 2683 68 31 den
1091 2683 140 31 almene
1253 2683 71 39 Ide,
1353 2686 35 27 at

162 2731 161 30 Kunsten
353 2738 82 21 maa
461 2738 90 21 være
578 2739 43 20 en
644 2729 383 43 Uendelighedsopgave,
1056 2729 118 31 endda
1201 2729 41 41 af
1256 2730 132 31 dobbelt

165 2775 240 42 Uendelighed,
450 2785 68 31 paa
556 2775 69 31 den
667 2785 64 21 ene
776 2777 81 30 Side
900 2777 84 30 mod
1026 2776 68 30 den
1137 2776 250 41 fuldstændige

165 2822 175 31 Harmoni
380 2820 306 44 (konvergerende
725 2823 85 30 mod
849 2824 117 30 denne
1004 2822 167 40 Grænse),
1212 2832 68 32 paa
1319 2823 68 30 den

162 2869 120 31 anden
310 2868 81 32 Side
418 2878 43 20 en
489 2868 118 31 videre
644 2877 42 31 og
722 2869 118 31 videre
868 2870 232 30 Beherskelse
1136 2869 37 31 af
1206 2869 57 31 det
1301 2870 69 30 fore-

163 2915 161 41 liggende
338 2915 79 31 Stof
432 2914 196 41 (divergent
693 2916 292 41 konvergerende
1004 2916 84 31 mod
1108 2916 93 31 dette
1216 2917 174 40 uendeligt

160 2963 108 41 fjerne
296 2961 118 38 Maal).

233 3009 40 30 Vi
300 3008 48 32 vil
374 3008 10 30 i
411 3008 57 30 det
495 3008 163 40 følgende
685 3008 132 40 bevise,
852 3013 34 27 at
912 3010 69 30 den
1007 3009 239 41 foreliggende
1273 3010 115 29 Kunst

162 3056 132 30 aldeles
320 3055 84 31 ikke
430 3054 163 41 opfylder
619 3055 93 31 disse
740 3056 252 41 (nødvendige,
1021 3066 81 20 men
1124 3056 82 30 ikke
1225 3055 144 31 tilstræk-

160 3102 129 41 kelige)
318 3101 227 41 Betingelser,
574 3112 83 20 men
684 3102 200 31 tværtimod
913 3113 35 20 er
973 3113 40 20 en
1040 3104 183 40 begrænset
1242 3102 143 43 Opgave,

160 3159 44 21 en
232 3149 129 40 stadigt
393 3152 216 37 permuteret
637 3149 210 31 Forekomst
884 3149 38 30 af
953 3149 93 31 visse
1073 3150 236 30 Fænomener
1344 3158 42 31 og

161 3206 76 21 som
277 3195 136 32 saadan
451 3194 9 31 i
487 3193 106 43 Slægt
628 3196 81 29 med
745 3195 154 41 Kortspil
936 3205 43 31 og
1014 3196 108 30 andet
1148 3196 235 31 Tidsfordriv.

162 3243 101 31 Dette
298 3243 72 30 kan
407 3241 34 31 vi
477 3250 108 31 ogsaa
621 3243 178 40 udtrykke
835 3242 153 30 saadan:
1032 3243 74 30 Den
1147 3243 240 42 foreliggende

162 3291 116 29 Kunst
304 3288 162 41 arbejder
492 3288 51 40 sig
570 3289 85 30 mod
683 3298 42 21 en
755 3288 154 39 Grænse,
938 3292 33 27 et
999 3289 105 38 Maal,
1140 3299 78 21 som
1253 3290 134 39 ganske

160 3336 70 31 vist
268 3347 35 20 er
341 3335 242 41 uopnaaeligt,
629 3345 65 31 paa
734 3345 138 21 samme
913 3336 125 30 Maade
1077 3345 78 21 som
1195 3335 68 31 den
1302 3339 85 27 rette

162 3383 100 41 Linje
289 3383 83 30 ikke
398 3382 73 30 kan
498 3382 202 31 fremstilles
727 3382 93 30 uden
851 3382 312 40 tilnærmelsesvis,
1197 3392 81 21 men
1308 3392 77 21 som

160 3439 37 21 er
221 3430 160 41 endeligt,
419 3438 43 31 og
489 3439 78 20 som
593 3429 35 31 vi
662 3429 91 30 fuldt
788 3429 47 30 ud
872 3429 71 30 kan
982 3429 165 40 redegøre
1183 3429 54 31 for
1272 3429 10 31 i
1318 3429 67 31 alle

162 3476 163 40 Detaljer.
366 3475 102 31 Disse
495 3476 243 40 Egenskaber,
777 3475 173 32 hvormed
979 3475 34 30 vi
1040 3476 112 30 altsaa
1178 3475 47 32 vil
1258 3476 105 30 karak-

159 3523 142 30 terisere
327 3523 69 30 den
425 3522 236 41 foreliggende
696 3522 104 31 naive
826 3522 206 30 Arkitektur
1065 3521 52 38 (til
1150 3521 148 32 hvilken
1327 3522 58 41 jeg

161 3570 197 39 henregner
383 3569 59 39 alt,
481 3569 96 30 hvad
604 3569 61 30 der
691 3569 257 30 fremkommer
975 3568 199 41 offéntligt),
1213 3579 35 20 er
1279 3573 105 36 netop

1447 445 140 42 typiske
1615 445 53 32 for
1694 446 86 31 Kort
1806 455 43 31 og
1876 445 86 42 Spil,
2002 447 91 31 hvor
2118 447 166 31 Personen
2312 447 73 30 kan
2411 446 126 31 udvise
2563 449 111 28 større

1446 501 43 31 og
1508 492 140 31 mindre
1665 492 212 41 Dygtighed,
1900 503 81 21 men
2001 494 90 30 hvor
2109 494 110 42 Sagen
2238 494 69 31 selv
2324 492 152 44 (Spillet,
2494 492 179 42 Kunsten)

1446 539 113 40 aldrig
1585 539 73 30 kan
1684 539 107 31 vinde
1807 539 211 41 Fremgang,
2048 550 83 21 men
2159 551 36 20 er
2221 544 32 27 et
2278 540 93 41 givet
2397 540 69 31 fast
2493 539 181 32 afstukket

1446 585 181 32 Omraade
1660 586 80 30 med
1774 586 87 30 faste
1889 586 106 32 Love.
2035 587 95 31 Naar
2162 587 93 31 dette
2289 597 37 21 er
2358 586 114 32 bevist
2508 597 58 21 om
2604 586 69 31 den

1445 632 238 41 foreliggende
1709 632 218 39 Arkitektur,
1956 643 62 21 saa
2044 634 73 30 kan
2144 633 33 32 vi
2204 634 103 31 deraf
2329 633 105 32 slutte
2461 644 42 20 en
2531 633 57 31 hel
2610 633 62 30 Del

1446 679 38 31 af
1498 678 205 42 Vigtighed:
1735 680 66 30 Det
1827 679 113 31 bliver
1966 690 38 21 os
2031 680 224 41 indlysende,
2285 684 34 27 at
2339 691 43 20 en
2402 680 136 31 saadan
2557 680 116 30 Kunst

1444 736 76 20 som
1549 725 69 31 den
1645 725 239 41 foreliggende
1912 727 113 41 aldrig
2052 728 77 30 med
2146 728 93 30 Rette
2267 727 44 31 vil
2331 728 112 30 kunne
2457 727 215 42 paaberaabe

1442 772 52 42 sig
1516 772 135 32 Statens
1675 783 42 31 og
1743 772 222 42 Samfundets
1983 773 107 32 Støtte
2117 774 197 40 ligesaalidt
2342 784 76 20 som
2447 778 32 26 et
2497 773 175 31 Akademi

1443 819 54 31 for
1521 819 216 40 Billardspil,
1767 819 57 30 det
1850 819 112 32 bliver
1987 820 104 40 klart,
2121 824 34 27 at
2182 821 153 30 Kunsten
2361 832 35 19 er
2420 821 172 31 reduceret
2617 820 56 41 fra

1442 877 39 20 en
1508 866 334 31 Aandsvirksomhed
1870 866 37 31 til
1933 869 32 29 et
1989 866 222 42 Spørgsmaal
2237 878 54 20 om
2310 867 266 41 Behændighed.
2607 868 65 30 Det

1444 912 176 40 fremgaar
1645 912 147 43 tydeligt
1819 913 37 30 af
1878 913 196 40 Analogien
2104 914 81 30 med
2209 913 217 41 Kortspillet,
2455 918 35 27 at
2509 914 163 30 Kunsten

1443 959 10 30 i
1491 959 69 31 den
1597 958 237 41 foreliggende
1866 959 107 31 Form
2010 970 85 21 øver
2131 964 73 27 stor
2230 960 235 40 Tiltrækning
2501 971 68 30 paa
2606 959 44 33 Ud-

1444 1015 130 22 øverne
1594 1015 60 20 saa
1674 1006 53 30 vel
1748 1016 76 20 som
1846 1016 67 30 paa
1932 1007 216 39 Beskuerne,
2169 1018 82 19 men
2267 1007 56 31 det
2339 1017 36 20 er
2394 1007 163 40 latterligt
2572 1006 103 33 deraf

1445 1056 34 27 at
1506 1052 116 40 slutte,
1661 1055 32 27 at
1721 1052 68 30 den
1828 1052 65 30 har
1929 1053 336 41 samfundsmæssig
2291 1053 214 41 Betydning,
2543 1054 129 31 hvilket

1445 1099 63 30 den
1550 1098 205 42 naturligvis
1799 1099 75 31 ikke
1915 1099 65 31 har
2021 1099 169 41 (jævnfør
2232 1100 230 41 Billardspil).
2515 1100 40 31 Vi
2600 1101 69 30 kan

1446 1145 134 31 direkte
1606 1145 114 40 indse,
1749 1148 34 28 at
1809 1146 67 30 den
1906 1145 237 41 foreliggende
2169 1146 206 32 Arkitektur
2403 1147 74 31 ikke
2504 1148 103 38 bijder
2632 1157 38 21 en

1444 1192 107 31 Mand
1575 1192 140 41 Arbejde
1741 1192 54 41 for
1820 1192 87 31 hans
1933 1193 122 35 Evner,
2089 1204 75 20 men
2192 1194 68 31 blot
2291 1193 211 41 Tidsfordriv
2530 1194 9 31 i
2564 1194 108 41 ledige

1446 1237 151 33 Stunder
1601 1263 7 12 ,
1644 1247 43 31 og
1714 1238 140 41 endelig
1881 1239 71 30 kan
1980 1239 33 30 vi
2041 1239 113 40 indse,
2191 1243 35 27 at
2253 1241 76 39 den,
2358 1241 58 31 der
2441 1240 54 41 for
2521 1241 62 31 den
2611 1251 41 20 nu-

1447 1285 151 31 værende
1625 1285 149 31 Æstetik
1806 1286 223 31 tilsidesætter
2056 1287 229 37 økonomiske,
2321 1287 149 31 tekniske
2502 1298 40 31 og
2569 1287 83 42 prak-

1449 1332 82 31 tiske
1559 1332 92 30 Krav
1675 1332 146 30 handler
1848 1332 229 42 uforsvarligt.

1517 1378 96 31 Naar
1634 1377 56 41 jeg
1717 1378 118 31 derfor
1862 1379 65 30 har
1954 1379 68 30 ført
2048 1379 64 30 mit
2139 1379 103 31 Bevis
2269 1380 54 30 for
2345 1379 70 31 den
2434 1380 238 40 foreliggende

1448 1425 133 30 Kunsts
1609 1425 234 40 Endelighed,
1879 1435 62 21 saa
1967 1425 70 31 kan
2062 1425 57 41 jeg
2144 1425 149 42 virkelig
2319 1436 91 20 være
2436 1426 149 40 tilfreds,
2620 1426 50 31 thi

1446 1470 84 31 ikke
1557 1471 100 30 alene
1684 1471 46 30 vil
1768 1471 57 30 det
1862 1472 102 30 foran
2000 1476 95 36 sagte
2129 1472 92 40 følge
2256 1473 135 40 ganske
2428 1473 37 30 af
2497 1473 52 41 sig
2584 1473 86 39 selv,

1447 1527 83 21 men
1553 1517 56 41 jeg
1643 1517 65 31 har
1745 1517 106 41 tillige
1888 1519 127 30 samlet
2051 1519 78 30 hele
2166 1519 58 31 det
2260 1519 155 31 aktuelle
2443 1519 229 41 Spørgsmaal

1447 1574 58 21 om
1534 1564 245 31 Kunstnerens
1808 1564 230 31 Uddannelse
2070 1565 113 30 under
2218 1569 42 28 et.
2298 1566 70 31 For
2393 1566 209 31 Arkitekten
2638 1576 36 21 er

1446 1610 97 31 deri
1570 1611 31 30 al
1628 1610 288 41 Almindelighed
1943 1611 74 31 kun
2046 1615 53 27 eet
2122 1615 35 27 at
2175 1621 94 31 gøre,
2297 1613 133 39 nemlig
2449 1617 34 27 at
2502 1613 170 31 uddanne

1447 1656 51 41 sig
1524 1657 37 30 til
1594 1657 175 39 Tekniker,
1808 1667 43 31 og
1882 1657 92 31 dette
2006 1668 36 20 er
2077 1659 73 30 han
2187 1658 142 31 henvist
2364 1659 37 30 til
2439 1663 33 26 at
2508 1662 164 39 præstere

1448 1703 85 40 selv,
1571 1703 43 31 da
1643 1703 42 31 de
1713 1704 136 39 Skoler,
1888 1714 78 20 som
2003 1708 95 27 staar
2134 1705 39 30 til
2210 1705 92 31 hans
2330 1705 220 42 Raadighed,
2589 1706 83 31 ikke

1447 1750 73 30 kan
1557 1750 77 40 give
1671 1750 83 30 ham
1793 1750 116 31 denne
1946 1751 243 40 Uddannelse,
2227 1752 42 31 de
2309 1752 62 31 frie
2408 1753 155 30 Kunster
2600 1753 70 30 kan

1447 1796 162 31 derimod
1642 1797 132 30 aldeles
1809 1797 84 30 ikke
1930 1797 90 31 stille
2056 1802 106 37 noget
2189 1799 94 31 Krav
2319 1809 59 20 om
2416 1799 159 41 offentlig
2603 1799 46 32 Ud-

1448 1843 183 31 dannelse.
1670 1842 68 32 Om
1776 1844 93 30 dette
1902 1844 241 41 Standpunkt,
2182 1855 78 21 som
2298 1855 61 21 saa
2396 1846 68 30 ofte
2502 1856 36 21 er
2573 1846 99 31 kaldt

1448 1889 156 40 negativt
1635 1888 125 43 (skønt
1787 1890 57 31 det
1868 1891 55 31 vel
1950 1890 88 31 først
2065 1900 42 31 og
2135 1892 182 30 fremmest
2351 1902 35 20 er
2417 1896 33 27 et
2476 1893 174 31 Nulstand-

1447 1936 128 41 punkt,
1605 1936 131 40 nemlig
1762 1936 162 42 passivt),
1954 1937 78 31 skal
2053 1938 69 40 jeg,
2152 1938 80 31 med
2255 1939 146 41 Hensyn
2423 1939 37 30 til
2479 1940 76 31 dets
2575 1940 98 31 Skær

1448 1983 37 30 af
1508 1982 167 32 Aktivitet
1709 1983 243 38 (Akademiets
1987 1984 266 41 Nedlæggelse),
2292 1985 76 31 dets
2404 1987 153 40 negative
2593 1986 60 30 Ind-

1447 2029 99 39 hold,
1587 2029 240 41 understrege,
1865 2034 33 26 at
1938 2030 57 31 det
2032 2030 143 32 baseres
2211 2032 72 30 helt
2323 2042 66 30 paa
2428 2033 69 30 den
2531 2033 141 42 positive

1448 2075 82 39 Tro,
1569 2079 34 27 at
1630 2076 60 30 der
1715 2077 107 40 findes
1848 2080 33 27 et
1906 2076 156 31 æstetisk
2090 2077 242 41 Spørgsmaal,
2370 2088 43 31 og
2440 2082 33 28 at
2508 2079 91 31 dette
2637 2090 37 20 er

1447 2126 32 26 et
1498 2122 416 43 Samfundsspørgsmaal,
1943 2134 75 20 men
2047 2126 35 29 at
2108 2125 54 30 det
2188 2126 85 29 løses
2300 2126 41 40 af
2354 2126 75 38 den,
2460 2126 57 31 der
2540 2129 133 39 magter

1448 2169 54 30 det
1528 2178 42 31 og
1597 2168 82 31 ikke
1707 2169 38 31 af
1767 2170 42 30 de
1837 2170 194 39 halvtreds,
2067 2170 96 31 deri
2190 2171 206 41 Øjeblikket
2422 2173 125 40 lægger
2573 2174 75 30 Kun-

1447 2218 96 28 stens
1574 2215 145 31 Kabale.
1757 2216 68 31 For
1852 2216 93 37 dem,
1977 2216 62 31 der
2064 2217 83 31 ikke
2174 2217 70 41 ejer
2274 2218 117 31 denne
2423 2219 152 41 positive
2601 2220 70 31 Tro

1446 2271 67 31 paa
1554 2272 41 20 en
1635 2262 147 41 virkelig
1821 2262 155 32 æstetisk
2010 2263 152 40 Verden,
2204 2274 35 21 er
2277 2265 61 30 der
2375 2265 76 31 kun
2490 2266 31 30 al
2561 2266 111 41 mulig

1448 2308 122 31 Grund
1598 2308 36 30 til
1663 2312 34 27 at
1722 2319 91 21 være
1849 2309 136 31 tilfreds
2022 2310 80 31 med
2141 2310 42 31 de
2220 2312 217 30 nuværende
2464 2312 184 41 Behændig-

1447 2355 251 39 hedskunster,
1731 2356 57 40 jeg
1816 2356 131 31 ønsker
1980 2356 82 31 ikke
2098 2360 33 28 at
2164 2358 112 30 rokke
2310 2358 79 31 dem
2428 2358 9 31 i
2474 2359 100 31 deres
2601 2360 70 30 Tro

1447 2410 42 32 og
1515 2402 208 30 henvender
1750 2402 71 41 mig
1847 2403 75 30 kun
1949 2403 39 30 til
2016 2403 81 40 den,
2136 2404 61 30 der
2232 2404 161 32 utilfreds
2430 2414 43 31 og
2509 2406 163 31 raadvild

1446 2448 140 31 overfor
1611 2448 58 31 det
1694 2449 245 40 besynderlige
1960 2449 86 41 Stof,
2074 2450 62 31 der
2161 2451 205 40 paahældes
2390 2452 84 31 ham
2495 2453 38 30 af
2547 2453 107 31 offent-

1447 2495 66 40 lige
1539 2495 177 31 Anstalter
1743 2504 42 31 og
1811 2496 67 30 hos
1905 2496 220 31 anerkendte
2144 2497 212 39 Arkitekter,
2385 2508 145 32 spørger
2549 2509 57 21 om
2627 2510 44 21 en

1446 2541 60 41 Vej
1536 2541 36 30 til
1601 2542 277 40 Dygtiggørelse,
1907 2552 43 21 en
1977 2543 61 41 Vej
2066 2543 48 30 ud
2142 2543 34 31 af
2202 2544 133 31 Uføret.

1477 2644 94 30 DEN
1599 2642 337 33 ELEMENTÆRE
1964 2645 171 31 RÆKKE
2163 2646 62 31 OG
2253 2646 388 33 RETNINGSLÆRE.

1522 2735 58 26 For
1602 2735 204 27 overhovedet
1833 2738 30 24 at
1888 2735 99 27 kunne
2019 2737 58 26 tale
2110 2746 46 17 om
2188 2737 77 27 disse
2287 2737 110 27 Emner
2428 2739 71 33 (den
2529 2740 142 27 moderne

1447 2782 193 34 Arkitektur)
1672 2791 31 17 er
1730 2782 51 26 det
1810 2783 222 34 uomgængelig
2061 2783 188 35 nødvendigt
2281 2789 29 22 at
2340 2785 74 27 have
2446 2788 30 25 et
2498 2786 106 34 Sprog,
2636 2796 34 17 en

1449 2827 203 35 Terminologi
1675 2837 37 25 og
1732 2829 168 34 yderligere
1922 2831 30 24 at
1973 2838 85 18 mene
2081 2829 50 27 det
2153 2840 118 24 samme,
2297 2831 73 27 hver
2392 2832 86 35 Gang
2499 2843 68 16 man
2594 2834 78 33 siger

1447 2874 52 27 det
1521 2884 117 17 samme.
1670 2874 45 27 Da
1738 2875 49 27 det
1809 2885 41 16 nu
1872 2885 32 17 er
1930 2885 37 17 en
1997 2878 99 33 meget
2126 2877 125 34 alvorlig
2272 2877 95 34 Anke,
2396 2879 52 34 jeg
2476 2881 97 24 retter
2603 2881 68 24 mod

1447 2930 71 17 vore
1540 2921 191 34 Æstetikere,
1762 2927 30 21 at
1814 2922 36 27 de
1871 2922 54 27 har
1946 2923 128 26 undladt
2102 2924 95 33 begge
2229 2923 78 28 disse
2331 2924 85 35 Ting,
2448 2935 50 17 saa
2528 2935 66 17 maa
2622 2926 51 35 jeg

1447 2977 91 25 ogsaa
1560 2968 61 26 selv
1641 2968 120 27 beflitte
1783 2970 60 33 mig
1863 2978 58 25 paa
1942 2971 30 24 at
1993 2970 89 26 skabe
2104 2979 37 17 en
2163 2970 202 36 Terminologi
2388 2981 37 25 og
2448 2974 30 24 at
2499 2973 93 33 bruge
2615 2973 57 26 den

1445 3015 114 33 rigtigt.
1590 3014 61 27 Det
1671 3024 32 17 er
1725 3015 102 27 derfor
1848 3015 196 35 nødvendigt,
2071 3018 29 24 at
2120 3017 51 34 jeg
2191 3018 120 26 trætter
2332 3018 142 27 Læseren
2495 3019 67 26 med
2584 3019 74 27 efter-

1445 3060 140 35 følgende
1606 3062 206 26 matematiske
1835 3062 214 35 Redegørelse,
2081 3072 71 25 som,
2182 3064 74 26 hvor
2278 3065 173 29 elementær
2472 3065 58 27 den
2551 3066 58 26 end
2630 3076 42 22 er,

1445 3107 96 26 bliver
1561 3108 207 36 utilgængelig
1789 3118 37 26 og
1847 3111 181 33 meningsløs
2050 3111 46 25 for
2118 3110 67 34 den,
2213 3111 53 26 der
2286 3112 64 26 blot
2376 3112 105 26 blader
2504 3114 8 24 i
2545 3112 58 27 den
2634 3122 37 25 og

1444 3154 66 27 ikke
1533 3154 88 27 læser
1648 3155 57 27 den
1738 3156 153 34 grundigt.
1922 3156 59 35 Jeg
2011 3157 54 26 har
2094 3157 67 27 ikke
2192 3161 89 23 naaet
2311 3161 31 23 at
2371 3159 211 35 gennempløje
2613 3159 58 27 den

1446 3201 178 34 Litteratur,
1646 3211 62 17 som
1728 3203 97 33 ligger
1846 3203 32 25 til
1900 3203 106 26 Grund
2028 3203 46 26 for
2095 3205 77 26 mine
2188 3204 248 35 Undersøgelser,
2458 3215 38 25 og
2514 3206 51 34 jeg
2586 3206 84 33 føler,

1446 3250 30 24 at
1498 3248 92 26 andre
1613 3249 113 26 sikkert
1755 3250 54 26 har
1840 3250 82 34 gjort
1953 3250 51 26 det
2035 3251 218 34 efterfølgende
2275 3251 134 35 Arbejde
2441 3262 37 24 og
2509 3253 81 34 gjort
2621 3253 51 26 det

1445 3295 121 27 kortere
1589 3305 37 25 og
1647 3296 126 34 klarere,
1804 3305 66 18 men
1889 3297 52 34 jeg
1961 3297 54 26 har
2035 3297 67 26 ikke
2124 3297 114 27 kunnet
2267 3307 130 25 opspore
2427 3308 35 17 en
2491 3300 105 26 samlet
2617 3300 36 26 Be-

1444 3342 145 35 handling
1611 3342 31 27 af
1660 3342 77 27 disse
1761 3342 141 35 Forhold,
1932 3352 67 17 men
2022 3344 135 26 derimod
2189 3347 98 31 meget
2317 3345 60 27 ofte
2409 3346 121 33 spredte
2552 3346 102 27 Misfor-

1446 3389 143 26 staaelser
1609 3399 58 24 paa
1689 3389 171 35 Omraadet,
1886 3399 62 17 som
1968 3391 51 34 jeg
2041 3391 38 26 vil
2099 3391 156 27 behandle.
2296 3391 59 35 Jeg
2376 3399 55 28 gør
2458 3392 96 27 denne
2580 3396 72 24 mate-

1444 3436 123 26 matiske
1594 3436 222 35 Undersøgelse
1848 3446 51 17 saa
1928 3437 69 26 kort
2028 3446 63 18 som
2121 3438 114 34 muligt,
2268 3439 78 26 fordi
2378 3439 51 26 det
2458 3439 54 26 her
2541 3439 67 27 ikke
2639 3450 32 17 er

1444 3483 179 34 væsentligt,
1646 3486 29 23 at
1697 3483 58 26 den
1776 3484 94 26 bliver
1891 3483 62 31 ført
1973 3484 143 33 tilbunds,
2139 3494 72 17 naar
2232 3486 63 26 blot
2317 3486 58 26 den
2396 3486 124 30 berører
2542 3486 35 26 de
2600 3486 53 26 For-

1443 3529 81 32 hold,
1547 3528 52 27 der
1620 3539 32 17 er
1674 3530 31 26 af
1716 3530 172 35 Betydning
1908 3530 46 27 for
1976 3531 58 27 den
2055 3540 103 18 senere
2175 3532 217 34 Gennemgang
2408 3533 30 26 af
2455 3533 57 26 den
2528 3533 142 27 moderne

1444 3575 137 27 Æstetik.
