3464 4427
1669 173 96 54 268

108 318 56 51 ist
197 318 116 67 jetzt
355 318 81 51 der
468 318 124 49 Kern
623 317 80 49 des
732 314 204 61 Geiühls,
981 314 143 53 selbst
1155 315 143 54 schon
1326 314 216 67 vieltönig
1576 314 93 52 und

108 403 131 51 einen
277 403 276 50 Reichthum
597 399 407 52 unterschiedener
1040 402 202 49 Formen
1288 400 43 51 in
1376 399 105 51 dem
1528 399 144 51 Einen

108 484 193 52 Gefühle
333 484 298 59 darstellend;
676 484 71 51 die
779 484 504 51 Instrumental-Musik
1329 484 56 50 ist
1425 483 98 50 sein
1555 482 115 51 noch

111 571 227 49 reicherer
370 568 300 60 Wiederhall,
708 569 81 50 der
819 587 85 32 uns
939 568 103 51 bald
1076 569 84 51 wie
1191 569 70 50 ein
1293 567 380 67 Wiederklingen

112 671 189 33 unserer
324 653 316 68 Empfindung
671 653 42 51 in
746 653 81 50 der
854 653 292 54 Landschaft,
1176 653 59 50 im
1268 652 164 51 weiten
1453 651 89 58 All,
1570 651 104 50 bald

108 738 65 49 als
203 738 72 50 ein
304 737 242 52 unendlich
567 738 94 50 sich
681 737 362 70 verdoppelndes
1062 738 127 50 Echo
1221 737 42 51 in
1293 737 81 51 der
1405 736 240 51 Menschen-

111 822 131 50 brust
271 822 233 66 gemahnt.
567 822 148 51 Allein
746 823 43 50 in
826 822 80 51 der
936 823 118 49 That
1087 822 57 50 ist
1186 821 127 51 darin
1348 821 132 68 jenes
1522 820 128 50 incon-

111 914 197 58 gruente
337 906 289 51 Verhältniss
671 924 89 31 von
789 906 145 51 Wort
964 905 93 50 und
1087 906 116 57 Ton,
1249 905 78 49 das
1360 905 225 49 zunächst
1617 903 58 50 im

112 990 213 67 Gesänge
356 991 133 51 allein
518 1009 83 34 vor
634 1009 82 32 uns
748 990 150 58 stand,
939 990 123 51 nicht
1091 990 178 66 gelös't,
1301 989 199 50 sondern
1532 987 143 51 durch

113 1072 70 52 die
215 1075 298 68 verdoppelte
543 1075 153 49 Macht
727 1074 82 49 der
840 1072 148 51 Musik
1021 1090 87 33 nur
1138 1071 116 51 noch
1285 1071 277 58 erschwert;
1607 1071 68 50 ihr

113 1159 144 50 durch
287 1178 52 31 so
369 1159 85 50 viel
479 1157 207 51 Gewicht
710 1157 282 50 verstärkter
1009 1157 236 66 Schwung
1274 1156 137 51 droht
1442 1155 90 51 den
1555 1156 123 50 Text

115 1244 170 49 hinfort
315 1262 55 30 zu
402 1243 187 58 reissen,
623 1259 54 33 zu
709 1240 275 56 überfluten,
1016 1240 95 51 und
1143 1258 135 33 wenn
1313 1240 94 49 sich
1439 1239 99 49 hier
1569 1240 80 49 wie-

116 1328 81 49 der
228 1326 69 51 die
327 1325 345 66 Aufforderung
714 1324 293 51 darzubieten
1051 1325 189 57 scheint,
1285 1324 105 51 dass
1424 1323 68 50 die
1525 1323 150 50 Musik

116 1429 75 32 um
221 1428 51 33 so
304 1428 141 49 enger
474 1428 56 32 an
563 1409 152 49 diesen
747 1409 244 67 gebunden
1025 1410 169 56 werde,
1226 1427 49 33 so
1305 1409 121 49 steht
1448 1408 103 50 dem
1576 1416 75 41 ent-

112 1510 164 51 gegen,
316 1493 106 50 dass
454 1493 63 50 sie
550 1491 205 52 dadurch
786 1493 233 67 gefesselt,
1066 1493 87 50 den
1184 1491 293 54 vermehrten
1510 1491 137 51 Reich-

112 1579 131 50 thum
273 1578 121 49 ihrer
426 1578 148 51 Mittel
621 1578 125 51 nicht
776 1596 54 31 zu
863 1579 148 51 seiner
1042 1594 177 51 ganzen
1251 1577 271 67 Entfaltung
1552 1575 98 52 brin-

112 1679 89 51 gen
230 1662 191 52 könnte.
560 1663 137 49 Diese
742 1679 143 50 ganze
926 1662 292 68 Amphibolie
1263 1662 57 49 im
1363 1660 314 51 Verhältnisse

115 1745 227 51 zwischen
386 1744 163 52 Vocal-
595 1745 94 51 und
728 1745 504 51 Instrumental-Musik
1275 1744 126 59 ruht,
1444 1743 85 52 wie
1574 1762 103 32 man

115 1831 132 58 sieht,
277 1831 79 50 auf
382 1829 102 51 dem
518 1831 135 50 Satze
686 1847 189 33 unserer
907 1829 404 70 psychologischen
1343 1828 335 69 Grundlegung

113 1913 61 70 (§.
193 1912 134 62 749,
343 1912 180 70 Anm.):
565 1952 18 19 „
607 1952 17 21 „
640 1913 108 52 Wir
765 1914 161 50 stehen
943 1931 81 33 vor
1051 1913 124 51 einer
1191 1912 298 67 schwierigen
1510 1912 167 51 Wahl:

115 1999 237 50 entweder
381 1998 148 50 reines
559 1998 180 59 Gelühl,
784 1997 110 51 aber
939 1997 199 52 behaftet
1181 1998 82 50 mit
1306 1997 146 51 einem
1484 1996 164 52 Bedürf-

113 2083 122 50 nisse
267 2082 81 50 der
377 2082 296 66 Ergänzung,
705 2081 71 51 die
805 2100 50 32 es
885 2082 174 58 deutet,
1110 2081 149 51 seiner
1294 2079 385 69 Objectlosigkeit

113 2165 173 62 abhilft,
327 2165 111 52 oder
469 2166 287 67 gedeutetes,
798 2166 81 51 auf
915 2166 78 51 das
1038 2165 170 68 Object
1251 2165 276 67 bezogenes,
1570 2165 110 50 aber

113 2250 126 50 nicht
266 2250 129 50 mehr
426 2250 43 50 in
501 2250 149 50 seiner
681 2250 209 52 Reinheit
925 2248 316 70 vorliegendes
1273 2248 176 52 Gelühl.
1466 2257 59 21 88
1581 2248 97 69 (Nr.

117 2331 94 62 33,
242 2335 48 49 S.
324 2332 136 61 260,
490 2335 80 67 Sp.
606 2333 70 69 2.)

414 2571 350 59 Emilie
860 2575 537 72 Zumsteeg.

717 2679 371 49 (Nekrolog.)

673 2758 248 67 Stuttgart,
953 2755 89 52 den
1080 2756 87 51 16.
1202 2758 185 64 August
1427 2754 168 52 1857.

245 2840 144 51 Einen
418 2840 280 70 Ehrenplatz
745 2841 41 50 in
833 2840 80 51 der
945 2840 273 50 Geschichte
1259 2839 148 51 seiner
1441 2839 99 49 Zeit
1580 2855 75 32 ver-

118 2927 139 58 dient,
300 2942 97 34 wer
427 2927 95 57 das,
568 2943 95 32 was
694 2925 68 50 ihr
793 2925 63 50 als
889 2925 160 50 Bestes
1081 2924 231 66 gegolten,
1354 2923 122 51 nicht
1507 2941 87 31 nur
1625 2941 54 30 an

117 3010 94 51 sich
242 3009 142 52 selbst
414 3009 298 51 auszubilden
743 3009 93 51 und
869 3008 321 57 darzustellen,
1232 3005 200 52 sondern
1462 3007 114 49 auch
1609 3005 69 50 bei

118 3094 218 51 Anderen
375 3093 297 51 einzuführen
715 3093 92 51 und
850 3111 53 31 zu
948 3092 251 64 befestigen
1241 3090 277 51 vermochte.
1575 3089 103 52 Und

121 3178 187 69 doppelt
338 3177 118 51 hoch
487 3178 61 50 ist
577 3178 71 50 ein
679 3177 176 51 solches
886 3175 246 53 Verdienst
1162 3174 347 68 anzuschlagen,
1543 3191 136 33 wenn

120 3271 119 40 trotz
272 3261 380 52 erschwerender
682 3259 266 59 Umstände,
993 3268 119 42 trotz
1157 3258 103 51 dem
1305 3258 174 51 Anlauf
1514 3258 138 51 wider-

118 3346 271 50 strebender
407 3344 292 68 Richtungen
724 3343 79 51 das
826 3343 321 51 Vortreffliche
1171 3343 209 51 dennoch
1413 3360 102 33 zum
1545 3342 136 66 Siege

121 3429 116 50 kam.
298 3429 118 50 Dass
456 3428 43 51 in
539 3427 82 52 der
663 3426 209 58 Musik,
917 3426 82 50 der
1043 3426 344 66 allgemeinsten
1430 3442 88 33 von
1564 3424 114 50 allen

118 3513 228 57 Künsten,
389 3512 71 51 die
502 3512 257 66 Erhaltung
804 3509 93 51 und
938 3509 298 67 Befestigung
1279 3509 80 50 des
1404 3516 143 60 guten
1589 3507 60 51 Ge-

122 3596 235 51 schmacks
412 3596 260 51 vermehrte
715 3593 408 66 Schwierigkeiten
1167 3592 154 51 finden
1367 3610 167 40 muss,.
1564 3593 117 50 kann

124 3680 143 49 schon
311 3681 70 49 die
426 3678 302 68 gränzenlose
767 3676 408 68 Mannigfaltigkeit
1220 3675 336 50 musicalischer
1595 3676 56 49 Er-

122 3762 243 68 zeugnisse
405 3762 94 51 und
539 3762 73 50 die
642 3758 405 72 Bequemlichkeit,
1094 3758 322 52 mit'welcher
1460 3758 221 68 singende

121 3847 94 51 und
239 3847 232 68 spielende
489 3846 190 51 Gelüste
701 3845 239 67 befriedigt
967 3843 185 53 werden
1175 3843 199 59 können,
1392 3843 287 51 hinreichend

121 3932 248 51 beweisen.
428 3930 103 49 Und
562 3948 73 33 wo
667 3929 132 50 sollte
830 3929 40 50 in
903 3929 125 50 einer
1057 3927 117 60 Zeit,
1216 3927 71 52 die
1317 3927 97 50 ihre
1443 3926 239 52 Fabricate

118 4016 116 52 nach
280 4016 118 48 allen
430 4015 156 49 Seiten
628 4014 73 49 hin
745 4031 50 32 so
837 4012 130 51 rasch
1006 4012 94 51 und
1147 4011 194 52 wohlfeil
1385 4010 193 60 absetzt,
1620 4011 62 50 sie

117 4100 147 52 durch
304 4100 86 50 alle
422 4099 161 66 Fugen
615 4097 90 50 und
738 4097 163 50 Ritzen
929 4096 81 52 der
1037 4095 297 52 Gesellschaft
1363 4094 152 61 treibt,
1560 4094 123 52 nicht

117 4185 116 51 auch
267 4183 83 52 der
383 4181 270 52 überreiche
685 4180 151 52 Markt
868 4180 80 51 der
981 4179 358 68 Compositions-
1371 4178 91 52 und
1495 4178 158 52 Virtuo-

1773 314 438 69 sitäts-Leistungen
2258 317 124 52 seine
2416 315 307 70 Stapelplätze
2755 314 183 51 haben?
2999 315 336 70 Würtemberg

1773 398 102 51 darf
1902 398 91 52 und
2026 399 90 51 will
2147 401 124 50 nicht
2303 402 212 67 läugnen,
2549 399 103 51 dass
2685 399 114 51 auch
2834 417 52 32 zu
2920 399 89 50 ihm
3043 398 149 51 neben
3224 401 106 50 dem

2796 471 9 10 /

1773 484 383 66 Metallgewichte
2185 484 80 51 des
2295 487 153 49 Guten
2479 486 92 50 und
2591 484 168 51 Besten
2789 483 80 51 der
2893 482 308 52 Goldschaura
3232 502 68 33 mu-

1772 567 257 49 sicalischer
2062 568 372 69 Dünnleibigkeit
2478 569 90 50 und
2614 567 142 52 selbst
2787 568 81 50 der
2900 567 238 68 spanische
3168 567 169 52 Pfeffer

1772 652 236 50 exaltirter
2042 653 295 66 Verzerrung
2368 653 270 68 gedrungen
2669 653 77 51 sei.
2791 651 130 53 Aber
2951 652 71 51 die
3046 652 289 67 Hauptfrage

1772 736 71 58 ist,
1899 736 60 49 ob
2003 737 123 51 diese
2175 737 175 50 Artikel
2396 737 325 69 tonangebend
2780 736 251 68 geworden
3075 736 103 51 sind
3221 736 114 51 oder

1772 820 137 58 nicht,
1941 821 91 49 und
2069 820 125 50 diese
2218 821 148 66 Frage
2398 822 160 48 dürfen
2591 821 83 51 wir
2697 829 177 60 getrost
2901 821 257 49 verneinen.
3191 820 144 52 Wohl

1773 903 106 51 hört
1909 921 102 33 man
2044 905 81 48 viel
2159 903 247 68 beifälliges
2439 905 245 51 Geklatsch
2726 905 94 52 und
2850 905 268 59 Geschnalz,
3160 921 74 33 wo
3264 905 70 49 ein

1770 989 285 50 Musikstück
2087 989 79 49 mit
2197 990 103 49 Ohr
2343 989 92 50 und
2469 990 122 49 Herz
2634 990 80 51 des
2745 990 233 51 Zuhörers
3011 990 86 49 wie
3130 989 68 50 ein
3234 989 80 50 toll-

1772 1072 302 66 gewordenes
2105 1074 119 49 Ross
2257 1071 272 67 durchgeht,
2559 1072 113 51 oder
2703 1090 75 33 wo
2808 1074 99 49 eine
2940 1074 129 50 Piece
3102 1072 71 51 die
3203 1074 132 49 Seele

1770 1157 40 49 in
1843 1157 279 50 romantisch
2166 1161 175 52 süssen,
2379 1156 217 51 seufzend
2641 1156 355 52 hinsterbenden
3039 1156 294 67 Staubregen

1771 1240 197 58 auflöset,
2013 1241 82 49 der
2135 1241 42 50 in
2222 1241 69 49 die
2321 1241 172 50 Winde
2540 1240 151 61 stiebt,
2730 1241 83 50 ehe
2844 1259 51 32 er
2926 1243 70 49 ein
3031 1243 120 49 Blatt
3183 1243 152 49 feucht

1771 1325 236 64 gemacht;
2039 1324 110 49 aber
2172 1324 147 51 dieser
2336 1325 282 50 Geschmack
2650 1325 58 50 ist
2737 1324 71 51 bei
2843 1343 83 33 uns
2957 1326 274 66 wenigstens
3263 1326 71 51 nie

1771 1408 81 49 der
1882 1409 307 51 herrschende
2222 1425 214 51 gewesen
2468 1409 93 51 und
2592 1409 78 51 hat
2699 1410 71 50 nie
2802 1410 128 50 dalür
2962 1411 231 66 gegolten.
3227 1411 106 53 Wir

1770 1491 151 53 haben
1952 1493 111 51 Sinn
2091 1511 153 49 genug
2276 1493 210 52 bewahrt
2526 1494 70 50 für
2637 1493 79 52 das
2747 1494 218 50 Gesunde
2996 1495 90 50 und
3130 1495 204 57 Wahre;

1771 1575 71 51 die
1866 1577 116 49 stille
1999 1577 264 67 Sättigung,
2294 1577 71 52 die
2397 1577 81 50 der
2509 1577 227 66 gebildete
2760 1577 282 52 Geschmack
3075 1577 70 50 bei
3177 1578 157 51 echter

1771 1660 151 51 Musik
1952 1662 267 67 empfindet,
2251 1660 76 51 hat
2349 1660 142 51 selbst
2517 1659 72 52 bei
2611 1662 381 49 zweifelhafteren
3014 1662 319 50 Beurtheilern

1771 1744 161 51 immer
1961 1763 52 33 so
2044 1745 81 50 viel
2158 1745 198 69 Respect
2385 1762 242 49 genossen,
2657 1744 104 52 dass
2791 1744 125 52 diese
2944 1745 280 66 wenigstens
3254 1745 80 51 das

1773 1829 229 50 Vorrecht
2025 1829 78 50 des
2126 1828 360 51 Besserwissens
2516 1828 92 51 sich
2641 1829 71 50 nie
2738 1836 293 59 angemaasst
3062 1828 162 51 haben.
3250 1829 84 50 Mit

1775 1913 158 51 Einem
1968 1914 195 52 Worte:
2206 1913 70 51 die
2305 1914 154 51 Kunst
2490 1913 92 51 und
2614 1913 95 51 ihre
2737 1912 191 52 Meister
2958 1913 159 51 stehen
3145 1912 71 52 bei
3248 1931 85 33 uns

1771 1997 44 51 in
1839 1998 376 66 gebieterischem
2242 1998 215 69 Respect,
2490 1997 90 51 und
2608 1998 81 50 wir
2721 1997 161 51 dürfen
2914 1997 78 51 mit
3022 1997 311 67 Selbstgefühl

1773 2099 158 49 sagen,
1975 2081 106 52 dass
2121 2081 82 51 der
2233 2082 110 51 Sinn
2385 2082 69 48 für
2495 2087 153 45 ernste
2679 2081 254 67 Erfassung
2977 2081 80 51 der
3088 2081 245 52 Tonkunst

1772 2165 112 50 viele
1915 2165 93 52 und
2034 2165 174 68 rüstige
2236 2166 176 67 Jünger
2444 2172 134 43 unter
2610 2182 85 33 uns
2727 2165 137 52 zählt.

1898 2248 147 52 Unter
2072 2250 86 50 den
2187 2250 210 59 Kräften,
2429 2248 171 51 welche
2629 2248 154 51 diesen
2811 2248 110 51 Sinn
2952 2248 42 50 in
3027 2247 306 52 besonderem

1775 2333 180 50 Maasse
1985 2351 56 33 zu
2074 2333 187 51 wecken
2305 2332 91 52 und
2427 2350 56 33 zu
2514 2332 185 51 stärken
2744 2331 191 52 berufen
2977 2350 170 42 waren,
3198 2332 136 51 nahm

1776 2416 223 51 Emilie
2029 2419 322 66 Zumsteeg
2382 2417 97 50 eine
2512 2416 117 51 hohe
2660 2416 141 52 Stelle
2831 2416 98 60 ein;
2961 2416 172 51 seltene
3163 2417 142 50 Natur-

1777 2500 260 67 begabung,
2083 2501 225 51 männlich
2352 2500 366 51 entschlossenes
2774 2501 231 56 Studium,
3051 2501 132 50 Kraft
3243 2500 91 51 und

1776 2584 358 52 Beharrlichkeit
2176 2586 79 50 des
2286 2584 278 52 Charakters
2704 2584 84 50 alle
2830 2584 122 50 diese
2982 2584 353 66 Eigenschaften

1777 2685 263 35 zusammen
2070 2667 260 69 belähigten
2361 2669 62 51 sie
2453 2669 43 49 in
2529 2667 164 51 hohem
2727 2669 150 51 Grade
2909 2669 68 49 lür
3010 2669 153 49 diesen
3182 2669 151 49 Beruf.

1778 2753 74 49 Sie
1885 2770 94 32 war
2011 2753 70 50 die
2110 2754 202 48 Tochter
2342 2753 79 50 des
2453 2753 247 66 gefeierten
2732 2751 330 69 Componisten
3093 2753 236 49 Johann

1777 2836 276 70 Rudolph
2091 2838 340 66 Zumsteeg,
2476 2836 318 68 herzoglichen
2829 2836 412 51 Concertmeisters
3274 2854 58 32 zu

1775 2923 247 66 Stuttgart,
2065 2920 92 51 und
2203 2921 81 50 der
2313 2920 235 57 Louise,
2586 2920 104 68 geb.
2721 2920 251 51 Andreä.
3036 2921 87 47 Am
3158 2919 52 51 9.
3240 2920 62 48 De-

1775 3004 184 51 cember
1997 3003 152 52 1796
2185 3003 222 68 geboren,
2450 3004 132 51 stand
2628 3004 62 48 sie
2731 3012 94 42 erst
2864 3004 43 50 in
2949 3003 140 49 ihrem
3122 3003 211 51 sechsten

1772 3087 326 67 Lebensjahre,
2139 3088 65 48 als
2243 3088 69 49 ihr
2343 3089 141 48 Vater
2516 3087 140 50 starb.
2717 3088 105 49 Sein
2855 3087 126 50 Geist
3013 3087 109 50 aber
3154 3087 80 49 mit
3278 3088 55 48 all

1773 3172 87 49 den
1903 3172 279 66 glanzvollen
2224 3172 349 64 Erinnerungen
2619 3189 56 31 an
2721 3170 72 51 die
2840 3170 271 51 classischen
3141 3172 192 49 Heroen

1775 3257 80 48 der
1898 3255 150 51 Musik
2095 3255 91 50 und
2232 3255 81 50 der
2359 3255 291 56 Dichtkunst,
2693 3254 146 51 denen
2869 3254 103 68 (wie
3001 3254 209 69 Schiller)
3253 3254 80 50 der

1776 3341 139 49 Vater
1961 3341 97 49 aufs
2103 3348 162 57 engste
2307 3339 271 51 befreundet
2624 3356 108 40 war,
2780 3339 106 66 ging
2918 3339 80 50 auf
3027 3339 71 50 die
3130 3338 203 52 Tochter

1776 3422 127 52 über.
1937 3423 102 51 Von
2070 3423 215 51 Kindheit
2314 3440 55 33 an
2404 3440 96 33 war
2529 3422 65 51 sie
2623 3422 42 51 in
2697 3422 81 51 der
2803 3422 149 52 Musik
2984 3422 351 66 aufgewachsen

1775 3507 91 51 und
1899 3511 311 47 unterstützte
2241 3506 99 50 früh
2371 3507 141 49 schon
2543 3506 72 52 die
2646 3507 174 49 Mutter
2854 3506 69 49 bei
2957 3507 221 65 Führung
3208 3506 122 49 ihrer

1773 3589 512 68 Musicalienhandlung.
2346 3589 126 51 Aber
2512 3589 116 53 eben
2671 3607 52 35 so
2766 3589 99 50 früh
2897 3589 140 50 schon
3072 3589 261 65 betheiligtc

1775 3675 62 49 sie
1868 3675 92 49 sich
1992 3675 113 49 auch
2145 3673 70 51 bei
2251 3675 87 50 den
2370 3675 271 50 mancherlei
2674 3673 343 52 musicalischen
3050 3672 255 51 Aufführun-

1775 3776 87 50 gen
1890 3758 246 66 damaliger
2166 3758 114 59 Zeit,
2313 3758 70 51 bei
2415 3760 147 49 denen
2592 3758 66 51 sie
2690 3758 80 50 mit
2799 3757 121 50 ihrer
2951 3756 383 67 wohlgebildeten

1776 3841 265 52 kraftvollen
2101 3842 263 51 Altstimme
2408 3842 253 51 besonders
2707 3841 304 51 willkommen
3069 3840 264 50 erscheinen

1775 3932 189 45 musste.
2025 3926 378 51 Auszeichnende
2444 3926 178 66 Anlage
2667 3924 94 52 und
2806 3925 195 66 Energie
3045 3921 288 52 entwickelte

1777 4011 62 48 sie
1876 4010 60 49 im
1969 4010 98 51 Cla
2081 4010 122 51 vier
2219 4011 169 67 spiel,
2423 4010 92 51 und
2547 4009 68 49 ihr
2646 4009 287 68 geschickter
2962 4007 175 51 Lehrer
3166 4006 42 51 in
3240 4006 69 50 die-

1778 4111 74 32 ser
1882 4095 167 58 Kunst,
2079 4095 70 49 ein
2181 4095 179 51 Bruder
2385 4092 79 51 des
2493 4092 273 51 berühmten
2791 4092 166 50 Malers
2989 4090 233 61 Schick,
3255 4090 79 49 sah

1778 4176 64 51 sie
1872 4195 51 35 so
1954 4178 146 67 rüstig
2130 4179 90 51 sich
2255 4176 287 61 entwickeln,
2581 4178 103 50 dass
2716 4194 48 32 er
2796 4175 139 51 schon
2968 4174 237 68 frühzeitig
3236 4172 99 52 eine
