2518 3895
388 254 79 46 226

1007 266 147 30 COURS
1190 267 59 28 DU
1284 259 202 37 COLLÈGE
1520 267 57 27 DE
1613 262 172 32 FRANCE

391 376 171 42 nature,
585 379 46 27 ce
654 378 96 28 sera
772 362 213 42 excellent
1007 370 41 33 et
1065 363 296 51 économique
1383 364 21 37 à
1426 361 40 40 la
1484 358 86 43 fois
1590 369 8 41 ;
1618 359 54 41 de
1694 358 39 41 là
1754 371 87 28 une
1866 357 274 54 application
2159 357 242 48 instinctive

395 437 77 40 des
497 435 178 40 anciens
704 437 22 37 à
751 432 187 42 adosser
960 432 118 40 leurs
1103 431 196 41 théâtres
1329 428 23 41 à
1381 443 88 29 une
1500 428 177 42 colline.

441 508 47 46 4°
509 502 62 41 Le
593 501 139 42 cercle
773 499 192 55 primitif
982 515 54 26 au
1060 508 149 33 centre
1239 498 168 54 duquel
1447 512 57 28 on
1528 498 199 41 chantait
1761 505 42 33 et
1843 510 58 28 on
1939 496 180 41 dansait
2163 494 235 47 subsistera

1204 2613 90 33 Plan
1321 2615 47 33 du
1395 2616 154 33 théâtre.

375 2727 213 51 toujours,
614 2740 54 28 en
692 2740 46 29 se
757 2730 252 41 modifiant.
1035 2731 116 43 Mais
1173 2734 38 41 le
1234 2748 19 25 «
1278 2735 154 43 drame
1450 2750 20 26 »
1493 2752 88 28 une
1604 2738 86 43 fois
1710 2745 113 44 créé,
1851 2742 96 41 l'art
1969 2756 46 28 se
2035 2742 269 52 différencie,
2327 2749 48 40 et,

374 2808 103 27 avec
513 2796 76 48 lui,
625 2797 38 39 la
685 2797 122 52 place
830 2800 199 42 destinée
1050 2815 55 28 au
1129 2803 68 52 jeu
1222 2804 78 41 des
1319 2815 172 34 acteurs
1514 2821 45 28 se
1582 2808 226 43 dédouble
1834 2821 8 30 ;
1876 2811 28 41 il
1928 2825 55 28 en
2004 2811 94 44 faut
2116 2827 85 28 une
2224 2825 104 41 pour
2345 2810 32 41 le

376 2863 131 41 chant
526 2874 40 31 et
587 2865 37 40 la
651 2866 137 41 danse
808 2881 9 35 ;
842 2868 28 39 il
895 2882 53 27 en
967 2868 93 44 faut
1093 2886 87 26 une
1203 2882 125 33 autre
1363 2876 349 48 (admettons-le
1735 2882 397 50 provisoirement)
2154 2895 111 41 pour
2285 2881 69 41 fac-

376 2931 106 41 tion.
501 2931 65 42 De
599 2934 40 39 là
660 2933 254 45 l'orchestre
933 2947 57 39 et,
1025 2939 193 43 derrière
1253 2942 76 49 lui,
1356 2944 62 41 les
1443 2950 215 48 tréteaux,
1684 2948 39 41 la
1758 2962 19 25 «
1800 2954 130 37 scène
1956 2964 38 27 ».

432 2999 144 51 Voilà,
600 3016 53 27 en
674 3005 216 52 quelques
929 3017 132 40 mots,
1083 3019 40 31 et
1143 3020 114 43 pour
1274 3011 38 42 le
1336 3013 149 42 dessin
1510 3017 199 48 général,
1733 3017 39 41 le
1811 3019 181 42 schéma
2036 3021 59 41 du
2120 3022 167 41 théâtre
2307 3032 44 28 an-

375 3069 134 51 tique.
537 3068 30 41 Il
592 3069 91 42 faut
706 3085 53 27 en
783 3076 228 41 examiner
1033 3077 38 40 la
1094 3079 259 42 réalisation
1375 3081 113 42 dans
1527 3083 39 42 le
1590 3084 171 43 théâtre
1782 3087 25 40 d
1828 3086 243 54 Epidaure,
2095 3090 40 40 le
2158 3090 97 53 plus
2279 3090 77 40 inté-

375 3147 170 31 iessant
568 3139 53 39 de
655 3149 99 32 tous
785 3155 129 39 parce
945 3157 84 40 que
1063 3158 70 29 ses
1168 3150 108 39 trois
1319 3152 166 50 parties
1521 3155 280 41 essentielles
1915 3158 204 50 gradins,
2145 3159 226 42 orchestre,

376 3211 127 35 scène
601 3217 76 31 ont
700 3214 67 36 été
802 3218 263 37 conservées
1089 3213 75 54 (i).
1188 3215 87 43 Dès
1296 3218 136 53 qu'on
1456 3221 102 52 jette
1594 3222 64 42 les
1679 3237 114 39 yeux
1817 3238 78 28 sur
1917 3226 39 41 la
1982 3225 146 53 figure
2151 3228 220 44 ci-dessus,

374 3286 56 28 on
460 3284 64 32 est
554 3274 154 54 frappé
742 3279 78 40 des
849 3288 244 36 caractères
1124 3287 216 41 suivants.

416 3403 52 43 (i)
490 3405 69 33 Sur
580 3408 30 30 le
632 3407 136 34 théâtre
788 3409 42 32 de
856 3410 180 43 Dionysos
1056 3415 19 30 à
1095 3415 153 33 Athènes
1255 3438 7 18 ,
1287 3427 45 22 on
1359 3425 87 34 peut
1469 3424 198 36 consulter,
1693 3424 17 31 à
1739 3422 83 35 titre
1846 3423 42 35 de
1904 3425 159 40 résumé,
2084 3429 32 31 le
2136 3427 148 33 brillant
2312 3421 41 35 mé-

376 3464 112 24 moire
511 3458 34 30 lu
570 3457 88 33 dans
679 3461 32 30 la
732 3460 129 33 séance
885 3463 178 43 publique
1100 3469 171 31 annuelle
1293 3468 63 32 des
1394 3469 96 43 Cinq
1528 3472 228 40 Académies,
1778 3477 33 30 le
1837 3486 43 32 24
1904 3485 73 24 oct.
2021 3478 104 43 1896,
2146 3489 64 31 par
2232 3478 41 32 G.
2297 3476 55 31 Lar-

375 3513 161 33 roumet;
565 3509 172 32 mémoire
761 3511 125 42 rédigé
922 3523 43 23 en
992 3524 70 23 vue
1084 3515 108 34 d'une
1218 3519 232 40 proposition
1475 3521 183 44 originale
1693 3525 63 41 qui
1784 3526 50 32 lui
1861 3534 72 26 sert
1957 3528 43 32 de
2019 3529 216 33 conclusion
2261 3535 31 24 et
2317 3521 53 45 qui

374 3563 42 23 en
451 3562 52 25 est
528 3564 262 28 certainement
816 3559 106 35 l'idée
957 3563 204 43 principale
1178 3576 6 23 :
1230 3567 130 34 l'envoi
1389 3572 17 30 à
1432 3571 158 34 Athènes
1623 3574 44 33 de
1699 3577 32 30 la
1771 3575 392 44 Comédie-Française
2201 3587 90 32 pour
2311 3582 60 35 que

374 3607 47 29 M.
447 3607 279 43 Mounet-Sully
749 3608 82 42 joue
859 3612 216 44 Œdipe-Roi
1098 3626 61 22 sur
1182 3619 31 32 le
1237 3619 137 34 théâtre
1403 3620 44 33 de
1475 3621 229 42 Dionysos.,.
