2319 3835
136 248 77 46 248

932 247 420 29 CORRESPONDANCE

197 346 190 40 Faisons
412 355 87 28 une
522 349 124 33 autre
683 339 259 52 expérience
967 347 8 29 :
1002 344 195 33 mettons
1236 344 128 32 notre
1387 335 131 40 index
1548 348 77 27 sur
1647 334 41 41 la
1726 349 19 36 3
1749 339 15 17 e
1799 334 132 41 corde
1966 335 59 41 du
2054 337 74 40 vio-

143 415 73 40 lon
239 421 41 33 et
305 421 213 31 trouvons
539 408 60 41 mi
618 407 17 34 B
656 440 7 7 .
688 406 48 42 Si
760 419 115 29 nous
896 414 215 33 trouvons
1128 418 46 27 ce
1195 404 58 40 mi
1273 402 18 37 B
1322 405 53 40 de
1393 404 103 41 telle
1514 412 120 33 sorte
1655 403 201 54 qu'entre
1874 417 47 28 ce
1940 403 60 42 mi
2023 402 71 43 Bet
2114 407 43 37 ré

143 492 100 49 (son
268 491 21 36 à
312 486 100 41 vide
451 485 116 40 delà
606 497 17 36 3
630 488 16 18 e
680 480 151 54 corde)
864 494 46 27 se
934 489 154 32 trouve
1128 479 40 41 le
1207 487 183 45 rapport
1413 478 53 41 de
1579 479 39 41 le
1642 478 60 40 mi
1719 478 17 35 B
1765 483 158 37 trouvé
1956 481 111 40 ainsi
2103 494 55 26 ne

140 561 271 42 s'accordera
437 573 79 39 pas
539 572 107 27 avec
668 558 40 40 le
729 556 60 40 mi
811 556 53 40 de
887 556 40 40 la
952 555 288 41 chanterelle.
1273 555 121 41 Pour
1416 555 93 40 cela
1534 568 114 28 nous
1672 568 200 28 sommes
1900 555 177 52 obligés
2103 556 53 40 de

138 638 246 40 raccourcir
403 635 37 40 la
498 635 142 52 partie
664 633 53 40 de
747 633 41 40 la
827 647 18 35 3
853 636 15 18 e
902 631 133 41 corde
1057 643 112 40 pour
1193 640 182 33 trouver
1397 631 39 40 le
1464 630 59 40 mi
1541 628 34 43 B.
1602 630 90 41 Par
1714 636 292 47 conséquent,
2034 633 100 51 puis-

139 725 86 40 que
244 711 188 41 l'accord
456 710 59 41 du
536 709 170 46 violon,
732 709 64 39 roi
820 708 79 40 des
922 708 313 47 instruments,
1264 715 164 33 restera
1452 707 114 40 dans
1590 720 82 28 son
1696 711 89 37 état
1809 707 161 51 actuel,
1996 705 140 43 Tinter-

1422 767 18 28 -8
1742 781 7 12 *

138 786 115 41 valle
275 786 53 40 de
351 788 44 37 ré
418 789 22 36 à
463 784 61 40 mi
542 784 93 40 doit
656 787 92 37 être
767 782 233 41 considéré
1023 795 176 27 comme
1235 782 101 51 égal
1362 786 21 36 à
1427 807 29 26 -,
1481 796 174 28 comme
1675 783 28 40 il
1725 781 95 43 l'est
1843 797 55 27 en
1921 784 172 40 réalité.

195 876 19 25 2
221 866 17 17 0
259 860 65 41 La
359 861 185 40 tonalité
567 859 58 41 du
650 859 131 40 mode
809 858 172 52 majeur
1000 859 143 49 exige,
1169 867 40 31 et
1234 858 28 40 il
1283 871 54 27 en
1361 868 67 31 est
1462 859 59 40 du
1547 868 114 31 reste
1682 861 115 38 ainsi
1831 873 76 27 sur
1929 859 40 40 le
1991 859 166 49 violon,

139 931 200 52 qu'entre
381 930 40 40 la
447 942 106 28 sous
578 928 225 41 médiante
824 936 41 32 et
886 927 38 40 la
951 927 364 40 sus-dominante
1338 927 54 40 de
1417 928 39 40 la
1489 942 183 37 gamme
1703 929 54 40 de
1780 929 72 50 do,
1887 927 274 42 c'est-à-dire

139 1021 122 32 entre
280 1014 45 37 ré
346 1020 42 32 et
409 1011 40 39 la
455 1043 8 14 ,
486 1024 46 26 se
553 1019 155 32 trouve
729 1010 40 40 le
793 1017 181 44 rapport
992 1009 54 40 de
1070 1010 156 51 quinte
1249 1010 116 52 juste
1389 1002 15 66 \
1428 1021 10 39 ;
1465 1010 149 40 tandis
1648 1024 87 39 que
1764 1010 113 41 dans
1916 1010 38 41 la
1981 1024 182 37 gamme

140 1095 76 39 des
254 1094 256 52 physiciens
546 1089 265 43 l'intervalle
847 1091 58 40 du
928 1094 45 36 ré
1005 1105 56 26 au
1085 1090 41 40 la
1161 1100 66 31 est
1246 1083 44 36 L
1318 1093 6 36 1
1362 1090 160 42 Aucun
1564 1092 240 41 violoniste
1835 1106 55 27 ne
1921 1101 186 32 consent
2140 1096 21 36 à

141 1176 210 40 accorder
372 1175 63 40 les
459 1174 114 40 deux
598 1172 155 42 cordes
780 1172 41 50 (2
827 1177 15 18 e
861 1182 41 31 et
926 1186 16 37 3
950 1177 16 17 e
972 1172 9 51 )
1018 1172 54 40 de
1100 1186 81 27 son
1206 1174 271 40 instrument
1500 1174 177 53 d'après
1702 1188 46 27 ce
1779 1183 184 44 rapport
1984 1176 179 39 curieux

205 1256 7 40 !
234 1256 156 41 Aucun
416 1256 215 40 chanteur
652 1259 21 36 à
697 1256 102 39 voix
821 1255 113 52 juste
953 1268 54 26 ne
1024 1267 181 39 pourra,
1230 1259 146 37 même
1401 1256 67 40 s'il
1489 1256 40 40 le
1552 1265 121 39 veut,
1699 1256 184 41 chanter
1905 1270 88 27 une
2010 1259 154 50 quinte

142 1339 54 42 de
294 1340 113 40 mais
424 1338 101 53 plus
545 1336 345 43 naturellement
910 1350 88 27 une
1017 1337 156 52 quinte
1195 1337 54 40 de
1272 1360 33 35 3.
1344 1336 86 41 Les
1471 1337 256 54 physiciens
1764 1347 101 32 sont
1896 1338 175 52 obligés
2112 1339 53 40 de

143 1423 172 40 donner
337 1421 39 40 le
397 1428 182 45 rapport
618 1420 181 39 curieux
837 1419 52 39 de
912 1410 12 20 2
925 1410 26 34 d
976 1417 83 41 àla
1084 1419 155 51 quinte
1259 1419 129 48 ré-la,
1416 1419 112 40 dans
1549 1419 40 41 le
1613 1419 78 42 but
1714 1418 227 43 d'assurer
1957 1420 181 41 l'unifor-

145 1504 106 39 mité
273 1503 54 39 de
350 1503 219 39 certaines
588 1503 155 38 tierces
766 1500 221 52 majeures
1011 1508 40 32 et
1075 1502 228 39 mineures
1330 1512 8 37 ;
1364 1503 115 39 mais
1505 1501 53 41 ils
1583 1510 77 33 ont
1685 1501 151 42 oublié
1860 1502 132 52 qu'ils
2014 1511 76 32 ont
2113 1516 53 27 en

146 1576 144 36 même
316 1580 144 43 temps
492 1571 164 39 détruit
681 1569 63 41 les
769 1577 149 33 autres
941 1569 274 48 intervalles,
1237 1572 122 39 aussi
1394 1579 41 32 et
1460 1574 147 37 même
1639 1571 101 53 plus
1775 1572 271 52 importants
2081 1586 85 38 que

146 1642 62 40 les
249 1642 172 38 tierces.
463 1638 68 41 En
576 1647 95 32 turc
706 1638 30 40 il
767 1653 28 38 y
820 1652 20 26 a
867 1653 59 25 un
952 1638 219 53 proverbe
1196 1641 74 51 qui
1311 1640 62 41 dit
1402 1654 8 26 :
1455 1653 19 24 «
1510 1639 67 41 En
1602 1637 179 45 tâchant
1820 1641 285 41 d'améliorer
2128 1641 38 41 le

146 1709 179 49 sourcil,
352 1708 28 40 il
406 1722 21 26 a
452 1711 104 47 gâté
586 1706 105 42 l'œil
713 1706 6 38 !
748 1720 19 24 »
799 1706 87 41 Les
908 1707 254 53 physiciens
1199 1717 76 32 ont
1300 1711 72 48 agi
1402 1710 53 39 de
1479 1713 160 37 même.
1669 1709 264 53 Cependant
1961 1711 54 40 ils
2041 1711 125 40 n'ont

144 1792 81 39 pas
264 1778 141 40 réussi
442 1781 22 36 à
513 1777 159 40 rendre
712 1775 248 42 uniformes
1000 1780 146 37 même
1198 1786 146 33 toutes
1388 1778 63 40 les
1490 1780 157 39 tierces
1673 1793 8 26 :
1725 1781 193 51 puisque
1955 1779 39 40 la
2037 1781 131 40 tierce

146 1862 200 39 mineure
364 1859 53 40 de
436 1859 116 54 ré-fa
569 1856 17 36 B
606 1866 66 33 est
689 1858 128 51 égale
834 1863 21 36 à
874 1882 38 34 y
924 1892 9 18 2,
954 1859 147 40 tandis
1124 1858 163 54 qu'elle
1307 1861 148 40 devait
1470 1864 91 37 être
1576 1844 19 74 l
1619 1873 175 28 comme
1811 1861 63 40 les
1899 1869 150 32 autres
2071 1861 7 38 !

204 1957 18 36 3
232 1948 14 19 0
266 1941 124 41 Dans
413 1941 39 39 la
477 1953 181 38 gamme
682 1940 77 40 des
775 1940 271 53 physiciens,
1062 1938 263 43 l'intervalle
1345 1942 54 40 de
1422 1942 66 39 sol
1512 1946 22 36 à
1556 1942 41 40 la
1620 1951 66 32 est
1711 1943 114 40 dans
1849 1943 39 40 le
1910 1952 183 43 rapport
2116 1943 54 41 de

228 2016 272 41 c'est-à-dire
531 2030 59 26 un
623 2024 77 32 ton
737 2016 189 39 mineur.
954 2014 107 42 Cela
1088 2018 121 38 aussi
1237 2014 112 44 n'est
1373 2030 80 40 pas
1477 2016 259 54 praticable.
1766 2017 204 42 Prenons
2005 2032 161 27 encore

149 2107 126 32 notre
298 2097 151 41 violon
484 2101 21 36 à
543 2096 40 41 la
609 2098 121 39 main
758 2108 8 28 :
799 2110 114 40 pour
944 2099 192 51 pouvoir
1165 2099 125 52 jouer
1314 2096 262 44 l'intervalle
1608 2099 53 40 de
1682 2099 67 40 sol
1773 2114 56 26 au
1853 2100 40 39 la
1929 2100 101 51 égal
2054 2104 20 35 à
2111 2115 59 26 un

150 2176 73 33 ton
246 2168 175 39 mineur
515 2167 193 52 puisque
731 2166 38 40 la
793 2174 103 33 note
920 2166 40 40 la
981 2176 66 31 est
1066 2167 176 41 donnée
1275 2182 82 39 par
1379 2182 88 27 une
1489 2169 131 41 corde
1644 2173 19 36 à
1686 2169 101 40 vide
1876 2183 115 27 nous
2016 2183 155 28 serons

150 2236 151 50 obligé
320 2235 54 40 de
404 2242 158 33 mettre
586 2242 126 33 notre
736 2234 236 40 annulaire
990 2249 58 26 un
1082 2249 84 38 peu
1191 2236 102 52 plus
1330 2245 134 32 avant
1487 2237 54 40 de
1565 2237 40 40 la
1641 2236 219 42 véritable
1896 2238 126 52 place
2055 2240 54 39 de
2133 2239 37 40 la

151 2313 103 33 note
275 2304 66 41 sol
355 2316 14 34 ;
409 2306 35 38 si
472 2317 114 27 nous
610 2301 171 43 faisons
805 2305 132 50 ainsi,
976 2304 28 40 il
1042 2317 54 27 en
1120 2305 164 40 résulte
1308 2305 113 41 deux
1459 2306 170 51 grands
1653 2308 343 40 inconvénients
2023 2324 6 24 :
2067 2313 38 35 i°
2127 2322 46 27 ce

150 2373 66 40 sol
238 2386 54 27 ne
322 2386 96 27 sera
445 2373 100 52 plus
569 2370 186 43 l'octave
775 2374 134 49 aiguë
932 2373 115 52 juste
1073 2373 59 41 du
1154 2374 67 39 sol
1258 2375 141 40 rendu
1425 2389 82 38 par
1530 2375 39 40 la
1600 2390 24 36 4
1629 2380 15 17 e
1665 2376 134 40 corde
1822 2390 9 35 ;
1874 2391 21 25 2
1902 2381 13 16 0
1940 2381 144 37 même
2119 2391 54 27 en

152 2450 249 44 supposant
421 2440 312 54 l'impossible,
761 2443 35 39 si
817 2455 114 27 nous
951 2451 272 32 consentons
1245 2447 22 36 à
1291 2444 110 50 cela,
1427 2444 28 40 il
1477 2457 54 28 en
1555 2445 218 40 résultera
1796 2460 59 26 un
1876 2454 125 32 autre
2020 2447 126 40 incon-

153 2512 178 39 vénient
352 2512 74 50 qui
448 2512 194 39 consiste
665 2514 20 36 à
701 2510 166 50 élargir
886 2508 106 43 d'un
1013 2524 174 28 comma
1207 2512 265 41 l'intervalle
1486 2513 54 40 de
1560 2513 49 52 fa
1629 2512 17 36 B
1664 2528 55 26 au
1738 2513 66 40 sol
1824 2516 76 51 qui
1924 2515 94 41 doit
2039 2524 137 32 rester

154 2578 17 28 8
1307 2578 17 28 S

155 2629 19 29 g
180 2621 9 11 .
214 2590 88 42 Par
330 2595 289 48 conséquent,
647 2591 39 41 le
707 2600 182 44 rapport
903 2591 58 42 du
984 2591 66 41 sol
1073 2606 56 27 au
1153 2592 41 41 la
1216 2602 66 32 est
1309 2616 32 27 -,
1357 2602 41 33 et
1413 2593 93 42 cela
1526 2602 66 33 est
1613 2593 230 44 conforme
1868 2600 23 37 à
1906 2592 174 56 l'usage
2099 2596 78 42 des

158 2674 254 52 praticiens.

212 2756 24 36 4
240 2745 18 19 0
280 2740 199 54 Puisque
512 2755 114 28 nous
651 2755 200 28 sommes
873 2742 176 52 obligés
1088 2745 252 53 d'accepter
1362 2743 268 45 l'intervalle
1652 2746 56 42 de
1727 2746 132 42 sol-la
1881 2747 114 42 dans
2019 2748 39 41 le
2080 2762 73 40 rap-

158 2831 100 45 port
290 2823 53 40 de
381 2846 31 24 -,
437 2823 29 40 il
488 2822 193 43 faudrait
703 2825 217 41 admettre
943 2828 122 39 aussi
1101 2841 86 39 que
1212 2828 265 41 l'intervalle
1496 2828 54 41 de
1575 2828 104 41 la-si
1702 2839 66 32 est
1791 2830 112 42 dans
1933 2831 40 41 le
1997 2839 180 45 rapport

159 2905 55 40 de
237 2928 53 23 —,
325 2905 85 40 soit
442 2904 113 41 dans
590 2905 40 40 la
654 2919 181 36 gamme
859 2908 54 40 de
935 2908 55 40 do
1013 2924 166 38 majeur
1185 2941 9 16 ,
1217 2911 86 39 soit
1330 2910 114 40 dans
1468 2910 108 42 celle
1599 2912 54 40 de
1684 2912 68 40 sol
1785 2910 167 58 majeur
1975 2915 75 51 qui
2075 2915 101 47 suit,

160 2987 347 39 contrairement
531 3001 55 26 au
608 2987 95 40 dire
726 2988 78 40 des
828 2989 280 53 physiciens.
1141 2990 122 42 Pour
1285 2990 191 54 justifier
1498 3002 112 33 cette
1642 2992 272 54 prétention,
1939 3000 238 36 exécutons

162 3055 39 40 la
225 3068 180 37 gamme
425 3055 203 40 suivante
653 3069 76 27 sur
752 3056 38 41 le
813 3059 153 41 violon
986 3070 8 29 :

220 3359 189 41 Faisons
433 3360 124 52 jouer
579 3370 112 31 cette
725 3376 182 37 gamme
932 3368 20 37 à
982 3379 58 26 un
1063 3366 242 41 violoniste
1328 3364 62 54 (1)
1414 3370 22 36 à
1461 3367 185 40 l'oreille
1671 3372 88 35 très
1783 3365 197 43 sensible
2003 3376 41 32 et
2067 3375 112 32 met-

209 3501 49 45 (1)
281 3503 102 33 Nous
405 3506 155 30 voulons
591 3507 120 39 parler
737 3505 45 33 ici
806 3507 44 33 de
874 3517 58 23 ces
960 3508 218 34 violonistes
1204 3509 63 42 qui
1292 3519 44 23 ne
1359 3516 82 26 sont
1471 3520 63 30 pas
1559 3509 171 33 habitués
1767 3511 18 30 à
1808 3508 177 33 entendre
2008 3511 50 30 les
2082 3515 100 25 notes

163 3552 138 34 fausses
323 3554 44 32 de
395 3556 31 31 la
448 3565 145 31 gamme
615 3555 76 33 dite
726 3558 172 42 tempérée
926 3565 34 26 et
983 3561 17 30 à
1024 3558 136 34 diviser
1192 3559 152 34 l'octave
1369 3569 44 24 en
1437 3560 116 31 douze
1587 3559 210 34 intervalles
1820 3560 119 42 égaux
1961 3568 141 25 comme
2124 3567 58 23 sur

165 3605 31 30 le
216 3603 127 40 piano.
