2319 3835
2065 206 122 73 255

1003 238 332 29 INFORMATIONS

194 315 126 42 Cette
344 321 207 49 question
581 333 232 42 comporte
837 339 158 28 encore
1012 328 229 56 beaucoup
1265 332 53 40 de
1341 332 159 40 détails
1522 343 8 36 ;
1572 335 128 46 mais,
1735 334 182 40 voulant
1959 334 185 42 d'abord

138 386 95 40 voir
268 401 46 25 ce
338 401 87 38 que
466 390 274 52 répondront
766 393 229 43 là-dessus
1034 398 60 40 les
1136 402 242 39 musiciens
1401 402 53 40 de
1499 400 222 55 l'Europe,
1761 404 39 51 je
1832 417 70 26 me
1940 414 204 31 contente

140 468 111 39 pour
275 464 108 32 cette
401 456 85 41 fois
505 458 53 40 de
576 473 46 26 ce
646 462 74 50 qui
745 471 64 31 est
842 463 63 41 dit
938 466 233 41 ci-dessus.

194 523 29 40 Il
242 533 65 32 est
331 527 268 49 regrettable
623 543 58 38 qu
702 534 22 35 à
749 530 41 40 la
816 529 59 42 fin
895 533 57 40 du
978 549 67 25 xix
1051 539 14 17 c
1088 537 130 40 siècle
1238 538 39 39 le
1301 539 129 40 mode
1451 541 169 51 majeur
1637 555 53 26 ne
1711 543 190 51 possède
1921 557 83 26 une
2036 544 86 40 véri-

142 591 117 42 table
284 594 170 41 théorie
476 600 6 36 !
510 596 96 41 Une
630 601 282 50 proposition
938 603 181 41 tendant
1146 609 20 35 à
1192 606 197 41 combler
1409 617 109 31 cette
1542 609 169 50 lacune,
1739 616 143 36 même
1900 612 150 40 lancée
2067 627 77 38 par

139 676 58 26 un
240 660 220 52 Oriental,
496 666 170 41 devrait
705 672 90 37 être
816 671 117 50 prise
957 685 53 26 en
1034 675 350 41 considération.
1416 676 30 39 Il
1463 691 27 37 y
1517 691 21 25 a
1565 678 215 51 quelques
1803 685 180 44 années,
2010 694 57 28 on
2091 695 53 27 ne

138 732 148 50 voyait
328 746 97 38 pas,
470 734 112 40 dans
620 736 38 40 la
702 751 152 38 presse
897 741 213 40 musicale
1134 743 53 39 de
1211 743 182 48 France,
1419 744 77 40 des
1521 746 172 40 articles
1729 751 52 36 de
1805 757 111 31 cette
1951 760 156 30 nature
2133 761 8 36 ;

139 801 113 39 mais
272 814 172 28 comme
465 802 62 41 les
548 803 244 43 habitudes
814 807 53 40 de
884 810 188 51 critique
1094 819 40 31 et
1169 811 54 40 de
1248 812 233 40 recherche
1513 814 53 39 de
1599 814 38 40 la
1662 817 153 44 vérité,
1841 818 35 38 si
1902 817 214 42 heureuse-

140 878 120 31 ment
296 871 272 50 inaugurées
601 888 80 38 par
715 875 38 40 la
777 875 142 41 Revue
942 879 200 39 musicale
1148 911 9 16 ,
1203 889 74 31 ont
1296 882 219 49 inauguré
1550 896 84 26 une
1658 885 179 50 période
1864 888 280 39 renaissance

139 937 53 40 de
221 951 70 27 ces
317 949 142 31 sortes
477 941 25 40 d
522 943 172 50 études,
717 943 71 53 j'ai
812 950 75 35 osé
910 947 136 39 écrire
1063 956 41 31 et
1126 962 195 38 envoyer
1343 958 63 32 cet
1432 951 163 40 article.
1620 950 196 55 J'espère
1835 967 84 38 que
1945 955 39 39 la
2011 969 106 37 ques-

140 1007 92 40 tion
256 1021 95 27 sera
377 1011 119 49 prise
520 1024 54 26 en
599 1012 348 51 considération,
983 1030 104 26 avec
1120 1026 121 31 toute
1261 1017 306 53 l'importance
1599 1021 159 50 qu'elle
1796 1032 241 42 comporte,
2065 1038 79 37 par

139 1089 105 27 ceux
265 1078 74 51 qui
372 1092 28 37 y
432 1089 100 30 sont
551 1080 256 53 intéressés,
845 1092 41 31 et
922 1084 133 52 qu'on
1086 1098 161 39 pourra
1274 1089 111 38 ainsi
1411 1097 155 32 mettre
1590 1087 58 42 fin
1672 1093 21 35 à
1719 1089 39 40 la
1780 1091 264 51 divergence
2068 1094 75 50 qui

141 1146 137 39 existe
307 1146 161 52 depuis
491 1148 80 40 des
595 1150 156 40 siècles
771 1161 123 31 entre
911 1153 39 40 la
976 1153 168 42 théorie
1183 1164 40 31 et
1248 1155 38 40 la
1308 1158 203 50 pratique
1534 1157 53 40 de
1609 1157 39 40 la
1678 1160 206 51 musique
1910 1160 7 37 !

1562 1237 159 42 RAOUL
1754 1238 167 47 YEKTA,

1561 1304 432 35 (Constantinople)

371 1414 50 5 —
455 1391 143 54 Après
637 1394 38 40 la
702 1395 275 52 publication
1014 1397 54 40 de
1103 1406 65 31 cet
1201 1398 167 47 article,
1409 1400 39 49 je
1484 1411 112 27 vous
1628 1401 200 38 enverrai
1865 1404 21 35 à
1911 1409 95 43 part
2039 1403 105 38 trois

141 1461 240 39 anciennes
399 1461 218 42 mélodies
640 1465 256 47 orientales,
921 1470 260 47 composées
1201 1466 196 40 chacune
1420 1466 111 40 dans
1552 1481 59 25 un
1636 1467 77 39 des
1731 1470 108 37 trois
1862 1469 155 39 modes
2039 1469 105 41 dont

141 1528 62 39 les
225 1538 206 43 rapports
456 1539 101 31 sont
581 1531 171 40 donnés
773 1532 233 40 ci-dessus.
1031 1531 48 42 Si
1098 1547 113 27 vous
1232 1534 62 40 les
1310 1533 126 41 faites
1457 1535 125 50 jouer
1601 1534 212 53 plusieurs
1823 1535 96 53 fois
1940 1539 21 36 à
1979 1550 59 26 un
2056 1535 88 42 bon

140 1597 239 41 violoniste
403 1598 189 53 capable
616 1600 53 39 de
693 1599 103 41 bien
832 1601 252 50 distinguer
1114 1602 63 40 les
1214 1611 99 31 tons
1337 1603 192 51 majeurs
1546 1611 40 31 et
1610 1604 198 38 mineurs
1832 1603 173 52 d'après
2026 1602 99 42 l'exi-

141 1679 137 37 gence
296 1666 54 40 de
370 1680 71 27 ces
461 1682 222 36 gammes,
708 1682 113 27 vous
843 1682 309 39 remarquerez
1180 1679 40 31 et
1256 1672 274 51 apprécierez
1552 1684 103 26 avec
1679 1685 86 26 une
1788 1673 192 39 certaine
1999 1677 121 47 stupé-

141 1733 164 42 faction
349 1735 40 41 la
428 1736 241 42 différence
703 1738 254 40 essentielle
980 1739 54 39 de
1069 1752 71 27 ces
1164 1740 108 39 trois
1295 1752 203 38 gammes
1519 1740 75 52 qui
1629 1741 250 50 paraissent
1918 1740 53 40 de
2005 1743 139 49 prime

143 1803 138 41 abord
314 1802 101 42 n'en
466 1819 79 39 pas
580 1811 231 48 présenter
834 1806 233 53 beaucoup
1107 1816 123 31 entre
1266 1807 122 40 elles.
1433 1807 123 41 Vous
1594 1810 277 49 apprécierez
1911 1822 156 27 encore
2104 1809 37 40 la

141 1872 237 41 différence
421 1873 107 53 qu'il
567 1889 27 37 y
634 1889 22 25 a
691 1884 122 31 entre
853 1875 39 40 la
948 1889 180 37 gamme
1165 1876 53 39 de
1271 1875 274 53 Pythagore,
1602 1880 236 48 composée
1898 1877 246 40 seulement

543 1940 18 29 S
643 1950 13 13 o

143 1955 77 40 des
262 1955 258 42 intervalles
548 1979 16 5 -
581 1982 23 27 e
609 1978 13 31 t
712 1988 8 17 ,
764 1966 42 31 et
844 1957 108 40 celle
990 1957 59 40 du
1083 1958 121 38 mode
1227 1957 163 50 majeur
1422 1962 235 47 composée
1694 1957 76 41 des
1794 1958 252 40 intervalles
2070 1967 74 31 ton

143 2049 169 51 majeur
334 2034 34 81 jj,
390 2058 74 32 ton
486 2051 175 39 mineur
757 2060 40 31 et
818 2051 218 40 demi-ton
1051 2051 170 52 majeur
1241 2074 36 3 ~
1302 2065 8 34 ;
1348 2064 53 26 en
1437 2054 143 36 même
1604 2059 142 43 temps
1783 2063 110 28 vous
1917 2063 148 28 verrez
2101 2051 39 40 la

143 2130 181 41 couleur
344 2130 194 52 spéciale
560 2135 202 37 réservée
788 2136 21 35 à
828 2129 196 42 l'échelle
1044 2131 213 40 musicale
1294 2131 54 39 de
1384 2129 339 43 Guid'Arezzo.

1843 2129 52 42 R.
1926 2129 47 42 Y.

936 2318 427 42 Informations.

198 2421 366 43 MONTE-CARLO.
590 2446 52 6 —
663 2422 118 42 C'est
806 2438 104 28 avec
938 2426 39 39 le
997 2424 181 41 Barbier
1195 2426 51 39 de
1265 2424 159 42 Séville
1454 2439 85 39 que
1562 2425 61 41 M.
1649 2426 145 41 Raoul
1820 2424 275 53 Gunsbourg
2120 2441 22 25 a

145 2491 302 41 brillamment
471 2492 171 41 clôturé
665 2492 37 40 la
730 2492 279 54 magnifique
1027 2495 150 39 saison
1206 2494 78 40 des
1308 2499 174 47 opéras.

200 2558 116 43 Sauf
334 2560 113 41 deux
468 2561 132 47 rôles,
626 2561 40 40 la
697 2561 289 41 distribution
1010 2565 105 38 était
1139 2563 40 40 la
1215 2566 145 36 même
1383 2575 85 40 que
1492 2561 87 42 l'an
1612 2563 190 40 dernier.
1836 2561 125 42 Nous
2005 2576 137 27 avons

145 2633 203 36 retrouvé
360 2628 63 41 M.
451 2628 116 41 Titta
597 2628 132 41 Ruffo
751 2630 102 52 plus
877 2630 150 48 alerte,
1050 2631 98 51 plus
1166 2633 155 50 exquis
1345 2644 84 39 que
1449 2631 159 52 jamais
1645 2631 111 39 dans
1787 2630 38 40 le
1868 2631 91 40 rôle
1982 2631 52 40 de
2076 2631 44 39 Fi-

145 2709 107 37 garo
280 2712 9 32 ;
312 2696 60 41 M.
399 2696 288 53 Chaliapine,
713 2698 244 50 grandiose
981 2698 53 40 de
1054 2697 309 42 bouffonnerie
1392 2712 53 27 en
1474 2697 98 41 Don
1596 2697 148 41 Basile
1767 2709 9 38 ;
1799 2697 59 41 M.
1874 2697 267 49 Pini-Corsi,

145 2767 205 51 comique
369 2768 206 50 puissant
595 2780 53 26 en
684 2765 228 42 Bartholo.

199 2833 46 41 M
250 2839 48 17 me
320 2833 152 41 Selma
493 2833 118 41 Kurz
636 2834 198 41 chantait
856 2834 167 41 Rosine
1042 2850 7 25 :
1078 2834 102 42 c'est
1211 2850 60 26 un
1289 2836 92 40 rôle
1420 2841 55 34 où
1510 2834 83 40 elle
1630 2843 65 31 est
1718 2834 309 40 merveilleuse
2062 2845 8 35 ;
2093 2847 47 27 sa

145 2904 233 39 virtuosité
401 2901 63 55 s'y
485 2903 194 52 dépense
701 2907 20 35 à
748 2905 131 38 ravir.
903 2902 96 42 Elle
1016 2919 27 37 y
1065 2913 64 31 est
1151 2904 133 40 d'une
1300 2904 204 52 jeunesse
1527 2911 39 32 et
1584 2900 129 43 d'une
1735 2902 262 52 espièglerie
2014 2902 103 40 char-

147 2981 187 31 mantes.

200 3040 65 41 M.
287 3038 222 43 Smirnoff
530 3055 21 25 a
571 3041 160 40 chanté
755 3049 42 32 et
820 3041 100 52 joué
945 3054 103 27 avec
1071 3055 60 26 un
1152 3049 64 32 art
1235 3041 215 40 délicieux
1474 3040 38 40 le
1534 3040 91 40 rôle
1647 3040 53 39 de
1723 3038 251 41 Almaviva.

200 3108 55 41 Et
279 3122 45 27 ce
343 3108 64 41 fut
430 3122 87 27 une
541 3108 214 41 adorable
778 3111 142 38 soirée
943 3109 212 40 italienne
1178 3109 106 40 dont
1316 3109 39 40 le
1378 3114 150 35 succès
1549 3107 64 41 fut
1653 3106 320 42 considérable.

199 3224 55 4 —
265 3200 127 41 Nous
409 3215 252 39 apprenons
682 3215 86 39 que
788 3201 40 40 la
846 3203 176 38 maison
1040 3201 187 48 Rouart,
1249 3200 175 41 Lerolle
1447 3209 40 32 et
1502 3200 35 40 C
1542 3198 26 24 ie
1573 3230 9 19 ,
1609 3202 75 50 qui
1706 3201 119 39 vient
1842 3197 244 53 d'acquérir
2105 3198 37 40 le

147 3268 128 42 fonds
298 3268 138 42 Louis
461 3268 168 52 Gregh,
651 3278 41 32 et
713 3270 39 39 la
771 3271 354 51 représentation
1148 3270 77 39 des
1242 3268 204 41 Editions
1463 3268 290 41 universelles
1778 3277 41 31 et
1839 3265 301 51 Schlesinger,

149 3352 20 25 a
193 3339 152 40 décidé
367 3339 54 39 de
435 3343 122 36 créer
574 3342 21 36 à
621 3351 45 27 sa
692 3339 254 40 succursale
968 3339 58 39 du
1051 3341 49 48 78
1121 3338 53 40 de
1195 3337 38 40 la
1259 3351 77 26 rue
1373 3335 188 54 d'Anjou
1599 3349 86 27 une
1705 3337 167 38 section
1912 3334 54 40 de
2004 3333 111 41 Musi-

148 3406 187 51 cologie,
359 3408 74 51 qui
455 3421 95 26 sera
576 3407 150 52 placée
750 3420 104 27 sous
878 3407 39 40 la
941 3407 134 40 haute
1098 3407 214 40 direction
1332 3406 53 39 de
1414 3405 61 40 M.
1500 3405 122 54 Jules
1638 3402 317 42 Ecorcheville.

200 3474 87 42 Les
306 3475 300 53 publications
629 3489 192 27 annexes
844 3475 54 40 de
920 3475 39 40 la
979 3474 175 41 Société
1176 3473 342 42 internationale
1537 3473 53 40 de
1625 3474 209 50 musique
1873 3471 185 49 (section
2090 3469 52 39 de

148 3542 145 52 Paris)
309 3544 145 42 feront
473 3546 249 39 désormais
747 3546 140 50 partie
913 3544 53 40 de
989 3557 47 27 ce
1058 3542 132 42 fonds
1209 3542 266 50 d'ouvrages
1496 3555 75 27 sur
1594 3541 38 40 la
1651 3542 220 50 musique.

199 1389 125 41 .P-S.
