2494 4079
986 434 213 71 L'AN
1261 434 325 72 SUAVE

1597 665 39 49 A
1677 664 202 50 MADAME
1931 661 62 49 M.
2036 660 51 50 L.

277 875 74 51 Un
388 875 142 49 châle
560 876 374 48 méchamment
965 876 92 62 qui
1091 875 102 49 lèse
1228 880 52 44 ta
1315 876 210 61 frileuse

273 1027 192 65 Epaule
495 1042 127 36 nous
648 1027 283 51 condamne
957 1042 105 36 aux
1089 1028 207 50 redites.
1326 1027 206 66 Berger,

275 1181 68 51 Tu
363 1196 80 36 me
473 1182 205 48 deviens
705 1182 70 50 l'à
795 1182 151 64 peine
977 1182 272 51 accessible
1274 1182 193 64 fileuse.

272 1335 57 62 (A
361 1336 303 51 l'ordinaire
696 1340 85 59 jeu
812 1352 53 35 ce
898 1337 160 50 délice
1092 1338 285 64 étranger.)

275 1573 452 61 Qu'aimablement
753 1582 52 45 ta
832 1578 145 49 main
1001 1577 190 64 dissipe
1212 1583 108 45 tout
1341 1578 136 64 léger

271 1727 175 66 Nuage
470 1743 113 36 vers
605 1743 54 36 ce
685 1732 139 61 front
849 1730 64 49 où
932 1730 52 49 la
1007 1730 173 49 mèche
1205 1730 265 49 boudeuse

271 1882 255 65 N'aspire,
551 1898 121 36 avec
708 1884 69 50 les
810 1884 143 50 brins
987 1884 62 49 de
1082 1884 175 63 paille,
1294 1886 157 61 qu'au
1485 1886 197 62 danger

269 2037 73 49 De
380 2037 154 49 lune!

493 2257 133 64 Âi-je
657 2258 129 51 omis
818 2258 52 49 la
902 2258 220 63 nymphe
1148 2258 358 54 miraculeuse,

268 2411 145 50 Icare
442 2427 107 34 aux
579 2410 233 51 buissons
849 2411 240 63 neigeux,
1124 2417 56 43 tu
1213 2411 123 58 sois,
1368 2411 175 63 parmi

269 2564 92 51 Les
393 2565 181 50 douces
602 2564 183 63 flèches
896 2564 107 48 l'an
1026 2578 158 34 suave
1208 2564 118 62 quel
1350 2564 108 48 ami
1473 2564 19 48 !

271 2716 82 63 Et,
380 2719 160 49 criblé
564 2718 61 50 de
650 2719 254 48 chansons
934 2732 97 49 par
1054 2705 154 70 Écho,
1241 2718 46 48 le
1313 2718 191 48 silence

277 2951 102 60 Que
404 2954 114 62 déjà
545 2961 85 44 ton
654 2956 207 49 souhait
884 2956 62 49 de
981 2956 213 63 plumes,
1218 2954 293 51 n'oscillant

271 3104 137 52 Pour
429 3120 56 34 se
506 3121 210 49 moquer
741 3109 61 48 de
826 3109 150 64 grèbe
1005 3124 65 34 en
1099 3109 217 64 paradis
1340 3109 220 49 s'élance

355 3256 104 53 Ah!
483 3259 117 62 quel
622 3261 108 47 ami
755 3259 119 52 c'est
906 3262 106 50 l'an
1039 3265 189 48 suave!
1339 3278 68 35 au
1433 3269 166 57 toquet
1627 3264 187 49 blanc?

1619 3474 220 68 ANDRÉ
1875 3491 259 51 BRETON
