2494 4079
1171 252 138 44 5

349 466 81 49 On
462 483 61 32 ne
548 475 196 54 compte
764 464 111 65 plus
894 463 72 47 les
988 461 185 65 grands
1191 460 250 47 créateurs
1468 458 82 64 qui
1583 458 165 48 furent
1780 454 97 47 mal
1912 451 153 50 doués
2091 466 89 47 par
2208 451 46 46 la

228 551 191 37 nature.
443 539 391 63 L'intelligence,
863 535 140 50 aidée
1028 550 89 48 par
1138 534 45 47 le
1202 531 174 50 travail
1399 544 48 37 et
1468 532 44 47 le
1531 531 137 65 goût,
1693 548 27 30 a
1746 527 86 49 fait
1864 527 69 47 les
1954 526 109 64 plus
2084 526 143 47 incon-

226 614 233 49 testables
485 614 185 64 génies.
696 609 354 64 L'inspiration
1087 624 61 30 ne
1173 607 169 47 tombe
1370 623 89 45 pas
1496 607 63 46 du
1590 605 91 48 ciel
1715 620 60 31 en
1813 616 126 47 coup
1968 601 61 46 de
2062 598 188 60 foudre,

227 689 140 59 mais,
392 705 191 32 comme
604 685 146 51 disait
776 686 191 57 Manet,
990 699 64 32 on
1075 680 102 48 doit
1201 678 222 63 toujours
1445 681 105 46 être
1576 678 205 63 capable
1807 676 61 47 de
1888 687 367 35 recommencer

224 780 66 31 un
339 762 377 56 chef-d'œuvre,
741 775 61 32 ne
825 757 151 48 fût-ce
1002 756 180 63 qu'une
1211 753 108 47 fois.
1345 752 129 61 Quoi
1501 753 147 63 qu'on
1680 751 68 47 ait
1775 747 257 66 prétendu,
2057 760 198 34 recevez

226 851 190 33 comme
440 833 155 49 vérité
614 849 122 47 pure
762 841 108 38 tout
892 846 58 32 ce
969 830 256 62 qu'Edgar
1244 827 101 47 Poe
1365 844 27 30 a
1412 826 123 48 écrit
1555 841 84 32 sur
1663 825 47 47 la
1727 822 181 66 genèse
1926 822 64 46 du
2009 819 244 49 Corbeau.

228 911 134 46 C'est
381 910 47 45 la
452 907 275 50 confession
753 907 48 46 la
826 905 111 63 plus
974 902 244 64 complète
1238 902 114 47 d'un
1381 898 228 50 créateur
1629 916 13 42 ;
1665 898 123 47 mais
1813 912 127 48 pour
1963 893 290 59 l'entendre,

224 983 33 47 il
278 999 120 31 vous
425 981 173 48 faudra
623 982 87 47 des
735 978 196 48 oreilles
956 976 250 49 délicates.

350 1056 66 47 Et
440 1063 130 40 cette
593 1063 139 37 autre
758 1051 223 49 doctrine
1000 1048 312 48 miraculaire
1333 1065 9 29 :
1373 1047 121 48 celle
1516 1047 86 47 des
1627 1044 133 49 idées
1787 1043 219 65 géniales
2020 1044 10 45 !
2060 1040 38 47 Il
2123 1039 81 62 n'y
2230 1056 28 29 a

223 1128 173 64 jamais
423 1145 95 47 que
539 1129 84 46 des
649 1127 136 48 idées
806 1124 202 64 simples
1028 1122 84 66 qui
1139 1122 234 48 viennent
1399 1120 109 63 plus
1535 1136 64 30 ou
1625 1118 158 48 moins
1809 1134 27 30 a
1856 1117 107 47 leur
1983 1131 126 47 rang
2135 1113 121 48 dans

224 1220 66 30 un
318 1200 408 65 développement
746 1200 60 47 de
828 1199 223 64 pensées.
1077 1197 50 48 Si
1153 1206 109 38 tout
1285 1194 28 48 à
1334 1211 127 45 coup
1487 1209 98 32 une
1604 1207 128 49 page
1756 1192 140 62 vingt
1916 1189 92 47 fois
2033 1189 80 46 lue
2133 1202 123 31 nous

226 1277 137 62 parle
383 1277 368 62 éloquemment
769 1283 50 38 et
844 1288 125 33 nous
989 1272 180 48 inonde
1196 1272 60 45 de
1275 1268 225 59 lumière,
1524 1268 119 45 c'est
1668 1264 179 63 qu'elle
1872 1264 116 47 s'est
2014 1263 192 45 inseree
2231 1259 28 47 à

226 1366 54 31 sa
303 1350 140 64 place
467 1358 168 39 exacte
655 1348 121 48 dans
801 1348 48 46 la
867 1357 161 38 trame
1055 1345 61 47 de
1144 1354 141 37 notre
1310 1341 78 49 vie
1409 1339 287 49 intérieure.

353 1425 133 49 Pour
509 1421 195 50 utiliser
720 1423 73 47 les
812 1423 276 47 heureuses
1116 1427 304 48 rencontres,
1442 1415 33 47 il
1501 1430 61 31 ne
1582 1413 104 48 faut
1713 1410 221 65 qu'avoir
1959 1407 188 65 l'esprit
2168 1423 92 33 aux

226 1508 193 54 aguets.
443 1498 253 48 Cherchez
729 1512 97 31 une
862 1495 168 57 chose,
1050 1503 49 37 et
1132 1507 121 33 vous
1291 1494 47 43 la
1369 1500 258 36 trouverez
1662 1485 252 48 sûrement
1949 1500 66 31 un
2051 1481 110 64 jour
2194 1496 64 32 ou

223 1574 192 47 l'autre.
437 1570 147 50 Aussi
617 1569 162 65 quelle
807 1569 308 63 importance
1135 1580 124 48 pour
1286 1580 66 31 un
1381 1562 228 47 créateur
1628 1561 59 47 de
1708 1559 164 47 savoir
1896 1556 289 50 clairement
2202 1569 57 33 ce

223 1645 118 50 qu'il
364 1645 212 48 cherche
595 1645 9 44 !

349 1794 138 48 C'est
511 1791 139 48 selon
685 1806 89 32 son
806 1786 285 62 esthétique
1126 1800 95 48 que
1256 1783 71 49 les
1355 1781 285 65 puissances
1674 1777 300 51 d'invention
2013 1778 64 47 du
2112 1776 144 63 poète

224 1879 112 38 sont
360 1867 146 47 mises
527 1882 59 31 en
607 1865 185 48 valeur.

350 1942 127 47 Sous
511 1940 49 47 la
585 1937 271 65 projection
896 1937 61 46 de
983 1950 56 32 sa
1070 1932 221 58 lumière,
1315 1929 214 49 s'éveille
1563 1929 123 46 dans
1718 1928 48 47 la
1798 1927 105 47 nuit
1935 1942 66 31 un
2038 1938 218 50 paysage

224 2016 183 63 unique
428 2013 62 49 où
509 2013 71 49 les
599 2012 163 48 divers
787 2009 160 65 objets
980 2016 246 54 prennent
1254 2006 27 47 à
1312 2006 193 61 chaque
1525 2002 93 48 fois
1644 2017 98 32 une
1767 1999 308 64 importance
2098 2007 49 38 et
2170 1998 86 47 des

224 2087 234 51 relations
477 2086 267 48 nouvelles.
769 2087 188 44 Autant
976 2082 61 47 de
1063 2078 298 66 projections
1388 2074 322 64 esthétiques,
1734 2082 173 39 autant
1930 2073 61 47 de
2010 2086 245 48 paysages

224 2162 257 51 différents
500 2176 85 33 sur
603 2161 46 47 le
669 2159 161 47 même
856 2157 90 48 sol.

346 2237 138 47 Dans
514 2243 137 38 toute
685 2229 296 64 esthétique,
1005 2230 125 47 dans
1159 2234 139 40 toute
1326 2238 171 33 œuvre
1524 2224 142 57 d'art,
1689 2220 33 47 il
1755 2239 32 45 y
1818 2237 28 30 a
1878 2234 96 33 une
1995 2218 232 62 représen-

226 2310 156 49 tation
407 2310 66 47 du
492 2308 197 47 monde.
713 2307 136 47 C'est
872 2302 244 64 pourquoi
1145 2309 139 40 toute
1313 2296 279 64 esthétique
1616 2312 54 31 se
1687 2293 279 66 généralise
1995 2291 29 49 à
2048 2302 113 36 tous
2184 2290 71 48 les

231 2394 100 38 arts
351 2384 28 47 à
404 2383 190 62 chaque
618 2382 210 62 époque.
853 2378 136 48 C'est
1013 2392 56 31 ce
1094 2374 83 65 qui
1204 2373 87 47 fait
1318 2369 170 51 l'unité
1522 2371 85 46 des
1634 2369 215 63 grandes
1869 2368 219 61 époques
2108 2366 142 46 d'art.

354 2456 72 47 Or
445 2455 238 64 qu'est-ce
708 2468 96 47 que
823 2448 331 63 l'esthétique,
1172 2445 142 48 sinon
1334 2459 97 34 une
1450 2441 339 50 construction
1812 2441 60 47 de
1884 2439 366 63 l'intelligence.

354 2652 76 48 En
464 2651 49 46 la
544 2647 188 65 grande
758 2644 200 64 période
995 2643 61 46 de
1082 2638 257 51 confusion
1371 2647 50 38 et
1451 2636 60 48 de
1536 2633 407 50 transformation
1971 2632 227 54 actuelle,
2221 2630 34 49 il

226 2738 76 37 est
325 2726 59 48 de
409 2732 138 39 toute
567 2718 240 51 nécessité
826 2718 150 64 qu'un
997 2714 170 50 artiste
1183 2710 225 50 travaille
1427 2726 86 31 sur
1539 2708 253 48 lui-même
1817 2722 124 48 pour
1966 2722 54 32 se
2044 2707 207 53 donner,

226 2817 59 33 2m
318 2798 106 65 prix
457 2798 61 47 de
542 2798 256 57 beaucoup
835 2793 64 47 de
936 2789 162 65 peine,
1119 2803 96 32 une
1249 2783 294 63 conception
1580 2783 66 47 du
1907 2780 154 59 Jadis,
2093 2794 61 32 on
2194 2794 57 31 en

224 2871 216 50 trouvait
463 2886 98 33 une
576 2886 61 32 en
659 2867 236 49 naissant.

350 2944 128 48 Mais
504 2952 129 39 cette
658 2939 290 64 conception
978 2947 76 37 est
1073 2934 316 48 absolument
1413 2929 277 48 nécessaire
1710 2928 28 47 à
1765 2926 221 49 l'artiste.
2011 2926 80 47 Un
2118 2926 138 61 point

226 3023 59 44 de
308 3034 93 33 vue
420 3015 300 51 intellectuel
740 3011 172 60 choisi,
932 3020 109 40 tout
1066 3009 227 65 apparaît
1317 3003 369 49 distinctement
1704 3017 116 33 sous
1841 3001 48 47 le
1917 3001 178 64 regard
2113 3015 10 31 :
2152 2998 78 64 jus-

226 3094 178 62 qu'aux
417 3090 143 50 effets
580 3090 28 47 à
626 3086 195 51 obtenir
837 3097 52 38 et
903 3084 259 66 jusqu'aux
1187 3095 202 47 moyens
1414 3078 84 63 qui
1519 3075 348 51 conviennent.

349 3189 137 49 C'est
504 3205 65 30 un
589 3187 159 65 grand
765 3184 108 48 rôle
890 3197 96 49 que
1012 3178 124 51 celui
1155 3178 179 49 dévolu
1356 3175 28 47 à
1409 3173 351 65 l'intelligence
1773 3175 11 45 !

349 3263 136 47 Dans
505 3263 46 46 la
567 3258 238 60 création,
821 3258 46 62 je
887 3272 63 32 ne
967 3254 99 50 sais
1091 3253 114 65 quel
1225 3250 215 50 élément
1466 3258 78 38 est
1559 3248 47 48 le
1625 3246 111 65 plus
1752 3245 226 64 puissant
2002 3253 51 39 et
2079 3243 45 48 le
2142 3241 111 65 plus

228 3335 245 63 précieux,
494 3333 188 65 l'esprit
706 3333 62 48 de
786 3328 207 51 l'artiste
1007 3337 52 39 et
1072 3342 88 33 son
1179 3325 274 64 jugement,
1474 3337 64 33 ou
1562 3335 57 33 sa
1647 3319 272 49 sensibilité
1934 3328 51 38 et
2004 3333 91 33 son
2109 3325 137 55 gout.

350 3427 80 48 Un
449 3426 243 56 créateur,
712 3424 119 47 c'est
849 3436 98 34 une
965 3420 110 49 âme
1096 3418 205 48 ardente
1320 3414 174 50 menée
1513 3428 92 48 par
1629 3428 97 33 une
1743 3413 101 47 tête
1868 3409 176 50 froide.

1645 3539 137 45 PAUL
1815 3520 308 63 DERMÉE.
