2288 4234
564 413 211 45 REVUE
808 416 115 43 DES
952 403 339 62 THÉÂTRES
1323 416 313 53 LYRIQUES

1922 420 59 46 33

282 564 150 54 Conçu
455 564 345 56 primitivement
818 579 52 28 en
893 564 108 43 trois
1015 574 131 44 actes,
1364 567 169 43 destiné
1549 568 177 42 d'abord
1744 571 25 39 à
1782 568 201 57 l'Opéra-

228 638 228 54 Comique,
479 652 29 39 y
536 637 68 41 fut
629 639 212 53 présenté.
882 638 77 54 Là,
981 639 39 42 le
1057 644 155 51 poëme
1242 640 188 42 attendit
1463 640 287 56 patiemment
1789 643 196 55 pendant

226 711 112 42 deux
361 725 79 27 ans
461 711 40 41 le
522 711 87 41 bon
630 711 174 42 vouloir
823 711 261 42 directorial.
1109 713 64 42 La
1203 714 248 55 popularité
1481 715 108 42 dont
1613 714 203 56 jouissait
1841 717 144 41 Scribe

228 799 53 27 ne
304 785 226 55 parvenait
552 799 74 41 pas
647 789 24 37 à
691 785 177 42 vaincre
889 785 60 42 les
974 785 257 43 résistances
1263 788 138 54 qu'on
1430 789 200 55 opposait
1659 804 57 28 au
1750 791 232 44 musicien.

228 858 249 55 Meyerbeer
515 858 150 41 n'était
699 866 212 46 pourtant
940 872 76 40 pas
1044 859 40 40 le
1114 859 189 54 premier
1325 874 133 29 venu.
1481 850 159 55 Émule
1660 865 52 40 de
1735 863 193 52 Rossini,
1951 864 34 43 il

226 931 117 42 avait
362 932 165 41 obtenu
549 931 72 41 des
648 934 146 38 succès
814 945 54 28 en
901 932 140 53 Italie,
1065 940 42 34 et
1133 948 46 26 sa
1211 934 151 52 Muse,
1385 935 230 56 beaucoup
1642 939 149 40 moins
1811 952 145 41 germa-

226 1005 134 54 nique
385 1004 440 55 qu'ultramontaine,
849 1006 161 55 passait
1030 1009 23 38 à
1076 1015 90 33 tort
1201 1020 114 42 pour
1343 1021 86 28 une
1465 1010 259 43 Allemande
1749 1011 235 43 renforcée.

228 1077 80 42 Ces
328 1076 116 42 deux
463 1077 161 41 années
643 1077 122 42 étant
787 1079 194 40 écoulées
995 1087 42 33 et
1058 1079 38 41 le
1118 1084 154 50 poëme
1292 1090 133 46 ayant
1439 1082 66 41 été
1527 1096 117 43 reçu,
1656 1098 59 28 on
1733 1098 44 28 se
1795 1085 147 42 décida
1960 1090 27 37 à

226 1159 154 33 mettre
412 1151 40 41 la
486 1150 203 56 musique
709 1155 24 37 à
752 1151 175 43 l'étude.
973 1152 188 42 L'heure
1199 1153 54 42 de
1286 1155 40 42 la
1353 1156 232 55 répétition
1612 1157 194 55 générale
1829 1172 155 31 sonna.

228 1223 266 55 Meyerbeer,
519 1222 96 42 l'air
634 1222 123 43 triste
790 1231 43 34 et
865 1225 188 55 résigné,
1075 1227 156 42 écouta
1258 1227 221 57 l'ouvrage
1496 1228 108 44 d'un
1629 1231 109 42 bout
1756 1233 25 39 à
1803 1230 154 43 l'autre
1975 1244 13 40 ;

225 1296 100 56 puis
343 1294 32 42 il
393 1296 147 54 quitta
560 1296 42 42 la
620 1297 140 51 scène,
783 1297 139 56 sortit,
948 1298 89 55 prit
1056 1298 39 43 le
1115 1299 101 41 bras
1235 1299 53 42 de
1306 1299 145 44 Scribe
1465 1310 42 34 et
1519 1302 65 42 lui
1601 1302 67 42 dit
1691 1316 9 28 :
1789 1303 50 42 Je
1857 1303 132 42 retire

228 1381 70 28 ma
320 1367 225 56 partition.
637 1369 122 42 Vous
780 1371 154 42 retirez
955 1380 122 34 votre
1100 1373 235 55 partition?
1429 1374 108 45 Oui.
1635 1376 353 44 Sérieusement?

298 1440 331 45 Sérieusement.
642 1466 51 6 —
713 1442 225 56 Pourquoi
959 1444 113 42 donc
1090 1447 15 39 ?
1204 1446 132 41 Parce
1358 1461 86 40 que
1465 1461 68 28 ces
1554 1448 233 43 artistes-là
1803 1463 55 28 ne
1880 1463 81 42 peu-

226 1522 103 34 vent
352 1528 74 41 pas
446 1515 179 42 chanter
653 1529 73 28 ma
759 1517 229 54 musique;
1014 1517 53 43 ils
1099 1532 55 28 en
1178 1528 100 33 sont
1609 1523 84 53 (1).
1805 1523 117 42 Mais
1949 1524 40 43 le

226 1588 146 42 dédit?
397 1588 62 57 (2)
546 1589 50 42 Je
616 1589 41 43 le
679 1590 174 55 paierai.
952 1592 102 52 Que
1074 1599 328 50 comptez-vous
1434 1594 106 43 faire
1569 1595 146 44 alors?
1806 1597 52 43 Je
1877 1611 111 29 vous

224 1661 38 41 le
282 1660 111 42 dirai
416 1661 191 44 demain.

285 1735 58 42 Le
365 1735 264 55 lendemain,
652 1738 52 40 de
724 1738 139 54 grand
886 1739 157 55 matin,
1068 1740 249 56 Meyerbeer
1338 1743 175 43 sonnait
1526 1745 25 41 à
1574 1743 39 43 la
1634 1752 123 48 porte
1776 1745 60 42 du
1857 1745 103 43 meil-

229 1807 94 42 leur
345 1809 52 40 de
414 1821 61 28 ses
498 1809 343 43 collaborateurs
864 1810 83 56 (3).
986 1813 37 41 Il
1043 1813 218 43 demanda
1282 1819 23 37 à
1326 1814 148 43 Scribe
1503 1815 212 56 d'ajouter
1736 1819 116 42 deux
1874 1828 114 33 actes

225 1886 23 37 à
324 1882 167 42 Robert
728 1884 43 40 le
867 1882 177 56 Diable,
745 1884 54 40 de
836 1885 286 43 transformer
1146 1888 39 41 le
1213 1888 205 55 dialogue
1444 1903 54 29 en
1529 1891 193 45 récitatif
1750 1900 42 36 et
1816 1894 53 42 de
1893 1894 72 54 pré-

225 1964 142 33 senter
395 1956 40 41 le
468 1956 178 42 libretto
667 1956 112 42 ainsi
800 1957 181 42 modifié
1000 1964 25 38 à
1044 1959 177 57 l'Opéra
1241 1961 75 42 dès
1335 1975 87 42 que
1448 1962 83 54 lui,
1550 1964 269 57 Meyerbeer,
1841 1968 148 41 aurait

225 2027 159 42 achevé
409 2042 46 27 sa
477 2028 221 56 musique.
722 2030 146 43 Scribe
886 2030 83 56 jeta
991 2031 58 43 les
1068 2035 131 40 hauts
1218 2035 110 52 cris;
1361 2036 111 41 mais
1502 2037 40 42 le
1560 2040 298 55 compositeur
1879 2041 108 43 était

229 2111 211 46 pressant,
461 2103 187 52 obstiné,
668 2103 32 42 il
736 2105 117 42 avait
886 2110 25 37 à
947 2120 47 28 sa
1025 2106 262 56 disposition
1319 2108 75 44 des
1420 2124 184 43 moyens
1641 2114 54 41 de
1729 2115 256 54 persuasion

224 2175 272 55 puissants...
520 2176 147 42 Scribe
686 2178 117 42 céda.
842 2178 254 56 Meyerbeer
1123 2181 203 56 employa
1357 2183 114 42 deux
1498 2197 59 30 ou
1584 2186 105 42 trois
1709 2201 78 27 ans
1806 2192 27 37 à
1852 2202 110 28 rema-

226 2248 92 41 nier
337 2260 41 30 et
397 2252 25 38 à
444 2249 210 44 terminer
671 2251 166 42 Robert
854 2252 96 55 qui,
967 2255 126 53 porté
1108 2256 24 39 à
1151 2253 174 56 l'Opéra
1349 2263 43 33 et
1411 2257 173 42 confiné
1601 2258 109 42 dans
1729 2260 62 42 les
1813 2270 174 34 cartons

230 2323 51 41 de
300 2323 42 42 la
361 2323 226 55 direction,
609 2338 28 42 y
658 2324 50 44 fit
729 2340 88 28 une
840 2327 202 42 nouvelle
1062 2333 163 37 station
1245 2329 55 41 de
1315 2329 115 42 deux
1447 2345 94 28 ans.
1566 2332 220 44 M.Véron
1808 2349 54 29 ne
1875 2350 84 29 vou-

226 2394 79 43 lait
341 2409 75 41 pas
447 2397 207 42 entendre
687 2398 143 56 parler
860 2399 54 42 de
948 2408 68 34 cet
1046 2413 207 43 ouvrage.
1283 2402 255 57 Meyerbeer
1569 2406 150 44 ouvrit
1739 2421 79 29 son
1841 2418 122 46 porte-

228 2468 157 52 feuille,
407 2483 53 29 en
488 2470 126 44 sortit
647 2472 195 44 soixante
880 2473 121 43 mille
1041 2474 140 43 francs
1216 2484 43 35 et
1284 2477 63 42 les
1376 2479 198 54 présenta
1594 2484 26 39 à
1642 2481 242 55 M.Véron,
1905 2484 80 55 qui

230 2542 211 44 s'adoucit
474 2544 203 43 d'autant
714 2547 100 54 plus
853 2548 238 43 volontiers
1127 2553 168 52 qu'une
1329 2564 169 31 somme
1524 2554 118 55 égale
1672 2556 63 40 lui
1759 2558 106 42 était
1891 2557 96 56 déjà

228 2616 200 42 accordée
454 2632 76 40 par
559 2619 38 42 le
618 2619 242 52 ministère,
884 2622 85 43 soit
1000 2623 150 42 disant
1171 2637 113 43 pour
1308 2627 174 54 réparer
1499 2627 42 42 la
1570 2628 121 42 salle.
1714 2628 273 57 Cent-vingt

230 2689 118 42 mille
369 2689 160 56 francs,
550 2693 144 42 c'était
709 2693 102 56 plus
831 2695 112 55 qu'il
973 2708 56 29 ne
1046 2695 156 55 fallait,
1223 2710 56 30 en
1305 2698 128 56 1831,
1457 2713 112 42 pour
1588 2709 173 34 monter
1781 2704 177 55 magnifi-

229 2773 208 43 quement
459 2778 62 28 un
543 2768 142 53 opéra.
712 2768 66 42 M.
795 2768 145 43 Véron
962 2771 94 54 qui,
1071 2784 103 29 sous
1193 2771 189 44 certains
1405 2782 211 48 rapports,
1634 2777 270 43 ressemblait
1924 2793 63 28 un

228 2849 100 43 peu,
347 2836 158 56 dit-on,
525 2853 57 28 au
615 2840 174 43 tailleur
821 2841 52 42 de
911 2843 65 43 M.
999 2844 218 43 Jourdain
1250 2845 80 56 (4),
1350 2860 45 28 se
1415 2848 187 52 réserva,
1622 2848 38 56 je
1691 2863 146 43 pense,
1857 2859 128 36 outre

268 2985 49 40 (1)
337 2984 27 33 Il
376 2985 141 34 voulait
536 2985 79 35 dire
633 2986 226 47 incapables.

271 3038 49 42 (2)
345 3038 26 33 Il
389 3038 99 45 était,
510 3041 33 42 je
560 3041 111 44 crois,
693 3042 45 34 de
751 3043 63 33 dix
837 3044 104 35 mille
963 3044 133 37 francs.

270 3091 52 45 (3)
343 3093 143 37 L'autre
503 3094 88 37 était
611 3097 177 35 Germain
814 3099 216 45 Delavigne.

262 3160 61 50 .(4)
661 3175 42 24 M.
728 3175 187 37 JOURDAIN,
1646 3169 209 44 regardant

273 3213 77 35 Ah!
371 3215 62 34 ah!
469 3217 193 36 monsieur
691 3218 35 36 le
757 3220 168 47 tailleur,
949 3224 98 35 voilà
1080 3226 44 33 de
1152 3236 89 24 mon
1272 3226 108 37 étoffe
1410 3227 50 36 du
1489 3229 147 35 dernier
1662 3230 105 37 habit
1794 3243 69 35 q';e
1896 3244 93 25 vous

235 3279 35 23 m
284 3278 82 26 avez
385 3269 80 36 fait.
488 3272 42 34 Je
548 3272 35 35 la
604 3277 194 35 reconnois
820 3277 102 38 bien.

908 3359 47 23 LE
973 3361 136 24 MAITRE
1123 3361 185 25 TAILLEUR

277 3394 94 33 C'est
390 3403 73 33 que
484 3392 130 39 l'étoffe
634 3409 57 24 me
717 3401 139 36 sembla
878 3404 29 33 si
927 3404 110 44 belle,
1060 3417 73 33 que
1154 3406 71 42 j'en
1239 3406 31 33 ai
1295 3408 114 34 voulu
1429 3409 97 34 lever
1550 3419 51 24 un
1623 3410 105 35 habit
1748 3423 95 32 pour
1860 3413 87 34 moi.

818 3458 150 37 (Molière,
988 3460 182 39 Bourgeois
1188 3461 240 38 gentilhomme,
1442 3467 66 28 acte
1528 3464 42 36 11,
1592 3465 87 30 scène
1702 3465 109 38 Vill.J

455 3507 106 49 Vil.

1753 3523 21 37 3
