<?xml version="1.0" encoding="UTF-8"?>
<alto xmlns:xsi="http://www.w3.org/2001/XMLSchema-instance" xmlns="http://www.loc.gov/standards/alto/ns-v2#" xsi:schemaLocation="http://www.loc.gov/standards/alto/ns-v2# http://www.loc.gov/standards/alto/alto-v2.0.xsd" xmlns:xlink="http://www.w3.org/1999/xlink">
	<Description>
		<MeasurementUnit>mm10</MeasurementUnit>
		<sourceImageInformation>
			<fileName>//fileserver7/IN2/Princeton/Batch3/bmtnabc/1875/01/01_01/00000038.tif</fileName>
		</sourceImageInformation>
		<OCRProcessing ID="OCRPROCESSING_1">
			<preProcessingStep>
				<processingSoftware>
					<softwareCreator>CCS Content Conversion Specialists GmbH, Germany</softwareCreator>
					<softwareName>CCS docWORKS</softwareName>
					<softwareVersion>6.6-1.18</softwareVersion>
				</processingSoftware>
			</preProcessingStep>
			<ocrProcessingStep>
				<processingSoftware>
					<softwareCreator>ABBYY (BIT Software), Russia</softwareCreator>
					<softwareName>FineReader</softwareName>
					<softwareVersion>10.0</softwareVersion>
				</processingSoftware>
			</ocrProcessingStep>
		</OCRProcessing>
		<OCRProcessing ID="OCRPROCESSING_2">
			<preProcessingStep>
				<processingSoftware>
					<softwareCreator>CCS Content Conversion Specialists GmbH, Germany</softwareCreator>
					<softwareName>CCS docWORKS</softwareName>
					<softwareVersion>6.6-1.18</softwareVersion>
				</processingSoftware>
			</preProcessingStep>
			<ocrProcessingStep>
				<processingSoftware>
					<softwareCreator>ABBYY (BIT Software), Russia</softwareCreator>
					<softwareName>NA</softwareName>
				</processingSoftware>
			</ocrProcessingStep>
		</OCRProcessing>
	</Description>
	<Styles>
		<TextStyle ID="TXT_0" FONTSIZE="15" FONTFAMILY="Times New Roman"/>
		<TextStyle ID="TXT_1" FONTSIZE="26" FONTFAMILY="Times New Roman"/>
		<TextStyle ID="TXT_2" FONTSIZE="16" FONTFAMILY="Times New Roman" FONTSTYLE="italics"/>
		<TextStyle ID="TXT_3" FONTSIZE="14" FONTFAMILY="Times New Roman" FONTSTYLE="italics"/>
		<TextStyle ID="TXT_4" FONTSIZE="16" FONTFAMILY="Times New Roman"/>
		<TextStyle ID="TXT_5" FONTSIZE="15" FONTFAMILY="Times New Roman" FONTSTYLE="italics"/>
		<TextStyle ID="TXT_6" FONTSIZE="8" FONTFAMILY="Times New Roman"/>
		<ParagraphStyle ID="PAR_RIGHT" ALIGN="Right"/>
		<ParagraphStyle ID="PAR_LEFT" ALIGN="Left"/>
		<ParagraphStyle ID="PAR_BLOCK" ALIGN="Block"/>
	</Styles>
	<Layout>
		<Page ID="P27" PHYSICAL_IMG_NR="27" HEIGHT="4234" WIDTH="2288" PRINTED_IMG_NR="30" PC="0.931">
			<TopMargin ID="P27_TM00001" HPOS="0" VPOS="0" WIDTH="2288" HEIGHT="486">
				<TextBlock ID="P27_TB00001" HPOS="794" VPOS="431" WIDTH="847" HEIGHT="52" STYLEREFS="TXT_0 PAR_RIGHT">
					<TextLine ID="P27_TL00001" HPOS="794" VPOS="431" WIDTH="847" HEIGHT="52">
						<String ID="P27_ST00001" HPOS="794" VPOS="437" WIDTH="77" HEIGHT="40" CONTENT="LA" WC="0.98" CC="00"/>
						<SP ID="P27_SP00001" HPOS="871" VPOS="477" WIDTH="31"/>
						<String ID="P27_ST00002" HPOS="902" VPOS="432" WIDTH="386" HEIGHT="51" CONTENT="CHRONIQUE" WC="1.00" CC="160003000"/>
						<SP ID="P27_SP00002" HPOS="1288" VPOS="483" WIDTH="34"/>
						<String ID="P27_ST00003" HPOS="1322" VPOS="431" WIDTH="319" HEIGHT="42" CONTENT="MUSICALE" WC="1.00" CC="00003010"/>
					</TextLine>
				</TextBlock>
				<TextBlock ID="P27_TB00002" HPOS="337" VPOS="439" WIDTH="55" HEIGHT="44" STYLEREFS="TXT_1 PAR_LEFT">
					<TextLine ID="P27_TL00002" HPOS="337" VPOS="439" WIDTH="55" HEIGHT="44">
						<String ID="P27_ST00004" HPOS="337" VPOS="439" WIDTH="55" HEIGHT="44" CONTENT="30" WC="1.00" CC="00"/>
					</TextLine>
				</TextBlock>
			</TopMargin>
			<LeftMargin ID="P27_LM00001" HPOS="0" VPOS="486" WIDTH="331" HEIGHT="3041"/>
			<RightMargin ID="P27_RM00001" HPOS="2118" VPOS="486" WIDTH="170" HEIGHT="3041"/>
			<BottomMargin ID="P27_BM00001" HPOS="0" VPOS="3527" WIDTH="2288" HEIGHT="707"/>
			<PrintSpace ID="P27_PS00001" HPOS="331" VPOS="486" WIDTH="1787" HEIGHT="3043">
				<TextBlock ID="P27_TB00003" HPOS="331" VPOS="572" WIDTH="1787" HEIGHT="2721" STYLEREFS="TXT_0 PAR_BLOCK">
					<TextLine ID="P27_TL00003" HPOS="335" VPOS="573" WIDTH="1760" HEIGHT="65">
						<String ID="P27_ST00005" HPOS="335" VPOS="586" WIDTH="295" HEIGHT="42" CONTENT="considérable" WC="0.99" CC="213020436020"/>
						<SP ID="P27_SP00003" HPOS="630" VPOS="628" WIDTH="19"/>
						<String ID="P27_ST00006" HPOS="649" VPOS="594" WIDTH="43" HEIGHT="33" CONTENT="et" WC="0.69" CC="06"/>
						<SP ID="P27_SP00004" HPOS="692" VPOS="628" WIDTH="24"/>
						<String ID="P27_ST00007" HPOS="716" VPOS="585" WIDTH="170" HEIGHT="53" CONTENT="relègue" WC="0.99" CC="6050030"/>
						<SP ID="P27_SP00005" HPOS="886" VPOS="638" WIDTH="22"/>
						<String ID="P27_ST00008" HPOS="908" VPOS="597" WIDTH="57" HEIGHT="26" CONTENT="au" WC="0.51" CC="54"/>
						<SP ID="P27_SP00006" HPOS="965" VPOS="638" WIDTH="23"/>
						<String ID="P27_ST00009" HPOS="988" VPOS="580" WIDTH="156" HEIGHT="42" CONTENT="second" WC="1.00" CC="003020"/>
						<SP ID="P27_SP00007" HPOS="1144" VPOS="638" WIDTH="19"/>
						<String ID="P27_ST00010" HPOS="1163" VPOS="580" WIDTH="101" HEIGHT="55" CONTENT="plan" WC="0.99" CC="2030"/>
						<SP ID="P27_SP00008" HPOS="1264" VPOS="638" WIDTH="16"/>
						<String ID="P27_ST00011" HPOS="1280" VPOS="578" WIDTH="300" HEIGHT="42" CONTENT="l'instrument" WC="1.00" CC="036006105000"/>
						<SP ID="P27_SP00009" HPOS="1580" VPOS="638" WIDTH="19"/>
						<String ID="P27_ST00012" HPOS="1599" VPOS="578" WIDTH="104" HEIGHT="50" CONTENT="solo," WC="0.99" CC="00004"/>
						<SP ID="P27_SP00010" HPOS="1703" VPOS="638" WIDTH="19"/>
						<String ID="P27_ST00013" HPOS="1722" VPOS="574" WIDTH="101" HEIGHT="43" CONTENT="sauf" WC="0.99" CC="0200"/>
						<SP ID="P27_SP00011" HPOS="1823" VPOS="638" WIDTH="12"/>
						<String ID="P27_ST00014" HPOS="1835" VPOS="574" WIDTH="110" HEIGHT="41" CONTENT="dans" WC="0.99" CC="0040"/>
						<SP ID="P27_SP00012" HPOS="1945" VPOS="638" WIDTH="21"/>
						<String ID="P27_ST00015" HPOS="1966" VPOS="573" WIDTH="97" HEIGHT="41" CONTENT="TAn" SUBS_TYPE="HypPart1" SUBS_CONTENT="TAndante." WC="0.45" CC="807"/>
						<HYP HPOS="2063" VPOS="573" WIDTH="32" CONTENT="-"/>
					</TextLine>
					<TextLine ID="P27_TL00004" HPOS="336" VPOS="649" WIDTH="1760" HEIGHT="66">
						<String ID="P27_ST00016" HPOS="336" VPOS="663" WIDTH="147" HEIGHT="42" CONTENT="dante." SUBS_TYPE="HypPart2" SUBS_CONTENT="TAndante." WC="0.84" CC="000503"/>
						<SP ID="P27_SP00013" HPOS="483" VPOS="705" WIDTH="27"/>
						<String ID="P27_ST00017" HPOS="510" VPOS="663" WIDTH="55" HEIGHT="39" CONTENT="Et" WC="1.00" CC="00"/>
						<SP ID="P27_SP00014" HPOS="565" VPOS="705" WIDTH="22"/>
						<String ID="P27_ST00018" HPOS="587" VPOS="660" WIDTH="114" HEIGHT="55" CONTENT="puis," WC="0.99" CC="00104"/>
						<SP ID="P27_SP00015" HPOS="701" VPOS="715" WIDTH="26"/>
						<String ID="P27_ST00019" HPOS="727" VPOS="660" WIDTH="31" HEIGHT="40" CONTENT="il" WC="0.90" CC="20"/>
						<SP ID="P27_SP00016" HPOS="758" VPOS="715" WIDTH="28"/>
						<String ID="P27_ST00020" HPOS="786" VPOS="658" WIDTH="94" HEIGHT="40" CONTENT="faut" WC="1.00" CC="0000"/>
						<SP ID="P27_SP00017" HPOS="880" VPOS="715" WIDTH="28"/>
						<String ID="P27_ST00021" HPOS="908" VPOS="657" WIDTH="122" HEIGHT="41" CONTENT="avoir" WC="0.99" CC="06004"/>
						<SP ID="P27_SP00018" HPOS="1030" VPOS="715" WIDTH="21"/>
						<String ID="P27_ST00022" HPOS="1051" VPOS="656" WIDTH="39" HEIGHT="40" CONTENT="le" WC="0.82" CC="30"/>
						<SP ID="P27_SP00019" HPOS="1090" VPOS="715" WIDTH="20"/>
						<String ID="P27_ST00023" HPOS="1110" VPOS="667" WIDTH="183" HEIGHT="41" CONTENT="courage" WC="1.00" CC="0004000"/>
						<SP ID="P27_SP00020" HPOS="1293" VPOS="715" WIDTH="22"/>
						<String ID="P27_ST00024" HPOS="1315" VPOS="653" WIDTH="51" HEIGHT="40" CONTENT="de" WC="1.00" CC="00"/>
						<SP ID="P27_SP00021" HPOS="1366" VPOS="715" WIDTH="33"/>
						<String ID="P27_ST00025" HPOS="1399" VPOS="653" WIDTH="38" HEIGHT="40" CONTENT="le" WC="0.88" CC="02"/>
						<SP ID="P27_SP00022" HPOS="1437" VPOS="715" WIDTH="30"/>
						<String ID="P27_ST00026" HPOS="1467" VPOS="651" WIDTH="92" HEIGHT="41" CONTENT="dire" WC="1.00" CC="0100"/>
						<SP ID="P27_SP00023" HPOS="1559" VPOS="715" WIDTH="35"/>
						<String ID="P27_ST00027" HPOS="1594" VPOS="664" WIDTH="8" HEIGHT="28" CONTENT=":" WC="0.59" CC="4"/>
						<SP ID="P27_SP00024" HPOS="1602" VPOS="715" WIDTH="31"/>
						<String ID="P27_ST00028" HPOS="1633" VPOS="650" WIDTH="154" HEIGHT="54" CONTENT="depuis" WC="1.00" CC="000050"/>
						<SP ID="P27_SP00025" HPOS="1787" VPOS="715" WIDTH="27"/>
						<String ID="P27_ST00029" HPOS="1814" VPOS="649" WIDTH="197" HEIGHT="52" CONTENT="l'époque" WC="0.99" CC="01703000"/>
						<SP ID="P27_SP00026" HPOS="2011" VPOS="715" WIDTH="28"/>
						<String ID="P27_ST00030" HPOS="2039" VPOS="651" WIDTH="57" HEIGHT="36" CONTENT="où" WC="0.57" CC="07"/>
					</TextLine>
					<TextLine ID="P27_TL00005" HPOS="335" VPOS="722" WIDTH="1763" HEIGHT="62">
						<String ID="P27_ST00031" HPOS="335" VPOS="735" WIDTH="250" HEIGHT="41" CONTENT="Beethoven" WC="0.99" CC="000203408"/>
						<SP ID="P27_SP00027" HPOS="585" VPOS="776" WIDTH="25"/>
						<String ID="P27_ST00032" HPOS="610" VPOS="731" WIDTH="195" HEIGHT="53" CONTENT="écrivait," WC="0.99" CC="500000044"/>
						<SP ID="P27_SP00028" HPOS="805" VPOS="784" WIDTH="24"/>
						<String ID="P27_ST00033" HPOS="829" VPOS="729" WIDTH="262" HEIGHT="42" CONTENT="l'exécution" WC="1.00" CC="34300000200"/>
						<SP ID="P27_SP00029" HPOS="1091" VPOS="784" WIDTH="31"/>
						<String ID="P27_ST00034" HPOS="1122" VPOS="741" WIDTH="74" HEIGHT="28" CONTENT="sur" WC="0.95" CC="065"/>
						<SP ID="P27_SP00030" HPOS="1196" VPOS="784" WIDTH="29"/>
						<String ID="P27_ST00035" HPOS="1225" VPOS="727" WIDTH="39" HEIGHT="41" CONTENT="le" WC="0.90" CC="01"/>
						<SP ID="P27_SP00031" HPOS="1264" VPOS="784" WIDTH="20"/>
						<String ID="P27_ST00036" HPOS="1284" VPOS="727" WIDTH="132" HEIGHT="54" CONTENT="piano" WC="1.00" CC="00000"/>
						<SP ID="P27_SP00032" HPOS="1416" VPOS="784" WIDTH="28"/>
						<String ID="P27_ST00037" HPOS="1444" VPOS="739" WIDTH="24" HEIGHT="26" CONTENT="a" WC="0.64" CC="3"/>
						<SP ID="P27_SP00033" HPOS="1468" VPOS="784" WIDTH="26"/>
						<String ID="P27_ST00038" HPOS="1494" VPOS="723" WIDTH="224" HEIGHT="42" CONTENT="tellement" WC="0.99" CC="003105062"/>
						<SP ID="P27_SP00034" HPOS="1718" VPOS="784" WIDTH="31"/>
						<String ID="P27_ST00039" HPOS="1749" VPOS="722" WIDTH="78" HEIGHT="40" CONTENT="fait" WC="0.99" CC="0050"/>
						<SP ID="P27_SP00035" HPOS="1827" VPOS="784" WIDTH="24"/>
						<String ID="P27_ST00040" HPOS="1851" VPOS="722" WIDTH="53" HEIGHT="39" CONTENT="de" WC="1.00" CC="00"/>
						<SP ID="P27_SP00036" HPOS="1904" VPOS="784" WIDTH="22"/>
						<String ID="P27_ST00041" HPOS="1926" VPOS="724" WIDTH="172" HEIGHT="51" CONTENT="progrès" WC="0.98" CC="0506560"/>
					</TextLine>
					<TextLine ID="P27_TL00006" HPOS="334" VPOS="794" WIDTH="1761" HEIGHT="64">
						<String ID="P27_ST00042" HPOS="334" VPOS="816" WIDTH="41" HEIGHT="32" CONTENT="et" WC="0.31" CC="39"/>
						<SP ID="P27_SP00037" HPOS="375" VPOS="848" WIDTH="32"/>
						<String ID="P27_ST00043" HPOS="407" VPOS="807" WIDTH="299" HEIGHT="41" CONTENT="l'instrument" WC="1.00" CC="043000450060"/>
						<SP ID="P27_SP00038" HPOS="706" VPOS="848" WIDTH="37"/>
						<String ID="P27_ST00044" HPOS="743" VPOS="804" WIDTH="235" HEIGHT="41" CONTENT="lui-même" WC="0.99" CC="03240700"/>
						<SP ID="P27_SP00039" HPOS="978" VPOS="848" WIDTH="30"/>
						<String ID="P27_ST00045" HPOS="1008" VPOS="818" WIDTH="24" HEIGHT="26" CONTENT="a" WC="1.00" CC="0"/>
						<SP ID="P27_SP00040" HPOS="1032" VPOS="848" WIDTH="36"/>
						<String ID="P27_ST00046" HPOS="1068" VPOS="816" WIDTH="102" HEIGHT="42" CONTENT="reçu" WC="0.98" CC="4060"/>
						<SP ID="P27_SP00041" HPOS="1170" VPOS="858" WIDTH="34"/>
						<String ID="P27_ST00047" HPOS="1204" VPOS="802" WIDTH="52" HEIGHT="41" CONTENT="de" WC="1.00" CC="00"/>
						<SP ID="P27_SP00042" HPOS="1256" VPOS="858" WIDTH="37"/>
						<String ID="P27_ST00048" HPOS="1293" VPOS="801" WIDTH="33" HEIGHT="40" CONTENT="si" WC="1.00" CC="00"/>
						<SP ID="P27_SP00043" HPOS="1326" VPOS="858" WIDTH="40"/>
						<String ID="P27_ST00049" HPOS="1366" VPOS="800" WIDTH="235" HEIGHT="40" CONTENT="immenses" WC="1.00" CC="00005000"/>
						<SP ID="P27_SP00044" HPOS="1601" VPOS="858" WIDTH="36"/>
						<String ID="P27_ST00050" HPOS="1637" VPOS="794" WIDTH="458" HEIGHT="57" CONTENT="perfectionnements," WC="1.00" CC="405000003000007204"/>
					</TextLine>
					<TextLine ID="P27_TL00007" HPOS="334" VPOS="867" WIDTH="1766" HEIGHT="67">
						<String ID="P27_ST00051" HPOS="334" VPOS="880" WIDTH="143" HEIGHT="54" CONTENT="qu'un" WC="0.99" CC="04400"/>
						<SP ID="P27_SP00045" HPOS="477" VPOS="934" WIDTH="21"/>
						<String ID="P27_ST00052" HPOS="498" VPOS="886" WIDTH="200" HEIGHT="35" CONTENT="concerto" WC="0.99" CC="00400042"/>
						<SP ID="P27_SP00046" HPOS="698" VPOS="934" WIDTH="23"/>
						<String ID="P27_ST00053" HPOS="721" VPOS="878" WIDTH="78" HEIGHT="55" CONTENT="qui" WC="1.00" CC="000"/>
						<SP ID="P27_SP00047" HPOS="799" VPOS="934" WIDTH="27"/>
						<String ID="P27_ST00054" HPOS="826" VPOS="878" WIDTH="98" HEIGHT="41" CONTENT="date" WC="0.99" CC="0040"/>
						<SP ID="P27_SP00048" HPOS="924" VPOS="934" WIDTH="33"/>
						<String ID="P27_ST00055" HPOS="957" VPOS="878" WIDTH="133" HEIGHT="41" CONTENT="d'une" WC="0.98" CC="04450"/>
						<SP ID="P27_SP00049" HPOS="1090" VPOS="934" WIDTH="33"/>
						<String ID="P27_ST00056" HPOS="1123" VPOS="875" WIDTH="271" HEIGHT="42" CONTENT="soixantaine" WC="0.99" CC="20124720040"/>
						<SP ID="P27_SP00050" HPOS="1394" VPOS="934" WIDTH="35"/>
						<String ID="P27_ST00057" HPOS="1429" VPOS="872" WIDTH="207" HEIGHT="42" CONTENT="d'années" WC="0.99" CC="82006000"/>
						<SP ID="P27_SP00051" HPOS="1636" VPOS="934" WIDTH="28"/>
						<String ID="P27_ST00058" HPOS="1664" VPOS="883" WIDTH="54" HEIGHT="27" CONTENT="ne" WC="1.00" CC="00"/>
						<SP ID="P27_SP00052" HPOS="1718" VPOS="934" WIDTH="21"/>
						<String ID="P27_ST00059" HPOS="1739" VPOS="877" WIDTH="106" HEIGHT="47" CONTENT="peut" WC="0.98" CC="5003"/>
						<SP ID="P27_SP00053" HPOS="1845" VPOS="934" WIDTH="24"/>
						<String ID="P27_ST00060" HPOS="1869" VPOS="868" WIDTH="100" HEIGHT="55" CONTENT="plus" WC="0.99" CC="0140"/>
						<SP ID="P27_SP00054" HPOS="1969" VPOS="934" WIDTH="26"/>
						<String ID="P27_ST00061" HPOS="1995" VPOS="867" WIDTH="105" HEIGHT="41" CONTENT="faire" WC="0.99" CC="50100"/>
					</TextLine>
					<TextLine ID="P27_TL00008" HPOS="335" VPOS="941" WIDTH="1765" HEIGHT="67">
						<String ID="P27_ST00062" HPOS="335" VPOS="952" WIDTH="164" HEIGHT="55" CONTENT="grande" WC="0.99" CC="200303"/>
						<SP ID="P27_SP00055" HPOS="499" VPOS="1007" WIDTH="21"/>
						<String ID="P27_ST00063" HPOS="520" VPOS="952" WIDTH="261" HEIGHT="56" CONTENT="impression" WC="0.99" CC="2004160004"/>
						<SP ID="P27_SP00056" HPOS="781" VPOS="1008" WIDTH="23"/>
						<String ID="P27_ST00064" HPOS="804" VPOS="966" WIDTH="74" HEIGHT="28" CONTENT="sur" WC="0.97" CC="025"/>
						<SP ID="P27_SP00057" HPOS="878" VPOS="1008" WIDTH="22"/>
						<String ID="P27_ST00065" HPOS="900" VPOS="951" WIDTH="40" HEIGHT="41" CONTENT="la" WC="1.00" CC="00"/>
						<SP ID="P27_SP00058" HPOS="940" VPOS="1008" WIDTH="22"/>
						<String ID="P27_ST00066" HPOS="962" VPOS="949" WIDTH="259" HEIGHT="56" CONTENT="génération" WC="1.00" CC="0081500000"/>
						<SP ID="P27_SP00059" HPOS="1221" VPOS="1008" WIDTH="28"/>
						<String ID="P27_ST00067" HPOS="1249" VPOS="947" WIDTH="197" HEIGHT="43" CONTENT="actuelle." WC="1.00" CC="600000033"/>
						<SP ID="P27_SP00060" HPOS="1446" VPOS="1008" WIDTH="26"/>
						<String ID="P27_ST00068" HPOS="1472" VPOS="945" WIDTH="132" HEIGHT="42" CONTENT="Voilà" WC="1.00" CC="00002"/>
						<SP ID="P27_SP00061" HPOS="1604" VPOS="1008" WIDTH="27"/>
						<String ID="P27_ST00069" HPOS="1631" VPOS="956" WIDTH="153" HEIGHT="29" CONTENT="encore" WC="0.99" CC="104032"/>
						<SP ID="P27_SP00062" HPOS="1784" VPOS="1008" WIDTH="32"/>
						<String ID="P27_ST00070" HPOS="1816" VPOS="955" WIDTH="62" HEIGHT="28" CONTENT="un" WC="0.24" CC="86"/>
						<SP ID="P27_SP00063" HPOS="1878" VPOS="1008" WIDTH="31"/>
						<String ID="P27_ST00071" HPOS="1909" VPOS="941" WIDTH="191" HEIGHT="53" CONTENT="exemple" WC="1.00" CC="0050001"/>
					</TextLine>
					<TextLine ID="P27_TL00009" HPOS="334" VPOS="1014" WIDTH="1769" HEIGHT="60">
						<String ID="P27_ST00072" HPOS="334" VPOS="1027" WIDTH="52" HEIGHT="41" CONTENT="de" WC="1.00" CC="00"/>
						<SP ID="P27_SP00064" HPOS="386" VPOS="1068" WIDTH="28"/>
						<String ID="P27_ST00073" HPOS="414" VPOS="1041" WIDTH="47" HEIGHT="27" CONTENT="ce" WC="0.86" CC="02"/>
						<SP ID="P27_SP00065" HPOS="461" VPOS="1068" WIDTH="29"/>
						<String ID="P27_ST00074" HPOS="490" VPOS="1026" WIDTH="242" HEIGHT="42" CONTENT="fétichisme" WC="0.99" CC="3400332002"/>
						<SP ID="P27_SP00066" HPOS="732" VPOS="1068" WIDTH="27"/>
						<String ID="P27_ST00075" HPOS="759" VPOS="1040" WIDTH="53" HEIGHT="27" CONTENT="en" WC="1.00" CC="00"/>
						<SP ID="P27_SP00067" HPOS="812" VPOS="1068" WIDTH="23"/>
						<String ID="P27_ST00076" HPOS="835" VPOS="1027" WIDTH="152" HEIGHT="40" CONTENT="faveur" WC="0.99" CC="040005"/>
						<SP ID="P27_SP00068" HPOS="987" VPOS="1068" WIDTH="29"/>
						<String ID="P27_ST00077" HPOS="1016" VPOS="1024" WIDTH="52" HEIGHT="41" CONTENT="de" WC="1.00" CC="00"/>
						<SP ID="P27_SP00069" HPOS="1068" VPOS="1068" WIDTH="25"/>
						<String ID="P27_ST00078" HPOS="1093" VPOS="1023" WIDTH="267" HEIGHT="51" CONTENT="Beethoven," WC="1.00" CC="0300000003"/>
						<SP ID="P27_SP00070" HPOS="1360" VPOS="1074" WIDTH="23"/>
						<String ID="P27_ST00079" HPOS="1383" VPOS="1027" WIDTH="149" HEIGHT="36" CONTENT="contre" WC="0.99" CC="100050"/>
						<SP ID="P27_SP00071" HPOS="1532" VPOS="1074" WIDTH="21"/>
						<String ID="P27_ST00080" HPOS="1553" VPOS="1018" WIDTH="143" HEIGHT="56" CONTENT="lequel" WC="1.00" CC="000300"/>
						<SP ID="P27_SP00072" HPOS="1696" VPOS="1074" WIDTH="26"/>
						<String ID="P27_ST00081" HPOS="1722" VPOS="1018" WIDTH="39" HEIGHT="54" CONTENT="je" WC="0.97" CC="00"/>
						<SP ID="P27_SP00073" HPOS="1761" VPOS="1074" WIDTH="22"/>
						<String ID="P27_ST00082" HPOS="1783" VPOS="1029" WIDTH="70" HEIGHT="29" CONTENT="me" WC="0.76" CC="04"/>
						<SP ID="P27_SP00074" HPOS="1853" VPOS="1074" WIDTH="22"/>
						<String ID="P27_ST00083" HPOS="1875" VPOS="1014" WIDTH="91" HEIGHT="42" CONTENT="suis" WC="0.98" CC="1050"/>
						<SP ID="P27_SP00075" HPOS="1966" VPOS="1074" WIDTH="20"/>
						<String ID="P27_ST00084" HPOS="1986" VPOS="1014" WIDTH="117" HEIGHT="41" CONTENT="élevé" WC="0.98" CC="00074"/>
					</TextLine>
					<TextLine ID="P27_TL00010" HPOS="335" VPOS="1099" WIDTH="1010" HEIGHT="58">
						<String ID="P27_ST00085" HPOS="335" VPOS="1102" WIDTH="109" HEIGHT="41" CONTENT="dans" WC="0.99" CC="0040"/>
						<SP ID="P27_SP00076" HPOS="444" VPOS="1143" WIDTH="21"/>
						<String ID="P27_ST00086" HPOS="465" VPOS="1115" WIDTH="104" HEIGHT="29" CONTENT="mon" WC="0.97" CC="080"/>
						<SP ID="P27_SP00077" HPOS="569" VPOS="1144" WIDTH="23"/>
						<String ID="P27_ST00087" HPOS="592" VPOS="1100" WIDTH="335" HEIGHT="57" CONTENT="compte-rendu" WC="1.00" CC="000030400600"/>
						<SP ID="P27_SP00078" HPOS="927" VPOS="1157" WIDTH="20"/>
						<String ID="P27_ST00088" HPOS="947" VPOS="1101" WIDTH="59" HEIGHT="40" CONTENT="du" WC="0.73" CC="05"/>
						<SP ID="P27_SP00079" HPOS="1006" VPOS="1157" WIDTH="26"/>
						<String ID="P27_ST00089" HPOS="1032" VPOS="1100" WIDTH="46" HEIGHT="40" CONTENT="i5" WC="0.82" CC="21"/>
						<SP ID="P27_SP00080" HPOS="1078" VPOS="1157" WIDTH="25"/>
						<String ID="P27_ST00090" HPOS="1103" VPOS="1099" WIDTH="242" HEIGHT="40" CONTENT="décembre." WC="1.00" CC="020000000"/>
					</TextLine>
					<TextLine ID="P27_TL00011" HPOS="394" VPOS="1162" WIDTH="1705" HEIGHT="66">
						<String ID="P27_ST00091" HPOS="394" VPOS="1176" WIDTH="60" HEIGHT="40" CONTENT="Le" WC="1.00" CC="00"/>
						<SP ID="P27_SP00081" HPOS="454" VPOS="1216" WIDTH="20"/>
						<String ID="P27_ST00092" HPOS="474" VPOS="1176" WIDTH="185" HEIGHT="40" CONTENT="Menuet" WC="0.99" CC="001400"/>
						<SP ID="P27_SP00082" HPOS="659" VPOS="1216" WIDTH="23"/>
						<String ID="P27_ST00093" HPOS="682" VPOS="1175" WIDTH="60" HEIGHT="40" CONTENT="du" WC="0.70" CC="05"/>
						<SP ID="P27_SP00083" HPOS="742" VPOS="1216" WIDTH="29"/>
						<String ID="P27_ST00094" HPOS="771" VPOS="1173" WIDTH="252" HEIGHT="55" CONTENT="cinquième" WC="1.00" CC="000000000"/>
						<SP ID="P27_SP00084" HPOS="1023" VPOS="1228" WIDTH="26"/>
						<String ID="P27_ST00095" HPOS="1049" VPOS="1171" WIDTH="219" HEIGHT="56" CONTENT="quintette" WC="0.99" CC="053040300"/>
						<SP ID="P27_SP00085" HPOS="1268" VPOS="1228" WIDTH="28"/>
						<String ID="P27_ST00096" HPOS="1296" VPOS="1170" WIDTH="52" HEIGHT="41" CONTENT="de" WC="0.97" CC="00"/>
						<SP ID="P27_SP00086" HPOS="1348" VPOS="1228" WIDTH="32"/>
						<String ID="P27_ST00097" HPOS="1380" VPOS="1167" WIDTH="279" HEIGHT="50" CONTENT="Boccherini," WC="0.76" CC="02506003214"/>
						<SP ID="P27_SP00087" HPOS="1659" VPOS="1228" WIDTH="36"/>
						<String ID="P27_ST00098" HPOS="1695" VPOS="1165" WIDTH="99" HEIGHT="55" CONTENT="joué" WC="0.99" CC="3000"/>
						<SP ID="P27_SP00088" HPOS="1794" VPOS="1228" WIDTH="21"/>
						<String ID="P27_ST00099" HPOS="1815" VPOS="1178" WIDTH="77" HEIGHT="42" CONTENT="par" WC="0.98" CC="050"/>
						<SP ID="P27_SP00089" HPOS="1892" VPOS="1228" WIDTH="27"/>
						<String ID="P27_ST00100" HPOS="1919" VPOS="1171" WIDTH="99" HEIGHT="34" CONTENT="tous" WC="1.00" CC="0000"/>
						<SP ID="P27_SP00090" HPOS="2018" VPOS="1228" WIDTH="22"/>
						<String ID="P27_ST00101" HPOS="2040" VPOS="1162" WIDTH="59" HEIGHT="41" CONTENT="les" WC="0.97" CC="205"/>
					</TextLine>
					<TextLine ID="P27_TL00012" HPOS="332" VPOS="1239" WIDTH="1769" HEIGHT="61">
						<String ID="P27_ST00102" HPOS="332" VPOS="1250" WIDTH="291" HEIGHT="42" CONTENT="instruments" WC="0.99" CC="14008000900"/>
						<SP ID="P27_SP00091" HPOS="623" VPOS="1292" WIDTH="22"/>
						<String ID="P27_ST00103" HPOS="645" VPOS="1252" WIDTH="24" HEIGHT="37" CONTENT="à" WC="0.69" CC="3"/>
						<SP ID="P27_SP00092" HPOS="669" VPOS="1292" WIDTH="27"/>
						<String ID="P27_ST00104" HPOS="696" VPOS="1248" WIDTH="172" HEIGHT="52" CONTENT="cordes," WC="0.99" CC="0060007"/>
						<SP ID="P27_SP00093" HPOS="868" VPOS="1300" WIDTH="25"/>
						<String ID="P27_ST00105" HPOS="893" VPOS="1260" WIDTH="22" HEIGHT="26" CONTENT="a" WC="1.00" CC="0"/>
						<SP ID="P27_SP00094" HPOS="915" VPOS="1300" WIDTH="23"/>
						<String ID="P27_ST00106" HPOS="938" VPOS="1245" WIDTH="78" HEIGHT="41" CONTENT="fait" WC="0.98" CC="0034"/>
						<SP ID="P27_SP00095" HPOS="1016" VPOS="1300" WIDTH="30"/>
						<String ID="P27_ST00107" HPOS="1046" VPOS="1246" WIDTH="226" HEIGHT="52" CONTENT="beaucoup" WC="1.00" CC="00000000"/>
						<SP ID="P27_SP00096" HPOS="1272" VPOS="1300" WIDTH="21"/>
						<String ID="P27_ST00108" HPOS="1293" VPOS="1242" WIDTH="52" HEIGHT="42" CONTENT="de" WC="1.00" CC="00"/>
						<SP ID="P27_SP00097" HPOS="1345" VPOS="1300" WIDTH="22"/>
						<String ID="P27_ST00109" HPOS="1367" VPOS="1241" WIDTH="150" HEIGHT="56" CONTENT="plaisir" WC="1.00" CC="0000033"/>
						<SP ID="P27_SP00098" HPOS="1517" VPOS="1300" WIDTH="22"/>
						<String ID="P27_ST00110" HPOS="1539" VPOS="1250" WIDTH="41" HEIGHT="32" CONTENT="et" WC="0.69" CC="14"/>
						<SP ID="P27_SP00099" HPOS="1580" VPOS="1300" WIDTH="22"/>
						<String ID="P27_ST00111" HPOS="1602" VPOS="1255" WIDTH="22" HEIGHT="26" CONTENT="a" WC="1.00" CC="0"/>
						<SP ID="P27_SP00100" HPOS="1624" VPOS="1300" WIDTH="26"/>
						<String ID="P27_ST00112" HPOS="1650" VPOS="1241" WIDTH="66" HEIGHT="41" CONTENT="été" WC="1.00" CC="000"/>
						<SP ID="P27_SP00101" HPOS="1716" VPOS="1300" WIDTH="22"/>
						<String ID="P27_ST00113" HPOS="1738" VPOS="1239" WIDTH="125" HEIGHT="42" CONTENT="bissé." WC="0.99" CC="020003"/>
						<SP ID="P27_SP00102" HPOS="1863" VPOS="1300" WIDTH="30"/>
						<String ID="P27_ST00114" HPOS="1893" VPOS="1239" WIDTH="62" HEIGHT="40" CONTENT="La" WC="1.00" CC="00"/>
						<SP ID="P27_SP00103" HPOS="1955" VPOS="1300" WIDTH="23"/>
						<String ID="P27_ST00115" HPOS="1978" VPOS="1239" WIDTH="93" HEIGHT="40" CONTENT="Bru" SUBS_TYPE="HypPart1" SUBS_CONTENT="Brunette" WC="0.96" CC="460" STYLEREFS="TXT_2"/>
						<HYP HPOS="2071" VPOS="1239" WIDTH="30" CONTENT="-"/>
					</TextLine>
					<TextLine ID="P27_TL00013" HPOS="332" VPOS="1312" WIDTH="1769" HEIGHT="63">
						<String ID="P27_ST00116" HPOS="332" VPOS="1330" WIDTH="117" HEIGHT="35" CONTENT="nette" SUBS_TYPE="HypPart2" SUBS_CONTENT="Brunette" WC="0.98" CC="01225" STYLEREFS="TXT_2"/>
						<SP ID="P27_SP00104" HPOS="449" VPOS="1365" WIDTH="18"/>
						<String ID="P27_ST00117" HPOS="467" VPOS="1331" WIDTH="41" HEIGHT="33" CONTENT="et" WC="0.75" CC="04"/>
						<SP ID="P27_SP00105" HPOS="508" VPOS="1365" WIDTH="17"/>
						<String ID="P27_ST00118" HPOS="525" VPOS="1323" WIDTH="41" HEIGHT="41" CONTENT="la" WC="0.84" CC="03"/>
						<SP ID="P27_SP00106" HPOS="566" VPOS="1365" WIDTH="22"/>
						<String ID="P27_ST00119" HPOS="588" VPOS="1322" WIDTH="195" HEIGHT="41" CONTENT="chanson" WC="0.99" CC="4007000"/>
						<SP ID="P27_SP00107" HPOS="783" VPOS="1365" WIDTH="24"/>
						<String ID="P27_ST00120" HPOS="807" VPOS="1320" WIDTH="234" HEIGHT="55" CONTENT="bachique," WC="1.00" CC="000030004"/>
						<SP ID="P27_SP00108" HPOS="1041" VPOS="1375" WIDTH="22"/>
						<String ID="P27_ST00121" HPOS="1063" VPOS="1332" WIDTH="77" HEIGHT="41" CONTENT="par" WC="0.98" CC="005"/>
						<SP ID="P27_SP00109" HPOS="1140" VPOS="1375" WIDTH="21"/>
						<String ID="P27_ST00122" HPOS="1161" VPOS="1319" WIDTH="73" HEIGHT="40" CONTENT="des" WC="1.00" CC="000"/>
						<SP ID="P27_SP00110" HPOS="1234" VPOS="1375" WIDTH="26"/>
						<String ID="P27_ST00123" HPOS="1260" VPOS="1325" WIDTH="181" HEIGHT="33" CONTENT="auteurs" WC="0.99" CC="0040450"/>
						<SP ID="P27_SP00111" HPOS="1441" VPOS="1375" WIDTH="21"/>
						<String ID="P27_ST00124" HPOS="1462" VPOS="1316" WIDTH="219" HEIGHT="41" CONTENT="inconnus" WC="0.99" CC="05327040"/>
						<SP ID="P27_SP00112" HPOS="1681" VPOS="1375" WIDTH="22"/>
						<String ID="P27_ST00125" HPOS="1703" VPOS="1314" WIDTH="61" HEIGHT="41" CONTENT="du" WC="0.76" CC="04"/>
						<SP ID="P27_SP00113" HPOS="1764" VPOS="1375" WIDTH="24"/>
						<String ID="P27_ST00126" HPOS="1788" VPOS="1312" WIDTH="313" HEIGHT="54" CONTENT="dix-septième" WC="1.00" CC="008400020100"/>
					</TextLine>
					<TextLine ID="P27_TL00014" HPOS="332" VPOS="1383" WIDTH="1772" HEIGHT="67">
						<String ID="P27_ST00127" HPOS="332" VPOS="1397" WIDTH="144" HEIGHT="52" CONTENT="siècle," WC="0.99" CC="0110024"/>
						<SP ID="P27_SP00114" HPOS="476" VPOS="1449" WIDTH="37"/>
						<String ID="P27_ST00128" HPOS="513" VPOS="1396" WIDTH="201" HEIGHT="41" CONTENT="chantées" WC="1.00" CC="00001010"/>
						<SP ID="P27_SP00115" HPOS="714" VPOS="1449" WIDTH="24"/>
						<String ID="P27_ST00129" HPOS="738" VPOS="1408" WIDTH="76" HEIGHT="42" CONTENT="par" WC="1.00" CC="000"/>
						<SP ID="P27_SP00116" HPOS="814" VPOS="1450" WIDTH="27"/>
						<String ID="P27_ST00130" HPOS="841" VPOS="1394" WIDTH="39" HEIGHT="41" CONTENT="le" WC="1.00" CC="00"/>
						<SP ID="P27_SP00117" HPOS="880" VPOS="1450" WIDTH="22"/>
						<String ID="P27_ST00131" HPOS="902" VPOS="1401" WIDTH="192" HEIGHT="47" CONTENT="quatuor" WC="0.99" CC="0050035"/>
						<SP ID="P27_SP00118" HPOS="1094" VPOS="1450" WIDTH="23"/>
						<String ID="P27_ST00132" HPOS="1117" VPOS="1392" WIDTH="138" HEIGHT="49" CONTENT="vocal," WC="0.99" CC="015004"/>
						<SP ID="P27_SP00119" HPOS="1255" VPOS="1450" WIDTH="38"/>
						<String ID="P27_ST00133" HPOS="1293" VPOS="1399" WIDTH="99" HEIGHT="32" CONTENT="sont" WC="0.97" CC="0075"/>
						<SP ID="P27_SP00120" HPOS="1392" VPOS="1450" WIDTH="37"/>
						<String ID="P27_ST00134" HPOS="1429" VPOS="1389" WIDTH="36" HEIGHT="41" CONTENT="si" WC="1.00" CC="00"/>
						<SP ID="P27_SP00121" HPOS="1465" VPOS="1450" WIDTH="35"/>
						<String ID="P27_ST00135" HPOS="1500" VPOS="1395" WIDTH="146" HEIGHT="35" CONTENT="courts" WC="1.00" CC="000400"/>
						<SP ID="P27_SP00122" HPOS="1646" VPOS="1450" WIDTH="34"/>
						<String ID="P27_ST00136" HPOS="1680" VPOS="1388" WIDTH="136" HEIGHT="54" CONTENT="qu'on" WC="0.99" CC="00450"/>
						<SP ID="P27_SP00123" HPOS="1816" VPOS="1450" WIDTH="33"/>
						<String ID="P27_ST00137" HPOS="1849" VPOS="1385" WIDTH="70" HEIGHT="41" CONTENT="n'a" WC="0.98" CC="040"/>
						<SP ID="P27_SP00124" HPOS="1919" VPOS="1450" WIDTH="33"/>
						<String ID="P27_ST00138" HPOS="1952" VPOS="1397" WIDTH="76" HEIGHT="42" CONTENT="pas" WC="1.00" CC="000"/>
						<SP ID="P27_SP00125" HPOS="2028" VPOS="1450" WIDTH="37"/>
						<String ID="P27_ST00139" HPOS="2065" VPOS="1383" WIDTH="39" HEIGHT="40" CONTENT="le" WC="0.87" CC="20"/>
					</TextLine>
					<TextLine ID="P27_TL00015" HPOS="333" VPOS="1458" WIDTH="1772" HEIGHT="67">
						<String ID="P27_ST00140" HPOS="333" VPOS="1479" WIDTH="140" HEIGHT="46" CONTENT="temps" WC="1.00" CC="03000"/>
						<SP ID="P27_SP00126" HPOS="473" VPOS="1525" WIDTH="21"/>
						<String ID="P27_ST00141" HPOS="494" VPOS="1470" WIDTH="53" HEIGHT="40" CONTENT="de" WC="1.00" CC="00"/>
						<SP ID="P27_SP00127" HPOS="547" VPOS="1525" WIDTH="31"/>
						<String ID="P27_ST00142" HPOS="578" VPOS="1470" WIDTH="122" HEIGHT="54" CONTENT="juger" WC="0.98" CC="50005"/>
						<SP ID="P27_SP00128" HPOS="700" VPOS="1525" WIDTH="32"/>
						<String ID="P27_ST00143" HPOS="732" VPOS="1469" WIDTH="51" HEIGHT="41" CONTENT="de" WC="0.78" CC="04"/>
						<SP ID="P27_SP00129" HPOS="783" VPOS="1525" WIDTH="20"/>
						<String ID="P27_ST00144" HPOS="803" VPOS="1468" WIDTH="95" HEIGHT="41" CONTENT="leur" WC="1.00" CC="0000"/>
						<SP ID="P27_SP00130" HPOS="898" VPOS="1525" WIDTH="22"/>
						<String ID="P27_ST00145" HPOS="920" VPOS="1466" WIDTH="111" HEIGHT="43" CONTENT="effet." WC="0.98" CC="066032"/>
						<SP ID="P27_SP00131" HPOS="1031" VPOS="1525" WIDTH="39"/>
						<String ID="P27_ST00146" HPOS="1070" VPOS="1467" WIDTH="62" HEIGHT="40" CONTENT="La" WC="1.00" CC="00"/>
						<SP ID="P27_SP00132" HPOS="1132" VPOS="1525" WIDTH="34"/>
						<String ID="P27_ST00147" HPOS="1166" VPOS="1465" WIDTH="125" HEIGHT="41" CONTENT="Suite" WC="0.99" CC="06000"/>
						<SP ID="P27_SP00133" HPOS="1291" VPOS="1525" WIDTH="35"/>
						<String ID="P27_ST00148" HPOS="1326" VPOS="1463" WIDTH="261" HEIGHT="42" CONTENT="d'orchestre" WC="0.99" CC="04400005900"/>
						<SP ID="P27_SP00134" HPOS="1587" VPOS="1525" WIDTH="31"/>
						<String ID="P27_ST00149" HPOS="1618" VPOS="1463" WIDTH="52" HEIGHT="40" CONTENT="de" WC="0.76" CC="04"/>
						<SP ID="P27_SP00135" HPOS="1670" VPOS="1525" WIDTH="34"/>
						<String ID="P27_ST00150" HPOS="1704" VPOS="1461" WIDTH="64" HEIGHT="45" CONTENT="M." WC="0.67" CC="06"/>
						<SP ID="P27_SP00136" HPOS="1768" VPOS="1525" WIDTH="40"/>
						<String ID="P27_ST00151" HPOS="1808" VPOS="1458" WIDTH="208" HEIGHT="54" CONTENT="Gounod," WC="0.71" CC="0037107"/>
						<SP ID="P27_SP00137" HPOS="2016" VPOS="1525" WIDTH="28"/>
						<String ID="P27_ST00152" HPOS="2044" VPOS="1460" WIDTH="61" HEIGHT="40" CONTENT="les" WC="1.00" CC="010" STYLEREFS="TXT_2"/>
					</TextLine>
					<TextLine ID="P27_TL00016" HPOS="332" VPOS="1533" WIDTH="1773" HEIGHT="63">
						<String ID="P27_ST00153" HPOS="332" VPOS="1544" WIDTH="277" HEIGHT="43" CONTENT="Bacchantes" WC="1.00" CC="0700060000" STYLEREFS="TXT_2"/>
						<String ID="P27_ST00154" HPOS="616" VPOS="1578" WIDTH="9" HEIGHT="18" CONTENT="," WC="0.58" CC="4"/>
						<SP ID="P27_SP00138" HPOS="625" VPOS="1596" WIDTH="25"/>
						<String ID="P27_ST00155" HPOS="650" VPOS="1558" WIDTH="24" HEIGHT="26" CONTENT="a" WC="1.00" CC="0"/>
						<SP ID="P27_SP00139" HPOS="674" VPOS="1596" WIDTH="27"/>
						<String ID="P27_ST00156" HPOS="701" VPOS="1543" WIDTH="66" HEIGHT="41" CONTENT="été" WC="0.98" CC="060"/>
						<SP ID="P27_SP00140" HPOS="767" VPOS="1596" WIDTH="29"/>
						<String ID="P27_ST00157" HPOS="796" VPOS="1541" WIDTH="250" HEIGHT="55" CONTENT="applaudie." WC="1.00" CC="0000000203"/>
						<SP ID="P27_SP00141" HPOS="1046" VPOS="1596" WIDTH="27"/>
						<String ID="P27_ST00158" HPOS="1073" VPOS="1540" WIDTH="289" HEIGHT="41" CONTENT="L'ouverture" WC="1.00" CC="00000303060"/>
						<SP ID="P27_SP00142" HPOS="1362" VPOS="1596" WIDTH="27"/>
						<String ID="P27_ST00159" HPOS="1389" VPOS="1538" WIDTH="52" HEIGHT="41" CONTENT="de" WC="1.00" CC="00"/>
						<SP ID="P27_SP00143" HPOS="1441" VPOS="1596" WIDTH="29"/>
						<String ID="P27_ST00160" HPOS="1470" VPOS="1540" WIDTH="43" HEIGHT="39" CONTENT="la" WC="0.67" CC="06" STYLEREFS="TXT_2"/>
						<SP ID="P27_SP00144" HPOS="1513" VPOS="1596" WIDTH="22"/>
						<String ID="P27_ST00161" HPOS="1535" VPOS="1536" WIDTH="109" HEIGHT="42" CONTENT="Fête" WC="0.99" CC="0040" STYLEREFS="TXT_2"/>
						<SP ID="P27_SP00145" HPOS="1644" VPOS="1596" WIDTH="21"/>
						<String ID="P27_ST00162" HPOS="1665" VPOS="1536" WIDTH="61" HEIGHT="41" CONTENT="du" WC="0.80" CC="03" STYLEREFS="TXT_2"/>
						<SP ID="P27_SP00146" HPOS="1726" VPOS="1596" WIDTH="32"/>
						<String ID="P27_ST00163" HPOS="1758" VPOS="1534" WIDTH="185" HEIGHT="55" CONTENT="Village" WC="0.98" CC="0000677" STYLEREFS="TXT_2"/>
						<SP ID="P27_SP00147" HPOS="1943" VPOS="1596" WIDTH="21"/>
						<String ID="P27_ST00164" HPOS="1964" VPOS="1533" WIDTH="141" HEIGHT="43" CONTENT="voisin" WC="0.99" CC="260000" STYLEREFS="TXT_2"/>
					</TextLine>
					<TextLine ID="P27_TL00017" HPOS="333" VPOS="1612" WIDTH="1774" HEIGHT="58">
						<String ID="P27_ST00165" HPOS="333" VPOS="1627" WIDTH="42" HEIGHT="32" CONTENT="et" WC="1.00" CC="00"/>
						<SP ID="P27_SP00148" HPOS="375" VPOS="1659" WIDTH="31"/>
						<String ID="P27_ST00166" HPOS="406" VPOS="1618" WIDTH="41" HEIGHT="40" CONTENT="la" WC="1.00" CC="00"/>
						<SP ID="P27_SP00149" HPOS="447" VPOS="1659" WIDTH="35"/>
						<String ID="P27_ST00167" HPOS="482" VPOS="1617" WIDTH="190" HEIGHT="41" CONTENT="Marche" WC="0.99" CC="075000" STYLEREFS="TXT_2"/>
						<SP ID="P27_SP00150" HPOS="672" VPOS="1659" WIDTH="41"/>
						<String ID="P27_ST00168" HPOS="713" VPOS="1623" WIDTH="160" HEIGHT="47" CONTENT="turque" WC="0.99" CC="010530" STYLEREFS="TXT_2"/>
						<SP ID="P27_SP00151" HPOS="873" VPOS="1670" WIDTH="33"/>
						<String ID="P27_ST00169" HPOS="906" VPOS="1615" WIDTH="51" HEIGHT="41" CONTENT="de" WC="1.00" CC="00"/>
						<SP ID="P27_SP00152" HPOS="957" VPOS="1670" WIDTH="39"/>
						<String ID="P27_ST00170" HPOS="996" VPOS="1614" WIDTH="187" HEIGHT="50" CONTENT="Mozart," WC="0.99" CC="0400244"/>
						<SP ID="P27_SP00153" HPOS="1183" VPOS="1670" WIDTH="27"/>
						<String ID="P27_ST00171" HPOS="1210" VPOS="1613" WIDTH="163" HEIGHT="56" CONTENT="placées" WC="1.00" CC="0002000"/>
						<SP ID="P27_SP00154" HPOS="1373" VPOS="1670" WIDTH="38"/>
						<String ID="P27_ST00172" HPOS="1411" VPOS="1612" WIDTH="119" HEIGHT="42" CONTENT="l'une" WC="1.00" CC="04000"/>
						<SP ID="P27_SP00155" HPOS="1530" VPOS="1670" WIDTH="32"/>
						<String ID="P27_ST00173" HPOS="1562" VPOS="1625" WIDTH="56" HEIGHT="27" CONTENT="au" WC="0.82" CC="30"/>
						<SP ID="P27_SP00156" HPOS="1618" VPOS="1670" WIDTH="31"/>
						<String ID="P27_ST00174" HPOS="1649" VPOS="1614" WIDTH="381" HEIGHT="37" CONTENT="commencement" WC="0.99" CC="030036008270"/>
						<SP ID="P27_SP00157" HPOS="2030" VPOS="1670" WIDTH="37"/>
						<String ID="P27_ST00175" HPOS="2067" VPOS="1615" WIDTH="40" HEIGHT="33" CONTENT="et" WC="0.63" CC="34"/>
					</TextLine>
					<TextLine ID="P27_TL00018" HPOS="332" VPOS="1686" WIDTH="1328" HEIGHT="57">
						<String ID="P27_ST00176" HPOS="332" VPOS="1691" WIDTH="153" HEIGHT="43" CONTENT="l'autre" WC="0.98" CC="5485032"/>
						<SP ID="P27_SP00158" HPOS="485" VPOS="1734" WIDTH="22"/>
						<String ID="P27_ST00177" HPOS="507" VPOS="1696" WIDTH="23" HEIGHT="37" CONTENT="à" WC="0.62" CC="3"/>
						<SP ID="P27_SP00159" HPOS="530" VPOS="1734" WIDTH="20"/>
						<String ID="P27_ST00178" HPOS="550" VPOS="1691" WIDTH="42" HEIGHT="41" CONTENT="la" WC="0.84" CC="30"/>
						<SP ID="P27_SP00160" HPOS="592" VPOS="1734" WIDTH="21"/>
						<String ID="P27_ST00179" HPOS="613" VPOS="1689" WIDTH="61" HEIGHT="42" CONTENT="fin" WC="0.95" CC="670"/>
						<SP ID="P27_SP00161" HPOS="674" VPOS="1734" WIDTH="22"/>
						<String ID="P27_ST00180" HPOS="696" VPOS="1689" WIDTH="60" HEIGHT="42" CONTENT="du" WC="0.71" CC="05"/>
						<SP ID="P27_SP00162" HPOS="756" VPOS="1734" WIDTH="22"/>
						<String ID="P27_ST00181" HPOS="778" VPOS="1689" WIDTH="200" HEIGHT="54" CONTENT="Concert," WC="0.99" CC="01550024"/>
						<SP ID="P27_SP00163" HPOS="978" VPOS="1743" WIDTH="24"/>
						<String ID="P27_ST00182" HPOS="1002" VPOS="1688" WIDTH="110" HEIGHT="42" CONTENT="l'ont" WC="0.98" CC="03364"/>
						<SP ID="P27_SP00164" HPOS="1112" VPOS="1743" WIDTH="22"/>
						<String ID="P27_ST00183" HPOS="1134" VPOS="1687" WIDTH="307" HEIGHT="55" CONTENT="parfaitement" WC="1.00" CC="005002000263"/>
						<SP ID="P27_SP00165" HPOS="1441" VPOS="1743" WIDTH="20"/>
						<String ID="P27_ST00184" HPOS="1461" VPOS="1686" WIDTH="199" HEIGHT="42" CONTENT="encadré." WC="0.99" CC="60300627"/>
					</TextLine>
					<TextLine ID="P27_TL00019" HPOS="1670" VPOS="1776" WIDTH="153" HEIGHT="43">
						<String ID="P27_ST00185" HPOS="1670" VPOS="1777" WIDTH="66" HEIGHT="41" CONTENT="H." WC="0.63" CC="07" STYLEREFS="TXT_2"/>
						<SP ID="P27_SP00166" HPOS="1736" VPOS="1818" WIDTH="40"/>
						<String ID="P27_ST00186" HPOS="1776" VPOS="1776" WIDTH="47" HEIGHT="43" CONTENT="C." WC="0.99" CC="00" STYLEREFS="TXT_2"/>
					</TextLine>
					<TextLine ID="P27_TL00020" HPOS="392" VPOS="1963" WIDTH="1713" HEIGHT="59">
						<String ID="P27_ST00187" HPOS="392" VPOS="1970" WIDTH="206" HEIGHT="47" CONTENT="SOCIÉTÉ" WC="0.99" CC="3032152" STYLEREFS="TXT_3"/>
						<SP ID="P27_SP00167" HPOS="598" VPOS="2017" WIDTH="27"/>
						<String ID="P27_ST00188" HPOS="625" VPOS="1980" WIDTH="396" HEIGHT="41" CONTENT="PHILHARMONIQUE" WC="0.99" CC="44007000405630" STYLEREFS="TXT_3"/>
						<SP ID="P27_SP00168" HPOS="1021" VPOS="2021" WIDTH="23"/>
						<String ID="P27_ST00189" HPOS="1044" VPOS="1982" WIDTH="60" HEIGHT="30" CONTENT="DE" WC="1.00" CC="00" STYLEREFS="TXT_3"/>
						<SP ID="P27_SP00169" HPOS="1104" VPOS="2021" WIDTH="30"/>
						<String ID="P27_ST00190" HPOS="1134" VPOS="1970" WIDTH="133" HEIGHT="41" CONTENT="PARIS" WC="0.98" CC="42034" STYLEREFS="TXT_3"/>
						<String ID="P27_ST00191" HPOS="1275" VPOS="2001" WIDTH="8" HEIGHT="9" CONTENT="." WC="0.55" CC="4"/>
						<SP ID="P27_SP00170" HPOS="1283" VPOS="2021" WIDTH="22"/>
						<String ID="P27_ST00192" HPOS="1305" VPOS="1992" WIDTH="54" HEIGHT="7" CONTENT="—" WC="0.20" CC="8"/>
						<SP ID="P27_SP00171" HPOS="1359" VPOS="2021" WIDTH="21"/>
						<String ID="P27_ST00193" HPOS="1380" VPOS="1967" WIDTH="196" HEIGHT="55" CONTENT="J'ignore" WC="0.98" CC="04507673"/>
						<SP ID="P27_SP00172" HPOS="1576" VPOS="2022" WIDTH="22"/>
						<String ID="P27_ST00194" HPOS="1598" VPOS="1964" WIDTH="79" HEIGHT="58" CONTENT="qui" WC="0.97" CC="403"/>
						<SP ID="P27_SP00173" HPOS="1677" VPOS="2022" WIDTH="19"/>
						<String ID="P27_ST00195" HPOS="1696" VPOS="1973" WIDTH="63" HEIGHT="33" CONTENT="est" WC="0.99" CC="030"/>
						<SP ID="P27_SP00174" HPOS="1759" VPOS="2022" WIDTH="22"/>
						<String ID="P27_ST00196" HPOS="1781" VPOS="1963" WIDTH="324" HEIGHT="42" CONTENT="mademoiselle" WC="1.00" CC="020000100000"/>
					</TextLine>
					<TextLine ID="P27_TL00021" HPOS="340" VPOS="2036" WIDTH="1767" HEIGHT="66">
						<String ID="P27_ST00197" HPOS="340" VPOS="2050" WIDTH="142" HEIGHT="41" CONTENT="Laure" WC="0.92" CC="04000"/>
						<SP ID="P27_SP00175" HPOS="482" VPOS="2091" WIDTH="25"/>
						<String ID="P27_ST00198" HPOS="507" VPOS="2048" WIDTH="215" HEIGHT="52" CONTENT="Lemaire," WC="0.80" CC="70002104"/>
						<SP ID="P27_SP00176" HPOS="722" VPOS="2100" WIDTH="33"/>
						<String ID="P27_ST00199" HPOS="755" VPOS="2046" WIDTH="52" HEIGHT="42" CONTENT="de" WC="0.95" CC="00"/>
						<SP ID="P27_SP00177" HPOS="807" VPOS="2100" WIDTH="21"/>
						<String ID="P27_ST00200" HPOS="828" VPOS="2046" WIDTH="146" HEIGHT="56" CONTENT="quelle" WC="1.00" CC="000020"/>
						<SP ID="P27_SP00178" HPOS="974" VPOS="2102" WIDTH="23"/>
						<String ID="P27_ST00201" HPOS="997" VPOS="2044" WIDTH="116" HEIGHT="42" CONTENT="école" WC="1.00" CC="11000"/>
						<SP ID="P27_SP00179" HPOS="1113" VPOS="2102" WIDTH="27"/>
						<String ID="P27_ST00202" HPOS="1140" VPOS="2044" WIDTH="80" HEIGHT="41" CONTENT="elle" WC="0.99" CC="0110"/>
						<SP ID="P27_SP00180" HPOS="1220" VPOS="2102" WIDTH="32"/>
						<String ID="P27_ST00203" HPOS="1252" VPOS="2050" WIDTH="88" HEIGHT="34" CONTENT="sort" WC="1.00" CC="0000"/>
						<SP ID="P27_SP00181" HPOS="1340" VPOS="2102" WIDTH="36"/>
						<String ID="P27_ST00204" HPOS="1376" VPOS="2049" WIDTH="41" HEIGHT="34" CONTENT="et" WC="1.00" CC="00"/>
						<SP ID="P27_SP00182" HPOS="1417" VPOS="2102" WIDTH="21"/>
						<String ID="P27_ST00205" HPOS="1438" VPOS="2041" WIDTH="77" HEIGHT="55" CONTENT="qui" WC="1.00" CC="000"/>
						<SP ID="P27_SP00183" HPOS="1515" VPOS="2102" WIDTH="31"/>
						<String ID="P27_ST00206" HPOS="1546" VPOS="2048" WIDTH="63" HEIGHT="34" CONTENT="est" WC="0.97" CC="007"/>
						<SP ID="P27_SP00184" HPOS="1609" VPOS="2102" WIDTH="33"/>
						<String ID="P27_ST00207" HPOS="1642" VPOS="2053" WIDTH="78" HEIGHT="28" CONTENT="son" WC="1.00" CC="000"/>
						<SP ID="P27_SP00185" HPOS="1720" VPOS="2102" WIDTH="35"/>
						<String ID="P27_ST00208" HPOS="1755" VPOS="2038" WIDTH="256" HEIGHT="56" CONTENT="professeur." WC="1.00" CC="00000000002"/>
						<SP ID="P27_SP00186" HPOS="2011" VPOS="2102" WIDTH="35"/>
						<String ID="P27_ST00209" HPOS="2046" VPOS="2036" WIDTH="61" HEIGHT="42" CONTENT="Ce" WC="0.75" CC="04"/>
					</TextLine>
					<TextLine ID="P27_TL00022" HPOS="341" VPOS="2112" WIDTH="1765" HEIGHT="66">
						<String ID="P27_ST00210" HPOS="341" VPOS="2137" WIDTH="87" HEIGHT="41" CONTENT="que" WC="1.00" CC="000"/>
						<SP ID="P27_SP00187" HPOS="428" VPOS="2178" WIDTH="20"/>
						<String ID="P27_ST00211" HPOS="448" VPOS="2122" WIDTH="38" HEIGHT="56" CONTENT="je" WC="0.81" CC="30"/>
						<SP ID="P27_SP00188" HPOS="486" VPOS="2178" WIDTH="22"/>
						<String ID="P27_ST00212" HPOS="508" VPOS="2123" WIDTH="99" HEIGHT="50" CONTENT="sais,," WC="0.99" CC="004007"/>
						<SP ID="P27_SP00189" HPOS="607" VPOS="2178" WIDTH="25"/>
						<String ID="P27_ST00213" HPOS="632" VPOS="2123" WIDTH="101" HEIGHT="40" CONTENT="c'est" WC="0.99" CC="04000"/>
						<SP ID="P27_SP00190" HPOS="733" VPOS="2178" WIDTH="21"/>
						<String ID="P27_ST00214" HPOS="754" VPOS="2120" WIDTH="159" HEIGHT="56" CONTENT="qu'elle" WC="0.99" CC="0630020"/>
						<SP ID="P27_SP00191" HPOS="913" VPOS="2178" WIDTH="21"/>
						<String ID="P27_ST00215" HPOS="934" VPOS="2128" WIDTH="62" HEIGHT="33" CONTENT="est" WC="1.00" CC="000"/>
						<SP ID="P27_SP00192" HPOS="996" VPOS="2178" WIDTH="22"/>
						<String ID="P27_ST00216" HPOS="1018" VPOS="2121" WIDTH="85" HEIGHT="39" CONTENT="très" WC="1.00" CC="0000"/>
						<SP ID="P27_SP00193" HPOS="1103" VPOS="2178" WIDTH="21"/>
						<String ID="P27_ST00217" HPOS="1124" VPOS="2117" WIDTH="129" HEIGHT="55" CONTENT="jeune" WC="0.99" CC="60020"/>
						<SP ID="P27_SP00194" HPOS="1253" VPOS="2178" WIDTH="20"/>
						<String ID="P27_ST00218" HPOS="1273" VPOS="2124" WIDTH="41" HEIGHT="33" CONTENT="et" WC="0.93" CC="01"/>
						<SP ID="P27_SP00195" HPOS="1314" VPOS="2178" WIDTH="21"/>
						<String ID="P27_ST00219" HPOS="1335" VPOS="2116" WIDTH="133" HEIGHT="41" CONTENT="d'une" WC="0.99" CC="04020"/>
						<SP ID="P27_SP00196" HPOS="1468" VPOS="2178" WIDTH="21"/>
						<String ID="P27_ST00220" HPOS="1489" VPOS="2114" WIDTH="156" HEIGHT="42" CONTENT="beauté" WC="1.00" CC="000000"/>
						<SP ID="P27_SP00197" HPOS="1645" VPOS="2178" WIDTH="21"/>
						<String ID="P27_ST00221" HPOS="1666" VPOS="2112" WIDTH="329" HEIGHT="56" CONTENT="remarquable;" WC="1.00" CC="400060000309"/>
						<SP ID="P27_SP00198" HPOS="1995" VPOS="2178" WIDTH="25"/>
						<String ID="P27_ST00222" HPOS="2020" VPOS="2123" WIDTH="86" HEIGHT="42" CONTENT="que" WC="1.00" CC="000"/>
					</TextLine>
					<TextLine ID="P27_TL00023" HPOS="344" VPOS="2185" WIDTH="1765" HEIGHT="66">
						<String ID="P27_ST00223" HPOS="344" VPOS="2212" WIDTH="45" HEIGHT="26" CONTENT="sa" WC="1.00" CC="00"/>
						<SP ID="P27_SP00199" HPOS="389" VPOS="2238" WIDTH="22"/>
						<String ID="P27_ST00224" HPOS="411" VPOS="2198" WIDTH="118" HEIGHT="52" CONTENT="voix," WC="0.98" CC="00264"/>
						<SP ID="P27_SP00200" HPOS="529" VPOS="2250" WIDTH="24"/>
						<String ID="P27_ST00225" HPOS="553" VPOS="2196" WIDTH="196" HEIGHT="55" CONTENT="quoique" WC="0.99" CC="0005050"/>
						<SP ID="P27_SP00201" HPOS="749" VPOS="2251" WIDTH="29"/>
						<String ID="P27_ST00226" HPOS="778" VPOS="2208" WIDTH="62" HEIGHT="28" CONTENT="un" WC="0.38" CC="56"/>
						<SP ID="P27_SP00202" HPOS="840" VPOS="2251" WIDTH="22"/>
						<String ID="P27_ST00227" HPOS="862" VPOS="2208" WIDTH="83" HEIGHT="41" CONTENT="peu" WC="1.00" CC="000"/>
						<SP ID="P27_SP00203" HPOS="945" VPOS="2251" WIDTH="24"/>
						<String ID="P27_ST00228" HPOS="969" VPOS="2193" WIDTH="139" HEIGHT="41" CONTENT="voilée" WC="0.99" CC="000420"/>
						<SP ID="P27_SP00204" HPOS="1108" VPOS="2251" WIDTH="19"/>
						<String ID="P27_ST00229" HPOS="1127" VPOS="2204" WIDTH="171" HEIGHT="42" CONTENT="encore," WC="0.99" CC="0500504"/>
						<SP ID="P27_SP00205" HPOS="1298" VPOS="2251" WIDTH="24"/>
						<String ID="P27_ST00230" HPOS="1322" VPOS="2199" WIDTH="63" HEIGHT="33" CONTENT="est" WC="1.00" CC="000"/>
						<SP ID="P27_SP00206" HPOS="1385" VPOS="2251" WIDTH="21"/>
						<String ID="P27_ST00231" HPOS="1406" VPOS="2203" WIDTH="62" HEIGHT="28" CONTENT="un" WC="0.80" CC="03"/>
						<SP ID="P27_SP00207" HPOS="1468" VPOS="2251" WIDTH="31"/>
						<String ID="P27_ST00232" HPOS="1499" VPOS="2201" WIDTH="187" HEIGHT="42" CONTENT="soprano" WC="1.00" CC="0008000"/>
						<SP ID="P27_SP00208" HPOS="1686" VPOS="2251" WIDTH="22"/>
						<String ID="P27_ST00233" HPOS="1708" VPOS="2187" WIDTH="121" HEIGHT="42" CONTENT="franc" WC="0.99" CC="00070"/>
						<SP ID="P27_SP00209" HPOS="1829" VPOS="2251" WIDTH="28"/>
						<String ID="P27_ST00234" HPOS="1857" VPOS="2195" WIDTH="41" HEIGHT="32" CONTENT="et" WC="1.00" CC="00"/>
						<SP ID="P27_SP00210" HPOS="1898" VPOS="2251" WIDTH="21"/>
						<String ID="P27_ST00235" HPOS="1919" VPOS="2185" WIDTH="117" HEIGHT="56" CONTENT="plein" WC="0.99" CC="04020"/>
						<SP ID="P27_SP00211" HPOS="2036" VPOS="2251" WIDTH="20"/>
						<String ID="P27_ST00236" HPOS="2056" VPOS="2185" WIDTH="53" HEIGHT="40" CONTENT="de" WC="1.00" CC="00"/>
					</TextLine>
					<TextLine ID="P27_TL00024" HPOS="343" VPOS="2260" WIDTH="1766" HEIGHT="65">
						<String ID="P27_ST00237" HPOS="343" VPOS="2272" WIDTH="174" HEIGHT="40" CONTENT="charme" WC="1.00" CC="300000"/>
						<SP ID="P27_SP00212" HPOS="517" VPOS="2312" WIDTH="18"/>
						<String ID="P27_ST00238" HPOS="535" VPOS="2284" WIDTH="10" HEIGHT="39" CONTENT=";" WC="0.30" CC="6"/>
						<SP ID="P27_SP00213" HPOS="545" VPOS="2323" WIDTH="27"/>
						<String ID="P27_ST00239" HPOS="572" VPOS="2284" WIDTH="83" HEIGHT="41" CONTENT="que" WC="1.00" CC="000"/>
						<SP ID="P27_SP00214" HPOS="655" VPOS="2325" WIDTH="24"/>
						<String ID="P27_ST00240" HPOS="679" VPOS="2284" WIDTH="44" HEIGHT="26" CONTENT="sa" WC="1.00" CC="00"/>
						<SP ID="P27_SP00215" HPOS="723" VPOS="2325" WIDTH="22"/>
						<String ID="P27_ST00241" HPOS="745" VPOS="2267" WIDTH="344" HEIGHT="57" CONTENT="prononciation" WC="1.00" CC="0505000405400"/>
						<SP ID="P27_SP00216" HPOS="1089" VPOS="2325" WIDTH="28"/>
						<String ID="P27_ST00242" HPOS="1117" VPOS="2274" WIDTH="63" HEIGHT="33" CONTENT="est" WC="0.99" CC="003"/>
						<SP ID="P27_SP00217" HPOS="1180" VPOS="2325" WIDTH="23"/>
						<String ID="P27_ST00243" HPOS="1203" VPOS="2279" WIDTH="109" HEIGHT="41" CONTENT="pure" WC="0.97" CC="8600"/>
						<SP ID="P27_SP00218" HPOS="1312" VPOS="2325" WIDTH="21"/>
						<String ID="P27_ST00244" HPOS="1333" VPOS="2272" WIDTH="42" HEIGHT="33" CONTENT="et" WC="1.00" CC="00"/>
						<SP ID="P27_SP00219" HPOS="1375" VPOS="2325" WIDTH="22"/>
						<String ID="P27_ST00245" HPOS="1397" VPOS="2271" WIDTH="132" HEIGHT="45" CONTENT="nette," WC="1.00" CC="000004"/>
						<SP ID="P27_SP00220" HPOS="1529" VPOS="2325" WIDTH="25"/>
						<String ID="P27_ST00246" HPOS="1554" VPOS="2271" WIDTH="41" HEIGHT="33" CONTENT="et" WC="1.00" CC="00"/>
						<SP ID="P27_SP00221" HPOS="1595" VPOS="2325" WIDTH="26"/>
						<String ID="P27_ST00247" HPOS="1621" VPOS="2276" WIDTH="87" HEIGHT="42" CONTENT="que" WC="1.00" CC="000"/>
						<SP ID="P27_SP00222" HPOS="1708" VPOS="2325" WIDTH="27"/>
						<String ID="P27_ST00248" HPOS="1735" VPOS="2275" WIDTH="80" HEIGHT="27" CONTENT="son" WC="1.00" CC="000"/>
						<SP ID="P27_SP00223" HPOS="1815" VPOS="2325" WIDTH="26"/>
						<String ID="P27_ST00249" HPOS="1841" VPOS="2260" WIDTH="149" HEIGHT="54" CONTENT="chant," WC="0.98" CC="400654"/>
						<SP ID="P27_SP00224" HPOS="1990" VPOS="2325" WIDTH="23"/>
						<String ID="P27_ST00250" HPOS="2013" VPOS="2266" WIDTH="96" HEIGHT="33" CONTENT="tout" WC="0.99" CC="0023"/>
					</TextLine>
					<TextLine ID="P27_TL00025" HPOS="341" VPOS="2333" WIDTH="1769" HEIGHT="63">
						<String ID="P27_ST00251" HPOS="341" VPOS="2360" WIDTH="55" HEIGHT="27" CONTENT="en" WC="0.66" CC="33"/>
						<SP ID="P27_SP00225" HPOS="396" VPOS="2387" WIDTH="39"/>
						<String ID="P27_ST00252" HPOS="435" VPOS="2344" WIDTH="238" HEIGHT="42" CONTENT="trahissant" WC="0.99" CC="1605300880"/>
						<SP ID="P27_SP00226" HPOS="673" VPOS="2387" WIDTH="32"/>
						<String ID="P27_ST00253" HPOS="705" VPOS="2357" WIDTH="152" HEIGHT="27" CONTENT="encore" WC="0.99" CC="050350"/>
						<SP ID="P27_SP00227" HPOS="857" VPOS="2387" WIDTH="34"/>
						<String ID="P27_ST00254" HPOS="891" VPOS="2342" WIDTH="191" HEIGHT="54" CONTENT="quelque" WC="1.00" CC="0000000"/>
						<SP ID="P27_SP00228" HPOS="1082" VPOS="2396" WIDTH="34"/>
						<String ID="P27_ST00255" HPOS="1116" VPOS="2338" WIDTH="316" HEIGHT="58" CONTENT="inexpérience," WC="0.99" CC="5510050505007"/>
						<SP ID="P27_SP00229" HPOS="1432" VPOS="2396" WIDTH="27"/>
						<String ID="P27_ST00256" HPOS="1459" VPOS="2344" WIDTH="175" HEIGHT="49" CONTENT="promet" WC="1.00" CC="000000"/>
						<SP ID="P27_SP00230" HPOS="1634" VPOS="2396" WIDTH="27"/>
						<String ID="P27_ST00257" HPOS="1661" VPOS="2349" WIDTH="63" HEIGHT="28" CONTENT="un" WC="0.41" CC="65"/>
						<SP ID="P27_SP00231" HPOS="1724" VPOS="2396" WIDTH="21"/>
						<String ID="P27_ST00258" HPOS="1745" VPOS="2335" WIDTH="137" HEIGHT="42" CONTENT="talent" WC="0.98" CC="305056"/>
						<SP ID="P27_SP00232" HPOS="1882" VPOS="2396" WIDTH="27"/>
						<String ID="P27_ST00259" HPOS="1909" VPOS="2335" WIDTH="71" HEIGHT="40" CONTENT="des" WC="0.99" CC="010"/>
						<SP ID="P27_SP00233" HPOS="1980" VPOS="2396" WIDTH="31"/>
						<String ID="P27_ST00260" HPOS="2011" VPOS="2333" WIDTH="99" HEIGHT="55" CONTENT="plus" WC="0.99" CC="0500"/>
					</TextLine>
					<TextLine ID="P27_TL00026" HPOS="341" VPOS="2406" WIDTH="1771" HEIGHT="54">
						<String ID="P27_ST00261" HPOS="341" VPOS="2420" WIDTH="140" HEIGHT="40" CONTENT="élevés" WC="0.98" CC="730050"/>
						<SP ID="P27_SP00234" HPOS="481" VPOS="2460" WIDTH="22"/>
						<String ID="P27_ST00262" HPOS="503" VPOS="2418" WIDTH="108" HEIGHT="42" CONTENT="dans" WC="1.00" CC="0000"/>
						<SP ID="P27_SP00235" HPOS="611" VPOS="2460" WIDTH="22"/>
						<String ID="P27_ST00263" HPOS="633" VPOS="2432" WIDTH="63" HEIGHT="28" CONTENT="un" WC="1.00" CC="00"/>
						<SP ID="P27_SP00236" HPOS="696" VPOS="2460" WIDTH="19"/>
						<String ID="P27_ST00264" HPOS="715" VPOS="2426" WIDTH="125" HEIGHT="33" CONTENT="court" WC="0.98" CC="00624"/>
						<SP ID="P27_SP00237" HPOS="840" VPOS="2460" WIDTH="23"/>
						<String ID="P27_ST00265" HPOS="863" VPOS="2416" WIDTH="161" HEIGHT="42" CONTENT="avenir." WC="0.99" CC="0008104"/>
						<SP ID="P27_SP00238" HPOS="1024" VPOS="2460" WIDTH="28"/>
						<String ID="P27_ST00266" HPOS="1052" VPOS="2415" WIDTH="94" HEIGHT="42" CONTENT="Elle" WC="0.98" CC="0250"/>
						<SP ID="P27_SP00239" HPOS="1146" VPOS="2460" WIDTH="23"/>
						<String ID="P27_ST00267" HPOS="1169" VPOS="2429" WIDTH="23" HEIGHT="26" CONTENT="a" WC="1.00" CC="0"/>
						<SP ID="P27_SP00240" HPOS="1192" VPOS="2460" WIDTH="17"/>
						<String ID="P27_ST00268" HPOS="1209" VPOS="2414" WIDTH="165" HEIGHT="42" CONTENT="obtenu" WC="1.00" CC="000004"/>
						<SP ID="P27_SP00241" HPOS="1374" VPOS="2460" WIDTH="25"/>
						<String ID="P27_ST00269" HPOS="1399" VPOS="2426" WIDTH="62" HEIGHT="27" CONTENT="un" WC="0.22" CC="86"/>
						<SP ID="P27_SP00242" HPOS="1461" VPOS="2460" WIDTH="25"/>
						<String ID="P27_ST00270" HPOS="1486" VPOS="2412" WIDTH="148" HEIGHT="40" CONTENT="succès" WC="0.99" CC="060010"/>
						<SP ID="P27_SP00243" HPOS="1634" VPOS="2460" WIDTH="22"/>
						<String ID="P27_ST00271" HPOS="1656" VPOS="2410" WIDTH="154" HEIGHT="41" CONTENT="mérité" WC="1.00" CC="010400"/>
						<SP ID="P27_SP00244" HPOS="1810" VPOS="2460" WIDTH="21"/>
						<String ID="P27_ST00272" HPOS="1831" VPOS="2409" WIDTH="107" HEIGHT="40" CONTENT="dans" WC="0.99" CC="0510"/>
						<SP ID="P27_SP00245" HPOS="1938" VPOS="2460" WIDTH="24"/>
						<String ID="P27_ST00273" HPOS="1962" VPOS="2421" WIDTH="62" HEIGHT="27" CONTENT="un" WC="1.00" CC="00"/>
						<SP ID="P27_SP00246" HPOS="2024" VPOS="2460" WIDTH="23"/>
						<String ID="P27_ST00274" HPOS="2047" VPOS="2406" WIDTH="65" HEIGHT="42" CONTENT="air" WC="0.97" CC="070"/>
					</TextLine>
					<TextLine ID="P27_TL00027" HPOS="344" VPOS="2481" WIDTH="1768" HEIGHT="61">
						<String ID="P27_ST00275" HPOS="344" VPOS="2495" WIDTH="51" HEIGHT="40" CONTENT="de" WC="0.94" CC="01"/>
						<SP ID="P27_SP00247" HPOS="395" VPOS="2535" WIDTH="24"/>
						<String ID="P27_ST00276" HPOS="419" VPOS="2492" WIDTH="312" HEIGHT="43" CONTENT="Mendelssohn" WC="0.80" CC="00800101027"/>
						<SP ID="P27_SP00248" HPOS="731" VPOS="2535" WIDTH="23"/>
						<String ID="P27_ST00277" HPOS="754" VPOS="2499" WIDTH="41" HEIGHT="33" CONTENT="et" WC="0.82" CC="03"/>
						<SP ID="P27_SP00249" HPOS="795" VPOS="2535" WIDTH="26"/>
						<String ID="P27_ST00278" HPOS="821" VPOS="2498" WIDTH="177" HEIGHT="34" CONTENT="surtout" WC="0.99" CC="1300006"/>
						<SP ID="P27_SP00250" HPOS="998" VPOS="2535" WIDTH="22"/>
						<String ID="P27_ST00279" HPOS="1020" VPOS="2490" WIDTH="109" HEIGHT="40" CONTENT="dans" WC="1.00" CC="0000"/>
						<SP ID="P27_SP00251" HPOS="1129" VPOS="2535" WIDTH="21"/>
						<String ID="P27_ST00280" HPOS="1150" VPOS="2488" WIDTH="113" HEIGHT="42" CONTENT="celui" WC="0.99" CC="00061"/>
						<SP ID="P27_SP00252" HPOS="1263" VPOS="2535" WIDTH="22"/>
						<String ID="P27_ST00281" HPOS="1285" VPOS="2488" WIDTH="60" HEIGHT="41" CONTENT="du" WC="1.00" CC="00"/>
						<SP ID="P27_SP00253" HPOS="1345" VPOS="2535" WIDTH="22"/>
						<String ID="P27_ST00282" HPOS="1367" VPOS="2485" WIDTH="254" HEIGHT="57" CONTENT="Freyschut" WC="0.85" CC="003800001" STYLEREFS="TXT_2"/>
						<String ID="P27_ST00283" HPOS="1686" VPOS="2483" WIDTH="160" HEIGHT="56" CONTENT="qu'elle" WC="0.99" CC="0540402"/>
						<SP ID="P27_SP00254" HPOS="1846" VPOS="2542" WIDTH="32"/>
						<String ID="P27_ST00284" HPOS="1878" VPOS="2497" WIDTH="24" HEIGHT="27" CONTENT="a" WC="1.00" CC="0"/>
						<SP ID="P27_SP00255" HPOS="1902" VPOS="2542" WIDTH="30"/>
						<String ID="P27_ST00285" HPOS="1932" VPOS="2495" WIDTH="55" HEIGHT="28" CONTENT="eu" WC="1.00" CC="00"/>
						<SP ID="P27_SP00256" HPOS="1987" VPOS="2542" WIDTH="23"/>
						<String ID="P27_ST00286" HPOS="2010" VPOS="2481" WIDTH="102" HEIGHT="42" CONTENT="bien" WC="0.99" CC="0300"/>
					</TextLine>
					<TextLine ID="P27_TL00028" HPOS="346" VPOS="2556" WIDTH="1767" HEIGHT="53">
						<String ID="P27_ST00287" HPOS="346" VPOS="2568" WIDTH="146" HEIGHT="41" CONTENT="raison" WC="0.99" CC="900020"/>
						<SP ID="P27_SP00257" HPOS="492" VPOS="2609" WIDTH="32"/>
						<String ID="P27_ST00288" HPOS="524" VPOS="2567" WIDTH="51" HEIGHT="41" CONTENT="de" WC="1.00" CC="00"/>
						<SP ID="P27_SP00258" HPOS="575" VPOS="2609" WIDTH="29"/>
						<String ID="P27_ST00289" HPOS="604" VPOS="2566" WIDTH="179" HEIGHT="42" CONTENT="chanter" WC="0.99" CC="0306604"/>
						<SP ID="P27_SP00259" HPOS="783" VPOS="2609" WIDTH="22"/>
						<String ID="P27_ST00290" HPOS="805" VPOS="2578" WIDTH="101" HEIGHT="28" CONTENT="avec" WC="1.00" CC="0000"/>
						<SP ID="P27_SP00260" HPOS="906" VPOS="2609" WIDTH="33"/>
						<String ID="P27_ST00291" HPOS="939" VPOS="2565" WIDTH="42" HEIGHT="40" CONTENT="la" WC="1.00" CC="00"/>
						<SP ID="P27_SP00261" HPOS="981" VPOS="2609" WIDTH="30"/>
						<String ID="P27_ST00292" HPOS="1011" VPOS="2562" WIDTH="252" HEIGHT="43" CONTENT="traduction" WC="0.99" CC="5400002608"/>
						<SP ID="P27_SP00262" HPOS="1263" VPOS="2609" WIDTH="32"/>
						<String ID="P27_ST00293" HPOS="1295" VPOS="2562" WIDTH="36" HEIGHT="41" CONTENT="si" WC="1.00" CC="00"/>
						<SP ID="P27_SP00263" HPOS="1331" VPOS="2609" WIDTH="37"/>
						<String ID="P27_ST00294" HPOS="1368" VPOS="2560" WIDTH="211" HEIGHT="42" CONTENT="musicale" WC="0.99" CC="00650000"/>
						<SP ID="P27_SP00264" HPOS="1579" VPOS="2609" WIDTH="34"/>
						<String ID="P27_ST00295" HPOS="1613" VPOS="2559" WIDTH="52" HEIGHT="40" CONTENT="de" WC="0.71" CC="05"/>
						<SP ID="P27_SP00265" HPOS="1665" VPOS="2609" WIDTH="40"/>
						<String ID="P27_ST00296" HPOS="1705" VPOS="2557" WIDTH="310" HEIGHT="42" CONTENT="Castil-Blaze." WC="0.83" CC="5100034000304"/>
						<SP ID="P27_SP00266" HPOS="2015" VPOS="2609" WIDTH="36"/>
						<String ID="P27_ST00297" HPOS="2051" VPOS="2556" WIDTH="62" HEIGHT="40" CONTENT="Le" WC="0.88" CC="11"/>
					</TextLine>
					<TextLine ID="P27_TL00029" HPOS="344" VPOS="2629" WIDTH="1768" HEIGHT="68">
						<String ID="P27_ST00298" HPOS="344" VPOS="2640" WIDTH="215" HEIGHT="57" CONTENT="principal" WC="0.99" CC="032501002"/>
						<SP ID="P27_SP00267" HPOS="559" VPOS="2697" WIDTH="37"/>
						<String ID="P27_ST00299" HPOS="596" VPOS="2639" WIDTH="133" HEIGHT="42" CONTENT="motif" WC="1.00" CC="00030"/>
						<SP ID="P27_SP00268" HPOS="729" VPOS="2697" WIDTH="24"/>
						<String ID="P27_ST00300" HPOS="753" VPOS="2639" WIDTH="51" HEIGHT="40" CONTENT="de" WC="1.00" CC="00"/>
						<SP ID="P27_SP00269" HPOS="804" VPOS="2697" WIDTH="22"/>
						<String ID="P27_ST00301" HPOS="826" VPOS="2639" WIDTH="41" HEIGHT="41" CONTENT="la" WC="1.00" CC="00"/>
						<SP ID="P27_SP00270" HPOS="867" VPOS="2697" WIDTH="22"/>
						<String ID="P27_ST00302" HPOS="889" VPOS="2637" WIDTH="233" HEIGHT="42" CONTENT="barcarolle" WC="0.95" CC="0000050000"/>
						<SP ID="P27_SP00271" HPOS="1122" VPOS="2697" WIDTH="30"/>
						<String ID="P27_ST00303" HPOS="1152" VPOS="2637" WIDTH="52" HEIGHT="41" CONTENT="de" WC="1.00" CC="00"/>
						<SP ID="P27_SP00272" HPOS="1204" VPOS="2697" WIDTH="29"/>
						<String ID="P27_ST00304" HPOS="1233" VPOS="2636" WIDTH="64" HEIGHT="42" CONTENT="M." WC="0.78" CC="04"/>
						<SP ID="P27_SP00273" HPOS="1297" VPOS="2697" WIDTH="37"/>
						<String ID="P27_ST00305" HPOS="1334" VPOS="2636" WIDTH="51" HEIGHT="41" CONTENT="L." WC="0.78" CC="04"/>
						<SP ID="P27_SP00274" HPOS="1385" VPOS="2697" WIDTH="32"/>
						<String ID="P27_ST00306" HPOS="1417" VPOS="2633" WIDTH="199" HEIGHT="44" CONTENT="Gastinel" WC="0.71" CC="00150743"/>
						<SP ID="P27_SP00275" HPOS="1616" VPOS="2697" WIDTH="37"/>
						<String ID="P27_ST00307" HPOS="1653" VPOS="2641" WIDTH="62" HEIGHT="32" CONTENT="est" WC="0.99" CC="200"/>
						<SP ID="P27_SP00276" HPOS="1715" VPOS="2697" WIDTH="21"/>
						<String ID="P27_ST00308" HPOS="1736" VPOS="2632" WIDTH="84" HEIGHT="42" CONTENT="fort" WC="0.98" CC="0054"/>
						<SP ID="P27_SP00277" HPOS="1820" VPOS="2697" WIDTH="22"/>
						<String ID="P27_ST00309" HPOS="1842" VPOS="2632" WIDTH="128" HEIGHT="53" CONTENT="beau," WC="0.98" CC="01074"/>
						<SP ID="P27_SP00278" HPOS="1970" VPOS="2697" WIDTH="31"/>
						<String ID="P27_ST00310" HPOS="2001" VPOS="2629" WIDTH="111" HEIGHT="42" CONTENT="mais" WC="0.99" CC="0050"/>
					</TextLine>
					<TextLine ID="P27_TL00030" HPOS="343" VPOS="2704" WIDTH="1769" HEIGHT="66">
						<String ID="P27_ST00311" HPOS="343" VPOS="2716" WIDTH="30" HEIGHT="40" CONTENT="il" WC="0.94" CC="01"/>
						<SP ID="P27_SP00279" HPOS="373" VPOS="2756" WIDTH="22"/>
						<String ID="P27_ST00312" HPOS="395" VPOS="2715" WIDTH="108" HEIGHT="42" CONTENT="n'est" WC="1.00" CC="03000"/>
						<SP ID="P27_SP00280" HPOS="503" VPOS="2757" WIDTH="21"/>
						<String ID="P27_ST00313" HPOS="524" VPOS="2728" WIDTH="74" HEIGHT="42" CONTENT="pas" WC="1.00" CC="000"/>
						<SP ID="P27_SP00281" HPOS="598" VPOS="2770" WIDTH="23"/>
						<String ID="P27_ST00314" HPOS="621" VPOS="2715" WIDTH="83" HEIGHT="40" CONTENT="très" WC="1.00" CC="0010"/>
						<SP ID="P27_SP00282" HPOS="704" VPOS="2770" WIDTH="20"/>
						<String ID="P27_ST00315" HPOS="724" VPOS="2714" WIDTH="102" HEIGHT="40" CONTENT="bien" WC="0.99" CC="0300"/>
						<SP ID="P27_SP00283" HPOS="826" VPOS="2770" WIDTH="29"/>
						<String ID="P27_ST00316" HPOS="855" VPOS="2712" WIDTH="198" HEIGHT="42" CONTENT="encadré." WC="0.99" CC="00060014"/>
						<SP ID="P27_SP00284" HPOS="1053" VPOS="2770" WIDTH="26"/>
						<String ID="P27_ST00317" HPOS="1079" VPOS="2712" WIDTH="36" HEIGHT="41" CONTENT="Il" WC="0.97" CC="00"/>
						<SP ID="P27_SP00285" HPOS="1115" VPOS="2770" WIDTH="29"/>
						<String ID="P27_ST00318" HPOS="1144" VPOS="2719" WIDTH="62" HEIGHT="35" CONTENT="est" WC="1.00" CC="000"/>
						<SP ID="P27_SP00286" HPOS="1206" VPOS="2770" WIDTH="26"/>
						<String ID="P27_ST00319" HPOS="1232" VPOS="2711" WIDTH="184" HEIGHT="41" CONTENT="entouré" WC="0.99" CC="0003304"/>
						<SP ID="P27_SP00287" HPOS="1416" VPOS="2770" WIDTH="25"/>
						<String ID="P27_ST00320" HPOS="1441" VPOS="2709" WIDTH="52" HEIGHT="42" CONTENT="de" WC="1.00" CC="00"/>
						<SP ID="P27_SP00288" HPOS="1493" VPOS="2770" WIDTH="27"/>
						<String ID="P27_ST00321" HPOS="1520" VPOS="2708" WIDTH="150" HEIGHT="41" CONTENT="choses" WC="1.00" CC="050000"/>
						<SP ID="P27_SP00289" HPOS="1670" VPOS="2770" WIDTH="31"/>
						<String ID="P27_ST00322" HPOS="1701" VPOS="2706" WIDTH="199" HEIGHT="41" CONTENT="confuses" WC="0.99" CC="00606000"/>
						<SP ID="P27_SP00290" HPOS="1900" VPOS="2770" WIDTH="25"/>
						<String ID="P27_ST00323" HPOS="1925" VPOS="2713" WIDTH="43" HEIGHT="33" CONTENT="et" WC="0.89" CC="02"/>
						<SP ID="P27_SP00291" HPOS="1968" VPOS="2770" WIDTH="21"/>
						<String ID="P27_ST00324" HPOS="1989" VPOS="2704" WIDTH="99" HEIGHT="41" CONTENT="indé" SUBS_TYPE="HypPart1" SUBS_CONTENT="indécises." WC="0.99" CC="1001"/>
						<HYP HPOS="2088" VPOS="2704" WIDTH="24" CONTENT="-"/>
					</TextLine>
					<TextLine ID="P27_TL00031" HPOS="341" VPOS="2780" WIDTH="1771" HEIGHT="63">
						<String ID="P27_ST00325" HPOS="341" VPOS="2791" WIDTH="122" HEIGHT="41" CONTENT="cises." SUBS_TYPE="HypPart2" SUBS_CONTENT="indécises." WC="0.98" CC="570004"/>
						<SP ID="P27_SP00292" HPOS="463" VPOS="2832" WIDTH="26"/>
						<String ID="P27_ST00326" HPOS="489" VPOS="2787" WIDTH="291" HEIGHT="56" CONTENT="Néanmoins," WC="1.00" CC="3200031004"/>
						<SP ID="P27_SP00293" HPOS="780" VPOS="2843" WIDTH="24"/>
						<String ID="P27_ST00327" HPOS="804" VPOS="2789" WIDTH="102" HEIGHT="40" CONTENT="c'est" WC="0.99" CC="04203"/>
						<SP ID="P27_SP00294" HPOS="906" VPOS="2843" WIDTH="21"/>
						<String ID="P27_ST00328" HPOS="927" VPOS="2801" WIDTH="63" HEIGHT="28" CONTENT="un" WC="0.69" CC="60"/>
						<SP ID="P27_SP00295" HPOS="990" VPOS="2843" WIDTH="21"/>
						<String ID="P27_ST00329" HPOS="1011" VPOS="2799" WIDTH="207" HEIGHT="29" CONTENT="morceau" WC="0.99" CC="0000608"/>
						<SP ID="P27_SP00296" HPOS="1218" VPOS="2843" WIDTH="30"/>
						<String ID="P27_ST00330" HPOS="1248" VPOS="2789" WIDTH="24" HEIGHT="37" CONTENT="à" WC="0.66" CC="3"/>
						<SP ID="P27_SP00297" HPOS="1272" VPOS="2843" WIDTH="38"/>
						<String ID="P27_ST00331" HPOS="1310" VPOS="2784" WIDTH="113" HEIGHT="42" CONTENT="effet." WC="0.98" CC="056004"/>
						<SP ID="P27_SP00298" HPOS="1423" VPOS="2843" WIDTH="38"/>
						<String ID="P27_ST00332" HPOS="1461" VPOS="2783" WIDTH="63" HEIGHT="41" CONTENT="La" WC="1.00" CC="00"/>
						<SP ID="P27_SP00299" HPOS="1524" VPOS="2843" WIDTH="28"/>
						<String ID="P27_ST00333" HPOS="1552" VPOS="2783" WIDTH="152" HEIGHT="40" CONTENT="Danse" WC="0.98" CC="42105" STYLEREFS="TXT_2"/>
						<SP ID="P27_SP00300" HPOS="1704" VPOS="2843" WIDTH="27"/>
						<String ID="P27_ST00334" HPOS="1731" VPOS="2781" WIDTH="183" HEIGHT="55" CONTENT="tsigane" WC="0.99" CC="0800210" STYLEREFS="TXT_2"/>
						<SP ID="P27_SP00301" HPOS="1914" VPOS="2843" WIDTH="28"/>
						<String ID="P27_ST00335" HPOS="1942" VPOS="2792" WIDTH="54" HEIGHT="28" CONTENT="ne" WC="0.85" CC="20"/>
						<SP ID="P27_SP00302" HPOS="1996" VPOS="2843" WIDTH="30"/>
						<String ID="P27_ST00336" HPOS="2026" VPOS="2780" WIDTH="86" HEIGHT="40" CONTENT="m'a" WC="0.98" CC="040"/>
					</TextLine>
					<TextLine ID="P27_TL00032" HPOS="343" VPOS="2853" WIDTH="1771" HEIGHT="68">
						<String ID="P27_ST00337" HPOS="343" VPOS="2879" WIDTH="76" HEIGHT="42" CONTENT="pas" WC="1.00" CC="000"/>
						<SP ID="P27_SP00303" HPOS="419" VPOS="2921" WIDTH="22"/>
						<String ID="P27_ST00338" HPOS="441" VPOS="2878" WIDTH="110" HEIGHT="41" CONTENT="paru" WC="0.99" CC="0050"/>
						<SP ID="P27_SP00304" HPOS="551" VPOS="2921" WIDTH="22"/>
						<String ID="P27_ST00339" HPOS="573" VPOS="2866" WIDTH="86" HEIGHT="41" CONTENT="très" WC="0.99" CC="6000"/>
						<SP ID="P27_SP00305" HPOS="659" VPOS="2921" WIDTH="20"/>
						<String ID="P27_ST00340" HPOS="679" VPOS="2864" WIDTH="231" HEIGHT="43" CONTENT="heureuse." WC="0.99" CC="003044006"/>
						<SP ID="P27_SP00306" HPOS="910" VPOS="2921" WIDTH="29"/>
						<String ID="P27_ST00341" HPOS="939" VPOS="2863" WIDTH="61" HEIGHT="41" CONTENT="Le" WC="0.52" CC="09"/>
						<SP ID="P27_SP00307" HPOS="1000" VPOS="2921" WIDTH="27"/>
						<String ID="P27_ST00342" HPOS="1027" VPOS="2859" WIDTH="351" HEIGHT="45" CONTENT="Concertstiicke" WC="0.79" CC="17103000207031" STYLEREFS="TXT_2"/>
						<SP ID="P27_SP00308" HPOS="1378" VPOS="2921" WIDTH="29"/>
						<String ID="P27_ST00343" HPOS="1407" VPOS="2858" WIDTH="53" HEIGHT="42" CONTENT="de" WC="0.65" CC="07"/>
						<SP ID="P27_SP00309" HPOS="1460" VPOS="2921" WIDTH="26"/>
						<String ID="P27_ST00344" HPOS="1486" VPOS="2857" WIDTH="164" HEIGHT="43" CONTENT="Weber" WC="0.74" CC="00066"/>
						<SP ID="P27_SP00310" HPOS="1650" VPOS="2921" WIDTH="26"/>
						<String ID="P27_ST00345" HPOS="1676" VPOS="2864" WIDTH="63" HEIGHT="35" CONTENT="est" WC="1.00" CC="000"/>
						<SP ID="P27_SP00311" HPOS="1739" VPOS="2921" WIDTH="20"/>
						<String ID="P27_ST00346" HPOS="1759" VPOS="2855" WIDTH="201" HEIGHT="56" CONTENT="toujours" WC="0.99" CC="00020570"/>
						<SP ID="P27_SP00312" HPOS="1960" VPOS="2921" WIDTH="20"/>
						<String ID="P27_ST00347" HPOS="1980" VPOS="2853" WIDTH="134" HEIGHT="42" CONTENT="d'une" WC="0.98" CC="04605"/>
					</TextLine>
					<TextLine ID="P27_TL00033" HPOS="344" VPOS="2928" WIDTH="1768" HEIGHT="65">
						<String ID="P27_ST00348" HPOS="344" VPOS="2939" WIDTH="182" HEIGHT="41" CONTENT="réussite" WC="0.99" CC="50702010"/>
						<SP ID="P27_SP00313" HPOS="526" VPOS="2980" WIDTH="22"/>
						<String ID="P27_ST00349" HPOS="548" VPOS="2940" WIDTH="113" HEIGHT="53" CONTENT="sûre," WC="0.99" CC="00004"/>
						<SP ID="P27_SP00314" HPOS="661" VPOS="2993" WIDTH="29"/>
						<String ID="P27_ST00350" HPOS="690" VPOS="2945" WIDTH="175" HEIGHT="35" CONTENT="surtout" WC="0.99" CC="0500006"/>
						<SP ID="P27_SP00315" HPOS="865" VPOS="2993" WIDTH="21"/>
						<String ID="P27_ST00351" HPOS="886" VPOS="2937" WIDTH="151" HEIGHT="56" CONTENT="quand" WC="0.97" CC="07650"/>
						<SP ID="P27_SP00316" HPOS="1037" VPOS="2993" WIDTH="26"/>
						<String ID="P27_ST00352" HPOS="1063" VPOS="2936" WIDTH="33" HEIGHT="41" CONTENT="il" WC="0.77" CC="04"/>
						<SP ID="P27_SP00317" HPOS="1096" VPOS="2993" WIDTH="21"/>
						<String ID="P27_ST00353" HPOS="1117" VPOS="2943" WIDTH="64" HEIGHT="34" CONTENT="est" WC="1.00" CC="000"/>
						<SP ID="P27_SP00318" HPOS="1181" VPOS="2993" WIDTH="19"/>
						<String ID="P27_ST00354" HPOS="1200" VPOS="2934" WIDTH="179" HEIGHT="42" CONTENT="exécuté" WC="0.99" CC="5040600"/>
						<SP ID="P27_SP00319" HPOS="1379" VPOS="2993" WIDTH="21"/>
						<String ID="P27_ST00355" HPOS="1400" VPOS="2945" WIDTH="77" HEIGHT="44" CONTENT="par" WC="0.97" CC="006"/>
						<SP ID="P27_SP00320" HPOS="1477" VPOS="2993" WIDTH="22"/>
						<String ID="P27_ST00356" HPOS="1499" VPOS="2945" WIDTH="64" HEIGHT="28" CONTENT="un" WC="0.82" CC="30"/>
						<SP ID="P27_SP00321" HPOS="1563" VPOS="2993" WIDTH="22"/>
						<String ID="P27_ST00357" HPOS="1585" VPOS="2931" WIDTH="150" HEIGHT="42" CONTENT="artiste" WC="0.99" CC="4002003"/>
						<SP ID="P27_SP00322" HPOS="1735" VPOS="2993" WIDTH="20"/>
						<String ID="P27_ST00358" HPOS="1755" VPOS="2931" WIDTH="54" HEIGHT="40" CONTENT="tel" WC="0.97" CC="033"/>
						<SP ID="P27_SP00323" HPOS="1809" VPOS="2993" WIDTH="22"/>
						<String ID="P27_ST00359" HPOS="1831" VPOS="2942" WIDTH="86" HEIGHT="42" CONTENT="que" WC="1.00" CC="000"/>
						<SP ID="P27_SP00324" HPOS="1917" VPOS="2993" WIDTH="20"/>
						<String ID="P27_ST00360" HPOS="1937" VPOS="2928" WIDTH="64" HEIGHT="41" CONTENT="M." WC="0.79" CC="04"/>
						<SP ID="P27_SP00325" HPOS="2001" VPOS="2993" WIDTH="29"/>
						<String ID="P27_ST00361" HPOS="2030" VPOS="2928" WIDTH="55" HEIGHT="40" CONTENT="Al" SUBS_TYPE="HypPart1" SUBS_CONTENT="Alphonse" WC="0.96" CC="23"/>
						<HYP HPOS="2085" VPOS="2928" WIDTH="27" CONTENT="-"/>
					</TextLine>
					<TextLine ID="P27_TL00034" HPOS="346" VPOS="3003" WIDTH="1770" HEIGHT="66">
						<String ID="P27_ST00362" HPOS="346" VPOS="3015" WIDTH="165" HEIGHT="54" CONTENT="phonse" SUBS_TYPE="HypPart2" SUBS_CONTENT="Alphonse" WC="1.00" CC="000000"/>
						<SP ID="P27_SP00326" HPOS="511" VPOS="3069" WIDTH="23"/>
						<String ID="P27_ST00363" HPOS="534" VPOS="3013" WIDTH="257" HEIGHT="56" CONTENT="Duvernoy." WC="0.83" CC="410000062"/>
						<SP ID="P27_SP00327" HPOS="791" VPOS="3069" WIDTH="28"/>
						<String ID="P27_ST00364" HPOS="819" VPOS="3014" WIDTH="122" HEIGHT="41" CONTENT="Dans" WC="0.98" CC="3070"/>
						<SP ID="P27_SP00328" HPOS="941" VPOS="3069" WIDTH="27"/>
						<String ID="P27_ST00365" HPOS="968" VPOS="3027" WIDTH="45" HEIGHT="27" CONTENT="sa" WC="1.00" CC="00"/>
						<SP ID="P27_SP00329" HPOS="1013" VPOS="3069" WIDTH="22"/>
						<String ID="P27_ST00366" HPOS="1035" VPOS="3012" WIDTH="105" HEIGHT="43" CONTENT="belle" WC="1.00" CC="00030"/>
						<SP ID="P27_SP00330" HPOS="1140" VPOS="3069" WIDTH="29"/>
						<String ID="P27_ST00367" HPOS="1169" VPOS="3008" WIDTH="269" HEIGHT="59" CONTENT="symphonie" WC="0.99" CC="050000018"/>
						<SP ID="P27_SP00331" HPOS="1438" VPOS="3069" WIDTH="27"/>
						<String ID="P27_ST00368" HPOS="1465" VPOS="3022" WIDTH="53" HEIGHT="28" CONTENT="en" WC="0.39" CC="47"/>
						<SP ID="P27_SP00332" HPOS="1518" VPOS="3069" WIDTH="23"/>
						<String ID="P27_ST00369" HPOS="1541" VPOS="3008" WIDTH="70" HEIGHT="42" CONTENT="sol" WC="0.98" CC="060" STYLEREFS="TXT_2"/>
						<SP ID="P27_SP00333" HPOS="1611" VPOS="3069" WIDTH="24"/>
						<String ID="P27_ST00370" HPOS="1635" VPOS="3006" WIDTH="53" HEIGHT="42" CONTENT="de" WC="0.86" CC="02"/>
						<SP ID="P27_SP00334" HPOS="1688" VPOS="3069" WIDTH="29"/>
						<String ID="P27_ST00371" HPOS="1717" VPOS="3004" WIDTH="165" HEIGHT="56" CONTENT="Haydn" WC="0.98" CC="50006"/>
						<SP ID="P27_SP00335" HPOS="1882" VPOS="3069" WIDTH="27"/>
						<String ID="P27_ST00372" HPOS="1909" VPOS="3004" WIDTH="12" HEIGHT="55" CONTENT="(" WC="0.25" CC="7"/>
						<String ID="P27_ST00373" HPOS="1932" VPOS="3006" WIDTH="44" HEIGHT="39" CONTENT="la" WC="0.52" CC="09" STYLEREFS="TXT_2"/>
						<SP ID="P27_SP00336" HPOS="1976" VPOS="3069" WIDTH="21"/>
						<String ID="P27_ST00374" HPOS="1997" VPOS="3003" WIDTH="90" HEIGHT="42" CONTENT="Sur" SUBS_TYPE="HypPart1" SUBS_CONTENT="Surprise)," WC="0.97" CC="070" STYLEREFS="TXT_2"/>
						<HYP HPOS="2087" VPOS="3003" WIDTH="29" CONTENT="-"/>
					</TextLine>
					<TextLine ID="P27_TL00035" HPOS="336" VPOS="3078" WIDTH="1782" HEIGHT="66">
						<String ID="P27_ST00375" HPOS="336" VPOS="3089" WIDTH="163" HEIGHT="55" CONTENT="prise)," SUBS_TYPE="HypPart2" SUBS_CONTENT="Surprise)," WC="0.98" CC="7050704" STYLEREFS="TXT_2"/>
						<SP ID="P27_SP00337" HPOS="499" VPOS="3144" WIDTH="25"/>
						<String ID="P27_ST00376" HPOS="524" VPOS="3088" WIDTH="239" HEIGHT="42" CONTENT="l'Andante" WC="0.79" CC="740500200" STYLEREFS="TXT_4"/>
						<SP ID="P27_SP00338" HPOS="763" VPOS="3144" WIDTH="29"/>
						<String ID="P27_ST00377" HPOS="792" VPOS="3088" WIDTH="33" HEIGHT="41" CONTENT="si" WC="0.98" CC="00" STYLEREFS="TXT_4"/>
						<SP ID="P27_SP00339" HPOS="825" VPOS="3144" WIDTH="17"/>
						<String ID="P27_ST00378" HPOS="842" VPOS="3101" WIDTH="151" HEIGHT="29" CONTENT="connu" WC="0.98" CC="02407" STYLEREFS="TXT_4"/>
						<SP ID="P27_SP00340" HPOS="993" VPOS="3144" WIDTH="26"/>
						<String ID="P27_ST00379" HPOS="1019" VPOS="3101" WIDTH="25" HEIGHT="27" CONTENT="a" WC="1.00" CC="0" STYLEREFS="TXT_4"/>
						<SP ID="P27_SP00341" HPOS="1044" VPOS="3144" WIDTH="24"/>
						<String ID="P27_ST00380" HPOS="1068" VPOS="3088" WIDTH="65" HEIGHT="40" CONTENT="été" WC="0.98" CC="031" STYLEREFS="TXT_4"/>
						<SP ID="P27_SP00342" HPOS="1133" VPOS="3144" WIDTH="20"/>
						<String ID="P27_ST00381" HPOS="1153" VPOS="3085" WIDTH="143" HEIGHT="43" CONTENT="rendu" WC="0.99" CC="40100" STYLEREFS="TXT_4"/>
						<SP ID="P27_SP00343" HPOS="1296" VPOS="3144" WIDTH="21"/>
						<String ID="P27_ST00382" HPOS="1317" VPOS="3098" WIDTH="103" HEIGHT="28" CONTENT="avec" WC="0.97" CC="5006" STYLEREFS="TXT_4"/>
						<SP ID="P27_SP00344" HPOS="1420" VPOS="3144" WIDTH="23"/>
						<String ID="P27_ST00383" HPOS="1443" VPOS="3097" WIDTH="90" HEIGHT="29" CONTENT="une" WC="0.96" CC="801" STYLEREFS="TXT_4"/>
						<SP ID="P27_SP00345" HPOS="1533" VPOS="3144" WIDTH="17"/>
						<String ID="P27_ST00384" HPOS="1550" VPOS="3084" WIDTH="126" HEIGHT="54" CONTENT="grâce" WC="1.00" CC="00000" STYLEREFS="TXT_4"/>
						<SP ID="P27_SP00346" HPOS="1676" VPOS="3144" WIDTH="22"/>
						<String ID="P27_ST00385" HPOS="1698" VPOS="3088" WIDTH="42" HEIGHT="34" CONTENT="et" WC="0.76" CC="04" STYLEREFS="TXT_4"/>
						<SP ID="P27_SP00347" HPOS="1740" VPOS="3144" WIDTH="21"/>
						<String ID="P27_ST00386" HPOS="1761" VPOS="3093" WIDTH="88" HEIGHT="28" CONTENT="une" WC="0.94" CC="833" STYLEREFS="TXT_4"/>
						<SP ID="P27_SP00348" HPOS="1849" VPOS="3144" WIDTH="20"/>
						<String ID="P27_ST00387" HPOS="1869" VPOS="3078" WIDTH="249" HEIGHT="42" CONTENT="délicatesse" WC="1.00" CC="00041000200" STYLEREFS="TXT_4"/>
					</TextLine>
					<TextLine ID="P27_TL00036" HPOS="345" VPOS="3152" WIDTH="1772" HEIGHT="67">
						<String ID="P27_ST00388" HPOS="345" VPOS="3165" WIDTH="79" HEIGHT="54" CONTENT="qui" WC="0.96" CC="063"/>
						<SP ID="P27_SP00349" HPOS="424" VPOS="3219" WIDTH="27"/>
						<String ID="P27_ST00389" HPOS="451" VPOS="3163" WIDTH="65" HEIGHT="41" CONTENT="lui" WC="0.99" CC="002"/>
						<SP ID="P27_SP00350" HPOS="516" VPOS="3219" WIDTH="27"/>
						<String ID="P27_ST00390" HPOS="543" VPOS="3171" WIDTH="247" HEIGHT="48" CONTENT="manquent" WC="0.99" CC="00504097"/>
						<SP ID="P27_SP00351" HPOS="790" VPOS="3219" WIDTH="28"/>
						<String ID="P27_ST00391" HPOS="818" VPOS="3163" WIDTH="435" HEIGHT="42" CONTENT="malheureusement" WC="0.99" CC="050080074660796"/>
						<SP ID="P27_SP00352" HPOS="1253" VPOS="3219" WIDTH="36"/>
						<String ID="P27_ST00392" HPOS="1289" VPOS="3167" WIDTH="204" HEIGHT="36" CONTENT="souvent." WC="0.98" CC="06007847"/>
						<SP ID="P27_SP00353" HPOS="1493" VPOS="3219" WIDTH="33"/>
						<String ID="P27_ST00393" HPOS="1526" VPOS="3158" WIDTH="193" HEIGHT="54" CONTENT="Presque" WC="0.99" CC="1002034"/>
						<SP ID="P27_SP00354" HPOS="1719" VPOS="3219" WIDTH="33"/>
						<String ID="P27_ST00394" HPOS="1752" VPOS="3154" WIDTH="201" HEIGHT="56" CONTENT="toujours" WC="0.99" CC="04441000"/>
						<SP ID="P27_SP00355" HPOS="1953" VPOS="3219" WIDTH="33"/>
						<String ID="P27_ST00395" HPOS="1986" VPOS="3167" WIDTH="58" HEIGHT="27" CONTENT="on" WC="0.65" CC="06"/>
						<SP ID="P27_SP00356" HPOS="2044" VPOS="3219" WIDTH="33"/>
						<String ID="P27_ST00396" HPOS="2077" VPOS="3152" WIDTH="40" HEIGHT="41" CONTENT="le" WC="0.76" CC="04"/>
					</TextLine>
					<TextLine ID="P27_TL00037" HPOS="344" VPOS="3238" WIDTH="333" HEIGHT="55">
						<String ID="P27_ST00397" HPOS="344" VPOS="3238" WIDTH="99" HEIGHT="54" CONTENT="joue" WC="0.97" CC="5440"/>
						<SP ID="P27_SP00357" HPOS="443" VPOS="3292" WIDTH="22"/>
						<String ID="P27_ST00398" HPOS="465" VPOS="3246" WIDTH="95" HEIGHT="47" CONTENT="trop" WC="0.98" CC="3240"/>
						<SP ID="P27_SP00358" HPOS="560" VPOS="3293" WIDTH="19"/>
						<String ID="P27_ST00399" HPOS="579" VPOS="3238" WIDTH="98" HEIGHT="45" CONTENT="fort," WC="0.98" CC="06074"/>
					</TextLine>
				</TextBlock>
				<TextBlock ID="P27_TB00004" HPOS="1676" VPOS="3318" WIDTH="164" HEIGHT="49" STYLEREFS="TXT_5 PAR_RIGHT">
					<TextLine ID="P27_TL00038" HPOS="1684" VPOS="3321" WIDTH="154" HEIGHT="46">
						<String ID="P27_ST00400" HPOS="1684" VPOS="3322" WIDTH="63" HEIGHT="45" CONTENT="H." WC="0.58" CC="80"/>
						<SP ID="P27_SP00359" HPOS="1747" VPOS="3367" WIDTH="39"/>
						<String ID="P27_ST00401" HPOS="1786" VPOS="3321" WIDTH="52" HEIGHT="46" CONTENT="C." WC="0.98" CC="07"/>
					</TextLine>
				</TextBlock>
				<ComposedBlock ID="P27_CB00001" HPOS="1101" VPOS="3442" WIDTH="263" HEIGHT="87" STYLEREFS="TXT_6 PAR_LEFT" TYPE="Illustration">
					<GraphicalElement ID="P27_CB00001_SUB" HPOS="1101" VPOS="3442" WIDTH="263" HEIGHT="87"/>
				</ComposedBlock>
			</PrintSpace>
		</Page>
	</Layout>
</alto>
