2288 4234
796 481 206 42 REVUE
1036 481 110 43 DES
1176 481 327 44 CONGERTS

1974 495 55 36 27

271 627 29 41 il
323 628 66 40 n'a
413 629 129 53 guère
562 628 51 41 de
635 629 269 58 remplaçant
925 630 77 54 qui
1023 630 37 40 le
1081 631 141 44 vaille.
1247 633 72 39 Au
1343 641 122 43 reste,
1491 630 247 43 l'auditoire
1761 631 61 41 du
1844 630 159 43 Conser-

270 703 164 40 vatoire
472 702 38 41 le
546 705 237 53 comprend
823 704 123 51 bien;
986 705 116 40 aussi
1145 705 64 40 lui
1246 705 112 41 a-t-il
1394 706 78 41 fait
1509 720 87 27 une
1637 705 180 42 ovation
1857 705 177 55 lorsque

272 777 61 42 M.
362 776 227 56 Deldevez,
613 778 141 54 guéri,
778 792 23 27 a
826 778 131 54 repris
978 778 40 40 le
1039 778 133 41 bâton
1207 778 50 41 de
1289 778 100 42 chef
1404 780 261 41 d'orchestre
1698 794 57 27 au
1779 788 170 35 concert
1971 781 59 42 du

272 863 53 46 27
348 851 223 43 décembre
592 851 111 43 dans
721 851 144 57 lequel
884 865 63 29 ses
969 851 373 45 instrumentistes
1363 863 79 31 ont
1464 855 64 39 été
1551 854 301 42 merveilleux.

1342 947 211 42 Maurice
1593 947 188 45 Cristal,

329 1150 239 42 CONCERTS
596 1150 285 41 POPULAIRES
888 1184 9 10 .
922 1150 143 42 —On
1088 1166 23 26 a
1135 1152 175 43 exécuté
1333 1167 54 27 au
1416 1167 14 27 i
1440 1159 29 19 er
1497 1154 187 42 Concert
1711 1155 52 41 de
1788 1154 41 42 la
1858 1169 23 27 2
1887 1162 17 23 e
1926 1155 108 42 série

269 1237 86 28 une
383 1237 149 28 œuvre
554 1224 203 41 nouvelle
782 1241 8 24 :
816 1225 267 42 l'ouverture
1114 1226 51 41 de
1186 1227 201 42 Richard
1410 1227 80 43 111
1490 1262 13 19 ,
1531 1229 53 41 de
1612 1229 63 44 M.
1701 1229 164 42 Robert
1895 1230 107 42 Volk-

270 1312 153 35 mann,
457 1298 241 55 professeur
731 1298 52 41 de
813 1299 293 55 composition
1129 1304 23 38 à
1175 1300 267 43 l'Académie
1482 1303 148 54 royale
1663 1303 52 42 de
1749 1304 208 55 musique
1984 1305 51 41 de

274 1371 146 44 Pesth.
436 1372 44 41 Si
500 1385 111 28 nous
632 1373 280 41 considérons
933 1373 269 42 l'ouverture
1217 1389 170 27 comme
1401 1390 87 27 une
1505 1377 166 55 préface
1686 1378 348 55 symphonique,

268 1454 133 45 ayant
423 1459 113 41 pour
558 1446 79 40 but
657 1446 225 55 d'exposer
902 1456 41 32 et
957 1448 51 40 de
1030 1448 259 55 développer
1305 1449 40 42 la
1363 1451 153 53 pensée
1531 1451 242 56 principale
1789 1453 59 40 du
1867 1452 162 53 drame,

267 1519 127 40 saisie
414 1518 108 42 dans
545 1533 62 27 ses
630 1519 122 42 traits
775 1521 219 52 généraux
1022 1530 41 33 et
1097 1523 166 41 rendue
1295 1536 54 28 en
1383 1524 208 54 musique
1627 1539 104 27 avec
1763 1540 88 26 une
1880 1527 155 41 étroite

273 1593 122 40 unité
414 1601 42 34 et
480 1593 227 55 beaucoup
728 1594 51 41 de
804 1595 145 54 clarté,
974 1609 111 28 nous
1122 1610 54 27 ne
1209 1610 201 41 pouvons
1437 1601 271 39 reconnaître
1728 1603 24 37 à
1773 1599 182 42 l'œuvre
1977 1601 52 40 de

272 1667 62 42 M.
360 1665 251 43 Volkmann
644 1667 37 41 le
716 1671 212 40 caractère
964 1669 219 44 distinctif
1209 1670 52 42 de
1296 1685 46 27 ce
1372 1686 131 40 genre
1537 1672 53 42 de
1620 1674 310 55 composition.
1963 1675 68 41 En

277 1740 117 54 dépit
414 1740 51 40 de
486 1754 78 28 son
593 1740 117 56 titre,
740 1742 267 43 l'ouverture
1037 1743 52 42 de
1125 1745 205 42 Richard
1349 1745 81 43 111
1462 1747 125 54 n'est,
1620 1761 56 28 au
1710 1747 121 55 fond,
1869 1749 166 55 qu'une

272 1814 217 53 fantaisie
509 1814 286 56 dramatique
801 1849 8 19 ,
835 1830 63 27 un
931 1830 204 28 morceau
1168 1818 294 56 d'harmonie,
1494 1829 292 47 appartenant
1825 1837 56 27 au
1923 1824 111 53 style

273 1888 228 54 descriptif
514 1897 40 33 et
575 1889 108 40 dans
704 1889 144 55 lequel
872 1890 36 40 le
928 1891 214 42 musicien
1164 1907 23 26 a
1209 1895 214 54 entrepris
1444 1895 52 40 de
1517 1902 215 35 raconter
1752 1896 39 41 le
1812 1896 150 42 drame
1983 1897 52 41 de

272 1961 305 55 Shakespeare,
608 1963 155 54 depuis
796 1964 278 54 l'exposition
1105 1965 209 57 jusqu'au
1341 1968 311 43 dénouement.
1688 1970 36 40 Il
1744 1984 28 41 y
1792 1984 25 27 a
1835 1970 112 42 donc
1968 1985 62 28 un

270 2048 84 42 peu
399 2035 51 40 de
489 2043 96 34 tout
630 2037 111 41 dans
780 2044 109 35 cette
939 2051 149 29 œuvre
1127 2048 98 47 trop
1268 2042 169 41 touffue
1477 2043 79 54 qui
1598 2044 229 54 reproduit
1864 2053 101 33 tour
2005 2050 25 38 à

268 2116 103 32 tour
390 2107 61 42 les
472 2109 193 55 épisodes
686 2110 60 41 les
767 2111 100 54 plus
892 2121 256 45 marquants
1183 2114 60 40 du
1277 2116 149 41 drame
1447 2116 180 54 anglais.
1666 2117 273 43 L'ensemble
1966 2130 64 33 est

263 2195 115 28 assez
400 2182 151 42 confus
570 2191 41 33 et
633 2183 32 41 il
684 2183 110 42 n'est
815 2198 74 41 pas
911 2184 197 55 toujours
1131 2186 122 42 facile
1272 2188 98 41 d'en
1391 2189 186 56 dégager
1608 2191 126 41 l'idée
1754 2192 242 55 dirigeante
2017 2210 11 33 ;

268 2258 275 54 néanmoins,
566 2258 36 54 je
626 2258 110 42 crois
757 2259 122 41 avoir
900 2265 22 37 à
940 2274 83 40 peu
1046 2264 95 52 près
1173 2262 100 42 saisi
1295 2262 40 42 le
1356 2263 102 56 plan
1483 2265 59 40 du
1564 2266 314 55 compositeur,
1902 2271 129 51 grâce

263 2334 24 37 à
308 2330 40 41 la
372 2332 257 53 précaution
652 2346 85 41 que
769 2332 148 55 j'avais
952 2335 113 54 prise
1097 2335 53 42 de
1184 2337 126 41 relire
1345 2338 39 40 le
1420 2338 150 42 drame
1596 2340 52 41 de
1674 2340 292 58 Shakespeare
1990 2344 39 41 la

264 2404 126 42 veille
431 2407 140 39 même
608 2406 59 41 du
703 2416 190 32 concert.
935 2407 129 53 Mais,
1110 2412 139 52 parmi
1291 2412 59 40 les
1390 2425 136 41 4,000
1564 2427 237 42 personnes
1843 2417 77 54 qui
1954 2426 80 33 ont

264 2479 192 40 entendu
496 2479 265 42 l'ouverture
806 2481 52 41 de
893 2483 202 42 Richard
1127 2483 93 56 ///,
1255 2486 201 41 combien
1503 2488 89 40 s'en
1642 2489 250 42 trouvait-il
1947 2492 77 53 qui

267 2561 171 33 eussent
474 2554 308 42 connaissance
822 2556 225 42 suffisante
1085 2558 60 41 du
1187 2559 112 54 sujet
1338 2574 113 41 pour
1484 2562 247 55 découvrir,
1770 2578 97 27 sans
1896 2564 128 42 l'aide

263 2628 26 40 d
308 2641 146 28 aucun
488 2642 292 41 programme,
815 2638 96 34 tout
945 2645 45 27 ce
1020 2646 85 41 que
1131 2633 40 41 le
1200 2636 296 54 compositeur
1517 2650 24 27 a
1561 2637 139 42 voulu
1747 2638 104 41 faire
1885 2648 147 32 entrer

263 2701 107 41 dans
392 2715 46 27 ce
458 2702 122 42 cadre
603 2704 327 55 symphonique
945 2708 14 38 ?
995 2706 106 42 Fort
1137 2721 100 41 peu,
1271 2709 35 40 si
1347 2709 89 54 j'en
1465 2710 103 54 juge
1597 2725 79 41 par
1711 2712 197 41 l'accueil
1947 2714 83 40 très

261 2773 113 42 froid
401 2789 85 40 que
514 2776 38 41 le
585 2777 149 54 public
755 2791 23 28 a
799 2778 78 41 fait
900 2783 22 37 à
944 2787 108 34 cette
1089 2794 168 39 œuvre,
1291 2782 79 54 qui
1406 2783 110 41 n'est
1556 2798 73 40 pas
1661 2798 99 28 sans
1797 2787 232 55 beaucoup

265 2848 50 40 de
338 2849 163 53 mérite,
526 2850 109 41 mais
661 2852 79 54 qui
762 2865 192 42 manque
975 2855 328 52 généralement
1336 2857 52 40 de
1422 2857 153 42 souffle
1613 2867 42 33 et
1690 2859 51 41 de
1778 2860 250 56 puissance,

267 2922 110 41 dont
398 2923 60 40 les
484 2924 382 56 développements
900 2935 100 33 sont
1025 2928 193 55 étriqués
1242 2937 41 33 et
1302 2930 37 41 le
1362 2931 110 55 style
1496 2932 153 55 tendu,
1674 2933 186 42 morcelé
1885 2942 43 35 et
1949 2935 82 42 fort

266 2996 155 55 inégal.
446 3000 39 40 A
508 3012 105 28 mon
635 3013 111 39 sens,
771 3001 265 42 l'ouverture
1057 3003 51 41 de
1132 3004 63 43 M.
1208 3004 254 43 Volkmann
1480 3016 63 33 est
1566 3022 87 28 une
1669 3008 161 43 double
1851 3024 173 29 erreur:

269 3069 36 40 D
324 3071 148 50 abord,
496 3086 53 27 en
569 3081 94 35 tant
695 3074 313 54 qu'ouverture
1043 3091 53 27 ne
1136 3077 162 43 devant
1323 3079 154 55 jamais
1515 3083 146 40 suivre
1697 3094 271 34 exactement
1988 3085 40 41 la

265 3145 172 41 marche
469 3146 73 41 des
573 3149 276 42 événements
884 3151 106 41 d'un
1013 3152 163 51 drame,
1200 3167 100 27 sous
1335 3155 128 55 peine
1490 3156 52 42 de
1568 3158 150 54 perdre
1744 3159 38 41 le
1811 3163 214 38 caractère

263 3219 197 40 essentiel
486 3220 26 40 d
531 3220 123 42 unité
689 3236 84 40 que
802 3224 93 41 doit
928 3226 157 42 revêtir
1119 3234 97 35 tout
1250 3241 204 30 morceau
1493 3230 274 43 d'harmonie
1785 3246 10 35 ;
1836 3233 188 53 ensuite,

265 3304 167 28 connue
474 3295 263 54 symphonie
776 3298 277 56 descriptive,
1091 3301 239 43 l'auditeur
1373 3304 132 52 étant,
1549 3319 53 29 en
1647 3306 119 41 thèse
1811 3307 211 54 générale,

267 3363 226 55 incapable
514 3368 50 40 de
585 3370 122 41 saisir
729 3371 59 41 les
810 3381 198 47 rapports
1030 3384 144 33 exacts
1195 3377 107 40 d'un
1323 3391 203 29 morceau
1551 3388 231 46 purement
1808 3379 182 55 sympho-

266 3436 133 55 nique
438 3453 100 27 avec
578 3442 38 41 le
657 3444 149 42 drame
841 3447 78 54 qui
964 3448 66 41 lui
1064 3457 84 33 sert
1187 3450 52 41 de
1271 3465 198 40 canevas,
1517 3454 176 53 lorsque
1734 3467 46 27 ce
1822 3466 204 28 morceau

267 3524 26 25 n
314 3525 288 43 accompagne
623 3530 73 41 pas
715 3519 176 42 l'action
916 3523 203 54 scénique
1138 3525 78 52 qui
1240 3534 105 43 peut
1368 3526 116 41 seule
1507 3527 38 40 le
1567 3528 154 39 rendre
1744 3526 278 51 intelligible.
