2288 4234
288 1066 315 72 REVUE
651 1066 170 74 DES
877 1051 508 92 THÉÂTRES
1443 1069 493 90 LYRIQUES

232 1533 125 32 OPÉRA
378 1544 10 21 :
413 1531 140 35 Robert
576 1530 33 37 le
628 1533 134 35 Diable
764 1562 9 16 ,
794 1535 140 35 Débuts
955 1537 45 33 de
1026 1537 171 34 madame
1224 1538 319 34 Fursch-Madier.
1645 1538 304 36 THÉÂTRE-VENT
1952 1549 22 24 A-

273 1599 94 22 DOUR
386 1599 7 22 :
419 1588 138 33 Débuts
583 1589 43 33 de
649 1590 48 32 M.
726 1591 132 43 Lepers
876 1592 90 33 dans
987 1603 46 22 un
1053 1593 109 34 Ballo
1189 1594 36 32 in
1246 1594 217 43 Maschera,
1491 1601 37 26 et
1547 1595 44 32 de
1613 1594 278 34 mademoiselle
1911 1597 55 32 Mo-

272 1644 78 31 rian
385 1643 90 33 dans
497 1643 36 33 la
554 1643 266 39 Sonnambula,
895 1648 377 35 BOUFFES-PARISIENS
1291 1661 7 22 :
1320 1649 188 34 Première
1530 1649 294 46 représentation
1842 1651 44 32 de
1902 1662 8 21 :
1935 1650 57 34 Un

268 1698 179 44 Mariage
463 1709 42 23 en
529 1699 126 34 Chine.

671 1890 76 29 ous
787 1889 44 29 ce
867 1891 182 42 masque
1073 1893 8 27 :
1124 1878 213 42 l'histoire
1376 1877 224 58 officielle,
1632 1894 43 28 se
1715 1882 128 40 cache
1883 1890 109 34 cette

670 1951 136 55 figure
822 1966 8 26 :
849 1952 212 42 l'histoire
1076 1953 134 43 vraie.
1223 1953 204 42 Aimable
1446 1962 41 33 et
1503 1955 218 54 souriant,
1734 1957 38 40 le
1790 1970 199 43 masque,

669 2026 198 54 toujours
902 2027 38 40 le
978 2028 157 52 même,
1160 2027 174 41 charme
1375 2028 60 40 les
1471 2042 105 40 gens
1615 2029 280 55 superficiels,
1932 2032 59 40 les

671 2100 128 49 niais,
826 2100 59 41 les
916 2100 221 53 badauds;
1178 2102 42 39 la
1253 2101 152 54 figure,
1433 2102 188 54 sombre,
1645 2103 217 49 farouche,
1890 2118 77 27 sou-

669 2182 106 32 vent
796 2174 167 42 désolée
986 2183 41 33 et
1048 2183 202 35 couverte
1272 2175 51 41 de
1346 2176 173 52 larmes,
1539 2176 109 42 n'est
1668 2180 130 52 guère
1819 2191 173 29 connue

668 2262 86 42 que
775 2249 106 40 d'un
902 2248 109 56 petit
1033 2250 186 40 nombre
1234 2249 206 42 d'initiés.
1468 2251 60 40 Le
1549 2264 181 42 masque
1749 2253 243 53 représente

225 2323 59 42 les
306 2325 158 54 grands
485 2325 171 41 artistes
679 2335 170 30 comme
870 2323 73 40 des
974 2323 108 40 êtres
1118 2323 250 54 privilégiés
1395 2336 86 41 que
1502 2325 38 40 le
1562 2328 148 38 succès
1731 2333 40 32 et
1793 2325 41 40 la
1854 2325 137 54 gloire

228 2408 341 47 accompagnent
590 2398 377 52 nécessairement,
990 2398 77 54 qui
1108 2396 213 55 jouissent
1353 2398 53 41 de
1439 2398 41 41 la
1509 2398 85 55 vie,
1617 2400 166 54 qu'une
1818 2399 173 42 auréole

228 2487 239 42 couronne,
492 2488 86 41 que
600 2475 60 40 les
691 2474 155 40 bravos
868 2479 41 34 et
932 2471 60 42 les
1021 2472 421 55 applaudissements
1478 2473 178 41 suivent
1687 2482 193 46 partout,
1904 2487 87 42 que

226 2547 59 40 les
310 2548 174 55 peuples
506 2549 243 40 acclament
769 2556 40 32 et
830 2559 86 42 que
937 2546 38 41 le
996 2546 159 41 monde
1180 2546 221 41 considère
1417 2560 172 28 comme
1604 2555 155 35 autant
1778 2548 51 41 de
1850 2548 113 41 demi-

226 2622 131 41 dieux
377 2638 10 35 ;
411 2622 41 42 la
473 2622 138 56 figure
642 2622 61 41 les
726 2629 173 33 montre
920 2620 160 56 tristes,
1105 2620 210 55 inquiets,
1344 2620 251 55 souffrants,
1621 2623 270 41 tourmentés
1911 2636 79 41 par

225 2695 59 42 les
319 2696 205 53 envieux,
547 2697 161 41 écrasés
740 2695 52 41 de
828 2693 170 50 travail,
1019 2693 162 42 honnis
1213 2707 77 42 par
1322 2694 41 41 la
1395 2693 120 42 foule
1544 2694 79 55 qui
1646 2695 59 40 les
1737 2704 208 47 supporte
1966 2703 23 37 à

228 2770 139 54 peine,
406 2770 237 41 ridiculisés
678 2783 76 41 par
793 2768 117 42 leurs
946 2767 357 55 contemporains
1325 2801 10 21 ,
1371 2768 177 40 bafoués
1590 2782 76 42 par
1703 2768 40 42 la
1785 2770 202 56 critique,

228 2843 145 53 sifflés,
397 2843 179 54 injuriés
613 2857 75 41 par
717 2843 41 41 la
795 2841 165 55 cabale,
998 2841 255 55 incompris,
1289 2842 282 41 connaissant
1602 2842 39 41 le
1673 2843 152 54 public
1860 2845 130 54 qu'ils

230 2918 248 54 méprisent,
503 2925 42 33 et
566 2917 240 56 cependant
835 2916 186 41 doutant
1041 2915 321 43 d'eux-mêmes
1383 2923 96 35 tant
1496 2930 86 41 que
1604 2930 46 28 ce
1676 2918 153 54 public
1855 2932 54 28 ne
1931 2920 59 40 les

229 3005 22 26 a
280 3005 73 41 pas
386 3005 216 28 reconnus
632 3005 113 41 pour
781 3004 46 27 ce
856 2989 131 56 qu'ils
1015 2998 122 45 sont;
1161 2989 154 42 hantés
1349 3004 78 41 par
1459 2992 41 40 la
1527 2991 169 55 misère,
1722 2993 130 40 louve
1887 2993 78 41 har-

228 3079 160 40 gneuse
409 3067 95 54 qui,
527 3067 94 41 leur
643 3066 178 42 laissant
845 3065 96 41 voir
972 3065 107 41 dans
1109 3064 182 42 l'ombre
1323 3079 64 27 ses
1420 3066 184 54 longues
1630 3067 126 41 dents
1786 3067 205 42 blanches

230 3140 134 53 prêtes
406 3144 22 36 à
463 3141 59 40 les
563 3141 192 53 dévorer,
798 3140 59 41 les
894 3139 204 55 poursuit
1136 3139 173 55 jusqu'à
1349 3153 46 27 ce
1438 3140 129 55 qu'ils
1615 3155 43 27 se
1691 3141 206 42 heurtent
1933 3153 57 30 au

228 3215 218 51 tombeau,
470 3223 42 33 et
542 3228 42 27 se
616 3214 268 41 demandant
915 3212 136 56 enfin,
1075 3228 57 26 au
1162 3223 196 32 moment
1391 3214 189 42 d'entrer
1613 3215 107 41 dans
1741 3215 248 54 l'inconnu,

230 3287 181 40 éternité
438 3301 58 28 ou
527 3289 149 53 néant,
703 3288 34 41 si
765 3288 38 41 le
837 3288 137 42 talent
1004 3287 129 55 qu'ils
1171 3287 325 43 s'attribuaient
1526 3297 64 33 est
1626 3289 102 41 bien
1758 3290 99 51 réel,
1884 3289 34 41 si
1945 3302 45 27 ce

230 3360 149 42 n'était
402 3374 73 40 pas
498 3375 87 28 une
602 3363 207 52 chimère,
830 3376 88 27 une
940 3375 107 43 pure
1070 3362 180 41 illusion
1271 3362 51 41 de
1343 3363 379 56 l'amour-propre.

288 3434 57 40 Le
368 3447 179 42 masque
573 3443 39 34 et
634 3436 40 42 la
694 3436 156 55 figure,
873 3450 58 28 on
955 3438 39 40 le
1014 3436 109 55 voit,
1145 3450 53 27 ne
1231 3437 144 42 disent
1395 3451 75 41 pas
1490 3437 281 42 absolument
1787 3437 40 41 la
1848 3437 141 40 même
