2288 4234
832 531 77 40 LA
942 530 384 51 CHRONIQUE
1359 534 315 42 MUSICALE

371 540 56 34 22

369 672 165 54 dignité
554 673 107 41 dans
684 687 62 27 ses
768 681 137 46 gestes
924 682 40 34 et
986 675 106 41 dans
1113 689 78 28 son
1214 677 190 42 attitude
1426 680 221 54 scénique,
1670 695 85 40 que
1771 695 87 27 non
1878 684 243 42 seulement

370 746 80 41 elle
468 746 179 54 gagnait
668 754 97 33 tous
792 747 60 40 les
885 755 260 47 spectateurs
1179 760 194 46 exempts
1412 752 51 40 de
1503 754 279 53 prévention,
1820 757 107 40 mais
1969 771 152 28 encore

368 818 157 55 qu'elle
546 819 202 43 semblait
769 820 177 55 remplir
965 821 42 42 la
1039 826 121 38 scène
1195 832 40 33 et
1267 825 158 54 qu'elle
1456 826 223 42 absorbait
1712 828 40 40 la
1788 830 169 52 pensée,
1993 839 42 33 et
2070 845 53 28 ne

367 891 250 54 permettait
638 905 73 40 pas
733 906 86 43 que
835 893 246 44 l'attention
1101 896 59 42 du
1184 898 150 54 public
1357 901 80 51 pût
1458 913 42 26 se
1533 899 201 42 distraire
1770 901 125 42 d'elle
1931 916 60 29 un
2031 905 93 41 seul

364 971 212 36 moment.
604 981 18 21 »

423 1037 119 43 Dans
562 1039 42 41 la
623 1040 320 54 conversation,
967 1049 109 35 cette
1094 1043 212 43 Gabrielli
1331 1045 35 41 si
1386 1047 164 41 célèbre
1573 1061 76 41 par
1672 1062 64 27 ses
1770 1049 213 56 frasques,
2021 1051 103 42 était

367 1122 87 30 une
475 1124 215 43 personne
708 1114 101 41 bien
831 1114 155 53 élevée,
1004 1115 291 57 intelligente,
1319 1131 87 28 non
1430 1120 241 43 seulement
1692 1136 54 26 en
1765 1136 45 28 ce
1832 1124 75 53 qui
1941 1138 157 28 concer-

367 1185 94 42 nait
481 1185 39 41 la
543 1187 217 53 musique,
785 1187 111 41 mais
912 1202 73 26 sur
1007 1197 98 33 tout
1126 1190 112 54 sujet
1258 1196 58 36 où
1338 1206 87 27 une
1440 1193 157 42 femme
1616 1195 77 54 qui
1712 1210 24 27 a
1754 1210 100 44 reçu
1874 1211 87 28 une
1981 1199 143 41 bonne

366 1258 234 45 éducation
621 1267 42 34 et
689 1260 76 53 qui
785 1274 24 27 a
829 1274 59 27 vu
918 1261 40 40 le
986 1262 176 53 monde,
1198 1272 106 45 peut
1336 1266 122 41 avoir
1487 1267 149 54 acquis
1668 1269 73 41 des
1777 1272 344 42 connaissances.

369 1331 271 43 L'influence
659 1333 52 41 de
731 1333 108 55 lage
861 1342 106 47 peut
986 1336 124 41 avoir
1131 1339 232 41 contribué
1384 1344 23 37 à
1426 1348 109 34 cette
1568 1341 215 43 heureuse
1821 1344 301 44 modification

364 1404 103 42 chez
486 1406 39 41 la
548 1406 255 43 cantatrice.
829 1407 72 42 On
923 1410 270 55 remarquait
1214 1420 176 34 surtout
1407 1427 84 41 que
1512 1414 53 40 de
1597 1428 80 28 son
1714 1416 144 54 séjour
1894 1420 147 40 récent
2073 1421 51 39 de

364 1479 109 41 trois
512 1493 79 28 ans
628 1493 55 28 en
722 1481 172 54 Russie,
928 1497 176 27 aucune
1136 1485 299 53 particularité
1472 1488 50 40 de
1556 1493 213 40 caractère
1803 1491 244 43 individuel
2074 1494 50 40 de

364 1564 165 30 mœurs
551 1553 258 56 nationales,
828 1568 59 28 ou
908 1555 26 41 d
941 1556 223 55 'étiquette
1184 1558 50 41 de
1255 1572 121 41 cour,
1397 1561 163 42 n'avait
1589 1562 189 56 échappé
1812 1569 22 37 à
1869 1580 79 27 son
1981 1568 136 53 esprit

364 1625 335 45 d'observation.

417 1701 41 39 A
494 1713 45 27 ce
572 1708 211 47 moment,
811 1702 42 41 la
887 1701 228 57 Gabrielli,
1144 1707 77 39 née
1242 1720 53 27 en
1324 1710 125 53 1730,
1476 1710 117 41 avait
1620 1724 55 28 au
1705 1711 145 41 moins
1872 1721 214 45 quarante-

364 1772 106 55 cinq
490 1787 93 28 ans.
611 1774 114 41 Mais
746 1788 46 28 sa
816 1776 155 41 beauté
992 1779 193 40 attestait
1211 1793 153 29 encore
1396 1782 41 40 la
1458 1782 344 43 vraisemblance
1821 1785 53 41 de
1895 1794 142 33 toutes
2059 1787 60 41 les

364 1853 234 35 aventures
618 1848 77 54 qui
714 1848 206 42 l'avaient
941 1851 165 41 rendue
1127 1851 36 42 si
1183 1853 177 54 célèbre,
1378 1863 41 33 et
1439 1856 59 41 du
1513 1856 133 42 délire
1667 1858 161 54 qu'elle
1849 1860 118 41 avait
1986 1861 135 41 excité

362 1931 55 29 en
442 1919 123 42 Italie
581 1928 42 34 et
642 1926 23 36 à
689 1921 184 45 Vienne.

419 1992 81 42 Les
521 1995 150 53 opéras
692 1995 108 41 dans
819 1995 185 56 lesquels
1024 1999 41 40 la
1086 1998 209 43 Gabrielli
1325 2015 42 27 se
1388 2002 51 42 fit
1458 2006 209 42 entendre
1687 2008 165 41 durant
1873 2022 79 26 son
1974 2009 145 54 séjour

358 2079 54 28 en
446 2068 254 52 Angleterre
733 2068 146 43 furent
913 2074 45 38 la
982 2072 178 42 Didone
1180 2074 343 45 abbandonnata
1531 2112 9 19 ,
1576 2088 112 33 cette
1721 2081 82 41 fois
1837 2082 209 56 musique
2068 2084 54 41 de

360 2137 219 57 Sacchini,
608 2140 112 43 Caio
741 2142 157 43 Mario
905 2176 10 21 ,
933 2144 53 41 de
1011 2145 210 52 Piccinni,
1244 2157 42 33 et
1308 2150 45 40 la
1385 2150 177 44 Vestale
1567 2185 10 21 ,
1601 2154 53 40 de
1675 2154 156 42 Venta.

419 2212 36 43 Il
475 2213 93 42 faut
590 2214 135 41 croire
744 2229 87 41 que
850 2230 68 27 ces
937 2218 166 54 opéras,
1131 2221 232 55 puisqu'ils
1383 2232 80 33 ont
1484 2226 63 41 été
1566 2227 176 55 choisis,
1760 2229 202 41 devaient
1986 2230 107 40 beau-

358 2300 115 41 coup
507 2301 56 27 au
597 2289 138 42 talent
766 2289 52 41 de
848 2290 41 41 la
912 2293 252 42 cantatrice.
1192 2295 69 41 La
1282 2296 178 42 Didone
1482 2298 51 42 de
1556 2300 203 42 Sacchini
1781 2309 64 34 est
1865 2304 136 39 restée
2026 2310 96 35 tout

359 2363 24 37 à
404 2359 76 42 fait
499 2361 240 50 inconnue,
757 2371 42 33 et
818 2378 20 26 c
856 2373 62 31 est
939 2370 22 35 à
982 2366 197 42 Piccinni
1200 2382 86 40 que
1306 2383 46 28 ce
1373 2373 141 41 même
1530 2374 125 53 sujet,
1674 2376 128 41 traité
1817 2376 53 41 de
1890 2390 77 40 par

359 2432 129 42 Vinci
506 2443 42 33 et
565 2434 192 53 Jomelli,
781 2450 99 27 sans
905 2448 197 45 compter
1135 2441 188 43 d'autres
1342 2445 232 55 peut-être,
1590 2462 23 26 a
1633 2447 61 43 dû
1715 2450 345 43 exclusivement
2070 2451 51 42 de

357 2505 106 54 jeter
497 2521 63 27 un
593 2509 207 41 véritable
833 2511 110 42 éclat
973 2526 74 27 sur
1075 2513 42 41 la
1143 2517 125 39 scène
1296 2517 189 56 lyrique.
1512 2521 65 40 De
1598 2523 142 40 même
1760 2537 85 41 que
1862 2523 41 42 la
1922 2524 194 53 Didone,

363 2579 114 43 Caio
498 2581 156 43 Mario
679 2582 231 56 (singulier
939 2585 110 55 sujet
1075 2601 85 41 que
1193 2589 134 42 Caius
1357 2592 170 42 Marius
1550 2609 113 40 pour
1684 2610 62 27 un
1768 2598 131 54 opéra
1919 2597 154 42 italien
2093 2602 29 50 !)

359 2667 29 28 n
406 2662 63 33 est
485 2668 75 41 pas
581 2655 107 42 citée
710 2670 75 28 sur
799 2658 40 40 la
860 2658 98 41 liste
981 2660 72 40 des
1070 2674 173 30 œuvres
1264 2662 51 42 de
1337 2678 77 27 son
1432 2676 156 33 auteur
1608 2669 106 41 dans
1738 2670 61 41 les
1821 2671 297 53 biographies;

357 2735 43 33 et
421 2737 143 45 quant
583 2733 24 37 à
631 2729 156 54 Venta,
812 2740 175 45 auteur,
1015 2738 23 36 à
1059 2747 47 28 ce
1124 2736 109 53 qu'il
1254 2740 155 52 paraît,
1434 2740 133 42 d'une
1600 2742 177 43 Vestale
1783 2777 9 19 ,
1816 2744 185 42 l'œuvre
2022 2752 41 34 et
2084 2745 38 42 le

357 2801 297 54 compositeur
675 2811 101 35 sont
795 2804 285 56 aujourd'hui
1103 2810 120 41 aussi
1247 2813 338 54 complètement
1606 2816 189 53 ignorés.

412 2874 181 57 Burney
613 2876 67 43 dit
699 2891 60 42 qu
777 2880 121 53 après
931 2893 64 28 ses
1030 2886 149 37 succès
1200 2897 54 28 en
1277 2886 270 56 Angleterre,
1571 2889 40 41 la
1633 2889 209 42 Gabrielli
1874 2905 42 27 se
1948 2892 128 41 retira
2098 2896 23 37 à

358 2947 209 54 Bologne,
605 2949 214 43 heureuse
851 2952 252 57 d'échapper
1134 2959 24 37 à
1193 2964 99 34 tous
1324 2959 61 40 les
1418 2973 153 41 orages
1604 2975 87 41 que
1726 2977 45 27 sa
1807 2964 156 42 beauté
1985 2972 42 36 et
2057 2980 63 27 ses

355 3020 157 43 talents
534 3022 173 44 avaient
728 3024 77 41 fait
827 3027 153 41 naître.
1016 3028 64 42 La
1114 3029 212 43 Gabrielli
1362 3033 187 42 n'aurait
1578 3045 214 45 pourtant
1820 3051 76 41 pas
1929 3041 190 40 renoncé

355 3107 86 29 aux
463 3095 130 43 luttes
615 3098 140 54 qu'un
777 3112 120 29 cœur
917 3101 195 43 d'artiste
1131 3105 307 43 n'abandonne
1465 3109 179 55 qu'avec
1663 3118 97 33 tant
1780 3111 51 41 de
1856 3112 141 54 peine.
2036 3114 82 41 Les

357 3168 226 44 brillantes
616 3171 181 42 facultés
830 3174 51 41 de
914 3175 41 41 la
990 3179 234 41 cantatrice
1261 3194 54 27 ne
1346 3182 239 54 pouvaient
1618 3185 247 54 cependant
1899 3187 88 40 être
2008 3188 86 41 éter-

353 3242 151 55 nelles,
528 3252 41 34 et
588 3244 221 57 lorsqu'en
831 3250 113 54 1780
969 3251 99 55 (elle
1089 3253 117 41 avait
1224 3254 127 55 alors,
1368 3269 78 42 par
1458 3258 285 54 conséquent,
1762 3260 245 54 cinquante
2022 3260 94 56 ans)

353 3314 78 42 elle
453 3317 159 42 voulut
633 3332 188 41 engager
841 3321 40 42 la
901 3323 176 42 bataille
1098 3339 100 28 avec
1222 3328 39 40 le
1290 3328 166 42 célèbre
1488 3330 216 42 chanteur
1729 3332 131 55 Luigi
1882 3333 231 55 Marchesi,

353 3391 23 38 à
402 3389 158 54 Milan,
584 3405 111 41 pour
711 3394 41 40 la
775 3396 213 53 première
1009 3398 81 40 fois
1113 3399 40 41 la
1176 3400 178 42 victoire
1376 3403 209 42 demeura
1601 3405 205 42 indécise.

409 3462 132 57 Luigi
567 3466 217 43 Marchesi
807 3469 165 44 brillait
992 3486 75 39 par
1081 3474 38 40 le
1141 3477 124 51 goût,
1283 3476 41 40 la
1340 3476 227 42 flexibilité
1585 3478 52 41 de
1658 3480 42 40 la
1721 3479 114 43 voix.
1862 3481 60 42 Le
1938 3482 177 41 charme

351 3545 40 33 et
427 3538 41 41 la
504 3540 155 42 beauté
688 3541 53 42 de
772 3557 44 27 sa
856 3558 226 43 personne,
1119 3547 40 42 la
1193 3551 124 51 grâce
1348 3558 42 33 et
1423 3552 42 41 la
1499 3566 281 29 convenance
1811 3556 52 40 de
1893 3570 62 26 ses
1977 3565 135 46 gestes
