2288 4234
1045 1101 142 52 LES

292 1300 753 82 CANTATRICES
1096 1313 782 94 DRAMATIQUES

1896 1308 62 50 (I)

680 2191 108 35 cette
814 2185 96 44 date
934 2188 38 41 le
995 2188 181 44 vice-roi
1204 2193 52 41 de
1285 2193 145 56 Sicile,
1458 2198 196 56 marquis
1681 2199 53 44 de
1762 2199 233 59 Fogliano,

676 2258 105 42 était
797 2274 62 27 un
881 2262 178 44 homme
1079 2265 235 58 distingué,
1334 2269 206 54 influent,
1558 2273 109 43 dont
1689 2274 202 58 Brydone
1915 2278 78 43 fait

676 2345 61 28 un
758 2335 138 52 grand
918 2337 141 55 éloge,
1080 2347 44 35 et
1162 2342 76 56 qui
1261 2357 99 28 sans
1381 2344 132 45 doute
1532 2349 120 41 avait
1671 2353 223 55 provoqué
1916 2366 77 28 sur

673 2405 42 43 la
755 2409 123 42 scène
913 2410 52 42 de
1010 2412 197 44 Palerme
1239 2417 319 55 l'engagement
1590 2422 53 42 de
1685 2423 39 42 la
1760 2424 228 46 Gabrielli.

676 2479 181 58 Quoiqu
873 2483 31 42 il
924 2498 55 28 en
999 2485 99 54 soit,
1116 2486 41 42 la
1173 2488 226 58 fantasque
1414 2493 209 44 Catarina
1645 2497 119 42 avait
1785 2499 66 41 été
1870 2499 95 43 invi-

672 2555 64 42 tée
768 2559 23 37 à
823 2569 62 29 un
919 2559 196 57 banquet
1135 2561 52 44 de
1210 2565 246 45 cérémonie
1475 2568 103 42 chez
1600 2583 47 28 ce
1667 2570 109 43 haut
1812 2587 154 40 person-

1082 1792 65 43 IV

712 1920 374 49 CATARINA
1125 1929 405 46 GABRIELLI

712 2056 818 40 III

231 2636 120 42 nage,
391 2639 99 29 avec
524 2627 37 42 la
596 2627 244 58 principale
875 2633 198 43 noblesse
1112 2635 51 43 de
1187 2636 213 46 Palerme.
1427 2640 62 42 La
1511 2643 198 43 noblesse
1734 2644 69 43 fut
1828 2655 158 36 exacte.

233 2697 186 45 L'heure
449 2701 60 42 du
543 2702 126 42 dîner
699 2714 122 46 passe
834 2719 11 38 ;
868 2705 40 42 le
928 2707 185 45 vice-roi
1136 2709 313 59 s'impatiente,
1471 2715 34 42 il
1521 2718 154 42 envoie
1696 2719 103 43 chez
1818 2721 42 41 la
1884 2737 78 28 can-

232 2773 163 55 tatrice,
417 2789 59 28 on
496 2776 41 42 la
560 2786 155 33 trouve
735 2793 55 27 au
812 2779 68 52 lit,
904 2793 61 29 un
986 2782 110 44 livre
1111 2787 24 39 à
1159 2785 41 42 la
1219 2787 139 55 main,
1375 2790 248 55 prétextant
1644 2807 88 29 une
1753 2794 213 58 indisposi

231 2846 109 52 tion,
360 2855 41 33 et
416 2859 196 33 avouant
629 2852 158 55 qu'elle
803 2853 117 42 avait
934 2856 149 43 oublié
1103 2866 68 36 cet
1187 2871 302 46 engagement.
1507 2864 168 45 Toutes
1692 2869 60 42 les
1769 2869 218 45 instances

229 2926 99 34 sont
350 2920 175 44 inutiles
547 2937 112 41 pour
688 2926 39 41 la
745 2926 263 44 déterminer
1032 2935 23 37 à
1080 2945 42 28 se
1143 2935 156 40 rendre
1317 2949 86 29 aux
1425 2950 130 30 vœux
1574 2940 52 42 de
1648 2940 201 46 l'illustre
1870 2958 88 30 com-

229 2993 154 54 pagnie
401 3000 24 36 à
457 2996 185 56 laquelle
674 3012 57 28 on
754 3000 147 43 l'avait
922 3003 204 54 promise.
1162 3005 92 45 Elle
1278 3010 238 44 maintient
1538 3026 64 31 ses
1621 3027 195 45 excuses,
1839 3026 43 35 et
1906 3020 81 42 elle

228 3078 42 27 se
302 3067 91 42 lève
425 3071 202 42 toutefois
657 3086 111 42 pour
788 3088 43 28 se
850 3077 154 42 rendre
1024 3092 58 29 au
1104 3080 181 45 théâtre.
1311 3082 80 56 Là,
1413 3086 81 43 elle
1516 3087 159 45 chante
1691 3105 9 38 ;
1725 3091 111 42 mais
1866 3101 120 36 sotto

235 3151 118 40 voce,
369 3156 100 28 avec
492 3157 61 29 un
576 3147 136 42 talent
731 3151 23 38 à
773 3149 169 45 dessein
965 3154 184 53 modéré,
1177 3170 61 28 un
1257 3157 176 44 charme
1461 3168 98 36 tout
1578 3162 112 55 juste
1710 3165 177 44 officiel.

285 3212 59 43 Le
367 3214 119 45 Foi-1
508 3205 176 70 Évéque
709 3222 107 42 était
839 3228 23 37 à
891 3233 109 35 cette
1023 3228 170 54 époque
1215 3229 107 44 dans
1343 3232 61 42 les
1440 3234 233 45 traditions
1706 3237 54 43 de
1792 3247 99 35 tous
1925 3241 61 41 les

273 3391 47 43 (i)
346 3393 89 35 \oir
458 3402 50 29 les
530 3402 174 34 numéros
725 3398 63 40 des
811 3416 10 22 i
829 3410 30 19 er
881 3405 193 38 décembre
1099 3408 103 46 1878,
1230 3421 12 24 i
1251 3415 26 18 ef
1298 3410 149 45 janvier,
1477 3422 47 27 i«*
1540 3412 144 47 février,
1704 3422 49 31 te»
1774 3419 85 43 mai,
1954 3424 33 28 et

234 3447 16 66 i
267 3447 18 66 5
302 3447 86 66 juin,
412 3447 16 66 i
444 3447 16 66 5
476 3447 129 66 juillet,
635 3463 38 27 1"'
699 3459 101 41 août,
825 3447 22 66 i
869 3447 22 66 5
913 3447 176 66 novembre
1111 3472 34 27 et
1173 3447 21 66 i
1215 3447 22 66 5
1258 3447 172 66 décembre
1456 3471 106 42 1874.
