2288 4234
737 412 78 41 LA
844 406 383 49 CHRONIQUE
1260 403 318 43 MUSICALE

301 417 60 55 34

303 577 88 28 une
412 562 117 53 poire
552 574 111 41 pour
684 560 40 39 la
745 557 93 50 soif,
865 556 51 40 de
937 553 105 55 quoi
1066 566 42 27 se
1129 552 106 41 faire
1254 551 105 41 faire
1381 564 62 27 un
1477 550 136 41 habit.
1644 549 94 41 Mes
1760 545 299 43 bénédictions

304 641 24 36 à
348 634 372 43 l'industrialisme
737 636 9 36 !

357 709 64 42 M.
452 708 143 42 Véron
630 703 245 43 conservait
917 715 87 29 une
1034 699 364 55 arrière-pensée;
1435 697 31 41 il
1498 695 184 56 espérait
1716 694 212 54 échapper
1969 705 85 27 aux

297 781 263 54 obligations
581 779 265 40 contractées
863 790 152 28 envers
1038 776 60 40 les
1118 782 195 33 auteurs.
1344 772 68 40 En
1433 771 119 54 dépit
1574 769 51 40 de
1642 781 67 27 ces
1731 764 333 43 interminables

297 855 271 51 hésitations,
602 853 84 41 fort
720 850 282 56 respectables
1038 862 100 28 sans
1164 847 152 52 doute,
1348 844 31 42 il
1410 845 127 41 fallut
1564 849 210 49 pourtant
1797 839 185 55 prendre
2006 853 61 26 un

300 928 126 58 parti.
450 926 486 46 Véron-Fontanorose,
960 923 78 55 qui
1059 922 116 41 avait
1197 919 334 55 probablement
1552 916 73 41 des
1640 914 192 41 données
1853 912 99 54 plus
1969 912 74 54 pré-

296 1004 107 40 cises
421 1015 73 28 sur
515 1001 40 41 la
577 1008 155 34 nature
758 999 73 40 des
854 1000 118 53 pâtes
995 1009 85 42 que
1101 1009 73 27 sur
1195 995 59 40 les
1277 992 244 42 merveilles
1543 991 52 39 de
1617 988 114 52 l'art,
1757 1000 43 27 se
1821 985 169 52 décida,
2014 997 53 27 en

297 1089 240 42 apparence
558 1074 61 41 du
642 1073 165 49 moins;
831 1086 56 27 au
920 1070 120 52 fond,
1066 1069 31 41 il
1130 1068 205 41 demeura
1358 1066 193 49 flottant,
1591 1061 180 41 indécis.
1800 1059 114 53 Bref,
1945 1058 122 54 apiès

302 1150 98 41 bien
431 1149 71 39 des
524 1146 275 56 pourparlers
822 1154 40 31 et
885 1145 226 50 beaucoup
1132 1142 52 39 de
1214 1148 139 45 temps
1376 1138 148 54 perdu,
1560 1137 60 39 les
1647 1134 150 41 études
1818 1133 51 40 de
1899 1130 168 43 Robert

692 1226 42 32 et
762 1218 39 40 la
826 1216 211 55 première
1071 1213 234 55 répétition
1338 1210 200 55 générale
1566 1208 158 41 arriva.
1749 1206 248 41 Chanteurs
2023 1213 42 31 et

297 1296 250 39 exécutants
581 1291 299 56 partageaient
920 1290 59 40 les
1033 1286 343 57 appréhensions
1414 1284 58 40 du
1512 1283 196 41 docteur.
1754 1280 56 40 Ils
1844 1278 219 42 raillaient

298 1366 269 55 Meyerbeer,
592 1373 40 33 et
652 1364 195 54 lorsque,
878 1362 108 40 dans
1005 1361 42 40 la
1075 1360 193 41 fameuse
1289 1357 176 42 marche
1494 1355 73 41 des
1591 1366 185 40 nonnes,
1805 1353 60 41 les
1885 1352 180 40 bassons

297 1442 231 40 exécutent
546 1438 113 42 seuls
679 1438 190 42 certaine
892 1436 153 55 phrase
1061 1447 86 42 que
1167 1434 38 54 je
1223 1430 247 58 qualifierai
1493 1432 50 39 de
1564 1428 287 42 cadavéreuse
1870 1434 94 33 tant
1986 1424 80 41 elle

298 1514 154 41 sentie
490 1514 220 54 sépulcre,
743 1512 60 40 les
824 1510 168 41 artistes
1014 1508 51 41 de
1096 1507 249 44 l'orchestre
1366 1505 233 41 éclatèrent
1628 1503 52 39 de
1708 1500 101 42 rire.
1852 1500 56 41 Ils
1936 1508 102 32 trou-

297 1589 148 41 vaient
467 1589 41 40 la
528 1587 128 41 chose
674 1585 137 41 drôle.
844 1583 104 42 Plus
970 1582 111 53 tard,
1106 1595 59 28 on
1186 1581 42 40 la
1250 1589 157 33 trouva
1430 1578 191 42 terrible.

356 1663 80 40 Les
457 1661 186 41 craintes
668 1660 51 40 de
742 1659 62 40 M.
828 1658 147 42 Véron
998 1656 324 51 redoublèrent,
1345 1662 40 33 et
1407 1661 124 32 notre
1552 1653 258 52 Bourgeois
1832 1651 54 38 de
1908 1649 157 50 Paris,

298 1736 191 41 hésitant
511 1734 204 54 jusqu'au
737 1730 173 43 dernier
931 1736 221 46 moment,-
1177 1742 55 27 ne
1251 1726 268 42 dissimulait
1545 1739 71 40 pas
1647 1738 63 28 ses
1740 1722 281 55 inquiétudes
2045 1724 23 36 à

300 1823 79 27 son
395 1818 251 43 entourage.
675 1806 36 41 Il
733 1804 196 57 pâlissait
950 1808 24 36 à
993 1816 86 28 vue
1112 1802 120 41 d'œil
1260 1815 100 27 sous
1383 1801 59 41 les
1463 1812 116 28 roses
1602 1798 108 41 dont
1733 1797 31 41 il
1800 1795 266 43 couronnait

297 1882 341 51 journellement
658 1893 78 28 son
760 1879 134 42 front.
921 1867 313 52 Évidemment
1256 1874 186 54 Thyrsis
1463 1872 120 42 allait
1605 1871 196 54 maigrir.

357 1955 164 54 Appelé
551 1958 24 36 à
608 1955 42 39 la
684 1952 195 41 dernière
917 1950 249 55 répétition,
1196 1949 39 40 le
1268 1948 165 41 célèbre
1462 1946 116 41 Fétis
1611 1946 67 41 fut
1707 1945 223 54 consulté;
1957 1943 110 42 mais

304 2029 119 42 Fétis
443 2028 118 42 avait
590 2041 78 27 son
690 2026 115 54 siège
828 2025 97 51 fait;
951 2024 31 41 il
1003 2023 172 42 combla
1193 2022 39 41 la
1255 2021 205 55 musique
1487 2020 185 54 d'éloges
1694 2028 42 32 et
1771 2019 189 41 termina
1988 2032 77 28 son

303 2103 194 40 discours
518 2114 52 28 en
591 2099 223 42 affirmant
836 2110 85 43 que
944 2097 166 43 Robert
1132 2096 125 42 ferait
1279 2095 38 41 le
1339 2103 101 33 tour
1461 2093 61 42 du
1545 2092 183 51 monde;
1753 2105 53 28 en
1829 2092 110 55 quoi
1962 2091 30 42 il
2013 2105 54 28 ne

301 2190 45 27 se
376 2184 175 46 trompa
579 2174 138 56 point.

356 2251 60 39 Le
449 2247 149 56 public
630 2261 54 27 ne
718 2246 164 42 mordit
908 2258 75 42 pas
1018 2244 180 41 d'abord
1233 2246 24 38 à
1288 2250 109 34 cette
1430 2241 228 57 splendide
1682 2239 235 57 partition;
1953 2239 30 42 il
2016 2252 52 27 ne

298 2323 187 55 comprit
503 2336 75 41 pas
600 2321 212 42 d'emblée
831 2321 60 40 les
913 2320 272 41 nouveautés
1209 2317 109 42 dont
1339 2316 78 41 elle
1439 2315 232 42 fourmille.
1701 2314 35 41 Il
1767 2328 28 40 y
1816 2313 119 41 avait
1967 2312 101 42 bien

304 2401 44 38 la
379 2397 133 40 Valse
541 2396 227 55 infernale
774 2427 10 19 ,
819 2394 39 41 le
896 2394 109 40 beau
1035 2392 129 41 décor
1191 2391 60 41 du
1280 2390 163 50 cloître,
1479 2390 40 40 la
1541 2390 135 40 danse
1705 2389 74 40 des
1812 2401 185 40 nonnes,
2031 2387 37 40 le

299 2481 179 29 rameau
501 2467 228 52 enchanté,
753 2465 61 41 les
843 2464 201 49 démons,
1067 2463 41 41 la
1129 2462 245 42 cathédrale
1390 2461 52 41 de
1475 2460 218 50 Palerme;
1722 2460 111 40 mais
1855 2466 100 34 tout
1979 2458 89 42 cela

299 2540 215 42 n'attirait
534 2553 76 42 pas
645 2552 85 29 une
762 2538 116 42 foule
900 2551 116 27 assez
1045 2544 239 46 compacte.
1317 2535 253 55 Meyerbeer
1593 2533 153 42 s'avisa
1777 2532 108 42 d'un
1907 2545 161 41 moyen

297 2614 224 53 excellent,
546 2613 187 41 maintes
755 2611 79 42 fois
851 2612 203 55 employé
1077 2610 158 54 depuis
1268 2617 40 33 et
1330 2610 77 54 qui
1433 2609 158 41 réussit
1613 2615 201 35 souvent.
1844 2606 35 42 Il
1901 2606 164 52 acheta,

297 2688 192 56 pendant
523 2688 61 41 les
609 2695 138 35 trente
776 2686 233 56 premières
1040 2683 384 57 représentations,
1457 2691 143 34 toutes
1632 2683 59 40 les
1726 2682 141 54 places
1898 2681 95 55 qui,
2028 2681 40 40 la

296 2761 143 53 veille,
459 2760 210 41 n'étaient
685 2773 75 42 pas
792 2759 163 53 louées,
979 2766 42 33 et
1040 2758 60 41 les
1121 2758 218 41 distribua
1376 2760 24 37 à
1421 2756 73 42 des
1519 2768 291 42 personnages
1839 2754 226 42 influents.

299 2836 73 41 On
393 2834 144 56 apprit
560 2834 167 42 bientôt
748 2832 110 56 qu'il
880 2832 105 42 était
1005 2831 178 43 difficile
1203 2831 53 41 de
1279 2845 43 27 se
1343 2843 205 43 procurer
1569 2829 73 42 des
1674 2830 134 53 loges,
1831 2830 73 40 des
1925 2829 143 41 stalles

299 2922 57 27 au
377 2908 168 41 bureau
569 2908 53 40 de
648 2907 215 53 location;
889 2906 113 41 alors
1031 2907 60 39 les
1128 2911 210 35 moutons
1359 2904 52 40 de
1436 2904 203 52 Panurge
1661 2902 64 54 s'y
1747 2902 318 54 précipitèrent,

300 2982 62 55 s'y
383 2985 176 38 ruèrent
585 2984 24 37 à
638 2980 146 53 l'envi,
809 2988 42 34 et
884 2981 41 40 la
946 2993 143 41 vogue
1118 2993 62 26 un
1214 2979 169 40 instant
1416 2978 217 40 hésitante
1658 2975 187 42 s'établit
1872 2974 175 43 définiti-

302 3064 190 35 vement.

351 3131 50 41 Je
431 3144 68 28 me
537 3130 101 42 hâte
664 3129 213 55 d'ajouter
918 3143 85 41 que
1037 3128 165 42 Robert
1244 3127 42 41 le
1315 3125 166 43 Diable
1518 3124 197 43 méritait
1755 3124 61 41 les
1855 3121 212 44 sacrifices

296 3205 304 40 momentanés
633 3217 85 42 que
767 3203 240 55 s'imposait
1056 3202 269 53 Meyerbeer.
1381 3199 233 53 Toutefois,
1668 3198 202 41 l'illustre
1911 3198 157 39 maître

299 3278 160 55 auquel
479 3290 57 28 011
557 3277 92 41 doit
665 3278 59 40 les
746 3277 274 54 Huguenots
1044 3283 40 33 et
1106 3276 248 40 Struensée
1360 3308 7 16 ,
1392 3273 149 42 ouvrit
1556 3286 88 28 une
1666 3275 68 37 ère
1752 3271 130 41 fatale
1901 3284 113 42 pour
2031 3269 37 41 le

296 3351 125 54 génie
443 3365 99 27 sans
565 3351 189 41 fortune»
792 3351 64 40 De
878 3350 113 54 plus,
1018 3349 33 40 il
1073 3363 23 27 a
1118 3350 145 40 donné
1291 3362 61 27 un
1382 3347 196 55 exemple
1609 3347 78 55 qui
1720 3350 109 37 n'est
1862 3358 86 42 que
1969 3352 98 46 trop

299 3425 131 41 suivi,
455 3425 281 41 Maintenant
758 3426 38 40 le
817 3423 187 55 premier
1023 3436 135 41 venu,
1181 3422 64 40 s'il
1265 3436 22 26 a
1305 3421 51 42 de
1377 3421 199 55 l'argent,
1592 3434 41 28 se
1651 3419 148 43 faufile
1820 3422 22 37 à
1864 3419 38 40 la
1921 3421 142 50 scène,
