3012 4351
1169 189 239 38 BRUNO'S
1486 192 254 37 WEEKLY'

2769 199 78 38 831

66 276 95 42 been
189 276 196 52 wrought
413 278 40 41 in
481 278 276 54 lithography,
786 283 80 40 and
896 298 23 27 a
946 284 248 43 memorable
1222 285 128 43 result
1377 288 45 42 of

63 333 60 42 his
141 333 176 50 practice
335 333 45 42 of
400 335 80 43 this
500 346 65 32 art
583 352 85 27 was
686 337 213 51 published
921 340 40 42 in
987 340 119 52 1893,
1130 342 170 51 Oxford
1317 344 79 43 Por-

65 393 129 45 traits,
220 391 113 43 there
358 394 222 52 appearing
604 394 98 44 four
715 412 123 36 .years
863 396 106 43 later
994 415 24 25 a
1042 398 167 45 further
1230 402 121 42 series
1375 402 46 43 of

63 449 61 42 his
152 448 277 53 lithographic
456 452 143 49 prints,
637 453 92 42 The
754 454 163 43 French
947 455 84 42 Set.
1088 455 111 45 This
1227 473 86 28 was
1342 458 60 43 fol-

56 506 132 43 lowed
207 521 98 27 soon
324 507 52 52 by
391 509 165 42 various
573 509 172 44 kindred
764 511 277 51 productions,
1062 514 168 53 notably
1247 516 174 51 English

62 566 206 42 Portraits
298 566 42 40 in
377 566 118 49 1898,
529 568 127 41 Liber
686 568 223 45 Juniorum
944 571 42 41 in
1025 572 118 50 1899,
1177 574 81 42 and
1288 575 101 42 Man-

63 625 156 40 chester
242 623 207 43 Portraits
476 640 41 25 in
550 625 129 49 1900;
705 625 125 44 while
858 627 92 44 Mr.
980 629 270 44 Rothenstein
1279 632 31 42 is
1337 632 85 44 also

63 680 229 53 something
308 681 46 42 of
373 697 51 26 an
445 682 161 49 author,
627 699 23 26 a
668 683 105 43 book
791 700 53 26 on
866 685 121 52 Goya
1006 686 121 53 being
1145 688 108 43 chief
1273 706 151 37 among

61 738 61 42 his
143 739 169 41 written
334 739 149 43 works.
535 739 285 54 Throughout
842 742 70 43 the
936 743 99 43 time
1057 744 50 42 he
1129 761 86 27 was
1239 749 183 51 engaged

63 797 40 41 in
130 795 110 43 these
265 796 235 43 multiform
528 798 210 50 activities,
767 799 49 42 he
843 799 109 44 lived
980 801 155 54 mainly
1160 805 43 41 in
1230 805 189 50 London,

56 2514 188 38 Bernard
273 2512 124 40 Shaw

56 2615 135 43 where
211 2616 49 42 he
280 2616 206 42 exhibited
505 2616 177 50 pictures
703 2615 235 51 frequently
960 2624 42 32 at
1022 2613 69 42 the
1113 2614 121 46 New.
1244 2612 174 53 English

56 2674 81 41 Art
161 2674 133 49 Club;
318 2674 74 41 but
415 2690 22 25 a
461 2674 83 41 few
565 2689 114 36 years
705 2689 75 35 ago
804 2673 61 41 his
889 2682 111 32 tense
1024 2673 169 40 interest
1216 2672 42 40 in
1282 2670 136 42 occult

58 2743 167 31 matters
260 2733 175 41 induced
469 2732 86 41 him
589 2742 42 31 to
665 2747 50 36 go
751 2742 41 31 to
828 2731 133 48 India,
997 2731 81 40 and
1112 2745 53 26 on
1201 2729 217 51 returning

57 2790 142 42 thence
220 2790 49 42 he
291 2790 146 42 settled
461 2791 41 40 in
526 2806 22 25 a
571 2789 134 52 lovely
727 2799 94 40 part
841 2789 43 41 of
908 2789 68 41 the
997 2788 121 42 south
1140 2787 44 42 of
1209 2787 207 51 England.

56 2860 169 34 Various
249 2860 191 34 Portraits

112 2918 135 50 Every
274 2918 118 41 artist
419 2916 241 52 necessarily
685 2932 108 26 owes
820 2916 122 41 much
970 2925 43 32 to
1040 2915 62 42 his
1129 2915 287 50 predecessors,

57 2977 78 40 and
171 2976 31 40 it
237 2976 31 41 is
303 2975 301 41 inconceivable
637 2975 91 41 that
762 2975 93 41 Mr.
891 2973 270 42 Rothenstein
1197 2974 32 40 is
1264 2989 52 25 an
1350 2989 45 24 ex-

55 3034 157 50 ception
253 3034 152 41 herein.
478 3032 301 49 Nevertheless,
821 3032 69 42 the
929 3032 165 51 paucity
1133 3031 44 41 of
1218 3030 61 42 his
1320 3030 96 42 debt

54 3092 31 41 is
124 3091 180 52 brought
342 3091 119 42 home
501 3091 120 51 again
662 3091 81 41 and
786 3091 132 50 again,
958 3090 122 41 when
1120 3090 196 50 studying
1354 3088 61 42 his

54 3150 206 49 portraits,
286 3150 110 41 these
421 3149 222 51 appearing
668 3164 42 26 as
735 3149 118 41 naive
879 3164 41 25 as
945 3148 208 50 primitive
1179 3157 86 39 art;
1291 3146 124 43 while

56 3218 95 32 next
171 3209 32 41 it
225 3209 31 40 is
278 3208 77 41 felt
376 3208 91 41 that
487 3207 96 41 each
606 3208 31 40 is
660 3207 68 41 the
751 3206 127 42 result
900 3206 43 42 of
967 3222 23 25 a
1011 3205 134 52 happy
1166 3215 184 32 moment
1371 3205 45 41 of

55 3266 252 50 inspiration,
330 3282 52 25 no
404 3265 256 51 elaborating
680 3265 121 51 being
820 3264 215 51 suggested
1056 3265 42 40 in
1120 3264 124 41 them.
1294 3262 123 52 They

57 3340 65 26 are
153 3325 107 49 akin,
291 3340 48 25 or
369 3324 94 41 thus
494 3323 94 51 they
618 3323 95 41 look
743 3338 53 26 on
827 3322 134 41 initial
991 3322 292 49 acquaintance
1312 3321 104 42 with

56 3382 120 50 them,
207 3393 42 31 to
279 3383 68 41 the
374 3382 211 50 sparkling
614 3381 87 41 talk
728 3383 45 39 of
803 3397 22 25 a
853 3380 102 42 born
984 3391 232 35 raconteur,
1244 3396 49 25 or
1322 3390 41 31 to
1394 3396 23 25 a

54 3440 213 42 collection
293 3440 43 42 of
362 3439 228 52 singularly
616 3439 135 52 lively,
781 3438 239 52 downright
1045 3438 153 49 letters,
1227 3437 163 53 embody-

54 3498 70 52 ing
162 3498 188 51 personal
390 3498 305 42 reminiscences
733 3497 43 41 of
816 3512 94 27 men
950 3497 81 41 and
1070 3512 176 26 women.
1317 3497 96 48 But,

54 3556 175 50 observe,
262 3557 95 41 here
387 3558 32 40 is
450 3573 22 25 a
503 3556 329 50 correspondent,
867 3571 22 25 a
919 3564 232 37 raconteur,
1181 3554 109 50 who,
1323 3570 94 26 ever

55 3616 203 51 attaining
282 3615 69 42 the
376 3615 247 41 conciseness
647 3613 136 43 which
809 3615 32 40 is
866 3613 157 52 largely
1048 3613 69 42 the
1142 3613 90 41 soul
1257 3612 45 42 of
1326 3613 89 49 wit,

54 3673 139 42 would
227 3690 105 26 seem
366 3683 41 31 to
441 3673 156 50 ponder
629 3672 143 51 deeply
803 3671 141 42 before
977 3671 144 52 lifting
1150 3671 62 41 his
1244 3686 91 36 pen,
1368 3687 48 25 or

53 3732 175 51 opening
250 3732 62 41 his
334 3731 89 51 lips,
448 3731 180 41 likewise
650 3731 136 50 seeing
810 3730 65 41 far
900 3730 87 41 into
1009 3729 58 42 all
1091 3730 91 41 that
1204 3729 50 42 he
1276 3730 141 42 writes

53 3788 55 51 of,
137 3805 48 26 or
211 3790 141 51 speaks
376 3789 59 42 of.
491 3789 96 42 The
614 3799 115 42 great
757 3789 155 49 writer,
943 3788 69 42 the
1037 3798 117 41 great
1182 3789 161 49 painter
1369 3803 47 26 or

54 3847 192 52 sculptor,
289 3849 32 41 is
362 3847 276 52 proverbially
678 3846 227 43 somewhat
947 3847 306 51 disappointing
1294 3846 121 42 when

54 3906 146 51 sought
234 3917 74 32 out
343 3904 150 45 behind
530 3906 69 42 the
632 3921 135 26 scenes
802 3905 53 52 by
888 3904 61 43 his
985 3905 210 49 devotees;
1230 3905 81 42 and
1347 3905 70 42 the

1485 290 174 49 proverb
1683 291 31 41 is
1737 301 73 31 not
1832 292 179 42 without
2032 294 159 50 justice,
2218 294 68 42 the
2310 295 260 51 explanation
2594 297 45 42 of
2664 297 68 42 the
2756 313 89 30 case

1487 347 120 51 being
1640 348 90 41 that
1763 365 92 26 men
1888 349 45 42 of
1965 351 142 51 genius
2140 367 67 27 are
2239 353 117 42 often
2389 353 177 43 inclined
2601 365 42 31 to
2675 370 113 27 wear
2820 372 22 28 a

1486 405 125 49 mask,
1646 421 42 26 as
1720 407 34 41 it
1782 423 122 27 were.
1968 409 85 41 But
2086 409 93 42 Mr.
2215 410 269 43 Rothenstein
2518 412 141 52 nearly
2691 412 156 52 always

1486 464 204 41 contrives
1726 474 42 31 to
1805 480 62 27 see
1904 465 179 52 through
2121 466 80 43 this
2236 468 126 49 mask,
2401 470 81 41 and
2520 470 49 41 he
2604 470 133 43 shows
2775 468 68 47 the

1486 520 85 42 real
1598 536 96 27 man
1721 522 45 41 of
1792 523 153 51 genius,
1976 523 68 43 the
2071 540 95 26 man
2194 525 139 42 whom
2361 525 69 43 the
2457 527 186 42 devotees
2670 527 103 52 hope
2800 538 45 32 to

1485 577 99 49 find,
1615 589 73 32 not
1715 579 69 42 the
1811 580 164 43 masked
2004 597 144 34 person
2177 582 95 42 who
2302 583 248 43 disillusions
2577 584 125 44 them.
2762 586 85 45 His,

1484 635 265 52 magnificent
1783 638 176 50 portrait
1991 638 45 42 of
2072 639 258 51 Swinburne,
2366 641 69 42 for
2468 641 196 52 example,
2701 644 116 43 adum-

1485 692 133 44 brates
1642 695 87 50 just
1752 695 114 42 what
1890 696 32 41 is
1947 697 210 52 naturally
2182 699 220 42 associated
2426 699 104 43 with
2556 700 92 43 that
2671 700 175 44 sublime

1484 751 127 50 poet's
1641 754 425 49 temperamentthe
2095 757 241 50 mysterious
2366 756 176 43 element
2570 758 162 52 usually
2761 760 82 42 and

1485 809 86 42 best
1604 810 249 51 symbolized
1889 811 51 52 by
1971 811 97 50 fire;
2101 812 140 47 while.
2259 813 147 43 almost
2439 830 42 26 as
2513 816 122 41 much
2668 816 46 42 of
2749 816 91 51 this,

1484 867 187 52 possibly,
1707 868 113 42 lurks
1853 869 41 41 in
1928 869 68 42 the
2028 885 88 36 eyes
2147 870 45 41 of
2225 871 69 42 the
2326 873 196 50 exquisite
2555 873 106 42 Irish
2693 875 148 51 singer,

1595 925 265 43 E.whose
1888 927 158 50 picture
2074 927 180 44 likewise
2281 929 192 43 betokens
2499 931 85 41 him
2612 932 229 53 essentially

1484 998 23 26 a
1533 983 198 42 dreamer.
1791 984 342 51 Fantin-Latour,
2162 988 132 50 again,
2324 988 32 40 is
2380 987 143 43 shown
2552 998 42 32 to
2622 989 48 42 be
2697 1005 23 27 a
2744 1005 99 37 very

1483 1041 165 50 serious,
1679 1042 264 50 aspirational
1972 1059 158 35 person,
2161 1044 63 41 his
2253 1044 197 52 thoughts
2478 1061 124 28 never
2631 1046 67 43 far
2727 1063 117 38 away

1484 1097 110 42 from
1633 1098 69 43 the
1740 1115 148 26 canvas
1925 1100 50 43 he
2013 1100 172 43 finished
2223 1104 224 51 yesterday,
2486 1120 49 25 or
2572 1105 69 41 the
2678 1121 78 27 one
2793 1106 50 42 he

1484 1157 162 41 intends
1679 1167 41 31 to
1753 1157 119 52 begin
1905 1168 254 33 to-morrow.
2224 1160 84 42 But
2340 1161 112 50 quite
2483 1161 194 44 different
2708 1164 33 41 is
2774 1163 69 43 the

1483 1214 190 51 drawing
1691 1214 45 42 of
1758 1216 149 49 Rodin,
1930 1216 108 50 who,
2059 1219 132 49 prima
2210 1220 118 48 facie,
2350 1218 107 42 finds
2478 1220 32 41 it
2530 1235 91 37 easy
2642 1230 42 32 to
2707 1219 138 54 forget

1483 1271 61 42 his
1569 1282 65 31 art
1659 1288 97 27 now
1780 1274 80 41 and
1886 1273 109 50 then,
2023 1275 81 41 and
2128 1275 88 51 join
2242 1276 41 41 in
2310 1292 23 25 a
2357 1277 107 50 joke,
2492 1277 80 42 this
2598 1279 99 41 trait
2722 1278 122 53 being

1483 1331 201 40 mirrored
1712 1331 84 41 also
1824 1332 41 40 in
1894 1331 68 42 the
1990 1331 88 43 face
2105 1332 44 42 of
2179 1333 166 51 Legros,
2373 1334 126 42 while
2526 1336 173 42 another
2725 1336 119 43 sitter

1483 1387 94 42 who
1606 1387 114 43 looks
1747 1388 44 42 of
1820 1389 135 51 genial
1984 1390 237 50 disposition
2250 1392 33 40 is
2311 1392 165 51 George
2505 1392 181 53 Gissing.
2746 1395 74 42 Per-

1483 1445 109 51 haps,
1614 1445 202 51 however,
1838 1447 32 41 it
1889 1448 32 41 is
1938 1447 240 51 gentleness,
2201 1448 139 43 rather
2358 1449 99 42 than
2478 1451 207 52 geniality,
2706 1452 137 42 which

1483 1503 32 42 is
1543 1509 106 36 most
1677 1503 152 53 clearly
1856 1506 169 40 written
2054 1522 53 25 on
2136 1506 62 42 his
2225 1507 396 52 miengentleness
2650 1510 192 51 begotten

1483 1560 44 42 of
1564 1562 113 41 those
1714 1561 218 53 sufferings
1970 1564 219 49 described,
2227 1579 100 27 once
2365 1566 80 41 and
2483 1566 68 41 for
2587 1566 69 50 all,
2694 1568 41 41 in
2774 1568 70 43 the

1483 1619 182 42 author's
1683 1636 95 25 own
1798 1621 147 51 Henry
1967 1622 223 50 Ryecroft;
2208 1622 125 42 while
2354 1639 22 25 a
2395 1625 176 47 portrait
2589 1625 44 41 of
2656 1625 187 43 Dowson

1485 3379 182 42 Thomas
1702 3381 149 49 Hardy

1481 3502 216 50 proclaims
1724 3503 91 43 that
1839 3505 50 41 he
1916 3515 67 31 too
2009 3522 86 25 was
2119 3506 44 41 of
2190 3506 149 52 gentle,
2366 3509 190 51 winning
2582 3510 261 51 disposition;

1481 3561 80 41 and
1587 3560 60 42 his
1672 3563 229 49 expression
1927 3563 118 43 holds
2069 3564 123 42 much
2216 3564 50 43 of
2287 3566 69 41 the
2379 3567 252 42 wistfulness
2656 3569 187 50 perforce

1481 3618 145 43 looked
1665 3620 68 41 for
1770 3620 169 50 therein,
1980 3622 298 53 remembering
2315 3623 69 42 the
2420 3626 162 49 pensive
2619 3626 143 42 colour
2798 3628 45 42 of

1481 3676 61 42 his
1576 3693 145 27 verses.
1790 3679 116 42 How
1942 3679 80 42 like
2057 3680 115 42 those
2206 3682 153 42 verses!
2399 3683 31 41 is
2467 3682 68 43 the
2570 3686 274 43 unavoidable

1481 3735 294 50 exclamation;
1805 3738 81 41 and
1914 3737 96 43 how
2037 3737 80 43 like
2145 3738 61 42 his
2234 3740 160 41 novels!
2425 3757 68 26 are
2521 3741 68 43 the
2617 3744 139 41 words
2783 3745 42 40 in-

1481 3794 178 52 evitably
1683 3795 150 49 spoken
1859 3811 53 26 on
1938 3797 136 50 seeing
2097 3796 69 42 the
2191 3797 106 42 later
2320 3798 45 41 of
2391 3808 85 32 two
2500 3800 153 42 studies
2678 3801 44 42 of
2749 3802 94 43 Mr.

1481 3851 165 52 George
1667 3853 177 49 Moore;
1864 3853 125 43 while
2010 3870 22 26 a
2052 3856 177 49 portrait
2249 3855 44 42 of
2317 3856 165 52 Henley
2503 3858 134 43 insists
2657 3860 188 53 strongly

1481 3925 52 26 on
1563 3910 68 42 the
1661 3911 199 52 brutality
1888 3912 136 42 which
2053 3928 85 27 was
2166 3923 93 41 part
2287 3914 45 41 of
2362 3915 69 42 the
2459 3915 158 44 latter's
2645 3927 200 41 tempera-
