3012 4351
1217 172 240 38 BRUNO'S
1533 175 249 36 WEEKLY

2824 184 70 36 829

109 261 144 64 The
284 262 306 76 Ugliness
619 264 75 63 of
724 265 113 63 Sin

111 350 87 43 IT
227 368 85 26 was
343 353 109 43 New
479 354 147 43 Year's
656 357 99 42 Eve.
814 356 96 44 The
939 358 70 42 old
1038 374 128 28 scene.
1224 360 42 41 A
1296 360 177 43 London

196 411 139 51 night;
361 428 22 25 a
407 412 292 53 heavy-brown
724 416 255 50 atmosphere
1003 417 187 49 splashed
1213 418 104 42 with
1342 418 131 50 liquid

107 469 150 51 golden
290 470 146 50 lights;
469 470 68 42 the
567 472 185 52 bustling
780 474 294 51 market-place
1104 475 45 42 of
1180 477 84 49 sin;
1297 492 23 26 a
1350 477 122 42 silent

108 529 140 40 crowd
270 527 45 42 of
338 529 117 41 black
477 529 151 51 figures
649 531 179 52 drifting
848 548 99 26 over
969 549 22 25 a
1013 544 84 31 wet
1119 534 213 52 flickering
1354 550 96 36 pave-

107 596 126 31 ment.

164 643 97 42 The
286 644 114 50 slow,
428 660 125 36 grave
578 657 115 31 notes
719 647 110 43 from
856 665 23 25 a
904 649 153 42 church
1084 660 132 33 tower
1242 651 97 42 took
1365 666 81 27 com-

107 703 126 40 mand
254 702 45 41 of
322 703 68 41 the
413 704 131 51 night.
595 704 98 43 The
716 705 80 43 last
817 722 77 26 one
918 707 147 50 faded;
1088 708 70 42 the
1179 708 71 43 old
1271 725 98 35 year
1391 709 81 43 had

107 760 156 50 slipped
286 760 62 52 by.
400 762 99 42 And
522 762 97 42 then
642 780 22 25 a
685 780 164 26 woman
872 764 238 52 laughed—
1111 783 23 25 a
1156 767 187 50 strident,
1367 767 106 43 level

107 818 149 50 laugh;
280 820 81 41 and
385 820 114 41 there
522 831 129 41 swept
675 822 181 52 through
880 823 57 42 all
961 823 69 43 the
1053 825 140 42 crowd
1219 841 23 26 a
1265 826 97 42 mad
1387 825 65 43 fev-

109 877 104 40 erish
242 887 166 32 tremor.
464 878 97 42 The
586 896 162 25 women
777 896 73 26 ran
878 897 77 26 one
983 892 41 32 to
1052 882 69 42 the
1146 883 132 50 other,
1306 884 165 52 kissing,

107 934 147 52 wildly
276 936 246 52 welcoming
546 937 69 42 the
640 938 111 42 New
774 939 114 41 Year
912 940 65 50 in;
1002 941 81 42 and
1108 941 70 42 the
1201 957 107 34 men,
1334 942 116 43 shout-

108 994 71 50 ing
204 993 168 52 thickly,
398 995 195 42 snatched
621 1006 43 31 at
690 996 112 43 them
828 1013 42 26 as
896 997 95 52 they
1018 1014 88 27 ran.
1160 999 101 43 And
1288 1000 70 43 the
1383 1001 69 42 cab-

108 1066 93 26 men
225 1053 143 40 touted
391 1053 163 52 eagerly
577 1054 68 41 for
667 1054 120 43 fares.

162 1109 151 42 Across
340 1110 68 42 the
436 1112 112 50 road,
575 1112 53 52 by
654 1129 22 25 a
702 1128 158 36 corner,
888 1130 23 26 a
937 1124 124 33 street
1086 1116 241 52 missionary
1353 1118 118 41 stood

107 1183 53 25 on
187 1183 22 25 a
235 1168 223 42 chair—an
485 1171 257 50 undersized,
769 1172 144 52 poorly
939 1173 92 42 clad
1057 1189 111 35 man,
1193 1173 105 43 with
1325 1191 23 26 a
1373 1176 77 42 wiz-

107 1227 101 40 ened
233 1226 175 42 bearded
435 1227 100 43 face.

630 1320 9 9 .
701 1321 9 8 .
773 1321 9 8 .
844 1300 144 39 repent
1047 1322 9 10 .
1118 1324 10 8 .
1190 1324 10 9 .
1265 1292 81 42 and
1381 1307 93 28 save

105 1358 105 36 your
247 1343 109 42 souls
395 1345 181 50 to-night
614 1345 111 42 from
763 1347 70 41 the
871 1348 158 41 eternal
1068 1359 201 32 torments
1306 1350 44 42 of
1388 1350 85 43 hell

269 1434 9 8 .
341 1434 10 10 .
413 1435 9 9 .

160 1458 97 42 The
274 1475 162 27 women
454 1461 152 51 jostled
625 1461 97 51 him,
742 1462 137 51 pelted
897 1463 86 42 him
1001 1463 104 44 with
1125 1465 103 43 fond
1245 1467 126 50 jibes;
1391 1467 82 43 and

105 1533 77 25 one
182 1533 82 26 —a
287 1533 139 36 young
450 1519 265 51 girl—broke
739 1521 88 41 into
852 1537 24 26 a
899 1522 92 51 peal
1015 1522 45 42 of
1084 1522 220 53 hysterical
1327 1524 122 53 laugh-

106 1585 75 31 ter.

160 1633 99 43 And
283 1634 19 42 I
325 1636 142 41 mused
488 1636 289 53 wonderingly
796 1653 55 26 on
873 1637 71 44 the
963 1638 181 52 ugliness
1164 1639 45 43 of
1230 1641 76 43 sin.

613 1696 173 41 Hubert
813 1696 349 53 Crackanthorp

106 1783 319 71 Replated
450 1784 357 63 Platitudes

158 1868 76 41 All
263 1870 121 41 roads
411 1870 42 41 in
480 1870 195 44 America
702 1871 92 43 lead
823 1883 43 31 to
895 1873 70 42 the
991 1873 86 43 ball
1104 1876 196 50 grounds.

161 1938 114 42 Now
299 1938 41 41 in
365 1938 69 42 the
458 1940 142 51 spring
623 1956 23 26 a
669 1942 200 42 woman's
895 1943 197 52 thoughts
1117 1945 52 41 do
1195 1945 150 52 lightly
1371 1957 98 32 turn

102 2005 42 31 to
168 1997 169 51 moving
361 1998 81 41 and
468 2008 41 31 to
535 1998 209 53 millinery
768 2001 80 41 and
875 2011 41 32 to
942 2002 119 41 other
1086 2003 221 52 bedivelry.

158 2063 97 44 The
285 2064 85 43 fool
402 2069 80 40 and
513 2068 68 41 the
611 2068 205 53 limelight
845 2086 51 36 go
927 2072 188 51 together
1143 2073 82 42 like
1254 2074 70 43 the
1351 2075 117 41 moth

102 2123 80 41 and
212 2124 68 41 the
307 2125 157 42 candle.

160 2193 69 41 No
259 2210 95 24 man
385 2194 31 42 is
445 2195 139 42 bound
615 2206 42 31 to
685 2198 98 48 win,
815 2198 75 41 but
918 2215 120 36 every
1066 2216 97 25 man
1193 2202 32 41 is
1254 2201 139 43 bound
1424 2213 43 31 to

100 2250 105 52 fight
234 2251 68 41 for
329 2252 68 41 the
426 2269 118 26 cause
572 2253 50 43 he
650 2255 173 42 believes
852 2266 42 32 to
923 2257 48 41 be
998 2258 166 52 worthy
1191 2259 46 41 of
1264 2260 202 52 winning.

155 2320 41 41 A
224 2323 184 48 eugenist
435 2323 151 52 mostly
613 2324 33 40 is
671 2324 155 53 merely
854 2342 22 25 a
904 2326 159 51 hapless
1090 2327 88 43 fool
1204 2328 96 43 who
1329 2330 139 42 thinks

99 2387 42 32 to
161 2379 246 50 accomplish
429 2380 51 52 by
499 2382 216 52 meddling
733 2383 116 42 what
871 2384 98 43 God
991 2385 72 42 has
1084 2387 255 43 determined
1361 2388 107 43 shall

99 2436 49 42 be
178 2438 297 50 accomplished
507 2439 52 52 by
589 2439 104 44 love.

154 2505 157 51 Justice
337 2507 31 42 is
393 2523 51 26 an
472 2510 192 49 equation
690 2510 44 41 of
760 2511 239 53 conflicting
1024 2512 189 44 interests
1238 2516 134 42 under
1398 2516 70 43 the

99 2563 89 42 rule
212 2565 45 40 of
283 2581 156 27 reason.

153 2633 43 41 A
228 2650 165 26 woman
426 2636 142 49 sport?
631 2636 95 43 Oh!
759 2654 79 35 yes,
874 2639 124 43 that's
1030 2641 88 51 just
1151 2658 23 25 a
1411 2660 54 26 on

97 2692 275 42 womanhood
399 2694 81 41 and
508 2695 159 42 doesn't
694 2696 129 53 really
847 2708 140 40 count,
1014 2714 100 27 even
1143 2716 151 35 among
1318 2713 147 38 sports.

768 2766 140 43 Julius
929 2768 194 42 Doerner

153 2853 42 41 A
224 2853 84 43 few
337 2855 97 51 days
463 2871 76 36 ago
571 2857 18 41 I
619 2872 87 27 was
733 2859 187 52 walking
946 2876 56 35 up
1033 2861 118 42 Fifth
1179 2861 174 45 Avenue
1383 2866 81 41 and

97 2911 68 41 the
199 2912 81 51 girl
314 2913 96 42 who
446 2916 288 49 accompanied
769 2933 65 26 me
869 2918 116 43 drew
1017 2935 70 37 my
1122 2921 205 42 attention
1364 2932 43 33 to
1442 2939 23 26 a

95 2985 96 25 man
219 2970 94 42 who
342 2972 106 41 tried
476 2982 42 32 to
544 2973 75 41 sell
647 2990 23 25 a
696 2973 109 44 little
833 2976 81 51 dog
939 2993 54 25 on
1021 2977 70 42 the
1117 2994 146 28 corner
1288 2980 46 42 of
1359 2979 105 45 27th

98 3026 145 51 Street,
288 3029 112 51 right
440 3031 42 40 in
510 3030 116 43 front
666 3032 45 42 of
753 3033 259 45 Brentano's.
1083 3036 42 42 It
1164 3053 88 26 was
1292 3054 23 26 a
1355 3038 110 45 little

97 3085 287 52 Pomeranian,
424 3089 210 53 evidently
669 3090 46 42 of
752 3092 107 50 good
897 3092 209 54 breeding.
1176 3096 19 41 I
1235 3097 121 42 asked
1396 3098 69 42 the

94 3160 96 25 man
218 3144 97 43 how
339 3146 123 42 much
490 3147 51 42 he
565 3149 168 42 wanted
761 3149 68 42 for
856 3150 69 43 the
951 3152 94 52 dog.

501 3205 166 51 dollars,

511 3264 278 51 dollars—no,
838 3267 125 42 that's
1009 3278 68 33 too
1122 3272 228 50 expensive,
1398 3273 65 42 I'd

94 3318 141 52 gladly
264 3321 91 50 give
385 3321 91 49 five,
509 3338 100 26 even
639 3333 69 32 ten
739 3324 166 43 dollars.
968 3360 9 8 .
1040 3360 9 10 .

293 3394 69 36 my
389 3380 98 41 dear
642 3384 211 41 answered
882 3384 69 42 the
977 3385 213 52 salesman,
1222 3386 124 45 **Ten
1376 3390 66 42 dol-

94 3434 109 42 lars?
257 3435 97 44 The
377 3454 96 25 man
499 3448 42 32 to
565 3440 139 41 whom
731 3440 69 43 the
824 3443 82 51 dog
931 3443 168 52 belongs
1123 3446 143 42 would
1292 3447 49 42 be
1365 3448 98 51 glad

95 3503 42 31 to
168 3510 78 36 pay
276 3511 65 26 me
372 3512 23 25 a
426 3498 162 41 reward
619 3498 45 41 of
697 3509 68 32 ten
798 3499 154 44 dollars
983 3502 34 41 if
1050 3503 19 41 I
1102 3504 143 43 would
1277 3505 122 49 bring
1429 3507 33 42 it

94 3551 99 29 hiirlr
222 3563 42 17 tn
292 3553 82 27 him

1015 3619 102 41 Jack

94 3702 106 36 Love
225 3704 117 34 Child

116 3769 34 33 A
183 3762 77 40 LL
286 3763 120 51 night
433 3764 19 41 I
482 3764 126 42 heard
636 3765 74 43 her
735 3768 198 52 moaning
959 3769 42 41 in
1029 3769 69 43 the
1126 3787 116 27 room
1268 3773 137 43 which
1433 3776 32 42 is

240 3822 126 41 above
392 3839 69 35 my
487 3839 128 26 room.
672 3825 42 40 A
740 3836 117 40 great
882 3827 108 50 grief
1016 3839 112 32 must
1154 3830 104 43 have
1284 3832 181 44 befallen

94 3877 85 51 her,
212 3880 19 41 I
262 3881 87 41 said
380 3890 41 32 to
451 3882 161 51 myself,
644 3884 82 41 and
758 3884 19 42 I
808 3886 153 42 waited
993 3886 68 42 for
1090 3888 69 42 the
1189 3900 108 33 tears
1326 3891 136 42 which

1538 272 121 42 could
1688 283 73 32 not
1789 289 105 26 seem
1924 284 42 31 to
1994 291 125 26 come.
2176 276 115 50 Also,
2324 278 18 41 I
2371 279 223 42 wondered
2622 280 139 43 where
2788 298 110 27 were

1537 329 69 42 the
1628 329 108 43 little
1758 331 97 50 feet,
1879 332 67 42 the
1969 332 143 42 child's
2136 333 94 50 feet,
2256 335 19 41 I
2301 336 97 42 used
2422 346 42 32 to
2487 336 110 43 hear.

1595 388 50 41 In
1671 388 68 42 the
1762 391 194 51 morning
1978 391 120 42 when
2124 392 69 41 the
2217 392 197 54 landlady
2437 410 113 27 came
2574 406 43 31 to
2641 412 69 37 my
2734 398 114 50 door,
2876 400 20 41 I

1536 446 109 43 said:
1885 449 32 41 is
1941 450 34 40 it

1592 505 125 41 With
1741 520 23 26 a
1787 506 128 51 shrug
1936 506 44 42 of
2005 507 68 42 the
2096 508 224 51 shoulders,
2346 510 68 42 she
2439 511 174 50 replied:
2809 515 33 41 it
2865 515 33 42 is

1536 562 187 52 nothing,
1761 566 219 41 monsieur.
2048 565 116 53 Only
2201 583 24 26 a
2260 583 122 37 crazy
2417 585 178 27 woman.
2662 572 84 41 For
2783 573 115 42 three

1534 620 147 50 weeks,
1703 637 108 34 now,
1833 622 71 41 has
1924 623 188 48 shebeen
2134 626 196 50 starving.
2380 626 100 42 And
2501 627 68 43 she
2591 628 32 42 is
2643 645 98 35 very
2761 641 137 42 pretty

1536 688 81 32 too.
1673 679 124 51 Now,
1823 680 73 42 her
1919 680 123 51 child,
2066 682 136 42 which
2226 682 81 43 had
2333 700 53 26 no
2412 684 149 51 father,
2587 687 32 41 is

2024 752 137 41 James
2191 753 151 42 Waldo
2369 755 187 41 Fawcett

1532 2294 352 45 Poetess—From
1919 2316 52 24 an
2009 2300 90 42 Old
2130 2301 173 50 English
2341 2302 117 49 Chap
2491 2304 118 41 Book

1656 2377 252 44 WHEN
1945 2381 19 41 I
1999 2382 64 40 die

1831 2437 79 42 Let
1938 2439 113 42 there
2079 2441 46 40 be

1670 2492 71 42 No
1767 2497 187 50 weeping

1670 2551 159 42 Rather
1850 2554 148 51 rejoice

1671 2609 83 41 For
1785 2611 18 41 I
1834 2626 51 36 go
1916 2623 41 31 to
1987 2613 121 42 claim

1668 2667 136 42 What
1836 2670 69 41 the
1934 2672 101 50 gods

1668 2725 124 43 Have
1823 2730 203 47 promised
2058 2747 65 26 me

1669 2805 96 43 One
1795 2806 107 44 hour
1930 2810 45 41 of
2008 2811 199 44 Freedom

1669 2864 50 41 In
1752 2866 135 41 which

1668 2923 20 40 I
1714 2923 106 42 shall
1845 2925 150 42 realize

1668 2980 84 42 For
1781 2998 23 25 a
1832 2995 184 30 moment

1665 3037 97 43 The
1805 3040 245 44 fulfillment

1668 3096 64 43 Of
1759 3114 120 36 every
1904 3100 104 41 wish

1664 3155 100 42 And
1795 3156 141 42 dream

1667 3212 65 43 Of
1757 3230 68 36 my
1851 3215 73 42 life

1668 3271 268 44 Unsatisfied.

1665 3351 124 43 Thus
1816 3353 106 42 shall
1951 3355 18 41 I
1999 3354 114 42 learn

1665 3409 97 43 The
1788 3412 173 42 wisdom
1988 3414 45 40 of
2061 3414 68 41 the
2155 3415 101 51 gods

1666 3469 51 40 In
1743 3469 107 42 their
1875 3471 251 43 restrictions

1663 3527 102 42 Also

1665 3586 19 40 I
1717 3586 105 42 shall
1851 3602 51 36 go
1934 3587 186 43 forward

1665 3643 205 43 Drunken

1663 3702 125 42 With
1825 3703 299 43 exhaltation!!

1663 3760 142 42 When
1836 3761 18 41 I
1885 3762 64 41 die

1666 3819 80 42 Let
1773 3819 114 42 there
1916 3821 47 40 be
1993 3836 53 26 no
2074 3822 199 51 weeping.

2209 3902 190 41 Dimond
2433 3900 120 50 Crisp
