2350 3772
1280 3497 34 53 9

345 378 220 78 Surely
600 379 103 60 the
738 379 192 61 Great
964 381 139 59 God
1132 381 328 76 possessed
1494 381 160 59 him!

341 476 146 58 And
517 476 104 60 the
653 477 222 78 mystic
908 477 212 60 sisters
1155 489 122 61 too,

342 576 197 70 Oeno,
581 575 282 75 Spermo,
901 576 123 60 and
1063 576 188 73 Elais,

348 672 202 76 (Who
592 672 291 60 knoweth
926 674 168 58 what
1134 674 163 58 their
1339 693 137 57 way
1521 673 125 77 is?)

343 771 221 77 Surely
601 771 145 77 they
779 772 288 60 caressed
1101 772 160 60 him!

343 868 102 59 He
478 867 209 61 whose
722 879 231 66 tongue
986 868 71 60 of
1093 870 102 57 old
1230 890 127 38 was
1397 870 218 57 frozen
1617 905 81 5 —

341 966 91 60 As
470 966 76 59 he
587 966 227 76 quaffs,
854 966 151 61 with
1042 966 120 60 this
1200 966 280 76 potation

341 1064 174 75 Deep
550 1063 122 59 and
710 1063 226 76 deeper
972 1064 366 75 inspiration

346 1160 211 60 Seems
591 1171 67 49 to
689 1181 175 56 grow
897 1181 36 38 a
969 1160 604 77 Prophet—chosen,

343 1258 125 59 For
508 1258 75 59 he
625 1258 221 75 speaks
887 1258 81 76 by
1009 1257 376 60 divination!

343 1356 211 58 Never
591 1375 161 39 were
793 1356 150 58 such
987 1355 236 59 fancies
1259 1375 221 39 woven

345 1453 189 58 From
567 1453 100 59 the
705 1453 226 58 carded
966 1453 295 76 thoughts
1298 1453 70 58 of
1406 1453 240 58 mortal.

347 1549 184 60 Some
568 1569 103 40 are
705 1550 235 70 mazed,
974 1550 122 59 and
1133 1569 168 40 some
1340 1550 211 59 deride
1588 1550 145 71 him,

531 1647 93 60 his
663 1647 135 60 wits
833 1648 157 59 have
1027 1667 157 56 gone
1221 1657 227 66 astray,

341 1746 194 58 What
569 1765 33 38 a
640 1746 130 57 fool
803 1746 75 57 he
1075 1746 145 76 they
1255 1766 126 55 say.

341 1841 231 60 Others
618 1841 268 76 whisper
938 1842 210 75 (those
1192 1841 210 59 beside
1444 1841 162 76 him)

519 1940 147 59 hath
703 1942 250 57 crossed
987 1940 264 59 another
1284 1940 202 76 portal
1488 1976 81 5 —

342 2037 103 58 He
482 2036 49 59 is
567 2058 117 38 one
719 2038 207 58 whose
967 2038 137 60 foot
1141 2038 49 58 is
1227 2038 234 58 cloven.

343 2136 99 57 Do
479 2155 75 56 ye
592 2136 147 57 hear
774 2136 146 58 wild
958 2145 314 49 creatures
1308 2135 141 58 beat

343 2232 217 59 Lifted
596 2232 155 59 hoof
786 2234 121 57 and
943 2234 202 58 naked
1183 2232 129 60 feet

342 2329 103 60 On
485 2330 105 59 the
629 2330 166 76 quiet
835 2330 330 60 woodland
1206 2330 153 59 sod?

342 2428 103 57 Do
472 2448 74 56 ye
576 2428 177 58 mark
785 2428 165 60 what
977 2429 187 57 mood
1193 2429 134 59 that
1358 2430 194 56 strain
1585 2428 49 58 is
1654 2429 23 57 ?

341 2524 191 60 Hints
568 2524 46 59 it
646 2535 107 49 not
785 2526 103 58 the
925 2526 325 75 Shepherd
1284 2524 139 60 God

341 2622 176 60 With
559 2622 93 59 his
695 2622 244 76 pipings
982 2622 173 61 shrill
1197 2624 123 57 and
1364 2632 188 50 sweet
1552 2657 82 6 —

341 2719 346 72 Snubnose,
729 2719 386 72 Sweetwine,
1155 2720 101 58 old
1294 2719 265 71 Silenus,

338 2817 104 58 All
479 2817 94 58 his
611 2827 313 49 creatures
962 2817 113 76 shy
1110 2817 124 58 and

339 3015 261 73 Deeper,
640 3013 242 75 deeper,
917 3012 143 59 Fire
1095 3012 123 60 and
1255 3013 155 60 Dew

337 3110 231 60 Drains
607 3111 77 59 he
722 3110 71 58 of
833 3111 103 59 the
973 3109 410 61 Wine-God's
1421 3109 169 59 brew

339 3208 276 77 Craving
654 3208 272 59 furthest
966 3227 246 39 essence
1214 3206 227 59 —thus

341 3306 280 59 Heareth
658 3325 142 39 now
837 3304 262 60 another
1131 3306 174 57 voice
