2350 3772
1091 3329 76 58 70

442 203 112 77 thy
593 202 221 78 roving
851 203 150 60 hath
1040 203 173 75 been,
1255 205 59 61 O
1355 206 271 72 Hunter,
1668 206 122 61 and
1830 205 269 61 stricken

416 301 151 60 with
601 301 310 73 madness,

174 396 148 63 And
360 399 112 77 thy
507 399 224 60 winter
772 399 221 77 frenzy
1033 400 150 60 hath
1223 409 143 52 torn
1407 421 74 40 us
1523 402 150 59 with
1715 412 272 51 torment
2027 403 71 57 of

416 496 255 60 sadness
673 531 83 8 —

174 593 252 60 Horror
456 593 73 60 of
562 593 186 60 blood
783 593 62 60 in
878 595 104 59 the
1018 595 217 61 mouth
1272 595 123 59 and
1429 596 72 58 of
1536 597 369 61 murderous
1943 597 155 60 lusts

413 692 136 60 that
581 691 184 78 bring

177 788 305 62 Shadows
525 790 264 60 a-couch
833 789 63 60 in
939 790 104 60 the
1090 790 201 61 forest
1335 790 169 60 from
1547 791 200 61 under
1791 812 72 40 us
1910 791 151 60 shud-

416 888 233 76 dering.

173 986 119 61 We
339 1006 107 39 are
491 984 130 60 sick
667 986 72 59 of
786 986 103 59 the
940 986 276 59 feverish
1263 986 207 77 nights
1515 988 135 60 that
1696 988 157 60 have
1900 987 197 60 stolen

414 1104 118 39 our
576 1084 288 76 gladness
866 1119 83 6 —

172 1180 137 60 Ah!
345 1200 93 42 we
472 1200 105 41 are
611 1200 210 58 weary
854 1180 71 60 of
959 1180 224 64 winter
1216 1181 124 60 and
1378 1181 132 61 fain
1547 1183 71 59 of
1653 1183 104 59 the

383 1376 156 73 foes,
576 1376 62 61 O
675 1377 269 71 Hunter,
981 1377 159 60 have
1174 1376 242 77 goaded
1452 1377 109 77 thy
1598 1377 154 74 soul,
1787 1378 112 59 but
1937 1376 161 61 their

412 1475 274 77 goading
720 1473 51 60 is
809 1494 168 53 over,

173 1572 127 59 For
332 1592 186 58 every
554 1572 337 77 unfolding
922 1572 129 59 leaf
1086 1575 51 57 is
1171 1593 37 38 a
1241 1572 198 60 shield
1479 1574 104 58 for
1615 1574 109 76 thy
1759 1593 188 39 cover

171 1669 149 61 And
358 1691 187 57 every
585 1670 387 78 grass-blade
1014 1672 278 74 upraises
1334 1692 35 39 a
1407 1692 181 56 spear
1626 1673 133 58 that
1802 1672 50 58 is
1895 1672 168 59 scimi-

412 1767 303 73 tar-keen,

172 1865 223 78 Gladly
427 1866 105 60 the
562 1866 246 60 flowers
841 1865 125 61 will
999 1886 212 40 weave
1240 1865 138 61 thee
1411 1885 38 39 a
1479 1865 231 61 mantle
1744 1875 66 51 to
1842 1866 255 61 wander

412 1983 251 40 unseen.

173 2060 158 61 Slim
358 2082 67 39 as
458 2080 35 40 a
524 2060 459 73 willow-v/and,
1015 2060 279 60 Ariadne
1325 2059 216 61 awaits
1573 2061 158 72 thee,
1762 2063 113 58 her
1904 2061 192 72 lover,

171 2159 147 60 And
355 2161 113 58 her
502 2159 177 60 heart
714 2161 51 58 is
804 2159 117 60 full
957 2159 72 59 of
1066 2159 103 60 the
1207 2159 244 60 dreams
1489 2159 136 61 that
1658 2180 105 39 are
1800 2159 136 60 cool
1973 2159 123 60 and
