2350 3772
1165 3367 70 72 69

249 248 59 59 A
374 249 276 61 HYMN
716 248 118 62 TO
900 249 459 63 DIONYSUS
1426 251 96 59 IN
1591 251 327 61 SPRING

249 446 241 60 Yellow
529 446 103 60 the
673 447 185 60 sands
899 447 72 59 of
1009 447 103 61 the
1154 447 215 60 shores
1412 447 71 59 of
1526 447 150 73 Elis,
1719 447 123 60 and
1886 468 151 39 over
2075 447 102 60 the

490 544 317 77 creaming

250 642 419 59 Foam-flakes
713 643 135 60 that
894 643 211 61 flutter
1145 643 123 60 and
1312 643 132 60 curl
1488 662 80 41 on
1611 644 103 59 the
1759 643 152 77 edge
1957 643 72 60 of
2074 643 103 60 the

492 742 324 76 dreaming

249 839 527 72 Mediterranean,
814 840 246 76 Jupiter
1093 840 217 60 arches
1350 840 94 60 his
1483 860 185 40 azure
1708 840 198 60 dome.

247 936 176 60 Here
456 947 62 49 to
555 938 103 58 the
694 938 348 59 somnolent
1078 938 185 59 sands
1299 939 104 60 the
1439 938 264 59 Aeolian
1738 957 243 42 women
2020 938 156 59 have

489 1054 194 51 come,

237 1133 136 60 The
418 1133 334 73 dreamers,
799 1133 78 60 all
922 1133 254 78 languid
1220 1133 150 60 with
1418 1133 224 60 silence
1686 1133 73 60 of
1804 1131 373 78 spring-tide

490 1231 340 77 dreaming,

245 1328 147 61 And
425 1329 146 77 they
607 1330 181 59 stand
823 1330 149 60 with
1002 1329 164 61 their
1195 1330 137 60 hair
1362 1330 299 60 unbound
1694 1330 123 60 and
1849 1329 161 61 their
2048 1330 127 60 feet

489 1429 62 57 in
588 1429 104 60 the
732 1428 191 60 foam.

244 1623 135 60 The
435 1623 177 60 heart
666 1623 73 59 of
796 1622 103 61 the
953 1622 294 79 morning
1299 1622 174 61 beats
1530 1622 150 62 with
1737 1644 37 39 a
1830 1623 343 77 swooning,

486 1742 292 39 amorous
816 1721 268 76 beating,

242 1820 149 59 And
421 1820 103 60 the
555 1820 402 77 nymph-cool
986 1829 227 51 waters
1244 1820 122 59 and
1395 1819 228 60 brazen
1656 1818 294 61 sunshine
1982 1829 153 51 meet-

485 1917 123 77 ing,

245 2016 239 77 Mingle
545 2016 207 60 where
812 2015 277 61 indolent
1152 2015 370 77 spring-tide
1586 2016 229 76 ripples
1877 2015 297 59 shimmer

482 2114 123 58 and
640 2114 194 71 burn;

242 2213 135 59 Out
429 2222 63 49 to
548 2213 104 58 the
710 2211 128 60 dim
890 2211 262 59 horizon
1205 2211 107 60 the
1364 2231 142 58 eyes
1564 2211 73 59 of
1693 2211 102 60 the
1854 2210 315 61 dreamers

482 2331 211 56 yearn,

240 2408 147 59 And
418 2408 119 60 like
569 2408 181 59 flutes
783 2426 104 41 are
917 2407 104 60 the
1053 2407 138 71 low,
1225 2406 131 61 soft
1387 2406 207 59 voices
1625 2406 135 59 that
1788 2406 185 59 chant
2004 2407 164 71 thus,

482 2505 350 77 entreating

240 2606 136 59 The
418 2605 157 73 God,
618 2603 338 77 Dionysus,
999 2613 64 51 to
1107 2604 121 60 rise
1273 2603 168 58 from
1482 2603 104 59 the
1625 2622 103 40 sea
1769 2603 124 59 and
1934 2612 232 50 return.
