3240 4572
1367 488 164 50 Tram
1563 487 121 55 Bfei,
1720 486 117 50 Das
1874 483 397 52 Zaußertßeater

691 490 94 50 792

694 694 356 79 Wichtigkeit
1089 703 193 52 immer
1323 691 149 61 dann
1513 689 266 71 zunahm,
1820 712 170 39 wenn
2032 689 90 62 die
2155 689 359 80 Wichtigkeit
2554 691 104 63 des
2692 691 250 65 Dramas

693 788 301 61 abnimmt?
1035 785 138 64 Sind
1206 795 103 51 wir
1348 785 140 60 nicht
1525 783 115 61 voll
1671 781 147 63 Ekel
1859 806 108 38 vor
2007 781 215 64 diesem
2258 783 224 72 Geiste,
2524 784 111 62 den
2675 787 108 61 sich
2818 795 125 54 eine

696 889 326 70 entgeistete
1070 878 163 62 Weh
1278 879 134 76 gibt,
1470 901 97 37 um
1624 892 180 46 etwas
1854 884 113 54 wie
2015 884 165 55 einen
2227 878 145 62 Halt
2418 902 76 38 zu
2543 878 219 64 haben?
2819 881 124 62 Der

692 973 383 80 Schauspieler
1115 972 116 61 und
1267 971 100 63 der
1397 969 323 80 Journalist:
1765 978 56 54 in
1854 969 184 64 denen
2072 969 203 64 beiden
2310 972 299 62 inkarniert
2641 975 108 60 sich
2776 975 167 63 Seele

692 1069 117 59 und
847 1069 143 59 Hirn
1042 1066 99 61 der
1188 1065 309 62 modernen
1538 1065 332 71 Menschen,
1920 1065 119 61 und
2089 1065 101 62 der
2239 1065 387 81 Schauspieler
2677 1069 117 60 und
2843 1069 102 63 der

688 1160 298 80 Journalist
1027 1159 226 62 werken
1294 1159 103 61 das
1446 1157 276 63 moderne
1761 1154 254 67 Theater
2063 1183 125 38 aus.
2246 1160 169 62 Aber
2462 1185 118 38 von
2623 1161 318 65 Sternheim

688 1255 135 60 noch
863 1278 75 38 zu
979 1254 278 77 sprechen.
1300 1253 114 62 Als
1456 1276 61 38 er
1659 1253 77 61 ich
1778 1253 148 62 weiß
1968 1277 62 38 es
2072 1255 142 60 nicht
2255 1254 306 72 historisch,
2603 1256 75 61 ich
2715 1256 226 79 fingiere

685 1371 60 38 es
889 1357 53 52 in
993 1348 109 60 den
1150 1347 451 62 Possenmasken
1661 1345 101 63 das
1822 1347 310 80 ehemalige
2181 1348 234 63 Gesicht
2470 1349 239 64 erkannt
2766 1352 172 71 hatte,

683 1443 190 60 lüftete
915 1465 60 38 er
1016 1442 90 61 die
1145 1441 271 72 Masken,
1466 1442 119 61 und
1625 1465 62 38 es
1729 1441 130 62 kam
1900 1441 269 63 darunter
2218 1443 102 61 der
2369 1444 291 63 christliche
2701 1444 240 64 Mensch

683 1559 129 38 zum
838 1535 334 72 Vorschein,
1214 1536 100 61 der
1355 1545 195 52 immer
1592 1545 55 52 in
1689 1536 106 61 sich
1822 1535 362 63 Verstrickte,
2228 1536 89 62 Er
2355 1537 172 62 nahm
2562 1537 91 62 die
2686 1538 252 64 Masken

685 1627 280 73 herunter,
1031 1637 231 70 reinigte
1318 1639 82 52 sie
1456 1653 139 38 vom
1651 1629 184 62 Staub
1892 1629 101 62 der
2048 1629 226 73 Zeiten,
2331 1632 212 61 machte
2599 1641 83 52 sie
2739 1632 202 63 durch*

683 1724 357 61 scheinender
1074 1724 118 61 und
1225 1740 179 46 setzte
1437 1733 83 53 sie
1553 1724 213 62 wieder
1799 1724 127 62 auf:
1969 1724 101 62 der
2101 1725 422 79 tragikomische
2564 1726 238 63 Mensch
2837 1728 100 62 des

682 1839 185 38 neuen
909 1813 279 66 Theaters
1231 1818 195 61 feierte
1466 1827 158 53 seine
1663 1818 455 79 Auferstehung,
2171 1818 88 61 Er
2298 1819 226 79 zappelt
2565 1822 137 59 noch
2744 1831 196 52 immer

680 1921 110 52 wie
833 1921 54 52 in
931 1912 99 62 der
1069 1913 198 70 Posse,
1318 1913 136 61 aber
1494 1922 99 52 mit
1643 1913 229 61 seltsam
1912 1912 414 80 verkrampften
2367 1914 250 63 Herzen.
2677 1914 89 63 Er
2805 1938 135 40 ver*

679 2006 248 61 zweifelt
974 2007 139 61 noch
1163 2016 195 52 immer
1407 2016 110 52 wie
1567 2016 89 52 ein
1706 2006 214 62 antiker
1967 2006 175 72 Held,
2198 2007 138 62 aber
2378 2017 157 52 seine
2583 2010 355 61 menschliche

680 2098 341 64 Dimension
1063 2100 176 62 knickt
1280 2100 90 62 die
1409 2101 303 79 grandiose
1738 2100 201 63 Geste.
1985 2101 127 61 Das
2148 2101 145 61 wird
2325 2125 74 37 an
2433 2101 99 62 der
2564 2102 376 78 bürgerlichen

680 2192 165 63 Welt
870 2203 238 68 gezeigt,
1144 2204 53 51 in
1225 2194 99 61 der
1348 2204 106 51 wir
1479 2194 163 62 leben
1668 2194 120 62 und
1812 2195 85 61 als
1922 2194 206 62 welche
2154 2194 90 62 die
2270 2204 88 62 ist,
2392 2195 90 62 die
2509 2220 108 37 uns
2644 2196 297 71 kümmert,

680 2288 130 59 weil
852 2297 105 52 wir
998 2297 82 52 sie
1124 2288 259 61 erleiden.
1444 2288 143 61 Hier
1637 2288 184 61 haben
1869 2288 146 61 viele
2056 2288 226 77 Fragen
2331 2288 201 63 keinen
2575 2289 139 62 Sinn
2763 2289 174 62 mehr.

682 2380 102 63 Ob
837 2382 100 61 der
985 2382 197 77 Bogen
1233 2382 100 61 des
1383 2380 313 80 Odysseus
1748 2391 89 52 ein
1887 2398 162 61 gutes
2101 2380 141 63 oder
2291 2391 89 52 ein
2428 2383 291 62 schlechtes
2769 2384 171 62 Stück

680 2485 90 61 ist,
812 2476 105 61 das
960 2485 71 52 ist
1073 2500 109 37 uns
1224 2500 145 53 ganz
1409 2476 360 78 gleichgültig.
1812 2474 88 63 Es
1935 2485 71 52 ist
2046 2476 74 59 da
2154 2474 294 64 höchstens
2481 2501 74 37 zu
2589 2501 194 55 sagen,
2828 2478 110 62 daß

679 2579 105 52 wir
826 2570 110 62 den
961 2571 226 61 Homer
1228 2570 185 61 haben
1458 2570 116 61 und
1609 2570 92 61 ihn
1734 2571 141 60 nicht
1905 2593 118 38 von
2048 2570 376 78 Hauptmann
2457 2571 293 62 brauchen.
2797 2572 143 61 Und

678 2664 113 62 daß
833 2664 184 62 solche
1051 2664 302 62 Stoffwahl
1397 2664 118 61 und
1548 2662 334 63 Fabelwahl
1916 2662 323 63 Ohnmacht
2279 2674 71 52 ist
2390 2665 118 61 und
2533 2665 266 62 Verzicht
2839 2666 108 61 auf

679 2758 90 61 die
804 2758 180 62 Welt.
1031 2758 133 61 Daß
1209 2758 103 62 das
1353 2756 403 79 irgendwelche
1789 2756 269 80 Spielerei
2100 2766 71 53 ist
2209 2766 101 53 mit
2341 2754 258 66 Tiefsinn
2635 2759 141 62 oder
2802 2760 138 61 Un*

677 2862 144 61 sinn,
872 2862 125 53 eine
1045 2877 146 55 ganz
1242 2862 213 52 interne
1497 2852 457 78 Angelegenheit
2000 2876 321 54 sozusagen
2373 2853 375 62 dichterischer
2789 2854 151 62 Ein*

677 2947 275 77 geweide,
1004 2947 229 77 bewegt
1271 2971 137 37 vom
1450 2947 381 76 bourgeoisen
1872 2946 247 80 Impulse
2161 2947 100 61 der
2301 2947 498 80 Eingemeindung
2839 2948 101 62 der

675 3040 206 62 Größe
932 3051 53 51 in
1037 3041 92 62 die
1178 3040 564 78 bürgerlich*liberale
1792 3040 189 78 Enge,
2030 3041 90 61 die
2170 3042 109 60 sich
2328 3051 100 52 mit
2476 3042 130 61 dem
2655 3042 285 80 gehaupt*

678 3151 265 45 mannten
986 3135 225 62 Homer
1252 3144 124 52 eine
1411 3134 237 77 Fa£ade
1687 3134 131 78 gibt,
1865 3134 168 62 Oder
2074 3144 124 52 eine
2239 3144 99 52 mit
2378 3135 130 62 dem
2550 3131 228 66 Tristan
2819 3160 118 38 von

678 3229 188 61 Hardt
906 3229 141 61 oder
1088 3253 123 38 was
1253 3247 163 43 sonst
1456 3229 154 61 noch.
1663 3229 61 61 In
1766 3229 214 61 diesem
2021 3228 206 62 letzten
2274 3229 174 62 Sinne
2490 3239 71 52 ist
2603 3230 136 61 auch
2782 3239 154 53 eines

674 3323 222 62 solchen
939 3324 254 62 Dichters
1244 3334 111 51 wie
1404 3323 446 62 Hofmannsthal
1893 3323 236 62 Elektra
2180 3347 148 54 ganz
2377 3324 356 77 belangloses
2776 3325 162 61 Ver*

678 3418 331 61 schwenden
1045 3421 232 59 schöner
1294 3418 191 62 Verse
1512 3443 73 36 an
1611 3428 89 52 ein
1727 3428 75 51 im
1830 3418 245 61 Grunde
2100 3418 264 62 Falsches
2394 3418 116 61 und
2537 3418 395 62 Fälschendes.

679 3509 125 61 Das
847 3512 136 61 alles
1026 3522 71 51 ist
1139 3513 194 61 Schein
1372 3537 139 37 vom
1554 3512 231 63 Scheine
1827 3522 55 51 in
1924 3522 89 52 ein
2054 3512 199 62 bloßes
2296 3513 296 61 Convenü
2634 3512 100 62 des
2777 3513 160 61 Dra*

679 3606 297 60 matischen
1018 3606 268 77 gegeben.
1329 3606 61 61 In
1433 3606 72 61 all
1546 3605 130 62 dem
1718 3615 71 52 ist
1828 3606 373 77 bourgeoises
2235 3606 213 71 Leben,
2490 3606 137 61 aber
2659 3607 141 61 nicht
2832 3606 103 61 das

673 3696 214 62 Leben,
929 3699 276 62 Wattons
1238 3700 197 62 stellen
1466 3701 108 61 sich
1609 3700 81 62 als
1726 3700 166 61 Kraft
1924 3724 125 47 vor,
2085 3700 434 79 Gemeinplätze
2554 3700 82 61 als
2672 3700 263 70 Denken,

680 3789 364 81 Psychologie
1094 3794 82 61 als
1225 3794 189 61 Brand
1464 3794 99 62 der
1612 3794 186 71 Seele,
1854 3794 273 79 klebriges
2179 3794 331 62 Schwatzen
2560 3795 84 60 als
2695 3794 241 70 Gemüt,

683 3882 317 80 Stimmung
1041 3887 83 59 als
1165 3888 174 60 Herz,
1399 3887 135 61 Wir
1574 3888 212 79 pfeifen
1827 3897 100 52 mit
1966 3887 241 62 Wonne
2247 3887 110 62 auf
2400 3887 101 61 das
2547 3887 222 62 Gemüt
2816 3885 120 63 und

678 3977 113 58 auf
824 3977 89 61 die
947 3978 319 79 Stimmung
1309 3981 117 61 und
1466 3982 108 60 auf
1609 3982 101 61 das
1737 3983 179 70 Herz,
1958 3982 149 63 denn
2150 3982 136 62 alles
2329 3982 104 62 das
2476 3991 71 52 ist
2587 3983 348 77 schmieriges
