3255 4572
1092 456 210 51 Cßarlbt
1327 456 247 57 Strasser,
1612 457 105 51 Die
1746 455 243 63 ScßCange

2574 455 94 50 785

409 668 91 61 die
539 666 316 61 Prinzessin
905 661 294 79 mächtiger
1248 660 83 62 als
1381 658 91 64 die
1512 656 303 76 Tänzerin,
1867 658 211 79 selbige
2120 658 309 63 hinwieder
2468 660 203 62 reicher

412 762 82 61 als
552 757 108 64 alle
715 757 229 77 Könige
995 755 240 62 Chinas.
1295 755 114 62 Die
1452 754 269 78 Schlange
1768 754 192 62 verlor
2016 754 265 62 indessen
2340 752 110 63 den
2507 770 163 47 roten

413 854 207 63 Glanz.

486 948 114 61 Die
639 945 316 61 Prinzessin
996 966 123 37 war
1168 940 278 63 trotzdem
1495 966 67 38 so
1612 940 273 79 glücklich,
1937 940 111 63 daß
2097 950 83 53 sie
2222 940 129 63 dem
2392 940 278 79 geliebten

408 1039 302 83 Spielzeug
736 1036 273 73 erlaubte,
1043 1037 105 62 sich
1176 1037 187 61 nachts
1389 1037 137 61 auch
1551 1037 160 61 tiefer
1736 1036 82 62 als
1846 1036 84 63 bis
1957 1061 75 37 zu
2060 1036 110 63 den
2189 1036 221 62 Hüften
2438 1034 190 64 herum-

408 1135 406 75 zuschmiegen.

487 1229 86 61 Es
623 1225 237 78 geschah
912 1223 229 72 endlich,
1192 1223 110 61 daß
1344 1223 281 78 derjenige
1664 1223 188 61 Mann
1894 1222 193 62 Indien
2129 1223 262 72 bereiste,
2432 1222 237 62 welcher

407 1323 109 61 den
559 1321 159 63 Stein
767 1319 100 62 der
907 1317 244 63 Weisen
1202 1316 192 64 besaß.
1437 1316 114 64 Als
1602 1340 60 40 es
1714 1316 90 62 die
1844 1316 314 62 Prinzessin
2201 1316 182 71 hörte,
2435 1316 108 62 ließ
2586 1325 81 53 sie

406 1417 92 60 ihn
538 1439 108 36 vor
686 1413 108 62 sich
835 1413 184 61 rufen.

487 1508 160 62 »Gib
690 1517 103 51 mir
835 1505 164 61 deine
1039 1504 348 62 Weisheit!«
1432 1503 189 62 befahl
1662 1513 97 53 sie,

487 1604 138 60 »Du
660 1601 231 70 bleibst
891 1601 166 70 Frau,
1090 1599 332 63 Prinzessin.
1467 1598 141 62 Wie
1635 1599 164 61 sollte
1825 1599 75 61 ich
1936 1599 114 61 dich
2078 1598 263 64 belehren
2368 1598 294 62 können?«

487 1697 161 60 »Das
693 1693 113 63 will
849 1695 75 61 ich
966 1692 209 79 gerade
1216 1693 138 61 nicht
1395 1691 240 71 bleiben,
1677 1692 247 61 sondern
1966 1692 113 61 will
2114 1691 251 72 werden,
2407 1701 112 52 wie
2561 1691 101 62 der

408 1791 252 61 Mann!«
713 1800 201 50 zürnte
955 1787 91 61 die
1086 1787 332 61 Prinzessin.
1474 1784 157 62 »Gib
1673 1795 103 52 mir
1816 1785 204 62 deinen
2062 1785 176 71 Stein,
2289 1809 67 38 so
2399 1785 149 62 biete
2589 1787 76 59 ich

408 1884 83 61 dir
533 1883 168 62 dafür
743 1892 148 52 mein
934 1881 344 61 herrlichstes
1321 1880 269 71 Kleinod,
1634 1902 105 39 aus
1781 1889 241 52 meinem
2057 1879 198 62 Haare
2295 1879 110 61 den
2446 1890 219 66 grünen

412 1978 331 77 Smaragd.«

488 2072 123 62 Der
644 2071 211 62 Weise
898 2069 289 79 überlegte
1228 2069 139 61 nicht
1408 2068 302 61 allzuweit.
1756 2067 86 62 Er
1881 2091 123 37 war
2045 2065 78 63 alt
2163 2065 117 61 und
2322 2065 197 63 sehnte
2561 2068 108 60 sich

412 2175 53 52 in
516 2165 91 62 die
648 2163 217 80 Jugend
906 2166 222 60 zurück.
1180 2163 142 79 Jung
1364 2162 138 62 aber
1541 2161 202 62 wurde
1785 2161 113 62 ihm
1938 2158 289 64 Weisheit
2267 2158 398 64 beschwerlich.

408 2259 125 62 Das
600 2275 160 62 sagte
825 2257 113 62 ihm
1004 2259 137 60 noch
1208 2256 100 62 der
1363 2279 178 56 graue
1598 2255 175 62 Stein,
1851 2255 124 61 Der
2025 2252 279 79 Smaragd
2361 2252 309 64 hinwieder

409 2354 226 61 sicherte
685 2353 141 71 ihm,
884 2351 120 62 und
1052 2351 157 61 darin
1260 2350 134 79 glich
1443 2374 61 37 er
1545 2349 100 62 der
1684 2345 304 74 Tänzerin,
2031 2347 90 63 die
2161 2346 197 62 Macht
2399 2347 117 61 und
2558 2347 109 61 den

412 2445 190 62 Glanz
644 2446 102 63 des
788 2446 335 63 Reichtums.
1170 2444 83 63 So
1295 2462 82 43 tat
1418 2468 78 47 er,
1540 2443 118 61 und
1697 2443 320 61 vermochte
2058 2466 62 38 es
2163 2466 135 45 nun,
2342 2440 74 61 da
2457 2464 59 37 er
2557 2441 109 60 den

409 2563 214 54 grauen
663 2539 198 62 Kiesel
912 2538 350 80 hingegeben
1311 2538 168 70 hatte,
1529 2537 84 62 als
1664 2535 76 63 ob
1791 2560 61 38 er
1900 2546 89 52 ein
2039 2535 254 78 Jüngling
2341 2534 326 78 geworden.

409 2633 122 61 Der
572 2633 270 79 Schlange
891 2632 349 63 kostbarstes
1292 2631 118 62 und
1451 2631 404 61 kunstvollstes
1898 2628 185 62 Werk
2131 2628 169 79 paßte
2341 2651 74 38 zu
2458 2637 212 52 seinem

411 2726 321 72 Stirnband,
766 2736 112 52 wie
912 2736 89 53 ein
1027 2722 312 65 Tanzkleid
1381 2749 132 38 zum
1546 2723 272 63 Lahmen.
1863 2723 114 61 Die
2012 2722 268 76 Schlange
2312 2721 190 77 jedoch
2537 2744 98 38 ver-

411 2820 83 60 lor
534 2820 156 62 ihren
732 2821 206 61 letzten
973 2819 193 63 Glanz
1208 2819 120 61 und
1361 2817 161 63 ward
1562 2816 308 79 stahlgrau,
1912 2825 112 52 wie
2065 2815 98 61 der
2206 2815 177 70 Stein,
2425 2815 245 61 welchen

413 2914 89 61 die
541 2914 315 63 Prinzessin
900 2939 72 37 an
1015 2914 102 62 des
1160 2913 326 63 Edelsteins
1531 2928 129 46 statt
1700 2911 109 61 auf
1842 2910 174 62 ihrem
2057 2909 231 61 Herzen
2330 2925 142 60 trug.

488 3007 166 62 Aber
703 3018 82 52 sie
835 3008 179 62 fühlte
1071 3009 105 60 sich
1234 3007 311 76 befriedigt,
1603 3014 111 52 wie
1770 3013 91 52 nie
1918 3013 53 51 in
2030 3001 174 61 ihrem
2260 3001 209 61 Leben.
2530 3000 144 61 Und

414 3108 52 52 in
507 3111 154 67 jener
700 3103 211 70 Nacht,
962 3103 90 61 die
1101 3102 108 61 auf
1251 3101 111 61 den
1402 3095 129 82 Tag
1573 3099 191 78 folgte,
1815 3121 73 38 an
1930 3095 262 63 welchem
2236 3104 81 52 sie
2360 3094 109 62 den
2514 3095 158 61 Stein

416 3192 99 63 des
555 3195 245 63 Weisen
853 3196 299 62 erworben
1194 3195 168 71 hatte,
1413 3217 122 37 war
1584 3201 80 52 sie
1715 3215 67 37 so
1824 3189 292 63 berauscht
2154 3212 118 37 von
2317 3187 128 62 dem
2488 3211 147 55 unge-

416 3285 211 64 heuren
670 3289 221 62 Gefühl
940 3290 101 62 der
1080 3290 213 68 Macht,
1344 3286 111 62 daß
1504 3295 83 52 sie
1627 3286 106 61 sich
1776 3283 133 61 aller
1950 3283 194 60 Macht
2185 3281 183 79 begab
2412 3282 120 61 und
2573 3282 101 61 der

417 3379 286 81 Schlange,
746 3384 91 62 die
870 3384 85 61 ihr
988 3382 435 63 unermeßliches
1460 3380 202 69 Glück,
1706 3377 151 78 Sieg,
1900 3375 301 63 Schönheit
2236 3375 118 61 und
2385 3375 291 62 Weisheit

414 3473 257 76 gebracht
710 3476 169 74 hatte,
930 3479 90 61 die
1062 3478 362 75 Umarmung
1474 3473 273 70 schenkte,
1789 3480 109 52 wie
1947 3494 131 37 man
2129 3479 81 52 sie
2252 3493 107 37 nur
2401 3469 131 62 dem
2572 3493 68 55 ge-

417 3565 201 65 liebten
660 3570 224 64 Manne
925 3570 340 64 verschenkt.
1311 3568 154 62 Also
1507 3591 122 37 war
1677 3565 174 61 damit
1899 3574 55 51 in
1994 3574 154 66 jener
2189 3572 254 68 einzigen
2485 3564 193 61 Nacht

416 3662 326 74 geschehen,
785 3690 125 37 was
962 3664 175 63 selbst
1185 3672 89 52 ein
1319 3662 150 61 Gott
1516 3670 233 50 nimmer
1799 3658 90 61 für
1930 3657 228 77 möglich
2201 3656 262 78 gehalten
2506 3657 170 71 hatte,

418 3753 116 61 und
591 3757 123 61 also
773 3758 196 63 erhielt
1018 3758 99 63 der
1159 3753 450 82 Schlangenfakir
1659 3753 90 60 für
1797 3752 102 62 des
1941 3751 284 61 Rausches
2271 3750 263 62 Stunden
2587 3751 91 62 die

418 3850 351 63 menschliche
812 3852 242 80 Sprache
1103 3852 222 61 zurück.
1371 3850 207 61 Dieses
1621 3846 312 62 wiederum
1974 3843 203 63 wurde
2227 3854 120 52 sein
2399 3845 279 62 bitterstes

419 3937 228 69 Unheil.
701 3945 192 72 Denn,
944 3970 137 39 vom
1123 3944 240 77 Erfolge
1411 3941 258 71 trunken,
1721 3950 73 52 im
1836 3939 229 62 Dünkel
2116 3937 108 61 auf
2266 3948 155 53 seine
2472 3939 175 62 selbst-
