3108 4572
1196 468 134 49 Max
1358 464 200 56 Scßefer,
1600 452 144 61 ÜBer
1770 463 92 48 das
1900 457 253 64 Tragtsde

550 474 92 49 758

1080 1152 279 72 ÜBER
1408 1149 200 71 DAS
1657 1144 619 76 TRAGISCHE

1661 1304 47 60 1.

559 1424 406 164 ALLES,
998 1447 123 37 was
1154 1420 231 78 tragisch
1420 1419 199 61 heißen
1652 1439 130 55 mag
1815 1416 223 75 bewegt
2071 1414 108 61 sich
2214 1421 54 52 in
2301 1411 100 61 der
2436 1410 218 79 Sphäre
2686 1433 117 37 von

738 1519 245 61 Werten
1018 1517 117 61 und
1159 1513 597 63 Wertverhältnissen,
1793 1510 61 60 In
1888 1519 185 51 einem
2106 1507 320 62 wertfreien
2452 1505 352 61 Universum

665 1622 112 52 wie
827 1636 61 37 es
930 1637 48 36 z.
1015 1611 63 61 B.
1124 1609 91 61 die
1264 1625 189 59 streng
1501 1604 372 63 mechanische
1921 1600 210 81 Physik
2179 1600 342 61 konstruiert
2560 1628 89 40 —,
2689 1597 116 77 gibt

557 1730 63 38 es
662 1706 160 61 keine
862 1701 342 80 Tragödien.
1256 1701 141 62 Nur
1438 1722 96 39 wo
1577 1722 61 37 es
1679 1697 206 61 Hohes
1927 1694 118 63 und
2085 1693 329 76 Niedriges,
2464 1691 181 61 Edles
2687 1688 120 62 und

557 1800 314 62 Gemeines
905 1797 134 79 gibt,
1064 1797 116 78 gibt
1205 1819 61 38 es
1300 1819 69 37 so
1403 1810 181 44 etwas
1618 1800 110 52 wie
1760 1790 266 77 tragische
2051 1787 494 62 Vorkommnisse.
2581 1785 224 59 Darum

559 1904 71 52 ist
662 1894 229 77 tragisch
926 1893 136 61 aber
1095 1891 139 60 nicht
1266 1888 174 62 selbst
1473 1895 88 53 ein
1579 1885 172 61 Wert
1784 1894 109 51 wie
1928 1884 188 68 schön,
2149 1881 227 69 häßlich,
2409 1895 118 61 gut,
2562 1877 241 61 schlecht,

559 1987 184 62 Wohl
800 1987 136 61 aber
992 1985 269 63 erscheint
1308 2006 61 38 es
1421 2006 72 36 an
1543 1980 246 76 Dingen,
1838 1976 332 69 Menschen,
2221 1974 212 61 Sachen
2483 1995 106 37 nur
2639 1970 165 61 durch

559 2079 381 78 Vermittlung
980 2078 99 61 der
1121 2077 165 61 ihnen
1328 2073 376 62 anhaftenden
1737 2072 224 59 Werte.
2004 2069 88 61 Es
2135 2077 70 52 ist
2245 2067 123 59 also
2410 2074 196 51 immer
2639 2064 165 60 durch

560 2175 208 60 Werte
801 2173 118 61 und
950 2168 561 78 Wertbeziehungen
1544 2183 266 61 getragen
1844 2163 140 62 oder
2018 2162 260 61 fundiert.
2321 2159 166 61 Aber
2528 2167 55 51 in
2625 2157 183 61 dieser

565 2267 220 80 Sphäre
818 2266 312 62 wiederum
1163 2274 70 52 ist
1269 2272 119 54 sein
1421 2262 117 61 Ort
1568 2285 107 37 nur
1708 2260 94 69 da,
1834 2281 96 37 wo
1948 2257 393 75 Werteträger
2375 2255 104 59 sich
2512 2252 293 76 bewegen,

565 2361 119 62 und
724 2384 98 38 wo
864 2369 81 52 sie
985 2357 305 79 irgendwie
1331 2354 371 63 aufeinander
1742 2351 229 61 wirken.
2014 2350 64 59 In
2112 2347 98 61 der
2241 2346 294 61 ruhenden
2567 2345 240 61 Werte«

563 2455 137 62 weit
745 2477 131 54 mag
923 2451 332 72 Heiterkeit,
1302 2446 241 73 Trauer,
1595 2444 406 70 Erhabenheit,
2051 2443 178 59 Ernst
2278 2441 178 76 liegen
2597 2434 210 81 Tragik

563 2548 137 61 muß
753 2547 83 61 ihr
885 2545 202 63 fehlen.
1140 2545 127 60 Das
1308 2539 298 81 Tragische
1657 2539 267 62 erscheint
1963 2545 55 52 in
2061 2535 99 60 der
2202 2533 220 80 Sphäre
2464 2531 99 61 der
2602 2530 206 61 Wert«

560 2643 320 76 bewegung
921 2639 118 63 und
1072 2638 504 70 Vorkommnisse,-
1617 2632 412 65 Geschehnisse
2070 2641 232 49 müssen
2344 2627 74 61 da
2459 2636 139 59 sein,
2639 2648 170 37 wenn

563 2760 60 38 es
672 2736 315 62 erscheinen
1029 2732 123 62 soll.
1195 2732 135 61 Zeit
1378 2740 53 52 in
1473 2730 99 60 der
1613 2745 180 44 etwas
1834 2723 277 81 geschieht
2150 2722 119 61 und
2310 2719 262 71 entsteht,
2614 2727 54 52 in
2710 2718 99 60 der

560 2846 180 46 etwas
782 2829 261 61 verloren
1082 2825 133 79 geht
1256 2824 118 62 und
1413 2824 303 60 vernichtet
1754 2820 162 68 wird,
1957 2817 199 79 gehört
2197 2813 175 63 daher
2419 2837 75 39 zu
2536 2812 109 62 den
2692 2812 118 60 Er«

561 2921 727 79 scheinungsbedingungen
1330 2917 101 61 des
1472 2912 354 82 Tragischen.
1869 2912 82 61 Im
1993 2911 204 60 bloßen
2238 2909 222 61 Raume
2502 2906 199 61 wohnt

561 3034 148 45 trotz
749 3014 224 64 Schiller
1114 3013 256 61 manches
1412 3009 339 71 Erhabene,-
1800 3006 135 61 aber
1984 3004 125 61 kein
2150 2997 345 82 Tragisches.
2546 3000 62 60 In
2658 3008 152 52 einer

560 3111 326 62 raumlosen
927 3107 165 62 Welt
1131 3116 196 52 wären
1366 3099 326 81 Tragödien
1733 3099 261 79 möglich,-
2041 3107 56 51 in
2146 3104 154 54 einer
2339 3094 271 62 zeitlosen
2652 3093 155 59 nicht.

566 3199 333 82 »Tragisch«
937 3211 71 52 ist
1040 3210 74 50 im
1148 3197 450 80 ursprünglichen
1633 3196 174 61 Sinne
1841 3191 174 62 daher
2057 3199 195 51 immer
2292 3187 92 62 die
2423 3187 386 75 Bestimmung

563 3307 152 52 einer
754 3293 409 64 Wirksamkeit
1211 3301 74 52 im
1333 3287 134 65 Tun
1518 3288 119 63 und
1683 3287 232 61 Leiden.
1967 3285 167 60 Auch
2184 3282 101 61 der
2332 3281 268 76 tragische
2643 3278 167 61 Cha«

563 3391 186 61 rakter
796 3399 70 52 ist
914 3413 61 37 es
1025 3412 126 45 nur,
1192 3385 130 62 weil
1372 3394 54 52 in
1476 3382 113 63 ihm
1637 3381 91 61 die
1769 3381 432 78 Dispositionen
2253 3375 91 62 für
2384 3384 90 50 ein
2515 3372 294 78 tragisches

565 3481 132 65 Tun
739 3484 119 62 und
890 3481 269 63 Erleiden
1200 3481 211 77 liegen/
1449 3476 121 64 und
1609 3475 136 62 auch
1788 3483 125 53 eine
1946 3471 303 69 Situation,
2292 3479 89 52 ein
2422 3467 388 61 Zusammen«

566 3578 118 61 und
734 3573 679 82 Gegeneinanderstehen
1452 3594 118 38 von
1619 3568 259 68 Kräften,
1920 3565 141 62 oder
2102 3560 481 65 widerstreitende
2624 3555 185 65 Taten

568 3672 304 61 fordernde
902 3668 467 64 »Verhältnisse«
1399 3664 126 64 sind
1549 3687 107 38 nur
1689 3660 251 79 tragisch,
1973 3659 130 61 weil
2137 3667 82 52 sie
2252 3666 99 52 mit
2384 3655 209 61 solcher
2610 3652 202 62 Wirk«

569 3763 234 64 samkeit
848 3765 294 77 gleichsam
1190 3759 237 81 geladen
1477 3757 142 63 sind.
1671 3756 182 61 Diese
1886 3751 409 63 Wirksamkeit
2334 3748 136 61 aber
2509 3746 135 62 muß
2686 3756 124 50 eine

569 3857 314 61 bestimmte
913 3857 271 75 Richtung
1215 3853 206 70 haben,
1462 3851 174 61 damit
1667 3845 327 80 Tragisches
2029 3845 308 69 erscheine,-
2367 3850 125 53 eine
2525 3840 287 76 Richtung,

570 3950 92 61 die
693 3959 74 51 im
801 3949 360 62 Geschauten
1195 3946 118 62 und
1335 3944 316 64 Gefühlten
1676 3947 381 73 gegenwärtig
2089 3946 121 54 sein
2234 3936 159 61 muß;
2429 3933 91 61 die
2545 3933 269 75 Richtung
