3209 4572
1374 463 207 51 Gustav
1614 458 253 63 Meyrink,
1904 457 117 52 Der
2054 454 179 51 Gofem

664 472 96 49 842

741 677 136 62 Wir
924 675 202 60 kamen
1175 668 292 65 schließlich
1518 665 248 71 überein,
1810 663 103 61 das
1954 660 175 62 Paket
2176 659 90 61 bei
2316 666 104 53 mir
2468 680 74 37 zu
2591 653 339 72 verstecken,

667 772 121 62 und
827 780 202 68 gingen
1072 764 236 63 hinüber
1348 772 54 51 in
1447 769 183 54 meine
1670 759 289 60 Kammer.

746 954 344 66 Charousek
1145 975 124 39 war
1324 951 183 76 längst
1562 948 130 70 fort,
1752 946 134 61 aber
1942 952 197 52 immer
2196 940 137 62 noch
2392 938 209 61 konnte
2660 937 75 60 ich
2798 936 136 59 mich

668 1055 141 61 nicht
865 1047 366 65 entschließen
1280 1069 74 37 zu
1402 1045 162 60 Bette
1612 1065 75 37 zu
1735 1040 198 77 gehen.
1994 1037 153 61 Eine
2195 1042 240 72 gewisse
2483 1041 192 52 innere
2724 1030 211 59 Unzu*

668 1147 332 62 friedenheit
1033 1158 170 62 nagte
1230 1164 73 37 an
1347 1147 104 53 mir
1485 1136 119 61 und
1636 1135 131 61 hielt
1800 1133 135 62 mich
1970 1131 192 61 davon
2199 1128 89 63 ab.
2331 1126 381 79 Irgendetwas
2746 1124 193 61 müßte

667 1246 78 58 ich
788 1242 137 61 noch
967 1258 103 43 tun
1112 1247 248 60 müssen,
1405 1233 175 61 fühlte
1622 1230 94 70 ich,
1879 1227 134 61 aber
2053 1224 157 61 was?
2249 1223 155 59 was?

750 1337 191 61 Einen
991 1333 141 60 Plan
1190 1338 99 52 mit
1348 1328 128 61 dem
1528 1324 318 63 Studenten
1907 1318 327 71 entwerfen,
2293 1340 123 36 was
2464 1322 196 52 weiter
2714 1337 74 36 zu
2836 1335 103 54 ge*

671 1431 236 62 schehen
949 1427 188 62 hatte?

748 1526 127 61 Das
926 1522 161 61 allein
1148 1520 210 61 konnte
1409 1539 59 37 es
1512 1514 141 61 nicht
1693 1520 132 52 sein,
1870 1505 345 64 Charousek
2255 1505 104 59 ließ
2403 1503 109 61 den
2554 1497 243 65 Trödler
2837 1522 102 37 so*

670 1629 179 52 wieso
892 1616 140 63 nicht
1066 1638 105 38 aus
1204 1613 111 61 den
1348 1610 235 76 Augen,
1618 1608 244 59 darüber
1893 1601 240 64 bestand
2166 1600 124 60 kein
2323 1596 260 62 Zweifel.
2622 1595 82 61 Ich
2738 1594 201 61 schau*

673 1717 173 68 derte,
889 1736 170 38 wenn
1103 1709 77 61 ich
1225 1731 72 37 an
1340 1705 109 61 den
1491 1703 137 61 Haß
1672 1699 209 70 dachte,
1926 1698 99 61 der
2067 1719 104 37 aus
2213 1702 191 53 seinen
2430 1691 244 63 Worten
2716 1688 223 78 geweht

677 1811 163 59 hatte,

756 1902 145 61 Was
944 1900 113 61 ihm
1084 1896 397 63 Wassertrum
1522 1890 155 62 wohl
1720 1903 244 63 angetan
2007 1883 187 64 haben
2237 1881 249 62 mochte?

753 1996 115 61 Die
894 1994 263 62 seltsame
1184 1999 190 52 innere
1401 1985 244 62 Unruhe
1678 1991 55 52 in
1768 1990 104 52 mir
1898 1980 188 61 wuchs
2121 1976 118 62 und
2272 1973 221 63 brachte
2528 1973 136 60 mich
2697 1971 111 61 fast
2841 1994 103 36 zur

676 2088 455 76 Verzweiflung.
1190 2085 117 60 Ein
1367 2077 418 70 Unsichtbares,
1834 2075 323 77 Jenseitiges
2209 2070 108 61 rief
2360 2070 136 60 nach
2545 2076 105 51 mir
2698 2065 118 61 und
2865 2063 78 61 ich

680 2184 270 64 verstand
992 2183 153 58 nicht.

760 2278 85 61 Ich
887 2277 129 61 kam
1057 2283 104 52 mir
1200 2295 108 38 vor
1348 2278 109 52 wie
1500 2276 88 53 ein
1631 2264 179 71 Gaul,
1853 2263 99 60 der
1993 2262 260 59 dressiert
2294 2255 160 73 wird,
2583 2255 103 60 das
2728 2253 215 61 Reißen

684 2396 92 37 am
818 2370 188 77 Zügel
1047 2378 157 68 spürt
1244 2363 119 62 und
1404 2362 141 61 nicht
1584 2358 164 71 weiß,
1790 2356 232 62 welches
2064 2351 347 63 Kunststück
2454 2372 58 37 er
2552 2347 230 62 machen
2824 2347 120 70 soll,

882 2466 109 60 den
1016 2461 216 62 Willen
1275 2467 183 52 seines
1499 2455 189 59 Herrn
1731 2451 140 61 nicht
1913 2448 190 61 erfaßt.

762 2555 470 79 Hinuntergehen
1274 2577 75 36 zu
1391 2547 328 78 Schemajah
1761 2545 167 61 Hille!
1938 2545 22 60 ?

762 2655 132 79 Jede
934 2653 183 61 Faser
1159 2659 54 52 in
1256 2657 104 52 mir
1400 2653 301 54 verneinte.

764 2751 114 61 Die
919 2748 203 61 Vision
1173 2744 99 60 des
1313 2739 246 62 Mönchs
1608 2745 55 53 in
1715 2737 98 58 der
1853 2732 355 71 Domkirche,
2258 2728 106 62 auf
2406 2726 202 61 dessen
2662 2721 286 64 Schultern

686 2861 222 62 gestern
952 2842 99 60 der
1091 2838 170 78 Kopf
1296 2829 373 68 Charouseks
1711 2825 356 81 aufgetaucht
2106 2847 124 38 war
2263 2822 82 62 als
2371 2820 279 63 Antwort
2693 2817 104 61 auf
2826 2824 125 54 eine

685 2956 245 45 stumme
985 2936 142 60 Bitte
1178 2954 99 38 um
1331 2928 130 71 Rat,
1521 2926 109 77 gab
1700 2932 102 52 mir
1860 2922 334 76 Fingerzeig
2258 2939 206 55 genug,
2523 2937 118 38 von
2699 2936 117 37 nun
2876 2933 75 37 an

686 3031 234 80 dumpfe
971 3026 252 65 Gefühle
1272 3022 141 63 nicht
1461 3021 150 61 ohne
1659 3027 256 51 weiteres
1956 3039 75 37 zu
2072 3012 310 62 verachten.
2426 3008 281 63 Geheime
2747 3005 202 62 Kräfte

687 3128 242 62 keimten
963 3133 55 52 in
1059 3132 105 50 mir
1198 3120 105 60 auf
1338 3125 104 54 seit
1481 3137 297 57 geraumer
1813 3111 152 70 Zeit,
2008 3109 104 59 das
2153 3130 122 37 war
2317 3104 206 78 gewiß:
2567 3102 77 60 ich
2680 3097 269 79 empfand

690 3247 60 37 es
790 3246 75 37 zu
906 3217 395 75 übermächtig,
1343 3212 81 61 als
1465 3209 111 61 daß
1618 3208 78 61 ich
1739 3205 136 61 auch
1917 3227 108 38 nur
2065 3203 110 59 den
2209 3199 250 63 Versuch
2498 3195 252 80 gemacht
2783 3194 166 68 hätte,

691 3342 60 37 es
792 3313 461 79 wegzuleugnen.

767 3407 350 65 Buchstaben
1142 3429 75 37 zu
1245 3398 401 82 empfinden,
1688 3405 80 53 sie
1805 3393 141 62 nicht
1979 3415 107 38 nur
2119 3400 99 52 mit
2243 3389 109 61 den
2379 3387 216 76 Augen
2623 3392 54 53 in
2703 3382 249 62 Büchern

690 3532 74 35 zu
822 3509 169 66 lesen,
1170 3507 163 54 einen
1391 3492 323 65 Dolmetsch
1772 3499 55 52 in
1885 3497 104 52 mir
2036 3486 172 63 selbst
2257 3481 386 70 aufzustellen,
2694 3477 100 61 der
2851 3482 103 53 mir

692 3603 300 66 übersetzt,
1051 3618 123 38 was
1225 3593 90 61 die
1372 3589 265 62 Instinkte
1694 3585 150 62 ohne
1885 3582 213 63 Worte
2154 3601 236 49 raunen,
2449 3576 157 60 darin
2664 3571 134 62 muß
2857 3570 98 59 der

694 3692 273 66 Schlüssel
1007 3690 197 77 liegen,
1245 3685 108 63 sich
1394 3693 99 52 mit
1533 3683 128 59 dem
1705 3688 231 70 eigenen
1970 3675 203 61 Innern
2216 3670 166 62 durch
2423 3669 150 61 klare
2609 3664 241 81 Sprache
2882 3684 73 39 zu

692 3787 416 77 verständigen,
1151 3782 202 79 begriff
1378 3779 92 61 ich.

779 3882 131 62 »Sie
952 3880 185 62 haben
1180 3877 216 76 Augen
1438 3871 119 63 und
1597 3869 174 63 sehen
1814 3866 169 73 nicht,-
2022 3872 81 55 sie
2145 3862 184 62 haben
2374 3858 202 62 Ohren
2619 3854 119 62 und
2779 3853 175 61 hören

696 3977 196 70 nicht«,
936 3975 87 61 fiel
1063 3981 104 54 mir
1212 3980 122 52 eine
1373 3965 313 64 Bibelstelle
1726 3971 109 53 wie
1879 3970 122 52 eine
2042 3957 321 75 Erklärung
2403 3955 150 59 dazu
2596 3960 102 52 ein.
