<?xml version="1.0" encoding="UTF-8"?>
<alto xmlns:xsi="http://www.w3.org/2001/XMLSchema-instance" xmlns="http://www.loc.gov/standards/alto/ns-v2#" xsi:schemaLocation="http://www.loc.gov/standards/alto/ns-v2# http://www.loc.gov/standards/alto/v2/alto-2-0.xsd" xmlns:xlink="http://www.w3.org/1999/xlink">
	<Description>
		<MeasurementUnit>mm10</MeasurementUnit>
		<sourceImageInformation>
			<fileName>./bmtnabr_1914-04_01_0097.jp2</fileName>
		</sourceImageInformation>
		<OCRProcessing ID="OCRPROCESSING_1">
			<preProcessingStep>
				<processingSoftware>
					<softwareCreator>CCS Content Conversion Specialists GmbH, Germany</softwareCreator>
					<softwareName>CCS docWorks</softwareName>
					<softwareVersion>6.9-1.27</softwareVersion>
				</processingSoftware>
			</preProcessingStep>
			<ocrProcessingStep>
				<processingSoftware>
					<softwareCreator>ABBYY (BIT Software), Russia</softwareCreator>
					<softwareName>FineReader</softwareName>
					<softwareVersion>11.0</softwareVersion>
				</processingSoftware>
			</ocrProcessingStep>
			<postProcessingStep>
				<processingSoftware>
					<softwareCreator>CCS Content Conversion Specialists GmbH, Germany</softwareCreator>
					<softwareName>CCS docWorks</softwareName>
					<softwareVersion>6.9-1.27</softwareVersion>
					<applicationDescription>docWorks: Text modified manually, or automatically replaced</applicationDescription>
				</processingSoftware>
			</postProcessingStep>
		</OCRProcessing>
	</Description>
	<Styles>
		<TextStyle ID="TXT_0" FONTSIZE="18" FONTFAMILY="Times New Roman" FONTSTYLE="bold italics"/>
		<TextStyle ID="TXT_1" FONTSIZE="17" FONTFAMILY="Times New Roman"/>
		<TextStyle ID="TXT_2" FONTSIZE="21" FONTFAMILY="Times New Roman"/>
		<ParagraphStyle ID="PAR_LEFT" ALIGN="Left"/>
		<ParagraphStyle ID="PAR_RIGHT" ALIGN="Right"/>
		<ParagraphStyle ID="PAR_BLOCK" ALIGN="Block"/>
	</Styles>
	<Layout>
		<Page ID="P97" PHYSICAL_IMG_NR="97" HEIGHT="4572" WIDTH="3162" PRINTED_IMG_NR="841" PC="0.949">
			<TopMargin ID="P97_TM00001" HPOS="0" VPOS="0" WIDTH="3162" HEIGHT="507">
				<TextBlock ID="P97_TB00001" HPOS="1040" VPOS="442" WIDTH="855" HEIGHT="62" STYLEREFS="TXT_0 PAR_LEFT">
					<TextLine ID="P97_TL00001" HPOS="1041" VPOS="443" WIDTH="854" HEIGHT="61">
						<String ID="P97_ST00001" HPOS="1041" VPOS="443" WIDTH="206" HEIGHT="49" CONTENT="Gustav" WC="0.99" CC="005421"/>
						<SP ID="P97_SP00001" HPOS="1247" VPOS="492" WIDTH="30"/>
						<String ID="P97_ST00002" HPOS="1277" VPOS="443" WIDTH="249" HEIGHT="61" CONTENT="Meyrinß," WC="0.55" CC="46703282"/>
						<SP ID="P97_SP00002" HPOS="1526" VPOS="504" WIDTH="38"/>
						<String ID="P97_ST00003" HPOS="1564" VPOS="445" WIDTH="116" HEIGHT="50" CONTENT="Der" WC="0.95" CC="660"/>
						<SP ID="P97_SP00003" HPOS="1680" VPOS="504" WIDTH="35"/>
						<String ID="P97_ST00004" HPOS="1715" VPOS="447" WIDTH="180" HEIGHT="49" CONTENT="Gofem" WC="0.44" CC="90393"/>
					</TextLine>
				</TextBlock>
				<TextBlock ID="P97_TB00002" HPOS="2497" VPOS="453" WIDTH="88" HEIGHT="49" STYLEREFS="TXT_1 PAR_RIGHT">
					<TextLine ID="P97_TL00002" HPOS="2497" VPOS="453" WIDTH="88" HEIGHT="49">
						<String ID="P97_ST00005" HPOS="2497" VPOS="453" WIDTH="88" HEIGHT="49" CONTENT="841" WC="1.00" CC="000"/>
					</TextLine>
				</TextBlock>
			</TopMargin>
			<LeftMargin ID="P97_LM00001" HPOS="0" VPOS="507" WIDTH="343" HEIGHT="3509"/>
			<RightMargin ID="P97_RM00001" HPOS="2597" VPOS="507" WIDTH="565" HEIGHT="3509"/>
			<BottomMargin ID="P97_BM00001" HPOS="0" VPOS="4016" WIDTH="3162" HEIGHT="556"/>
			<PrintSpace ID="P97_PS00001" HPOS="343" VPOS="507" WIDTH="2254" HEIGHT="3509">
				<TextBlock ID="P97_TB00003" HPOS="343" VPOS="645" WIDTH="2254" HEIGHT="3371" STYLEREFS="TXT_2 PAR_BLOCK">
					<TextLine ID="P97_TL00003" HPOS="345" VPOS="647" WIDTH="2245" HEIGHT="89">
						<String ID="P97_ST00006" HPOS="345" VPOS="665" WIDTH="112" HEIGHT="59" CONTENT="hier" WC="0.95" CC="6565"/>
						<SP ID="P97_SP00004" HPOS="457" VPOS="724" WIDTH="47"/>
						<String ID="P97_ST00007" HPOS="504" VPOS="648" WIDTH="470" HEIGHT="70" CONTENT="immerwährend" WC="0.99" CC="302567076666"/>
						<SP ID="P97_SP00005" HPOS="974" VPOS="724" WIDTH="49"/>
						<String ID="P97_ST00008" HPOS="1023" VPOS="647" WIDTH="460" HEIGHT="65" CONTENT="herumdrücken!" WC="0.99" CC="0060304007433"/>
						<SP ID="P97_SP00006" HPOS="1483" VPOS="724" WIDTH="58"/>
						<String ID="P97_ST00009" HPOS="1541" VPOS="652" WIDTH="82" HEIGHT="60" CONTENT="Ich" WC="0.93" CC="279"/>
						<SP ID="P97_SP00007" HPOS="1623" VPOS="724" WIDTH="50"/>
						<String ID="P97_ST00010" HPOS="1673" VPOS="662" WIDTH="133" HEIGHT="69" CONTENT="ging" WC="0.96" CC="7057"/>
						<SP ID="P97_SP00008" HPOS="1806" VPOS="731" WIDTH="48"/>
						<String ID="P97_ST00011" HPOS="1854" VPOS="654" WIDTH="227" HEIGHT="61" CONTENT="nämlich" WC="0.98" CC="1007499"/>
						<SP ID="P97_SP00009" HPOS="2081" VPOS="731" WIDTH="48"/>
						<String ID="P97_ST00012" HPOS="2129" VPOS="672" WIDTH="240" HEIGHT="61" CONTENT="gestern," WC="0.99" CC="00055504"/>
						<SP ID="P97_SP00010" HPOS="2369" VPOS="733" WIDTH="49"/>
						<String ID="P97_ST00013" HPOS="2418" VPOS="681" WIDTH="172" HEIGHT="55" CONTENT="sagen" WC="0.99" CC="05001"/>
					</TextLine>
					<TextLine ID="P97_TL00004" HPOS="344" VPOS="742" WIDTH="2249" HEIGHT="81">
						<String ID="P97_ST00014" HPOS="344" VPOS="764" WIDTH="100" HEIGHT="53" CONTENT="wir" WC="0.93" CC="937"/>
						<SP ID="P97_SP00011" HPOS="444" VPOS="817" WIDTH="24"/>
						<String ID="P97_ST00015" HPOS="468" VPOS="748" WIDTH="135" HEIGHT="64" CONTENT="mal:" WC="0.96" CC="0676"/>
						<SP ID="P97_SP00012" HPOS="603" VPOS="817" WIDTH="27"/>
						<String ID="P97_ST00016" HPOS="630" VPOS="743" WIDTH="265" HEIGHT="78" CONTENT="zufällig'" WC="0.98" CC="886086108"/>
						<SP ID="P97_SP00013" HPOS="895" VPOS="821" WIDTH="25"/>
						<String ID="P97_ST00017" HPOS="920" VPOS="742" WIDTH="167" HEIGHT="60" CONTENT="durch" WC="0.96" CC="75609"/>
						<SP ID="P97_SP00014" HPOS="1087" VPOS="821" WIDTH="26"/>
						<String ID="P97_ST00018" HPOS="1113" VPOS="742" WIDTH="91" HEIGHT="61" CONTENT="die" WC="0.98" CC="060"/>
						<SP ID="P97_SP00015" HPOS="1204" VPOS="821" WIDTH="25"/>
						<String ID="P97_ST00019" HPOS="1229" VPOS="742" WIDTH="504" HEIGHT="81" CONTENT="Hahnpaßgasse,«" WC="1.00" CC="26003040600040"/>
						<SP ID="P97_SP00016" HPOS="1733" VPOS="823" WIDTH="117"/>
						<String ID="P97_ST00020" HPOS="1850" VPOS="747" WIDTH="232" HEIGHT="62" CONTENT="erklärte" WC="0.99" CC="05570540"/>
						<SP ID="P97_SP00017" HPOS="2082" VPOS="823" WIDTH="27"/>
						<String ID="P97_ST00021" HPOS="2109" VPOS="773" WIDTH="75" HEIGHT="48" CONTENT="er," WC="0.96" CC="234"/>
						<SP ID="P97_SP00018" HPOS="2184" VPOS="823" WIDTH="28"/>
						<String ID="P97_ST00022" HPOS="2212" VPOS="750" WIDTH="80" HEIGHT="61" CONTENT="als" WC="0.97" CC="070"/>
						<SP ID="P97_SP00019" HPOS="2292" VPOS="823" WIDTH="27"/>
						<String ID="P97_ST00023" HPOS="2319" VPOS="774" WIDTH="59" HEIGHT="37" CONTENT="er" WC="0.80" CC="03"/>
						<SP ID="P97_SP00020" HPOS="2378" VPOS="823" WIDTH="33"/>
						<String ID="P97_ST00024" HPOS="2411" VPOS="761" WIDTH="182" HEIGHT="52" CONTENT="meine" WC="0.99" CC="00500"/>
					</TextLine>
					<TextLine ID="P97_TL00005" HPOS="346" VPOS="836" WIDTH="2248" HEIGHT="88">
						<String ID="P97_ST00025" HPOS="346" VPOS="844" WIDTH="261" HEIGHT="80" CONTENT="fragende" WC="0.98" CC="56590403"/>
						<SP ID="P97_SP00021" HPOS="607" VPOS="924" WIDTH="50"/>
						<String ID="P97_ST00026" HPOS="657" VPOS="840" WIDTH="201" HEIGHT="61" CONTENT="Miene" WC="0.98" CC="50600"/>
						<SP ID="P97_SP00022" HPOS="858" VPOS="924" WIDTH="56"/>
						<String ID="P97_ST00027" HPOS="914" VPOS="836" WIDTH="301" HEIGHT="72" CONTENT="bemerkte," WC="0.99" CC="700064204"/>
						<SP ID="P97_SP00023" HPOS="1215" VPOS="924" WIDTH="62"/>
						<String ID="P97_ST00028" HPOS="1277" VPOS="839" WIDTH="111" HEIGHT="59" CONTENT="»da" WC="0.98" CC="400"/>
						<SP ID="P97_SP00024" HPOS="1388" VPOS="924" WIDTH="48"/>
						<String ID="P97_ST00029" HPOS="1436" VPOS="839" WIDTH="85" HEIGHT="62" CONTENT="fiel" WC="0.98" CC="0047"/>
						<SP ID="P97_SP00025" HPOS="1521" VPOS="924" WIDTH="50"/>
						<String ID="P97_ST00030" HPOS="1571" VPOS="849" WIDTH="102" HEIGHT="52" CONTENT="mir" WC="0.97" CC="006"/>
						<SP ID="P97_SP00026" HPOS="1673" VPOS="924" WIDTH="50"/>
						<String ID="P97_ST00031" HPOS="1723" VPOS="841" WIDTH="116" HEIGHT="72" CONTENT="auf," WC="0.97" CC="0434"/>
						<SP ID="P97_SP00027" HPOS="1839" VPOS="924" WIDTH="50"/>
						<String ID="P97_ST00032" HPOS="1889" VPOS="842" WIDTH="111" HEIGHT="63" CONTENT="daß" WC="0.98" CC="004"/>
						<SP ID="P97_SP00028" HPOS="2000" VPOS="924" WIDTH="49"/>
						<String ID="P97_ST00033" HPOS="2049" VPOS="844" WIDTH="384" HEIGHT="62" CONTENT="Wassertrum" WC="1.00" CC="4400014200"/>
						<SP ID="P97_SP00029" HPOS="2433" VPOS="924" WIDTH="51"/>
						<String ID="P97_ST00034" HPOS="2484" VPOS="864" WIDTH="110" HEIGHT="43" CONTENT="erst" WC="0.98" CC="0503"/>
					</TextLine>
					<TextLine ID="P97_TL00006" HPOS="344" VPOS="930" WIDTH="2250" HEIGHT="86">
						<String ID="P97_ST00035" HPOS="344" VPOS="944" WIDTH="159" HEIGHT="72" CONTENT="lange" WC="0.99" CC="62000"/>
						<SP ID="P97_SP00030" HPOS="503" VPOS="1016" WIDTH="127"/>
						<String ID="P97_ST00036" HPOS="630" VPOS="931" WIDTH="284" HEIGHT="65" CONTENT="scheinbar" WC="0.99" CC="007000766"/>
						<SP ID="P97_SP00031" HPOS="914" VPOS="1016" WIDTH="33"/>
						<String ID="P97_ST00037" HPOS="947" VPOS="930" WIDTH="359" HEIGHT="79" CONTENT="unbefangen" WC="0.99" CC="0006603060"/>
						<SP ID="P97_SP00032" HPOS="1306" VPOS="1016" WIDTH="35"/>
						<String ID="P97_ST00038" HPOS="1341" VPOS="957" WIDTH="105" HEIGHT="37" CONTENT="vor" WC="0.97" CC="026"/>
						<SP ID="P97_SP00033" HPOS="1446" VPOS="1016" WIDTH="33"/>
						<String ID="P97_ST00039" HPOS="1479" VPOS="934" WIDTH="127" HEIGHT="61" CONTENT="dem" WC="0.99" CC="020"/>
						<SP ID="P97_SP00034" HPOS="1606" VPOS="1016" WIDTH="24"/>
						<String ID="P97_ST00040" HPOS="1630" VPOS="930" WIDTH="116" HEIGHT="66" CONTENT="Tor" WC="0.95" CC="605"/>
						<SP ID="P97_SP00035" HPOS="1746" VPOS="1016" WIDTH="33"/>
						<String ID="P97_ST00041" HPOS="1779" VPOS="954" WIDTH="170" HEIGHT="43" CONTENT="unten" WC="0.98" CC="52400"/>
						<SP ID="P97_SP00036" HPOS="1949" VPOS="1016" WIDTH="36"/>
						<String ID="P97_ST00042" HPOS="1985" VPOS="938" WIDTH="106" HEIGHT="61" CONTENT="auf" WC="0.96" CC="055"/>
						<SP ID="P97_SP00037" HPOS="2091" VPOS="1016" WIDTH="33"/>
						<String ID="P97_ST00043" HPOS="2124" VPOS="938" WIDTH="117" HEIGHT="61" CONTENT="und" WC="1.00" CC="000"/>
						<SP ID="P97_SP00038" HPOS="2241" VPOS="1016" WIDTH="34"/>
						<String ID="P97_ST00044" HPOS="2275" VPOS="938" WIDTH="73" HEIGHT="61" CONTENT="ab" WC="0.76" CC="40"/>
						<SP ID="P97_SP00039" HPOS="2348" VPOS="1016" WIDTH="34"/>
						<String ID="P97_ST00045" HPOS="2382" VPOS="939" WIDTH="212" HEIGHT="61" CONTENT="schien*" WC="0.98" CC="0070049"/>
					</TextLine>
					<TextLine ID="P97_TL00007" HPOS="345" VPOS="1025" WIDTH="2248" HEIGHT="83">
						<String ID="P97_ST00046" HPOS="345" VPOS="1037" WIDTH="166" HEIGHT="67" CONTENT="derte," WC="0.75" CC="055004"/>
						<SP ID="P97_SP00040" HPOS="511" VPOS="1104" WIDTH="50"/>
						<String ID="P97_ST00047" HPOS="561" VPOS="1030" WIDTH="152" HEIGHT="60" CONTENT="dann" WC="1.00" CC="0000"/>
						<SP ID="P97_SP00041" HPOS="713" VPOS="1104" WIDTH="52"/>
						<String ID="P97_ST00048" HPOS="765" VPOS="1025" WIDTH="153" HEIGHT="71" CONTENT="aber," WC="0.99" CC="00054"/>
						<SP ID="P97_SP00042" HPOS="918" VPOS="1104" WIDTH="52"/>
						<String ID="P97_ST00049" HPOS="970" VPOS="1025" WIDTH="80" HEIGHT="60" CONTENT="als" WC="0.97" CC="070"/>
						<SP ID="P97_SP00043" HPOS="1050" VPOS="1104" WIDTH="43"/>
						<String ID="P97_ST00050" HPOS="1093" VPOS="1048" WIDTH="59" HEIGHT="37" CONTENT="er" WC="1.00" CC="00"/>
						<SP ID="P97_SP00044" HPOS="1152" VPOS="1104" WIDTH="48"/>
						<String ID="P97_ST00051" HPOS="1200" VPOS="1025" WIDTH="105" HEIGHT="61" CONTENT="sich" WC="0.98" CC="0307"/>
						<SP ID="P97_SP00045" HPOS="1305" VPOS="1104" WIDTH="51"/>
						<String ID="P97_ST00052" HPOS="1356" VPOS="1028" WIDTH="405" HEIGHT="63" CONTENT="unbeobachtet" WC="1.00" CC="000600307003"/>
						<SP ID="P97_SP00046" HPOS="1761" VPOS="1104" WIDTH="46"/>
						<String ID="P97_ST00053" HPOS="1807" VPOS="1032" WIDTH="246" HEIGHT="76" CONTENT="glaubte," WC="0.99" CC="07000304"/>
						<SP ID="P97_SP00047" HPOS="2053" VPOS="1108" WIDTH="43"/>
						<String ID="P97_ST00054" HPOS="2096" VPOS="1032" WIDTH="150" HEIGHT="61" CONTENT="rasch" WC="0.97" CC="50097"/>
						<SP ID="P97_SP00048" HPOS="2246" VPOS="1108" WIDTH="52"/>
						<String ID="P97_ST00055" HPOS="2298" VPOS="1042" WIDTH="84" HEIGHT="51" CONTENT="ins" WC="0.97" CC="620"/>
						<SP ID="P97_SP00049" HPOS="2382" VPOS="1108" WIDTH="42"/>
						<String ID="P97_ST00056" HPOS="2424" VPOS="1034" WIDTH="169" HEIGHT="61" CONTENT="Haus" WC="0.98" CC="0560"/>
					</TextLine>
					<TextLine ID="P97_TL00008" HPOS="345" VPOS="1119" WIDTH="2245" HEIGHT="87">
						<String ID="P97_ST00057" HPOS="345" VPOS="1131" WIDTH="123" HEIGHT="75" CONTENT="bog-" WC="0.96" CC="0594"/>
						<SP ID="P97_SP00050" HPOS="468" VPOS="1206" WIDTH="41"/>
						<String ID="P97_ST00058" HPOS="509" VPOS="1126" WIDTH="82" HEIGHT="61" CONTENT="Ich" WC="0.96" CC="207"/>
						<SP ID="P97_SP00051" HPOS="591" VPOS="1206" WIDTH="41"/>
						<String ID="P97_ST00059" HPOS="632" VPOS="1133" WIDTH="131" HEIGHT="69" CONTENT="ging" WC="0.98" CC="0009"/>
						<SP ID="P97_SP00052" HPOS="763" VPOS="1206" WIDTH="42"/>
						<String ID="P97_ST00060" HPOS="805" VPOS="1122" WIDTH="113" HEIGHT="59" CONTENT="ihm" WC="0.97" CC="260"/>
						<SP ID="P97_SP00053" HPOS="918" VPOS="1206" WIDTH="42"/>
						<String ID="P97_ST00061" HPOS="960" VPOS="1119" WIDTH="181" HEIGHT="62" CONTENT="sofort" WC="0.98" CC="300545"/>
						<SP ID="P97_SP00054" HPOS="1141" VPOS="1206" WIDTH="42"/>
						<String ID="P97_ST00062" HPOS="1183" VPOS="1122" WIDTH="134" HEIGHT="59" CONTENT="nach" WC="0.99" CC="0400"/>
						<SP ID="P97_SP00055" HPOS="1317" VPOS="1206" WIDTH="42"/>
						<String ID="P97_ST00063" HPOS="1359" VPOS="1123" WIDTH="116" HEIGHT="60" CONTENT="und" WC="1.00" CC="000"/>
						<SP ID="P97_SP00056" HPOS="1475" VPOS="1206" WIDTH="41"/>
						<String ID="P97_ST00064" HPOS="1516" VPOS="1140" WIDTH="81" HEIGHT="44" CONTENT="tat" WC="0.98" CC="103"/>
						<SP ID="P97_SP00057" HPOS="1597" VPOS="1206" WIDTH="32"/>
						<String ID="P97_ST00065" HPOS="1629" VPOS="1148" WIDTH="84" HEIGHT="47" CONTENT="so," WC="0.97" CC="024"/>
						<SP ID="P97_SP00058" HPOS="1713" VPOS="1206" WIDTH="37"/>
						<String ID="P97_ST00066" HPOS="1750" VPOS="1126" WIDTH="78" HEIGHT="59" CONTENT="als" WC="0.97" CC="060"/>
						<SP ID="P97_SP00059" HPOS="1828" VPOS="1206" WIDTH="33"/>
						<String ID="P97_ST00067" HPOS="1861" VPOS="1127" WIDTH="167" HEIGHT="61" CONTENT="wolle" WC="0.97" CC="00676"/>
						<SP ID="P97_SP00060" HPOS="2028" VPOS="1206" WIDTH="34"/>
						<String ID="P97_ST00068" HPOS="2062" VPOS="1127" WIDTH="74" HEIGHT="60" CONTENT="ich" WC="1.00" CC="000"/>
						<SP ID="P97_SP00061" HPOS="2136" VPOS="1206" WIDTH="35"/>
						<String ID="P97_ST00069" HPOS="2171" VPOS="1127" WIDTH="94" HEIGHT="61" CONTENT="Sie" WC="0.97" CC="240"/>
						<SP ID="P97_SP00062" HPOS="2265" VPOS="1206" WIDTH="33"/>
						<String ID="P97_ST00070" HPOS="2298" VPOS="1127" WIDTH="292" HEIGHT="74" CONTENT="besuchen," WC="0.99" CC="700000044"/>
					</TextLine>
					<TextLine ID="P97_TL00009" HPOS="438" VPOS="1214" WIDTH="2154" HEIGHT="80">
						<String ID="P97_ST00071" HPOS="438" VPOS="1220" WIDTH="100" HEIGHT="61" CONTENT="das" WC="1.00" CC="000"/>
						<SP ID="P97_SP00063" HPOS="538" VPOS="1281" WIDTH="42"/>
						<String ID="P97_ST00072" HPOS="580" VPOS="1217" WIDTH="165" HEIGHT="70" CONTENT="heißt," WC="0.99" CC="006014"/>
						<SP ID="P97_SP00064" HPOS="745" VPOS="1287" WIDTH="42"/>
						<String ID="P97_ST00073" HPOS="787" VPOS="1214" WIDTH="77" HEIGHT="61" CONTENT="ich" WC="0.97" CC="600"/>
						<SP ID="P97_SP00065" HPOS="864" VPOS="1287" WIDTH="35"/>
						<String ID="P97_ST00074" HPOS="899" VPOS="1214" WIDTH="208" HEIGHT="78" CONTENT="klopfte" WC="0.99" CC="0740116"/>
						<SP ID="P97_SP00066" HPOS="1107" VPOS="1292" WIDTH="39"/>
						<String ID="P97_ST00075" HPOS="1146" VPOS="1214" WIDTH="91" HEIGHT="61" CONTENT="bei" WC="0.95" CC="760"/>
						<SP ID="P97_SP00067" HPOS="1237" VPOS="1292" WIDTH="33"/>
						<String ID="P97_ST00076" HPOS="1270" VPOS="1214" WIDTH="171" HEIGHT="61" CONTENT="Ihnen" WC="0.98" CC="57000"/>
						<SP ID="P97_SP00068" HPOS="1441" VPOS="1292" WIDTH="43"/>
						<String ID="P97_ST00077" HPOS="1484" VPOS="1240" WIDTH="90" HEIGHT="48" CONTENT="an," WC="0.95" CC="624"/>
						<SP ID="P97_SP00069" HPOS="1574" VPOS="1292" WIDTH="42"/>
						<String ID="P97_ST00078" HPOS="1616" VPOS="1217" WIDTH="118" HEIGHT="61" CONTENT="und" WC="0.99" CC="010"/>
						<SP ID="P97_SP00070" HPOS="1734" VPOS="1292" WIDTH="41"/>
						<String ID="P97_ST00079" HPOS="1775" VPOS="1218" WIDTH="163" HEIGHT="61" CONTENT="dabei" WC="0.98" CC="04703"/>
						<SP ID="P97_SP00071" HPOS="1938" VPOS="1292" WIDTH="34"/>
						<String ID="P97_ST00080" HPOS="1972" VPOS="1220" WIDTH="345" HEIGHT="61" CONTENT="überraschte" WC="0.99" CC="00664209754"/>
						<SP ID="P97_SP00072" HPOS="2317" VPOS="1292" WIDTH="44"/>
						<String ID="P97_ST00081" HPOS="2361" VPOS="1222" WIDTH="74" HEIGHT="59" CONTENT="ich" WC="0.96" CC="090"/>
						<SP ID="P97_SP00073" HPOS="2435" VPOS="1292" WIDTH="42"/>
						<String ID="P97_ST00082" HPOS="2477" VPOS="1222" WIDTH="115" HEIGHT="72" CONTENT="ihn," WC="0.96" CC="6634"/>
					</TextLine>
					<TextLine ID="P97_TL00010" HPOS="346" VPOS="1310" WIDTH="2244" HEIGHT="67">
						<String ID="P97_ST00083" HPOS="346" VPOS="1325" WIDTH="106" HEIGHT="52" CONTENT="wie" WC="0.99" CC="020"/>
						<SP ID="P97_SP00074" HPOS="452" VPOS="1377" WIDTH="56"/>
						<String ID="P97_ST00084" HPOS="508" VPOS="1338" WIDTH="58" HEIGHT="37" CONTENT="er" WC="0.65" CC="06"/>
						<SP ID="P97_SP00075" HPOS="566" VPOS="1377" WIDTH="56"/>
						<String ID="P97_ST00085" HPOS="622" VPOS="1310" WIDTH="251" HEIGHT="62" CONTENT="draußen" WC="1.00" CC="0000000"/>
						<SP ID="P97_SP00076" HPOS="873" VPOS="1377" WIDTH="68"/>
						<String ID="P97_ST00086" HPOS="941" VPOS="1334" WIDTH="73" HEIGHT="37" CONTENT="an" WC="0.75" CC="40"/>
						<SP ID="P97_SP00077" HPOS="1014" VPOS="1377" WIDTH="69"/>
						<String ID="P97_ST00087" HPOS="1083" VPOS="1310" WIDTH="99" HEIGHT="59" CONTENT="der" WC="0.96" CC="046"/>
						<SP ID="P97_SP00078" HPOS="1182" VPOS="1377" WIDTH="57"/>
						<String ID="P97_ST00088" HPOS="1239" VPOS="1319" WIDTH="249" HEIGHT="52" CONTENT="eisernen" WC="1.00" CC="00004000"/>
						<SP ID="P97_SP00079" HPOS="1488" VPOS="1377" WIDTH="57"/>
						<String ID="P97_ST00089" HPOS="1545" VPOS="1311" WIDTH="322" HEIGHT="62" CONTENT="Bodentüre" WC="0.99" CC="020034066"/>
						<SP ID="P97_SP00080" HPOS="1867" VPOS="1377" WIDTH="58"/>
						<String ID="P97_ST00090" HPOS="1925" VPOS="1322" WIDTH="96" HEIGHT="53" CONTENT="mit" WC="0.97" CC="034"/>
						<SP ID="P97_SP00081" HPOS="2021" VPOS="1377" WIDTH="58"/>
						<String ID="P97_ST00091" HPOS="2079" VPOS="1324" WIDTH="180" HEIGHT="52" CONTENT="einem" WC="0.99" CC="60000"/>
						<SP ID="P97_SP00082" HPOS="2259" VPOS="1377" WIDTH="57"/>
						<String ID="P97_ST00092" HPOS="2316" VPOS="1315" WIDTH="274" HEIGHT="62" CONTENT="Schlüssel" WC="1.00" CC="500700000"/>
					</TextLine>
					<TextLine ID="P97_TL00011" HPOS="348" VPOS="1402" WIDTH="2240" HEIGHT="80">
						<String ID="P97_ST00093" HPOS="348" VPOS="1406" WIDTH="480" HEIGHT="65" CONTENT="herumhantierte." WC="0.99" CC="066600060576264"/>
						<SP ID="P97_SP00083" HPOS="828" VPOS="1471" WIDTH="53"/>
						<String ID="P97_ST00094" HPOS="881" VPOS="1402" WIDTH="296" HEIGHT="63" CONTENT="Natürlich" WC="0.99" CC="046066100"/>
						<SP ID="P97_SP00084" HPOS="1177" VPOS="1471" WIDTH="48"/>
						<String ID="P97_ST00095" HPOS="1225" VPOS="1404" WIDTH="111" HEIGHT="76" CONTENT="gab" WC="0.97" CC="007"/>
						<SP ID="P97_SP00085" HPOS="1336" VPOS="1480" WIDTH="50"/>
						<String ID="P97_ST00096" HPOS="1386" VPOS="1427" WIDTH="59" HEIGHT="36" CONTENT="er" WC="0.56" CC="52"/>
						<SP ID="P97_SP00086" HPOS="1445" VPOS="1480" WIDTH="49"/>
						<String ID="P97_ST00097" HPOS="1494" VPOS="1428" WIDTH="59" HEIGHT="37" CONTENT="es" WC="0.83" CC="30"/>
						<SP ID="P97_SP00087" HPOS="1553" VPOS="1480" WIDTH="52"/>
						<String ID="P97_ST00098" HPOS="1605" VPOS="1406" WIDTH="413" HEIGHT="76" CONTENT="augenblicklich" WC="0.99" CC="75000066077007"/>
						<SP ID="P97_SP00088" HPOS="2018" VPOS="1482" WIDTH="43"/>
						<String ID="P97_ST00099" HPOS="2061" VPOS="1408" WIDTH="105" HEIGHT="60" CONTENT="auf" WC="0.94" CC="564"/>
						<SP ID="P97_SP00089" HPOS="2166" VPOS="1482" WIDTH="33"/>
						<String ID="P97_ST00100" HPOS="2199" VPOS="1409" WIDTH="80" HEIGHT="59" CONTENT="als" WC="0.97" CC="070"/>
						<SP ID="P97_SP00090" HPOS="2279" VPOS="1482" WIDTH="43"/>
						<String ID="P97_ST00101" HPOS="2322" VPOS="1410" WIDTH="75" HEIGHT="60" CONTENT="ich" WC="1.00" CC="000"/>
						<SP ID="P97_SP00091" HPOS="2397" VPOS="1482" WIDTH="44"/>
						<String ID="P97_ST00102" HPOS="2441" VPOS="1410" WIDTH="147" HEIGHT="71" CONTENT="kam," WC="0.99" CC="0004"/>
					</TextLine>
					<TextLine ID="P97_TL00012" HPOS="348" VPOS="1496" WIDTH="2241" HEIGHT="82">
						<String ID="P97_ST00103" HPOS="348" VPOS="1503" WIDTH="114" HEIGHT="61" CONTENT="und" WC="1.00" CC="000"/>
						<SP ID="P97_SP00092" HPOS="462" VPOS="1564" WIDTH="39"/>
						<String ID="P97_ST00104" HPOS="501" VPOS="1500" WIDTH="203" HEIGHT="78" CONTENT="klopfte" WC="0.99" CC="0730000"/>
						<SP ID="P97_SP00093" HPOS="704" VPOS="1578" WIDTH="44"/>
						<String ID="P97_ST00105" HPOS="748" VPOS="1496" WIDTH="269" HEIGHT="63" CONTENT="ebenfalls" WC="0.99" CC="070060600"/>
						<SP ID="P97_SP00094" HPOS="1017" VPOS="1578" WIDTH="42"/>
						<String ID="P97_ST00106" HPOS="1059" VPOS="1521" WIDTH="132" HEIGHT="38" CONTENT="zum" WC="0.95" CC="770"/>
						<SP ID="P97_SP00095" HPOS="1191" VPOS="1578" WIDTH="42"/>
						<String ID="P97_ST00107" HPOS="1233" VPOS="1496" WIDTH="193" HEIGHT="63" CONTENT="Schein" WC="0.98" CC="507603"/>
						<SP ID="P97_SP00096" HPOS="1426" VPOS="1578" WIDTH="37"/>
						<String ID="P97_ST00108" HPOS="1463" VPOS="1498" WIDTH="89" HEIGHT="61" CONTENT="bei" WC="0.96" CC="702"/>
						<SP ID="P97_SP00097" HPOS="1552" VPOS="1578" WIDTH="41"/>
						<String ID="P97_ST00109" HPOS="1593" VPOS="1499" WIDTH="172" HEIGHT="61" CONTENT="Ihnen" WC="0.98" CC="47301"/>
						<SP ID="P97_SP00098" HPOS="1765" VPOS="1578" WIDTH="37"/>
						<String ID="P97_ST00110" HPOS="1802" VPOS="1524" WIDTH="86" HEIGHT="37" CONTENT="an." WC="0.98" CC="023"/>
						<SP ID="P97_SP00099" HPOS="1888" VPOS="1578" WIDTH="119"/>
						<String ID="P97_ST00111" HPOS="2007" VPOS="1500" WIDTH="94" HEIGHT="62" CONTENT="Sie" WC="0.94" CC="655"/>
						<SP ID="P97_SP00100" HPOS="2101" VPOS="1578" WIDTH="42"/>
						<String ID="P97_ST00112" HPOS="2143" VPOS="1503" WIDTH="249" HEIGHT="61" CONTENT="schienen" WC="1.00" CC="00041003"/>
						<SP ID="P97_SP00101" HPOS="2392" VPOS="1578" WIDTH="43"/>
						<String ID="P97_ST00113" HPOS="2435" VPOS="1504" WIDTH="154" HEIGHT="61" CONTENT="übri*" WC="0.65" CC="07504"/>
					</TextLine>
					<TextLine ID="P97_TL00013" HPOS="348" VPOS="1592" WIDTH="2121" HEIGHT="82">
						<String ID="P97_ST00114" HPOS="348" VPOS="1620" WIDTH="132" HEIGHT="54" CONTENT="gens" WC="0.75" CC="0900"/>
						<SP ID="P97_SP00102" HPOS="480" VPOS="1674" WIDTH="42"/>
						<String ID="P97_ST00115" HPOS="522" VPOS="1594" WIDTH="138" HEIGHT="60" CONTENT="nicht" WC="0.95" CC="65973"/>
						<SP ID="P97_SP00103" HPOS="660" VPOS="1674" WIDTH="39"/>
						<String ID="P97_ST00116" HPOS="699" VPOS="1617" WIDTH="74" HEIGHT="36" CONTENT="zu" WC="0.65" CC="70"/>
						<SP ID="P97_SP00104" HPOS="773" VPOS="1674" WIDTH="41"/>
						<String ID="P97_ST00117" HPOS="814" VPOS="1592" WIDTH="204" HEIGHT="59" CONTENT="Hause" WC="0.98" CC="60500"/>
						<SP ID="P97_SP00105" HPOS="1018" VPOS="1674" WIDTH="41"/>
						<String ID="P97_ST00118" HPOS="1059" VPOS="1615" WIDTH="263" HEIGHT="53" CONTENT="gewesen" WC="1.00" CC="0000000"/>
						<SP ID="P97_SP00106" HPOS="1322" VPOS="1674" WIDTH="43"/>
						<String ID="P97_ST00119" HPOS="1365" VPOS="1616" WIDTH="72" HEIGHT="35" CONTENT="zu" WC="0.59" CC="61"/>
						<SP ID="P97_SP00107" HPOS="1437" VPOS="1674" WIDTH="41"/>
						<String ID="P97_ST00120" HPOS="1478" VPOS="1601" WIDTH="137" HEIGHT="62" CONTENT="sein," WC="0.98" CC="07004"/>
						<SP ID="P97_SP00108" HPOS="1615" VPOS="1674" WIDTH="43"/>
						<String ID="P97_ST00121" HPOS="1658" VPOS="1593" WIDTH="145" HEIGHT="60" CONTENT="denn" WC="0.98" CC="0063"/>
						<SP ID="P97_SP00109" HPOS="1803" VPOS="1674" WIDTH="44"/>
						<String ID="P97_ST00122" HPOS="1847" VPOS="1617" WIDTH="60" HEIGHT="37" CONTENT="es" WC="1.00" CC="00"/>
						<SP ID="P97_SP00110" HPOS="1907" VPOS="1674" WIDTH="41"/>
						<String ID="P97_ST00123" HPOS="1948" VPOS="1595" WIDTH="208" HEIGHT="61" CONTENT="öffnete" WC="0.99" CC="4000470"/>
						<SP ID="P97_SP00111" HPOS="2156" VPOS="1674" WIDTH="34"/>
						<String ID="P97_ST00124" HPOS="2190" VPOS="1598" WIDTH="279" HEIGHT="60" CONTENT="niemand." WC="0.99" CC="11004004"/>
					</TextLine>
					<TextLine ID="P97_TL00014" HPOS="423" VPOS="1684" WIDTH="2167" HEIGHT="83">
						<String ID="P97_ST00125" HPOS="423" VPOS="1689" WIDTH="109" HEIGHT="60" CONTENT="Als" WC="0.95" CC="660"/>
						<SP ID="P97_SP00112" HPOS="532" VPOS="1749" WIDTH="40"/>
						<String ID="P97_ST00126" HPOS="572" VPOS="1687" WIDTH="78" HEIGHT="61" CONTENT="ich" WC="0.98" CC="600"/>
						<SP ID="P97_SP00113" HPOS="650" VPOS="1749" WIDTH="41"/>
						<String ID="P97_ST00127" HPOS="691" VPOS="1686" WIDTH="135" HEIGHT="61" CONTENT="mich" WC="1.00" CC="0200"/>
						<SP ID="P97_SP00114" HPOS="826" VPOS="1749" WIDTH="44"/>
						<String ID="P97_ST00128" HPOS="870" VPOS="1686" WIDTH="152" HEIGHT="59" CONTENT="dann" WC="0.99" CC="0300"/>
						<SP ID="P97_SP00115" HPOS="1022" VPOS="1749" WIDTH="42"/>
						<String ID="P97_ST00129" HPOS="1064" VPOS="1684" WIDTH="295" HEIGHT="78" CONTENT="vorsichtig" WC="0.99" CC="0360600430"/>
						<SP ID="P97_SP00116" HPOS="1359" VPOS="1762" WIDTH="40"/>
						<String ID="P97_ST00130" HPOS="1399" VPOS="1693" WIDTH="54" HEIGHT="52" CONTENT="in" WC="0.38" CC="56"/>
						<SP ID="P97_SP00117" HPOS="1453" VPOS="1762" WIDTH="43"/>
						<String ID="P97_ST00131" HPOS="1496" VPOS="1687" WIDTH="97" HEIGHT="58" CONTENT="der" WC="0.98" CC="006"/>
						<SP ID="P97_SP00118" HPOS="1593" VPOS="1762" WIDTH="41"/>
						<String ID="P97_ST00132" HPOS="1634" VPOS="1686" WIDTH="325" HEIGHT="75" CONTENT="Judenstadt" WC="0.99" CC="4505001002"/>
						<SP ID="P97_SP00119" HPOS="1959" VPOS="1762" WIDTH="51"/>
						<String ID="P97_ST00133" HPOS="2010" VPOS="1689" WIDTH="338" HEIGHT="78" CONTENT="erkundigte," WC="0.99" CC="66050000340"/>
						<SP ID="P97_SP00120" HPOS="2348" VPOS="1767" WIDTH="52"/>
						<String ID="P97_ST00134" HPOS="2400" VPOS="1689" WIDTH="190" HEIGHT="63" CONTENT="erfuhr" WC="0.98" CC="064706"/>
					</TextLine>
					<TextLine ID="P97_TL00015" HPOS="349" VPOS="1778" WIDTH="2238" HEIGHT="79">
						<String ID="P97_ST00135" HPOS="349" VPOS="1783" WIDTH="93" HEIGHT="72" CONTENT="ich," WC="0.98" CC="4004"/>
						<SP ID="P97_SP00121" HPOS="442" VPOS="1855" WIDTH="48"/>
						<String ID="P97_ST00136" HPOS="490" VPOS="1781" WIDTH="108" HEIGHT="61" CONTENT="daß" WC="1.00" CC="000"/>
						<SP ID="P97_SP00122" HPOS="598" VPOS="1855" WIDTH="39"/>
						<String ID="P97_ST00137" HPOS="637" VPOS="1780" WIDTH="245" HEIGHT="77" CONTENT="jemand," WC="0.99" CC="7000004"/>
						<SP ID="P97_SP00123" HPOS="882" VPOS="1857" WIDTH="52"/>
						<String ID="P97_ST00138" HPOS="934" VPOS="1778" WIDTH="99" HEIGHT="63" CONTENT="der" WC="0.98" CC="060"/>
						<SP ID="P97_SP00124" HPOS="1033" VPOS="1857" WIDTH="50"/>
						<String ID="P97_ST00139" HPOS="1083" VPOS="1778" WIDTH="135" HEIGHT="61" CONTENT="nach" WC="1.00" CC="0000"/>
						<SP ID="P97_SP00125" HPOS="1218" VPOS="1857" WIDTH="55"/>
						<String ID="P97_ST00140" HPOS="1273" VPOS="1780" WIDTH="108" HEIGHT="59" CONTENT="den" WC="0.98" CC="050"/>
						<SP ID="P97_SP00126" HPOS="1381" VPOS="1857" WIDTH="54"/>
						<String ID="P97_ST00141" HPOS="1435" VPOS="1778" WIDTH="425" HEIGHT="79" CONTENT="Schilderungen" WC="0.99" CC="3003704675060"/>
						<SP ID="P97_SP00127" HPOS="1860" VPOS="1857" WIDTH="43"/>
						<String ID="P97_ST00142" HPOS="1903" VPOS="1805" WIDTH="104" HEIGHT="37" CONTENT="nur" WC="0.96" CC="055"/>
						<SP ID="P97_SP00128" HPOS="2007" VPOS="1857" WIDTH="47"/>
						<String ID="P97_ST00143" HPOS="2054" VPOS="1783" WIDTH="102" HEIGHT="61" CONTENT="Dr," WC="0.95" CC="001"/>
						<SP ID="P97_SP00129" HPOS="2156" VPOS="1857" WIDTH="46"/>
						<String ID="P97_ST00144" HPOS="2202" VPOS="1783" WIDTH="214" HEIGHT="61" CONTENT="Savioli" WC="0.83" CC="1002304"/>
						<SP ID="P97_SP00130" HPOS="2416" VPOS="1857" WIDTH="50"/>
						<String ID="P97_ST00145" HPOS="2466" VPOS="1794" WIDTH="121" HEIGHT="52" CONTENT="sein" WC="0.98" CC="0006"/>
					</TextLine>
					<TextLine ID="P97_TL00016" HPOS="351" VPOS="1872" WIDTH="2237" HEIGHT="79">
						<String ID="P97_ST00146" HPOS="351" VPOS="1876" WIDTH="219" HEIGHT="70" CONTENT="konnte," WC="0.99" CC="0300404"/>
						<SP ID="P97_SP00131" HPOS="570" VPOS="1946" WIDTH="44"/>
						<String ID="P97_ST00147" HPOS="614" VPOS="1875" WIDTH="116" HEIGHT="60" CONTENT="hier" WC="0.98" CC="0064"/>
						<SP ID="P97_SP00132" HPOS="730" VPOS="1946" WIDTH="43"/>
						<String ID="P97_ST00148" HPOS="773" VPOS="1874" WIDTH="244" HEIGHT="59" CONTENT="heimlich" WC="1.00" CC="06000300"/>
						<SP ID="P97_SP00133" HPOS="1017" VPOS="1946" WIDTH="43"/>
						<String ID="P97_ST00149" HPOS="1060" VPOS="1881" WIDTH="86" HEIGHT="52" CONTENT="ein" WC="0.99" CC="002"/>
						<SP ID="P97_SP00134" HPOS="1146" VPOS="1946" WIDTH="45"/>
						<String ID="P97_ST00150" HPOS="1191" VPOS="1872" WIDTH="523" HEIGHT="79" CONTENT="Absteigequartier" WC="0.99" CC="5700630036460605"/>
						<SP ID="P97_SP00135" HPOS="1714" VPOS="1951" WIDTH="39"/>
						<String ID="P97_ST00151" HPOS="1753" VPOS="1875" WIDTH="220" HEIGHT="61" CONTENT="besäße," WC="1.00" CC="0000043"/>
						<SP ID="P97_SP00136" HPOS="1973" VPOS="1951" WIDTH="120"/>
						<String ID="P97_ST00152" HPOS="2093" VPOS="1876" WIDTH="97" HEIGHT="60" CONTENT="Da" WC="1.00" CC="00"/>
						<SP ID="P97_SP00137" HPOS="2190" VPOS="1951" WIDTH="40"/>
						<String ID="P97_ST00153" HPOS="2230" VPOS="1877" WIDTH="98" HEIGHT="60" CONTENT="Dr," WC="0.70" CC="143"/>
						<SP ID="P97_SP00138" HPOS="2328" VPOS="1951" WIDTH="44"/>
						<String ID="P97_ST00154" HPOS="2372" VPOS="1877" WIDTH="216" HEIGHT="63" CONTENT="Savioli" WC="0.68" CC="0204473"/>
					</TextLine>
					<TextLine ID="P97_TL00017" HPOS="354" VPOS="1966" WIDTH="1746" HEIGHT="80">
						<String ID="P97_ST00155" HPOS="354" VPOS="1969" WIDTH="201" HEIGHT="62" CONTENT="schwer" WC="0.98" CC="007017"/>
						<SP ID="P97_SP00139" HPOS="555" VPOS="2031" WIDTH="40"/>
						<String ID="P97_ST00156" HPOS="595" VPOS="1968" WIDTH="174" HEIGHT="61" CONTENT="krank" WC="0.98" CC="04700"/>
						<SP ID="P97_SP00140" HPOS="769" VPOS="2031" WIDTH="41"/>
						<String ID="P97_ST00157" HPOS="810" VPOS="1968" WIDTH="146" HEIGHT="77" CONTENT="liegt," WC="0.98" CC="640044"/>
						<SP ID="P97_SP00141" HPOS="956" VPOS="2045" WIDTH="43"/>
						<String ID="P97_ST00158" HPOS="999" VPOS="1975" WIDTH="193" HEIGHT="52" CONTENT="reimte" WC="0.99" CC="404030"/>
						<SP ID="P97_SP00142" HPOS="1192" VPOS="2045" WIDTH="41"/>
						<String ID="P97_ST00159" HPOS="1233" VPOS="1966" WIDTH="76" HEIGHT="61" CONTENT="ich" WC="0.98" CC="400"/>
						<SP ID="P97_SP00143" HPOS="1309" VPOS="2045" WIDTH="42"/>
						<String ID="P97_ST00160" HPOS="1351" VPOS="1975" WIDTH="103" HEIGHT="52" CONTENT="mir" WC="0.98" CC="006"/>
						<SP ID="P97_SP00144" HPOS="1454" VPOS="2045" WIDTH="42"/>
						<String ID="P97_ST00161" HPOS="1496" VPOS="1968" WIDTH="101" HEIGHT="61" CONTENT="das" WC="1.00" CC="000"/>
						<SP ID="P97_SP00145" HPOS="1597" VPOS="2045" WIDTH="42"/>
						<String ID="P97_ST00162" HPOS="1639" VPOS="1968" WIDTH="192" HEIGHT="78" CONTENT="übrige" WC="0.97" CC="076096"/>
						<SP ID="P97_SP00146" HPOS="1831" VPOS="2046" WIDTH="39"/>
						<String ID="P97_ST00163" HPOS="1870" VPOS="1969" WIDTH="230" HEIGHT="61" CONTENT="zurecht," WC="0.99" CC="60500733"/>
					</TextLine>
					<TextLine ID="P97_TL00018" HPOS="426" VPOS="2060" WIDTH="2161" HEIGHT="65">
						<String ID="P97_ST00164" HPOS="426" VPOS="2063" WIDTH="182" HEIGHT="61" CONTENT="Sehen" WC="0.98" CC="66032"/>
						<SP ID="P97_SP00147" HPOS="608" VPOS="2124" WIDTH="46"/>
						<String ID="P97_ST00165" HPOS="654" VPOS="2062" WIDTH="115" HEIGHT="61" CONTENT="Sie:" WC="0.99" CC="0302"/>
						<SP ID="P97_SP00148" HPOS="769" VPOS="2124" WIDTH="54"/>
						<String ID="P97_ST00166" HPOS="823" VPOS="2062" WIDTH="118" HEIGHT="59" CONTENT="und" WC="0.99" CC="030"/>
						<SP ID="P97_SP00149" HPOS="941" VPOS="2124" WIDTH="42"/>
						<String ID="P97_ST00167" HPOS="983" VPOS="2062" WIDTH="101" HEIGHT="61" CONTENT="das" WC="1.00" CC="000"/>
						<SP ID="P97_SP00150" HPOS="1084" VPOS="2124" WIDTH="43"/>
						<String ID="P97_ST00168" HPOS="1127" VPOS="2060" WIDTH="75" HEIGHT="61" CONTENT="da" WC="0.90" CC="01"/>
						<SP ID="P97_SP00151" HPOS="1202" VPOS="2124" WIDTH="41"/>
						<String ID="P97_ST00169" HPOS="1243" VPOS="2060" WIDTH="146" HEIGHT="61" CONTENT="habe" WC="0.98" CC="0470"/>
						<SP ID="P97_SP00152" HPOS="1389" VPOS="2124" WIDTH="41"/>
						<String ID="P97_ST00170" HPOS="1430" VPOS="2062" WIDTH="76" HEIGHT="59" CONTENT="ich" WC="0.97" CC="107"/>
						<SP ID="P97_SP00153" HPOS="1506" VPOS="2124" WIDTH="44"/>
						<String ID="P97_ST00171" HPOS="1550" VPOS="2086" WIDTH="103" HEIGHT="37" CONTENT="aus" WC="1.00" CC="000"/>
						<SP ID="P97_SP00154" HPOS="1653" VPOS="2124" WIDTH="42"/>
						<String ID="P97_ST00172" HPOS="1695" VPOS="2062" WIDTH="107" HEIGHT="61" CONTENT="den" WC="1.00" CC="000"/>
						<SP ID="P97_SP00155" HPOS="1802" VPOS="2124" WIDTH="43"/>
						<String ID="P97_ST00173" HPOS="1845" VPOS="2062" WIDTH="344" HEIGHT="62" CONTENT="Schubladen" WC="1.00" CC="0000760000"/>
						<SP ID="P97_SP00156" HPOS="2189" VPOS="2124" WIDTH="39"/>
						<String ID="P97_ST00174" HPOS="2228" VPOS="2088" WIDTH="359" HEIGHT="37" CONTENT="zusammen*" WC="0.99" CC="730000034"/>
					</TextLine>
					<TextLine ID="P97_TL00019" HPOS="353" VPOS="2154" WIDTH="2234" HEIGHT="79">
						<String ID="P97_ST00175" HPOS="353" VPOS="2157" WIDTH="232" HEIGHT="76" CONTENT="gesucht," WC="0.99" CC="06060724"/>
						<SP ID="P97_SP00157" HPOS="585" VPOS="2233" WIDTH="59"/>
						<String ID="P97_ST00176" HPOS="644" VPOS="2181" WIDTH="97" HEIGHT="36" CONTENT="um" WC="0.70" CC="50"/>
						<SP ID="P97_SP00158" HPOS="741" VPOS="2233" WIDTH="56"/>
						<String ID="P97_ST00177" HPOS="797" VPOS="2156" WIDTH="395" HEIGHT="62" CONTENT="Wassertrum" WC="0.99" CC="9200063550"/>
						<SP ID="P97_SP00159" HPOS="1192" VPOS="2233" WIDTH="66"/>
						<String ID="P97_ST00178" HPOS="1258" VPOS="2154" WIDTH="89" HEIGHT="61" CONTENT="für" WC="0.96" CC="605"/>
						<SP ID="P97_SP00160" HPOS="1347" VPOS="2233" WIDTH="56"/>
						<String ID="P97_ST00179" HPOS="1403" VPOS="2156" WIDTH="104" HEIGHT="61" CONTENT="alle" WC="0.95" CC="4773"/>
						<SP ID="P97_SP00161" HPOS="1507" VPOS="2233" WIDTH="57"/>
						<String ID="P97_ST00180" HPOS="1564" VPOS="2157" WIDTH="160" HEIGHT="60" CONTENT="Fälle" WC="0.97" CC="30766"/>
						<SP ID="P97_SP00162" HPOS="1724" VPOS="2233" WIDTH="55"/>
						<String ID="P97_ST00181" HPOS="1779" VPOS="2157" WIDTH="569" HEIGHT="73" CONTENT="zuvorzukommen«," WC="1.00" CC="640046400004204"/>
						<SP ID="P97_SP00163" HPOS="2348" VPOS="2233" WIDTH="58"/>
						<String ID="P97_ST00182" HPOS="2406" VPOS="2159" WIDTH="181" HEIGHT="63" CONTENT="schloß" WC="0.99" CC="000610"/>
					</TextLine>
					<TextLine ID="P97_TL00020" HPOS="355" VPOS="2248" WIDTH="2233" HEIGHT="75">
						<String ID="P97_ST00183" HPOS="355" VPOS="2250" WIDTH="334" HEIGHT="60" CONTENT="Charousek" WC="0.80" CC="002520050"/>
						<SP ID="P97_SP00164" HPOS="689" VPOS="2310" WIDTH="35"/>
						<String ID="P97_ST00184" HPOS="724" VPOS="2250" WIDTH="119" HEIGHT="60" CONTENT="und" WC="1.00" CC="000"/>
						<SP ID="P97_SP00165" HPOS="843" VPOS="2310" WIDTH="33"/>
						<String ID="P97_ST00185" HPOS="876" VPOS="2250" WIDTH="227" HEIGHT="60" CONTENT="deutete" WC="1.00" CC="0003010"/>
						<SP ID="P97_SP00166" HPOS="1103" VPOS="2310" WIDTH="33"/>
						<String ID="P97_ST00186" HPOS="1136" VPOS="2248" WIDTH="107" HEIGHT="61" CONTENT="auf" WC="0.97" CC="303"/>
						<SP ID="P97_SP00167" HPOS="1243" VPOS="2310" WIDTH="25"/>
						<String ID="P97_ST00187" HPOS="1268" VPOS="2257" WIDTH="88" HEIGHT="53" CONTENT="ein" WC="0.96" CC="073"/>
						<SP ID="P97_SP00168" HPOS="1356" VPOS="2310" WIDTH="29"/>
						<String ID="P97_ST00188" HPOS="1385" VPOS="2250" WIDTH="172" HEIGHT="60" CONTENT="Paket" WC="0.99" CC="00004"/>
						<SP ID="P97_SP00169" HPOS="1557" VPOS="2310" WIDTH="25"/>
						<String ID="P97_ST00189" HPOS="1582" VPOS="2251" WIDTH="183" HEIGHT="61" CONTENT="Briefe" WC="0.98" CC="006066"/>
						<SP ID="P97_SP00170" HPOS="1765" VPOS="2312" WIDTH="27"/>
						<String ID="P97_ST00190" HPOS="1792" VPOS="2251" WIDTH="105" HEIGHT="59" CONTENT="auf" WC="0.97" CC="404"/>
						<SP ID="P97_SP00171" HPOS="1897" VPOS="2312" WIDTH="25"/>
						<String ID="P97_ST00191" HPOS="1922" VPOS="2251" WIDTH="126" HEIGHT="59" CONTENT="dem" WC="1.00" CC="000"/>
						<SP ID="P97_SP00172" HPOS="2048" VPOS="2312" WIDTH="27"/>
						<String ID="P97_ST00192" HPOS="2075" VPOS="2251" WIDTH="374" HEIGHT="72" CONTENT="Schreibtisch,-" WC="0.99" CC="30066070600044"/>
						<SP ID="P97_SP00173" HPOS="2449" VPOS="2323" WIDTH="44"/>
						<String ID="P97_ST00193" HPOS="2493" VPOS="2277" WIDTH="95" HEIGHT="37" CONTENT="»es" WC="0.99" CC="300"/>
					</TextLine>
					<TextLine ID="P97_TL00021" HPOS="354" VPOS="2342" WIDTH="2235" HEIGHT="73">
						<String ID="P97_ST00194" HPOS="354" VPOS="2350" WIDTH="66" HEIGHT="52" CONTENT="ist" WC="0.95" CC="605"/>
						<SP ID="P97_SP00174" HPOS="420" VPOS="2402" WIDTH="39"/>
						<String ID="P97_ST00195" HPOS="459" VPOS="2342" WIDTH="149" HEIGHT="73" CONTENT="alles," WC="0.98" CC="575004"/>
						<SP ID="P97_SP00175" HPOS="608" VPOS="2415" WIDTH="42"/>
						<String ID="P97_ST00196" HPOS="650" VPOS="2368" WIDTH="123" HEIGHT="38" CONTENT="was" WC="0.98" CC="040"/>
						<SP ID="P97_SP00176" HPOS="773" VPOS="2415" WIDTH="42"/>
						<String ID="P97_ST00197" HPOS="815" VPOS="2344" WIDTH="77" HEIGHT="60" CONTENT="ich" WC="0.98" CC="600"/>
						<SP ID="P97_SP00177" HPOS="892" VPOS="2415" WIDTH="36"/>
						<String ID="P97_ST00198" HPOS="928" VPOS="2368" WIDTH="74" HEIGHT="36" CONTENT="an" WC="0.56" CC="35"/>
						<SP ID="P97_SP00178" HPOS="1002" VPOS="2415" WIDTH="33"/>
						<String ID="P97_ST00199" HPOS="1035" VPOS="2344" WIDTH="418" HEIGHT="62" CONTENT="Schriftstücken" WC="1.00" CC="30055220400700"/>
						<SP ID="P97_SP00179" HPOS="1453" VPOS="2415" WIDTH="34"/>
						<String ID="P97_ST00200" HPOS="1487" VPOS="2345" WIDTH="185" HEIGHT="59" CONTENT="finden" WC="1.00" CC="000000"/>
						<SP ID="P97_SP00180" HPOS="1672" VPOS="2415" WIDTH="35"/>
						<String ID="P97_ST00201" HPOS="1707" VPOS="2345" WIDTH="219" HEIGHT="61" CONTENT="konnte." WC="0.99" CC="0130503"/>
						<SP ID="P97_SP00181" HPOS="1926" VPOS="2415" WIDTH="42"/>
						<String ID="P97_ST00202" HPOS="1968" VPOS="2345" WIDTH="330" HEIGHT="61" CONTENT="Hoffentlich" WC="0.99" CC="02110504107"/>
						<SP ID="P97_SP00182" HPOS="2298" VPOS="2415" WIDTH="35"/>
						<String ID="P97_ST00203" HPOS="2333" VPOS="2355" WIDTH="67" HEIGHT="52" CONTENT="ist" WC="0.96" CC="603"/>
						<SP ID="P97_SP00183" HPOS="2400" VPOS="2415" WIDTH="30"/>
						<String ID="P97_ST00204" HPOS="2430" VPOS="2364" WIDTH="159" HEIGHT="44" CONTENT="sonst" WC="0.99" CC="01005"/>
					</TextLine>
					<TextLine ID="P97_TL00022" HPOS="353" VPOS="2435" WIDTH="2235" HEIGHT="81">
						<String ID="P97_ST00205" HPOS="353" VPOS="2435" WIDTH="161" HEIGHT="62" CONTENT="nichts" WC="1.00" CC="050000"/>
						<SP ID="P97_SP00184" HPOS="514" VPOS="2497" WIDTH="50"/>
						<String ID="P97_ST00206" HPOS="564" VPOS="2437" WIDTH="154" HEIGHT="61" CONTENT="mehr" WC="0.99" CC="0006"/>
						<SP ID="P97_SP00185" HPOS="718" VPOS="2498" WIDTH="49"/>
						<String ID="P97_ST00207" HPOS="767" VPOS="2437" WIDTH="348" HEIGHT="61" CONTENT="vorhanden." WC="1.00" CC="0070000604"/>
						<SP ID="P97_SP00186" HPOS="1115" VPOS="2498" WIDTH="42"/>
						<String ID="P97_ST00208" HPOS="1157" VPOS="2437" WIDTH="369" HEIGHT="79" CONTENT="Wenigstens" WC="1.00" CC="0000006010"/>
						<SP ID="P97_SP00187" HPOS="1526" VPOS="2516" WIDTH="50"/>
						<String ID="P97_ST00209" HPOS="1576" VPOS="2437" WIDTH="144" HEIGHT="63" CONTENT="habe" WC="0.97" CC="0470"/>
						<SP ID="P97_SP00188" HPOS="1720" VPOS="2516" WIDTH="49"/>
						<String ID="P97_ST00210" HPOS="1769" VPOS="2439" WIDTH="76" HEIGHT="59" CONTENT="ich" WC="0.97" CC="007"/>
						<SP ID="P97_SP00189" HPOS="1845" VPOS="2516" WIDTH="51"/>
						<String ID="P97_ST00211" HPOS="1896" VPOS="2448" WIDTH="52" HEIGHT="50" CONTENT="in" WC="0.47" CC="63"/>
						<SP ID="P97_SP00190" HPOS="1948" VPOS="2516" WIDTH="51"/>
						<String ID="P97_ST00212" HPOS="1999" VPOS="2440" WIDTH="308" HEIGHT="60" CONTENT="sämtlichen" WC="0.99" CC="0000749020"/>
						<SP ID="P97_SP00191" HPOS="2307" VPOS="2516" WIDTH="50"/>
						<String ID="P97_ST00213" HPOS="2357" VPOS="2436" WIDTH="231" HEIGHT="65" CONTENT="Truhen" WC="0.98" CC="660650"/>
					</TextLine>
					<TextLine ID="P97_TL00023" HPOS="350" VPOS="2529" WIDTH="1997" HEIGHT="80">
						<String ID="P97_ST00214" HPOS="350" VPOS="2529" WIDTH="114" HEIGHT="60" CONTENT="und" WC="0.97" CC="600"/>
						<SP ID="P97_SP00192" HPOS="464" VPOS="2589" WIDTH="40"/>
						<String ID="P97_ST00215" HPOS="504" VPOS="2529" WIDTH="312" HEIGHT="63" CONTENT="Schränken" WC="1.00" CC="000600004"/>
						<SP ID="P97_SP00193" HPOS="816" VPOS="2592" WIDTH="41"/>
						<String ID="P97_ST00216" HPOS="857" VPOS="2533" WIDTH="305" HEIGHT="76" CONTENT="gestöbert," WC="0.99" CC="0604175634"/>
						<SP ID="P97_SP00194" HPOS="1162" VPOS="2609" WIDTH="39"/>
						<String ID="P97_ST00217" HPOS="1201" VPOS="2556" WIDTH="69" HEIGHT="38" CONTENT="so" WC="0.94" CC="01"/>
						<SP ID="P97_SP00195" HPOS="1270" VPOS="2609" WIDTH="39"/>
						<String ID="P97_ST00218" HPOS="1309" VPOS="2549" WIDTH="100" HEIGHT="60" CONTENT="gut" WC="0.99" CC="003"/>
						<SP ID="P97_SP00196" HPOS="1409" VPOS="2609" WIDTH="41"/>
						<String ID="P97_ST00219" HPOS="1450" VPOS="2531" WIDTH="103" HEIGHT="61" CONTENT="das" WC="1.00" CC="010"/>
						<SP ID="P97_SP00197" HPOS="1553" VPOS="2609" WIDTH="40"/>
						<String ID="P97_ST00220" HPOS="1593" VPOS="2540" WIDTH="54" HEIGHT="52" CONTENT="in" WC="0.78" CC="04"/>
						<SP ID="P97_SP00198" HPOS="1647" VPOS="2609" WIDTH="43"/>
						<String ID="P97_ST00221" HPOS="1690" VPOS="2531" WIDTH="97" HEIGHT="61" CONTENT="der" WC="0.96" CC="054"/>
						<SP ID="P97_SP00199" HPOS="1787" VPOS="2609" WIDTH="39"/>
						<String ID="P97_ST00222" HPOS="1826" VPOS="2533" WIDTH="305" HEIGHT="59" CONTENT="Finsternis" WC="0.99" CC="5440603000"/>
						<SP ID="P97_SP00200" HPOS="2131" VPOS="2609" WIDTH="39"/>
						<String ID="P97_ST00223" HPOS="2170" VPOS="2542" WIDTH="177" HEIGHT="67" CONTENT="ging.«" WC="0.99" CC="044001"/>
					</TextLine>
					<TextLine ID="P97_TL00024" HPOS="424" VPOS="2622" WIDTH="2165" HEIGHT="81">
						<String ID="P97_ST00224" HPOS="424" VPOS="2622" WIDTH="194" HEIGHT="62" CONTENT="Meine" WC="0.98" CC="45500"/>
						<SP ID="P97_SP00201" HPOS="618" VPOS="2684" WIDTH="24"/>
						<String ID="P97_ST00225" HPOS="642" VPOS="2624" WIDTH="215" HEIGHT="79" CONTENT="Augen" WC="0.99" CC="16000"/>
						<SP ID="P97_SP00202" HPOS="857" VPOS="2703" WIDTH="35"/>
						<String ID="P97_ST00226" HPOS="892" VPOS="2625" WIDTH="442" HEIGHT="63" CONTENT="durchforschten" WC="0.99" CC="00607645007305"/>
						<SP ID="P97_SP00203" HPOS="1334" VPOS="2703" WIDTH="35"/>
						<String ID="P97_ST00227" HPOS="1369" VPOS="2625" WIDTH="164" HEIGHT="63" CONTENT="dabei" WC="0.97" CC="06742"/>
						<SP ID="P97_SP00204" HPOS="1533" VPOS="2703" WIDTH="27"/>
						<String ID="P97_ST00228" HPOS="1560" VPOS="2625" WIDTH="101" HEIGHT="61" CONTENT="das" WC="0.98" CC="050"/>
						<SP ID="P97_SP00205" HPOS="1661" VPOS="2703" WIDTH="26"/>
						<String ID="P97_ST00229" HPOS="1687" VPOS="2627" WIDTH="251" HEIGHT="59" CONTENT="Zimmer" WC="0.99" CC="600004"/>
						<SP ID="P97_SP00206" HPOS="1938" VPOS="2703" WIDTH="33"/>
						<String ID="P97_ST00230" HPOS="1971" VPOS="2627" WIDTH="114" HEIGHT="59" CONTENT="und" WC="0.98" CC="500"/>
						<SP ID="P97_SP00207" HPOS="2085" VPOS="2703" WIDTH="37"/>
						<String ID="P97_ST00231" HPOS="2122" VPOS="2625" WIDTH="214" HEIGHT="61" CONTENT="blieben" WC="0.98" CC="0556050"/>
						<SP ID="P97_SP00208" HPOS="2336" VPOS="2703" WIDTH="28"/>
						<String ID="P97_ST00232" HPOS="2364" VPOS="2627" WIDTH="225" HEIGHT="61" CONTENT="unwill*" WC="0.88" CC="0002600"/>
					</TextLine>
					<TextLine ID="P97_TL00025" HPOS="353" VPOS="2713" WIDTH="2235" HEIGHT="69">
						<String ID="P97_ST00233" HPOS="353" VPOS="2713" WIDTH="189" HEIGHT="64" CONTENT="kürlich" WC="0.68" CC="0057207"/>
						<SP ID="P97_SP00209" HPOS="542" VPOS="2777" WIDTH="51"/>
						<String ID="P97_ST00234" HPOS="593" VPOS="2718" WIDTH="101" HEIGHT="61" CONTENT="auf" WC="0.95" CC="065"/>
						<SP ID="P97_SP00210" HPOS="694" VPOS="2779" WIDTH="45"/>
						<String ID="P97_ST00235" HPOS="739" VPOS="2728" WIDTH="152" HEIGHT="52" CONTENT="einer" WC="0.97" CC="63635"/>
						<SP ID="P97_SP00211" HPOS="891" VPOS="2780" WIDTH="40"/>
						<String ID="P97_ST00236" HPOS="931" VPOS="2721" WIDTH="251" HEIGHT="61" CONTENT="Falltüre" WC="0.99" CC="36075040"/>
						<SP ID="P97_SP00212" HPOS="1182" VPOS="2782" WIDTH="43"/>
						<String ID="P97_ST00237" HPOS="1225" VPOS="2745" WIDTH="92" HEIGHT="35" CONTENT="am" WC="0.56" CC="80"/>
						<SP ID="P97_SP00213" HPOS="1317" VPOS="2782" WIDTH="40"/>
						<String ID="P97_ST00238" HPOS="1357" VPOS="2721" WIDTH="197" HEIGHT="61" CONTENT="Boden" WC="0.99" CC="05020"/>
						<SP ID="P97_SP00214" HPOS="1554" VPOS="2782" WIDTH="43"/>
						<String ID="P97_ST00239" HPOS="1597" VPOS="2719" WIDTH="200" HEIGHT="63" CONTENT="haften." WC="0.99" CC="6011512"/>
						<SP ID="P97_SP00215" HPOS="1797" VPOS="2782" WIDTH="52"/>
						<String ID="P97_ST00240" HPOS="1849" VPOS="2719" WIDTH="80" HEIGHT="61" CONTENT="Ich" WC="1.00" CC="000"/>
						<SP ID="P97_SP00216" HPOS="1929" VPOS="2782" WIDTH="43"/>
						<String ID="P97_ST00241" HPOS="1972" VPOS="2737" WIDTH="234" HEIGHT="43" CONTENT="entsann" WC="0.90" CC="0310001"/>
						<SP ID="P97_SP00217" HPOS="2206" VPOS="2782" WIDTH="43"/>
						<String ID="P97_ST00242" HPOS="2249" VPOS="2721" WIDTH="132" HEIGHT="59" CONTENT="mich" WC="0.99" CC="0500"/>
						<SP ID="P97_SP00218" HPOS="2381" VPOS="2782" WIDTH="43"/>
						<String ID="P97_ST00243" HPOS="2424" VPOS="2721" WIDTH="164" HEIGHT="61" CONTENT="dabei" WC="0.98" CC="00760"/>
					</TextLine>
					<TextLine ID="P97_TL00026" HPOS="354" VPOS="2807" WIDTH="2238" HEIGHT="85">
						<String ID="P97_ST00244" HPOS="354" VPOS="2807" WIDTH="213" HEIGHT="74" CONTENT="dunkel," WC="0.98" CC="0530454"/>
						<SP ID="P97_SP00219" HPOS="567" VPOS="2881" WIDTH="45"/>
						<String ID="P97_ST00245" HPOS="612" VPOS="2811" WIDTH="108" HEIGHT="63" CONTENT="daß" WC="0.98" CC="040"/>
						<SP ID="P97_SP00220" HPOS="720" VPOS="2881" WIDTH="26"/>
						<String ID="P97_ST00246" HPOS="746" VPOS="2813" WIDTH="228" HEIGHT="61" CONTENT="Zwakh" WC="0.57" CC="90407"/>
						<SP ID="P97_SP00221" HPOS="974" VPOS="2881" WIDTH="34"/>
						<String ID="P97_ST00247" HPOS="1008" VPOS="2824" WIDTH="104" HEIGHT="52" CONTENT="mir" WC="0.98" CC="005"/>
						<SP ID="P97_SP00222" HPOS="1112" VPOS="2881" WIDTH="41"/>
						<String ID="P97_ST00248" HPOS="1153" VPOS="2815" WIDTH="364" HEIGHT="77" CONTENT="irgendwann" WC="1.00" CC="3400000310"/>
						<SP ID="P97_SP00223" HPOS="1517" VPOS="2892" WIDTH="43"/>
						<String ID="P97_ST00249" HPOS="1560" VPOS="2813" WIDTH="206" HEIGHT="61" CONTENT="erzählt" WC="0.98" CC="0500774"/>
						<SP ID="P97_SP00224" HPOS="1766" VPOS="2892" WIDTH="33"/>
						<String ID="P97_ST00250" HPOS="1799" VPOS="2813" WIDTH="168" HEIGHT="73" CONTENT="hatte," WC="0.99" CC="003204"/>
						<SP ID="P97_SP00225" HPOS="1967" VPOS="2892" WIDTH="44"/>
						<String ID="P97_ST00251" HPOS="2011" VPOS="2822" WIDTH="87" HEIGHT="52" CONTENT="ein" WC="1.00" CC="000"/>
						<SP ID="P97_SP00226" HPOS="2098" VPOS="2892" WIDTH="48"/>
						<String ID="P97_ST00252" HPOS="2146" VPOS="2815" WIDTH="276" HEIGHT="76" CONTENT="geheimer" WC="0.99" CC="00545056"/>
						<SP ID="P97_SP00227" HPOS="2422" VPOS="2892" WIDTH="40"/>
						<String ID="P97_ST00253" HPOS="2462" VPOS="2816" WIDTH="130" HEIGHT="60" CONTENT="Zu*" WC="1.00" CC="000"/>
					</TextLine>
					<TextLine ID="P97_TL00027" HPOS="351" VPOS="2904" WIDTH="1350" HEIGHT="76">
						<String ID="P97_ST00254" HPOS="351" VPOS="2924" WIDTH="144" HEIGHT="56" CONTENT="gang" WC="0.98" CC="0440"/>
						<SP ID="P97_SP00228" HPOS="495" VPOS="2980" WIDTH="41"/>
						<String ID="P97_ST00255" HPOS="536" VPOS="2904" WIDTH="157" HEIGHT="63" CONTENT="führe" WC="0.98" CC="30640"/>
						<SP ID="P97_SP00229" HPOS="693" VPOS="2980" WIDTH="41"/>
						<String ID="P97_ST00256" HPOS="734" VPOS="2932" WIDTH="115" HEIGHT="36" CONTENT="von" WC="0.98" CC="050"/>
						<SP ID="P97_SP00230" HPOS="849" VPOS="2980" WIDTH="43"/>
						<String ID="P97_ST00257" HPOS="892" VPOS="2925" WIDTH="173" HEIGHT="45" CONTENT="unten" WC="0.99" CC="10400"/>
						<SP ID="P97_SP00231" HPOS="1065" VPOS="2980" WIDTH="43"/>
						<String ID="P97_ST00258" HPOS="1108" VPOS="2909" WIDTH="206" HEIGHT="61" CONTENT="herauf" WC="0.99" CC="005200"/>
						<SP ID="P97_SP00232" HPOS="1314" VPOS="2980" WIDTH="33"/>
						<String ID="P97_ST00259" HPOS="1347" VPOS="2918" WIDTH="84" HEIGHT="52" CONTENT="ins" WC="0.96" CC="540"/>
						<SP ID="P97_SP00233" HPOS="1431" VPOS="2980" WIDTH="42"/>
						<String ID="P97_ST00260" HPOS="1473" VPOS="2909" WIDTH="228" HEIGHT="61" CONTENT="Atelier," WC="0.98" CC="53065563"/>
					</TextLine>
					<TextLine ID="P97_TL00028" HPOS="426" VPOS="2994" WIDTH="2056" HEIGHT="87">
						<String ID="P97_ST00261" HPOS="426" VPOS="2994" WIDTH="84" HEIGHT="62" CONTENT="Es" WC="0.66" CC="60"/>
						<SP ID="P97_SP00234" HPOS="510" VPOS="3056" WIDTH="41"/>
						<String ID="P97_ST00262" HPOS="551" VPOS="3022" WIDTH="123" HEIGHT="38" CONTENT="war" WC="0.98" CC="006"/>
						<SP ID="P97_SP00235" HPOS="674" VPOS="3060" WIDTH="39"/>
						<String ID="P97_ST00263" HPOS="713" VPOS="3010" WIDTH="125" HEIGHT="52" CONTENT="eine" WC="0.97" CC="5116"/>
						<SP ID="P97_SP00236" HPOS="838" VPOS="3062" WIDTH="39"/>
						<String ID="P97_ST00264" HPOS="877" VPOS="3003" WIDTH="306" HEIGHT="78" CONTENT="viereckige" WC="0.99" CC="7005007006"/>
						<SP ID="P97_SP00237" HPOS="1183" VPOS="3081" WIDTH="41"/>
						<String ID="P97_ST00265" HPOS="1224" VPOS="3003" WIDTH="178" HEIGHT="61" CONTENT="Platte" WC="0.99" CC="270400"/>
						<SP ID="P97_SP00238" HPOS="1402" VPOS="3081" WIDTH="40"/>
						<String ID="P97_ST00266" HPOS="1442" VPOS="3013" WIDTH="98" HEIGHT="51" CONTENT="mit" WC="0.96" CC="046"/>
						<SP ID="P97_SP00239" HPOS="1540" VPOS="3081" WIDTH="42"/>
						<String ID="P97_ST00267" HPOS="1582" VPOS="3012" WIDTH="178" HEIGHT="52" CONTENT="einem" WC="1.00" CC="00000"/>
						<SP ID="P97_SP00240" HPOS="1760" VPOS="3081" WIDTH="40"/>
						<String ID="P97_ST00268" HPOS="1800" VPOS="3003" WIDTH="145" HEIGHT="76" CONTENT="Ring" WC="0.98" CC="4400"/>
						<SP ID="P97_SP00241" HPOS="1945" VPOS="3081" WIDTH="40"/>
						<String ID="P97_ST00269" HPOS="1985" VPOS="3003" WIDTH="174" HEIGHT="61" CONTENT="daran" WC="0.98" CC="04623"/>
						<SP ID="P97_SP00242" HPOS="2159" VPOS="3081" WIDTH="43"/>
						<String ID="P97_ST00270" HPOS="2202" VPOS="3003" WIDTH="79" HEIGHT="61" CONTENT="als" WC="0.97" CC="070"/>
						<SP ID="P97_SP00243" HPOS="2281" VPOS="3081" WIDTH="36"/>
						<String ID="P97_ST00271" HPOS="2317" VPOS="3001" WIDTH="165" HEIGHT="63" CONTENT="Griff," WC="0.99" CC="056003"/>
					</TextLine>
					<TextLine ID="P97_TL00029" HPOS="431" VPOS="3088" WIDTH="2156" HEIGHT="85">
						<String ID="P97_ST00272" HPOS="431" VPOS="3088" WIDTH="158" HEIGHT="63" CONTENT="»Wo" WC="0.97" CC="305"/>
						<SP ID="P97_SP00244" HPOS="589" VPOS="3151" WIDTH="41"/>
						<String ID="P97_ST00273" HPOS="630" VPOS="3094" WIDTH="180" HEIGHT="61" CONTENT="sollen" WC="0.99" CC="006700"/>
						<SP ID="P97_SP00245" HPOS="810" VPOS="3155" WIDTH="42"/>
						<String ID="P97_ST00274" HPOS="852" VPOS="3106" WIDTH="104" HEIGHT="52" CONTENT="wir" WC="0.97" CC="006"/>
						<SP ID="P97_SP00246" HPOS="956" VPOS="3158" WIDTH="41"/>
						<String ID="P97_ST00275" HPOS="997" VPOS="3098" WIDTH="90" HEIGHT="61" CONTENT="die" WC="1.00" CC="000"/>
						<SP ID="P97_SP00247" HPOS="1087" VPOS="3159" WIDTH="33"/>
						<String ID="P97_ST00276" HPOS="1120" VPOS="3097" WIDTH="184" HEIGHT="62" CONTENT="Briefe" WC="0.98" CC="054060"/>
						<SP ID="P97_SP00248" HPOS="1304" VPOS="3159" WIDTH="42"/>
						<String ID="P97_ST00277" HPOS="1346" VPOS="3097" WIDTH="354" HEIGHT="61" CONTENT="aufheben?«" WC="0.67" CC="0656070051"/>
						<SP ID="P97_SP00249" HPOS="1700" VPOS="3159" WIDTH="46"/>
						<String ID="P97_ST00278" HPOS="1746" VPOS="3097" WIDTH="108" HEIGHT="76" CONTENT="fing" WC="0.98" CC="0007"/>
						<SP ID="P97_SP00250" HPOS="1854" VPOS="3173" WIDTH="34"/>
						<String ID="P97_ST00279" HPOS="1888" VPOS="3097" WIDTH="337" HEIGHT="61" CONTENT="Charousek" WC="0.70" CC="075305040"/>
						<SP ID="P97_SP00251" HPOS="2225" VPOS="3173" WIDTH="31"/>
						<String ID="P97_ST00280" HPOS="2256" VPOS="3097" WIDTH="209" HEIGHT="61" CONTENT="wieder" WC="0.99" CC="000006"/>
						<SP ID="P97_SP00252" HPOS="2465" VPOS="3173" WIDTH="33"/>
						<String ID="P97_ST00281" HPOS="2498" VPOS="3121" WIDTH="89" HEIGHT="37" CONTENT="an," WC="0.97" CC="602"/>
					</TextLine>
					<TextLine ID="P97_TL00030" HPOS="358" VPOS="3178" WIDTH="2234" HEIGHT="90">
						<String ID="P97_ST00282" HPOS="358" VPOS="3178" WIDTH="142" HEIGHT="74" CONTENT="»Sie," WC="0.98" CC="42054"/>
						<SP ID="P97_SP00253" HPOS="500" VPOS="3252" WIDTH="33"/>
						<String ID="P97_ST00283" HPOS="533" VPOS="3182" WIDTH="150" HEIGHT="64" CONTENT="Herr" WC="0.97" CC="0554"/>
						<SP ID="P97_SP00254" HPOS="683" VPOS="3252" WIDTH="32"/>
						<String ID="P97_ST00284" HPOS="715" VPOS="3187" WIDTH="242" HEIGHT="63" CONTENT="Pernath" WC="0.90" CC="0070000"/>
						<SP ID="P97_SP00255" HPOS="957" VPOS="3252" WIDTH="36"/>
						<String ID="P97_ST00285" HPOS="993" VPOS="3191" WIDTH="118" HEIGHT="61" CONTENT="und" WC="0.99" CC="100"/>
						<SP ID="P97_SP00256" HPOS="1111" VPOS="3252" WIDTH="34"/>
						<String ID="P97_ST00286" HPOS="1145" VPOS="3191" WIDTH="78" HEIGHT="61" CONTENT="ich" WC="1.00" CC="000"/>
						<SP ID="P97_SP00257" HPOS="1223" VPOS="3252" WIDTH="31"/>
						<String ID="P97_ST00287" HPOS="1254" VPOS="3191" WIDTH="126" HEIGHT="61" CONTENT="sind" WC="0.97" CC="0660"/>
						<SP ID="P97_SP00258" HPOS="1380" VPOS="3252" WIDTH="33"/>
						<String ID="P97_ST00288" HPOS="1413" VPOS="3191" WIDTH="153" HEIGHT="61" CONTENT="wohl" WC="1.00" CC="0000"/>
						<SP ID="P97_SP00259" HPOS="1566" VPOS="3252" WIDTH="33"/>
						<String ID="P97_ST00289" HPOS="1599" VPOS="3191" WIDTH="88" HEIGHT="59" CONTENT="die" WC="1.00" CC="000"/>
						<SP ID="P97_SP00260" HPOS="1687" VPOS="3252" WIDTH="35"/>
						<String ID="P97_ST00290" HPOS="1722" VPOS="3198" WIDTH="247" HEIGHT="70" CONTENT="einzigen" WC="0.99" CC="60260000"/>
						<SP ID="P97_SP00261" HPOS="1969" VPOS="3268" WIDTH="35"/>
						<String ID="P97_ST00291" HPOS="2004" VPOS="3199" WIDTH="73" HEIGHT="51" CONTENT="im" WC="1.00" CC="00"/>
						<SP ID="P97_SP00262" HPOS="2077" VPOS="3268" WIDTH="33"/>
						<String ID="P97_ST00292" HPOS="2110" VPOS="3213" WIDTH="215" HEIGHT="54" CONTENT="ganzen" WC="0.98" CC="003651"/>
						<SP ID="P97_SP00263" HPOS="2325" VPOS="3268" WIDTH="29"/>
						<String ID="P97_ST00293" HPOS="2354" VPOS="3189" WIDTH="238" HEIGHT="71" CONTENT="Ghetto," WC="0.99" CC="0044404"/>
					</TextLine>
					<TextLine ID="P97_TL00031" HPOS="355" VPOS="3271" WIDTH="2127" HEIGHT="90">
						<String ID="P97_ST00294" HPOS="355" VPOS="3271" WIDTH="84" HEIGHT="61" CONTENT="die" WC="0.97" CC="035"/>
						<SP ID="P97_SP00264" HPOS="439" VPOS="3332" WIDTH="39"/>
						<String ID="P97_ST00295" HPOS="478" VPOS="3273" WIDTH="383" HEIGHT="70" CONTENT="Wassertrum" WC="0.99" CC="0000061650"/>
						<SP ID="P97_SP00265" HPOS="861" VPOS="3343" WIDTH="42"/>
						<String ID="P97_ST00296" HPOS="903" VPOS="3283" WIDTH="246" HEIGHT="63" CONTENT="harmlos" WC="1.00" CC="0030040"/>
						<SP ID="P97_SP00266" HPOS="1149" VPOS="3346" WIDTH="42"/>
						<String ID="P97_ST00297" HPOS="1191" VPOS="3285" WIDTH="387" HEIGHT="71" CONTENT="verkommen," WC="0.99" CC="0740300034"/>
						<SP ID="P97_SP00267" HPOS="1578" VPOS="3356" WIDTH="144"/>
						<String ID="P97_ST00298" HPOS="1722" VPOS="3307" WIDTH="217" HEIGHT="37" CONTENT="warum" WC="0.98" CC="03350"/>
						<SP ID="P97_SP00268" HPOS="1939" VPOS="3356" WIDTH="42"/>
						<String ID="P97_ST00299" HPOS="1981" VPOS="3285" WIDTH="204" HEIGHT="76" CONTENT="gerade" WC="0.99" CC="005500"/>
						<SP ID="P97_SP00269" HPOS="2185" VPOS="3361" WIDTH="41"/>
						<String ID="P97_ST00300" HPOS="2226" VPOS="3283" WIDTH="109" HEIGHT="71" CONTENT="ich," WC="0.99" CC="0004"/>
						<SP ID="P97_SP00270" HPOS="2335" VPOS="3361" WIDTH="43"/>
						<String ID="P97_ST00301" HPOS="2378" VPOS="3283" WIDTH="104" HEIGHT="61" CONTENT="das" WC="1.00" CC="010"/>
						<SP ID="P97_SP00271" HPOS="2482" VPOS="3361" WIDTH="0"/>
					</TextLine>
					<TextLine ID="P97_TL00032" HPOS="355" VPOS="3363" WIDTH="2238" HEIGHT="87">
						<String ID="P97_ST00302" HPOS="355" VPOS="3363" WIDTH="92" HEIGHT="63" CONTENT="hat" WC="0.96" CC="730"/>
						<SP ID="P97_SP00272" HPOS="447" VPOS="3426" WIDTH="138"/>
						<String ID="P97_ST00303" HPOS="585" VPOS="3381" WIDTH="154" HEIGHT="53" CONTENT="seine" WC="0.98" CC="06306"/>
						<SP ID="P97_SP00273" HPOS="739" VPOS="3434" WIDTH="150"/>
						<String ID="P97_ST00304" HPOS="889" VPOS="3377" WIDTH="354" HEIGHT="64" CONTENT="besonderen" WC="0.99" CC="7003004600"/>
						<SP ID="P97_SP00274" HPOS="1243" VPOS="3441" WIDTH="160"/>
						<String ID="P97_ST00305" HPOS="1403" VPOS="3379" WIDTH="276" HEIGHT="62" CONTENT="Gründe«" WC="0.99" CC="0605000"/>
						<SP ID="P97_SP00275" HPOS="1679" VPOS="3441" WIDTH="162"/>
						<String ID="P97_ST00306" HPOS="1841" VPOS="3377" WIDTH="99" HEIGHT="71" CONTENT="&lt;ich" WC="0.69" CC="0407"/>
						<SP ID="P97_SP00276" HPOS="1940" VPOS="3448" WIDTH="42"/>
						<String ID="P97_ST00307" HPOS="1982" VPOS="3379" WIDTH="121" HEIGHT="71" CONTENT="sah," WC="0.98" CC="0064"/>
						<SP ID="P97_SP00277" HPOS="2103" VPOS="3450" WIDTH="42"/>
						<String ID="P97_ST00308" HPOS="2145" VPOS="3377" WIDTH="108" HEIGHT="61" CONTENT="daß" WC="0.98" CC="040"/>
						<SP ID="P97_SP00278" HPOS="2253" VPOS="3450" WIDTH="40"/>
						<String ID="P97_ST00309" HPOS="2293" VPOS="3377" WIDTH="106" HEIGHT="61" CONTENT="sich" WC="0.97" CC="0607"/>
						<SP ID="P97_SP00279" HPOS="2399" VPOS="3450" WIDTH="42"/>
						<String ID="P97_ST00310" HPOS="2441" VPOS="3387" WIDTH="152" HEIGHT="51" CONTENT="seine" WC="1.00" CC="00200"/>
					</TextLine>
					<TextLine ID="P97_TL00033" HPOS="353" VPOS="3456" WIDTH="2239" HEIGHT="84">
						<String ID="P97_ST00311" HPOS="353" VPOS="3456" WIDTH="160" HEIGHT="80" CONTENT="Züge" WC="0.99" CC="0005"/>
						<SP ID="P97_SP00280" HPOS="513" VPOS="3536" WIDTH="40"/>
						<String ID="P97_ST00312" HPOS="553" VPOS="3471" WIDTH="55" HEIGHT="54" CONTENT="in" WC="0.93" CC="10"/>
						<SP ID="P97_SP00281" HPOS="608" VPOS="3536" WIDTH="41"/>
						<String ID="P97_ST00313" HPOS="649" VPOS="3469" WIDTH="224" HEIGHT="62" CONTENT="wildem" WC="0.99" CC="016060"/>
						<SP ID="P97_SP00282" HPOS="873" VPOS="3536" WIDTH="33"/>
						<String ID="P97_ST00314" HPOS="906" VPOS="3471" WIDTH="136" HEIGHT="63" CONTENT="Haß" WC="0.97" CC="440"/>
						<SP ID="P97_SP00283" HPOS="1042" VPOS="3536" WIDTH="41"/>
						<String ID="P97_ST00315" HPOS="1083" VPOS="3490" WIDTH="335" HEIGHT="50" CONTENT="verzerrten," WC="0.99" CC="00600460004"/>
						<SP ID="P97_SP00284" HPOS="1418" VPOS="3540" WIDTH="33"/>
						<String ID="P97_ST00316" HPOS="1451" VPOS="3481" WIDTH="109" HEIGHT="53" CONTENT="wie" WC="0.99" CC="020"/>
						<SP ID="P97_SP00285" HPOS="1560" VPOS="3540" WIDTH="42"/>
						<String ID="P97_ST00317" HPOS="1602" VPOS="3495" WIDTH="59" HEIGHT="37" CONTENT="er" WC="1.00" CC="00"/>
						<SP ID="P97_SP00286" HPOS="1661" VPOS="3540" WIDTH="40"/>
						<String ID="P97_ST00318" HPOS="1701" VPOS="3495" WIDTH="66" HEIGHT="37" CONTENT="so" WC="1.00" CC="00"/>
						<SP ID="P97_SP00287" HPOS="1767" VPOS="3540" WIDTH="36"/>
						<String ID="P97_ST00319" HPOS="1803" VPOS="3471" WIDTH="107" HEIGHT="61" CONTENT="den" WC="1.00" CC="000"/>
						<SP ID="P97_SP00288" HPOS="1910" VPOS="3540" WIDTH="35"/>
						<String ID="P97_ST00320" HPOS="1945" VPOS="3471" WIDTH="200" HEIGHT="61" CONTENT="letzten" WC="0.98" CC="7316303"/>
						<SP ID="P97_SP00289" HPOS="2145" VPOS="3540" WIDTH="35"/>
						<String ID="P97_ST00321" HPOS="2180" VPOS="3470" WIDTH="135" HEIGHT="61" CONTENT="Satz" WC="0.98" CC="1014"/>
						<SP ID="P97_SP00290" HPOS="2315" VPOS="3540" WIDTH="35"/>
						<String ID="P97_ST00322" HPOS="2350" VPOS="3470" WIDTH="242" HEIGHT="61" CONTENT="förmlich" WC="1.00" CC="00006000"/>
					</TextLine>
					<TextLine ID="P97_TL00034" HPOS="353" VPOS="3554" WIDTH="2243" HEIGHT="76">
						<String ID="P97_ST00323" HPOS="353" VPOS="3554" WIDTH="179" HEIGHT="62" CONTENT="zerbiß" WC="0.97" CC="707760"/>
						<SP ID="P97_SP00291" HPOS="532" VPOS="3616" WIDTH="34"/>
						<String ID="P97_ST00324" HPOS="566" VPOS="3570" WIDTH="99" HEIGHT="60" CONTENT="—&gt;" WC="0.26" CC="86"/>
						<SP ID="P97_SP00292" HPOS="665" VPOS="3630" WIDTH="37"/>
						<String ID="P97_ST00325" HPOS="702" VPOS="3565" WIDTH="154" HEIGHT="60" CONTENT="»und" WC="0.97" CC="5600"/>
						<SP ID="P97_SP00293" HPOS="856" VPOS="3630" WIDTH="34"/>
						<String ID="P97_ST00326" HPOS="890" VPOS="3565" WIDTH="95" HEIGHT="62" CONTENT="Sie" WC="0.99" CC="300"/>
						<SP ID="P97_SP00294" HPOS="985" VPOS="3630" WIDTH="34"/>
						<String ID="P97_ST00327" HPOS="1019" VPOS="3568" WIDTH="117" HEIGHT="61" CONTENT="hält" WC="0.96" CC="7074"/>
						<SP ID="P97_SP00295" HPOS="1136" VPOS="3630" WIDTH="33"/>
						<String ID="P97_ST00328" HPOS="1169" VPOS="3592" WIDTH="60" HEIGHT="37" CONTENT="er" WC="0.66" CC="06"/>
						<SP ID="P97_SP00296" HPOS="1229" VPOS="3630" WIDTH="33"/>
						<String ID="P97_ST00329" HPOS="1262" VPOS="3568" WIDTH="89" HEIGHT="61" CONTENT="für" WC="0.97" CC="503"/>
						<SP ID="P97_SP00297" HPOS="1351" VPOS="3630" WIDTH="215"/>
						<String ID="P97_ST00330" HPOS="1566" VPOS="3592" WIDTH="29" HEIGHT="32" CONTENT="«" WC="1.00" CC="0"/>
						<SP ID="P97_SP00298" HPOS="1595" VPOS="3630" WIDTH="47"/>
						<String ID="P97_ST00331" HPOS="1642" VPOS="3565" WIDTH="339" HEIGHT="62" CONTENT="Charousek" WC="0.94" CC="000500000"/>
						<SP ID="P97_SP00299" HPOS="1981" VPOS="3630" WIDTH="33"/>
						<String ID="P97_ST00332" HPOS="2014" VPOS="3564" WIDTH="244" HEIGHT="62" CONTENT="erstickte" WC="0.99" CC="540020720"/>
						<SP ID="P97_SP00300" HPOS="2258" VPOS="3630" WIDTH="33"/>
						<String ID="P97_ST00333" HPOS="2291" VPOS="3565" WIDTH="101" HEIGHT="60" CONTENT="das" WC="1.00" CC="000"/>
						<SP ID="P97_SP00301" HPOS="2392" VPOS="3630" WIDTH="26"/>
						<String ID="P97_ST00334" HPOS="2418" VPOS="3564" WIDTH="178" HEIGHT="62" CONTENT="Wort" WC="0.98" CC="0560"/>
					</TextLine>
					<TextLine ID="P97_TL00035" HPOS="358" VPOS="3650" WIDTH="2236" HEIGHT="83">
						<String ID="P97_ST00335" HPOS="358" VPOS="3650" WIDTH="311" HEIGHT="63" CONTENT="»verrückt«" WC="0.99" CC="4915400052"/>
						<SP ID="P97_SP00302" HPOS="669" VPOS="3713" WIDTH="56"/>
						<String ID="P97_ST00336" HPOS="725" VPOS="3666" WIDTH="98" HEIGHT="53" CONTENT="mit" WC="0.98" CC="006"/>
						<SP ID="P97_SP00303" HPOS="823" VPOS="3719" WIDTH="50"/>
						<String ID="P97_ST00337" HPOS="873" VPOS="3668" WIDTH="181" HEIGHT="55" CONTENT="einem" WC="0.98" CC="14500"/>
						<SP ID="P97_SP00304" HPOS="1054" VPOS="3723" WIDTH="42"/>
						<String ID="P97_ST00338" HPOS="1096" VPOS="3662" WIDTH="243" HEIGHT="71" CONTENT="raschen," WC="0.99" CC="60007424"/>
						<SP ID="P97_SP00305" HPOS="1339" VPOS="3733" WIDTH="53"/>
						<String ID="P97_ST00339" HPOS="1392" VPOS="3661" WIDTH="368" HEIGHT="62" CONTENT="erkünstelten" WC="1.00" CC="020000537250"/>
						<SP ID="P97_SP00306" HPOS="1760" VPOS="3733" WIDTH="49"/>
						<String ID="P97_ST00340" HPOS="1809" VPOS="3661" WIDTH="243" HEIGHT="69" CONTENT="Husten," WC="0.99" CC="1003524"/>
						<SP ID="P97_SP00307" HPOS="2052" VPOS="3733" WIDTH="56"/>
						<String ID="P97_ST00341" HPOS="2108" VPOS="3659" WIDTH="133" HEIGHT="61" CONTENT="aber" WC="0.96" CC="5706"/>
						<SP ID="P97_SP00308" HPOS="2241" VPOS="3733" WIDTH="48"/>
						<String ID="P97_ST00342" HPOS="2289" VPOS="3659" WIDTH="77" HEIGHT="60" CONTENT="ich" WC="0.97" CC="107"/>
						<SP ID="P97_SP00309" HPOS="2366" VPOS="3733" WIDTH="49"/>
						<String ID="P97_ST00343" HPOS="2415" VPOS="3667" WIDTH="179" HEIGHT="62" CONTENT="erriet," WC="0.98" CC="5660004"/>
					</TextLine>
					<TextLine ID="P97_TL00036" HPOS="351" VPOS="3747" WIDTH="2246" HEIGHT="84">
						<String ID="P97_ST00344" HPOS="351" VPOS="3757" WIDTH="119" HEIGHT="42" CONTENT="was" WC="0.96" CC="470"/>
						<SP ID="P97_SP00310" HPOS="470" VPOS="3799" WIDTH="41"/>
						<String ID="P97_ST00345" HPOS="511" VPOS="3765" WIDTH="58" HEIGHT="38" CONTENT="er" WC="0.42" CC="64"/>
						<SP ID="P97_SP00311" HPOS="569" VPOS="3803" WIDTH="48"/>
						<String ID="P97_ST00346" HPOS="617" VPOS="3747" WIDTH="152" HEIGHT="62" CONTENT="hatte" WC="0.98" CC="03425"/>
						<SP ID="P97_SP00312" HPOS="769" VPOS="3809" WIDTH="50"/>
						<String ID="P97_ST00347" HPOS="819" VPOS="3776" WIDTH="174" HEIGHT="55" CONTENT="sagen" WC="1.00" CC="00000"/>
						<SP ID="P97_SP00313" HPOS="993" VPOS="3831" WIDTH="42"/>
						<String ID="P97_ST00348" HPOS="1035" VPOS="3756" WIDTH="223" HEIGHT="61" CONTENT="wollen." WC="0.99" CC="0277004"/>
						<SP ID="P97_SP00314" HPOS="1258" VPOS="3831" WIDTH="61"/>
						<String ID="P97_ST00349" HPOS="1319" VPOS="3756" WIDTH="87" HEIGHT="61" CONTENT="Es" WC="0.65" CC="60"/>
						<SP ID="P97_SP00315" HPOS="1406" VPOS="3831" WIDTH="49"/>
						<String ID="P97_ST00350" HPOS="1455" VPOS="3771" WIDTH="81" HEIGHT="46" CONTENT="tat" WC="0.98" CC="203"/>
						<SP ID="P97_SP00316" HPOS="1536" VPOS="3831" WIDTH="49"/>
						<String ID="P97_ST00351" HPOS="1585" VPOS="3762" WIDTH="101" HEIGHT="52" CONTENT="mir" WC="0.96" CC="035"/>
						<SP ID="P97_SP00317" HPOS="1686" VPOS="3831" WIDTH="48"/>
						<String ID="P97_ST00352" HPOS="1734" VPOS="3753" WIDTH="140" HEIGHT="61" CONTENT="nicht" WC="1.00" CC="00003"/>
						<SP ID="P97_SP00318" HPOS="1874" VPOS="3831" WIDTH="48"/>
						<String ID="P97_ST00353" HPOS="1922" VPOS="3752" WIDTH="145" HEIGHT="72" CONTENT="weh," WC="0.99" CC="0004"/>
						<SP ID="P97_SP00319" HPOS="2067" VPOS="3831" WIDTH="160"/>
						<String ID="P97_ST00354" HPOS="2227" VPOS="3752" WIDTH="102" HEIGHT="61" CONTENT="das" WC="1.00" CC="000"/>
						<SP ID="P97_SP00320" HPOS="2329" VPOS="3831" WIDTH="51"/>
						<String ID="P97_ST00355" HPOS="2380" VPOS="3752" WIDTH="217" HEIGHT="61" CONTENT="Gefühl" WC="0.99" CC="200006"/>
					</TextLine>
					<TextLine ID="P97_TL00037" HPOS="354" VPOS="3829" WIDTH="2242" HEIGHT="97">
						<String ID="P97_ST00356" HPOS="354" VPOS="3829" WIDTH="146" HEIGHT="63" CONTENT="»ihr«" WC="0.98" CC="20652"/>
						<SP ID="P97_SP00321" HPOS="500" VPOS="3892" WIDTH="52"/>
						<String ID="P97_ST00357" HPOS="552" VPOS="3837" WIDTH="180" HEIGHT="66" CONTENT="helfen" WC="0.98" CC="006650"/>
						<SP ID="P97_SP00322" HPOS="732" VPOS="3903" WIDTH="49"/>
						<String ID="P97_ST00358" HPOS="781" VPOS="3868" WIDTH="73" HEIGHT="38" CONTENT="zu" WC="1.00" CC="00"/>
						<SP ID="P97_SP00323" HPOS="854" VPOS="3906" WIDTH="49"/>
						<String ID="P97_ST00359" HPOS="903" VPOS="3847" WIDTH="245" HEIGHT="75" CONTENT="können," WC="0.99" CC="0053004"/>
						<SP ID="P97_SP00324" HPOS="1148" VPOS="3922" WIDTH="49"/>
						<String ID="P97_ST00360" HPOS="1197" VPOS="3850" WIDTH="212" HEIGHT="61" CONTENT="machte" WC="1.00" CC="000040"/>
						<SP ID="P97_SP00325" HPOS="1409" VPOS="3922" WIDTH="41"/>
						<String ID="P97_ST00361" HPOS="1450" VPOS="3848" WIDTH="133" HEIGHT="63" CONTENT="mich" WC="0.99" CC="0400"/>
						<SP ID="P97_SP00326" HPOS="1583" VPOS="3922" WIDTH="42"/>
						<String ID="P97_ST00362" HPOS="1625" VPOS="3873" WIDTH="66" HEIGHT="36" CONTENT="so" WC="1.00" CC="00"/>
						<SP ID="P97_SP00327" HPOS="1691" VPOS="3922" WIDTH="40"/>
						<String ID="P97_ST00363" HPOS="1731" VPOS="3846" WIDTH="308" HEIGHT="80" CONTENT="glückselig," WC="0.99" CC="07000057094"/>
						<SP ID="P97_SP00328" HPOS="2039" VPOS="3926" WIDTH="46"/>
						<String ID="P97_ST00364" HPOS="2085" VPOS="3846" WIDTH="110" HEIGHT="62" CONTENT="daß" WC="1.00" CC="000"/>
						<SP ID="P97_SP00329" HPOS="2195" VPOS="3926" WIDTH="41"/>
						<String ID="P97_ST00365" HPOS="2236" VPOS="3847" WIDTH="126" HEIGHT="76" CONTENT="jede" WC="0.99" CC="6000"/>
						<SP ID="P97_SP00330" HPOS="2362" VPOS="3926" WIDTH="44"/>
						<String ID="P97_ST00366" HPOS="2406" VPOS="3847" WIDTH="190" HEIGHT="78" CONTENT="Emp*" WC="0.82" CC="7000"/>
					</TextLine>
					<TextLine ID="P97_TL00038" HPOS="355" VPOS="3918" WIDTH="880" HEIGHT="98">
						<String ID="P97_ST00367" HPOS="355" VPOS="3918" WIDTH="311" HEIGHT="78" CONTENT="Bildlichkeit" WC="0.99" CC="277075070410"/>
						<SP ID="P97_SP00331" HPOS="666" VPOS="3996" WIDTH="42"/>
						<String ID="P97_ST00368" HPOS="708" VPOS="3940" WIDTH="350" HEIGHT="76" CONTENT="ausgelöscht" WC="1.00" CC="80000700005"/>
						<SP ID="P97_SP00332" HPOS="1058" VPOS="4016" WIDTH="40"/>
						<String ID="P97_ST00369" HPOS="1098" VPOS="3968" WIDTH="137" HEIGHT="37" CONTENT="war." WC="0.98" CC="0064"/>
					</TextLine>
				</TextBlock>
			</PrintSpace>
		</Page>
	</Layout>
</alto>
