<?xml version="1.0" encoding="UTF-8"?>
<alto xmlns:xsi="http://www.w3.org/2001/XMLSchema-instance" xmlns="http://www.loc.gov/standards/alto/ns-v2#" xsi:schemaLocation="http://www.loc.gov/standards/alto/ns-v2# http://www.loc.gov/standards/alto/v2/alto-2-0.xsd" xmlns:xlink="http://www.w3.org/1999/xlink">
	<Description>
		<MeasurementUnit>mm10</MeasurementUnit>
		<sourceImageInformation>
			<fileName>./bmtnabr_1914-04_01_0074.jp2</fileName>
		</sourceImageInformation>
		<OCRProcessing ID="OCRPROCESSING_1">
			<preProcessingStep>
				<processingSoftware>
					<softwareCreator>CCS Content Conversion Specialists GmbH, Germany</softwareCreator>
					<softwareName>CCS docWorks</softwareName>
					<softwareVersion>6.9-1.27</softwareVersion>
				</processingSoftware>
			</preProcessingStep>
			<ocrProcessingStep>
				<processingSoftware>
					<softwareCreator>ABBYY (BIT Software), Russia</softwareCreator>
					<softwareName>FineReader</softwareName>
					<softwareVersion>11.0</softwareVersion>
				</processingSoftware>
			</ocrProcessingStep>
			<postProcessingStep>
				<processingSoftware>
					<softwareCreator>CCS Content Conversion Specialists GmbH, Germany</softwareCreator>
					<softwareName>CCS docWorks</softwareName>
					<softwareVersion>6.9-1.27</softwareVersion>
					<applicationDescription>docWorks: Text modified manually, or automatically replaced</applicationDescription>
				</processingSoftware>
			</postProcessingStep>
		</OCRProcessing>
	</Description>
	<Styles>
		<TextStyle ID="TXT_0" FONTSIZE="17" FONTFAMILY="Times New Roman"/>
		<TextStyle ID="TXT_1" FONTSIZE="18" FONTFAMILY="Times New Roman" FONTSTYLE="bold italics"/>
		<TextStyle ID="TXT_2" FONTSIZE="21" FONTFAMILY="Times New Roman"/>
		<ParagraphStyle ID="PAR_LEFT" ALIGN="Left"/>
		<ParagraphStyle ID="PAR_RIGHT" ALIGN="Right"/>
		<ParagraphStyle ID="PAR_BLOCK" ALIGN="Block"/>
	</Styles>
	<Layout>
		<Page ID="P74" PHYSICAL_IMG_NR="74" HEIGHT="4572" WIDTH="3088" PRINTED_IMG_NR="818" PC="0.956">
			<TopMargin ID="P74_TM00001" HPOS="0" VPOS="0" WIDTH="3088" HEIGHT="498">
				<TextBlock ID="P74_TB00001" HPOS="530" VPOS="434" WIDTH="92" HEIGHT="49" STYLEREFS="TXT_0 PAR_LEFT">
					<TextLine ID="P74_TL00001" HPOS="530" VPOS="434" WIDTH="92" HEIGHT="49">
						<String ID="P74_ST00001" HPOS="530" VPOS="434" WIDTH="92" HEIGHT="49" CONTENT="818" WC="1.00" CC="000"/>
					</TextLine>
				</TextBlock>
				<TextBlock ID="P74_TB00002" HPOS="1015" VPOS="438" WIDTH="1284" HEIGHT="58" STYLEREFS="TXT_1 PAR_RIGHT">
					<TextLine ID="P74_TL00002" HPOS="1024" VPOS="440" WIDTH="1275" HEIGHT="56">
						<String ID="P74_ST00002" HPOS="1024" VPOS="440" WIDTH="56" HEIGHT="49" CONTENT="R." WC="0.50" CC="90"/>
						<SP ID="P74_SP00001" HPOS="1080" VPOS="489" WIDTH="24"/>
						<String ID="P74_ST00003" HPOS="1104" VPOS="441" WIDTH="244" HEIGHT="55" CONTENT="Gournai," WC="0.61" CC="03507272"/>
						<SP ID="P74_SP00002" HPOS="1348" VPOS="496" WIDTH="47"/>
						<String ID="P74_ST00004" HPOS="1395" VPOS="442" WIDTH="102" HEIGHT="48" CONTENT="Tür" WC="0.99" CC="300"/>
						<SP ID="P74_SP00003" HPOS="1497" VPOS="496" WIDTH="1"/>
						<String ID="P74_ST00005" HPOS="1498" VPOS="455" WIDTH="49" HEIGHT="37" CONTENT="st" WC="0.73" CC="50"/>
						<SP ID="P74_SP00004" HPOS="1547" VPOS="496" WIDTH="26"/>
						<String ID="P74_ST00006" HPOS="1573" VPOS="443" WIDTH="180" HEIGHT="50" CONTENT="Büfow" WC="0.49" CC="58531"/>
						<SP ID="P74_SP00005" HPOS="1753" VPOS="496" WIDTH="159"/>
						<String ID="P74_ST00007" HPOS="1912" VPOS="452" WIDTH="109" HEIGHT="43" CONTENT="sein" WC="0.96" CC="3635"/>
						<SP ID="P74_SP00006" HPOS="2021" VPOS="496" WIDTH="33"/>
						<String ID="P74_ST00008" HPOS="2054" VPOS="447" WIDTH="189" HEIGHT="49" CONTENT="Marod" WC="0.98" CC="06207"/>
						<SP ID="P74_SP00007" HPOS="2243" VPOS="496" WIDTH="1"/>
						<String ID="P74_ST00009" HPOS="2244" VPOS="448" WIDTH="55" HEIGHT="48" CONTENT="Ho" WC="0.60" CC="80"/>
					</TextLine>
				</TextBlock>
			</TopMargin>
			<LeftMargin ID="P74_LM00001" HPOS="0" VPOS="498" WIDTH="527" HEIGHT="3526"/>
			<RightMargin ID="P74_RM00001" HPOS="2790" VPOS="498" WIDTH="298" HEIGHT="3526"/>
			<BottomMargin ID="P74_BM00001" HPOS="0" VPOS="4024" WIDTH="3088" HEIGHT="548"/>
			<PrintSpace ID="P74_PS00001" HPOS="527" VPOS="498" WIDTH="2263" HEIGHT="3526">
				<TextBlock ID="P74_TB00003" HPOS="527" VPOS="638" WIDTH="2263" HEIGHT="3386" STYLEREFS="TXT_2 PAR_BLOCK">
					<TextLine ID="P74_TL00003" HPOS="534" VPOS="640" WIDTH="2252" HEIGHT="95">
						<String ID="P74_ST00010" HPOS="534" VPOS="640" WIDTH="208" HEIGHT="61" CONTENT="Bülow" WC="0.85" CC="60010"/>
						<SP ID="P74_SP00008" HPOS="742" VPOS="701" WIDTH="42"/>
						<String ID="P74_ST00011" HPOS="784" VPOS="642" WIDTH="174" HEIGHT="61" CONTENT="selbst" WC="0.98" CC="057702"/>
						<SP ID="P74_SP00009" HPOS="958" VPOS="703" WIDTH="47"/>
						<String ID="P74_ST00012" HPOS="1005" VPOS="644" WIDTH="197" HEIGHT="77" CONTENT="spricht" WC="0.98" CC="0446645"/>
						<SP ID="P74_SP00010" HPOS="1202" VPOS="721" WIDTH="39"/>
						<String ID="P74_ST00013" HPOS="1241" VPOS="668" WIDTH="117" HEIGHT="37" CONTENT="von" WC="0.97" CC="053"/>
						<SP ID="P74_SP00011" HPOS="1358" VPOS="721" WIDTH="42"/>
						<String ID="P74_ST00014" HPOS="1400" VPOS="644" WIDTH="84" HEIGHT="62" CONTENT="ihr" WC="0.93" CC="676"/>
						<SP ID="P74_SP00012" HPOS="1484" VPOS="721" WIDTH="40"/>
						<String ID="P74_ST00015" HPOS="1524" VPOS="669" WIDTH="106" HEIGHT="38" CONTENT="aus" WC="0.97" CC="350"/>
						<SP ID="P74_SP00013" HPOS="1630" VPOS="721" WIDTH="52"/>
						<String ID="P74_ST00016" HPOS="1682" VPOS="655" WIDTH="155" HEIGHT="53" CONTENT="einer" WC="0.96" CC="58355"/>
						<SP ID="P74_SP00014" HPOS="1837" VPOS="721" WIDTH="55"/>
						<String ID="P74_ST00017" HPOS="1892" VPOS="651" WIDTH="289" HEIGHT="75" CONTENT="göttlichen" WC="0.99" CC="7300725700"/>
						<SP ID="P74_SP00015" HPOS="2181" VPOS="726" WIDTH="33"/>
						<String ID="P74_ST00018" HPOS="2214" VPOS="651" WIDTH="572" HEIGHT="84" CONTENT="Vogelperspektive," WC="1.00" CC="05900406050542004"/>
					</TextLine>
					<TextLine ID="P74_TL00004" HPOS="535" VPOS="735" WIDTH="2251" HEIGHT="90">
						<String ID="P74_ST00019" HPOS="535" VPOS="743" WIDTH="100" HEIGHT="52" CONTENT="mit" WC="0.96" CC="405"/>
						<SP ID="P74_SP00016" HPOS="635" VPOS="795" WIDTH="41"/>
						<String ID="P74_ST00020" HPOS="676" VPOS="735" WIDTH="507" HEIGHT="62" CONTENT="unnachahmlicher" WC="0.99" CC="503160300716006"/>
						<SP ID="P74_SP00017" HPOS="1183" VPOS="797" WIDTH="30"/>
						<String ID="P74_ST00021" HPOS="1213" VPOS="738" WIDTH="460" HEIGHT="77" CONTENT="Allgemeinheit," WC="1.00" CC="60700006000104"/>
						<SP ID="P74_SP00018" HPOS="1673" VPOS="815" WIDTH="33"/>
						<String ID="P74_ST00022" HPOS="1706" VPOS="743" WIDTH="207" HEIGHT="61" CONTENT="welche" WC="0.99" CC="307000"/>
						<SP ID="P74_SP00019" HPOS="1913" VPOS="815" WIDTH="33"/>
						<String ID="P74_ST00023" HPOS="1946" VPOS="745" WIDTH="269" HEIGHT="62" CONTENT="vielleicht" WC="0.99" CC="0000706005"/>
						<SP ID="P74_SP00020" HPOS="2215" VPOS="815" WIDTH="36"/>
						<String ID="P74_ST00024" HPOS="2251" VPOS="757" WIDTH="218" HEIGHT="68" CONTENT="einigen" WC="0.99" CC="0005005"/>
						<SP ID="P74_SP00021" HPOS="2469" VPOS="825" WIDTH="41"/>
						<String ID="P74_ST00025" HPOS="2510" VPOS="752" WIDTH="276" HEIGHT="61" CONTENT="zwischen" WC="0.99" CC="69300000"/>
					</TextLine>
					<TextLine ID="P74_TL00005" HPOS="536" VPOS="828" WIDTH="2250" HEIGHT="92">
						<String ID="P74_ST00026" HPOS="536" VPOS="828" WIDTH="91" HEIGHT="61" CONTENT="die" WC="0.96" CC="810"/>
						<SP ID="P74_SP00022" HPOS="627" VPOS="889" WIDTH="49"/>
						<String ID="P74_ST00027" HPOS="676" VPOS="829" WIDTH="352" HEIGHT="62" CONTENT="Mühlsteine" WC="1.00" CC="4000000200"/>
						<SP ID="P74_SP00023" HPOS="1028" VPOS="891" WIDTH="48"/>
						<String ID="P74_ST00028" HPOS="1076" VPOS="830" WIDTH="100" HEIGHT="61" CONTENT="der" WC="0.95" CC="920"/>
						<SP ID="P74_SP00024" HPOS="1176" VPOS="891" WIDTH="49"/>
						<String ID="P74_ST00029" HPOS="1225" VPOS="832" WIDTH="316" HEIGHT="63" CONTENT="Interessen" WC="0.99" CC="4060400006"/>
						<SP ID="P74_SP00025" HPOS="1541" VPOS="895" WIDTH="58"/>
						<String ID="P74_ST00030" HPOS="1599" VPOS="835" WIDTH="466" HEIGHT="78" CONTENT="eingeklemmten" WC="1.00" CC="0500047300400"/>
						<SP ID="P74_SP00026" HPOS="2065" VPOS="913" WIDTH="42"/>
						<String ID="P74_ST00031" HPOS="2107" VPOS="839" WIDTH="679" HEIGHT="81" CONTENT="Verwaltungsbeamten" WC="1.00" CC="006000600007000500"/>
					</TextLine>
					<TextLine ID="P74_TL00006" HPOS="534" VPOS="922" WIDTH="2253" HEIGHT="92">
						<String ID="P74_ST00032" HPOS="534" VPOS="922" WIDTH="91" HEIGHT="61" CONTENT="die" WC="0.98" CC="040"/>
						<SP ID="P74_SP00027" HPOS="625" VPOS="983" WIDTH="40"/>
						<String ID="P74_ST00033" HPOS="665" VPOS="946" WIDTH="134" HEIGHT="54" CONTENT="gern" WC="0.98" CC="0060"/>
						<SP ID="P74_SP00028" HPOS="799" VPOS="1000" WIDTH="33"/>
						<String ID="P74_ST00034" HPOS="832" VPOS="932" WIDTH="282" HEIGHT="68" CONTENT="gegönnte" WC="1.00" CC="00031050"/>
						<SP ID="P74_SP00029" HPOS="1114" VPOS="1000" WIDTH="24"/>
						<String ID="P74_ST00035" HPOS="1138" VPOS="924" WIDTH="230" HEIGHT="63" CONTENT="Illusion" WC="0.99" CC="30000520"/>
						<SP ID="P74_SP00030" HPOS="1368" VPOS="1000" WIDTH="36"/>
						<String ID="P74_ST00036" HPOS="1404" VPOS="936" WIDTH="153" HEIGHT="52" CONTENT="einer" WC="1.00" CC="03000"/>
						<SP ID="P74_SP00031" HPOS="1557" VPOS="1000" WIDTH="32"/>
						<String ID="P74_ST00037" HPOS="1589" VPOS="928" WIDTH="206" HEIGHT="62" CONTENT="letzten" WC="0.99" CC="7060330"/>
						<SP ID="P74_SP00032" HPOS="1795" VPOS="1000" WIDTH="27"/>
						<String ID="P74_ST00038" HPOS="1822" VPOS="931" WIDTH="318" HEIGHT="64" CONTENT="Harmonie" WC="0.99" CC="50602040"/>
						<SP ID="P74_SP00033" HPOS="2140" VPOS="1000" WIDTH="32"/>
						<String ID="P74_ST00039" HPOS="2172" VPOS="934" WIDTH="183" HEIGHT="78" CONTENT="geben" WC="1.00" CC="00000"/>
						<SP ID="P74_SP00034" HPOS="2355" VPOS="1012" WIDTH="33"/>
						<String ID="P74_ST00040" HPOS="2388" VPOS="946" WIDTH="227" HEIGHT="68" CONTENT="mögen," WC="1.00" CC="000003"/>
						<SP ID="P74_SP00035" HPOS="2615" VPOS="1014" WIDTH="35"/>
						<String ID="P74_ST00041" HPOS="2650" VPOS="938" WIDTH="137" HEIGHT="64" CONTENT="aber" WC="0.99" CC="0006"/>
					</TextLine>
					<TextLine ID="P74_TL00007" HPOS="539" VPOS="1016" WIDTH="2247" HEIGHT="94">
						<String ID="P74_ST00042" HPOS="539" VPOS="1016" WIDTH="88" HEIGHT="59" CONTENT="für" WC="0.96" CC="406"/>
						<SP ID="P74_SP00036" HPOS="627" VPOS="1075" WIDTH="40"/>
						<String ID="P74_ST00043" HPOS="667" VPOS="1016" WIDTH="108" HEIGHT="61" CONTENT="den" WC="1.00" CC="000"/>
						<SP ID="P74_SP00037" HPOS="775" VPOS="1077" WIDTH="43"/>
						<String ID="P74_ST00044" HPOS="818" VPOS="1017" WIDTH="282" HEIGHT="61" CONTENT="einfachen" WC="0.99" CC="070600700"/>
						<SP ID="P74_SP00038" HPOS="1100" VPOS="1078" WIDTH="35"/>
						<String ID="P74_ST00045" HPOS="1135" VPOS="1018" WIDTH="401" HEIGHT="82" CONTENT="Staatsbürger" WC="0.99" CC="560010705005"/>
						<SP ID="P74_SP00039" HPOS="1536" VPOS="1100" WIDTH="41"/>
						<String ID="P74_ST00046" HPOS="1577" VPOS="1047" WIDTH="106" HEIGHT="37" CONTENT="nur" WC="0.94" CC="466"/>
						<SP ID="P74_SP00040" HPOS="1683" VPOS="1100" WIDTH="33"/>
						<String ID="P74_ST00047" HPOS="1716" VPOS="1023" WIDTH="109" HEIGHT="63" CONTENT="den" WC="1.00" CC="000"/>
						<SP ID="P74_SP00041" HPOS="1825" VPOS="1100" WIDTH="28"/>
						<String ID="P74_ST00048" HPOS="1853" VPOS="1026" WIDTH="248" HEIGHT="80" CONTENT="Vorzug" WC="0.98" CC="046700"/>
						<SP ID="P74_SP00042" HPOS="2101" VPOS="1106" WIDTH="32"/>
						<String ID="P74_ST00049" HPOS="2133" VPOS="1028" WIDTH="101" HEIGHT="61" CONTENT="der" WC="0.96" CC="026"/>
						<SP ID="P74_SP00043" HPOS="2234" VPOS="1106" WIDTH="25"/>
						<String ID="P74_ST00050" HPOS="2259" VPOS="1028" WIDTH="287" HEIGHT="82" CONTENT="Wirkung" WC="0.97" CC="7660609"/>
						<SP ID="P74_SP00044" HPOS="2546" VPOS="1110" WIDTH="34"/>
						<String ID="P74_ST00051" HPOS="2580" VPOS="1032" WIDTH="206" HEIGHT="73" CONTENT="haben," WC="0.98" CC="600504"/>
					</TextLine>
					<TextLine ID="P74_TL00008" HPOS="533" VPOS="1108" WIDTH="984" HEIGHT="69">
						<String ID="P74_ST00052" HPOS="533" VPOS="1108" WIDTH="91" HEIGHT="61" CONTENT="ihn" WC="0.97" CC="060"/>
						<SP ID="P74_SP00045" HPOS="624" VPOS="1169" WIDTH="42"/>
						<String ID="P74_ST00053" HPOS="666" VPOS="1119" WIDTH="98" HEIGHT="50" CONTENT="mit" WC="0.98" CC="041"/>
						<SP ID="P74_SP00046" HPOS="764" VPOS="1169" WIDTH="40"/>
						<String ID="P74_ST00054" HPOS="804" VPOS="1110" WIDTH="171" HEIGHT="61" CONTENT="Geist" WC="0.97" CC="63605"/>
						<SP ID="P74_SP00047" HPOS="975" VPOS="1171" WIDTH="38"/>
						<String ID="P74_ST00055" HPOS="1013" VPOS="1135" WIDTH="75" HEIGHT="37" CONTENT="zu" WC="0.32" CC="76"/>
						<SP ID="P74_SP00048" HPOS="1088" VPOS="1172" WIDTH="40"/>
						<String ID="P74_ST00056" HPOS="1128" VPOS="1114" WIDTH="389" HEIGHT="63" CONTENT="verdummen." WC="1.00" CC="0060005004"/>
					</TextLine>
					<TextLine ID="P74_TL00009" HPOS="609" VPOS="1202" WIDTH="2178" HEIGHT="92">
						<String ID="P74_ST00057" HPOS="609" VPOS="1202" WIDTH="134" HEIGHT="61" CONTENT="Aus" WC="0.96" CC="460"/>
						<SP ID="P74_SP00049" HPOS="743" VPOS="1263" WIDTH="37"/>
						<String ID="P74_ST00058" HPOS="780" VPOS="1204" WIDTH="109" HEIGHT="61" CONTENT="den" WC="0.98" CC="005"/>
						<SP ID="P74_SP00050" HPOS="889" VPOS="1265" WIDTH="35"/>
						<String ID="P74_ST00059" HPOS="924" VPOS="1205" WIDTH="406" HEIGHT="80" CONTENT="Darlegungen" WC="1.00" CC="20400060000"/>
						<SP ID="P74_SP00051" HPOS="1330" VPOS="1285" WIDTH="36"/>
						<String ID="P74_ST00060" HPOS="1366" VPOS="1209" WIDTH="99" HEIGHT="62" CONTENT="der" WC="0.96" CC="055"/>
						<SP ID="P74_SP00052" HPOS="1465" VPOS="1285" WIDTH="42"/>
						<String ID="P74_ST00061" HPOS="1507" VPOS="1211" WIDTH="249" HEIGHT="63" CONTENT="äußeren" WC="0.99" CC="0620504"/>
						<SP ID="P74_SP00053" HPOS="1756" VPOS="1285" WIDTH="33"/>
						<String ID="P74_ST00062" HPOS="1789" VPOS="1214" WIDTH="198" HEIGHT="61" CONTENT="Politik" WC="0.99" CC="0104550"/>
						<SP ID="P74_SP00054" HPOS="1987" VPOS="1285" WIDTH="40"/>
						<String ID="P74_ST00063" HPOS="2027" VPOS="1214" WIDTH="172" HEIGHT="80" CONTENT="klingt" WC="0.99" CC="042000"/>
						<SP ID="P74_SP00055" HPOS="2199" VPOS="1294" WIDTH="40"/>
						<String ID="P74_ST00064" HPOS="2239" VPOS="1227" WIDTH="89" HEIGHT="50" CONTENT="ein" WC="0.97" CC="070"/>
						<SP ID="P74_SP00056" HPOS="2328" VPOS="1294" WIDTH="42"/>
						<String ID="P74_ST00065" HPOS="2370" VPOS="1218" WIDTH="239" HEIGHT="62" CONTENT="anderer" WC="0.98" CC="6006606"/>
						<SP ID="P74_SP00057" HPOS="2609" VPOS="1294" WIDTH="24"/>
						<String ID="P74_ST00066" HPOS="2633" VPOS="1215" WIDTH="154" HEIGHT="76" CONTENT="Ton," WC="0.97" CC="6404"/>
					</TextLine>
					<TextLine ID="P74_TL00010" HPOS="530" VPOS="1295" WIDTH="2258" HEIGHT="84">
						<String ID="P74_ST00067" HPOS="530" VPOS="1295" WIDTH="363" HEIGHT="80" CONTENT="bedächtiger." WC="0.99" CC="710000649054"/>
						<SP ID="P74_SP00058" HPOS="893" VPOS="1375" WIDTH="37"/>
						<String ID="P74_ST00068" HPOS="930" VPOS="1299" WIDTH="144" HEIGHT="61" CONTENT="Hier" WC="0.96" CC="4642"/>
						<SP ID="P74_SP00059" HPOS="1074" VPOS="1375" WIDTH="25"/>
						<String ID="P74_ST00069" HPOS="1099" VPOS="1309" WIDTH="70" HEIGHT="52" CONTENT="ist" WC="0.99" CC="001"/>
						<SP ID="P74_SP00060" HPOS="1169" VPOS="1375" WIDTH="24"/>
						<String ID="P74_ST00070" HPOS="1193" VPOS="1312" WIDTH="53" HEIGHT="67" CONTENT="ja" WC="0.63" CC="70"/>
						<SP ID="P74_SP00061" HPOS="1246" VPOS="1379" WIDTH="27"/>
						<String ID="P74_ST00071" HPOS="1273" VPOS="1303" WIDTH="184" HEIGHT="62" CONTENT="dieser" WC="0.99" CC="050006"/>
						<SP ID="P74_SP00062" HPOS="1457" VPOS="1379" WIDTH="24"/>
						<String ID="P74_ST00072" HPOS="1481" VPOS="1304" WIDTH="261" HEIGHT="64" CONTENT="behende" WC="0.99" CC="7002000"/>
						<SP ID="P74_SP00063" HPOS="1742" VPOS="1379" WIDTH="28"/>
						<String ID="P74_ST00073" HPOS="1770" VPOS="1307" WIDTH="171" HEIGHT="63" CONTENT="Geist" WC="0.99" CC="00405"/>
						<SP ID="P74_SP00064" HPOS="1941" VPOS="1379" WIDTH="24"/>
						<String ID="P74_ST00074" HPOS="1965" VPOS="1333" WIDTH="136" HEIGHT="37" CONTENT="vom" WC="0.98" CC="040"/>
						<SP ID="P74_SP00065" HPOS="2101" VPOS="1379" WIDTH="19"/>
						<String ID="P74_ST00075" HPOS="2120" VPOS="1310" WIDTH="189" HEIGHT="61" CONTENT="Wurf" WC="0.96" CC="7067"/>
						<SP ID="P74_SP00066" HPOS="2309" VPOS="1379" WIDTH="26"/>
						<String ID="P74_ST00076" HPOS="2335" VPOS="1312" WIDTH="100" HEIGHT="61" CONTENT="der" WC="0.98" CC="006"/>
						<SP ID="P74_SP00067" HPOS="2435" VPOS="1379" WIDTH="27"/>
						<String ID="P74_ST00077" HPOS="2462" VPOS="1313" WIDTH="326" HEIGHT="63" CONTENT="Geschichte" WC="1.00" CC="5000010020"/>
					</TextLine>
					<TextLine ID="P74_TL00011" HPOS="530" VPOS="1392" WIDTH="2258" HEIGHT="96">
						<String ID="P74_ST00078" HPOS="530" VPOS="1399" WIDTH="177" HEIGHT="69" CONTENT="einige" WC="0.99" CC="022400"/>
						<SP ID="P74_SP00068" HPOS="707" VPOS="1468" WIDTH="25"/>
						<String ID="P74_ST00079" HPOS="732" VPOS="1392" WIDTH="164" HEIGHT="62" CONTENT="Male" WC="0.98" CC="1140"/>
						<SP ID="P74_SP00069" HPOS="896" VPOS="1468" WIDTH="32"/>
						<String ID="P74_ST00080" HPOS="928" VPOS="1397" WIDTH="248" HEIGHT="73" CONTENT="gestreift" WC="0.99" CC="000550470"/>
						<SP ID="P74_SP00070" HPOS="1176" VPOS="1470" WIDTH="25"/>
						<String ID="P74_ST00081" HPOS="1201" VPOS="1398" WIDTH="256" HEIGHT="63" CONTENT="worden." WC="1.00" CC="0040004"/>
						<SP ID="P74_SP00071" HPOS="1457" VPOS="1470" WIDTH="45"/>
						<String ID="P74_ST00082" HPOS="1502" VPOS="1399" WIDTH="144" HEIGHT="62" CONTENT="Hier" WC="0.97" CC="3504"/>
						<SP ID="P74_SP00072" HPOS="1646" VPOS="1470" WIDTH="41"/>
						<String ID="P74_ST00083" HPOS="1687" VPOS="1401" WIDTH="149" HEIGHT="62" CONTENT="hatte" WC="1.00" CC="00000"/>
						<SP ID="P74_SP00073" HPOS="1836" VPOS="1470" WIDTH="43"/>
						<String ID="P74_ST00084" HPOS="1879" VPOS="1426" WIDTH="59" HEIGHT="38" CONTENT="er" WC="0.70" CC="05"/>
						<SP ID="P74_SP00074" HPOS="1938" VPOS="1470" WIDTH="18"/>
						<String ID="P74_ST00085" HPOS="1956" VPOS="1404" WIDTH="109" HEIGHT="61" CONTENT="auf" WC="0.98" CC="005"/>
						<SP ID="P74_SP00075" HPOS="2065" VPOS="1470" WIDTH="34"/>
						<String ID="P74_ST00086" HPOS="2099" VPOS="1414" WIDTH="154" HEIGHT="53" CONTENT="seine" WC="0.99" CC="00400"/>
						<SP ID="P74_SP00076" HPOS="2253" VPOS="1470" WIDTH="33"/>
						<String ID="P74_ST00087" HPOS="2286" VPOS="1407" WIDTH="207" HEIGHT="61" CONTENT="Weise" WC="0.99" CC="00400"/>
						<SP ID="P74_SP00077" HPOS="2493" VPOS="1470" WIDTH="34"/>
						<String ID="P74_ST00088" HPOS="2527" VPOS="1408" WIDTH="261" HEIGHT="80" CONTENT="Reibung" WC="0.98" CC="6037079"/>
					</TextLine>
					<TextLine ID="P74_TL00012" HPOS="534" VPOS="1486" WIDTH="2253" HEIGHT="95">
						<String ID="P74_ST00089" HPOS="534" VPOS="1486" WIDTH="115" HEIGHT="59" CONTENT="und" WC="0.98" CC="500"/>
						<SP ID="P74_SP00078" HPOS="649" VPOS="1545" WIDTH="41"/>
						<String ID="P74_ST00090" HPOS="690" VPOS="1496" WIDTH="119" HEIGHT="51" CONTENT="sein" WC="0.99" CC="0060"/>
						<SP ID="P74_SP00079" HPOS="809" VPOS="1547" WIDTH="46"/>
						<String ID="P74_ST00091" HPOS="855" VPOS="1511" WIDTH="104" HEIGHT="38" CONTENT="»so" WC="0.97" CC="403"/>
						<SP ID="P74_SP00080" HPOS="959" VPOS="1549" WIDTH="42"/>
						<String ID="P74_ST00092" HPOS="1001" VPOS="1489" WIDTH="92" HEIGHT="78" CONTENT="lag" WC="0.97" CC="700"/>
						<SP ID="P74_SP00081" HPOS="1093" VPOS="1567" WIDTH="40"/>
						<String ID="P74_ST00093" HPOS="1133" VPOS="1492" WIDTH="75" HEIGHT="60" CONTENT="ich" WC="0.95" CC="607"/>
						<SP ID="P74_SP00082" HPOS="1208" VPOS="1567" WIDTH="43"/>
						<String ID="P74_ST00094" HPOS="1251" VPOS="1516" WIDTH="127" HEIGHT="48" CONTENT="aus," WC="0.99" CC="0004"/>
						<SP ID="P74_SP00083" HPOS="1378" VPOS="1567" WIDTH="44"/>
						<String ID="P74_ST00095" HPOS="1422" VPOS="1517" WIDTH="67" HEIGHT="38" CONTENT="so" WC="0.71" CC="05"/>
						<SP ID="P74_SP00084" HPOS="1489" VPOS="1567" WIDTH="44"/>
						<String ID="P74_ST00096" HPOS="1533" VPOS="1495" WIDTH="186" HEIGHT="63" CONTENT="führte" WC="0.98" CC="600550"/>
						<SP ID="P74_SP00085" HPOS="1719" VPOS="1567" WIDTH="49"/>
						<String ID="P74_ST00097" HPOS="1768" VPOS="1498" WIDTH="77" HEIGHT="60" CONTENT="ich" WC="1.00" CC="000"/>
						<SP ID="P74_SP00086" HPOS="1845" VPOS="1567" WIDTH="41"/>
						<String ID="P74_ST00098" HPOS="1886" VPOS="1508" WIDTH="186" HEIGHT="53" CONTENT="meine" WC="0.99" CC="00204"/>
						<SP ID="P74_SP00087" HPOS="2072" VPOS="1567" WIDTH="39"/>
						<String ID="P74_ST00099" HPOS="2111" VPOS="1500" WIDTH="243" HEIGHT="78" CONTENT="Klinge«" WC="0.99" CC="0026902"/>
						<SP ID="P74_SP00088" HPOS="2354" VPOS="1578" WIDTH="44"/>
						<String ID="P74_ST00100" HPOS="2398" VPOS="1501" WIDTH="184" HEIGHT="80" CONTENT="bringt" WC="0.98" CC="760004"/>
						<SP ID="P74_SP00089" HPOS="2582" VPOS="1581" WIDTH="41"/>
						<String ID="P74_ST00101" HPOS="2623" VPOS="1514" WIDTH="164" HEIGHT="52" CONTENT="einen" WC="0.99" CC="05000"/>
					</TextLine>
					<TextLine ID="P74_TL00013" HPOS="531" VPOS="1577" WIDTH="731" HEIGHT="83">
						<String ID="P74_ST00102" HPOS="531" VPOS="1577" WIDTH="304" HEIGHT="64" CONTENT="deutlichen" WC="1.00" CC="0060030003"/>
						<SP ID="P74_SP00090" HPOS="835" VPOS="1641" WIDTH="44"/>
						<String ID="P74_ST00103" HPOS="879" VPOS="1581" WIDTH="237" HEIGHT="79" CONTENT="Gegner" WC="0.98" CC="650445"/>
						<SP ID="P74_SP00091" HPOS="1116" VPOS="1660" WIDTH="39"/>
						<String ID="P74_ST00104" HPOS="1155" VPOS="1583" WIDTH="107" HEIGHT="64" CONTENT="bei." WC="0.96" CC="7561"/>
					</TextLine>
					<TextLine ID="P74_TL00014" HPOS="610" VPOS="1672" WIDTH="2174" HEIGHT="98">
						<String ID="P74_ST00105" HPOS="610" VPOS="1672" WIDTH="123" HEIGHT="61" CONTENT="Der" WC="0.96" CC="506"/>
						<SP ID="P74_SP00092" HPOS="733" VPOS="1733" WIDTH="24"/>
						<String ID="P74_ST00106" HPOS="757" VPOS="1674" WIDTH="126" HEIGHT="62" CONTENT="Bau" WC="0.98" CC="006"/>
						<SP ID="P74_SP00093" HPOS="883" VPOS="1736" WIDTH="27"/>
						<String ID="P74_ST00107" HPOS="910" VPOS="1676" WIDTH="100" HEIGHT="61" CONTENT="der" WC="0.98" CC="005"/>
						<SP ID="P74_SP00094" HPOS="1010" VPOS="1737" WIDTH="36"/>
						<String ID="P74_ST00108" HPOS="1046" VPOS="1677" WIDTH="301" HEIGHT="64" CONTENT="deutschen" WC="1.00" CC="000300700"/>
						<SP ID="P74_SP00095" HPOS="1347" VPOS="1741" WIDTH="34"/>
						<String ID="P74_ST00109" HPOS="1381" VPOS="1681" WIDTH="187" HEIGHT="62" CONTENT="Flotte" WC="0.98" CC="660110"/>
						<SP ID="P74_SP00096" HPOS="1568" VPOS="1743" WIDTH="33"/>
						<String ID="P74_ST00110" HPOS="1601" VPOS="1684" WIDTH="148" HEIGHT="61" CONTENT="stellt" WC="0.99" CC="060004"/>
						<SP ID="P74_SP00097" HPOS="1749" VPOS="1745" WIDTH="33"/>
						<String ID="P74_ST00111" HPOS="1782" VPOS="1694" WIDTH="125" HEIGHT="52" CONTENT="eine" WC="0.98" CC="0450"/>
						<SP ID="P74_SP00098" HPOS="1907" VPOS="1746" WIDTH="34"/>
						<String ID="P74_ST00112" HPOS="1941" VPOS="1685" WIDTH="100" HEIGHT="62" CONTENT="der" WC="0.98" CC="006"/>
						<SP ID="P74_SP00099" HPOS="2041" VPOS="1747" WIDTH="26"/>
						<String ID="P74_ST00113" HPOS="2067" VPOS="1686" WIDTH="505" HEIGHT="80" CONTENT="merkwürdigsten" WC="1.00" CC="00600100600406"/>
						<SP ID="P74_SP00100" HPOS="2572" VPOS="1766" WIDTH="27"/>
						<String ID="P74_ST00114" HPOS="2599" VPOS="1690" WIDTH="155" HEIGHT="80" CONTENT="diplo" SUBS_TYPE="HypPart1" SUBS_CONTENT="diplomatischen" WC="1.00" CC="00000"/>
						<HYP HPOS="2754" VPOS="1690" WIDTH="30" CONTENT="-"/>
					</TextLine>
					<TextLine ID="P74_TL00015" HPOS="530" VPOS="1768" WIDTH="2256" HEIGHT="96">
						<String ID="P74_ST00115" HPOS="530" VPOS="1768" WIDTH="299" HEIGHT="61" CONTENT="matischen" SUBS_TYPE="HypPart2" SUBS_CONTENT="diplomatischen" WC="1.00" CC="000300000"/>
						<SP ID="P74_SP00101" HPOS="829" VPOS="1829" WIDTH="49"/>
						<String ID="P74_ST00116" HPOS="878" VPOS="1769" WIDTH="500" HEIGHT="81" CONTENT="Komplikationen" WC="1.00" CC="01000000130005"/>
						<SP ID="P74_SP00102" HPOS="1378" VPOS="1850" WIDTH="51"/>
						<String ID="P74_ST00117" HPOS="1429" VPOS="1776" WIDTH="120" HEIGHT="70" CONTENT="dar," WC="0.97" CC="0454"/>
						<SP ID="P74_SP00103" HPOS="1549" VPOS="1850" WIDTH="59"/>
						<String ID="P74_ST00118" HPOS="1608" VPOS="1776" WIDTH="90" HEIGHT="63" CONTENT="die" WC="1.00" CC="000"/>
						<SP ID="P74_SP00104" HPOS="1698" VPOS="1850" WIDTH="50"/>
						<String ID="P74_ST00119" HPOS="1748" VPOS="1779" WIDTH="90" HEIGHT="61" CONTENT="die" WC="0.98" CC="060"/>
						<SP ID="P74_SP00105" HPOS="1838" VPOS="1850" WIDTH="52"/>
						<String ID="P74_ST00120" HPOS="1890" VPOS="1779" WIDTH="327" HEIGHT="63" CONTENT="Geschichte" WC="1.00" CC="4000900020"/>
						<SP ID="P74_SP00106" HPOS="2217" VPOS="1850" WIDTH="56"/>
						<String ID="P74_ST00121" HPOS="2273" VPOS="1782" WIDTH="187" HEIGHT="63" CONTENT="kennt." WC="0.98" CC="006064"/>
						<SP ID="P74_SP00107" HPOS="2460" VPOS="1850" WIDTH="60"/>
						<String ID="P74_ST00122" HPOS="2520" VPOS="1785" WIDTH="228" HEIGHT="79" CONTENT="Kompli" SUBS_TYPE="HypPart1" SUBS_CONTENT="Komplikation" WC="1.00" CC="001000"/>
						<HYP HPOS="2748" VPOS="1785" WIDTH="38" CONTENT="-"/>
					</TextLine>
					<TextLine ID="P74_TL00016" HPOS="531" VPOS="1860" WIDTH="2252" HEIGHT="93">
						<String ID="P74_ST00123" HPOS="531" VPOS="1860" WIDTH="190" HEIGHT="61" CONTENT="kation" SUBS_TYPE="HypPart2" SUBS_CONTENT="Komplikation" WC="0.97" CC="863443"/>
						<SP ID="P74_SP00108" HPOS="721" VPOS="1921" WIDTH="43"/>
						<String ID="P74_ST00124" HPOS="764" VPOS="1870" WIDTH="71" HEIGHT="54" CONTENT="ist" WC="0.96" CC="604"/>
						<SP ID="P74_SP00109" HPOS="835" VPOS="1924" WIDTH="42"/>
						<String ID="P74_ST00125" HPOS="877" VPOS="1864" WIDTH="103" HEIGHT="62" CONTENT="das" WC="1.00" CC="000"/>
						<SP ID="P74_SP00110" HPOS="980" VPOS="1926" WIDTH="42"/>
						<String ID="P74_ST00126" HPOS="1022" VPOS="1868" WIDTH="218" HEIGHT="76" CONTENT="richtige" WC="0.99" CC="34000200"/>
						<SP ID="P74_SP00111" HPOS="1240" VPOS="1944" WIDTH="25"/>
						<String ID="P74_ST00127" HPOS="1265" VPOS="1869" WIDTH="197" HEIGHT="73" CONTENT="Wort," WC="0.99" CC="00604"/>
						<SP ID="P74_SP00112" HPOS="1462" VPOS="1944" WIDTH="43"/>
						<String ID="P74_ST00128" HPOS="1505" VPOS="1870" WIDTH="149" HEIGHT="63" CONTENT="denn" WC="1.00" CC="0000"/>
						<SP ID="P74_SP00113" HPOS="1654" VPOS="1944" WIDTH="44"/>
						<String ID="P74_ST00129" HPOS="1698" VPOS="1872" WIDTH="91" HEIGHT="62" CONTENT="die" WC="0.98" CC="060"/>
						<SP ID="P74_SP00114" HPOS="1789" VPOS="1944" WIDTH="43"/>
						<String ID="P74_ST00130" HPOS="1832" VPOS="1873" WIDTH="195" HEIGHT="80" CONTENT="fertige" WC="0.99" CC="0075600"/>
						<SP ID="P74_SP00115" HPOS="2027" VPOS="1953" WIDTH="41"/>
						<String ID="P74_ST00131" HPOS="2068" VPOS="1876" WIDTH="188" HEIGHT="62" CONTENT="Flotte" WC="0.99" CC="464000"/>
						<SP ID="P74_SP00116" HPOS="2256" VPOS="1953" WIDTH="42"/>
						<String ID="P74_ST00132" HPOS="2298" VPOS="1886" WIDTH="71" HEIGHT="52" CONTENT="ist" WC="0.95" CC="705"/>
						<SP ID="P74_SP00117" HPOS="2369" VPOS="1953" WIDTH="41"/>
						<String ID="P74_ST00133" HPOS="2410" VPOS="1895" WIDTH="115" HEIGHT="45" CONTENT="erst" WC="0.99" CC="0005"/>
						<SP ID="P74_SP00118" HPOS="2525" VPOS="1953" WIDTH="40"/>
						<String ID="P74_ST00134" HPOS="2565" VPOS="1888" WIDTH="90" HEIGHT="52" CONTENT="ein" WC="0.98" CC="050"/>
						<SP ID="P74_SP00119" HPOS="2655" VPOS="1953" WIDTH="42"/>
						<String ID="P74_ST00135" HPOS="2697" VPOS="1881" WIDTH="58" HEIGHT="61" CONTENT="di" SUBS_TYPE="HypPart1" SUBS_CONTENT="direktes" WC="0.96" CC="05"/>
						<HYP HPOS="2755" VPOS="1881" WIDTH="28" CONTENT="-"/>
					</TextLine>
					<TextLine ID="P74_TL00017" HPOS="533" VPOS="1956" WIDTH="2254" HEIGHT="88">
						<String ID="P74_ST00136" HPOS="533" VPOS="1956" WIDTH="181" HEIGHT="62" CONTENT="rektes" SUBS_TYPE="HypPart2" SUBS_CONTENT="direktes" WC="0.99" CC="700600"/>
						<SP ID="P74_SP00120" HPOS="714" VPOS="2018" WIDTH="54"/>
						<String ID="P74_ST00137" HPOS="768" VPOS="1958" WIDTH="445" HEIGHT="79" CONTENT="diplomatisches" WC="1.00" CC="04000034700050"/>
						<SP ID="P74_SP00121" HPOS="1213" VPOS="2037" WIDTH="52"/>
						<String ID="P74_ST00138" HPOS="1265" VPOS="1964" WIDTH="218" HEIGHT="77" CONTENT="Objekt" WC="0.99" CC="077000"/>
						<SP ID="P74_SP00122" HPOS="1483" VPOS="2041" WIDTH="45"/>
						<String ID="P74_ST00139" HPOS="1528" VPOS="1968" WIDTH="342" HEIGHT="76" CONTENT="geworden,*" WC="1.00" CC="0004600040"/>
						<SP ID="P74_SP00123" HPOS="1870" VPOS="2044" WIDTH="56"/>
						<String ID="P74_ST00140" HPOS="1926" VPOS="1969" WIDTH="100" HEIGHT="61" CONTENT="der" WC="0.97" CC="006"/>
						<SP ID="P74_SP00124" HPOS="2026" VPOS="2044" WIDTH="48"/>
						<String ID="P74_ST00141" HPOS="2074" VPOS="1971" WIDTH="126" HEIGHT="61" CONTENT="Bau" WC="1.00" CC="000"/>
						<SP ID="P74_SP00125" HPOS="2200" VPOS="2044" WIDTH="57"/>
						<String ID="P74_ST00142" HPOS="2257" VPOS="1972" WIDTH="177" HEIGHT="61" CONTENT="selbst" WC="0.99" CC="004013"/>
						<SP ID="P74_SP00126" HPOS="2434" VPOS="2044" WIDTH="48"/>
						<String ID="P74_ST00143" HPOS="2482" VPOS="1997" WIDTH="123" HEIGHT="37" CONTENT="war" WC="0.97" CC="006"/>
						<SP ID="P74_SP00127" HPOS="2605" VPOS="2044" WIDTH="57"/>
						<String ID="P74_ST00144" HPOS="2662" VPOS="1983" WIDTH="125" HEIGHT="54" CONTENT="eine" WC="0.98" CC="0207"/>
					</TextLine>
					<TextLine ID="P74_TL00018" HPOS="533" VPOS="2048" WIDTH="2255" HEIGHT="94">
						<String ID="P74_ST00145" HPOS="533" VPOS="2048" WIDTH="318" HEIGHT="80" CONTENT="Flypothek" WC="0.63" CC="767040700"/>
						<SP ID="P74_SP00128" HPOS="851" VPOS="2128" WIDTH="26"/>
						<String ID="P74_ST00146" HPOS="877" VPOS="2053" WIDTH="109" HEIGHT="60" CONTENT="auf" WC="0.96" CC="065"/>
						<SP ID="P74_SP00129" HPOS="986" VPOS="2128" WIDTH="27"/>
						<String ID="P74_ST00147" HPOS="1013" VPOS="2055" WIDTH="90" HEIGHT="61" CONTENT="die" WC="0.98" CC="040"/>
						<SP ID="P74_SP00130" HPOS="1103" VPOS="2128" WIDTH="27"/>
						<String ID="P74_ST00148" HPOS="1130" VPOS="2056" WIDTH="416" HEIGHT="79" CONTENT="diplomatische" WC="1.00" CC="0000300060070"/>
						<SP ID="P74_SP00131" HPOS="1546" VPOS="2135" WIDTH="25"/>
						<String ID="P74_ST00149" HPOS="1571" VPOS="2060" WIDTH="279" HEIGHT="63" CONTENT="Initiative" WC="0.99" CC="6354300500"/>
						<SP ID="P74_SP00132" HPOS="1850" VPOS="2135" WIDTH="25"/>
						<String ID="P74_ST00150" HPOS="1875" VPOS="2062" WIDTH="118" HEIGHT="61" CONTENT="und" WC="0.98" CC="500"/>
						<SP ID="P74_SP00133" HPOS="1993" VPOS="2135" WIDTH="17"/>
						<String ID="P74_ST00151" HPOS="2010" VPOS="2063" WIDTH="583" HEIGHT="79" CONTENT="Bewegungsfreiheit" WC="1.00" CC="43000019000277063"/>
						<SP ID="P74_SP00134" HPOS="2593" VPOS="2142" WIDTH="25"/>
						<String ID="P74_ST00152" HPOS="2618" VPOS="2067" WIDTH="136" HEIGHT="61" CONTENT="über" SUBS_TYPE="HypPart1" SUBS_CONTENT="überhaupt," WC="0.98" CC="0704"/>
						<HYP HPOS="2754" VPOS="2067" WIDTH="34" CONTENT="-"/>
					</TextLine>
					<TextLine ID="P74_TL00019" HPOS="533" VPOS="2142" WIDTH="2251" HEIGHT="88">
						<String ID="P74_ST00153" HPOS="533" VPOS="2142" WIDTH="195" HEIGHT="80" CONTENT="haupt," SUBS_TYPE="HypPart2" SUBS_CONTENT="überhaupt," WC="0.97" CC="726664"/>
						<SP ID="P74_SP00135" HPOS="728" VPOS="2222" WIDTH="42"/>
						<String ID="P74_ST00154" HPOS="770" VPOS="2146" WIDTH="137" HEIGHT="61" CONTENT="aber" WC="0.97" CC="0734"/>
						<SP ID="P74_SP00136" HPOS="907" VPOS="2222" WIDTH="42"/>
						<String ID="P74_ST00155" HPOS="949" VPOS="2157" WIDTH="219" HEIGHT="69" CONTENT="eignete" WC="0.99" CC="0700036"/>
						<SP ID="P74_SP00137" HPOS="1168" VPOS="2226" WIDTH="45"/>
						<String ID="P74_ST00156" HPOS="1213" VPOS="2154" WIDTH="108" HEIGHT="58" CONTENT="sich" WC="0.98" CC="0007"/>
						<SP ID="P74_SP00138" HPOS="1321" VPOS="2226" WIDTH="42"/>
						<String ID="P74_ST00157" HPOS="1363" VPOS="2155" WIDTH="469" HEIGHT="75" CONTENT="augenscheinlich" WC="1.00" CC="060001903307300"/>
						<SP ID="P74_SP00139" HPOS="1832" VPOS="2230" WIDTH="43"/>
						<String ID="P74_ST00158" HPOS="1875" VPOS="2175" WIDTH="114" HEIGHT="43" CONTENT="erst" WC="0.97" CC="0606"/>
						<SP ID="P74_SP00140" HPOS="1989" VPOS="2230" WIDTH="40"/>
						<String ID="P74_ST00159" HPOS="2029" VPOS="2183" WIDTH="104" HEIGHT="35" CONTENT="zur" WC="0.92" CC="776"/>
						<SP ID="P74_SP00141" HPOS="2133" VPOS="2230" WIDTH="40"/>
						<String ID="P74_ST00160" HPOS="2173" VPOS="2161" WIDTH="426" HEIGHT="61" CONTENT="unmittelbaren" WC="0.99" CC="2005000079663"/>
						<SP ID="P74_SP00142" HPOS="2599" VPOS="2230" WIDTH="28"/>
						<String ID="P74_ST00161" HPOS="2627" VPOS="2163" WIDTH="118" HEIGHT="60" CONTENT="Ver" SUBS_TYPE="HypPart1" SUBS_CONTENT="Verhandlung" WC="0.98" CC="005"/>
						<HYP HPOS="2745" VPOS="2163" WIDTH="39" CONTENT="-"/>
					</TextLine>
					<TextLine ID="P74_TL00020" HPOS="531" VPOS="2236" WIDTH="1687" HEIGHT="80">
						<String ID="P74_ST00162" HPOS="531" VPOS="2236" WIDTH="290" HEIGHT="80" CONTENT="handlung" SUBS_TYPE="HypPart2" SUBS_CONTENT="Verhandlung" WC="0.99" CC="75007200"/>
						<SP ID="P74_SP00143" HPOS="821" VPOS="2316" WIDTH="39"/>
						<String ID="P74_ST00163" HPOS="860" VPOS="2250" WIDTH="74" HEIGHT="51" CONTENT="im" WC="0.29" CC="67"/>
						<SP ID="P74_SP00144" HPOS="934" VPOS="2316" WIDTH="42"/>
						<String ID="P74_ST00164" HPOS="976" VPOS="2243" WIDTH="305" HEIGHT="63" CONTENT="Momente" WC="1.00" CC="0300030"/>
						<SP ID="P74_SP00145" HPOS="1281" VPOS="2316" WIDTH="42"/>
						<String ID="P74_ST00165" HPOS="1323" VPOS="2255" WIDTH="152" HEIGHT="52" CONTENT="eines" WC="0.98" CC="04530"/>
						<SP ID="P74_SP00146" HPOS="1475" VPOS="2316" WIDTH="34"/>
						<String ID="P74_ST00166" HPOS="1509" VPOS="2248" WIDTH="269" HEIGHT="62" CONTENT="relativen" WC="0.99" CC="500045000"/>
						<SP ID="P74_SP00147" HPOS="1778" VPOS="2316" WIDTH="42"/>
						<String ID="P74_ST00167" HPOS="1820" VPOS="2250" WIDTH="398" HEIGHT="64" CONTENT="Abschlusses," WC="0.99" CC="670000713703"/>
					</TextLine>
					<TextLine ID="P74_TL00021" HPOS="608" VPOS="2333" WIDTH="2181" HEIGHT="78">
						<String ID="P74_ST00168" HPOS="608" VPOS="2333" WIDTH="180" HEIGHT="62" CONTENT="Diese" WC="0.98" CC="25400"/>
						<SP ID="P74_SP00148" HPOS="788" VPOS="2395" WIDTH="42"/>
						<String ID="P74_ST00169" HPOS="830" VPOS="2335" WIDTH="346" HEIGHT="64" CONTENT="Delikatheit" WC="0.77" CC="00050007066"/>
						<SP ID="P74_SP00149" HPOS="1176" VPOS="2399" WIDTH="40"/>
						<String ID="P74_ST00170" HPOS="1216" VPOS="2339" WIDTH="101" HEIGHT="61" CONTENT="der" WC="0.98" CC="004"/>
						<SP ID="P74_SP00150" HPOS="1317" VPOS="2400" WIDTH="40"/>
						<String ID="P74_ST00171" HPOS="1357" VPOS="2340" WIDTH="251" HEIGHT="64" CONTENT="Materie" WC="0.99" CC="0710504"/>
						<SP ID="P74_SP00151" HPOS="1608" VPOS="2404" WIDTH="42"/>
						<String ID="P74_ST00172" HPOS="1650" VPOS="2353" WIDTH="70" HEIGHT="51" CONTENT="ist" WC="0.98" CC="302"/>
						<SP ID="P74_SP00152" HPOS="1720" VPOS="2404" WIDTH="41"/>
						<String ID="P74_ST00173" HPOS="1761" VPOS="2353" WIDTH="89" HEIGHT="52" CONTENT="ein" WC="0.96" CC="056"/>
						<SP ID="P74_SP00153" HPOS="1850" VPOS="2405" WIDTH="35"/>
						<String ID="P74_ST00174" HPOS="1885" VPOS="2344" WIDTH="211" HEIGHT="62" CONTENT="Grund" WC="0.97" CC="70560"/>
						<SP ID="P74_SP00154" HPOS="2096" VPOS="2406" WIDTH="43"/>
						<String ID="P74_ST00175" HPOS="2139" VPOS="2347" WIDTH="90" HEIGHT="59" CONTENT="für" WC="0.95" CC="607"/>
						<SP ID="P74_SP00155" HPOS="2229" VPOS="2406" WIDTH="42"/>
						<String ID="P74_ST00176" HPOS="2271" VPOS="2372" WIDTH="206" HEIGHT="38" CONTENT="unsere" WC="1.00" CC="000060"/>
						<SP ID="P74_SP00156" HPOS="2477" VPOS="2410" WIDTH="42"/>
						<String ID="P74_ST00177" HPOS="2519" VPOS="2349" WIDTH="270" HEIGHT="62" CONTENT="Isolation" WC="0.99" CC="003041550"/>
					</TextLine>
					<TextLine ID="P74_TL00022" HPOS="530" VPOS="2430" WIDTH="2259" HEIGHT="92">
						<String ID="P74_ST00178" HPOS="530" VPOS="2448" WIDTH="290" HEIGHT="55" CONTENT="gewesen," WC="1.00" CC="00000040"/>
						<SP ID="P74_SP00157" HPOS="820" VPOS="2503" WIDTH="26"/>
						<String ID="P74_ST00179" HPOS="846" VPOS="2430" WIDTH="314" HEIGHT="64" CONTENT="besonders" WC="0.99" CC="700200060"/>
						<SP ID="P74_SP00158" HPOS="1160" VPOS="2503" WIDTH="25"/>
						<String ID="P74_ST00180" HPOS="1185" VPOS="2436" WIDTH="324" HEIGHT="76" CONTENT="gegenüber" WC="1.00" CC="000000006"/>
						<SP ID="P74_SP00159" HPOS="1509" VPOS="2512" WIDTH="26"/>
						<String ID="P74_ST00181" HPOS="1535" VPOS="2437" WIDTH="287" HEIGHT="77" CONTENT="England," WC="0.99" CC="70007004"/>
						<SP ID="P74_SP00160" HPOS="1822" VPOS="2514" WIDTH="19"/>
						<String ID="P74_ST00182" HPOS="1841" VPOS="2464" WIDTH="169" HEIGHT="36" CONTENT="wenn" WC="1.00" CC="0010"/>
						<SP ID="P74_SP00161" HPOS="2010" VPOS="2514" WIDTH="26"/>
						<String ID="P74_ST00183" HPOS="2036" VPOS="2465" WIDTH="131" HEIGHT="37" CONTENT="man" WC="0.99" CC="003"/>
						<SP ID="P74_SP00162" HPOS="2167" VPOS="2514" WIDTH="27"/>
						<String ID="P74_ST00184" HPOS="2194" VPOS="2442" WIDTH="109" HEIGHT="61" CONTENT="den" WC="1.00" CC="000"/>
						<SP ID="P74_SP00163" HPOS="2303" VPOS="2514" WIDTH="23"/>
						<String ID="P74_ST00185" HPOS="2326" VPOS="2443" WIDTH="463" HEIGHT="79" CONTENT="Ausführungen" WC="0.99" CC="570007600000"/>
					</TextLine>
					<TextLine ID="P74_TL00023" HPOS="533" VPOS="2519" WIDTH="2257" HEIGHT="92">
						<String ID="P74_ST00186" HPOS="533" VPOS="2519" WIDTH="237" HEIGHT="64" CONTENT="Bülows" WC="0.85" CC="005300"/>
						<SP ID="P74_SP00164" HPOS="770" VPOS="2583" WIDTH="52"/>
						<String ID="P74_ST00187" HPOS="822" VPOS="2523" WIDTH="188" HEIGHT="78" CONTENT="folgen" WC="0.99" CC="606000"/>
						<SP ID="P74_SP00165" HPOS="1010" VPOS="2601" WIDTH="51"/>
						<String ID="P74_ST00188" HPOS="1061" VPOS="2526" WIDTH="129" HEIGHT="62" CONTENT="will." WC="0.98" CC="03603"/>
						<SP ID="P74_SP00166" HPOS="1190" VPOS="2601" WIDTH="61"/>
						<String ID="P74_ST00189" HPOS="1251" VPOS="2528" WIDTH="61" HEIGHT="60" CONTENT="In" WC="0.69" CC="60"/>
						<SP ID="P74_SP00167" HPOS="1312" VPOS="2601" WIDTH="52"/>
						<String ID="P74_ST00190" HPOS="1364" VPOS="2528" WIDTH="100" HEIGHT="61" CONTENT="der" WC="0.99" CC="003"/>
						<SP ID="P74_SP00168" HPOS="1464" VPOS="2601" WIDTH="52"/>
						<String ID="P74_ST00191" HPOS="1516" VPOS="2526" WIDTH="130" HEIGHT="75" CONTENT="Tat," WC="0.97" CC="6054"/>
						<SP ID="P74_SP00169" HPOS="1646" VPOS="2601" WIDTH="54"/>
						<String ID="P74_ST00192" HPOS="1700" VPOS="2541" WIDTH="179" HEIGHT="69" CONTENT="einige" WC="1.00" CC="000400"/>
						<SP ID="P74_SP00170" HPOS="1879" VPOS="2610" WIDTH="56"/>
						<String ID="P74_ST00193" HPOS="1935" VPOS="2533" WIDTH="264" HEIGHT="78" CONTENT="glauben," WC="0.99" CC="00507004"/>
						<SP ID="P74_SP00171" HPOS="2199" VPOS="2611" WIDTH="61"/>
						<String ID="P74_ST00194" HPOS="2260" VPOS="2535" WIDTH="90" HEIGHT="62" CONTENT="die" WC="1.00" CC="010"/>
						<SP ID="P74_SP00172" HPOS="2350" VPOS="2611" WIDTH="41"/>
						<String ID="P74_ST00195" HPOS="2391" VPOS="2537" WIDTH="399" HEIGHT="61" CONTENT="Bündnisvor«" WC="0.83" CC="00004500034"/>
					</TextLine>
					<TextLine ID="P74_TL00024" HPOS="534" VPOS="2615" WIDTH="2250" HEIGHT="86">
						<String ID="P74_ST00196" HPOS="534" VPOS="2615" WIDTH="217" HEIGHT="78" CONTENT="Schläge" WC="0.99" CC="0074000"/>
						<SP ID="P74_SP00173" HPOS="751" VPOS="2693" WIDTH="19"/>
						<String ID="P74_ST00197" HPOS="770" VPOS="2617" WIDTH="437" HEIGHT="65" CONTENT="Chamberlains" WC="0.80" CC="000370606000"/>
						<SP ID="P74_SP00174" HPOS="1207" VPOS="2693" WIDTH="37"/>
						<String ID="P74_ST00198" HPOS="1244" VPOS="2621" WIDTH="186" HEIGHT="62" CONTENT="hätten" WC="1.00" CC="000000"/>
						<SP ID="P74_SP00175" HPOS="1430" VPOS="2693" WIDTH="18"/>
						<String ID="P74_ST00199" HPOS="1448" VPOS="2648" WIDTH="414" HEIGHT="53" CONTENT="angenommen" WC="1.00" CC="0000040000"/>
						<SP ID="P74_SP00176" HPOS="1862" VPOS="2701" WIDTH="35"/>
						<String ID="P74_ST00200" HPOS="1897" VPOS="2627" WIDTH="231" HEIGHT="63" CONTENT="werden" WC="1.00" CC="005000"/>
						<SP ID="P74_SP00177" HPOS="2128" VPOS="2701" WIDTH="34"/>
						<String ID="P74_ST00201" HPOS="2162" VPOS="2640" WIDTH="232" HEIGHT="51" CONTENT="müssen" WC="1.00" CC="000000"/>
						<SP ID="P74_SP00178" HPOS="2394" VPOS="2701" WIDTH="21"/>
						<String ID="P74_ST00202" HPOS="2415" VPOS="2631" WIDTH="118" HEIGHT="61" CONTENT="und" WC="0.96" CC="740"/>
						<SP ID="P74_SP00179" HPOS="2533" VPOS="2701" WIDTH="35"/>
						<String ID="P74_ST00203" HPOS="2568" VPOS="2632" WIDTH="91" HEIGHT="61" CONTENT="die" WC="0.98" CC="040"/>
						<SP ID="P74_SP00180" HPOS="2659" VPOS="2701" WIDTH="34"/>
						<String ID="P74_ST00204" HPOS="2693" VPOS="2632" WIDTH="61" HEIGHT="63" CONTENT="Si" SUBS_TYPE="HypPart1" SUBS_CONTENT="Situation" WC="0.97" CC="04"/>
						<HYP HPOS="2754" VPOS="2632" WIDTH="30" CONTENT="-"/>
					</TextLine>
					<TextLine ID="P74_TL00025" HPOS="533" VPOS="2710" WIDTH="2257" HEIGHT="94">
						<String ID="P74_ST00205" HPOS="533" VPOS="2719" WIDTH="218" HEIGHT="51" CONTENT="tuation" SUBS_TYPE="HypPart2" SUBS_CONTENT="Situation" WC="0.98" CC="6750500"/>
						<SP ID="P74_SP00181" HPOS="751" VPOS="2770" WIDTH="43"/>
						<String ID="P74_ST00206" HPOS="794" VPOS="2710" WIDTH="299" HEIGHT="80" CONTENT="Englands" WC="1.00" CC="73000000"/>
						<SP ID="P74_SP00182" HPOS="1093" VPOS="2790" WIDTH="42"/>
						<String ID="P74_ST00207" HPOS="1135" VPOS="2725" WIDTH="217" HEIGHT="52" CONTENT="zurzeit" WC="0.99" CC="0650044"/>
						<SP ID="P74_SP00183" HPOS="1352" VPOS="2790" WIDTH="40"/>
						<String ID="P74_ST00208" HPOS="1392" VPOS="2716" WIDTH="101" HEIGHT="62" CONTENT="des" WC="1.00" CC="000"/>
						<SP ID="P74_SP00184" HPOS="1493" VPOS="2790" WIDTH="34"/>
						<String ID="P74_ST00209" HPOS="1527" VPOS="2718" WIDTH="408" HEIGHT="81" CONTENT="Burenkrieges" WC="1.00" CC="205030400000"/>
						<SP ID="P74_SP00185" HPOS="1935" VPOS="2799" WIDTH="43"/>
						<String ID="P74_ST00210" HPOS="1978" VPOS="2721" WIDTH="150" HEIGHT="63" CONTENT="hätte" WC="1.00" CC="00000"/>
						<SP ID="P74_SP00186" HPOS="2128" VPOS="2799" WIDTH="40"/>
						<String ID="P74_ST00211" HPOS="2168" VPOS="2724" WIDTH="107" HEIGHT="60" CONTENT="sich" WC="0.99" CC="0400"/>
						<SP ID="P74_SP00187" HPOS="2275" VPOS="2799" WIDTH="42"/>
						<String ID="P74_ST00212" HPOS="2317" VPOS="2748" WIDTH="105" HEIGHT="37" CONTENT="zur" WC="0.93" CC="666"/>
						<SP ID="P74_SP00188" HPOS="2422" VPOS="2799" WIDTH="32"/>
						<String ID="P74_ST00213" HPOS="2454" VPOS="2724" WIDTH="336" HEIGHT="80" CONTENT="Erlangung" WC="0.99" CC="750030010"/>
					</TextLine>
					<TextLine ID="P74_TL00026" HPOS="530" VPOS="2803" WIDTH="2260" HEIGHT="81">
						<String ID="P74_ST00214" HPOS="530" VPOS="2803" WIDTH="154" HEIGHT="76" CONTENT="jedes" WC="0.99" CC="70000"/>
						<SP ID="P74_SP00189" HPOS="684" VPOS="2879" WIDTH="28"/>
						<String ID="P74_ST00215" HPOS="712" VPOS="2804" WIDTH="543" HEIGHT="79" CONTENT="Zugeständnisses," WC="1.00" CC="6500050000500304"/>
						<SP ID="P74_SP00190" HPOS="1255" VPOS="2883" WIDTH="27"/>
						<String ID="P74_ST00216" HPOS="1282" VPOS="2811" WIDTH="136" HEIGHT="60" CONTENT="auch" WC="1.00" CC="0000"/>
						<SP ID="P74_SP00191" HPOS="1418" VPOS="2883" WIDTH="28"/>
						<String ID="P74_ST00217" HPOS="1446" VPOS="2820" WIDTH="153" HEIGHT="52" CONTENT="einer" WC="0.98" CC="07006"/>
						<SP ID="P74_SP00192" HPOS="1599" VPOS="2883" WIDTH="23"/>
						<String ID="P74_ST00218" HPOS="1622" VPOS="2813" WIDTH="206" HEIGHT="71" CONTENT="Flotte," WC="0.99" CC="3040004"/>
						<SP ID="P74_SP00193" HPOS="1828" VPOS="2884" WIDTH="27"/>
						<String ID="P74_ST00219" HPOS="1855" VPOS="2814" WIDTH="283" HEIGHT="64" CONTENT="benutzen" WC="0.99" CC="70505600"/>
						<SP ID="P74_SP00194" HPOS="2138" VPOS="2884" WIDTH="27"/>
						<String ID="P74_ST00220" HPOS="2165" VPOS="2817" WIDTH="204" HEIGHT="62" CONTENT="lassen." WC="0.99" CC="7000003"/>
						<SP ID="P74_SP00195" HPOS="2369" VPOS="2884" WIDTH="28"/>
						<String ID="P74_ST00221" HPOS="2397" VPOS="2818" WIDTH="169" HEIGHT="62" CONTENT="Aber" WC="0.98" CC="5005"/>
						<SP ID="P74_SP00196" HPOS="2566" VPOS="2884" WIDTH="24"/>
						<String ID="P74_ST00222" HPOS="2590" VPOS="2819" WIDTH="200" HEIGHT="61" CONTENT="Bünd«" WC="0.84" CC="30004"/>
					</TextLine>
					<TextLine ID="P74_TL00027" HPOS="533" VPOS="2898" WIDTH="2256" HEIGHT="91">
						<String ID="P74_ST00223" HPOS="533" VPOS="2905" WIDTH="82" HEIGHT="54" CONTENT="nis" WC="0.61" CC="650"/>
						<SP ID="P74_SP00197" HPOS="615" VPOS="2959" WIDTH="45"/>
						<String ID="P74_ST00224" HPOS="660" VPOS="2898" WIDTH="148" HEIGHT="62" CONTENT="hätte" WC="0.99" CC="70000"/>
						<SP ID="P74_SP00198" HPOS="808" VPOS="2960" WIDTH="41"/>
						<String ID="P74_ST00225" HPOS="849" VPOS="2900" WIDTH="302" HEIGHT="64" CONTENT="Kontrolle" WC="0.99" CC="020760000"/>
						<SP ID="P74_SP00199" HPOS="1151" VPOS="2964" WIDTH="42"/>
						<String ID="P74_ST00226" HPOS="1193" VPOS="2904" WIDTH="290" HEIGHT="73" CONTENT="bedeutet," WC="0.99" CC="750364024"/>
						<SP ID="P74_SP00200" HPOS="1483" VPOS="2977" WIDTH="41"/>
						<String ID="P74_ST00227" HPOS="1524" VPOS="2916" WIDTH="126" HEIGHT="52" CONTENT="eine" WC="0.99" CC="0500"/>
						<SP ID="P74_SP00201" HPOS="1650" VPOS="2977" WIDTH="41"/>
						<String ID="P74_ST00228" HPOS="1691" VPOS="2908" WIDTH="301" HEIGHT="64" CONTENT="Kontrolle" WC="1.00" CC="010260000"/>
						<SP ID="P74_SP00202" HPOS="1992" VPOS="2977" WIDTH="40"/>
						<String ID="P74_ST00229" HPOS="2032" VPOS="2919" WIDTH="75" HEIGHT="53" CONTENT="im" WC="0.26" CC="68"/>
						<SP ID="P74_SP00203" HPOS="2107" VPOS="2977" WIDTH="44"/>
						<String ID="P74_ST00230" HPOS="2151" VPOS="2912" WIDTH="401" HEIGHT="77" CONTENT="umgekehrten" WC="1.00" CC="00005073000"/>
						<SP ID="P74_SP00204" HPOS="2552" VPOS="2989" WIDTH="43"/>
						<String ID="P74_ST00231" HPOS="2595" VPOS="2914" WIDTH="194" HEIGHT="70" CONTENT="Sinne," WC="0.98" CC="545703"/>
					</TextLine>
					<TextLine ID="P74_TL00028" HPOS="533" VPOS="2994" WIDTH="2256" HEIGHT="84">
						<String ID="P74_ST00232" HPOS="533" VPOS="3001" WIDTH="110" HEIGHT="52" CONTENT="wie" WC="1.00" CC="000"/>
						<SP ID="P74_SP00205" HPOS="643" VPOS="3053" WIDTH="48"/>
						<String ID="P74_ST00233" HPOS="691" VPOS="3001" WIDTH="82" HEIGHT="53" CONTENT="sie" WC="0.98" CC="060"/>
						<SP ID="P74_SP00206" HPOS="773" VPOS="3054" WIDTH="42"/>
						<String ID="P74_ST00234" HPOS="815" VPOS="2994" WIDTH="332" HEIGHT="64" CONTENT="Frankreich" WC="0.99" CC="6500020500"/>
						<SP ID="P74_SP00207" HPOS="1147" VPOS="3058" WIDTH="37"/>
						<String ID="P74_ST00235" HPOS="1184" VPOS="3008" WIDTH="135" HEIGHT="66" CONTENT="jetzt" WC="0.98" CC="00475"/>
						<SP ID="P74_SP00208" HPOS="1319" VPOS="3074" WIDTH="48"/>
						<String ID="P74_ST00236" HPOS="1367" VPOS="3024" WIDTH="74" HEIGHT="36" CONTENT="an" WC="0.64" CC="07"/>
						<SP ID="P74_SP00209" HPOS="1441" VPOS="3074" WIDTH="52"/>
						<String ID="P74_ST00237" HPOS="1493" VPOS="3001" WIDTH="265" HEIGHT="62" CONTENT="Rußland" WC="0.99" CC="2060900"/>
						<SP ID="P74_SP00210" HPOS="1758" VPOS="3074" WIDTH="48"/>
						<String ID="P74_ST00238" HPOS="1806" VPOS="3005" WIDTH="228" HEIGHT="60" CONTENT="ausübt." WC="0.99" CC="0700724"/>
						<SP ID="P74_SP00211" HPOS="2034" VPOS="3074" WIDTH="45"/>
						<String ID="P74_ST00239" HPOS="2079" VPOS="3006" WIDTH="275" HEIGHT="62" CONTENT="Nehmen" WC="0.99" CC="707000"/>
						<SP ID="P74_SP00212" HPOS="2354" VPOS="3074" WIDTH="42"/>
						<String ID="P74_ST00240" HPOS="2396" VPOS="3016" WIDTH="105" HEIGHT="52" CONTENT="wir" WC="0.96" CC="064"/>
						<SP ID="P74_SP00213" HPOS="2501" VPOS="3074" WIDTH="48"/>
						<String ID="P74_ST00241" HPOS="2549" VPOS="3032" WIDTH="94" HEIGHT="46" CONTENT="an," WC="0.96" CC="504"/>
						<SP ID="P74_SP00214" HPOS="2643" VPOS="3078" WIDTH="42"/>
						<String ID="P74_ST00242" HPOS="2685" VPOS="3017" WIDTH="104" HEIGHT="52" CONTENT="wir" WC="0.96" CC="036"/>
					</TextLine>
					<TextLine ID="P74_TL00029" HPOS="533" VPOS="3086" WIDTH="2255" HEIGHT="85">
						<String ID="P74_ST00243" HPOS="533" VPOS="3086" WIDTH="186" HEIGHT="62" CONTENT="hätten" WC="0.99" CC="700000"/>
						<SP ID="P74_SP00215" HPOS="719" VPOS="3148" WIDTH="42"/>
						<String ID="P74_ST00244" HPOS="761" VPOS="3088" WIDTH="137" HEIGHT="63" CONTENT="alles" WC="0.98" CC="06700"/>
						<SP ID="P74_SP00216" HPOS="898" VPOS="3151" WIDTH="44"/>
						<String ID="P74_ST00245" HPOS="942" VPOS="3100" WIDTH="54" HEIGHT="51" CONTENT="in" WC="0.74" CC="05"/>
						<SP ID="P74_SP00217" HPOS="996" VPOS="3151" WIDTH="34"/>
						<String ID="P74_ST00246" HPOS="1030" VPOS="3091" WIDTH="329" HEIGHT="63" CONTENT="Kleinasien" WC="0.99" CC="0024440502"/>
						<SP ID="P74_SP00218" HPOS="1359" VPOS="3154" WIDTH="35"/>
						<String ID="P74_ST00247" HPOS="1394" VPOS="3093" WIDTH="358" HEIGHT="73" CONTENT="bekommen," WC="0.99" CC="700300604"/>
						<SP ID="P74_SP00219" HPOS="1752" VPOS="3166" WIDTH="33"/>
						<String ID="P74_ST00248" HPOS="1785" VPOS="3121" WIDTH="124" HEIGHT="37" CONTENT="was" WC="1.00" CC="000"/>
						<SP ID="P74_SP00220" HPOS="1909" VPOS="3166" WIDTH="37"/>
						<String ID="P74_ST00249" HPOS="1946" VPOS="3107" WIDTH="104" HEIGHT="52" CONTENT="wir" WC="0.97" CC="044"/>
						<SP ID="P74_SP00221" HPOS="2050" VPOS="3166" WIDTH="24"/>
						<String ID="P74_ST00250" HPOS="2074" VPOS="3101" WIDTH="347" HEIGHT="70" CONTENT="wünschten," WC="1.00" CC="0000070001"/>
						<SP ID="P74_SP00222" HPOS="2421" VPOS="3171" WIDTH="45"/>
						<String ID="P74_ST00251" HPOS="2466" VPOS="3101" WIDTH="188" HEIGHT="62" CONTENT="hätten" WC="1.00" CC="000000"/>
						<SP ID="P74_SP00223" HPOS="2654" VPOS="3171" WIDTH="44"/>
						<String ID="P74_ST00252" HPOS="2698" VPOS="3102" WIDTH="90" HEIGHT="61" CONTENT="für" WC="0.98" CC="005"/>
					</TextLine>
					<TextLine ID="P74_TL00030" HPOS="531" VPOS="3177" WIDTH="2252" HEIGHT="94">
						<String ID="P74_ST00253" HPOS="531" VPOS="3177" WIDTH="319" HEIGHT="66" CONTENT="Österreich" WC="0.99" CC="4040660600"/>
						<SP ID="P74_SP00224" HPOS="850" VPOS="3243" WIDTH="27"/>
						<String ID="P74_ST00254" HPOS="877" VPOS="3185" WIDTH="109" HEIGHT="60" CONTENT="auf" WC="0.98" CC="006"/>
						<SP ID="P74_SP00225" HPOS="986" VPOS="3245" WIDTH="25"/>
						<String ID="P74_ST00255" HPOS="1011" VPOS="3185" WIDTH="129" HEIGHT="61" CONTENT="dem" WC="0.98" CC="050"/>
						<SP ID="P74_SP00226" HPOS="1140" VPOS="3246" WIDTH="26"/>
						<String ID="P74_ST00256" HPOS="1166" VPOS="3187" WIDTH="214" HEIGHT="61" CONTENT="Balkan" WC="0.99" CC="007000"/>
						<SP ID="P74_SP00227" HPOS="1380" VPOS="3248" WIDTH="26"/>
						<String ID="P74_ST00257" HPOS="1406" VPOS="3187" WIDTH="461" HEIGHT="82" CONTENT="Zusicherungen" WC="0.99" CC="9005000560031"/>
						<SP ID="P74_SP00228" HPOS="1867" VPOS="3269" WIDTH="28"/>
						<String ID="P74_ST00258" HPOS="1895" VPOS="3191" WIDTH="386" HEIGHT="80" CONTENT="durchgesetzt" WC="1.00" CC="066000000470"/>
						<SP ID="P74_SP00229" HPOS="2281" VPOS="3271" WIDTH="26"/>
						<String ID="P74_ST00259" HPOS="2307" VPOS="3195" WIDTH="118" HEIGHT="61" CONTENT="und" WC="0.94" CC="069"/>
						<SP ID="P74_SP00230" HPOS="2425" VPOS="3271" WIDTH="27"/>
						<String ID="P74_ST00260" HPOS="2452" VPOS="3196" WIDTH="90" HEIGHT="61" CONTENT="die" WC="0.99" CC="020"/>
						<SP ID="P74_SP00231" HPOS="2542" VPOS="3271" WIDTH="25"/>
						<String ID="P74_ST00261" HPOS="2567" VPOS="3195" WIDTH="186" HEIGHT="62" CONTENT="Mittel" SUBS_TYPE="HypPart1" SUBS_CONTENT="Mittelmeerpolitik" WC="1.00" CC="000000"/>
						<HYP HPOS="2753" VPOS="3195" WIDTH="30" CONTENT="-"/>
					</TextLine>
					<TextLine ID="P74_TL00031" HPOS="529" VPOS="3278" WIDTH="2258" HEIGHT="82">
						<String ID="P74_ST00262" HPOS="529" VPOS="3278" WIDTH="349" HEIGHT="76" CONTENT="meerpolitik" SUBS_TYPE="HypPart2" SUBS_CONTENT="Mittelmeerpolitik" WC="1.00" CC="00050064400"/>
						<SP ID="P74_SP00232" HPOS="878" VPOS="3354" WIDTH="25"/>
						<String ID="P74_ST00263" HPOS="903" VPOS="3278" WIDTH="365" HEIGHT="64" CONTENT="Frankreichs" WC="1.00" CC="25000442000"/>
						<SP ID="P74_SP00233" HPOS="1268" VPOS="3354" WIDTH="27"/>
						<String ID="P74_ST00264" HPOS="1295" VPOS="3281" WIDTH="416" HEIGHT="65" CONTENT="durchkreuzen" WC="0.99" CC="006006606400"/>
						<SP ID="P74_SP00234" HPOS="1711" VPOS="3354" WIDTH="33"/>
						<String ID="P74_ST00265" HPOS="1744" VPOS="3284" WIDTH="248" HEIGHT="74" CONTENT="können," WC="0.99" CC="0005004"/>
						<SP ID="P74_SP00235" HPOS="1992" VPOS="3358" WIDTH="128"/>
						<String ID="P74_ST00266" HPOS="2120" VPOS="3288" WIDTH="90" HEIGHT="61" CONTENT="die" WC="1.00" CC="000"/>
						<SP ID="P74_SP00236" HPOS="2210" VPOS="3358" WIDTH="24"/>
						<String ID="P74_ST00267" HPOS="2234" VPOS="3288" WIDTH="428" HEIGHT="72" CONTENT="Freundschaft," WC="1.00" CC="0600600000004"/>
						<SP ID="P74_SP00237" HPOS="2662" VPOS="3360" WIDTH="33"/>
						<String ID="P74_ST00268" HPOS="2695" VPOS="3289" WIDTH="92" HEIGHT="61" CONTENT="die" WC="0.99" CC="020"/>
					</TextLine>
					<TextLine ID="P74_TL00032" HPOS="530" VPOS="3370" WIDTH="2257" HEIGHT="92">
						<String ID="P74_ST00269" HPOS="530" VPOS="3375" WIDTH="123" HEIGHT="55" CONTENT="eine" WC="0.99" CC="0600"/>
						<SP ID="P74_SP00238" HPOS="653" VPOS="3430" WIDTH="33"/>
						<String ID="P74_ST00270" HPOS="686" VPOS="3370" WIDTH="184" HEIGHT="63" CONTENT="solche" WC="0.99" CC="047000"/>
						<SP ID="P74_SP00239" HPOS="870" VPOS="3433" WIDTH="33"/>
						<String ID="P74_ST00271" HPOS="903" VPOS="3373" WIDTH="653" HEIGHT="81" CONTENT="Auseinandersetzung" WC="1.00" CC="660010200070044649"/>
						<SP ID="P74_SP00240" HPOS="1556" VPOS="3454" WIDTH="31"/>
						<String ID="P74_ST00272" HPOS="1587" VPOS="3378" WIDTH="231" HEIGHT="79" CONTENT="bedingt" WC="0.99" CC="7001403"/>
						<SP ID="P74_SP00241" HPOS="1818" VPOS="3457" WIDTH="40"/>
						<String ID="P74_ST00273" HPOS="1858" VPOS="3379" WIDTH="168" HEIGHT="73" CONTENT="hätte," WC="0.99" CC="700003"/>
						<SP ID="P74_SP00242" HPOS="2026" VPOS="3457" WIDTH="33"/>
						<String ID="P74_ST00274" HPOS="2059" VPOS="3391" WIDTH="159" HEIGHT="52" CONTENT="wäre" WC="0.99" CC="0040"/>
						<SP ID="P74_SP00243" HPOS="2218" VPOS="3457" WIDTH="42"/>
						<String ID="P74_ST00275" HPOS="2260" VPOS="3392" WIDTH="153" HEIGHT="52" CONTENT="intim" WC="0.98" CC="50460"/>
						<SP ID="P74_SP00244" HPOS="2413" VPOS="3457" WIDTH="42"/>
						<String ID="P74_ST00276" HPOS="2455" VPOS="3407" WIDTH="190" HEIGHT="53" CONTENT="genug" WC="0.98" CC="06600"/>
						<SP ID="P74_SP00245" HPOS="2645" VPOS="3460" WIDTH="39"/>
						<String ID="P74_ST00277" HPOS="2684" VPOS="3406" WIDTH="103" HEIGHT="56" CONTENT="ge«" WC="0.95" CC="904"/>
					</TextLine>
					<TextLine ID="P74_TL00033" HPOS="530" VPOS="3467" WIDTH="2253" HEIGHT="84">
						<String ID="P74_ST00278" HPOS="530" VPOS="3486" WIDTH="215" HEIGHT="49" CONTENT="wesen," WC="1.00" CC="000004"/>
						<SP ID="P74_SP00246" HPOS="745" VPOS="3535" WIDTH="50"/>
						<String ID="P74_ST00279" HPOS="795" VPOS="3490" WIDTH="97" HEIGHT="37" CONTENT="um" WC="0.82" CC="30"/>
						<SP ID="P74_SP00247" HPOS="892" VPOS="3535" WIDTH="50"/>
						<String ID="P74_ST00280" HPOS="942" VPOS="3467" WIDTH="269" HEIGHT="80" CONTENT="England" WC="0.99" CC="7090010"/>
						<SP ID="P74_SP00248" HPOS="1211" VPOS="3547" WIDTH="57"/>
						<String ID="P74_ST00281" HPOS="1268" VPOS="3471" WIDTH="104" HEIGHT="61" CONTENT="das" WC="1.00" CC="000"/>
						<SP ID="P74_SP00249" HPOS="1372" VPOS="3547" WIDTH="50"/>
						<String ID="P74_ST00282" HPOS="1422" VPOS="3472" WIDTH="171" HEIGHT="61" CONTENT="Recht" WC="0.99" CC="00005"/>
						<SP ID="P74_SP00250" HPOS="1593" VPOS="3547" WIDTH="53"/>
						<String ID="P74_ST00283" HPOS="1646" VPOS="3497" WIDTH="77" HEIGHT="37" CONTENT="zu" WC="0.65" CC="70"/>
						<SP ID="P74_SP00251" HPOS="1723" VPOS="3547" WIDTH="49"/>
						<String ID="P74_ST00284" HPOS="1772" VPOS="3473" WIDTH="202" HEIGHT="78" CONTENT="geben," WC="0.98" CC="027054"/>
						<SP ID="P74_SP00252" HPOS="1974" VPOS="3551" WIDTH="51"/>
						<String ID="P74_ST00285" HPOS="2025" VPOS="3476" WIDTH="141" HEIGHT="62" CONTENT="über" WC="0.99" CC="0005"/>
						<SP ID="P74_SP00253" HPOS="2166" VPOS="3551" WIDTH="49"/>
						<String ID="P74_ST00286" HPOS="2215" VPOS="3500" WIDTH="207" HEIGHT="39" CONTENT="unsere" WC="0.99" CC="010060"/>
						<SP ID="P74_SP00254" HPOS="2422" VPOS="3551" WIDTH="51"/>
						<String ID="P74_ST00287" HPOS="2473" VPOS="3478" WIDTH="188" HEIGHT="61" CONTENT="Flotte" WC="0.99" CC="460000"/>
						<SP ID="P74_SP00255" HPOS="2661" VPOS="3551" WIDTH="48"/>
						<String ID="P74_ST00288" HPOS="2709" VPOS="3501" WIDTH="74" HEIGHT="37" CONTENT="zu" WC="0.68" CC="60"/>
					</TextLine>
					<TextLine ID="P74_TL00034" HPOS="531" VPOS="3560" WIDTH="2253" HEIGHT="82">
						<String ID="P74_ST00289" HPOS="531" VPOS="3560" WIDTH="278" HEIGHT="74" CONTENT="sprechen." WC="0.99" CC="004007004"/>
						<SP ID="P74_SP00256" HPOS="809" VPOS="3634" WIDTH="46"/>
						<String ID="P74_ST00290" HPOS="855" VPOS="3561" WIDTH="319" HEIGHT="63" CONTENT="Entweder" WC="0.99" CC="73500006"/>
						<SP ID="P74_SP00257" HPOS="1174" VPOS="3634" WIDTH="48"/>
						<String ID="P74_ST00291" HPOS="1222" VPOS="3563" WIDTH="149" HEIGHT="63" CONTENT="hätte" WC="1.00" CC="00000"/>
						<SP ID="P74_SP00258" HPOS="1371" VPOS="3634" WIDTH="49"/>
						<String ID="P74_ST00292" HPOS="1420" VPOS="3565" WIDTH="151" HEIGHT="62" CONTENT="dann" WC="1.00" CC="0000"/>
						<SP ID="P74_SP00259" HPOS="1571" VPOS="3634" WIDTH="51"/>
						<String ID="P74_ST00293" HPOS="1622" VPOS="3566" WIDTH="101" HEIGHT="62" CONTENT="der" WC="1.00" CC="000"/>
						<SP ID="P74_SP00260" HPOS="1723" VPOS="3634" WIDTH="39"/>
						<String ID="P74_ST00294" HPOS="1762" VPOS="3567" WIDTH="127" HEIGHT="62" CONTENT="Bau" WC="0.99" CC="200"/>
						<SP ID="P74_SP00261" HPOS="1889" VPOS="3634" WIDTH="49"/>
						<String ID="P74_ST00295" HPOS="1938" VPOS="3570" WIDTH="388" HEIGHT="62" CONTENT="unterbleiben" WC="0.99" CC="505057702703"/>
						<SP ID="P74_SP00262" HPOS="2326" VPOS="3634" WIDTH="43"/>
						<String ID="P74_ST00296" HPOS="2369" VPOS="3582" WIDTH="254" HEIGHT="60" CONTENT="müssen," WC="1.00" CC="0000003"/>
						<SP ID="P74_SP00263" HPOS="2623" VPOS="3642" WIDTH="43"/>
						<String ID="P74_ST00297" HPOS="2666" VPOS="3570" WIDTH="118" HEIGHT="62" CONTENT="und" WC="0.95" CC="039"/>
					</TextLine>
					<TextLine ID="P74_TL00035" HPOS="530" VPOS="3652" WIDTH="2253" HEIGHT="92">
						<String ID="P74_ST00298" HPOS="530" VPOS="3674" WIDTH="67" HEIGHT="38" CONTENT="so" WC="0.94" CC="01"/>
						<SP ID="P74_SP00264" HPOS="597" VPOS="3712" WIDTH="42"/>
						<String ID="P74_ST00299" HPOS="639" VPOS="3652" WIDTH="249" HEIGHT="64" CONTENT="besäßen" WC="1.00" CC="0000006"/>
						<SP ID="P74_SP00265" HPOS="888" VPOS="3716" WIDTH="34"/>
						<String ID="P74_ST00300" HPOS="922" VPOS="3666" WIDTH="106" HEIGHT="51" CONTENT="wir" WC="0.97" CC="042"/>
						<SP ID="P74_SP00266" HPOS="1028" VPOS="3717" WIDTH="33"/>
						<String ID="P74_ST00301" HPOS="1061" VPOS="3681" WIDTH="206" HEIGHT="39" CONTENT="unsere" WC="0.99" CC="710060"/>
						<SP ID="P74_SP00267" HPOS="1267" VPOS="3720" WIDTH="34"/>
						<String ID="P74_ST00302" HPOS="1301" VPOS="3660" WIDTH="288" HEIGHT="62" CONTENT="Kolonien" WC="1.00" CC="06000000"/>
						<SP ID="P74_SP00268" HPOS="1589" VPOS="3722" WIDTH="36"/>
						<String ID="P74_ST00303" HPOS="1625" VPOS="3661" WIDTH="118" HEIGHT="61" CONTENT="und" WC="0.98" CC="040"/>
						<SP ID="P74_SP00269" HPOS="1743" VPOS="3722" WIDTH="42"/>
						<String ID="P74_ST00304" HPOS="1785" VPOS="3685" WIDTH="245" HEIGHT="40" CONTENT="unseren" WC="0.99" CC="0500400"/>
						<SP ID="P74_SP00270" HPOS="2030" VPOS="3725" WIDTH="34"/>
						<String ID="P74_ST00305" HPOS="2064" VPOS="3665" WIDTH="233" HEIGHT="61" CONTENT="Handel" WC="0.98" CC="650007"/>
						<SP ID="P74_SP00271" HPOS="2297" VPOS="3726" WIDTH="31"/>
						<String ID="P74_ST00306" HPOS="2328" VPOS="3690" WIDTH="118" HEIGHT="37" CONTENT="von" WC="0.99" CC="020"/>
						<SP ID="P74_SP00272" HPOS="2446" VPOS="3727" WIDTH="39"/>
						<String ID="P74_ST00307" HPOS="2485" VPOS="3664" WIDTH="298" HEIGHT="80" CONTENT="Englands" WC="1.00" CC="04000000"/>
					</TextLine>
					<TextLine ID="P74_TL00036" HPOS="533" VPOS="3744" WIDTH="2253" HEIGHT="91">
						<String ID="P74_ST00308" HPOS="533" VPOS="3744" WIDTH="269" HEIGHT="75" CONTENT="Gnaden," WC="0.98" CC="6540024"/>
						<SP ID="P74_SP00273" HPOS="802" VPOS="3819" WIDTH="42"/>
						<String ID="P74_ST00309" HPOS="844" VPOS="3749" WIDTH="142" HEIGHT="62" CONTENT="oder" WC="0.99" CC="5000"/>
						<SP ID="P74_SP00274" HPOS="986" VPOS="3819" WIDTH="33"/>
						<String ID="P74_ST00310" HPOS="1019" VPOS="3774" WIDTH="61" HEIGHT="38" CONTENT="es" WC="1.00" CC="00"/>
						<SP ID="P74_SP00275" HPOS="1080" VPOS="3819" WIDTH="28"/>
						<String ID="P74_ST00311" HPOS="1108" VPOS="3763" WIDTH="159" HEIGHT="51" CONTENT="wäre" WC="0.99" CC="0040"/>
						<SP ID="P74_SP00276" HPOS="1267" VPOS="3819" WIDTH="42"/>
						<String ID="P74_ST00312" HPOS="1309" VPOS="3754" WIDTH="191" HEIGHT="62" CONTENT="früher" WC="0.98" CC="040706"/>
						<SP ID="P74_SP00277" HPOS="1500" VPOS="3819" WIDTH="41"/>
						<String ID="P74_ST00313" HPOS="1541" VPOS="3755" WIDTH="141" HEIGHT="61" CONTENT="oder" WC="0.98" CC="4004"/>
						<SP ID="P74_SP00278" HPOS="1682" VPOS="3819" WIDTH="41"/>
						<String ID="P74_ST00314" HPOS="1723" VPOS="3767" WIDTH="191" HEIGHT="68" CONTENT="später" WC="0.99" CC="000206"/>
						<SP ID="P74_SP00279" HPOS="1914" VPOS="3835" WIDTH="41"/>
						<String ID="P74_ST00315" HPOS="1955" VPOS="3758" WIDTH="100" HEIGHT="62" CONTENT="der" WC="0.98" CC="006"/>
						<SP ID="P74_SP00280" HPOS="2055" VPOS="3835" WIDTH="27"/>
						<String ID="P74_ST00316" HPOS="2082" VPOS="3759" WIDTH="212" HEIGHT="61" CONTENT="Grund" WC="0.97" CC="73560"/>
						<SP ID="P74_SP00281" HPOS="2294" VPOS="3835" WIDTH="41"/>
						<String ID="P74_ST00317" HPOS="2335" VPOS="3784" WIDTH="75" HEIGHT="37" CONTENT="zu" WC="0.63" CC="70"/>
						<SP ID="P74_SP00282" HPOS="2410" VPOS="3835" WIDTH="43"/>
						<String ID="P74_ST00318" HPOS="2453" VPOS="3770" WIDTH="154" HEIGHT="51" CONTENT="einer" WC="0.98" CC="00406"/>
						<SP ID="P74_SP00283" HPOS="2607" VPOS="3835" WIDTH="25"/>
						<String ID="P74_ST00319" HPOS="2632" VPOS="3759" WIDTH="154" HEIGHT="61" CONTENT="Ent«" WC="1.00" CC="0011"/>
					</TextLine>
					<TextLine ID="P74_TL00037" HPOS="531" VPOS="3844" WIDTH="2252" HEIGHT="85">
						<String ID="P74_ST00320" HPOS="531" VPOS="3848" WIDTH="262" HEIGHT="70" CONTENT="zweiung" WC="0.83" CC="7004000"/>
						<SP ID="P74_SP00284" HPOS="793" VPOS="3918" WIDTH="16"/>
						<String ID="P74_ST00321" HPOS="809" VPOS="3844" WIDTH="329" HEIGHT="74" CONTENT="geworden," WC="1.00" CC="000050003"/>
						<SP ID="P74_SP00285" HPOS="1138" VPOS="3918" WIDTH="12"/>
						<String ID="P74_ST00322" HPOS="1150" VPOS="3845" WIDTH="90" HEIGHT="63" CONTENT="die" WC="0.98" CC="040"/>
						<SP ID="P74_SP00286" HPOS="1240" VPOS="3918" WIDTH="17"/>
						<String ID="P74_ST00323" HPOS="1257" VPOS="3848" WIDTH="106" HEIGHT="60" CONTENT="sich" WC="1.00" CC="0000"/>
						<SP ID="P74_SP00287" HPOS="1363" VPOS="3918" WIDTH="22"/>
						<String ID="P74_ST00324" HPOS="1385" VPOS="3857" WIDTH="98" HEIGHT="52" CONTENT="mit" WC="1.00" CC="000"/>
						<SP ID="P74_SP00288" HPOS="1483" VPOS="3918" WIDTH="17"/>
						<String ID="P74_ST00325" HPOS="1500" VPOS="3848" WIDTH="352" HEIGHT="63" CONTENT="historischer" WC="1.00" CC="050406000006"/>
						<SP ID="P74_SP00289" HPOS="1852" VPOS="3918" WIDTH="15"/>
						<String ID="P74_ST00326" HPOS="1867" VPOS="3850" WIDTH="294" HEIGHT="79" CONTENT="Prägnanz" WC="0.99" CC="56000300"/>
						<SP ID="P74_SP00290" HPOS="2161" VPOS="3929" WIDTH="20"/>
						<String ID="P74_ST00327" HPOS="2181" VPOS="3862" WIDTH="53" HEIGHT="52" CONTENT="in" WC="0.54" CC="53"/>
						<SP ID="P74_SP00291" HPOS="2234" VPOS="3929" WIDTH="21"/>
						<String ID="P74_ST00328" HPOS="2255" VPOS="3853" WIDTH="310" HEIGHT="62" CONTENT="deutlichen" WC="1.00" CC="0004010000"/>
						<SP ID="P74_SP00292" HPOS="2565" VPOS="3929" WIDTH="19"/>
						<String ID="P74_ST00329" HPOS="2584" VPOS="3852" WIDTH="199" HEIGHT="62" CONTENT="Akten" WC="0.98" CC="10506"/>
					</TextLine>
					<TextLine ID="P74_TL00038" HPOS="533" VPOS="3932" WIDTH="2251" HEIGHT="92">
						<String ID="P74_ST00330" HPOS="533" VPOS="3932" WIDTH="147" HEIGHT="62" CONTENT="hätte" WC="0.99" CC="70000"/>
						<SP ID="P74_SP00293" HPOS="680" VPOS="3994" WIDTH="33"/>
						<String ID="P74_ST00331" HPOS="713" VPOS="3937" WIDTH="315" HEIGHT="62" CONTENT="vollziehen" WC="0.99" CC="0026710740"/>
						<SP ID="P74_SP00294" HPOS="1028" VPOS="3999" WIDTH="42"/>
						<String ID="P74_ST00332" HPOS="1070" VPOS="3952" WIDTH="253" HEIGHT="61" CONTENT="müssen," WC="1.00" CC="0003004"/>
						<SP ID="P74_SP00295" HPOS="1323" VPOS="4013" WIDTH="44"/>
						<String ID="P74_ST00333" HPOS="1367" VPOS="3942" WIDTH="144" HEIGHT="62" CONTENT="eben" WC="0.98" CC="0700"/>
						<SP ID="P74_SP00296" HPOS="1511" VPOS="4013" WIDTH="52"/>
						<String ID="P74_ST00334" HPOS="1563" VPOS="3968" WIDTH="96" HEIGHT="37" CONTENT="um" WC="0.69" CC="60"/>
						<SP ID="P74_SP00297" HPOS="1659" VPOS="4013" WIDTH="42"/>
						<String ID="P74_ST00335" HPOS="1701" VPOS="3944" WIDTH="102" HEIGHT="61" CONTENT="der" WC="0.94" CC="905"/>
						<SP ID="P74_SP00298" HPOS="1803" VPOS="4013" WIDTH="39"/>
						<String ID="P74_ST00336" HPOS="1842" VPOS="3970" WIDTH="573" HEIGHT="54" CONTENT="vorangegangenen," WC="1.00" CC="0650200040000022"/>
						<SP ID="P74_SP00299" HPOS="2415" VPOS="4024" WIDTH="42"/>
						<String ID="P74_ST00337" HPOS="2457" VPOS="3947" WIDTH="327" HEIGHT="62" CONTENT="definierten" WC="0.99" CC="90070306300"/>
					</TextLine>
				</TextBlock>
			</PrintSpace>
		</Page>
	</Layout>
</alto>
