3207 4572
808 461 58 48 R.
896 460 246 58 Gournai,
1190 463 152 52 Türst
1369 467 180 50 Büfow
1583 471 117 48 und
1716 479 109 43 sein
1858 472 250 52 MaroMo

2484 483 95 48 825

330 670 179 60 dieser
551 663 320 62 universale
915 664 285 63 Gedanke
1249 669 153 63 ohne
1443 671 295 64 Vorurteil
1782 678 105 59 sich
1938 703 73 36 zu
2055 690 271 68 positiver
2366 684 210 64 Arbeit

327 763 106 62 auf
458 760 192 61 diesen
669 758 121 59 Ball
824 758 385 65 niedersenke.
1238 762 86 63 Es
1360 768 135 60 muß
1521 770 310 78 unmöglich
1859 783 139 60 sein,
2025 774 111 63 daß
2163 801 132 37 man
2320 779 256 63 Rechen*

326 856 236 63 schäften
594 853 140 60 über
766 852 199 61 Politik
997 853 133 77 gibt,
1166 866 54 51 in
1255 858 182 62 denen
1472 862 103 61 das
1609 863 197 64 Motiv
1839 867 99 61 der
1970 868 318 82 Kränkung
2323 873 116 60 und
2474 873 99 63 des

326 948 219 64 Neides
589 956 125 51 eine
753 946 344 78 Hauptrolle
1139 951 229 77 spielen.
1403 955 100 61 Bei
1538 981 108 38 uns
1679 984 92 35 am
1806 961 451 81 allerwenigsten
2292 967 134 61 darf
2453 970 119 61 dies

325 1040 479 64 leidenschaftliche
829 1040 269 63 Element
1122 1042 238 65 berufen
1385 1050 251 72 werden,
1662 1054 129 61 weil
1825 1055 99 61 der
1949 1056 240 80 Mangel
2224 1085 73 36 an
2332 1063 241 61 äußerer

324 1135 442 62 Prädestination
802 1134 121 61 dies
957 1136 298 64 schädliche
1289 1139 277 81 Surrogat
1608 1145 90 61 für
1738 1149 272 62 wirkliche
2052 1153 231 62 Motive
2325 1181 108 37 uns
2476 1182 94 37 am

325 1230 254 60 nächsten
637 1228 127 77 legt.
824 1228 169 62 Aber
1053 1231 265 63 nachdem
1387 1235 89 61 die
1533 1238 458 67 Gedanklichkeit
2047 1247 414 66 Deutschlands
2513 1262 55 52 in

322 1338 212 62 puncto
585 1320 549 79 Kosmopolitismus
1177 1328 139 58 nicht
1355 1350 228 58 versagt
1624 1332 112 72 hat,
1780 1337 141 61 wird
1963 1348 83 51 sie
2086 1343 138 59 auch
2268 1353 72 51 im
2382 1356 183 51 zwei*

321 1433 92 42 ten
461 1416 104 59 sich
594 1425 382 67 organisieren
1004 1417 212 62 lassen;
1255 1419 52 61 d.
1352 1422 52 61 h,
1441 1447 130 38 man
1605 1428 142 60 wird
1782 1428 256 75 Geduld,
2071 1433 310 80 Stetigkeit,
2415 1440 153 61 Ein*

322 1508 228 61 fachheit
606 1508 82 61 als
755 1510 287 77 politische
1107 1512 417 78 Ingredienzien
1572 1522 299 63 verstehen
1928 1525 189 63 lehren
2177 1538 116 53 und
2352 1532 211 73 lernen,

322 1602 112 60 und
498 1626 129 36 man
686 1604 143 59 wird
894 1606 107 59 sich
1067 1607 109 60 auf
1218 1609 90 61 die
1357 1609 317 66 besondere
1714 1616 200 63 Natur
1961 1644 232 40 unserer
2241 1626 320 77 politischen

322 1695 326 62 Ökonomik
705 1698 302 72 einlassen,
1049 1701 90 61 die
1181 1713 104 51 wir
1324 1704 188 62 bisher
1553 1732 107 37 nur
1710 1734 107 37 aus
1868 1713 99 61 der
2006 1715 290 80 Analogie
2337 1746 75 35 zu
2453 1747 110 36 an*

321 1790 164 60 deren
526 1790 262 61 Ländern
842 1793 141 61 oder
1032 1794 101 61 der
1172 1792 248 68 Theorie
1477 1804 315 61 anschauen
1802 1842 22 35 ,*
1877 1808 268 62 vielmehr
2192 1813 82 61 als

319 1879 149 65 Tür«
531 1884 118 61 und
707 1886 377 80 Okkupation
1143 1893 406 62 unterscheidet
1613 1898 127 60 kein
1797 1898 239 64 Mensch
2108 1903 89 63 bei
2264 1933 126 45 uns,
2448 1912 112 59 ob*

316 1977 160 76 gleich
541 2002 131 37 man
740 1981 327 63 unendliche
1133 1983 315 80 Spielarten
1506 1988 150 63 dazu
1722 1992 185 62 finden
1972 1995 164 65 kann.
2197 2000 114 62 Die
2359 2002 200 64 Natur

316 2070 437 78 weltpolitischer
794 2073 260 79 Erfolge,
1096 2087 110 53 wie
1248 2089 81 52 sie
1373 2105 106 37 uns
1521 2082 329 65 beschieden
1883 2090 252 71 werden,
2175 2101 70 54 ist
2276 2118 144 53 ganz
2453 2099 106 60 be*

316 2164 265 61 sonderer
621 2166 217 73 Natur,
881 2179 83 51 sie
1018 2173 233 61 werden
1299 2183 55 53 in
1404 2185 183 54 einem
1629 2179 153 79 Spiel
1824 2206 116 38 von
1990 2184 275 65 Interesse
2314 2190 241 64 nehmen

315 2256 113 60 und
460 2256 340 83 Entsagung
842 2264 104 58 sich
983 2265 263 76 ergeben,
1280 2277 53 50 in
1370 2268 102 62 das
1506 2294 132 39 man
1680 2274 105 60 sich
1820 2274 406 67 hineindenken
2259 2284 153 70 muß,
2446 2296 110 52 wie

315 2357 52 51 in
407 2350 87 61 die
534 2353 215 77 Regeln
794 2366 154 52 eines
1001 2382 188 38 neuen
1232 2361 249 64 Schachs,
1535 2366 269 63 Darüber
1860 2372 107 60 sich
2015 2372 120 62 klar
2180 2400 74 37 zu
2304 2380 250 71 werden,

313 2449 69 54 ist
419 2446 206 75 gerade
667 2457 53 51 in
764 2449 212 63 diesem
1018 2453 357 79 Augenblick;
1417 2458 103 61 das
1554 2460 351 80 Wichtigste,
1939 2490 97 37 wo
2078 2477 102 51 wir
2212 2479 53 52 in
2300 2471 90 62 die
2423 2472 128 63 Ära

312 2543 149 54 einer
490 2538 197 64 Politik
730 2554 293 63 eintreten,
1050 2547 90 62 die
1175 2548 90 63 die
1299 2550 220 80 Menge
1557 2559 368 73 potentischer
1957 2560 471 82 Anknüpfungen
2462 2568 92 60 für

312 2651 200 42 unsere
562 2634 378 81 Weltpolitik,
999 2641 89 61 die
1145 2654 106 49 wir
1298 2645 142 61 kraft
1491 2672 233 38 unserer
1765 2651 365 65 Wehrmacht
2175 2656 270 74 besitzen,
2497 2672 54 50 in

312 2720 310 67 bestimmte
663 2728 439 83 Erwerbungen
1147 2757 292 44 umsetzen
1490 2742 128 60 will.
1674 2744 228 62 Unsere
1949 2747 155 77 Lage
2145 2758 70 52 ist
2255 2752 143 62 eben
2441 2754 108 71 die,

310 2813 104 62 daß
456 2828 101 51 wir
607 2823 150 61 ohne
799 2827 360 81 Barzahlung
1206 2830 210 65 kaufen
1465 2847 252 61 müssen,
1765 2839 142 61 oder
1945 2842 204 63 anders
2191 2865 213 59 gesagt,
2446 2860 105 50 wir

310 2918 223 53 müssen
576 2914 91 61 die
707 2917 437 80 Möglichkeiten
1189 2950 233 38 unserer
1462 2929 275 73 Zukunft,
1780 2932 89 62 die
1902 2959 319 56 sozusagen
2264 2945 285 59 universal

307 3002 137 70 sind,
504 3006 89 61 für
651 3020 124 53 eine
832 3015 426 67 beschränktere
1300 3021 381 65 Wirklichkeit
1736 3036 55 51 in
1840 3029 268 80 Zahlung
2163 3032 198 78 geben.
2415 3036 134 62 Wir

307 3105 224 54 müssen
575 3102 122 62 also
740 3110 137 58 auch
921 3123 198 50 weiter
1158 3138 135 38 vom
1336 3117 190 61 Druck
1570 3144 234 37 unserer
1844 3123 345 78 Reputation
2239 3128 181 72 leben,
2472 3133 75 59 da

308 3195 98 49 wir
447 3190 208 66 überall
691 3209 287 56 einsetzen
1020 3205 269 74 könnten,
1331 3222 231 50 müssen
1605 3223 103 51 wir
1750 3224 126 52 eine
1915 3216 117 61 Art
2084 3218 461 80 hypothetischen

305 3275 346 75 Zahlmittels
688 3291 208 65 daraus
932 3300 248 70 machen,
1214 3312 98 51 mit
1354 3303 128 62 dem
1516 3316 103 50 wir
1650 3308 270 62 wirkliche
1953 3310 263 64 Ansätze
2248 3340 75 35 zu
2357 3327 189 52 natio*

306 3371 148 63 naler
493 3378 209 66 Arbeit
743 3396 53 52 in
841 3390 144 61 allen
1029 3393 252 64 Formen
1323 3396 208 63 kaufen
1576 3398 240 64 können.
1855 3403 228 64 Unsere
2117 3406 430 67 Staatsmänner

305 3468 222 62 werden
578 3481 141 58 nicht
775 3506 106 38 nur
931 3486 90 61 die
1070 3488 199 63 Politik
1317 3516 73 36 zu
1441 3493 280 63 erdenken
1773 3495 203 73 haben,
2028 3500 89 61 die
2166 3511 80 52 sie
2297 3506 247 71 machen,

303 3561 237 63 sondern
560 3573 133 59 auch
715 3575 108 71 die,
843 3580 109 59 auf
961 3582 206 61 welche
1185 3594 81 52 sie
1284 3589 329 69 verzichten,
1633 3589 192 62 diesen
1845 3592 325 77 ungeheuer
2185 3597 359 81 schwierigen

387 3675 66 55 eg
494 3656 251 71 scheinen
773 3679 82 52 sie
880 3683 137 66 jetzt
1050 3695 326 59 angetreten
1410 3705 74 36 zu
1520 3681 184 63 haben
1738 3708 105 38 aus
1881 3685 171 62 freien
2088 3688 260 73 Stücken,
2376 3695 169 59 nach*

340 3764 84 41 em
466 3760 80 52 sie
587 3759 107 59 auf
721 3761 156 65 diese
936 3778 216 70 einzige
1200 3773 161 61 Bahn
1420 3775 165 61 durch
1644 3777 91 62 die
1785 3779 237 62 Gewalt
2078 3782 100 62 der
2226 3780 316 69 Tatsachen

302 3839 158 59 schon
510 3853 201 59 einmal
767 3879 357 60 gezwungen
1182 3867 238 62 worden
1478 3878 85 52 ist.
1617 3871 287 62 Marokko
1962 3876 133 61 muß
2155 3881 386 76 unvergeßlich

301 3935 131 66 sein,
474 3944 50 52 in
569 3966 104 39 uns
717 3951 176 63 selbst
933 3957 117 60 und
1095 3968 156 54 seine
1293 3961 207 63 fatalen
1537 3963 259 64 Gründe.
