3239 4572
1071 432 182 49 Wafter
1279 433 361 55 HasencCever,
1675 433 117 50 Der
1819 433 141 48 Soßn

2546 433 88 49 811

463 643 140 60 Der
642 636 303 63 Freund:
990 636 97 63 Sie
1119 637 143 61 wird
1295 637 164 62 deine
1492 638 218 77 Augen
1745 636 217 62 sehend
1995 636 228 61 machen
2263 666 65 17 —
2367 636 77 61 du
2477 636 163 62 Narr

385 762 91 38 am
515 731 461 65 verschlossenen
1008 726 137 67 Tor,
1182 732 189 60 Durch
1413 741 82 52 sie
1536 731 126 62 sind
1704 731 89 61 die
1826 730 193 77 Riegel
2052 746 320 63 gesprengt,
2415 729 118 60 und
2566 730 79 59 du

385 840 157 52 wirst
590 844 181 46 etwas
830 825 282 64 erkennen
1168 850 118 37 von
1343 826 130 61 dem
1522 826 324 79 Schauspiel
1905 825 100 62 der
2053 825 182 62 Welt.
2295 822 138 64 Hah
2484 822 161 63 keine

386 927 211 76 Angst,
639 930 82 53 sie
763 929 71 52 ist
865 929 170 69 gütig.
1072 920 167 61 Auch
1282 920 163 63 deine
1477 922 219 61 Mutter
1737 946 123 35 war
1902 929 125 52 eine
2060 919 160 61 Frau
2262 928 111 52 wie
2408 928 97 52 sie.
2542 918 103 61 Du

386 1028 155 52 wirst
581 1016 84 60 ihr
706 1014 157 61 Kind
903 1023 138 52 sein.

463 1113 140 61 Der
644 1108 209 64 Sohn:
898 1108 151 61 Eine
1089 1108 134 62 tiefe
1253 1104 221 65 Trauer
1515 1108 187 62 erfüllt
1740 1110 134 59 mich
1916 1132 109 37 vor
2058 1107 149 71 dem,
2250 1130 125 38 was
2410 1107 75 60 ich
2523 1115 95 53 nie-

393 1206 139 64 mals
574 1202 197 64 werde
818 1202 142 62 sehn
1009 1202 120 61 und
1177 1211 91 52 nie
1315 1202 195 62 werde
1559 1226 174 54 sagen
1784 1202 243 61 können.
2071 1203 83 60 Ich
2198 1201 182 62 denke
2423 1225 108 37 nur
2571 1225 74 36 an

391 1301 89 63 die
522 1299 250 78 Steppen
815 1296 290 71 Sibiriens,
1154 1296 234 61 obwohl
1436 1297 75 61 ich
1561 1296 306 61 manchmal
1916 1306 163 52 einen
2130 1296 149 61 alten
2330 1296 191 61 Mann
2573 1304 73 52 im

393 1393 237 64 Graben
687 1390 148 62 finde
893 1390 119 62 und
1067 1391 167 70 weiß,
1299 1390 110 61 daß
1465 1391 145 60 viele
1667 1400 74 51 im
1808 1390 211 62 Schnee
2076 1389 376 79 verhungern.
2524 1389 119 60 Ein

393 1491 244 62 Schauer
686 1487 181 61 erfaßt
915 1487 155 70 mich,
1127 1485 111 61 daß
1287 1487 77 59 ich
1413 1484 259 79 nirgends
1723 1484 92 62 die
1864 1484 325 79 Schöpfung
2237 1484 274 78 begreife!
2564 1483 82 60 Ich

395 1582 179 63 denke
625 1581 101 61 des
768 1579 405 79 Augenblicks,
1224 1579 74 61 da
1337 1579 76 61 ich
1463 1588 188 54 mitten
1709 1588 74 51 im
1831 1578 274 78 Frühling
2154 1577 142 79 gehe
2347 1577 118 61 und
2508 1576 138 62 doch

395 1700 105 37 nur
541 1684 89 53 ein
664 1675 335 77 Fingerzeig
1030 1673 95 61 bin
1167 1698 93 36 am
1293 1672 268 70 Himmel,
1602 1672 101 61 der
1742 1672 141 61 über
1922 1681 103 52 mir
2066 1671 179 61 lastet.
2290 1672 187 70 Alles,
2521 1692 125 39 was

396 1779 102 52 mir
545 1767 297 80 geschieht,
891 1776 71 52 ist
1009 1778 55 66 ja
1114 1776 147 69 ewig
1308 1766 297 79 geschehn!
1656 1766 153 61 Was
1859 1765 171 62 bleibt
2080 1765 150 62 denn
2278 1789 117 37 von
2446 1774 104 51 mir
2591 1772 55 53 in

398 1865 182 61 dieses
623 1864 253 61 Daseins
917 1861 261 63 ruhloser
1218 1863 228 59 Kette!?

476 1959 138 60 Der
654 1957 299 62 Freund:
998 1957 116 61 Die
1153 1955 136 63 Not
1329 1954 191 62 deines
1554 1955 283 69 Herzens,
1879 1954 90 61 die
2001 1949 191 65 Träne
2232 1962 55 52 in
2321 1953 98 61 der
2451 1952 198 62 Nacht

401 2051 116 62 und
557 2051 89 62 die
687 2051 440 77 Auferstehung
1168 2073 93 37 am
1301 2049 277 77 Morgen!

477 2146 140 62 Der
658 2145 209 63 Sohn:
913 2146 216 61 Komm
1169 2145 132 61 bald
1342 2143 231 70 wieder,
1624 2142 150 61 dann
1816 2141 192 62 werde
2051 2141 75 61 ich
2169 2141 82 59 dir
2292 2139 173 61 näher
2508 2148 138 52 sein.

402 2240 82 59 Ich
533 2239 113 62 will
696 2240 103 61 das
842 2239 272 62 Wunder
1162 2239 221 60 kennen
1423 2237 211 69 lernen,
1685 2236 105 61 ehe
1832 2235 99 61 der
1976 2235 254 62 Schatten
2270 2242 210 52 meines

404 2357 194 38 samen
639 2334 283 61 Zimmers
971 2334 135 59 mich
1155 2331 214 62 wieder
1411 2330 252 62 umhüllt.
1707 2331 83 60 Ich
1831 2330 113 60 will
1986 2329 193 61 diesen
2220 2327 430 77 Zaubergarten

404 2426 269 73 betreten,
724 2428 116 61 und
890 2428 163 61 koste
1102 2451 61 38 es
1206 2435 148 52 mein
1394 2425 362 78 Augenlicht!
1807 2424 133 62 Vor
1990 2432 151 52 einer
2189 2421 201 61 halben
2432 2420 221 62 Stunde

407 2520 108 61 hab
557 2523 75 60 ich
674 2523 362 76 geschworen
1079 2522 99 61 der
1210 2519 232 62 Freude
1474 2545 75 35 zu
1582 2519 268 78 gehören,
1884 2517 89 62 die
2008 2518 75 60 ich
2117 2517 134 59 noch
2287 2515 138 60 nicht
2450 2514 199 61 kenne.

407 2614 226 61 Einmal
691 2617 135 60 muß
885 2626 147 51 mein
1075 2616 219 61 Dasein
1343 2614 135 60 mich
1521 2613 258 70 erhören,
1835 2611 267 62 vielleicht
2150 2608 188 71 heute,
2386 2607 268 62 vielleicht

410 2716 52 52 in
503 2707 242 64 hundert
783 2706 216 82 Tagen,
1044 2708 83 63 Ich
1171 2708 174 72 fühle,
1388 2707 90 62 die
1511 2707 133 61 Zeit
1685 2716 71 51 ist
1797 2706 139 61 nicht
1981 2705 137 61 fern.

489 2802 137 63 Der
666 2805 299 61 Freund:
1009 2805 84 61 Ich
1135 2804 94 61 bin
1271 2827 67 38 so
1381 2800 431 63 zuversichtlich:
1858 2800 113 61 dich
2015 2799 151 61 führt
2201 2806 89 52 ein
2323 2811 163 64 gutes
2524 2795 88 61 Ge-

411 2904 149 53 stirn,
604 2898 83 61 Ich
729 2899 226 61 komme
995 2898 233 71 wieder,
1268 2921 171 38 wenn
1481 2895 77 61 du
1600 2895 133 61 mich
1768 2894 270 61 brauchst.
2075 2891 81 63 So
2190 2890 253 76 entfliege
2479 2888 175 62 denn!

489 2992 138 61 Der
668 2993 211 62 Sohn:
923 2994 168 61 Auch
1133 2992 97 71 du,
1272 3002 148 52 mein
1460 2989 253 71 Freund,
1756 2999 74 51 im
1870 2987 406 78 grenzenlosen
2320 2983 246 62 Gefühl!

490 3084 137 63 Der
659 3086 298 63 Freund:
994 3087 140 61 Dich
1167 3096 146 67 trägt
1345 3084 90 61 die
1460 3084 198 77 Woge
1691 3083 136 61 noch
1863 3082 108 60 hin.
2008 3079 151 61 Mich
2192 3077 111 62 rief
2328 3086 81 53 sie
2434 3077 223 61 zurück.

415 3176 118 62 Leb
574 3180 172 62 wohl.
799 3190 90 54 <Er
920 3188 145 63 geht.)

1149 3487 423 69 SECHSTE
1614 3487 322 65 SZENE

424 3628 118 53 (Der
574 3632 152 51 Raum
766 3634 119 50 wird
922 3634 207 51 dunkler.
1162 3636 101 48 Das
1296 3633 279 52 Fräulein
1616 3636 101 45 tritt
1747 3636 73 43 ein
1855 3633 83 44 mit
1971 3627 80 50 der
2085 3627 189 61 Lampe.
2309 3624 76 51 Sie
2419 3623 128 51 deckt
2582 3623 89 49 den

1106 3712 133 53 Tisch
1272 3713 97 50 und
1399 3718 125 55 trägt
1557 3710 82 50 das
1672 3710 154 49 Essen
1863 3708 118 53 auf.)

499 3832 140 64 Der
678 3837 211 64 Sohn:
933 3839 296 61 Fräulein!
1263 3837 83 61 Ich
1380 3836 155 71 sehe,
1569 3835 111 62 daß
1713 3832 90 63 Ihr
1836 3832 164 60 Haar
2033 3830 174 62 blond
2244 3837 86 54 ist.
2376 3827 96 64 Sie
2509 3826 165 62 stehn

423 3930 271 62 zwischen
735 3933 217 80 Lampe
993 3934 119 61 und
1153 3934 408 75 Dämmerung.
