3159 4572
1137 464 58 49 R,
1230 463 245 52 GoumaC
1522 459 153 48 Bürst
1702 456 182 50 Büfow
1918 455 118 49 und
2051 460 110 44 sein
2194 452 249 50 Marokko

652 469 93 49 826

740 673 167 62 Aber
949 680 70 52 ist
1053 669 173 61 damit
1267 666 139 60 nicht
1430 664 214 61 wieder
1676 687 74 37 zu
1785 670 152 52 einer
1969 660 198 62 Politik
2201 660 101 61 des
2337 659 250 62 direkten
2622 659 291 77 Zwanges

663 764 447 80 zurüdcgelenkt,
1143 786 134 37 zum
1311 760 177 77 Krieg
1513 758 124 61 also
1673 757 119 61 und
1824 781 104 37 zur
1965 754 497 80 »Machtpolitik«?
2496 753 62 62 Si
2590 763 86 52 vis
2712 777 203 56 pacem

661 886 138 56 para
856 859 207 63 bellum
1107 866 69 51 ist
1227 853 299 78 allerdings
1569 861 152 52 einer
1761 849 288 63 radikalen
2097 849 348 78 Auslegung
2495 847 171 78 fähig,
2716 847 203 63 sobald

662 980 132 37 man
851 952 228 62 nämlich
1137 950 111 61 den
1305 948 177 77 Krieg
1538 946 83 61 als
1682 945 263 62 Gewähr
1993 943 91 63 für
2134 943 357 78 erfolgreiche
2539 942 188 61 aktive
2777 942 141 62 oder

665 1058 227 72 passive
948 1046 373 75 Intransigent
1361 1041 236 71 auffaßt,
1646 1040 120 61 und
1814 1063 69 38 so
1932 1039 145 60 sieht
2125 1061 132 37 man
2299 1036 95 62 ihn
2435 1046 55 51 in
2532 1035 387 63 Deutschland

665 1145 110 60 fast
839 1138 407 64 ausschließlich
1312 1160 92 37 an.
1471 1135 88 61 Er
1615 1135 113 61 löst
1776 1133 93 62 die
1918 1131 199 64 Politik
2164 1133 94 69 ab,
2316 1140 111 52 wie
2491 1130 94 61 ihn
2651 1130 90 61 die
2805 1130 115 62 Po*

661 1237 133 69 litik,
861 1233 120 62 und
1039 1256 61 38 er
1157 1232 97 77 gilt
1310 1230 84 61 als
1462 1238 126 52 »ein
1627 1226 188 63 Mittel
1875 1244 165 43 unter
2104 1225 245 70 vielen«,
2415 1224 183 61 denen
2647 1247 62 38 er
2764 1224 157 61 sehe*

665 1329 224 64 matisch
949 1324 466 80 nebengeordnet
1470 1322 160 62 wird.
1697 1322 169 61 Aber
1932 1319 264 71 dadurch,
2262 1319 112 61 daß
2441 1318 99 61 der
2595 1318 179 77 Krieg
2838 1318 81 62 als

662 1422 188 65 Mittel
908 1423 143 60 nicht
1099 1421 135 61 bloß
1284 1418 278 62 zwischen
1612 1417 136 62 Sein
1797 1414 121 63 und
1965 1414 297 61 Nichtsein
2321 1411 303 72 schwankt,
2674 1411 247 62 sondern

662 1519 165 62 durch
886 1526 157 52 seine
1103 1515 303 61 konstante
1453 1510 365 80 Möglichkeit
1875 1519 126 52 eine
2057 1508 303 63 konstante
2407 1506 342 77 Bedeutung
2807 1505 116 72 hat,

665 1614 165 62 reicht
872 1634 61 38 er
972 1620 56 52 in
1071 1609 110 62 den
1223 1606 249 64 Frieden
1514 1605 175 62 selbst
1730 1604 206 71 hinein,
1978 1604 228 77 bewegt
2246 1627 61 36 er
2347 1601 107 62 sich
2496 1601 109 60 auf
2645 1600 279 61 verschieb

662 1709 201 61 denste
887 1705 208 63 Weise
1129 1713 55 52 in
1220 1703 100 61 der
1361 1701 316 79 Spannung
1716 1699 276 61 zwischen
2034 1696 322 63 absolutem
2397 1695 230 78 Zwang
2667 1693 120 62 und
2819 1694 105 60 ab*

665 1801 246 63 solutem
938 1797 325 78 Ausgleich.
1300 1795 87 61 Es
1430 1817 130 55 mag
1593 1792 257 81 paradox
1883 1790 241 79 klingen,
2157 1790 137 61 aber
2327 1798 53 52 in
2416 1789 183 61 dieser
2632 1787 289 62 Funktion

665 1896 99 61 hat
818 1895 102 60 der
977 1892 268 77 mögliche
1301 1889 178 78 Krieg
1536 1905 165 44 unter
1758 1886 111 62 den
1933 1884 311 63 modernen
2303 1881 623 63 Kulturverhältnissen

668 1988 158 63 mehr
861 1987 356 62 Ähnlichkeit
1256 1992 98 54 mit
1387 1983 131 61 dem
1552 1981 177 71 Geld,
1762 1980 85 62 als
1880 1990 100 52 mit
2013 1980 130 61 dem
2177 1977 408 80 explodierten,
2618 1975 308 62 wirklichen

668 2085 196 76 Krieg.

748 2178 166 61 Vom
949 2174 456 80 diplomatischen
1448 2170 361 80 Standpunkt
1850 2193 106 38 aus
1998 2169 99 61 hat
2138 2168 100 61 der
2278 2168 196 76 Krieg,
2524 2165 100 61 der
2665 2162 265 80 mögliche

671 2274 197 75 Krieg,
927 2269 169 61 dafür
1154 2293 74 36 zu
1288 2289 225 55 sorgen,
1571 2265 110 61 daß
1731 2273 105 51 wir
1883 2263 166 77 jeden
2076 2263 190 68 Wert,
2309 2262 130 59 dem
2479 2268 106 52 wir
2627 2276 164 44 unter
2831 2281 101 54 ge*

672 2376 215 52 wissen
944 2363 409 78 Bedingungen
1419 2361 100 61 der
1574 2359 392 77 Realisierung
2031 2366 155 52 eines
2252 2354 248 61 anderen
2558 2353 236 61 Wertes
2860 2375 73 36 zu

673 2460 202 80 opfern
902 2457 179 61 bereit
1107 2466 177 60 wäre,
1311 2463 56 53 in
1392 2453 131 63 dem
1547 2452 127 61 Fall
1701 2476 107 37 uns
1836 2476 74 36 zu
1952 2449 252 63 erhalten
2237 2458 231 60 wissen,
2511 2447 111 61 daß
2664 2455 104 52 wir
2808 2444 124 61 kein

675 2554 354 80 Äquivalent
1086 2551 170 60 dafür
1312 2549 294 61 bekämen.
1658 2547 183 61 Darin
1890 2546 131 76 liegt
2070 2569 117 35 nun
2239 2542 144 62 eben
2434 2542 90 61 die
2573 2540 362 80 ungeheuere

677 2648 362 62 Modernität
1100 2645 101 61 des
1245 2644 262 76 Krieges,
1565 2641 111 61 daß
1734 2663 61 38 er
1851 2663 108 38 aus
2017 2639 100 61 der
2164 2635 575 80 Leistungsfähigkeit
2787 2643 148 52 einer

675 2743 230 61 Nation
948 2740 170 61 schon
1161 2735 234 80 Kapital
1437 2734 222 79 schlägt,
1701 2733 182 62 bevor
1923 2731 92 63 die
2065 2733 275 75 Leistung
2388 2729 272 62 realisiert
2707 2725 228 64 werden

679 2837 179 71 kann,-
915 2833 99 61 der
1063 2833 178 76 Krieg
1284 2829 381 79 eskomptiert,
1707 2825 137 63 aber
1894 2836 98 52 mit
2041 2834 183 54 einem
2266 2833 301 70 negativen
2609 2822 329 75 Zahlungs*

679 2928 194 63 mittel:
917 2928 111 61 daß
1071 2936 89 52 ein
1203 2924 313 78 möglicher,
1559 2922 118 61 und
1710 2922 84 61 als
1827 2921 212 62 solcher
2072 2928 395 70 organisierter
2509 2917 252 62 Schaden
2805 2914 134 61 nicht

680 3032 223 54 eintritt.
931 3022 126 61 Der
1082 3020 267 77 mögliche
1375 3018 175 77 Krieg
1576 3026 72 52 ist
1665 3016 176 61 daher
1866 3024 245 53 eminent
2138 3013 259 70 friedlich,
2431 3012 90 61 die
2545 3011 185 79 Folge
2764 3017 176 54 seiner

680 3116 364 80 Möglichkeit
1072 3115 126 62 sind
1231 3114 362 61 mobilisierte
1618 3120 243 71 positive
1902 3110 228 70 Werte,
2172 3107 230 63 nämlich
2444 3116 112 51 wie
2608 3115 195 52 immer
2843 3125 99 56 ge*

682 3229 179 46 artete
878 3211 448 75 Absteckungen
1354 3205 314 62 nationaler
1684 3204 228 71 Arbeit,
1947 3203 120 62 und
2091 3227 62 38 es
2180 3203 150 61 kann
2364 3201 173 61 deren
2571 3224 98 37 um
2695 3223 68 38 so
2789 3195 154 63 mehr

685 3307 201 78 geben,
926 3316 54 67 je
1023 3302 397 63 umfassender
1461 3299 119 62 und
1620 3299 346 78 gründlicher
1998 3298 90 61 die
2123 3297 236 61 wirklich
2394 3293 347 63 eintretende
2775 3290 168 64 Schä*

686 3401 211 77 digung
915 3408 174 51 wäre.
1119 3398 125 60 Der
1260 3397 178 76 Krieg
1456 3396 226 59 erreicht
1712 3393 271 61 vielleicht
2016 3393 141 60 nicht
2191 3391 92 61 die
2316 3388 454 64 mathematische
2789 3384 155 64 Gra*

699 3490 579 80 duierungsfähigkeit
1334 3488 101 61 des
1495 3487 241 71 Geldes,
1794 3487 137 60 aber
1980 3510 61 37 er
2091 3486 203 61 besitzt
2345 3483 206 61 dessen
2591 3481 353 77 Allgemein*

694 3586 289 80 gültigkeit
1001 3586 83 61 als
1109 3582 311 65 Ausdruck
1438 3581 185 70 <darin
1649 3590 72 52 ist
1761 3604 61 38 er
1853 3590 55 67 ja
1941 3580 137 61 noch
2112 3579 370 62 elementarer
2515 3576 84 61 als
2632 3575 104 61 das
2770 3567 176 69 Geld)

691 3681 118 63 und
849 3681 137 61 auch
1030 3679 101 62 der
1171 3679 179 77 Krieg
1390 3676 99 63 hat
1537 3676 92 61 die
1669 3675 377 79 Eigenschaft,
2097 3674 112 62 daß
2260 3697 61 36 er
2378 3671 165 62 durch
2585 3670 361 69 Anweisung

695 3775 112 60 auf
851 3784 121 52 sein
1021 3773 305 62 wirkliches
1376 3769 315 62 Auftreten
1740 3769 187 61 dieses
1979 3784 222 46 ersetzt.
2253 3766 125 61 Der
2425 3765 178 76 Krieg
2651 3761 82 63 als
2783 3760 164 60 Aus*

695 3869 166 60 druck
888 3869 99 61 der
1013 3866 501 77 Wehrhaftigkeit,
1541 3876 195 49 münzt
1780 3863 123 62 also
1940 3872 73 52 im
2051 3863 322 79 politischen
2401 3860 139 63 Sinn
2568 3858 91 62 die
2683 3855 264 63 Arbeits*

695 3980 179 43 werte
916 3962 102 61 der
1051 3961 166 61 Welt
1258 3984 125 45 aus,
1428 3958 118 61 und
1588 3958 108 61 auf
1729 3960 169 59 nichts
1940 3957 216 62 kommt
2199 3980 61 38 es
2304 3980 66 37 so
2413 3979 93 45 an,
2542 3952 81 62 als
2667 3951 92 61 für
2799 3947 148 61 diese
