3176 4572
938 489 136 49 Max
1100 490 154 55 Brod,
1298 493 120 49 Vom
1449 512 162 31 neuen
1644 494 415 51 Irrationafismus

2529 497 93 50 749

372 693 188 62 Buber
595 691 251 77 dagegen
880 701 144 67 ringt
1054 694 261 79 gewaltig
1348 704 96 53 mit
1477 696 99 62 der
1609 696 431 80 Schwierigkeit,
2081 697 185 63 dieses
2302 699 320 78 unglieder*

371 787 136 61 bare
540 783 248 62 Erleben
831 793 55 51 in
927 785 100 60 der
1061 785 112 62 ihm
1207 790 471 75 eigentümlichen,
1720 792 140 60 nicht
1891 791 367 62 mitteilbaren
2294 792 220 79 Sphäre
2545 815 77 41 zu

372 878 260 63 belassen
682 876 117 61 und
849 876 246 62 dennoch
1152 904 75 37 zu
1282 881 293 77 gestalten,
1632 906 60 39 er
1740 884 383 78 symbolisiert
2173 908 61 39 es
2288 894 53 53 in
2396 885 226 62 Gleich*

372 981 209 59 nissen,
623 978 53 52 in
713 969 682 78 Gesprächssituationen,
1437 974 170 62 deren
1649 976 388 78 dynamisches
2072 978 291 72 Moment,
2404 1003 73 37 an
2512 981 106 60 sich

370 1073 127 52 eine
530 1061 537 78 Unzulänglichkeit,
1109 1064 135 71 hier,
1277 1091 95 36 wo
1406 1069 167 61 nichts
1608 1070 81 60 als
1723 1070 548 78 Abgeschlossenes,
2312 1072 308 63 Ruhendes

370 1157 204 62 erklärt
629 1164 119 52 sein
807 1155 143 71 darf,
999 1158 207 76 gerade
1261 1159 103 62 das
1413 1162 241 78 Richtige
1703 1172 98 65 ist,«
1856 1187 58 38 er
1963 1166 160 77 greift
2168 1190 76 36 zu
2295 1166 327 78 quasi*bio*

369 1249 360 80 graphischen
779 1249 302 73 Berichten,
1137 1276 117 37 von
1311 1253 180 64 denen
1550 1266 151 52 einer
1750 1257 115 70 <die
1913 1258 335 80 Erzählung
2295 1284 118 38 von
2463 1270 156 53 einer

372 1342 323 64 Kahnfahrt
736 1342 89 61 bei
861 1343 230 79 Spezia)
1132 1345 90 62 die
1263 1346 306 63 dichterisch
1612 1350 238 62 stärkste
1883 1352 181 62 Partie
2098 1352 101 62 des
2234 1352 249 64 Werkes
2518 1362 99 64 Ist/

370 1461 108 39 vor
525 1437 164 61 allem
740 1436 262 62 wirksam
1053 1447 70 54 ist
1170 1449 155 53 seine
1372 1442 311 78 Fähigkeit,
1733 1445 103 61 das
1885 1446 337 62 einheitliche
2272 1447 342 79 unbedingte

371 1530 192 61 Leben
620 1552 116 38 von
787 1527 349 75 Ähnlichem,
1193 1533 100 60 das
1353 1533 173 63 damit
1580 1538 361 62 verwechselt
1989 1539 231 62 werden
2270 1539 230 72 könnte,
2558 1550 56 52 in

370 1621 300 63 treffender
704 1623 300 71 Dialektik,
1038 1629 471 74 epigrammatisch
1543 1653 74 37 zu
1651 1630 266 71 sondern,
2060 1656 117 38 von
2210 1632 101 63 der
2344 1633 270 72 Ekstase,

370 1715 206 63 welche
625 1715 89 61 die
764 1717 232 62 Einheit
1044 1720 139 60 nicht
1231 1729 74 52 im
1345 1720 259 63 Werden
1655 1723 99 62 der
1794 1724 183 71 Welt,
2034 1726 246 62 sondern
2337 1736 74 52 im
2460 1728 154 61 Ent*

371 1809 230 61 werden
643 1809 100 61 der
776 1809 167 63 Seele
985 1811 188 72 findet,
1213 1837 117 37 von
1372 1813 99 62 der
1503 1816 570 80 Naturphilosophie,
2114 1842 136 39 vom
2283 1818 331 64 Indifferenz

369 1912 216 52 tismus,
732 1903 138 63 Nur
911 1929 71 37 an
1024 1907 376 62 vereinzelten
1442 1908 209 63 Stellen
1701 1920 113 51 tritt
1862 1911 89 61 die
1993 1912 224 61 Gefahr
2257 1922 153 54 einer
2449 1914 163 62 Ver*

371 1997 282 78 mischung
696 1997 99 61 der
835 1997 208 78 gerade
1084 2023 115 38 von
1241 2000 189 62 Buber
1471 2025 67 38 so
1582 2004 182 59 scharf
1796 2006 386 75 gezeichneten
2224 2006 388 64 Grundkräfte

370 2089 331 70 <Erkennen
745 2091 116 60 und
902 2091 271 73 Erleben,
1216 2094 404 80 Orientierung
1660 2096 117 61 und
1816 2098 409 78 Realisierung)
2265 2099 165 72 nahe,
2471 2100 143 62 viel*

370 2182 155 60 leicht
564 2183 158 61 mehr
762 2184 294 78 stylistisch
1099 2185 81 63 als
1223 2188 242 70 sachlich,
1517 2188 117 61 und
1673 2189 143 62 wird
1860 2192 138 59 nicht
2037 2201 194 52 immer
2270 2193 343 70 vermieden,

371 2275 264 61 wodurch
679 2277 149 61 dann
880 2302 72 37 an
1001 2288 164 66 jenen
1215 2303 186 39 neuen
1444 2281 803 78 Gegengift*lrrationalismus
2298 2287 319 76 angestreift

369 2368 162 73 wird,
580 2371 110 61 den
740 2381 102 51 wir
889 2372 167 77 gleich
1114 2382 266 71 eingangs
1434 2376 83 61 als
1568 2376 195 62 bloßes
1818 2377 360 79 Gegenstück
2227 2404 132 37 zum
2401 2380 216 62 Werk*

367 2472 144 68 geist
568 2463 98 61 der
717 2465 133 62 Zeit
907 2467 118 60 und
1075 2467 81 61 als
1207 2470 140 59 nicht
1404 2470 203 61 einmal
1655 2470 300 63 wirksame
2003 2472 239 71 Arznei,
2291 2472 83 63 als
2424 2471 194 64 Über*

367 2555 256 79 schlagen
666 2566 152 54 einer
859 2559 495 63 Leibeskrankheit
1395 2570 82 53 ins
1523 2563 259 78 Geistige
1823 2564 298 79 abgelehnt
2163 2565 200 62 haben.

446 2649 470 65 Irrationalismus
959 2654 134 60 muß
1134 2677 61 38 es
1231 2654 83 61 als
1350 2654 233 63 Grenze
1616 2656 140 63 oder
1796 2658 286 61 innerhalb
2115 2658 154 77 jedes
2303 2658 310 63 rationalen

371 2742 259 76 Systems
673 2744 201 79 geben,
916 2756 105 52 seit
1053 2747 158 62 Kant
1253 2748 89 61 die
1385 2749 421 64 unableitbaren
1841 2752 345 77 Kategorien
2220 2776 107 38 aus
2361 2752 98 62 der
2492 2753 121 61 Er*

371 2833 239 81 fahrung
660 2839 180 60 schied
891 2839 116 63 und
1057 2839 173 64 damit
1279 2842 108 61 auf
1428 2852 162 52 einen
1634 2843 195 79 Schlag
1877 2844 117 61 drei
2034 2846 292 61 Probleme
2375 2846 83 61 als
2501 2870 112 37 un*

370 2924 189 65 lösbar
599 2930 370 73 bezeidmete,
1011 2933 90 61 die
1143 2933 148 63 denn
1333 2937 136 60 auch
1512 2936 204 62 seither
1756 2938 138 60 nicht
1933 2961 103 37 zur
2074 2937 165 62 Ruhe
2279 2937 334 79 gekommen

365 3021 145 62 sind.
562 3024 86 60 Es
699 3026 127 61 sind
877 3026 89 61 die
1006 3027 250 78 Fragen;
1310 3031 133 60 nach
1494 3030 148 71 dem,
1684 3055 122 37 was
1858 3048 150 44 etwa
2057 3031 154 62 diese
2261 3032 352 78 Kategorien

369 3123 120 52 sein
538 3126 226 69 mögen,
814 3120 91 61 die
953 3144 108 38 nur
1109 3147 75 35 zu
1226 3123 244 72 erleben,
1518 3125 140 59 nicht
1697 3148 75 37 zu
1813 3125 283 78 begreifen
2138 3125 145 70 sind,
2326 3125 75 61 da
2441 3125 174 62 über*

370 3205 175 81 haupt
586 3234 108 37 nur
736 3213 164 61 durch
934 3223 82 52 sie
1051 3214 266 79 begriffen
1352 3217 170 72 wird,«
1561 3218 132 60 nach
1729 3217 146 72 dem,
1909 3242 123 37 was
2067 3218 90 61 die
2190 3218 164 62 Welt
2385 3228 228 67 jenseits

365 3297 103 63 der
507 3302 349 80 Kategorien
906 3317 119 51 sein
1077 3317 196 68 möge,-
1320 3309 118 61 und
1477 3318 111 52 wie
1637 3332 60 39 es
1748 3309 244 71 komme,
2041 3309 111 62 daß
2201 3311 90 62 die
2332 3311 165 62 Welt
2538 3336 75 38 zu

364 3389 196 66 diesen
602 3396 348 80 Kategorien
1001 3424 186 55 passe.
1240 3402 166 61 Zwei
1448 3402 429 77 Möglichkeiten
1924 3402 117 79 gibt
2090 3426 81 48 es,
2214 3403 184 62 dieses
2446 3405 169 62 »Zu*

361 3507 504 61 sammenpassen«
917 3518 117 38 von
1077 3495 163 61 Welt
1289 3495 117 61 und
1455 3496 365 77 Kategorien,
1861 3521 116 37 von
2018 3497 425 62 Denkmaterial
2496 3497 119 65 und

366 3576 316 69 Denkform
732 3609 75 38 zu
858 3586 228 71 deuten,
1134 3587 112 61 will
1296 3612 129 38 man
1477 3612 60 38 es
1588 3590 156 70 nicht,
1794 3598 110 52 wie
1952 3590 159 61 Kant
2158 3590 175 62 selbst
2391 3592 224 72 einmal,

364 3670 132 65 bloß
536 3676 84 63 als
666 3679 361 77 »glücklichen
1061 3680 228 62 Zufall«
1335 3681 351 63 hinnehmen.
1730 3683 86 62 Es
1850 3683 96 78 gilt
1977 3684 292 76 jedenfalls
2304 3694 125 53 eine
2467 3686 150 63 Ein*

364 3760 113 65 heit
524 3791 75 39 zu
649 3788 215 56 setzen,
915 3783 123 52 eine
1085 3783 380 69 gemeinsame
1507 3775 242 63 Wurzel
1797 3801 75 37 zu
1914 3778 225 71 suchen,
2190 3778 91 62 die
2323 3803 132 38 man
2498 3803 117 40 nun

361 3862 291 62 entweder
694 3874 73 52 im
804 3866 203 62 Geiste
1048 3867 140 62 oder
1230 3877 73 52 im
1344 3868 310 78 alogischen
1687 3869 368 64 Lebensstoff
2081 3871 185 63 findet.
2311 3873 81 61 Im
2427 3891 187 46 ersten

362 3946 127 66 Fall
533 3962 71 55 ist
644 3956 92 63 die
776 3958 381 73 denkfremde,
1199 3961 141 61 nicht
1371 3962 379 78 gesetzmäßig
1783 3962 529 80 durchgearbeitete,
2345 3966 133 63 bloß
2512 3990 103 54 ge*
