4894 6614
47 6535 81 38 252

173 65 103 53 Der
319 69 289 61 Judaismus
653 63 86 51 hat
781 66 87 47 der
911 63 223 50 schönen
1175 58 374 59 menschlichen

46 141 141 48 Seele
221 141 90 47 das
347 139 108 48 Gift
488 137 310 62 eingeimpft,
830 137 92 47 das
954 136 79 47 bis
1065 135 85 47 auf
1179 135 97 46 den
1311 134 238 59 heutigen

45 213 113 59 Tag
208 211 79 47 die
341 208 319 49 Menschheit
709 208 233 55 zersetzt;
994 220 55 32 er
1093 207 67 48 ist
1209 218 72 45 es,
1330 203 90 48 der
1468 202 81 47 die

46 281 273 47 Schönheit
356 277 257 50 widerlich
652 278 104 48 und
793 275 226 49 ekelhaft
1054 274 235 63 gemacht
1323 271 101 61 hat,
1463 273 89 46 der

47 351 75 48 ihr
176 352 78 46 ein
310 348 442 63 Gottesgeschenk
802 350 93 45 mit
949 347 161 46 Unrat
1159 345 104 47 und
1319 345 97 48 Kot
1466 343 57 47 be-

45 421 257 47 schmutzt
353 421 106 46 und
502 420 88 50 die
633 418 224 60 höchste,
903 417 242 61 göttliche
1190 414 361 63 Offenbarung

44 494 91 45 mit
182 491 219 47 Aussatz
442 489 268 49 beworfen
756 489 101 47 hat.

173 560 136 49 Aber
342 560 157 49 schon
529 560 177 48 braust
738 571 100 34 von
874 559 158 45 Ferne
1062 555 81 49 die
1176 552 374 51 rückkehrende

46 632 184 61 Woge,
281 632 157 48 sdhon
483 630 201 60 {schlägt
732 631 70 45 sie
853 627 106 47 hier
1004 627 103 46 und
1155 626 65 45 da
1269 640 93 31 ans
1408 622 140 61 Ufer,

46 703 104 46 und
182 703 90 46 der
299 704 112 57 Tag
441 700 135 59 naht,
607 699 64 47 da
698 698 85 48 die
810 694 142 50 Seele
980 695 111 48 sich'
1115 709 100 34 von
1245 694 114 47 dem
1391 693 161 48 Unrat

44 774 93 46 des
186 772 290 59 Judaismus
524 784 60 32 zu
629 770 224 58 reinigen
899 768 212 59 beginnt
1152 765 107 48 und
1303 768 49 46 in
1396 778 156 36 neuer

44 842 282 48 Sinnenher
329 856 21 31 r
353 839 199 50 llidhkeit
587 839 103 47 und
725 837 275 49 Schönheit
1033 836 104 50 ihre
1173 834 379 60 Auferstehung

48 912 157 47 feiern
248 912 144 47 wird.

788 979 26 29 *

621 1046 26 33 *
947 1046 24 31 *

172 1122 136 48 Aber
357 1135 106 33 was
513 1120 256 59 bedeutet,
818 1133 150 34 wenn
1018 1130 119 36 man
1184 1118 165 49 meine
1399 1115 151 48 kurze

47 1191 363 62 rhapsodische
455 1190 336 60 Ausführung
833 1189 170 61 gelten
1046 1187 120 59 läßt,
1212 1201 180 33 unsere
1435 1184 114 61 alte,

44 1262 247 49 Verfaulte
328 1262 160 59 Ethik,
519 1261 83 47 die
633 1273 155 34 unser
821 1256 476 50 Geschlechtsleben
1332 1256 218 61 regiert?

169 1333 124 46 Was
332 1334 62 46 ist
427 1331 288 60 überhaupt
752 1329 184 47 Ethik?
1003 1328 143 47 Doch
1181 1327 162 47 nichts
1378 1327 174 45 weiter

48 1401 97 49 als:
180 1403 94 47 das
312 1405 63 45 ist
411 1403 150 57 mein,
596 1400 96 49 das
723 1402 67 47 ist
822 1400 133 59 dein,
989 1399 93 46 das
1117 1397 164 48 darfst
1314 1396 68 48 du
1417 1395 135 49 nicht

47 1472 266 49 anrühren.
389 1471 170 48 Stehle
602 1470 151 60 nicht,
800 1471 105 45 töte
954 1468 149 60 nicht,
1148 1466 221 62 begehre
1417 1466 134 47 nicht

44 1543 92 48 das
184 1543 149 51 Weib
383 1542 173 46 deines
604 1540 272 57 N,ädhsten.

171 1610 115 51 Viel
329 1610 316 49 Schwereres
694 1609 228 65 Verlangt
967 1623 117 33 man
1132 1608 158 48 schon
1336 1609 50 48 in
1434 1606 114 48 dem

46 1683 170 48 Satze:
254 1682 80 47 Du
365 1681 148 48 sollst
541 1681 116 47 dem
691 1680 223 48 anderen
946 1677 93 50 das
1071 1679 136 48 nidht
1239 1680 170 57 antun,
1442 1690 107 33 was

44 1753 69 47 du
163 1751 135 50 nidht
342 1751 270 60 möchtest,
657 1751 102 46 daß
808 1750 79 51 dir
933 1751 216 59 angetan
1198 1748 141 46 wird.
1418 1746 133 46 Aber

48 1823 125 47 auch
209 1823 94 47 das
344 1822 248 60 Befolgen
633 1821 166 48 dieses
839 1820 242 48 Gesetzes
1117 1820 66 49 ist
1220 1819 77 45 ein
1334 1816 217 48 sicherer

44 1894 105 47 und
184 1893 278 59 bequemer
494 1892 135 60 Weg
662 1904 61 35 zu
757 1893 164 48 einem
958 1888 453 61 wohlgeordneten
1446 1886 104 48 und

47 1962 197 62 hodhge
251 1963 89 47 ach
347 1964 132 45 teten
521 1963 185 50 Leben.

174 2033 104 47 Das
319 2035 62 46 ist
419 2047 59 33 so
516 2030 226 53 ziemlich
781 2031 96 48 das'
910 2028 404 59 Wesentlichste,
1351 2025 200 48 worauf

47 2102 103 49 sich
177 2104 87 48 die
292 2103 96 48 alte
421 2101 145 49 Ethik
594 2100 316 50 beschränkt.
969 2100 103 46 Der
1102 2097 232 60 Dekalog
1361 2097 189 47 konnte

45 2189 136 32 zwar
214 2175 163 59 einigie
411 2173 213 47 tausend
659 2170 356 62 Paragraphen
1046 2170 50 48 in
1126 2167 116 49 dem
1275 2167 275 48 deutschen

49 2242 523 63 Reidhisgesetzbuche
609 2241 238 62 gebären,
885 2240 124 48 aber
1045 2239 65 47 all
1149 2239 93 47 das
1280 2236 270 65 juridische

47 2311 245 64 Gepllärre
327 2313 106 47 läßt
471 2311 103 49 sidh
612 2311 91 49 auf
737 2313 82 46 ein
856 2311 117 48 sehr
1008 2310 294 60 armseliges
1340 2307 211 48 Schema

45 2383 385 49 zurückführen.

167 2454 116 50 [Wie
336 2454 180 47 anders
568 2452 127 47 wird
745 2450 105 49 sidh
901 2451 93 47 das
1044 2449 167 48 Leben
1263 2447 285 60 darstellen,

46 2538 150 33 wenn
245 2523 86 48 die
379 2522 324 48 Menschheit
752 2521 107 49 sich
912 2536 94 32 nur
1051 2520 131 55 nach
1233 2521 164 45 einem
1448 2521 78 45 ein-

44 2598 148 57 zigen
243 2593 261 51 ethischen
561 2593 199 60 Prinzip
810 2591 187 50 richten
1050 2591 153 49 wird:

173 2666 80 45 Le
268 2664 34 48 b
319 2679 31 32 e
408 2679 107 44 so,
579 2665 125 45 wie
769 2677 26 32 e
811 2677 24 32 s
902 2662 31 46 d
952 2676 25 32 e
996 2663 107 45 ine
1165 2659 221 48 Sdhön
1406 2658 30 47 h
1454 2673 28 32 e
1499 2659 14 46 i
1535 2660 16 44 t

44 2734 149 49 verl!
210 2750 27 32 a
256 2749 31 32 n
303 2749 37 47 g
358 2736 39 45 t!

171 2804 297 48 Schönheit!
546 2804 56 59 Ja
649 2830 59 5 —
753 2801 296 49 Schönheit!

172 2874 136 48 Aber
344 2888 109 33 was
493 2876 65 48 ist
598 2872 309 47 Schönheit?

173 2946 81 46 Idh
293 2945 133 47 weiß
467 2959 53 31 es
560 2943 151 59 nicht,
750 2942 78 49 ich
865 2941 133 49 weiß
1038 2955 94 33 nur
1167 2955 107 32 was
1313 2940 81 49 die
1432 2942 90 46 mei-

44 3018 120 59 nige
209 3018 83 57 ist,
342 3015 78 47 die
470 3014 162 59 deine,
680 3013 82 49 die
805 3016 176 57 eurige
1029 3040 58 5 —
1136 3011 79 47 die
1264 3010 161 47 kenne
1473 3008 76 54 ich

47 3084 148 50 nidht.

175 3155 125 48 Darf
348 3153 77 51 idh
473 3169 178 46 sagen,
698 3167 108 33 was
855 3154 167 51 meine
1065 3150 275 49 Schönheit
1387 3151 100 49 ist?

171 3226 83 48 Sie
292 3227 67 46 ist
400 3225 90 47 das
535 3223 192 48 Gefühl
764 3225 140 47 einer
942 3222 183 48 heißen
1168 3221 382 61 Begeisterung,

44 3295 83 49 die
156 3295 133 48 mich
318 3294 123 49 alles
474 3293 320 61 ringsumher
820 3299 274 55 Vergessfein
1125 3292 120 59 läßt,
1275 3291 82 47 die
1385 3294 165 45 meine

48 3367 180 60 Augen
264 3366 139 47 blind
438 3365 183 59 macht,
658 3365 120 46 aber
809 3377 85 33 um
928 3378 61 32 so
1022 3364 176 46 weiter
1229 3362 80 51 die
1347 3361 206 46 Fenster

45 3439 193 46 meiner
290 3433 143 50 Seele
489 3434 187 58 öffnet;
732 3436 74 45 sie
860 3435 65 47 ist
978 3432 88 48 der
1117 3431 260 48 fiebernde
1432 3429 90 47 Auf-

46 3505 252 62 schwung
348 3508 192 45 meines
593 3517 196 48 ganzen
843 3503 145 46 Seins
1040 3503 51 49 in
1141 3503 164 45 einem
1361 3500 159 60 Orgas-

46 3589 114 36 mus
207 3575 120 49 aller
369 3578 193 45 meiner
605 3572 358 60 Seelenkräfte,
1009 3573 89 46 der
1141 3571 130 48 kalte
1316 3570 234 59 Schauer,

45 3647 93 48 der
183 3645 131 49 mich
367 3643 311 59 durchläuft:
727 3645 93 46 das
870 3643 199 60 einzige
1115 3643 284 58 Kriterium,
1449 3640 100 46 daß

49 3715 75 49 idh
163 3719 157 45 etwas
359 3716 200 47 Großes
599 3713 276 59 anschaue;
912 3715 72 46 sie
1020 3714 67 49 ist
1119 3713 79 46 die
1232 3710 120 50 tiefe
1390 3710 163 65 Angst

48 3787 103 47 und
187 3786 94 49 das
315 3786 205 50 Grauen
554 3797 92 36 vor
680 3784 356 48 unbekannten
1071 3782 255 59 Mädhten,
1360 3781 80 47 die
1474 3780 77 47 ich

49 3858 49 47 in
143 3858 254 47 weitester
443 3857 156 46 Ferne
643 3856 97 51 wie
785 3856 81 45 ein
908 3852 312 60 schwaches,
1264 3850 287 51 Milliarden

48 3924 188 52 Meilen
308 3924 277 52 entferntes
646 3922 334 50 Sternenlidht
1049 3921 324 51 aufleuchten
1449 3920 102 47 und

45 3995 192 56 wie|der
279 3995 385 49 verschwinden
709 3994 139 60 sehe,
894 3994 104 49 und
1045 3993 72 47 sie
1163 3995 62 44 ist
1270 3991 93 48 das
1410 3990 119 49 feier-

49 4067 127 48 liche
231 4067 189 48 Pathos
473 4081 83 41 ,am
609 4067 143 58 Tage:
805 4063 211 61 heiliger
1061 4063 168 59 ,'Feste,
1281 4061 127 47 oder
1456 4058 95 52 das

51 4138 268 47 Entsetzen
367 4137 88 46 des
504 4135 263 48 Gerichtes
815 4149 79 32 am
941 4134 238 60 jüngsten
1224 4133 156 59 Tage,
1428 4131 125 46 oder

45 4207 93 47 der
187 4206 296 59 Schrecken,
536 4205 89 48 der
673 4205 100 47 den
825 4203 279 47 Menschen
1157 4205 47 45 in
1257 4204 112 45 eine
1418 4199 108 57 Balz-

45 4276 144 52 säule
237 4275 328 50 verwandelt.

175 4344 153 63 Alles,
362 4346 139 60 alles,
538 4360 108 32 was
684 4359 93 33 nur
810 4345 84 47 die
928 4343 181 61 Augen
1143 4355 99 36 von
1276 4341 106 49 sich
1419 4341 133 47 nicht

49 4415 255 51 losreißen
355 4416 123 60 läßt,
530 4415 139 60 alles,
721 4420 111 46 wlas
884 4413 132 48 mich
1070 4427 78 33 am
1206 4412 175 47 Boden
1435 4410 96 49 fest-

46 4485 296 62 ssdbmiedet,
367 4501 108 33 was
497 4485 133 50 mich
651 4486 93 50 mit
766 4484 301 60 Verehrung
1086 4483 126 48 oder
1234 4484 91 45 mit
1345 4481 206 48 Grauen

45 4556 413 60 durdhsdhauert,
507 4556 90 52 das
644 4558 135 53 me;in
827 4569 187 47 ganzes
1060 4553 116 52 Sein
1221 4554 51 50 in
1319 4553 81 47 die
1446 4550 81 48 hef-

51 4630 152 61 tigste
254 4627 264 53 Vibration
571 4628 228 57 versetzt,

297 4696 94 48 das
444 4698 64 47 ist
846 4694 297 49 Schönheit!

176 4781 105 48 Das
326 4783 192 60 einzige
561 4780 124 51 Maß
730 4779 80 47 für
849 4780 167 47 meine
1054 4777 275 48 Schönheit
1369 4779 64 48 ist
1471 4775 80 51 die

50 4851 264 49 Intensität
359 4848 105 52 und
517 4851 170 46 Dauer
732 4850 91 46 des
877 4848 217 48 Gefühls
1140 4848 126 47 oder
1314 4846 240 49 vielmehr

46 4920 92 52 Ider
191 4921 410 60 Erschütterung,
654 4923 47 45 in
754 4920 79 47 die
882 4919 80 52 ich
1009 4917 158 49 durch
1217 4920 73 45 sie
1336 4918 218 62 (versetzt

46 4992 188 49 werde.

172 5061 277 49 Schönheit
469 5062 68 49 ist
557 5075 95 34 nur
673 5057 310 62 individuell,
1006 5063 73 46 sie
1102 5059 134 46 kann
1262 5072 92 33 nur
1375 5061 179 45 immer

327 5131 275 48 Schönheit
644 5132 125 46 sein.

178 5203 91 49 Ein
309 5199 284 63 iobjektives
640 5200 195 47 Schöne
879 5202 65 48 ist
988 5197 222 62 Unding,
1255 5214 114 32 man
1419 5198 132 47 kann

52 5270 273 51 höchstens
378 5275 136 45 seine
567 5273 177 58 eigene
795 5270 273 51 Schönheit
1117 5270 161 47 einem
1330 5268 221 48 anderen

48 5344 331 60 suggerieren

176 5413 110 47 Nur
324 5413 94 54 das
464 5412 148 46 Eine:

176 5480 137 50 Alles
357 5481 316 61 ringsherum
715 5480 134 48 kann
890 5494 88 33 zur
1019 5479 273 47 Schönheit
1331 5478 223 61 werden,

49 5551 105 51 urid
186 5561 86 40 um
309 5553 99 48 wie
438 5549 98 49 viel
537 5547 2 65 1
568 5551 144 46 mehr
745 5552 79 46 die
857 5551 198 61 größte,
1089 5547 465 64 geheimnisvollste

49 5622 191 62 Macht,
278 5621 86 50 die
403 5622 92 46 das
537 5620 167 49 Lebten
742 5629 101 39 Von
884 5623 136 45 einer
1060 5619 249 62 Ewigkeit
1345 5634 89 32 zur
1472 5634 56 33 an-

48 5694 156 48 deren
246 5690 295 51 beherrscht
585 5694 83 45 —!

178 5778 96 49 Die
316 5776 215 48 höchste
574 5774 146 48 Ethik
761 5774 183 49 besitzt
984 5775 275 61 derjenige,
1300 5772 91 49 der
1431 5772 124 50 alles

49 5863 89 32 zur
179 5847 274 48 Schönheit
497 5847 342 47 umzuwerten
880 5845 237 60 versteht,
1161 5845 118 48 weil
1316 5859 95 35 nur
1452 5843 103 48 und

53 5921 164 58 einzig
263 5916 146 56 allein
455 5916 95 49 das
597 5915 202 51 Schöne
843 5914 194 47 ethisch
1083 5918 106 46 sein
1236 5915 150 48 kann.

177 5987 117 49 Und
327 6003 62 33 so
425 5986 283 63 aufgefaßt,
745 5988 63 45 ist
841 5985 92 47 das
969 5983 303 49 Geschlecht
1303 5986 91 46 mit
1424 5983 130 49 allen

49 6060 176 47 seinen
270 6058 329 61 Abgründen,
642 6058 92 46 mit
776 6057 168 47 seiner
988 6054 319 47 furchtbaren
1350 6054 204 61 Tragik,

49 6131 91 45 mit
187 6130 169 49 seiner
404 6127 346 62 jauchzenden
803 6126 120 47 Lust
973 6125 104 47 und
1128 6125 190 53 seinem
1370 6126 155 58 unsäg-

54 6198 160 48 lichen
249 6199 235 60 Jammer,
515 6200 92 45 mit
639 6197 64 48 all
737 6198 97 46 den
867 6195 431 50 unentwirrbaren
1335 6194 219 60 Rätseln,

54 6268 404 61 Geheimnissen,
494 6269 100 47 Ab-
626 6268 103 47 und
762 6265 410 63 Schleichwegen
1207 6266 66 47 im
1308 6263 247 49 höchsten

50 6338 157 48 Sinne
237 6338 207 60 ethisch,
472 6340 106 46 und
607 6337 82 48 die
722 6337 333 60 Bestätigung
1084 6336 92 48 des
1206 6332 322 52 Geschlechts-

55 6408 183 50 triebes
286 6410 67 46 im
405 6407 245 52 höchsten
696 6408 153 48 Sinne
897 6406 211 58 ethisch,
1154 6405 120 50 weil
1318 6404 174 49 schön.

1821 56 95 63 „Et
1946 56 113 51 tout
2090 58 76 47 est
2196 50 251 67 effrayant
2480 48 263 65 torsqu*on
2774 67 32 50 y
3085 49 115 64 sagt

1695 128 345 60 Maeterlinck,
2087 128 104 47 und
2240 129 46 45 in
2335 126 190 47 diesem
2576 123 292 61 Ausspruch
2913 121 162 48 steckt
3119 121 79 47 die

1696 199 179 55 Quelle
1943 198 118 48 aller
2126 196 288 49 Schönheit.
2527 196 144 45 Denn
2737 194 109 46 dies
2914 191 283 49 furchtbare

2068 271 63 46 ist
2175 268 92 46 der
2317 265 238 62 Urgrund
2605 265 89 47 der
2738 262 288 49 Schönheit.

1820 340 108 46 Nur
1968 354 106 32 was
2114 337 131 49 mich
2288 336 86 48 auf
2413 336 82 48 die
2536 336 156 48 Kniee
2732 334 150 58 wirft,
2921 347 106 33 was
3067 331 131 49 mich

1690 412 93 46 mit
1826 411 206 45 Grauen
2077 408 102 47 und
2223 406 163 61 Angst
2427 420 90 33 vor
2559 405 357 48 unbekannten
2958 401 239 52 Mächten

1695 478 182 62 erfüllt,
1910 494 106 33 was
2048 478 130 48 midh
2208 490 90 35 zur
2324 477 295 60 demütigen
2654 472 266 49 Ehrfurcht
2948 473 102 48 und
3081 471 115 48 dem

1695 549 193 48 Gefühl
1922 551 191 46 meiner
2149 547 209 48 elenden
2399 545 250 51 Kleinheit
2684 545 204 64 zwingt,
2926 545 64 49 ist
3022 542 175 49 schön.

1819 621 123 46 Man
1968 619 123 47 muß
2120 630 94 35 nur
2236 616 285 60 Verstehen,
2548 615 107 49 sich
2679 616 52 48 in
2757 614 81 48 die
2865 613 332 62 geheimsten,

1694 690 397 61 verborgensten
2124 687 185 48 Wnkel
2338 687 140 61 jeder
2508 686 158 47 Sache
2698 699 61 33 zu
2790 682 277 62 vertiiefen,
3100 682 97 47 den

1695 759 347 62 entlegensten
2104 758 238 61 Urgrund
2403 756 119 47 aller
2581 754 208 48 Gründe
2848 768 58 34 zu
2966 754 229 47 erfassen

1694 831 205 59 suchen,
1926 830 163 60 jedem
2119 829 138 60 Ding
2277 827 79 48 bis
2382 842 64 33 an
2473 827 136 47 seine
2634 824 364 50 unterirdische
3015 822 182 57 Quelle

1691 916 63 33 zu
1805 898 192 64 folgen,
2045 900 107 51 und
2200 903 101 43 Von
2352 898 98 47 den
2502 894 539 63 Untergrundswellen
3091 893 105 48 sidh

1694 971 325 48 durchbeben
2048 969 182 60 lassen,
2258 983 148 33 wenn
2436 967 126 48 auch
2589 967 92 47 das
2708 966 143 47 Meer
2875 963 324 63 spiegelglatt

1691 1045 92 45 Vor
1821 1056 216 34 unseren
2078 1041 180 60 Augen
2299 1038 135 62 liegt.

1819 1113 124 46 Man
1989 1111 120 47 muß
2159 1109 104 48 sich
2308 1110 93 47 mit
2448 1110 160 47 einem
2653 1106 149 51 Wort
2847 1107 47 46 in
2941 1105 106 50 dies
3092 1106 81 46 ent-

1691 1180 240 51 setzliche
2303 1178 296 60 versenken,
2627 1177 110 48 dies
2764 1175 296 59 unfaßbare,
3089 1174 109 48 dies

1692 1253 233 60 geheime
1974 1252 222 58 Grauen,
2247 1250 88 46 das
2386 1247 86 49 auf
2519 1248 115 47 dem
2683 1245 177 50 Boden
2908 1247 139 46 eines
3092 1245 80 61 jeg-

1694 1322 161 49 lichen
1889 1322 192 61 Dinges
2114 1320 136 61 liegt,
2282 1334 85 33 um
2401 1321 47 45 in
2479 1322 166 47 seiner
2673 1317 142 47 Seele
2845 1317 81 49 die
2959 1314 238 62 heftigste

1694 1393 265 46 Vibration
2030 1389 327 49 hervorrufen
2426 1402 62 34 zu
2559 1389 182 58 lassen,
2810 1387 99 47 den
2980 1384 217 61 heiligen

1692 1462 236 59 Schauer,
1974 1461 102 60 der,
2123 1460 75 49 ich
2241 1458 310 51 wiederhole
2593 1472 82 34 es:
2720 1458 90 47 das
2854 1458 194 59 einzige
3093 1456 80 49 Kri-

1695 1535 177 46 terium
1923 1532 87 47 der
2058 1529 274 51 Schönheit
2376 1531 80 46 ist.

1821 1603 117 45 Und
1981 1615 108 33 was
2136 1603 64 45 ist
2241 1599 84 47 die
2368 1598 272 50 Schönheit
2680 1597 92 48 der
2815 1594 382 51 Konvulsionen

1695 1676 136 44 eines
1877 1672 200 46 Ozeans
2123 1670 242 49 während
2407 1669 93 46 des
2544 1667 228 50 Taifuns.
2843 1667 124 47 Was
3010 1668 65 46 ist
3116 1664 81 48 die

1692 1742 277 47 Schönheit
2015 1742 93 50 des
2164 1738 340 61 Feuergiischt,
2557 1738 96 47 den
2705 1739 81 49 ein
2838 1737 199 47 Vulkan
3092 1736 80 46 her-

1691 1809 399 61 ausschleudert,
2138 1825 108 32 was
2290 1812 83 46 ein
2422 1808 272 59 Diluvium,
2742 1807 91 47 das
2877 1808 113 45 eine
3036 1820 160 46 ganze

1690 1880 137 50 Welt
1855 1885 147 44 unter
2032 1884 171 45 seinen
2238 1879 174 47 Fluten
2441 1877 231 62 begräbt,
2701 1891 170 50 gegen
2900 1876 83 47 die
3010 1875 157 47 Schön-

1694 1953 102 48 heit
1832 1952 88 48 der
1954 1947 450 66 geheimnislvollen
2440 1947 174 49 Macht
2646 1947 90 48 des
2774 1945 423 49 Geschlechtes!?

1820 2036 117 47 Und
1983 2033 180 49 darauf
2205 2034 198 50 kommt
2449 2047 52 33 es
2550 2046 87 33 an:

1822 2106 103 47 Das
1970 2106 193 59 einzige
2203 2103 301 48 moralische
2548 2102 185 47 Gesetz
2776 2101 78 47 für
2893 2101 99 47 den
3032 2113 165 34 neuen

1694 2176 295 60 Menschen,
2032 2173 245 62 (Vielmehr
2321 2173 80 47 für
2441 2173 99 47 den
2587 2171 294 59 Menschen,
2927 2170 88 47 der
3060 2171 137 46 seine

1695 2245 383 60 Auferstehung
2118 2245 160 59 feiert,
2321 2245 69 49 ist
2430 2244 81 48 die
2556 2241 287 49 Sdhönheit.

1816 2313 192 57 Sobald
2036 2316 93 46 der
2157 2312 212 50 Mensdh
2401 2313 169 47 lernen
2600 2312 143 60 wird,
2772 2311 93 47 das
2896 2308 302 50 Geschlecht

1695 2384 72 51 als
1816 2386 163 48 schön
2030 2385 106 47 und
2186 2383 158 64 heilig
2393 2394 62 38 zlu
2503 2381 310 60 betradhten,
2865 2380 128 52 wird
3059 2381 138 48 seine

1695 2457 306 60 Betätigung
2032 2456 93 47 des
2162 2453 516 48 Geschlechtstriebes
2715 2451 157 48 schön
2906 2449 103 49 und
3044 2449 154 61 heilig

1694 2530 132 54 sein;
1872 2527 106 47 und
2022 2540 96 35 nur
2161 2526 89 45 der
2294 2524 128 50 wird
2465 2525 140 45 seine
2650 2521 142 48 Seele
2835 2521 362 49 besdhimutzen

1691 2598 105 47 und
1839 2595 266 61 besudeln,
2152 2595 88 47 der
2283 2597 47 45 in
2374 2594 117 49 dein
2533 2592 305 48 Geschlecht
2882 2590 167 48 Sünde
3094 2590 103 47 und

1695 2667 161 47 Unrat
1880 2666 174 59 findet,
2080 2665 103 47 und
2204 2664 133 47 doch
2361 2664 90 47 der

1695 2736 143 51 Kraft
1866 2736 93 48 des
1994 2734 251 50 Fleisdhes
2275 2734 143 64 folgt.
2482 2733 118 47 Und
2628 2734 83 48 ein
2740 2731 199 49 solcher
2966 2729 231 61 Mensch,

1694 2823 93 32 nur
1838 2822 52 32 er
1938 2804 149 50 allein
2137 2807 68 46 ist
2254 2833 59 5 —
2362 2803 256 49 Schwein!

1820 2877 118 47 Und
1963 2876 140 61 jeder
2125 2878 167 46 seiner
2318 2872 446 49 Geschlechtsakte
2788 2871 128 48 wird
2940 2869 257 49 widerlich

1691 2947 106 48 und
1828 2946 223 49 ekelhaft
2081 2948 122 58 sein,
2232 2944 116 49 weil
2376 2959 54 32 er
2457 2958 165 47 gegen
2652 2943 92 47 das
2772 2943 196 63 einzige
3002 2941 195 60 Prinzip

1695 3018 88 47 der
1832 3017 161 60 Ethik,
2040 3030 168 49 gegen
2253 3015 83 47 die
2384 3012 273 52 Sdhönheit
2697 3012 226 61 Isündigt.

1821 3088 102 46 Der
1951 3088 209 63 einzige,
2186 3086 93 46 der
2304 3085 81 47 die
2414 3083 225 62 logische
2670 3084 338 58 Konsequenz
3036 3084 162 46 seiner

1695 3156 346 61 Anschauung
2073 3169 231 48 gezogen
2340 3155 100 59 hat,
2475 3168 106 32 war
2612 3154 309 59 Weininger.
2984 3152 97 46 Mit
3111 3151 88 47 der

1695 3229 328 59 Verneinung
2067 3227 88 46 des
2204 3222 330 50 Gesdhledhts
2580 3238 107 32 war
2733 3222 78 47 für
2853 3222 85 48 ihn
2984 3221 213 61 jegliche

1696 3299 211 48 Distanz
1932 3305 112 38 zum
2074 3296 167 47 Leben
2267 3294 245 48 Verloren.
2558 3293 114 50 Heil
2698 3292 93 60 dir,
2816 3307 33 31 o
2877 3291 295 59 Strindberg
3187 3292 8 45 !

1822 3365 225 61 Freilich,
2077 3365 190 55 freilich
2295 3365 206 45 werden
2532 3362 367 60 Jahrhunderte
2927 3360 270 61 vergehen,

1693 3438 78 49 bis
1818 3438 85 49 die
1951 3435 322 55 Menschheit
2322 3433 106 48 sidh
2476 3447 100 34 von
2622 3432 116 47 dem
2789 3432 235 47 Schmutz
3070 3431 127 49 wird

1695 3510 225 59 reinigen
1949 3507 219 58 können,
2194 3505 78 48 bis
2300 3506 73 45 sie
2399 3503 81 49 die
2510 3501 360 51 Himmelfahrt
2896 3502 88 46 der
3011 3503 186 56 reinen,

1692 3579 91 47 der
1814 3575 310 64 geheiligten
2157 3574 316 52 Sinnenlüste
2507 3573 127 47 wird
2669 3572 155 48 feiern
2857 3571 204 47 können
3094 3571 103 47 und

1695 3651 110 47 eine
1856 3646 390 61 Wiedergeburt
2308 3646 51 50 in
2426 3642 273 48 Sdhönheit
2763 3641 155 47 durch
2982 3669 59 5 —
3106 3637 91 50 das

1694 3714 329 56 Geschlecht!

2382 3780 130 43 Ende

1691 4052 178 119 Das
1920 4049 538 139 Mysterium
2509 4045 240 126 Jesu

1688 4225 122 48 Von
1847 4223 163 50 Peter
2046 4221 141 52 Hille

1685 4309 111 50 Aus
1840 4308 127 51 dem
2012 4307 276 51 Nachlass

1689 4435 384 51 Atheistische
2111 4432 193 52 Falter

1691 4544 87 46 Ein
1802 4543 300 57 Vorsymbol

1819 4632 103 49 Auf
1949 4632 132 49 reich
2085 4630 259 61 weichem,
2374 4629 299 62 tiefgrünem
2701 4626 350 62 Moospolster
3075 4624 122 62 liegt

1696 4706 80 46 ein
1818 4700 387 56 Totejnsdhädel.
2282 4702 65 45 Er
2389 4700 122 62 liegt
2551 4700 66 46 da
2660 4699 96 53 wie
2803 4698 392 59 Kroninsignien

1692 4773 91 49 auf
1833 4776 160 45 einem
2047 4771 412 58 Sammetkissen,
2525 4769 91 48 das
2678 4768 289 60 vorsichtig',
3020 4765 152 49 selbst-

1693 4841 212 64 gefällig
1935 4845 79 45 ein
2043 4841 215 48 blonder
2290 4841 135 60 Page
2457 4841 146 59 trägt,
2634 4839 104 47 und
2768 4838 122 47 hebt
2917 4836 90 48 auf
3034 4837 164 47 seiner

1696 4917 223 61 üppigen
1978 4911 275 61 Unterlage
2311 4926 58 32 so
2425 4924 176 47 mager
2652 4909 108 47 sich
2817 4907 79 60 ab,
2954 4906 130 55 sieht
3136 4919 60 35 sio

1695 4982 345 62 klagendhohl
2079 4996 107 46 aus,
2223 4981 185 47 sauber
2444 4979 205 61 dürftig.
2715 4978 106 49 Aus
2858 4978 98 48 den
2995 4978 170 63 Augen-

1696 5054 188 47 höhlen
1924 5054 120 47 aber
2079 5052 237 61 sprießen
2352 5050 102 50 ihm
2494 5048 212 49 fröhlich
2744 5050 46 60 je
2827 5050 111 45 eine
2979 5046 218 61 Aurikel,

1696 5126 153 46 deren
1915 5126 95 45 wie
2075 5121 217 50 schöner
2355 5119 367 49 Mädchenhals
2803 5118 100 52 fein
2910 5121 44 45 st
2959 5117 242 54 rottende

1695 5194 209 61 Stengel
1949 5193 72 48 als
2071 5193 303 61 Augennerv
2421 5192 98 46 den
2567 5189 242 61 Sehgang
2857 5188 170 49 füllen.

1822 5262 301 62 Geschäftig
2156 5264 98 46 wie
2289 5265 112 45 eine
2440 5259 757 61 Untersudhungskommission

1693 5336 127 47 oder
1877 5330 475 69 kundigbeflissene
2410 5330 353 62 Archäologen
2825 5329 188 48 suchen
3072 5329 125 52 zwei

1699 5406 178 59 Falter,
1921 5408 83 45 ein
2051 5403 223 47 Admiral
2319 5402 104 48 und
2466 5403 80 53 ei,n
2596 5400 345 61 Pfauenauge,
2986 5399 81 48 die
3113 5413 58 51 ge-

1695 5472 348 52 heimnisvolle
2094 5474 338 47 Lebensruine
2481 5471 81 48 ab.

1820 5559 80 48 Sie
1935 5556 366 50 durchwühlen
2338 5557 98 50 den
2473 5556 486 50 tiefrotsammtenen
2998 5553 168 65 Augen-

1695 5633 137 45 stern
1872 5630 91 47 der
2007 5628 254 60 Aurikelin,
2306 5626 231 48 kriechen
2578 5628 51 46 in
2672 5626 86 47 die
2795 5627 214 59 engsten
3057 5623 107 46 Höh-

1696 5700 188 61 lungen
1930 5699 105 47 und
2085 5698 176 47 achten
2308 5696 149 49 dabei
2505 5696 134 48 nicht
2683 5695 133 50 ihres
2863 5693 334 63 gefährdeten

1698 5768 475 63 Prachtgewandes.
2257 5768 117 50 Nun
2425 5767 209 48 erblickt
2685 5766 90 47 der
2827 5764 222 49 Admiral
3115 5763 82 48 die

1698 5839 267 50 Pfeilnaht.
2048 5839 269 59 Entrüstet,
2369 5835 378 60 nachdenklich,
2799 5834 396 49 nachdrucksam

1697 5913 244 46 entrüstet
1971 5910 105 48 hält
2102 5924 55 33 er
2187 5911 139 47 inne:
2359 5908 151 61 „Und
2543 5906 106 48 hier
2675 5908 66 47 ist
2771 5905 127 49 auch

1697 5982 116 46 Und
1849 5981 130 46 noch
2012 5980 359 47 bedeutsamer
2402 5977 132 50 sieht
2562 5993 55 32 er
2651 5978 137 46 seine
2823 5976 258 46 Genossin
3116 5988 80 34 an.

2190 6048 185 49 haudht
2418 6049 155 49 diese.

1822 6121 182 61 „Nicht
2070 6118 238 62 Voltaire,
2389 6120 165 53 meine
2622 6115 250 62 Gnädige,
2952 6114 245 50 Büdhner.

1696 6190 225 49 Voltaire
1985 6206 105 33 war
2153 6189 130 48 noch
2349 6189 158 60 Deist,
2570 6187 103 50 und
2735 6188 94 47 wir
2889 6186 114 47 sind
3066 6184 131 48 doch

1822 6332 117 47 Und
1971 6332 257 59 entrüstet,
2257 6332 90 47 mit
2374 6329 250 62 kräftigen
2655 6328 362 61 Bewegungen
3046 6328 155 46 stutzt

1698 6418 52 33 er
1785 6402 79 49 die
1899 6402 133 48 beim
2072 6402 211 49 Denken
2317 6404 160 45 etwas
2513 6402 50 47 in
2602 6400 323 60 Unordnung
2959 6399 238 60 geratene

3342 42 233 54 Uniform
3627 41 189 52 wieder
3865 38 216 64 zurecht,
4132 38 102 51 und
4282 37 146 52 beide
4478 37 212 51 machen
4739 36 105 50 sich

3338 119 184 47 davon.

3466 185 336 54 Atheistische
3854 185 186 47 Falter!

3468 257 116 48 Und
3629 256 132 48 doch
3807 255 145 49 blüht
3999 252 380 63 frühlingsgrün
4424 252 81 47 die
4553 253 130 45 zarte
4732 250 114 47 Luft

3341 328 88 48 des
3457 329 189 60 jungen
3676 328 186 45 Lenzes
3887 325 104 48 und
4017 323 302 61 andächtige
4350 320 274 51 Hummeln
4653 320 190 62 spielen

3340 400 80 47 die
3462 397 173 62 Orgel.

3467 468 117 47 Und
3633 467 131 48 dazu
3813 466 323 48 atheistische
4191 463 184 50 Falter!

3334 590 158 47 Mariä
3527 588 326 56 Empfängnis

3468 680 104 47 Das
3624 679 130 49 Kind
3804 678 90 48 des
3945 677 235 60 Tempels
4227 692 107 32 war
4381 674 210 50 niemals
4640 671 202 61 irdisch,

3339 752 81 46 nie
3466 748 228 50 stofflich
3740 748 297 49 Verdunkelt
4080 762 256 50 gewesen.

3466 831 149 52 Nidht
3650 833 182 48 einmal
3833 826 3 67 1
3866 831 132 62 Spiel
4031 831 104 49 und
4167 831 194 61 Scherz,
4397 830 323 58 Reihdntanz,
4756 826 60 48 Be-

3338 919 276 47 wegungs-
3647 904 102 48 und
3783 901 424 51 Stimmenfreude
4240 917 63 32 an
4335 900 105 49 sidh
4474 901 104 48 und
4611 899 99 48 den
4746 897 66 47 Ge-

3337 975 284 62 spielinnen
3697 975 136 47 hatte
3906 974 75 47 sie
4041 970 415 62 vorbeschäftigt,
4513 971 86 48 die
4656 969 187 49 heitere

3342 1046 238 49 Dienerin
3618 1046 92 47 des
3751 1041 253 65 Tempels,
4043 1042 84 48 die
4163 1042 231 60 demütig
4430 1040 274 50 beflisslene
4744 1039 68 46 Ge-

3340 1115 159 52 hilfin.
3599 1117 126 49 Kein
3793 1113 286 66 Verlangen
4161 1112 127 48 nach
4369 1112 114 47 dem
4550 1109 293 62 saftprallen

3341 1187 201 49 Herzen
3577 1190 139 45 einer
3755 1184 198 61 Frudht,
3988 1185 139 49 eines
4166 1182 187 51 Kindes
4394 1195 91 34 aus
4521 1181 116 48 dem
4679 1177 140 50 Pflan-

3340 1256 243 61 zenreich,
3631 1257 115 47 kein
3793 1253 471 61 Schönheitsdrang
4309 1252 128 48 nach
4482 1251 115 48 dem
4646 1249 173 49 duften-

3336 1326 103 49 den
3493 1328 151 54 Liejde
3698 1341 90 37 aus
3847 1325 159 48 Farbe
4057 1324 107 48 und
4218 1322 141 61 Duft,
4412 1322 90 48 der
4553 1319 289 49 blühenden

3340 1399 171 47 Weise
3556 1399 88 45 der
3690 1396 180 48 Blume
3912 1396 135 48 hatte
4090 1394 117 48 dem
4251 1394 191 60 jungen
4487 1390 183 48 Willen
4716 1389 127 49 auch

3341 1482 93 35 nur
3470 1470 108 46 eine
3618 1467 215 61 Regung
3865 1469 270 60 entzogen.
4200 1464 108 47 Nur
4342 1464 115 46 dem
4494 1460 349 50 himmlischen

3341 1538 168 60 Vater,
3556 1538 116 47 dem
3724 1538 152 46 Gotte
3927 1535 197 61 Israels,
4170 1535 116 47 dem
4339 1534 164 46 Herrn
4550 1532 89 47 der
4689 1532 127 45 Heer-

3337 1604 230 63 scharen,
3609 1608 88 46 der
3732 1605 313 51 niederwirft
4081 1606 82 48 die
4203 1604 378 60 Hodhmütigen
4621 1602 105 46 und
4765 1600 78 49 die

3338 1677 295 61 Bedränger
3662 1680 164 45 seiner
3857 1676 200 60 Kinder,
4086 1676 80 47 die
4198 1675 379 59 Halsstarrigen
4609 1671 102 49 und
4743 1671 69 46 Un-

3340 1748 381 47 beschnittenen
3768 1747 92 53 (des
3913 1747 242 58 Herzens,
4206 1745 120 48 aber
4370 1743 180 49 erhebt
4594 1742 86 47 die
4726 1742 90 45 Ver-

3341 1818 330 60 demütigten,
3708 1816 122 60 ihlm,
3868 1828 92 36 vor
3994 1816 115 48 dem
4147 1815 82 47 die
4270 1814 153 48 Blitze
4461 1812 263 50 schreiben
4764 1811 81 49 die

3340 1887 225 61 Sprüche
3613 1890 168 45 seines
3833 1887 233 46 Zürnens
4117 1886 105 46 und
4271 1885 81 48 die
4407 1885 210 46 Donner
4666 1881 177 49 blasen

3341 1958 80 48 die
3478 1953 274 52 Posaunen
3825 1957 167 47 seines
4050 1955 223 59 Nahens,
4345 1952 202 61 dunklb,
4620 1952 226 65 wuchtig

3340 2028 370 47 schmetternde
3745 2028 285 46 Posaunen.
4095 2027 63 45 Er
4186 2025 122 48 aber
4338 2024 152 48 nahet
4521 2021 194 51 lieblich
4748 2024 96 45 wie

3341 2099 89 46 das
3461 2097 211 54 Säuseln
3702 2100 68 45 im
3798 2095 430 61 Rosengebüsche
4253 2095 92 47 des
4374 2093 149 47 Tales
4550 2105 99 36 von
4671 2092 173 59 Saron,

3342 2167 99 50 ihhi
3490 2167 148 49 allein
3683 2182 109 33 war
3833 2167 78 49 ihr
3953 2167 187 46 Wesen
4185 2178 262 48 ergossen.

3467 2253 118 47 Und
3623 2252 91 48 das
3755 2252 158 59 Erste,
3953 2251 220 59 Einzige,
4209 2263 109 33 was
4354 2250 50 47 in
4443 2247 156 48 ihrem
4638 2247 205 60 jungen,

3340 2322 267 62 züchtigen
3660 2320 332 51 Kinderhirne
4039 2320 132 61 groß
4223 2318 105 48 und
4375 2317 166 49 sicher
4587 2316 106 50 sich
4743 2320 78 45 ein-

3340 2394 129 60 grub
3496 2395 150 45 unter
3672 2393 116 46 dem
3816 2391 288 47 deutenden
4137 2390 181 60 Finger
4345 2388 90 48 der
4462 2388 192 47 Mutter
4683 2386 161 60 Anna,

3341 2464 90 47 das
3476 2478 108 32 war
3630 2463 89 47 das
3769 2461 136 48 Buch
3948 2461 93 47 des
4088 2460 219 61 heiligen
4354 2459 259 47 Gesetzes.

3467 2533 118 47 Und
3624 2532 76 49 ihr
3738 2533 156 48 erstes
3934 2530 167 48 Lallen
4137 2544 108 32 war
4283 2529 178 47 Gebet.

3469 2601 239 51 Feierlich
3755 2616 109 32 war
3909 2601 105 47 ihre
4067 2599 237 50 Kindheit
4350 2598 396 66 aufgewachsen
4795 2600 48 50 in

3337 2674 93 47 der
3463 2671 218 63 heiligen
3714 2671 377 61 hochgetönten
4129 2669 310 50 Einsamkeit
4467 2668 90 47 des
4591 2666 251 62 Tempels.

3467 2743 109 48 Nur
3623 2741 363 61 Frömtmigkeit
4030 2741 94 47 sah
4169 2741 89 59 sie,
4304 2738 163 62 Opfer
4511 2738 105 47 und
4662 2736 181 61 Gebet,

3342 2813 84 49 hin
3457 2825 112 36 zum
3600 2814 147 60 gütig
3778 2811 313 48 erhörenden
4123 2811 166 46 Vater.
4352 2808 118 47 Und
4497 2808 78 49 ihr
4605 2807 241 48 frommer

3344 2882 156 61 Fleiß,
3550 2883 80 47 die
3678 2884 170 45 ernste
3899 2881 189 48 Anmut
4133 2880 133 49 ihrer
4312 2878 298 50 weibliehen
4663 2879 152 47 Kunst-

3341 2953 255 61 fertigkeit
3630 2952 119 49 wob
3785 2968 82 32 am
3904 2951 247 47 Sdhmuck
4185 2951 90 46 des
4315 2950 220 58 Hauses,
4571 2951 51 45 in
4659 2948 183 47 dessen

3343 3024 180 48 Dienst
3570 3024 77 49 sie
3695 3023 104 50 sich
3849 3020 203 63 gestellt
4096 3021 154 47 hatte.

3467 3108 118 47 Und
3626 3107 174 47 ruhete
3838 3109 76 46 sie
3951 3106 107 47 ihre
4100 3106 181 59 Finger
4318 3102 263 50 streckend
4623 3117 107 44 aus,
4770 3102 73 47 sie

3341 3178 135 60 legte
3518 3180 74 46 sie
3640 3190 111 35 zum
3801 3176 166 47 Gebet
4008 3189 310 34 zusammen.
4395 3174 117 47 Und
4560 3172 162 48 neben
4768 3172 77 48 ihr

3340 3249 168 46 betete
3542 3248 83 50 die
3667 3244 176 50 Blume
3880 3246 90 48 des
4008 3244 253 50 frommen
4299 3244 250 48 Gebetes:
4589 3244 80 46 die
4710 3241 132 60 Lilie,

3341 3318 79 48 die
3466 3317 143 48 Blüte
3652 3316 388 48 unantastbarer
4084 3316 244 49 Reinheit.

3468 3388 167 47 Deren
3664 3384 304 49 makelloser
3997 3384 151 50 Keldh
4177 3398 108 34 war
4311 3385 89 46 der
4429 3381 385 49 heranwachsen-

3341 3459 99 46 den
3489 3456 249 63 Jungfrau
3804 3456 126 47 auch
3995 3454 105 49 hier
4161 3470 62 33 an
4287 3454 209 60 heiliger
4544 3453 155 50 Stätte
4761 3453 81 45 ein

3339 3527 281 54 sdhärferer
3670 3526 216 47 Mahner
3935 3540 61 34 zu
4046 3526 419 64 unausgesetzter
4516 3520 176 50 Fllucht
4740 3521 102 48 und

3339 3596 394 61 Wachsamkeit,
3779 3597 82 47 die
3901 3597 49 59 ja
3991 3597 66 48 ist
4095 3595 81 47 die
4220 3592 295 64 Tapferkeit
4556 3593 87 46 der
4686 3592 156 46 Seele.

3343 3668 97 48 Die
3478 3667 145 50 Seele
3661 3667 134 47 kann
3835 3664 418 53 stäubdhenloser
4291 3665 107 50 sein
4439 3662 78 48 als!
4553 3662 289 61 irgendwas

3342 3742 49 45 in
3418 3739 93 47 der
3537 3736 151 61 Welt,
3719 3736 102 49 und
3850 3736 98 47 den
3981 3736 171 60 König
4175 3735 107 47 und
4312 3735 210 46 Meister
4550 3732 89 47 der
4668 3731 174 48 Seelen

3342 3808 232 49 erfreuen
3635 3807 107 48 und
3804 3805 271 63 erquicken
4139 3807 52 46 in
4253 3805 169 53 seiner
4483 3800 359 51 wunschlosen

3342 3877 291 66 Heiligkeit.

3467 3961 119 49 Und
3616 3963 47 60 je
3693 3961 144 48 mehr
3865 3959 232 62 Tugend,
4126 3973 61 33 so
4217 3957 145 49 mehr
4395 3956 192 63 Pflege,
4618 3971 59 33 so
4709 3956 111 48 kost-

3338 4034 151 48 barer
3523 4033 130 50 wird
3688 4033 90 59 sie,
3816 4043 85 35 um
3937 4045 61 33 so
4036 4029 144 49 mehr
4215 4028 129 50 wird
4382 4028 78 55 ihr
4496 4023 348 65 nachgestellt,

3340 4118 84 33 um
3474 4118 63 33 so
3587 4102 146 49 mehr
3781 4101 123 49 muß
3954 4103 74 47 sie
4078 4099 212 54 behfütet
4337 4098 222 48 werden.

3465 4173 164 48 Maria
3678 4172 154 60 betet,
3882 4172 76 47 sie
4008 4170 89 48 hat
4143 4169 108 49 ihre
4301 4171 170 45 zarten
4525 4169 182 59 Finger
4756 4180 91 34 vor

3339 4244 101 48 den
3487 4240 399 64 geschlossenen
3936 4241 182 61 Augen
4166 4239 107 49 und
4318 4238 132 51 sieht
4500 4238 127 49 nach
4674 4240 170 57 innen,

3340 4310 183 53 zurück
3574 4313 130 48 nach
3755 4310 118 55 dem
3929 4310 210 63 Urquell
4190 4310 132 49 ihrer
4370 4311 52 48 in
4474 4306 373 63 Andachtsglut

3339 4384 279 50 zitternden
3662 4382 159 49 Seele.

3467 4465 120 54 Und
3622 4466 170 51 dieses
3833 4465 139 51 Lidht
4008 4464 135 51 ihres
4179 4463 222 61 Geistes,
4440 4462 93 49 das
4572 4460 159 50 schon
4770 4460 75 49 als

3339 4536 192 50 kleines
3577 4536 321 50 Flämmdhen
3939 4551 61 33 so
4041 4535 99 48 hell
4179 4534 250 62 gebrannt
4468 4530 91 50 hat
4597 4546 91 34 vor
4729 4531 114 48 dem

3341 4608 167 48 Herrn
3555 4608 106 48 und
3705 4606 254 49 stündlich
4007 4605 230 63 langsam
4284 4603 305 63 gewachsen
4637 4603 67 48 ist
4748 4602 96 47 wie

3341 4677 201 50 Gestalt
3586 4678 105 49 und
3739 4678 153 60 Alter,
3941 4677 105 47 und
4091 4674 155 50 heller
4290 4674 278 61 geworden
4616 4671 228 62 zugleich

3337 4751 92 47 mit
3467 4749 94 48 der
3605 4746 223 52 Einsidht
3867 4775 59 7 —
3969 4762 102 36 nun
4113 4748 159 46 atmet
4309 4760 56 33 es
4410 4743 88 50 tief
4540 4743 105 47 und
4688 4740 158 50 dehnt

3340 4817 105 50 sich
3493 4818 163 48 höher
3702 4834 93 33 vor
3840 4818 100 49 den
3986 4816 183 61 stillen,
4220 4816 98 48 den
4368 4813 217 60 sanften,
4637 4813 206 59 heitern,

3341 4889 99 49 den
3481 4889 147 49 leiser
3665 4887 332 63 spiegelnden
4039 4886 180 62 Augen
4258 4886 93 47 des
4394 4884 280 48 Höchsten.
4729 4883 116 45 Sein

3342 4960 136 47 Herz
3522 4959 207 61 bewegt
3775 4958 122 48 sidh.
3978 4957 118 47 Und
4153 4957 143 47 seine
4358 4952 486 62 himmelergossene

3341 5028 209 49 Urkraft
3600 5026 172 64 glänzt
3822 5027 158 49 heller
4031 5025 197 61 hervor,
4283 5040 90 33 aus
4428 5025 132 48 ihrer
4626 5023 218 60 heiligen

3338 5102 214 60 gütigen
3598 5099 226 61 Strenge,
3869 5099 83 47 die
3998 5097 231 48 Gottheit
4270 5094 155 61 wallt,
4472 5094 103 48 und
4622 5108 89 34 aus
4758 5093 89 48 der

3341 5168 250 50 Allmacht
3639 5169 256 48 flutender
3946 5166 381 52 Zufriedenheit
4374 5165 195 61 sprießt
4616 5166 97 45 wie
4765 5167 79 45 ein

3339 5241 211 61 Stengel
3587 5240 89 48 der
3711 5240 172 49 Geist:
3921 5237 231 49 hellfeste
4189 5238 110 47 Tat.

3467 5323 454 62 Auftragahnende
3976 5320 161 62 Engel
4185 5320 190 61 glühen
4428 5333 91 32 vor
4571 5319 120 46 Lust
4755 5317 90 47 des

3343 5395 330 59 Gehorsams,
3767 5391 259 62 flugstraff
4029 5400 78 46 ejn
4204 5389 147 48 Eifer.
4474 5389 371 60 Wangenzarte

3344 5464 193 49 Freude
3572 5463 122 49 aber
3727 5463 146 61 glüht
3905 5465 51 48 in
3989 5462 99 46 den
4125 5458 248 51 Antlitzen
4409 5458 91 48 der
4536 5458 307 50 Bleibenden

3338 5535 117 49 still.
3535 5532 230 49 Fröhlich
3813 5531 297 61 schwingen
4158 5530 92 47 des
4298 5529 290 49 Göttlichen
4638 5530 206 58 Zweige

3338 5605 107 48 und
3482 5603 194 54 werfen
3716 5604 142 49 ihren
3897 5602 181 47 Strauß
4118 5615 93 33 aus
4255 5600 323 49 Geisterwelt
4616 5599 88 47 der
4743 5598 78 48 lau-

3342 5677 186 46 tersten
3592 5671 379 63 Seelengestalt,
4037 5671 115 47 dem
4221 5670 224 48 edelsten
4512 5669 176 49 Gruße
4753 5682 95 35 aus

3342 5744 303 50 Erdenland.

3467 5816 78 46 Da
3580 5812 254 50 vollendet
3865 5815 82 47 ein
3981 5811 403 62 Strahlenbogen
4417 5812 99 49 den
4550 5809 267 49 dunkelent-

3341 5884 390 50 schlummerten
3782 5883 135 49 Blick
3964 5883 92 47 der
4105 5883 273 48 Betenden.

3466 5956 105 46 Vor
3607 5955 76 49 ihr
3717 5953 137 49 steht
3887 5955 113 47 eine
4036 5951 144 62 helle,
4221 5950 279 50 freundlich
4505 5950 206 60 weiche,
4749 5952 95 47 wie

3343 6026 178 47 Befehl
3556 6027 141 46 einer
3738 6026 210 60 gütigen
3992 6023 230 48 Gottheit
4260 6021 384 56 weichhärteste
4688 6019 131 51 Licht-

3340 6094 199 64 gestalt,
3584 6096 105 47 und
3734 6095 165 48 lodert
3942 6098 135 45 reine
4120 6093 248 62 prüfende
4415 6093 157 61 Züge.

3467 6182 64 45 Es
3567 6182 159 52 atmet
3762 6180 106 48 hier
3904 6180 216 60 Jenseits
4155 6178 103 48 und
4296 6176 132 53 sieht
4459 6177 92 47 mit
4586 6176 99 49 den
4721 6174 94 48 dün-

3340 6266 114 47 nein,
3494 6253 239 59 strengen
3776 6251 238 58 Nüstern,
4054 6250 81 47 die
4173 6249 97 47 wie
4313 6244 302 56 Geisterluft
4651 6247 191 56 zittern,

3337 6338 93 35 au»
3453 6325 99 46 wie
3578 6322 150 47 Zorn.
3784 6321 117 47 Und
3922 6321 66 50 ist
4010 6319 132 47 doch
4168 6319 113 49 kein
4307 6319 151 59 Zorn,
4483 6317 222 48 sondern
4734 6314 108 52 Ruh

3338 6394 105 48 und
3485 6391 311 58 Wesenheit.
