2324 4094
613 419 75 42 LE
719 409 306 52 THÉÂTRE
1060 420 304 53 LYRIQUE,
1400 422 131 41 ETC.

1897 425 53 56 57

192 570 50 42 de
261 584 77 26 son
359 570 163 42 théâtre
543 570 175 42 d'abord
734 577 41 34 et
791 570 116 42 aussi
926 583 87 28 une
1028 570 331 43 rémunération
1376 570 225 43 suffisante
1616 571 50 41 de
1683 585 77 28 son
1779 573 176 41 activité

193 651 41 34 et
254 644 51 41 de
331 658 62 27 ses
417 644 187 41 labeurs.

248 717 102 41 Cela
372 731 68 26 me
474 719 140 53 paraît
646 716 34 40 si
704 730 83 40 peu
815 718 210 50 douteux,
1049 730 85 40 que
1158 716 37 54 je
1218 717 269 41 n'hésiterais
1509 732 76 41 pas
1614 721 22 37 à
1669 718 167 54 ajouter
1869 732 86 28 une

192 791 204 40 nouvelle
421 791 153 52 charge
597 803 83 27 aux
704 790 175 52 charges
914 789 93 54 déjà
1038 790 34 40 si
1096 791 174 39 lourdes
1291 791 78 53 qui
1392 795 179 48 grèvent
1594 805 78 27 son
1703 791 249 54 entreprise.

191 865 44 40 Si
258 864 37 40 le
312 864 215 40 directeur
546 878 24 26 a
590 863 136 40 réussi
748 867 23 36 à
788 870 155 33 mettre
964 863 38 40 la
1025 863 122 40 main
1168 877 76 26 sur
1267 878 86 26 une
1371 878 149 27 œuvre
1535 868 84 38 très
1637 866 318 54 remarquable,

192 952 73 27 sur
287 952 59 26 un
370 937 135 54 grand
522 940 162 50 succès,
709 938 30 39 il
762 937 188 54 importe
970 937 50 40 de
1038 951 53 26 ne
1110 951 75 40 pas
1204 937 149 40 laisser
1376 947 109 32 cette
1507 939 117 54 pièce
1640 941 244 40 s'éterniser
1900 955 57 26 au

191 1011 232 54 répertoire
438 1019 41 32 et
500 1010 178 41 ralentir
694 1011 40 40 la
753 1011 263 53 production
1029 1012 72 39 des
1123 1024 169 28 œuvres
1306 1012 236 42 nouvelles.
1564 1014 49 40 Je
1628 1015 183 40 créerais
1826 1014 129 52 donc,

192 1099 52 26 en
267 1085 151 40 faveur
440 1085 50 39 de
512 1084 177 55 l'Opéra
711 1092 40 32 et
769 1084 51 40 de
847 1084 437 55 l'Opéra-Comique,
1309 1099 89 26 une
1420 1094 113 33 sorte
1554 1086 52 41 de
1629 1087 111 40 droit
1763 1087 171 54 d'expro-

188 1158 206 55 priation,
418 1171 52 27 en
487 1166 126 32 vertu
639 1158 165 54 duquel
825 1157 52 40 ils
901 1158 253 54 pourraient
1176 1158 106 40 faire
1305 1172 144 40 passer
1472 1159 106 40 dans
1599 1160 96 40 leur
1718 1161 232 53 répertoire

188 1231 182 42 l'œuvre
393 1231 108 40 dont
535 1231 31 40 il
604 1231 137 54 s'agit.
776 1231 265 52 Seulement,
1069 1245 170 27 comme
1273 1231 30 41 il
1326 1240 61 33 est
1409 1232 51 41 de
1496 1241 119 33 toute
1637 1232 149 55 justice
1812 1247 86 40 que
1919 1235 38 39 le

188 1306 214 40 directeur
423 1306 59 40 du
506 1306 413 54 Théâtre-Lyrique
942 1319 53 27 ne
1018 1306 83 40 soit
1124 1320 74 38 pas
1226 1306 220 54 dépouillé
1475 1320 98 26 sans
1608 1306 346 55 compensation,

186 1379 39 54 je
265 1379 248 54 stipulerais
555 1391 86 40 que
673 1378 38 40 le
743 1378 115 41 droit
891 1392 53 27 en
980 1379 204 54 question
1217 1392 53 27 ne
1300 1379 198 54 pourrait
1530 1379 200 40 s'exercer
1761 1381 197 53 qu'après

189 1466 84 40 que
312 1452 40 40 la
395 1452 117 54 pièce
544 1451 142 41 aurait
720 1451 147 41 fourni
907 1466 62 26 un
1012 1453 164 39 certain
1216 1452 179 41 nombre
1425 1452 50 40 de
1507 1454 362 53 représentations
1900 1467 56 27 au

188 1525 428 54 Théâtre-Lyrique,
639 1533 99 33 cent
756 1539 57 27 ou
837 1533 99 33 cent
959 1526 239 53 cinquante
1220 1541 78 40 par
1319 1527 210 54 exemple,
1554 1536 41 31 et
1617 1541 86 40 que
1732 1529 60 39 les
1813 1528 119 41 direc-

186 1607 115 33 teurs
320 1600 51 40 de
392 1597 175 55 l'Opéra
590 1605 41 35 et
650 1599 51 40 de
727 1598 427 55 l'Opéra-Comique
1175 1613 53 27 ne
1250 1600 186 40 seraient
1457 1600 140 40 admis
1620 1605 22 35 à
1670 1602 287 53 s'approprier

187 1672 36 40 le
244 1672 101 40 bien
367 1672 51 40 de
439 1672 95 40 leur
551 1672 142 40 voisin
715 1685 83 40 que
822 1680 272 46 moyennant
1121 1686 85 26 une
1222 1673 125 54 juste
1373 1680 42 33 et
1432 1673 238 54 préalable
1691 1673 261 55 indemnité,

186 1746 188 54 laquelle
395 1746 146 54 serait,
562 1759 171 28 comme
755 1754 144 33 toutes
917 1746 59 40 les
1000 1746 266 41 indemnités
1292 1748 51 39 de
1359 1760 44 27 ce
1426 1761 145 41 genre,
1594 1748 266 41 déterminée
1881 1762 76 41 par

186 1833 61 27 un
266 1819 101 54 jury
390 1819 174 55 spécial.

242 1893 114 42 Mais
376 1893 38 54 je
435 1893 253 55 m'aperçois
710 1908 85 41 que
818 1893 264 56 j'échafaude
1104 1898 208 52 systèmes
1343 1908 75 26 sur
1448 1898 221 51 systèmes,
1696 1896 260 54 hypothèses

186 1981 73 28 sur
275 1967 275 55 hypothèses.
571 1968 80 40 Tel
670 1969 109 41 n'est
799 1982 75 41 pas
897 1982 103 27 mon
1018 1969 93 40 but.
1134 1969 79 40 J'ai
1239 1969 136 40 voulu
1398 1969 283 55 simplement
1702 1970 149 42 attirer
1862 1971 76 40 l'at-

185 2040 171 42 tention
388 2054 73 27 sur
485 2054 87 27 une
593 2041 205 55 question
821 2042 73 54 qui
921 2042 205 40 intéresse
1148 2055 56 27 au
1230 2042 98 54 plus
1353 2042 110 40 haut
1483 2042 125 54 point
1630 2043 98 41 l'art
1750 2042 203 59 français.

186 2115 127 40 Nous
348 2115 178 42 n'avons
557 2129 75 41 pas
665 2116 51 39 de
739 2115 420 54 Théâtre-Lyrique
1180 2130 7 36 ;
1223 2115 285 41 l'Assemblée
1536 2115 222 41 nationale
1785 2130 23 26 a
1839 2118 114 50 voté,

186 2202 111 41 pour
312 2202 46 26 ce
379 2188 183 53 théâtre,
586 2202 61 27 un
672 2188 268 41 subvention
962 2188 51 40 de
1038 2201 184 38 100,000
1245 2188 159 52 francs,
1431 2188 76 54 qui
1531 2199 106 29 reste
1655 2202 98 26 sans
1775 2188 177 55 emploi,

189 2276 77 41 par
289 2262 112 40 suite
428 2263 51 39 de
498 2263 39 39 la
559 2275 89 27 non
670 2261 183 42 réussite
876 2262 51 40 de
949 2261 265 56 l'entreprise
1237 2261 51 40 de
1311 2261 63 40 M.
1408 2261 171 54 Bagier,
1604 2270 39 32 et
1667 2275 212 42 personne
1902 2275 54 28 ne

186 2335 160 40 semble
368 2349 42 27 se
431 2336 260 54 préoccuper
710 2336 52 40 de
779 2335 211 40 remédier
1013 2339 23 36 à
1058 2349 43 27 ce
1132 2334 183 41 fâcheux
1338 2336 86 40 état
1460 2335 50 40 de
1537 2334 165 53 choses,
1737 2335 77 54 qui
1841 2349 88 27 com-

186 2418 172 46 promet
381 2410 34 40 si
439 2418 254 44 gravement
713 2409 38 41 le
781 2411 173 53 présent
975 2418 40 31 et
1038 2408 182 41 l'avenir
1235 2409 51 40 de
1310 2423 78 26 nos
1411 2408 316 55 compositeurs
1750 2408 203 58 français.

239 2483 49 40 Je
305 2483 213 40 demande
544 2483 112 40 donc
677 2483 137 53 qu'on
838 2482 220 40 rétablisse
1079 2496 56 26 au
1157 2482 96 55 plus
1284 2481 89 42 vite
1397 2495 88 27 une
1523 2481 256 41 institution
1817 2482 76 54 qui
1930 2496 24 27 a

186 2555 92 55 déjà
294 2556 139 40 rendu
459 2556 51 40 de
532 2556 35 40 si
602 2555 162 54 grands
795 2556 186 40 services
1009 2561 24 35 à
1067 2555 95 41 l'art
1185 2554 212 54 national,
1423 2563 41 32 et
1495 2555 134 53 qu'on
1674 2555 137 40 relève
1853 2569 100 26 sans

189 2630 143 42 retard
353 2637 107 33 cette
482 2631 122 39 scène
628 2629 78 55 qui
729 2644 23 26 a
777 2629 178 55 produit
983 2630 143 40 Faust
1131 2661 10 23 }
1164 2628 222 52 Mireille,
1413 2630 162 39 Roméo
1608 2635 42 33 et
1687 2628 203 54 Juliette,
1916 2629 40 40 le

186 2703 209 40 Médecin
415 2704 180 53 malgré
617 2704 79 53 lui,
722 2703 43 40 la
788 2704 177 52 Statue,
992 2704 66 41 les
1079 2704 219 53 Dragons
1326 2703 54 40 de
1407 2702 173 41 Villars
1587 2735 8 20 ,
1621 2712 76 33 etc.
1746 2701 208 42 L'ancien

188 2777 412 55 Théâtre-Lyrique
635 2778 117 41 avait
775 2778 112 40 servi
919 2792 88 26 aux
1047 2778 157 40 débuts
1235 2778 73 40 des
1340 2776 207 54 Gounod,
1568 2776 73 41 des
1683 2778 158 54 Reyer,
1882 2776 72 41 des

188 2851 208 51 Maillart,
419 2851 78 54 qui
520 2861 99 31 sont
640 2853 192 39 devenus
855 2852 59 40 les
938 2854 172 38 maîtres
1128 2851 59 40 du
1213 2851 165 41 théâtre
1399 2850 352 54 contemporain;
1778 2851 38 40 le
1841 2864 87 27 nou-

186 2931 111 26 veau
319 2920 178 38 ouvrira
519 2919 38 40 la
592 2920 182 39 carrière
797 2934 83 26 aux
922 2919 233 53 Massenet,
1199 2933 83 26 aux
1319 2917 219 53 Guiraud,
1576 2932 85 26 aux
1690 2919 138 51 Bizet,
1862 2932 87 26 aux

192 2990 123 54 Lalo,
351 3005 85 26 aux
472 2992 240 54 Paladilhe,
750 2994 77 53 qui
863 3001 146 33 seront
1039 2993 108 42 dans
1174 2992 213 55 quelques
1422 2992 159 39 années
1613 2992 59 38 les
1697 2993 174 39 maîtres
1902 2991 52 41 de

185 3063 163 43 l'Ecole
371 3065 220 58 française.

1235 3159 61 41 H.
1328 3157 402 43 MARCELLO.
