2324 4094
738 467 213 44 REVUE
985 470 111 41 DES
1128 470 327 42 CONCERTS

1923 472 55 43 83

218 628 36 30 et
274 616 133 45 Verdi,
435 614 99 49 l'un,
559 616 100 36 dans
681 615 37 37 la
743 616 277 48 composition
1042 617 49 37 de
1114 630 74 24 son
1210 618 154 49 Stabat,
1390 620 160 49 l'autre,
1574 621 100 36 dans
1703 619 100 37 celle
1831 619 50 37 de
1909 631 75 26 son

217 685 199 51 Requiem.
438 682 64 37 On
525 690 194 31 retrouve
739 684 102 37 dans
862 685 59 36 les
941 697 197 37 ouvrages
1159 687 70 37 des
1248 687 107 37 deux
1377 687 165 39 maîtres
1560 689 163 37 italiens
1745 699 160 27 comme
1928 699 56 25 un

218 753 109 40 reflet
355 752 66 36 des
442 762 169 38 pompes
640 749 221 39 théâtrales
894 753 55 35 du
989 753 109 37 culte
1129 754 257 50 catholique;
1420 755 168 39 l'œuvre
1615 757 55 36 du
1712 757 144 37 maître
1884 755 79 37 alle-

217 821 117 39 mand
353 827 56 30 est
437 818 226 49 empreinte
694 820 48 36 de
764 819 37 37 la
841 820 239 48 rigoureuse
1103 821 172 39 sévérité
1297 823 54 36 du
1380 823 148 49 dogme
1559 832 242 42 protestant.
1827 824 156 50 Malgré

216 897 99 31 cette
350 886 193 38 austérité
575 887 48 36 de
650 886 146 50 forme,
826 887 72 49 qui
938 901 21 25 a
987 889 55 36 dû
1075 888 342 51 singulièrement
1449 893 198 48 déranger
1677 905 63 24 ses
1779 893 109 37 idées
1932 905 51 24 en

215 957 160 38 matière
391 954 47 38 de
461 954 190 49 musique
675 955 227 49 religieuse,
926 957 38 37 le
983 957 141 49 public
1146 957 178 50 parisien
1346 971 22 24 a
1390 971 101 38 paru
1511 959 210 38 accueillir
1742 973 110 25 assez
1870 959 90 38 favo-

214 1025 219 39 rablement
455 1022 173 37 l'œuvre
664 1023 49 37 de
745 1024 56 36 M.
842 1024 192 40 Brahms.
1077 1026 174 49 Chaque
1284 1039 192 25 morceau
1498 1040 23 24 a
1540 1040 96 39 reçu
1664 1041 42 24 sa
1730 1028 137 37 bonne
1895 1036 89 41 part

213 1089 426 53 d'applaudissements
654 1101 8 37 ;
700 1092 229 49 cependant
954 1092 36 50 je
1025 1093 90 37 dois
1145 1101 207 30 constater
1381 1107 79 37 que
1488 1094 214 39 YAndante
1731 1097 48 36 de
1803 1096 36 37 la
1864 1096 89 49 Sym-

213 1159 144 52 phonie
374 1171 49 24 en
444 1164 42 31 ut
504 1157 159 38 mineur
667 1188 8 20 ,
698 1159 71 50 qui
790 1161 137 37 venait
946 1160 357 39 immédiatement
1318 1165 131 47 après,
1465 1174 21 25 a
1503 1164 212 49 provoqué
1737 1176 57 25 un
1810 1164 149 37 enthou-

214 1230 137 37 siasme
370 1235 91 30 tout
478 1229 22 34 à
519 1225 72 38 fait
613 1229 335 50 extraordinaire,
973 1238 40 29 et
1034 1242 78 38 que
1135 1230 38 38 le
1194 1230 140 50 public
1360 1231 94 37 s'est
1481 1232 72 49 plu
1575 1235 22 34 à
1618 1232 37 37 le
1679 1232 211 49 souligner
1911 1244 73 38 par

213 1305 134 42 quatre
365 1308 52 26 ou
440 1298 95 49 cinq
556 1297 131 39 salves
710 1297 437 51 d'applaudissèments
1162 1300 71 36 des
1250 1300 92 49 plus
1364 1300 180 40 nourris.
1566 1301 117 37 Cette
1706 1301 124 49 petite
1851 1312 105 26 mani-

213 1365 183 38 festation
429 1367 78 37 m'a
534 1380 101 38 paru
665 1367 290 51 significative;
988 1368 77 36 elle
1088 1380 27 24 n
1117 1368 8 15 ?
1131 1368 68 37 ôte
1234 1369 88 36 rien
1357 1371 21 34 à
1406 1368 39 37 la
1474 1371 81 35 très
1580 1369 151 49 grande
1759 1368 140 38 valeur
1927 1369 55 38 du

213 1434 183 50 Requiem
427 1435 48 37 de
498 1437 57 36 M.
583 1436 195 48 Brahms,
804 1443 39 29 et
873 1448 155 37 prouve
1057 1443 93 30 tout
1171 1435 266 50 simplement
1469 1449 78 37 que
1578 1436 37 38 le
1637 1435 140 51 public
1808 1435 36 38 le
1866 1448 87 26 com-

211 1503 167 50 prendra
480 1516 82 25 une
585 1512 114 31 autre
724 1504 91 38 fois.
841 1503 274 51 Aujourd'hui
1147 1504 28 37 il
1207 1504 213 49 applaudit
1441 1505 94 37 bien
1557 1505 80 38 fort
1658 1505 39 37 la
1726 1504 256 51 Symphonie

213 1582 45 26 en
279 1578 40 30 ut
337 1571 154 38 mineur
494 1602 9 18 ,
528 1573 101 37 mais
649 1572 237 39 n'oublions
907 1585 70 38 pas
999 1572 100 50 qu'il
1121 1571 57 38 lui
1193 1584 23 25 a
1236 1572 99 37 fallu
1354 1576 94 46 près
1469 1573 48 38 de
1540 1573 221 49 cinquante
1784 1585 71 26 ans
1876 1586 105 38 pour

210 1639 36 37 la
265 1640 278 48 comprendre.

254 1709 44 36 Je
317 1707 247 40 n'insisterai
592 1721 70 39 pas
682 1710 272 49 longuement
983 1721 68 25 sur
1073 1709 60 38 les
1161 1717 139 30 autres
1318 1707 152 51 parties
1497 1708 103 39 dont
1621 1721 42 26 se
1691 1709 228 50 composait
1940 1709 38 38 le

209 1787 251 37 programme
482 1778 49 37 de
553 1789 44 26 ce
632 1787 168 29 concert
821 1777 201 51 spirituel,
1055 1778 184 37 d'autant
1275 1790 80 37 que
1374 1778 57 37 les
1463 1790 101 25 unes
1596 1787 95 29 sont
1723 1791 183 25 connues
1928 1779 49 37 de

209 1849 86 30 tout
312 1844 36 37 le
373 1846 151 37 monde
546 1854 41 29 et
612 1858 80 38 que
711 1847 58 36 les
791 1854 137 30 autres
952 1853 92 31 sont
1065 1847 264 37 absolument
1353 1847 180 37 dénuées
1554 1847 207 39 d'intérêt.
1792 1848 189 36 Madame

211 1912 332 40 Fursch-Madier
577 1923 40 30 et
647 1917 56 36 M.
742 1916 259 37 Delle-Sedie
1036 1923 75 30 ont
1144 1916 145 38 chanté
1328 1929 94 25 avec
1455 1917 212 49 beaucoup
1695 1917 49 37 de
1785 1917 119 49 style,
1944 1916 38 38 la

208 1978 194 50 première
422 1992 7 26 :
458 1982 113 39 l'Ave
600 1983 144 38 Maria
750 2015 7 14 ,
780 1984 48 37 de
851 1983 241 47 Cherubini,
1114 1983 36 38 le
1173 1985 167 47 second,
1363 1985 23 37 Y
1390 1985 77 37 Air
1488 1985 167 51 d'église
1660 2014 9 20 ,
1697 1985 48 36 de
1766 1983 211 39 Stradella.

211 2044 72 39 Les
298 2047 163 39 chœurs
482 2058 72 28 ont
577 2051 168 37 exécuté
767 2064 96 26 avec
884 2064 111 25 assez
1016 2052 251 38 d'ensemble
1294 2053 69 36 des
1381 2052 223 50 fragments
1625 2053 56 36 du
1706 2052 194 50 Requiem
1930 2052 50 36 de

211 2114 170 49 Mozart;
406 2117 125 49 enfin,
552 2117 37 37 la
610 2119 131 37 soirée
765 2119 93 37 s'est
877 2119 201 38 terminée
1100 2131 70 39 par
1189 2119 137 37 Gallia
1333 2149 8 19 ,
1362 2127 106 30 cette
1484 2131 237 38 ennuyeuse
1742 2119 238 51 jérémiade,

208 2184 96 36 dont
336 2184 35 48 je
403 2192 145 31 trouve
570 2187 126 48 qu'on
727 2199 22 25 a
771 2187 339 50 singulièrement
1133 2189 125 35 abusé
1293 2189 99 35 dans
1428 2200 65 25 ces
1521 2188 184 37 derniers
1733 2196 144 41 temps.
1914 2189 66 36 On

206 2251 112 37 ferait
345 2253 108 48 bien,
483 2250 37 52 je
549 2255 120 47 crois,
699 2255 48 36 de
769 2254 144 38 laisser
935 2268 57 24 un
1022 2267 80 37 peu
1123 2267 166 38 reposer
1312 2263 105 30 cette
1439 2268 141 26 œuvre
1601 2256 92 38 vide
1716 2264 38 29 et
1777 2255 200 49 incolore,

207 2318 66 48 qui
300 2328 96 40 peut
430 2321 162 37 séduire
626 2321 57 37 les
721 2335 166 30 masses,
924 2324 117 48 grâce
1069 2326 23 34 à
1126 2323 176 38 certains
1326 2323 115 37 effets
1472 2324 49 36 de
1551 2324 182 37 sonorité
1761 2323 217 50 grossière,

207 2385 96 39 mais
330 2388 102 37 dont
453 2388 36 37 le
512 2389 85 37 seul
620 2391 160 48 mérite,
802 2403 51 25 au
874 2392 114 47 fond,
1009 2391 180 38 consiste
1209 2394 23 34 à
1253 2392 85 37 être
1369 2392 136 49 signée
1525 2392 99 37 d'un
1644 2404 99 25 nom
1761 2392 71 49 qui
1857 2392 120 37 attire

207 2453 35 37 le
266 2455 136 48 public
536 2458 317 49 probablement
882 2472 120 38 parce
1026 2458 126 51 qu'on
1181 2460 103 37 n'est
1304 2471 71 38 pas
1409 2459 169 39 habitué
1606 2460 83 37 àle
1717 2467 168 32 trouver
1902 2472 48 25 au-

207 2521 164 40 dessous
392 2525 48 38 de
461 2525 188 50 pareilles
672 2526 282 41 médiocrités.

1531 2610 64 38 H.
1630 2608 220 40 Marcello.

258 2844 261 39 THEATRE
545 2844 490 41 VENTADOUR.—La
1056 2846 128 38 Forêt
1192 2877 7 19 ,
1217 2848 145 47 poème
1378 2844 160 53 lyrique
1554 2859 71 37 par
1644 2846 40 38 M
1689 2853 42 19 me
1752 2846 49 38 de
1818 2845 161 39 Grand-*

211 2911 72 48 val,
308 2914 198 48 première
527 2914 202 39 audition.
816 2916 112 37 C'est
949 2916 150 38 devant
1121 2928 81 25 une
1225 2916 97 37 salle
1345 2916 178 49 comble,
1545 2919 54 34 où
1625 2927 39 26 se
1687 2915 180 38 trouvait
1893 2916 66 36 réu-

211 2978 62 38 nie
294 2980 121 39 l'élite
437 2983 49 37 de
507 2983 38 37 la
567 2984 152 37 société
736 2983 245 51 parisienne,
1006 2997 80 36 que
1104 2986 41 36 M
1150 2991 44 16 me
1215 2985 49 37 de
1284 2983 206 38 Grandval
1511 2996 22 24 a
1553 2984 70 36 fait
1646 2984 198 36 entendre
1868 2991 105 29 cette

210 3048 183 38 nouvelle
409 3051 261 49 production,
696 3052 38 37 le
759 3052 49 37 3o
826 3052 55 36 du
903 3052 105 36 mois
1030 3052 175 37 dernier.
1239 3053 110 36 Dans
1371 3059 106 30 cette
1499 3063 157 36 œuvre,
1690 3063 161 25 comme
1879 3053 102 36 dans

211 3115 132 32 toutes
367 3112 120 37 celles
517 3114 71 48 qui
609 3120 94 31 sont
733 3114 48 37 de
804 3113 153 50 longue
980 3113 177 48 haleine,
1187 3114 29 37 il
1238 3126 25 37 y
1288 3126 22 25 a
1337 3113 22 37 à
1387 3113 117 38 louer
1526 3121 40 29 et
1587 3116 22 33 à
1637 3110 167 40 blâmer.
1836 3114 46 36 Je
1915 3125 65 26 me

209 3175 89 40 hâte
317 3179 47 38 de
387 3180 84 39 dire
490 3193 80 37 que
592 3182 38 36 la
653 3194 158 25 somme
832 3182 70 37 des
925 3181 125 38 belles
1072 3189 39 30 et
1140 3182 158 37 bonnes
1321 3180 145 39 choses
1481 3180 71 50 qui
1575 3181 57 50 s'y
1654 3189 194 30 trouvent
1870 3180 92 40 l'em-

208 3254 112 40 porte
342 3248 48 37 de
413 3250 212 50 beaucoup
657 3263 69 25 sur
748 3250 100 38 celle
885 3250 69 37 des
976 3249 143 38 choses
1154 3250 229 37 médiocres
1403 3261 55 26 ou
1491 3248 150 38 froides
1659 3260 10 38 ;
1706 3249 101 37 mais
1842 3261 44 26 ce
1908 3249 72 50 qui

211 3321 57 29 est
298 3318 215 36 au-dessus
533 3319 49 36 de
605 3327 116 29 toute
743 3318 292 47 contestation,
1067 3319 96 36 c'est
1183 3318 37 37 le
1241 3317 81 37 réel
1347 3325 38 28 et
1416 3316 129 38 solide
1561 3316 129 38 talent
1718 3329 79 37 que
1813 3318 169 49 possède

213 3382 179 39 madame
414 3384 49 38 de
493 3386 205 38 Grandval
720 3399 105 37 pour
847 3386 93 38 bien
959 3386 223 36 distribuer
1201 3397 62 25 ses
1286 3385 228 37 intentions
1533 3393 38 29 et
1595 3397 61 25 ses
1679 3385 157 37 dessins
1851 3385 132 50 parmi

213 3448 55 38 les
293 3450 130 39 divers
446 3453 271 39 instruments
740 3455 50 37 de
820 3454 254 38 l'orchestre.
1098 3454 66 48 Et,
1195 3457 21 33 à
1243 3453 89 38 voir
1360 3454 36 36 la
1427 3454 181 36 manière
1628 3454 102 36 dont
1753 3466 61 25 ses
1836 3453 146 37 chants

216 3525 90 29 sont
334 3523 291 48 accompagnés
661 3531 40 29 et
727 3523 103 37 dont
851 3535 63 26 ses
944 3530 414 42 accompagnements
1394 3527 95 33 sont
1509 3521 107 50 faits,
1653 3521 28 38 il
1715 3534 51 26 ne
1797 3521 187 50 pourrait
