3510 4460
1676 139 113 55 309

118 281 289 55 Gleichwohl
453 303 100 34 war
597 285 120 51 auch
762 285 75 51 ein
867 285 136 50 Theil
1046 285 150 61 lauer,
1233 284 217 53 blasirter
1477 288 217 52 Zuhörer

112 365 270 58 anwesend,
414 365 73 51 die
517 384 92 32 nur
636 366 349 50 sentimentales
1011 365 271 69 Geklimper
1312 368 86 49 auf
1421 366 84 51 der
1533 369 160 49 Zither

118 444 114 51 oder
263 446 223 50 Gesäusel
515 445 97 51 und
639 446 200 66 Gelispel
871 445 130 50 einer
1031 445 340 52 französischen
1401 448 115 50 oder
1544 449 126 49 italie-

115 525 191 50 nischen
338 525 158 51 Prima
524 528 176 48 Donna
734 544 84 31 zur
854 525 195 50 Raserei
1091 543 84 33 vor
1201 528 272 50 Entzücken
1516 528 173 68 bringt.

113 605 159 50 Fräul.
306 605 183 50 Pellet
517 623 105 33 vom
646 605 211 66 hiesigen
884 605 205 51 Theater
1110 608 167 66 sprach
1302 608 111 49 zwei
1437 608 251 52 Balladen:

123 684 187 58 „Schön
607 685 96 50 und
744 686 127 56 „Der
1291 705 88 33 von
1403 689 53 48 F.
1482 689 204 60 Hebbel,

110 780 57 33 zu
192 764 210 49 welchen
424 765 131 50 Frau
578 765 274 50 Schumann
876 765 99 50 eine
1002 766 485 70 Clavier-Begleitung
1510 785 89 33 von
1627 771 56 47 R.

113 843 274 50 Schumann
416 845 176 66 spielte.
647 845 65 48 Es
757 862 101 31 war
900 845 146 50 dieses
1091 846 101 51 eine
1235 848 301 67 duftig-zarte
1567 849 90 49 Ver-

113 921 300 69 schmelzung
453 924 172 49 zweier
663 940 49 32 so
750 923 171 68 innigst
960 925 302 51 verwandten
1296 928 265 58 Elemente,
1604 926 85 51 der

114 1001 165 51 Poesie
310 1001 96 50 und
434 1003 170 49 Musik.
661 1004 157 49 Fräul.
849 1005 146 50 Pellet
1023 1005 80 51 hat
1133 1006 73 50 ein
1235 1008 324 66 prachtvolles,
1602 1006 86 51 der

114 1080 348 69 ausgiebigsten
484 1081 293 51 Modulation
804 1084 96 51 und
923 1084 83 49 der
1027 1089 211 63 grössten
1261 1086 274 68 Erregtheit
1564 1086 97 51 fähi-

115 1179 80 50 ges
226 1163 184 66 Organ,
454 1161 102 50 eine
585 1163 299 67 Aussprache
922 1164 95 51 und
1045 1166 347 60 Declam&tion,
1434 1166 73 51 die
1539 1168 147 49 hohes

112 1241 168 50 Talent
311 1240 95 51 und
438 1241 218 69 lleissiges
679 1243 217 52 Studium
927 1244 279 52 bekunden:
1238 1246 80 50 für
1341 1263 142 33 unser
1505 1246 150 51 Schau-

113 1320 115 66 spiel
258 1319 101 49 eine
388 1320 181 51 Zierde.

232 1397 179 53 Ausser
440 1399 157 52 diesen
630 1403 260 50 Concerten
919 1403 249 52 verdienen
1200 1404 74 51 die
1310 1404 249 52 ehrendste
1592 1406 62 49 Er-

109 1479 243 67 wähnung
378 1480 113 50 zwei
519 1497 90 34 von
639 1483 180 49 Henri
860 1484 381 51 Wieniawski
1284 1485 244 67 gegebene
1559 1486 93 50 Con-

112 1565 140 45 certe.
307 1560 69 48 Er
416 1560 160 67 spielte
625 1561 63 50 im
736 1570 155 42 ersten
929 1564 370 51 Mendelssohn's
1341 1566 217 60 Concert,
1608 1566 73 50 ein

119 1638 172 53 Theme
534 1638 205 71 original
989 1643 47 49 et
1129 1639 133 53 varie
795 1641 96 51 und
932 1644 75 49 ein
1049 1643 221 52 Andante
1310 1662 89 33 von
1436 1645 245 67 Paganini,

110 1718 179 50 sodann
320 1719 133 49 einen
479 1719 246 52 Carnaval
748 1720 57 51 de
846 1720 171 65 Penise,
1042 1724 204 49 welcher
1268 1742 84 31 aus
1375 1725 306 50 Variationen

110 1815 89 33 von
222 1799 246 67 Paganini,
491 1801 142 50 Ernst
663 1801 97 50 und
787 1803 310 50 Wieniawski
1126 1803 211 52 bestand.
1369 1806 75 49 Se.
1465 1805 218 67 Majestät

110 1875 85 53 der
222 1879 159 67 König
407 1897 89 31 von
526 1880 224 60 Holland,
792 1883 206 49 welcher
1037 1883 138 50 nebst
1201 1900 217 33 unserem
1450 1885 125 50 Hofe
1601 1903 52 32 zu-

112 1974 153 51 gegen
294 1975 116 42 war,
439 1960 83 48 soll
552 1959 89 51 den
664 1961 225 50 Künstler
910 1979 74 33 am
1009 1963 162 50 selben
1192 1963 200 50 Abende
1422 1964 83 49 mit
1526 1965 153 50 einem

110 2036 165 51 Orden
306 2036 203 51 decorirt
537 2038 171 50 haben.
745 2040 89 50 Die
865 2041 320 51 musicalische
1208 2041 137 51 Welt
1373 2043 143 49 kennt
1539 2044 105 51 Wie-

109 2116 235 51 niawski's
376 2118 153 66 Spiel;
571 2119 139 49 Laub
741 2120 96 50 und
865 2123 144 48 Ernst
1035 2121 269 68 überragen
1333 2123 80 49 ihn
1442 2123 75 49 bei
1542 2124 104 51 Wei-

112 2201 109 44 tem.
251 2196 125 50 Mlle.
400 2196 597 54 Bochkoltz-Falconi
1027 2218 117 51 sang
1166 2201 101 50 eine
1290 2201 114 50 Arie
1427 2218 84 33 aus
1533 2201 148 60 Titus,

108 2275 76 50 ein
321 2274 95 51 Air
565 2275 171 69 dramatique
737 2276 88 68 (von
826 2280 39 48 F.
871 2281 269 66 Dessanger
1176 2280 159 67 eigens
1360 2281 80 49 für
1462 2281 63 50 sie
1549 2299 96 33 com-

108 2353 172 69 ponirt)
332 2355 97 50 und
857 2354 268 54 Variations
1442 2374 86 36 sur
1677 2375 17 33 u
1394 2379 89 32 von
1525 2363 117 49 Hum-

109 2434 107 49 mel.
265 2435 75 59 Ja,
383 2434 123 51 diese
537 2436 230 68 Sängerin
809 2438 57 49 ist
907 2439 73 49 ein
1021 2439 185 49 wahres
1235 2440 182 50 Muster
1444 2458 89 33 von
1563 2441 114 50 aller

108 2513 219 52 Reinheit
355 2514 79 49 des
465 2516 171 60 Tones,
679 2518 214 49 Bravour
934 2519 97 49 und
1061 2519 276 58 Wahrheit,
1379 2520 107 50 dem
1516 2521 135 66 geläu-

108 2599 194 44 tertsten
345 2594 292 51 Geschmack
679 2596 97 50 und
819 2596 82 51 der
943 2598 319 50 denkbarsten
1290 2600 224 66 Eleganz.
1569 2600 108 50 Ihre

108 2670 318 52 Stimmmittel
457 2674 102 49 sind
586 2675 219 61 kolossal,
834 2678 65 48 sie
928 2678 83 50 hat
1037 2678 74 49 die
1140 2679 142 48 Höhe
1312 2679 125 49 eines
1468 2680 207 68 Soprans

108 2750 99 51 und
247 2750 74 51 die
362 2753 128 49 Tiefe
532 2754 126 49 eines
689 2755 318 52 Contra-Alts.
1061 2758 100 49 Das
1190 2756 489 52 Theater-Orchester

106 2830 163 69 spielte
311 2830 74 51 die
415 2833 301 50 Ouvertüren
744 2853 56 32 zu
1122 2836 98 50 und
1261 2854 105 32 zum
1409 2839 235 57 „Sommer-

499 2913 46 49 in
575 2914 277 65 gewohnter
881 2923 188 43 exaeter
1096 2916 181 51 Weise.

226 2991 53 47 In
302 2991 351 51 Wieniawski's
673 2994 213 51 zweitem
912 2995 228 51 Concerte
1168 2996 161 66 spielte
1359 2994 213 53 derselbe
1602 2996 74 51 ein

117 3064 97 54 Air
241 3066 135 54 varie
391 3087 89 33 von
501 3073 326 68 Vieuxtemps,
856 3074 73 49 ein
956 3074 187 68 Adagio
1172 3074 81 51 des
1282 3083 154 42 ersten
1464 3094 88 33 von
1580 3076 96 50 ihm

109 3149 324 66 eomponirten
465 3151 250 50 Concertes
744 3154 96 49 und
870 3155 101 48 eine
1001 3153 248 52 Polonaise
1277 3155 58 51 de
1366 3155 206 62 Concert,
1604 3173 48 32 so-

108 3225 125 51 dann
263 3229 265 65 Paganini's
1012 3228 79 52 Di
1218 3229 125 51 tanti
1355 3230 184 70 palpiti,
1540 3235 136 50 Fräul.

106 3306 326 51 Hartmann
473 3325 119 51 sang
631 3309 74 49 die
743 3328 161 48 grosse
932 3311 114 50 Arie
1077 3329 82 33 aus
1190 3313 213 67 Figaro's
1432 3314 244 60 Hochzeit,

108 3384 96 49 und
233 3386 129 49 Herr
390 3386 214 61 Simon,
655 3405 142 32 unser
839 3390 228 50 beliebter
1094 3391 271 59 Baritonist,
1408 3409 118 50 sang
1575 3393 101 49 eine

105 3464 116 52 Arie
251 3482 84 33 aus
363 3466 314 51 Marschner's
706 3470 234 65 Templer.
976 3470 144 50 Beide
1149 3471 287 68 Leistungen
1464 3471 185 51 verdien-

105 3550 80 43 ten
214 3543 91 50 den
334 3545 141 51 ihnen
505 3546 316 66 gewordenen
851 3549 177 49 Beifall.
1058 3551 99 49 Das
1188 3551 489 50 Theater-Orchester

108 3623 92 68 gab
230 3625 114 48 zwei
368 3625 229 50 herrliche
621 3628 316 58 Ouvertüren,
967 3628 74 49 die
1061 3647 106 31 zum
1192 3630 360 67 Wasserträger
1580 3630 96 50 und

105 3720 84 33 zur
211 3703 205 50 schönen
437 3705 245 60 Melusine,
712 3705 144 51 deren
877 3708 347 66 schwungvolle
1247 3708 311 68 Aufführung
1587 3709 90 49 mir

108 3781 82 52 das
232 3785 137 48 Beste
411 3802 106 31 vom
560 3785 199 50 Abende
801 3786 172 50 schien.
1027 3788 137 48 Auch
1204 3788 128 49 Herr
1359 3790 43 48 J.
1440 3789 235 60 Ascher,

105 3860 222 53 Pianiste
355 3863 56 50 de
438 3861 71 54 Sa
536 3861 207 70 Majeste
783 3863 352 71 l'lmperatriee
1175 3865 81 51 des
1282 3865 262 66 Frangais,
1575 3885 101 33 war

104 3941 105 51 hier
239 3943 95 49 und
363 3944 160 67 spielte
551 3944 47 49 in
627 3944 173 51 seinem
834 3945 229 50 Concerte
1106 3945 102 50 eine
1237 3963 89 33 von
1355 3948 98 48 ihm
1483 3965 160 50 compo-

105 4020 121 52 nirte
425 4020 250 53 Fantaisie
976 4039 85 34 sur
1197 4024 47 51 la
1362 4023 253 63 Traviata,
1036 4025 133 50 einen

106 4100 103 50 eine
415 4100 264 66 Mazurka,
1042 4104 148 51 danse
1411 4104 57 51 de
1599 4104 95 67 Pay
1288 4105 96 51 und
1517 4106 128 52 wahr-

105 4179 249 53 scheinlich
396 4184 66 49 als
734 4202 81 31 zur
858 4184 427 67 cherbourg'schen
1314 4184 255 53 Kindtaufe

1769 289 75 49 ein
2038 283 219 64 Morceau,
2258 284 94 53 famos
2401 286 141 52 allein
2603 284 153 53 durch
2805 288 161 50 seinen
3010 288 175 69 langen
3237 290 119 52 Titel

1825 366 76 62 „A
1985 365 373 55 lliance-Chants
2573 364 485 75 nationauxanglo-franyais
3005 411 10 10 .
3151 371 176 52 Ausser-

1766 449 106 51 dem
1911 449 163 67 spielte
2110 446 86 51 der
2232 448 272 52 fruchtbare
2544 449 276 68 Componist
2856 451 122 50 noch
3019 454 76 49 ein
3124 451 232 54 Andante

1794 531 47 49 et
1937 528 187 68 Allegro
2392 524 174 54 martiale
2521 529 72 67 pour^
2594 545 433 35 eux
3274 533 77 52 bei

1768 609 227 49 welchem
2042 606 72 51 die
2145 606 237 51 Pianisten
2413 610 239 59 Rummel,
2693 609 207 70 Ludwig
2942 613 97 50 und
3068 615 156 50 Pallat
3266 614 84 51 ihn

1761 693 353 47 unterstützten.
2171 690 101 48 Das
2302 688 144 68 klang
2879 693 164 61 schön,
3086 694 260 52 besonders

1763 768 59 50 da
1851 768 74 50 die
1954 766 169 51 beiden
2152 768 168 67 Flügel
2348 785 52 33 so
2431 769 203 51 herrlich
3093 775 105 50 Viel
3227 776 90 50 Lär-

1761 865 109 33 men
1900 865 80 32 um
2288 848 92 49 Ein
2408 849 204 68 hiesiger
2640 850 264 51 Recensent
2932 862 106 59 sagt
3066 855 129 50 nicht
3229 855 115 52 übel

1760 945 90 32 von
1891 929 161 48 Herrn
2094 926 216 50 Ascher's
2353 929 151 66 Spiel:
2579 930 187 57 „Heute
2808 930 198 52 Abends
3055 935 160 51 schien
3257 935 87 51 der

1764 1008 330 66 Compositeur
2116 1006 127 50 nicht
2267 1006 73 50 bei
2363 1015 139 60 guter
2523 1010 164 48 Laune
2715 1028 57 30 zu
2801 1011 117 59 sein,
2949 1014 393 51 wahrscheinlich

1761 1088 311 67 Einwirkung
2104 1086 84 50 der
2216 1086 317 54 verstimmten

1879 1193 122 50 Eine
2028 1192 127 51 Mad.
2184 1193 296 67 Borghese
2584 1197 234 49 natürlich
2850 1215 89 31 von
2969 1199 132 51 Paris
3223 1220 118 50 sang

1761 1273 83 48 mit
1870 1273 270 48 verlorener
2168 1272 195 51 Stimme
2406 1273 74 50 ein
2508 1272 97 53 Air
2631 1276 59 50 de
2718 1276 48 50 la
2794 1274 145 54 Nina
2966 1296 89 33 von
3086 1282 253 58 Donizetti,

1759 1352 103 49 eine
2070 1352 241 51 Romance
2536 1349 80 70 dramatique,
2617 1354 95 51 der
2713 1373 129 32 nur
2843 1356 80 52 das

1759 1432 157 59 fehlte,
1957 1450 85 31 aus
2079 1431 95 50 Les
2203 1431 130 66 filles
2367 1432 57 51 de
2465 1434 200 61 marbre,
2711 1434 144 52 deren
2885 1438 335 69 Compositeur
3256 1442 84 52 das

1760 1513 281 66 Programm
2075 1511 281 52 bescheiden
2385 1513 298 69 verschwieg.

1876 1618 124 51 Mlle.
2029 1618 534 54 Etterlin—diesmal
2593 1621 116 51 aber
2730 1640 88 33 von
2839 1624 149 53 Wien
2998 1657 85 30 —,
3109 1629 227 52 Pianistin

1756 1697 97 51 und
2030 1696 186 53 Artiste
2453 1715 58 33 en
2630 1696 207 66 Cithare,
2431 1707 111 61 trug
2585 1702 86 50 auf
2706 1701 107 51 dem
3107 1707 225 52 Concert-

1754 1778 315 50 Instrumente
2089 1778 102 50 eine
2701 1777 252 52 Fantaisie
2503 1781 96 50 und
3313 1819 19 8 -

1779 1855 281 53 trichiennes
2071 1875 99 42 vor,
2213 1859 179 50 welche
2422 1859 152 52 indess
2602 1862 121 50 noch
2754 1861 110 52 dem
2894 1864 246 52 Publicum
3171 1866 164 53 besser

1755 1939 217 67 gefielen,
2015 1939 66 49 als
2126 1939 111 50 alles
2264 1939 207 52 Andere.
2522 1941 183 51 Ascher
2735 1942 80 51 hat
2845 1944 101 50 hier
2975 1946 73 50 ein
3077 1947 128 51 Blatt
3247 1966 87 33 aus

1752 2019 176 49 seinem
2405 2021 302 51 —verloren.
2738 2024 136 48 Auch
2907 2025 103 49 eine
3034 2026 124 51 Mad.
3189 2029 106 50 Leo-

1755 2115 124 32 now
1892 2115 42 41 a,
2198 2100 84 47 Ire
2403 2096 269 52 Cantatrice
2974 2099 57 50 de
3116 2099 49 50 la
3147 2099 93 52 Cour
3241 2106 51 67 gab
3293 2109 63 49 ein

1759 2176 217 60 Concert,
2018 2177 46 49 in
2095 2177 228 50 welchem
2362 2179 65 49 sie
2467 2179 103 49 eine
2598 2181 174 66 Menge
2801 2184 258 50 russischer
3086 2186 219 51 National-

1755 2255 147 51 lieder
1923 2273 129 49 sang.
2077 2257 63 49 So
2163 2256 121 51 hiess
2307 2274 47 33 es
2377 2259 87 48 auf
2480 2257 105 51 dem
2612 2261 311 66 Programm;

1752 2333 338 67 Matouschka,
2112 2335 367 70 goloubousehka
2507 2336 142 67 (mein
2679 2340 314 62 Mütterchen,
3024 2344 125 50 mein
3173 2346 127 51 Täub-

1754 2415 137 70 chen)
1923 2416 96 50 und
2048 2416 200 51 wieder:
2701 2416 528 57 Douschctschkadevitza

1752 2492 209 73 village),
1991 2492 211 71 musique
2230 2496 58 50 de
2314 2495 401 72 DargomischJcy,
2759 2500 96 52 und
2892 2500 96 53 Air
3012 2502 60 50 de
3097 2497 201 77 Margue-

1769 2574 90 52 rite
1999 2575 59 51 de
2168 2575 171 62 Faust,
2569 2574 212 69 musique
3029 2576 58 50 de
3205 2575 151 54 Glinka
2693 2577 97 54 und

1765 2655 156 62 schou,
2163 2671 59 35 ne
2312 2654 102 54 hotschou
2415 2654 113 68 (nicht
2529 2657 258 60 Holzschuh,
2836 2660 304 70 Holzschuh).
3198 2664 129 53 Mad.

1750 2735 241 49 Leonowa
2020 2734 82 50 hat
2130 2734 102 50 eine
2262 2735 133 49 recht
2422 2735 174 51 schöne
2626 2736 222 60 Stimme;
2881 2740 138 49 allein
3049 2741 85 50 wir
3163 2742 163 52 finden

1752 2812 145 51 deren
1947 2814 101 49 eine
2098 2814 173 67 Menge
2324 2821 140 43 unter
2512 2833 203 33 unseren
2765 2816 254 52 deutschen
3067 2821 260 67 singenden

1754 2894 204 49 Frauen.
2013 2892 118 51 Jede
2171 2894 176 50 Nation
2389 2911 109 51 mag
2542 2896 121 50 auch
2702 2896 164 67 singen
2897 2897 44 50 in
2972 2900 127 49 ihrer
3126 2902 172 50 Mutter-

1755 2974 195 66 sprache
1968 2991 10 40 ;
2023 2974 137 49 allein
2203 2974 81 50 das
2328 2975 228 49 russische
2585 2975 148 51 Idiom
2765 2977 55 49 ist
2848 2979 226 53 wahrlich
3106 2981 104 50 kein
3242 3000 54 48 ge-

1754 3052 205 66 eignetes
1990 3052 80 49 für
2099 3052 90 50 den
2225 3052 265 66 gebildeten
2523 3056 201 65 Gesang.
2773 3056 120 50 Eine
2935 3059 228 50 russische
3207 3062 87 49 Sän-

1752 3130 149 66 gerin,
1945 3130 182 49 kommt
2155 3131 63 48 sie
2246 3149 56 30 zu
2333 3149 101 42 uns,
2485 3149 51 33 so
2579 3149 111 51 mag
2730 3134 65 48 sie
2824 3135 264 51 Italiänisch
3133 3137 114 52 oder
3278 3140 47 51 in

1752 3226 193 33 unserer
1975 3210 208 66 Sprache
2225 3211 180 66 singen,
2450 3228 77 33 am
2555 3211 136 50 Ende
2733 3214 122 49 noch
2894 3214 46 49 in
2972 3215 348 57 französischer.

1751 3290 126 57 Nun,
1924 3289 100 48 ihre
2053 3289 172 49 Lieder
2267 3306 161 33 waren
2470 3290 124 49 wohl
2638 3309 91 32 nur
2771 3292 101 51 eine
2914 3295 406 54 landsmännische

1749 3370 321 65 Begrüssung,
2108 3385 121 50 resp.
2259 3367 269 69 Einladung
2568 3386 58 33 an
2658 3371 100 50 ihre
2786 3372 285 52 Landsleute
3102 3374 219 68 (nämlich

1751 3447 31 50 2
1815 3447 69 52 Fl,
1917 3447 79 49 für
2027 3446 81 51 das
2140 3447 203 50 Concert
2370 3447 128 51 nicht
2526 3450 300 65 anzusehen),
2857 3452 178 52 welche
3066 3454 124 50 denn
3220 3455 74 52 die-

1747 3544 76 33 ser
1850 3532 156 46 zarten
2037 3526 272 67 Einladung
2338 3526 264 52 bedeutend
2635 3530 149 66 Folge
2814 3531 216 67 gegeben
3059 3532 178 54 hatten.

1865 3633 143 49 Dann
2032 3634 307 51 concertirten
2368 3635 121 50 noch
2518 3635 47 50 in
2588 3637 295 52 besonderen
2908 3642 263 53 Concerten
3194 3647 128 50 Mlle.

1747 3711 202 51 Melanie
1978 3713 218 59 Etterlin,
2747 3711 208 55 Virtuose
3217 3732 57 33 en
2813 3720 126 50 Mlle.
2966 3723 98 49 Jos.
3092 3724 230 60 Comana,

1747 3791 64 50 M.
1845 3791 202 61 Greebe,
2351 3791 326 66 Violinistehollandais,
2678 3798 208 52 Nathalie
2917 3802 207 52 Frassini
3157 3804 136 67 (Esch-

1750 3868 159 69 born),
1938 3871 124 51 Mad.
2093 3873 259 58 Marcolini,
2381 3871 222 53 Premier
2618 3874 140 69 Sujet
2777 3878 59 49 de
2864 3878 294 54 l'Aeademie
3175 3882 114 69 impe-

1764 3949 120 53 riale
2056 3951 57 51 de
2224 3950 207 69 musique
2693 3953 60 49 de
2862 3951 207 65 France,
2561 3957 126 49 Mlle.
2721 3958 323 63 Caussemille,
3080 3963 236 56 Pianistin,

1750 4030 90 50 Mr.
1867 4031 273 60 Colossanti,
2169 4031 220 51 Virtuose
2419 4033 85 49 auf
2527 4033 107 52 dem
2660 4037 275 67 Ophikleid,
2963 4042 87 47 Mr.
3074 4042 240 56 Levassor,

1750 4109 84 52 der
1863 4115 180 64 grösste
2074 4109 56 70 (?)
2160 4113 347 51 Possenreisser
2533 4132 91 33 von
2646 4118 305 58 Frankreich,
2980 4120 106 49 Mss.
3115 4118 202 51 Lionnet

1738 4189 182 67 freres,
1968 4190 123 51 Mlle.
2121 4191 158 51 Emmi
2309 4190 57 54 de
2394 4194 214 62 Moscou,
2655 4198 125 51 Mlle.
2809 4197 157 50 Judith
2996 4197 136 61 Lion,
