3510 4460
1691 146 107 53 307

126 294 175 52 andere
341 294 213 52 Accorde
605 294 134 51 einen
784 312 115 49 ganz
943 299 471 62 entgegengesetzten
1454 292 242 53 Eindruck

122 376 215 51 machen.
394 378 183 48 Ferner
605 375 195 67 gewisse
831 373 216 52 Accorde
1089 375 167 58 lassen,
1307 392 136 33 wenn
1484 392 109 33 man
1628 375 64 50 sie

120 456 246 51 vereinzelt
394 456 124 59 hört,
563 454 82 52 das
677 454 207 52 Gemüth
925 454 47 48 in
1001 454 130 51 einer
1160 454 228 68 gewissen
1416 455 245 50 schwelen-

120 535 90 51 den
239 536 278 68 Spannung,
548 535 96 50 und
673 535 74 50 die
772 533 309 69 Beruhigung
1104 543 189 59 erzeugt
1314 535 95 50 sich
1433 553 90 32 nur
1543 535 149 50 durch

120 615 72 52 die
221 616 150 66 Folge
400 615 124 50 eines
553 614 208 51 anderen
790 613 210 50 Accords
1030 616 85 49 auf
1145 615 90 51 den
1264 623 166 43 ersten.
1487 615 120 51 Was
1636 615 57 50 ist

118 695 83 51 das
231 695 110 51 alles
372 695 168 51 anders
571 696 66 49 als
666 695 104 48 eine
799 693 150 50 Reihe
979 712 89 33 von
1099 696 179 66 Folgen
1319 695 125 50 eines
1475 696 216 49 Gesetzes

117 773 87 52 der
226 774 447 51 Ton-Verhältnisse
704 773 96 50 und
827 773 130 50 ihrer
981 775 331 69 Beziehungen
1341 775 86 51 auf
1449 774 242 58 einander,

117 854 202 51 welches
355 854 47 49 in
441 854 83 49 der
554 851 344 52 menschlichen
926 854 153 49 Natur
1108 856 127 66 liegt,
1278 854 96 51 und
1406 854 164 49 dessen
1601 854 86 49 wir

121 952 86 33 uns
238 952 84 33 aus
352 934 192 51 Instinct
573 934 208 49 bewusst
808 933 220 53 werden?

238 1015 63 48 Es
332 1014 56 49 ist
417 1015 95 48 also
544 1013 343 61 einleuchtend,
924 1014 102 51 dass
1057 1015 74 50 die
1160 1014 294 51 Functionen
1486 1013 80 50 des
1599 1014 60 49 Ge-

118 1093 267 50 hörssinnes
416 1094 124 48 nicht
569 1091 90 51 den
684 1093 290 50 Functionen
1005 1094 79 51 des
1114 1096 211 50 Geruchs
1355 1093 115 50 oder
1494 1093 80 49 des
1598 1094 61 48 Ge-

120 1173 242 49 schmacks
386 1171 150 68 gleich
559 1190 55 31 zu
638 1174 159 49 stellen
818 1173 123 58 sind;
972 1174 122 49 denn
1124 1174 125 49 diese
1279 1175 220 48 letzteren
1529 1189 134 33 erzeu-

120 1269 90 50 gen
252 1251 76 50 bei
364 1250 158 67 jedem
563 1251 241 51 Eindruck
845 1253 103 49 eine
992 1254 214 51 einfache
1250 1253 93 49 und
1386 1251 303 68 vollständige

120 1330 282 61 Thatsache,
431 1331 74 51 die
534 1349 87 33 von
651 1333 113 49 aller
792 1333 270 68 Beziehung
1091 1333 306 67 unabhängig
1425 1333 70 49 ist.
1527 1331 162 51 Wenn

118 1410 84 51 der
231 1411 235 51 Verstand
508 1411 74 51 die
621 1413 325 68 Empfindung
990 1414 124 49 eines
1159 1414 212 49 Geruchs
1413 1413 82 48 mit
1537 1411 151 51 einem

117 1490 210 52 anderen
355 1493 268 66 vergleicht,
652 1510 51 32 so
732 1494 56 49 ist
816 1493 125 50 diese
972 1494 261 67 Operation
1265 1491 305 68 unabhängig
1599 1509 89 33 von

122 1570 108 52 dem
259 1573 326 66 angenehmen
615 1571 114 51 oder
757 1574 395 66 unangenehmen
1193 1573 223 58 Gefühle,
1447 1571 81 50 das
1552 1570 136 67 jeder

118 1667 89 34 von
238 1649 157 52 diesen
425 1651 168 50 beiden
624 1653 250 49 Gerüchen
917 1670 59 32 an
1013 1653 97 49 und
1150 1653 81 48 für
1259 1653 95 49 sich
1386 1650 114 69 gibt.
1551 1649 137 52 Eben

117 1747 51 34 so
198 1730 180 50 verhält
404 1748 47 32 es
479 1731 95 50 sich
605 1731 84 50 mit
723 1730 107 51 dem
861 1731 337 52 Geschmacke.

239 1810 113 51 Wir
380 1811 170 50 wollen
581 1829 95 31 nun
712 1811 160 60 sehen,
915 1811 61 50 ob
1020 1811 135 50 mehr
1184 1811 232 66 Analogie
1458 1809 229 51 zwischen

117 1888 92 52 den
238 1890 293 51 Functionen
567 1890 81 51 des
679 1891 182 51 Gehörs
901 1891 96 50 und
1037 1891 150 51 denen
1231 1890 80 51 des
1343 1891 209 50 Gesichts
1592 1889 95 51 und

118 1966 82 52 des
230 1970 201 50 Gefühls
461 1970 197 50 besteht.
700 1971 99 50 Das
828 1970 140 67 Auge
1000 1970 221 66 übergibt
1249 1970 106 50 dem
1388 1970 177 50 Gehirn
1592 1969 71 49 Bil-

120 2048 100 61 der,
251 2049 73 49 die
355 2057 108 44 stets
496 2050 94 50 und
619 2050 305 69 nothwendig
953 2051 272 68 vollständig
1255 2050 130 59 sind;
1429 2067 48 33 es
1513 2050 56 48 ist
1604 2049 83 48 der

117 2129 153 49 Maler
299 2129 81 49 des
412 2129 190 51 Geistes.
657 2130 140 50 Jedes
827 2131 309 67 empfangene
1167 2130 102 50 Bild
1303 2130 84 50 hat
1414 2129 147 49 durch
1590 2128 97 49 sich

117 2208 144 49 selbst
289 2209 102 49 eine
419 2209 300 67 Bedeutung,
750 2209 73 51 die
852 2210 88 50 wir
968 2210 66 50 als
1058 2210 167 66 gewiss
1250 2208 95 50 und
1368 2208 211 50 wirklich
1604 2206 55 51 be-

116 2288 213 50 trachten
348 2307 12 39 ;
403 2305 48 33 es
494 2289 160 67 bringt
698 2289 302 51 unmittelbar
1042 2290 136 50 einen
1216 2289 327 67 angenehmen
1574 2288 114 49 oder

118 2366 393 68 unangenehmen
543 2368 241 49 Eindruck
826 2369 187 60 hervor,
1056 2369 122 49 ohne
1221 2368 104 49 dass
1354 2366 330 51 Erkenntniss-

117 2446 97 50 und
262 2448 502 67 Gefühls-Vermögen
821 2455 145 44 etwas
1021 2448 350 67 hinzuzufügen
1427 2446 257 51 brauchen.

117 2525 165 50 Durch
313 2525 124 51 diese
465 2526 159 50 Bilder
652 2528 99 49 tritt
778 2526 250 68 allerdings
1058 2528 73 48 die
1160 2526 251 50 Phantasie
1441 2526 45 49 in
1519 2525 132 51 Wirk-

117 2606 222 50 samkeit:
383 2608 64 48 sie
487 2606 125 50 kann
642 2608 63 49 sie
736 2606 176 51 wieder
940 2624 248 50 erzeugen,
1232 2606 308 58 modificiren,
1583 2622 75 33 ver-

116 2685 249 61 schönern,
390 2686 66 68 ja,
485 2686 336 68 componiren;
852 2686 116 51 aber
988 2686 207 50 schaffen
1218 2686 126 50 kann
1367 2686 63 49 sie
1454 2685 64 50 sie
1542 2685 139 50 nicht.

235 2765 92 50 Die
355 2766 270 50 Eindrücke
654 2766 79 50 des
757 2766 200 50 Gefühls
979 2766 204 50 nehmen
1204 2784 90 31 nur
1317 2765 125 51 dann
1463 2764 74 51 die
1561 2764 93 49 Thä-

117 2844 165 67 tigkeit
310 2844 80 49 des
419 2845 286 50 Verstandes
734 2845 47 50 in
809 2845 270 69 Anspruch,
1122 2863 138 32 wenn
1297 2844 81 51 das
1404 2844 177 49 Gefühl
1612 2843 74 49 die

120 2924 141 51 Stelle
303 2924 80 51 des
414 2925 211 51 Gesichts
661 2925 195 60 vertritt,
899 2943 80 32 um
1010 2926 208 50 Formen
1261 2925 96 50 und
1386 2924 273 51 Maass-Ver-

122 3003 217 50 hältnisse
369 3024 53 31 zu
455 3005 255 66 begreifen.
759 3005 82 50 Bei
872 3005 157 50 seinen
1060 3005 308 66 eigentlichen
1396 3004 292 49 Functionen

121 3081 132 60 aber,
284 3102 35 30 z.
343 3085 52 47 B.
428 3083 146 51 durch
607 3084 73 50 die
709 3084 325 67 Empfindung
1062 3102 88 33 von
1167 3084 136 50 Kälte
1333 3083 115 51 oder
1471 3083 217 57 Wärme,

121 3177 88 33 von
239 3161 273 51 Weichheit
541 3163 116 49 oder
685 3165 164 59 Härte,
893 3172 191 59 erzeugt
1122 3180 47 34 es
1199 3163 225 51 ebenfalls
1452 3161 210 50 unmittel-

120 3239 89 51 bar
237 3241 293 66 angenehme
573 3241 116 50 oder
731 3243 362 66 unangenehme
1122 3243 272 49 Eindrücke
1437 3241 123 50 ohne
1601 3240 88 51 alle

118 3319 319 69 Vermittlung
466 3320 80 50 des
574 3320 299 51 Verstandes.

239 3400 206 50 Hieraus
475 3400 172 50 ersieht
676 3418 127 42 man,
852 3400 106 51 dass
996 3400 231 50 zwischen
1269 3399 90 51 den
1395 3399 293 51 Functionen

122 3476 80 52 des
234 3479 183 49 Gehörs
446 3478 95 50 und
582 3479 151 49 denen
776 3479 84 49 der
889 3479 200 67 übrigen
1119 3479 142 49 Sinne
1292 3479 135 49 keine
1456 3479 231 66 Analogie

121 3558 202 57 besteht,
353 3559 106 49 dass
488 3575 108 33 man
625 3559 92 49 den
746 3559 242 49 Eindruck
1019 3559 82 51 der
1129 3559 325 67 Empfindung
1485 3559 79 49 des
1595 3560 63 48 To-

121 3653 81 34 nes
230 3638 127 49 nicht
386 3638 83 49 mit
498 3636 294 69 demjenigen
833 3638 296 66 vergleichen
1169 3638 142 59 kann,
1362 3638 89 50 den
1482 3636 205 60 Geruch,

122 3716 309 61 Geschmack,
455 3718 189 49 Gesicht
667 3716 95 51 und
792 3718 175 49 Gefühl
999 3719 210 50 machen.
1241 3719 142 50 Diese
1406 3718 170 67 geben,
1598 3716 90 50 wie

122 3804 181 61 gesagt,
344 3796 304 51 unmittelbar
690 3796 293 68 angenehme
1024 3798 116 48 oder
1176 3799 360 66 unangenehme
1574 3796 85 50 Ein-

122 3876 195 60 drücke,
347 3876 72 50 die
442 3893 90 33 nur
554 3875 119 51 nach
699 3876 104 50 dem
830 3875 157 51 Grade
1016 3875 84 50 der
1122 3878 241 48 Intensität
1390 3875 298 51 verschieden

120 3956 127 59 sind;
298 3956 95 51 und
435 3956 72 51 die
538 3956 363 68 Vorstellungen
944 3955 147 51 durch
1127 3955 82 51 das
1240 3958 189 48 Gesicht
1468 3956 97 49 und
1607 3955 81 50 das

122 4036 178 50 Gefühl
329 4036 158 53 haben
516 4035 269 52 ausserdem
814 4036 121 50 noch
979 4036 102 50 eine
1119 4039 187 47 äussere
1335 4034 352 61 Wirklichkeit,

125 4114 225 52 während
380 4116 84 50 der
491 4116 174 68 Klang,
708 4114 82 51 der
832 4115 69 50 ins
931 4115 106 51 Ohr
1066 4114 173 67 dringt,
1283 4115 74 48 ein
1385 4115 200 50 Factum
1613 4114 74 60 ist,

122 4194 201 52 welches
352 4195 125 52 bloss
506 4196 75 51 die
610 4194 432 55 Aufmerksamkeit
1070 4202 174 59 erregt,
1293 4194 123 52 ohne
1446 4193 211 68 angeneh-

1775 310 96 33 mes
1902 293 116 50 oder
2049 293 386 68 unangenehmes
2460 291 179 52 Gefühl
2669 309 55 32 zu
2756 306 250 51 erzeugen.
3039 286 136 52 Aber
3199 286 168 51 sobald

1769 374 187 67 Klänge
1999 390 88 33 von
2125 374 354 49 verschiedener
2510 371 250 60 Tonhöhe,
2802 369 364 52 verschiedener
3199 369 166 49 Dauer

1768 453 117 52 oder
1914 454 137 51 Kraft
2081 454 86 51 auf
2190 453 225 50 einander
2445 454 170 67 folgen,
2646 451 117 51 oder
2784 450 169 52 sobald
2977 450 222 51 mehrere
3226 449 133 51 Töne

1767 534 211 66 zugleich
2009 534 263 67 erklingen,
2322 550 49 33 so
2416 531 287 69 bemächtigt
2742 531 98 51 sich
2872 531 87 50 auf
2982 529 87 52 der
3098 529 145 51 Stelle
3274 526 87 51 der

1768 613 235 52 Verstand
2034 614 83 49 der
2145 614 153 49 Sache
2331 613 95 49 und
2457 613 110 50 fasst
2595 613 74 49 die
2693 611 335 68 Beziehungen
3052 610 140 67 jener
3224 609 135 49 Töne

1767 694 94 58 auf,
1893 694 96 49 und
2020 694 82 51 das
2131 695 179 50 Gefühl
2356 693 120 50 wird
2520 693 243 50 entweder
2806 693 148 49 durch
2986 691 76 50 die
3093 689 265 52 Schönheit

1767 771 248 52 derselben
2053 773 115 50 oder
2209 774 150 49 durch
2403 773 92 49 den
2525 773 188 66 Mangel
2746 773 128 49 ihrer
2907 769 450 68 Gesetzmässigkeit

1767 853 262 67 aufgeregt.
2059 855 109 48 Nun
2199 854 211 49 erwacht
2437 853 74 49 die
2537 851 270 69 Thätigkeit
2836 851 85 51 der
2949 850 276 60 Phantasie,
3258 849 99 51 und

1766 931 64 50 sie
1872 934 168 48 schafft
2069 933 273 58 Tonbilder,
2392 952 53 30 zu
2492 933 152 49 denen
2689 933 108 49 kein
2839 935 217 46 äusserer
3099 930 258 50 sinnlicher

1772 1013 236 49 Eindruck
2039 1014 72 48 ihr
2140 1013 74 50 die
2243 1014 180 49 Muster
2453 1014 100 66 gibt
2584 1013 96 49 und
2711 1011 146 51 deren
2882 1013 160 66 Typus
3071 1010 65 51 sie
3165 1028 93 33 nur
3287 1011 65 49 im

1768 1093 169 48 Innern
1968 1091 83 51 der
2086 1094 133 48 Seele
2249 1091 159 51 findet.
2462 1093 162 49 Daher
2655 1091 137 50 rührt
2824 1090 83 51 der
2937 1108 118 49 ganz
3086 1089 267 51 besondere

1768 1171 263 51 Charakter
2054 1173 84 49 der
2161 1174 153 48 Kunst
2337 1171 83 51 der
2443 1171 273 60 Tonbilder,
2741 1171 42 51 d.
2807 1171 44 50 h.
2884 1170 86 51 der
2990 1170 174 59 Musik,
3196 1169 156 52 daher

1766 1251 72 49 ihr
1867 1251 226 54 erhöhter
2122 1254 140 66 Rang
2299 1251 121 51 über
2462 1251 72 51 die
2564 1251 207 51 anderen
2803 1253 184 48 Künste
3018 1250 66 50 als
3114 1249 205 51 Offenba-

1766 1349 122 50 rung
1918 1330 84 51 der
2031 1331 166 68 geistig
2227 1331 373 66 schöpferischen
2624 1331 140 51 Kraft
2787 1331 80 50 des
2891 1329 277 60 Menschen,
3198 1328 151 50 daher

1764 1410 182 51 endlich
1990 1410 83 52 das
2116 1410 382 51 Absolut-Ideale
2543 1411 62 50 im
2652 1410 207 69 Begriffe
2905 1410 81 51 des
3037 1409 221 51 Schönen
3301 1409 47 49 in

1763 1490 92 51 den
1884 1491 345 68 Erzeugnissen
2258 1491 153 50 dieser
2440 1491 165 50 Kunst.

2360 1568 208 69 (Schluss
2597 1568 145 69 folgt.)

2124 1824 199 60 Johann
2364 1824 226 60 Theodor
2627 1823 272 59 Mosewius

2939 1829 46 57 f.

1880 1974 90 50 Die
2002 1973 245 51 Tonkunst
2289 1974 82 51 hat
2406 1973 147 51 durch
2599 1971 91 51 den
2727 1977 354 44 unerwarteten
3112 1970 103 50 Tod
3263 1969 80 51 des

1762 2054 82 50 Dr.
1876 2053 307 49 Mosewius
2213 2054 136 48 einen
2380 2069 195 51 grossen
2600 2051 189 51 Verlust
2817 2050 208 57 erlitten;
3058 2049 125 51 denn
3215 2049 128 51 nicht

1763 2151 89 30 nur
1894 2131 74 50 die
2011 2131 301 51 schaffenden
2342 2131 189 51 Meister
2573 2130 103 50 sind
2718 2130 74 48 die
2822 2131 191 47 Stützen
3056 2128 85 50 der
3169 2130 174 57 Kunst,

1762 2211 202 50 sondern
1994 2213 120 49 auch
2144 2211 263 68 diejenigen
2430 2213 213 57 Männer,
2672 2210 181 51 welche
2877 2209 85 49 mit
2990 2208 349 68 gründlichster

1761 2290 364 51 Sachkenntniss
2154 2290 90 50 den
2276 2291 130 50 Geist
2434 2290 82 50 der
2547 2290 335 66 Schöpfungen
2912 2305 117 49 ganz
3060 2286 252 51 durchdrin-

1762 2389 108 49 gen,
1899 2372 47 49 in
1974 2372 95 49 sich
2101 2372 302 59 aufnehmen,
2436 2370 93 50 und
2553 2370 149 50 durch
2726 2369 104 49 eine
2853 2368 372 49 Persönlichkeit
3253 2369 89 49 voll

1762 2449 267 51 Charakter
2056 2449 96 50 und
2183 2450 228 50 Geschick
2455 2449 217 67 befähigt
2712 2446 118 60 sind,
2876 2446 158 51 diesen
3066 2446 130 50 Geist
3230 2453 110 43 stets

1759 2528 177 51 wieder
1964 2528 219 67 lebendig
2211 2547 56 30 zu
2298 2529 211 50 machen.
2540 2529 89 48 Ein
2661 2528 183 49 solcher
2872 2526 147 49 Mann
3050 2542 101 35 war
3178 2526 128 51 Mose-

1759 2608 134 59 wius,
1917 2609 45 48 in
1985 2609 214 57 Breslau,
2223 2608 107 49 dem
2354 2609 268 66 Hauptorte
2644 2606 152 50 seiner
2817 2605 328 67 langjährigen
3168 2605 136 51 Wirk-

1758 2689 215 60 samkeit,
2004 2688 84 49 der
2116 2688 302 67 Mittelpunkt
2448 2688 83 49 der
2561 2685 359 68 Bestrebungen
2947 2703 85 32 zur
3061 2685 247 66 Fortpflan-

1759 2786 121 48 zung
1912 2766 78 50 des
2022 2766 353 51 musicalischen
2403 2766 165 50 Sinnes
2599 2766 81 50 für
2709 2764 74 51 die
2813 2772 153 41 ernste
2989 2763 241 68 Richtung
3253 2764 86 49 der

1762 2848 263 56 Tonkunst,
2063 2846 89 50 wie
2195 2846 63 50 sie
2295 2846 94 50 sich
2432 2864 91 32 von
2552 2845 91 51 den
2672 2846 177 49 älteren
2877 2843 320 50 italiänischen
3230 2844 86 48 liir-

1763 2926 480 68 chen-Componisten
2274 2943 58 33 an
2363 2926 147 50 durch
2540 2925 74 51 die
2637 2942 192 51 grossen
2853 2923 254 50 deutschen
3130 2924 208 60 Meister,

1764 3005 74 51 die
1879 3007 82 48 mit
1998 3008 42 48 J.
2072 3007 45 49 S.
2148 3007 129 49 Bach
2322 3005 250 68 beginnen,
2617 3003 266 52 entwickelt
2923 3003 95 49 hat.
3078 3001 165 51 Liebte
3286 3020 52 32 er

1764 3085 118 50 doch
1913 3085 128 50 Bach
2070 3102 50 33 so
2150 3085 125 59 sehr,
2318 3084 104 51 dass
2462 3102 109 32 man
2600 3084 95 50 ihm
2727 3083 124 48 diese
2881 3081 146 50 Liebe
3056 3098 141 49 sogar
3225 3099 107 32 zum

1763 3164 230 50 Vorwurf
2016 3164 218 66 gemacht
2262 3164 97 58 hat,
2403 3165 88 47 wie
2530 3180 48 32 es
2622 3163 83 48 mit
2741 3179 50 32 so
2822 3160 225 50 mancher
3075 3160 147 50 Liebe
3253 3178 54 49 ge-

1762 3243 193 59 schieht,
1998 3243 144 49 deren
2171 3244 143 48 Ernst
2354 3241 95 53 und
2484 3240 447 52 Unwandelbarkeit
2959 3239 92 51 den
3079 3241 256 49 Menschen

1763 3321 338 68 unbegreiflich
2130 3321 69 50 ist.
2229 3323 65 48 Es
2323 3323 57 48 ist
2408 3321 83 50 mit
2512 3320 253 51 Mosewius
2796 3320 102 50 eine
2926 3337 89 31 von
3037 3320 142 66 jenen
3211 3319 98 49 kräf-

1762 3403 126 66 tigen
1915 3401 385 68 Einseitigkeiten
2342 3421 57 30 zu
2430 3401 160 50 Grabe
2632 3418 264 51 gegangen,
2940 3399 144 49 deren
3112 3399 193 49 Erschei-

1761 3498 129 50 nung
1937 3479 98 51 und
2076 3480 438 51 charakteristische
2556 3479 345 53 Wirksamkeit
2942 3476 72 51 die
3057 3478 275 66 gepriesene

1761 3560 326 52 LTniversalität
2107 3578 197 33 unserer
2326 3561 204 67 Bildung
2553 3561 124 49 nicht
2707 3559 134 49 mehr
2871 3556 309 51 aufkommen
3211 3559 122 49 lässt.

1880 3639 91 51 Die
1999 3640 258 51 Nachricht
2283 3658 88 32 von
2399 3640 176 50 seinem
2606 3638 130 49 Tode
2778 3636 96 50 traf
2910 3653 86 33 uns
3039 3636 103 49 hier
3170 3655 82 31 um
3282 3655 52 32 so

1762 3727 344 45 unerwarteter
2135 3720 97 50 und
2260 3719 370 58 schmerzlicher,
2681 3719 65 48 als
2785 3718 86 48 wir
2907 3716 122 50 noch
3069 3733 83 34 vor
3189 3716 145 51 kaum

1762 3798 100 51 drei
1893 3800 223 51 Wochen
2145 3799 89 51 den
2262 3799 225 66 rüstigen,
2517 3804 267 52 munteren,
2815 3795 397 69 lebenskräftigen
3235 3798 74 48 Sie-

1763 3878 221 68 benziger
2012 3879 85 51 auf
2120 3879 72 50 ein
2222 3896 116 49 paar
2368 3880 26 46 l
2410 3896 87 49 äge
2542 3876 73 50 bei
2656 3893 86 33 uns
2771 3876 166 51 hatten
2975 3876 97 50 und
3111 3876 83 50 mit
3234 3876 98 49 ihm

1763 3959 136 48 einen
1929 3958 83 49 der
2040 3958 244 49 schönsten
2316 3955 403 51 Sommerabende
2763 3956 63 51 im
2859 3956 179 50 Garten
3065 3973 86 32 von
3182 3954 148 48 Belle-

1763 4039 104 48 Vue
1907 4038 45 49 in
1988 4040 150 47 Deutz
2181 4036 46 49 in
2270 4035 226 51 heiterem
2547 4035 97 51 und
2680 4036 353 50 interessantem
3066 4031 262 68 Gespräche

1763 4118 70 51 bis
1862 4118 46 49 in
1937 4118 71 49 die
2030 4116 155 51 Nacht
2213 4115 160 51 hinein
2399 4116 304 53 zubrachten.
2735 4116 105 51 Von
2869 4116 101 49 hier
2991 4114 109 66 ging
3128 4128 51 33 er
3208 4109 120 51 über

1761 4199 137 50 Bonn
1937 4195 95 51 und
2077 4195 203 51 Coblenz
2321 4195 47 51 in
2397 4196 282 68 Begleitung
2721 4196 150 51 seiner
2900 4191 155 52 Gattin
3092 4189 123 53 nach
3243 4189 85 52 der
