3441 4368
1658 207 104 48 248

315 367 94 46 Das
436 360 302 66 abgebrannte
759 356 194 48 Theater
978 369 97 31 war
1101 355 59 45 im
1181 351 138 48 Jahre
1347 346 137 51 18*28
1508 345 165 48 binnen

206 442 108 47 zehn
342 441 204 47 Monaten
576 435 157 47 erbaut
761 431 197 48 worden.
1006 431 60 46 Es
1093 427 154 50 wurde
1274 426 85 46 den
1394 423 78 47 19.
1500 422 172 46 Januar

212 516 136 48 1829
378 514 77 46 mit
480 512 78 46 der
585 510 294 61 Aufführung
906 524 84 30 von
1018 505 210 63 Spohr's
1267 498 215 50 Jessonda
1521 496 123 62 einge-

205 592 145 47 weiht.
379 590 81 45 Die
488 590 123 44 letzte
640 586 285 60 Vorstellung
953 581 124 48 darin
1108 578 101 50 fand
1237 594 69 31 am
1331 574 84 47 27.
1444 573 89 47 Mai
1562 571 42 47 d.
1630 571 40 45 J.

202 668 139 53 Statt;
370 663 75 49 das
461 662 151 56 Stück,
642 661 188 48 welches
850 658 118 47 diese
990 658 124 45 letzte
1133 652 285 61 Vorstellung
1440 646 232 54 beendete,

204 757 96 32 war
327 740 68 47 die
423 756 113 31 neue
564 737 301 61 Bearbeitung
892 750 82 30 von
1001 729 263 50 Kotzebue's
1305 726 110 55 „Die
1443 721 199 64 Unglück-

386 853 11 17 ,
424 814 140 47 worin
581 811 204 63 Bogumil
800 808 247 48 Dawison's
1067 802 296 51 meisterhafte
1385 798 285 60 Darstellung

202 891 79 49 der
306 891 93 47 drei
427 887 338 49 verschiedenen
794 884 273 49 Charaktere
1103 881 85 47 den
1216 878 128 47 Kreis
1372 875 142 47 seiner
1543 873 104 47 Gast-

201 968 140 47 rollen
367 964 237 49 abschloss.

311 1043 113 46 Dass
471 1041 119 47 Köln
630 1038 69 48 ein
743 1053 151 38 neues,
945 1034 79 47 der
1068 1028 275 52 rheinischen
1385 1023 287 66 Hauptstadt,

201 1118 118 47 ihrer
339 1118 191 62 jetzigen
551 1114 309 62 Bevölkerung
888 1110 89 49 und
1000 1110 115 46 ihres
1138 1105 187 65 jetzigen
1350 1099 323 51 Wohlstandes

200 1193 222 63 würdiges
449 1193 193 46 Theater
662 1189 154 53 erhält,
845 1185 109 49 wird
982 1184 118 48 nicht
1126 1182 76 47 das
1231 1179 165 63 einzige
1421 1178 116 45 Gute
1565 1175 109 55 sein,

202 1269 78 48 das
306 1284 79 33 aus
409 1268 79 48 der
513 1265 300 61 Vernichtung
836 1263 74 47 des
930 1262 116 47 alten
1070 1255 279 65 hervorgeht.
1381 1254 105 48 Wir
1508 1251 166 58 hoffen,

204 1345 99 49 dass
342 1344 117 48 diese
485 1340 296 64 Katastrophe
821 1338 127 47 einen
976 1331 326 66 Wendepunkt
1327 1331 45 46 in
1400 1329 80 47 der
1507 1329 140 46 Kunst-

201 1420 249 52 geschichte
477 1419 151 53 Kölns,
667 1432 47 30 so
748 1414 103 47 weit
886 1413 60 45 sie
986 1411 70 47 die
1096 1406 295 51 dramatische
1420 1406 146 45 Kunst
1590 1403 52 46 be-

202 1469 25 15 o

198 1496 124 56 trifft,
350 1494 146 48 bilden
522 1491 164 55 werde,
725 1489 98 47 dass
859 1488 79 47 mit
977 1486 100 49 dem
1105 1483 179 49 Brande
1320 1481 76 47 des
1438 1480 117 47 alten
1585 1480 60 46 Ge-

198 1571 167 49 bäudes
403 1570 112 47 auch
549 1568 69 47 die
645 1565 180 48 Fesseln
858 1563 190 66 gefallen
1089 1560 96 48 sind
1223 1557 92 50 und
1352 1556 120 48 nicht
1507 1554 166 49 wieder

200 1664 77 32 aus
310 1646 98 47 dem
437 1645 155 48 Schutt
626 1643 79 47 der
732 1639 366 64 Vergangenheit
1132 1634 315 64 hervorgeholt
1474 1631 198 55 werden,

201 1723 67 48 die
290 1721 127 65 jeder
444 1716 588 64 Theater-Unternehmung
1058 1715 43 47 in
1128 1712 118 47 Köln
1282 1710 151 48 bisher
1467 1707 210 64 angelegt

198 1799 197 48 wurden.

308 1875 92 46 Für
426 1872 70 47 die
522 1870 240 49 materielle
785 1866 258 62 Grundlage
1071 1865 117 47 eines
1208 1860 244 49 Neubaues
1474 1857 95 48 sind
1599 1856 51 48 be-

197 1951 103 47 reits
346 1946 335 51 entscheidende
719 1945 92 48 und
852 1942 263 50 erfreuliche
1162 1938 193 49 Schritte
1407 1935 267 66 geschehen.

198 2027 112 46 Eine
344 2041 97 32 vom
470 2025 151 46 Herrn
647 2017 505 66 Ober-Bürgermeister
1180 2016 169 61 Stupp
1388 2008 289 68 eingeladene

197 2100 542 66 Bürger-Versammlung
769 2098 75 46 hat
870 2096 69 47 ein
969 2093 172 49 Comite
1169 2091 207 63 gewählt,
1413 2088 69 47 die
1523 2087 144 47 Sache

200 2196 54 29 zu
281 2176 241 49 betreiben.
555 2176 85 46 Die
670 2172 251 50 Geldmittel
931 2170 149 48 —auf
1106 2165 232 58 150,000
1368 2165 123 46 Thlr.
1519 2178 130 31 veran-

200 2255 167 63 schlagt
474 2251 178 48 werden
691 2248 206 49 reichlich
927 2247 187 53 lliessen,
1150 2243 57 47 da
1233 2242 135 47 schon
1397 2257 78 31 vor
1501 2238 176 62 einigen

198 2330 167 47 Jahren
405 2325 276 49 bedeutende
720 2325 315 60 Zeichnungen
1082 2337 55 31 zu
1189 2316 257 49 demselben
1485 2313 189 48 Zwecke

200 2406 114 47 Statt
342 2402 217 66 gefunden
588 2401 160 48 haben.
800 2402 97 44 Der
925 2397 231 48 Beschluss
1184 2393 76 48 des
1289 2392 209 48 Comite's
1524 2391 45 45 in
1597 2388 78 48 der

201 2482 179 62 Sitzung
405 2496 98 32 vom
532 2478 84 47 28.
647 2477 138 48 dieses
813 2477 177 47 Monats
1025 2474 55 47 ist
1104 2473 44 46 in
1174 2473 151 61 Bezug
1353 2471 72 45 aul
1454 2468 70 47 die
1552 2468 125 61 Lage

202 2556 75 49 des
301 2572 144 33 neuen
473 2556 212 47 Theaters
719 2552 267 62 einstimmig
1023 2549 133 49 dahin
1197 2546 287 64 ausgefallen,
1527 2558 46 32 es
1601 2542 80 48 auf

204 2632 97 49 dem
329 2631 355 55 Neumarkte,
712 2629 99 47 dem
842 2631 200 61 grössten
1070 2626 148 45 Platze
1246 2622 79 48 der
1354 2620 142 55 Stadt,
1524 2636 55 29 zu
1607 2634 45 31 er-

202 2709 186 55 richten,
501 2707 68 47 ein
597 2706 247 54 Beschluss,
888 2703 78 47 der
993 2702 91 48 sich
1123 2700 79 47 der
1228 2697 336 66 allgemeinsten
1590 2695 59 46 Zu-

207 2786 237 61 stimmung
469 2801 52 29 zu
550 2783 202 48 erfreuen
781 2782 89 45 hat.

361 3058 226 50 Tages-
617 3055 132 43 und
779 3046 724 54 Unterhaltungs-Blatt.

288 3155 257 45 Dingeiste
557 3154 45 33 dt
639 3154 63 33 hat
742 3152 64 34 das
842 3148 355 47 Shakespeare'sche
1625 3147 56 34 als

211 3217 233 44 Gegenstück
477 3226 83 22 zum
1105 3210 59 33 für
1208 3207 57 33 die
1305 3207 129 33 Bühne
1477 3205 204 36 bearbeitet

211 3276 74 33 und
310 3287 66 22 zur
399 3273 204 44 Eröffnung
641 3273 61 33 der
736 3271 176 33 nächsten
941 3270 129 33 Saison
1104 3269 38 32 in
1168 3267 162 34 Weimar
1355 3264 203 37 bestimmt.
1609 3266 70 34 Die

211 3336 126 35 hierzu,
364 3332 256 37 erforderliche
645 3330 127 35 Musik
799 3330 64 33 hat
890 3329 56 35 Fr.
974 3340 35 23 v.
1038 3328 144 34 Flotow
1209 3327 160 43 besorgt,

291 3472 271 45 Capellmeister
597 3466 228 38 Tschirch
863 3468 39 32 in
945 3466 95 34 Gera
1081 3464 155 36 arbeitet
1275 3477 47 23 an
1362 3466 98 33 einer
1493 3464 188 44 lyrischen

220 3531 111 45 Oper:
374 3532 169 42 „Meister
567 3530 138 33 Martin
743 3527 75 35 und
854 3527 98 34 seine
1228 3525 96 34 Text
1361 3524 97 34 nach
1498 3523 42 39 E.
1567 3523 43 35 T.
1636 3522 45 34 A.

222 3589 223 35 Hoffmann's
469 3589 199 34 bekannter
694 3586 164 36 Novelle.

292 3726 299 36 Concertmeister
617 3726 167 44 Singer
811 3724 63 34 hat
902 3722 79 35 sich
1007 3733 59 23 am
1093 3719 33 37 2.
1153 3720 84 33 Juli
1262 3720 67 32 mit
1355 3717 176 35 Fräulein
1557 3716 94 35 Mar-

216 3789 93 34 tini
335 3789 37 32 in
397 3786 161 34 Weimar
583 3785 179 34 vermählt
786 3783 75 34 und
887 3784 50 33 ist
964 3779 239 37 unmittelbar
1230 3779 149 34 hierauf
1399 3779 38 33 in
1461 3777 57 34 die
1546 3777 114 34 rheini-

216 3847 113 36 schen
354 3845 119 35 Bäder
499 3843 203 46 abgereis't,
729 3854 53 22 wo
811 3854 38 22 er
877 3853 47 22 zu
950 3840 190 35 mehreren
1165 3838 199 35 Concerten
1395 3838 37 33 in
1460 3835 224 36 Wiesbaden

217 3907 77 35 und
318 3904 206 44 Homburg,
554 3903 121 44 später
701 3902 37 32 in
762 3901 157 43 Aachen,
946 3901 168 34 erwartet
1140 3897 103 35 wird.

293 4044 230 43 Gevaertj
553 4038 63 35 der
641 4038 182 35 bekannte
847 4037 189 45 belgische
1058 4037 223 46 Componist,
1311 4036 63 36 der
1399 4037 37 33 in
1464 4036 105 34 Paris
1597 4033 89 44 lebt,

219 4104 63 35 hat
308 4114 71 25 von
407 4101 63 36 der
496 4097 275 39 französischen
790 4097 208 45 Regierung
1025 4097 68 35 den
1112 4098 156 44 Auftrag
1295 4096 176 44 erhalten,
1500 4094 57 35 die
1585 4093 81 34 Frie-

1746 340 104 34 dens-
1876 338 76 35 und
1976 336 275 45 Fest-Cantate,
2293 334 59 36 die
2389 346 59 23 am
2487 333 60 38 15.
2585 334 151 46 August
2774 334 38 34 in
2853 333 64 36 der
2954 344 153 36 grossen
3135 334 99 49 Oper

1744 397 215 46 aufgeführt
1984 396 146 34 werden
2157 395 82 44 soll,
2257 406 47 22 zu
2332 395 247 44 componiren.

1818 536 74 33 Der
1919 533 187 34 Moniteur
2133 531 162 35 schreibt
2325 533 109 31 unter
2462 529 80 34 dem
2571 529 58 37 28.
2660 531 35 36 d.
2721 532 113 35 Mts.:
2881 531 94 43 „Ein
2999 530 202 46 beklagens-

1741 592 158 34 wertes
1926 592 177 45 Unglück
2142 592 64 35 hat
2241 591 110 34 heute
2393 590 105 33 einen
2540 588 63 35 der
2637 591 369 44 ausgezeichnetsten
3033 590 198 42 Künstler,

1741 651 70 35 den
1839 651 141 45 Sänger
2007 651 169 45 Roger,
2202 648 191 36 betroffen.
2434 649 50 33 Er
2505 648 106 44 jagte
2636 649 52 33 im
2714 649 99 34 Park
2841 651 119 33 seines
2989 649 245 35 Landhauses

1739 712 40 32 in
1804 711 151 34 Viiliers
1984 721 46 23 an
2061 710 63 35 der
2142 710 129 33 Marne
2300 708 63 34 des
2383 708 173 44 Morgens
2584 718 64 23 um
2677 707 20 34 7
2727 708 90 42 Uhr,
2846 709 122 34 stellte
2997 709 100 33 seine
3114 707 124 34 Flinte

1743 781 47 23 an
1818 771 80 33 eine
1923 769 140 43 Hecke,
2091 768 190 45 überstieg
2309 767 99 34 diese
2435 765 77 35 und
2538 766 114 33 fasste
2681 765 98 34 dann
2808 767 65 34 das
2894 768 157 34 Gewehr
3076 768 69 33 mit
3172 766 64 35 der

1740 828 150 34 rechten
1916 827 111 34 Hand
2053 827 60 34 bei
2148 826 63 35 der
2237 825 208 44 Mündung,
2490 835 63 23 um
2593 835 38 22 es
2675 825 288 36 nachzuziehen.
3018 825 42 35 In
3101 825 138 36 diesem

1741 887 259 45 Augenblicke
2027 886 90 45 geht
2143 896 39 23 es
2209 884 67 44 los,
2304 884 78 33 und
2411 883 58 34 die
2491 882 127 45 Kugel
2637 883 281 34 zerschmettert
2944 883 77 35 ihm
3049 884 70 35 den
3147 895 69 35 gan-

1742 957 67 23 zen
1836 945 233 36 Vorderarm.
2124 945 69 33 Die
2229 942 131 36 beiden
2401 942 70 34 auf
2506 941 62 34 der
2596 941 117 34 Stelle
2747 941 332 46 herbeigerufenen
3105 943 135 34 Aerzte

1743 1005 185 34 erklärten
1955 1004 59 34 die
2039 1004 245 44 Amputation
2323 1003 60 33 für
2410 1001 297 45 unumgänglich
2732 1001 142 45 nöthig,
2914 1001 77 34 und
3017 1012 65 23 um
3109 1000 22 36 3
3158 1001 81 35 Uhr

1742 1064 92 34 hielt
1858 1065 122 44 Roger
2007 1063 58 34 die
2093 1062 200 46 Operation
2330 1063 69 33 mit
2435 1072 149 35 grosser
2611 1060 274 35 Geistesstärke
2922 1071 81 24 aus.
3056 1060 85 35 Sein
3168 1061 45 35 Be-

1741 1122 123 35 finden
1889 1124 51 33 ist
1966 1133 40 24 so
2034 1125 81 42 gut,
2142 1122 55 34 als
2226 1133 39 23 es
2293 1121 57 35 die
2378 1121 205 34 Umstände

1794 1262 76 33 Der
1905 1259 37 37 k.
1981 1259 38 36 k.
2048 1257 356 46 Hof-Opernsänger
2443 1258 158 34 Anton
2638 1258 156 46 Forti,
2837 1258 97 34 einst
2975 1256 267 38 hochberühmt

1743 1319 54 35 als
1825 1319 204 35 Darsteller
2057 1318 64 35 des
2138 1319 85 34 Don
2241 1318 115 44 Juan,
2383 1320 61 43 ist,
2472 1317 47 37 69
2547 1317 117 36 Jahre
2692 1319 64 43 alt,
2785 1329 47 24 zu
2859 1318 140 34 Wien
3025 1319 39 33 in
3090 1318 148 44 voriger

1743 1379 140 34 Woche
1912 1378 210 46 gestorben.

1817 1518 77 33 Der
1919 1517 144 33 Pianist
2098 1516 148 34 Ernst
2281 1517 155 34 Pauer
2473 1518 39 34 in
2538 1517 153 35 London
2717 1517 51 35 ist
2794 1517 68 34 mit
2890 1516 64 36 der
2980 1516 256 47 Composition

1745 1578 98 33 einer
1883 1576 225 44 dreiactigen
2149 1576 219 34 komischen
2412 1576 118 46 Oper;
2572 1576 248 44 „Friedrich's
2865 1577 49 36 11.
2955 1576 250 35 Brautschau'
3212 1579 9 15 4
3227 1604 10 18 ,

1745 1636 97 33 Text
1867 1646 74 24 von
1968 1634 92 35 Karl
2087 1634 199 43 Gollmick,
2327 1634 96 35 nach
2459 1636 100 34 einer
2596 1635 299 47 gleichnamigen
2921 1636 219 45 Erzählung
3166 1646 74 25 von

1743 1695 155 43 Bacher,
1928 1693 239 46 beschäftigt.

1755 3468 2 32 ;
2209 3468 6 29 ;
3142 3470 97 16 JL—g»

1929 3546 106 31 Die
2062 3539 526 37 Miederrlteiiilsclse
2612 3534 450 40 Musik-Zeitung

1747 3615 193 35 erscheint
1956 3612 119 45 jeden
2102 3610 184 44 Samstag
2317 3609 43 33 in
2393 3608 129 34 einem
2550 3615 155 36 ganzen
2737 3603 136 44 Bogen
2911 3600 70 35 mit
3016 3599 242 46 zwanglosen

1750 3666 193 45 Beilagen.
2021 3664 79 33 Der
2114 3658 412 45 .Abonnementspreis
2535 3656 163 43 beträgt
2707 3655 66 32 für
2793 3654 71 33 das
2881 3650 195 45 Halbjahr
3104 3654 19 30 2
3142 3650 123 41 Thlr.,

1750 3718 62 33 bei
1833 3717 72 34 den
1931 3715 48 33 K.
1993 3724 153 35 preuss.
2159 3709 329 35 Post-Anstalten
2516 3711 19 31 2
2551 3706 113 35 Thlr.
2675 3706 23 33 5
2719 3704 88 45 Sgr.
2831 3704 95 33 Eine
2952 3701 277 35 einzelneNum-

1752 3779 77 23 mer
1856 3771 23 30 4
1906 3767 86 44 Sgr.
2016 3760 509 47 Einrückungs-Gebühren
2549 3769 69 34 per
2641 3755 208 36 Petitzeile
2873 3758 19 30 2
2922 3753 85 45 Sgr.

1800 3836 123 33 Briefe
1946 3833 81 35 und
2052 3831 285 45 Zusendungen
2363 3828 100 35 aller
2495 3826 76 36 Art
2593 3824 155 36 werden
2768 3829 116 30 unter
2913 3823 69 34 der
3004 3821 169 35 Adresse
3197 3821 68 34 der

1752 3889 50 34 M.
1827 3880 555 46 DuMont-Schauberg'schen
2404 3877 317 45 Buchhandlung
2749 3877 42 32 in
2816 3875 103 34 Köln
2944 3873 174 36 erbeten.

1856 3984 367 42 Verantwortlicher
2248 3981 298 48 Herausgeber:
2582 3979 108 37 Prof.
2716 3978 44 37 L.
2786 3974 179 41 BischofT
2985 3974 41 36 in
3054 3973 120 37 Köln.

1806 4040 206 47 Verleger:
2041 4037 53 37 M.
2124 4030 524 48 DuMoiit-Schauberg'sche
2677 4026 317 47 Buchhandlung
3020 4024 42 37 in
3094 4024 117 37 Köln.

1781 4090 190 39 Drucker:
1998 4087 56 40 M.
2083 4084 426 47 DuMont-Schauberg
2534 4083 42 36 in
2602 4081 123 44 Köln,
2749 4078 261 40 Breitstrasse
3036 4075 47 38 16
3113 4084 36 29 u.
3177 4075 61 37 78.

2196 1974 591 54 Ankündigungen.

1846 2120 54 34 Im
1933 2120 146 44 Verlage
2113 2131 68 23 von
2217 2120 41 36 L.
2294 2119 130 35 Holle
2464 2121 39 33 in
2537 2119 248 43 Wolfenbültel
2810 2118 82 34 sind
2918 2117 206 37 erschienen
3164 2119 76 34 und

1748 2171 114 34 durch
1889 2171 69 35 alle
1985 2171 125 34 Buch-
2136 2171 77 33 und
2238 2170 447 45 Musicalienhandlungen
2712 2182 45 21 zu
2784 2169 184 34 beziehen:

2079 2233 129 66 fF.
2263 2233 99 67 A.
3098 2234 151 65 Mo

1891 2323 63 48 15
2002 2322 364 48 Sinfonieen
2416 2323 96 47 für
2559 2322 105 48 das
2710 2321 391 58 Pianoforte,

2352 2396 186 44 arrangirt
2567 2406 69 23 von

2249 2455 60 35 F.
2337 2455 90 36 W,
2462 2453 275 37 Mai'Btiill.

2007 2514 63 36 Nr.
2098 2513 34 44 1,
2160 2514 231 45 zweihändig
2420 2516 21 34 5
2470 2514 94 47 Sgr.,
2593 2513 220 45 vierhändig
2840 2512 22 37 8
2891 2512 82 46 Sgl'.

1849 2571 229 37 Sämmtliche
2105 2575 46 33 15
2180 2574 210 44 Sinfonieen
2416 2574 140 34 werden
2582 2573 219 44 zweihändig
2831 2573 24 32 2
2861 2572 9 22 l
2873 2574 20 40 /
2894 2597 11 20 3
2940 2569 308 37 Thlrvierhän-

1749 2624 57 45 dig
1833 2623 24 34 3
1863 2622 11 22 2
1875 2622 16 50 /
1910 2622 18 50 s
1947 2622 85 50 Thlr.
2060 2625 120 35 kosten
2207 2625 75 33 und
2308 2626 39 32 in
2373 2625 147 34 rascher
2547 2625 106 44 Folge
2681 2624 214 36 erscheinen.

1850 2675 272 35 Subscribenten
2149 2676 158 34 erhalten
2334 2677 63 33 mit
2424 2677 62 33 der
2512 2676 123 34 letzten
2663 2674 175 35 Nummer
2876 2674 65 35 das
2968 2672 280 46 wohlgetroffene

1750 2726 161 35 Portrait
1938 2727 169 34 Mozart's
2131 2728 40 33 in
2198 2727 194 34 Stahlstich
2418 2728 55 33 als
2500 2726 161 37 Prämie.

1850 2849 43 34 In
1920 2850 149 34 meinem
2107 2849 141 46 Verlage
2274 2850 45 33 ist
2345 2862 37 21 so
2411 2849 82 34 eben
2521 2849 230 34 erschienen:

2117 2909 371 61 Stephen
2544 2909 325 49 Meiler.

2391 2980 99 69 ®l>.
2531 2975 79 61 93.

1926 3069 112 35 Deux
2064 3067 134 37 Valses
2226 3077 95 37 pour
2347 3066 35 35 le
2406 3068 126 34 Piano.
2584 3067 64 35 Nr.
2678 3064 33 46 1,
2742 3063 39 39 2.
2808 3064 24 36 k
2862 3063 50 38 22
2916 3063 10 23 1
2927 3063 21 44 /
2949 3087 14 24 2
2989 3063 91 47 Ngr.

1810 3128 231 42 Winlerthur,
2069 3126 80 36 Juli
2175 3125 112 37 1859.
2478 3125 57 36 J.
2564 3121 635 38 Rieter-Biedermann.

1798 3252 81 33 Alle
1899 3252 41 33 in
1968 3251 121 33 dieser
2108 3249 316 44 Musik-Zeitung
2446 3246 281 48 besprochenen
2758 3244 80 34 und
2862 3244 287 45 angekündigten
3174 3243 87 34 Mn-

1747 3303 150 33 sicalien
1917 3308 73 28 etc.
2011 3302 87 34 sind
2120 3313 48 21 zu
2189 3301 171 33 erhalten
2382 3301 41 32 in
2449 3299 68 33 der
2537 3304 92 28 stets
2648 3296 231 44 vollständig
2906 3296 219 34 assortirten
3141 3294 119 34 Musi-

1748 3353 340 45 calieti-Handlung
2117 3353 103 33 nebst
2251 3350 242 35 Leihanstalt
2526 3362 73 22 von
2638 3345 289 38 BERNHARD
2965 3345 212 35 BREUER
3214 3346 41 33 in

1751 3405 135 35 Köln.
1914 3404 242 35 Hochstrasse
2178 3404 70 33 Nr.
2271 3402 67 36 97.
