3452 4376
1681 200 109 50 226

198 352 212 62 beiläufig
430 355 173 59 gesagt,
633 346 148 51 neben
804 344 204 50 Joachim
1033 343 107 65 jetzt
1160 342 80 48 der
1265 343 142 48 Löwe
1428 341 80 48 der
1530 342 168 47 Season

199 432 70 55 ist,
311 430 73 47 hat
417 442 84 32 von
531 424 146 50 einem
707 423 269 48 berühmten
1007 422 152 47 Hause
1187 421 43 47 in
1261 418 209 66 England
1497 417 80 48 das
1605 418 62 47 An-

198 506 198 49 erbieten
419 517 82 33 von
527 501 70 49 60
616 501 63 48 Pf.
697 502 62 47 St.
785 501 73 45 für
875 498 104 64 jede
998 497 493 48 Concert-Production
1515 493 79 50 auf
1613 492 83 48 den

200 581 187 63 Flügeln
411 579 127 64 jenes
567 578 177 47 Hauses
772 576 57 45 im
861 573 457 64 Kensington-Palast
1347 572 219 54 erhalten,
1607 567 91 48 und

197 658 69 48 ein
296 656 219 48 londoner
537 652 390 61 Musik-Verleger
950 649 77 49 hat
1047 649 92 47 ihm
1163 648 86 50 den
1275 651 176 60 Antrag
1473 645 226 65 gemacht,

197 736 120 61 jenes
360 733 215 47 Honorar
613 747 52 31 zu
706 727 288 64 verdoppeln,
1037 742 131 32 wenn
1211 725 231 64 Thalberg
1479 722 219 67 jedesmal

197 809 250 65 diejenigen
476 807 166 48 Stücke
671 803 102 65 (von
801 804 145 47 seiner
976 800 325 68 Composition)
1343 800 167 65 spielen
1553 799 147 57 wolle,

198 887 169 48 welche
395 901 63 39 er,
489 883 80 47 der
597 882 233 62 Verleger,
871 879 93 48 ihm
993 879 300 47 vorschriebe.
1348 877 233 63 Thalberg
1623 875 78 47 hat

198 963 129 49 beide
367 962 202 61 Anträge
611 958 257 65 abgelehnt.
931 957 161 64 Einige
1135 955 295 50 französische
1473 953 108 57 und,
1621 952 80 48 mit

195 1037 263 50 Ausnahme
500 1035 80 49 der
621 1034 358 55 Oesterreicher,
1019 1033 72 47 die
1131 1032 245 48 deutschen
1418 1029 257 48 Pianoforte-

197 1118 142 47 bauer
365 1113 150 49 haben
544 1112 121 49 diese
693 1110 238 64 lebendige
959 1109 213 48 Reclame
1200 1106 296 50 verschmäht.

308 1190 87 49 Die
421 1192 111 63 Jury
562 1189 78 48 für
669 1188 305 48 musicalische
1002 1188 301 45 Instrumente
1343 1185 77 48 hat
1459 1183 138 49 schon
1628 1198 71 33 am

199 1268 47 49 7.
274 1268 103 48 Juni
407 1266 96 47 ihre
531 1266 128 46 letzte
687 1265 184 61 Sitzung
905 1263 43 47 in
979 1263 258 63 Beziehung
1266 1261 81 49 auf
1367 1260 74 48 die
1469 1259 205 63 wichtige-

193 1363 78 30 ren
302 1343 293 64 Erzeugnisse
638 1340 141 48 dieses
807 1341 205 64 Zweiges
1052 1339 82 48 der
1160 1336 512 64 Kunst-Gewerbthätig-

197 1423 88 47 keit
325 1420 231 64 gehalten;
602 1434 94 32 was
739 1418 114 48 noch
898 1416 80 49 der
1018 1415 328 65 Beurtheilung
1387 1414 134 65 übrig
1566 1413 137 55 blieb,

195 1513 155 34 waren
386 1494 315 65 Nebendinge,
744 1494 84 48 wie
861 1493 292 57 Accordions,
1195 1491 324 56 Concertino's,
1559 1490 119 65 Spiel-

197 1575 163 57 uhren,
388 1571 290 51 Musikdosen
710 1588 40 32 u.
779 1587 33 33 s.
843 1588 55 30 w.

307 1651 98 47 Der
439 1650 80 48 14.
547 1649 175 48 Artikel
762 1647 78 49 des
879 1646 297 65 allgemeinen
1206 1645 292 65 Reglements
1527 1645 77 47 für
1632 1642 71 50 die

194 1725 345 51 verschiedenen
566 1726 149 64 Jury's
757 1725 108 47 aller
895 1725 182 48 Classen
1117 1722 55 49 ist
1215 1722 75 49 für
1329 1721 71 48 die
1433 1721 270 65 diesjährige

195 1804 291 62 Ausstellung
506 1801 407 50 charakteristisch.
942 1801 193 48 Ersetzt
1159 1800 97 56 fest,
1295 1799 130 55 „dass
1453 1816 86 31 nur
1567 1799 134 48 Eine

195 1880 296 49 Denkmünze
528 1879 225 64 vergeben
791 1879 128 57 wird,
961 1877 170 49 welche
1159 1876 102 48 dem
1294 1876 263 48 Verdienste
1585 1875 118 48 ohne

198 1956 294 52 Unterschied
533 1956 78 48 des
645 1955 174 49 Grades
854 1955 234 49 desselben
1126 1954 112 48 oder
1276 1954 79 48 der
1397 1952 306 57 Nationalität,

197 2034 92 48 und
316 2034 119 48 ohne
466 2032 332 65 Vergleichung
826 2031 82 50 der
937 2031 248 48 Aussteller
1223 2037 130 41 unter
1380 2028 217 50 einander
1624 2045 51 32 zu-

194 2110 192 49 erkannt
415 2108 180 50 werden

301 2187 160 48 Dieser
490 2185 174 49 Artikel
694 2186 78 47 hat
800 2185 71 48 bei
905 2182 348 50 verschiedenen
1280 2185 148 63 Jury's
1456 2200 54 30 zu
1540 2183 163 64 langen

195 2265 346 62 Erörterungen
570 2261 336 63 Veranlassung
931 2260 233 66 gegeben;
1195 2261 85 47 alle
1308 2261 203 62 Anträge
1538 2276 53 31 zu
1620 2258 63 49 sei-

197 2356 82 32 ner
301 2338 310 64 Abänderung
632 2338 268 49 scheiterten
931 2354 54 31 an
1011 2336 80 48 der
1115 2336 245 65 Festigkeit
1388 2335 80 49 der
1492 2335 211 49 obersten

197 2415 652 66 Ausstellungs-Commission,
879 2415 168 47 welche
1075 2413 113 49 nach
1214 2413 385 65 wohlüberlegter
1621 2413 56 47 Be-

198 2495 194 63 rathung
431 2492 152 48 diesen
622 2492 190 56 Artikel,
856 2491 80 48 der
975 2492 145 47 einem
1163 2491 42 47 in
1247 2489 82 49 der
1367 2489 338 49 Grundansicht

195 2571 160 65 gewiss
397 2569 234 65 richtigen,
673 2569 242 64 gleichsam
960 2568 391 48 demokratischen
1381 2567 177 65 Princip
1606 2573 72 42 ent-

195 2648 183 64 spricht,
407 2647 63 48 als
498 2647 341 48 unumstösslich
871 2661 330 48 angenommen
1233 2644 137 49 hatte.
1412 2644 88 47 Die
1527 2644 150 49 Aristo-

198 2724 143 49 kratie
372 2723 90 48 und
491 2723 113 48 noch
636 2724 127 47 mehr
791 2723 71 48 die
884 2722 275 65 Legitimität
1187 2730 131 39 unter
1346 2721 85 48 den
1455 2721 218 48 Fabrican-

195 2807 94 50 ten,
317 2799 73 50 die
417 2799 82 50 auf
522 2799 69 49 die
623 2799 262 64 Privilegien
914 2816 164 47 ganzer
1106 2798 225 48 Nationen
1361 2797 93 48 und
1482 2798 113 48 alter
1624 2797 51 48 be-

194 2878 208 47 rühmter
429 2878 176 47 Namen
636 2877 179 63 pochte,
857 2877 77 47 hat
974 2876 90 47 sich
1103 2874 203 49 dadurch
1350 2874 242 65 allerdings
1623 2891 52 48 ge-

193 2962 169 43 stossen
391 2954 194 65 gefühlt,
614 2956 130 47 allein
768 2954 58 47 im
852 2953 218 64 richtigen
1092 2954 112 47 Tact
1226 2953 75 47 für
1323 2953 88 48 den
1437 2953 267 48 Fortschritt

195 3031 92 49 und
316 3032 75 47 für
417 3032 72 47 ihr
517 3032 179 62 eigenes
724 3032 222 45 Interesse
975 3029 149 48 haben
1148 3046 45 30 es
1216 3028 115 49 doch
1353 3029 44 47 in
1422 3029 114 48 allen
1557 3029 117 47 Zwei-

195 3124 87 50 gen
324 3107 90 48 und
456 3108 270 48 namentlich
769 3108 59 47 im
868 3107 446 54 Instrumentenbau,
1361 3122 84 32 von
1475 3105 102 49 dem
1609 3107 96 47 hier

193 3185 325 64 vorzugsweise
546 3184 70 47 die
645 3184 124 48 Rede
797 3184 70 56 ist,
908 3184 115 48 auch
1066 3183 72 48 die
1167 3187 207 61 grössten
1411 3183 179 47 Häuser
1629 3184 76 46 für

191 3262 211 64 geeignet
424 3260 227 65 gehalten,
675 3260 70 49 die
768 3262 288 63 Ausstellung
1077 3278 49 29 zu
1154 3259 282 50 beschicken.
1468 3260 100 47 Den
1594 3259 84 48 klei-

193 3356 136 33 neren
359 3339 112 48 oder
498 3338 271 65 wenigstens
811 3339 121 47 nicht
971 3354 47 32 so
1060 3356 84 31 von
1183 3338 202 48 wirklich
1427 3337 276 48 verdientem

191 3415 111 50 oder
322 3415 286 65 gemachtem
635 3414 115 48 Rufe
776 3414 294 48 umstrahlten
1088 3414 311 48 Industriellen
1422 3414 55 48 ist
1498 3413 205 49 dadurch

191 3493 72 48 die
288 3493 292 65 Möglichkeit
607 3492 226 66 gegeben,
876 3492 44 49 in
950 3492 69 47 die
1051 3492 140 48 Ueihe
1219 3492 81 48 der
1336 3492 143 48 durch
1524 3495 181 45 äussere

195 3570 301 49 Verhältnisse
534 3570 89 47 und
652 3569 298 65 glänzendere
979 3569 140 47 Mittel
1152 3569 299 65 bevorzugten
1482 3569 197 48 einzutre-

193 3657 90 45 ten,
312 3664 93 32 was
425 3648 135 47 ihnen
584 3646 70 49 bei
677 3646 80 49 der
781 3646 151 50 bisher
956 3645 225 50 beliebten
1202 3645 503 65 Classen-Eintheilung

195 3740 83 33 von
307 3742 108 31 vorn
445 3724 155 48 herein
630 3723 223 66 geradezu
885 3730 234 57 untersagt
1148 3738 109 33 war.

310 3801 146 49 F£tis
492 3808 102 57 sagt
630 3801 44 47 in
702 3800 151 48 seinen
885 3800 236 48 Berichten
1150 3799 61 65 (in
1240 3799 82 48 der
1350 3799 170 65 pariser

208 3880 44 62 6f
351 3876 110 51 Gaz.
564 3876 89 68 mm.)
654 3878 80 49 über
735 3878 43 48 die
809 3878 383 63 Verhandlungen
1224 3876 80 47 der
1340 3876 77 50 16.
1444 3878 151 48 Classe
1624 3878 81 48 der

197 3955 111 64 Jury
337 3954 94 63 (für
459 3954 308 49 musicaiische
793 3953 340 64 Instrumente),
1162 3953 100 48 dass
1294 3970 101 31 man
1425 3953 87 49 den
1543 3955 135 47 Piano-

199 4031 150 49 forte's
390 4047 82 33 von
511 4031 304 56 Broadwood,
859 4031 141 49 Henri
1041 4033 119 47 Herz
1205 4030 90 50 und
1327 4030 148 66 Pleyel
1503 4030 42 50 &
1578 4033 133 48 Wolf

195 4107 271 67 einstimmig
492 4107 86 50 den
607 4116 147 42 ersten
783 4110 132 64 Rang
956 4114 132 43 unter
1127 4109 117 49 allen
1285 4109 316 65 ausgestellten
1630 4127 50 31 zu-

1773 336 194 49 erkannt
1994 336 130 49 habe.
2175 334 301 52 Unmittelbar
2504 333 114 48 nach
2648 332 137 51 ihnen
2817 338 152 43 wären
3001 332 167 49 andere
3198 334 60 46 Fa-

1774 413 231 48 bricanten
2035 413 291 65 gekommen,
2368 410 139 49 deren
2540 409 296 64 Erzeugnisse
2865 409 92 47 sich
2989 408 142 48 durch
3176 408 86 48 ein-

1771 491 154 46 zelne
1966 489 284 64 vorzügliche
2279 485 350 66 Eigenschaften
2659 485 359 56 auszeichneten,
3059 483 234 49 entweder

1770 564 144 50 durch
1939 567 222 62 mächtige
2187 565 280 64 Klangfülle,
2495 562 111 49 oder
2627 562 143 48 durch
2797 562 239 48 brillanten
3060 560 91 49 und
3173 577 87 48 sym-

1773 643 261 65 pathischen
2060 644 115 55 Ton,
2204 642 111 48 oder
2336 640 143 49 durch
2509 639 203 48 einfache
2742 638 94 49 und
2865 639 160 48 leichte
3049 638 241 48 Mechanik

1774 737 40 30 u.
1845 734 33 32 s.
1908 734 56 32 w.
1995 720 63 46 Er
2085 719 159 62 schlug
2273 717 143 48 daher
2447 717 77 47 mit
2554 715 90 47 vier
2673 715 199 47 anderen
2894 713 287 66 Mitgliedern
3211 713 82 48 der

1770 797 128 63 Jury,
1928 795 86 49 den
2044 797 178 47 Herren
2253 794 287 65 Lissajous
2569 808 80 33 aus
2678 791 144 56 Paris,
2852 793 53 48 G.
2937 791 247 65 Ouseley
3211 807 81 33 aus

1773 872 208 57 London,
2023 873 53 47 E.
2112 873 179 47 Pauer
2333 887 80 31 aus
2458 869 138 49 Wien
2639 868 92 48 und
2773 868 397 64 Schiedmayer
3211 883 81 33 aus

1774 950 226 62 Stuttgart
2029 949 154 63 (selbst
2212 946 248 50 Fabricant
2490 944 90 49 und
2610 944 285 65 Aussteller),
2926 960 94 40 vor,
3063 945 70 47 die
3163 960 101 49 gros-

1773 1042 77 31 sen
1895 1026 194 54 Häuser,
2132 1024 171 48 welche
2345 1023 143 48 durch
2533 1021 285 49 bedeutende
2861 1021 270 65 Capitalien,
3186 1037 77 31 aus-

1775 1103 297 48 nahmsweise
2095 1101 249 49 treffliches
2366 1100 224 56 Material,
2616 1100 132 64 lange
2772 1099 281 65 Erfahrung,
3077 1098 215 48 vielfache

1776 1179 232 48 Versuche
2049 1178 92 48 und
2180 1175 433 51 immerwährendes
2643 1175 264 50 Aufsuchen
2949 1174 77 51 des
3057 1174 207 49 Vollkom-

1776 1273 214 32 meneren
2013 1273 45 32 es
2081 1255 136 48 dahin
2241 1254 221 65 gebracht
2485 1253 166 58 haben,
2667 1254 129 48 ihren
2813 1254 335 48 Instrumenten
3171 1251 123 48 nicht

1775 1349 86 32 nur
1889 1333 99 48 eine
2019 1330 356 51 unwandelbare
2404 1329 222 56 Solidität,
2662 1329 255 64 mächtigen
2946 1330 169 63 Klang,
3144 1327 122 65 regel-

1775 1410 154 48 rechte
1982 1409 258 56 Mechanik,
2293 1407 197 50 sondern
2543 1406 116 48 auch
2716 1406 403 65 ausgezeichneten
3173 1407 117 54 Ton,

1778 1486 251 50 Gleichheit
2057 1486 43 48 in
2129 1486 115 48 allen
2274 1486 205 48 Octaven
2522 1484 91 48 und
2650 1482 130 50 einen
2809 1484 249 64 Anschlag,
3098 1482 82 49 der
3208 1482 85 49 alle

1775 1564 219 48 Nuancen
2023 1561 76 50 des
2129 1560 265 51 Ausdrucks
2423 1559 294 64 ermögliche,
2758 1576 52 31 zu
2841 1560 129 63 eigen
2999 1576 52 31 zu
3083 1559 209 55 machen,

1774 1640 121 48 diese
1921 1641 181 47 Häuser
2131 1640 63 48 als
2225 1639 301 48 Fabricanten
2555 1637 112 49 aller
2695 1637 142 49 Arten
2867 1653 83 33 von
2982 1636 177 48 Piano's
3189 1651 78 33 aus-

1774 1733 72 33 ser
1874 1717 101 47 dem
2008 1716 201 48 Concurs
2249 1733 53 30 zu
2342 1715 172 47 stellen.
2571 1714 230 48 Hiernach
2842 1714 150 48 könne
3030 1729 105 33 man
3172 1711 120 50 dann

1775 1795 116 48 auch
1915 1794 267 64 denjenigen
2202 1792 319 57 Fabricanten,
2545 1791 188 56 welche,
2754 1791 120 48 ohne
2895 1790 247 49 denselben
3167 1790 125 47 Grad

1775 1870 81 51 der
1886 1870 431 56 Vollkommenheit,
2347 1868 83 49 wie
2453 1868 123 64 jene,
2611 1885 52 29 zu
2693 1867 254 57 erreichen,
2988 1866 275 65 Ausgezeich-

1776 1956 140 47 netes,
1958 1947 116 48 auch
2115 1947 45 47 in
2190 1945 437 64 Berücksichtigung
2655 1943 79 49 des
2762 1945 175 47 Preises
2978 1943 93 49 und
3101 1945 76 45 für
3205 1942 88 48 den

1776 2025 346 64 gewöhnlichen
2175 2022 366 67 Hausgebrauch
2590 2021 227 65 geeignet,
2871 2021 203 65 geleistet
3124 2021 170 53 hätten,

1776 2101 143 49 durch
1952 2101 280 63 Verleihung
2259 2100 83 48 der
2368 2100 211 48 Medaille
2607 2098 188 65 gerecht
2823 2098 202 56 werden,
3053 2097 139 48 deren
3223 2096 71 48 die

1776 2195 186 48 grossen
1992 2180 179 45 Häuser
2198 2177 127 47 nicht
2348 2176 258 56 bedürften,
2648 2175 58 48 da
2747 2175 70 47 die
2850 2175 162 48 Blüthe
3051 2175 121 47 ihres
3203 2175 60 47 Ge-

1776 2256 193 48 schäftes
1997 2255 122 48 nicht
2147 2270 84 32 von
2262 2253 81 49 der
2369 2252 211 50 Medaille
2608 2251 231 64 abhängig
2870 2255 136 44 wäre.

1895 2332 158 47 Dieser
2077 2329 252 65 Vorschlag
2352 2328 158 48 wurde
2532 2327 166 66 jedoch
2728 2326 254 50 verworfen
3011 2326 93 48 und
3133 2327 162 63 gewiss

1779 2409 79 47 mit
1884 2408 159 48 Recht.
2074 2408 144 47 Käme
2248 2407 69 48 ein
2347 2406 174 48 solches
2545 2404 251 49 Verfahren
2825 2404 93 55 auf,
2946 2420 50 31 so
3020 2402 160 49 würde
3201 2401 94 49 dies

1776 2486 210 49 offenbar
2014 2486 79 48 das
2122 2484 178 65 Princip
2342 2483 121 48 einer
2494 2482 292 63 Ausstellung
2814 2481 260 64 überhaupt
3104 2479 91 50 und
3224 2479 71 49 die

1775 2580 141 48 ganze
1943 2561 428 64 Zweckmässigkeit
2399 2558 238 50 derselben
2681 2558 77 48 für
2797 2557 87 48 den
2914 2557 272 49 Fortschritt
3214 2556 81 48 der

1776 2638 439 66 Gewerbthätigkeit
2240 2638 43 48 in
2314 2639 151 64 Frage
2490 2637 172 48 stellen.
2715 2636 86 48 Die
2829 2636 296 63 Ausstellung
3159 2634 55 47 ist
3247 2634 50 65 ja

1774 2717 171 66 gerade
1980 2716 113 49 dazu
2123 2714 74 57 da,
2239 2714 100 49 dass
2378 2713 73 50 die
2480 2713 131 51 Welt
2650 2712 200 57 erfahre,
2893 2710 85 50 wie
3018 2712 143 48 Genie
3204 2710 93 49 und

1774 2796 161 48 Talent
1963 2794 59 49 im
2055 2792 218 49 Erfinden
2305 2792 89 48 und
2420 2789 446 56 Vervollkommnen,
2897 2788 91 49 und
3020 2789 157 57 Fleiss,
3203 2788 60 49 Ge-

1774 2872 258 65 diegenheit
2060 2869 91 51 und
2174 2869 249 50 Schönheit
2449 2868 45 49 in
2522 2868 81 48 der
2623 2862 163 54 Arbeit
2806 2867 93 48 sich
2922 2865 132 50 Bahn
3078 2865 219 51 brechen,

1776 2966 75 30 um
1881 2966 52 30 zu
1971 2948 118 48 dem
2123 2964 55 31 zu
2207 2947 241 64 gelangen,
2494 2961 94 33 was
2617 2944 153 48 bisher
2797 2944 65 48 als
2890 2942 80 49 das
3001 2944 132 47 Beste
3162 2958 105 33 aner-

1776 3027 140 48 kannt
1944 3042 113 39 war,
2099 3024 93 48 und
2234 3023 170 66 gerade
2446 3041 75 30 um
2561 3039 54 32 zu
2645 3022 243 57 beweisen,
2928 3020 102 50 dass
3059 3036 84 33 von
3173 3022 90 47 Aus-

1776 3100 460 65 nahme-Privilegien
2267 3100 71 49 bei
2366 3099 86 50 den
2483 3100 328 63 Erzeugnissen
2842 3097 77 48 des
2956 3095 338 50 menschlichen

1778 3180 172 49 Geistes
1981 3179 90 48 und
2102 3179 187 48 Fleisses
2326 3178 123 48 nicht
2477 3177 131 48 mehr
2635 3175 72 49 die
2738 3175 126 49 Rede
2891 3174 94 48 sein
3015 3174 114 48 darf.
3187 3173 110 49 Wie

1778 3259 117 47 kann
1925 3257 145 48 dieser
2090 3255 165 50 Zweck
2284 3255 113 49 aber
2423 3254 197 48 erreicht
2641 3253 202 56 werden,
2872 3268 132 32 wenn
3027 3268 85 32 von
3138 3251 156 49 Hause

1778 3351 78 31 aus
1874 3335 99 47 eine
1990 3331 541 65 Ausnahme-Kategorie
2555 3329 260 65 festgestellt
2838 3328 92 48 und
2951 3328 348 64 abgeschlossen

1778 3410 129 57 wird,
1924 3428 56 32 an
1997 3410 138 48 deren
2156 3409 264 49 Schranken
2446 3409 99 48 eine
2568 3406 368 51 abschreckende
2954 3405 208 50 Inschrift
3182 3406 116 47 allen

1776 3488 200 49 anderen
1995 3488 278 48 Bewerbern
2289 3486 73 49 ein
2371 3484 237 68 Nonplus
2627 3484 154 49 ultra!
2791 3483 112 49 oder
2918 3483 70 48 ein
3006 3481 293 49 Dante'sches

1784 3563 215 53 Lasciate
2267 3563 108 68 ogni
2524 3573 257 59 speranza!
2425 3563 46 49 in
2499 3563 216 49 anderem
2745 3563 139 47 Sinne
2911 3560 184 48 zuruft?
3118 3558 180 50 —Und

1778 3659 175 32 warum
1978 3643 79 48 soll
2088 3658 45 32 es
2156 3643 147 47 einem
2329 3640 114 48 noch
2469 3640 123 48 nicht
2612 3655 50 32 so
2684 3638 273 49 berühmten
2983 3635 318 55 Fabricanten,

1778 3721 85 47 wie
1903 3720 73 48 die
2013 3718 307 57 Broadwood,
2363 3716 168 56 Erard,
2573 3718 119 47 Herz
2720 3733 46 30 u.
2795 3732 33 31 s.
2860 3732 56 31 w.
2957 3714 116 57 sind,
3116 3714 183 48 absolut

1779 3798 259 64 unmöglich
2067 3798 111 55 sein,
2221 3795 117 48 eben
2367 3810 49 33 so
2446 3794 251 49 treffliches
2725 3791 208 50 Material
2970 3789 328 54 anzuwenden,

1776 3874 117 49 eben
1933 3890 49 32 so
2024 3873 333 49 vollkommene
2386 3869 259 58 Mechanik,
2688 3869 262 66 überhaupt
2991 3867 118 50 eben
3149 3866 152 50 solche

1779 3950 162 51 Arbeit
1980 3950 95 50 und
2117 3950 118 50 eben
2276 3947 182 50 solchen
2500 3949 101 47 Ton
2650 3945 328 49 herzustellen?
3049 3945 118 49 Was
3208 3960 93 32 nun

1778 4027 199 51 vollends
2018 4027 72 50 die
2141 4024 391 59 „unwandelbare
2867 4024 83 48 der
2994 4024 306 47 Instrumente

1781 4104 186 59 betrifft,
2001 4121 48 33 so
2081 4104 150 50 haben
2262 4102 85 50 wir
2373 4102 111 50 viele
2513 4101 323 65 Erfahrungen
2866 4100 232 66 gemacht,
3130 4096 170 51 welche
