2560 3774
640 429 187 94 Le
888 429 178 96 24
1150 429 320 96 Juin
1564 429 383 99 1917.

332 724 206 45 D'avoir
566 724 267 62 longtemps
857 726 265 60 contemplé
1145 726 40 44 le
1214 726 187 56 rideau,
1437 741 117 30 nous
1577 726 152 45 étions
1752 726 303 60 impatientés
2081 727 57 44 de
2174 725 208 46 combati-

226 797 92 44 vité
337 795 312 63 inemployée,
677 798 59 45 de
757 797 265 46 brouhaha.
1048 798 160 61 Après
1227 798 110 60 qu'à
1361 799 46 44 la
1430 798 337 60 Shakespeare
1782 798 43 44 le
1851 798 248 46 directeur
2120 800 58 44 de
2201 800 47 44 la
2272 802 105 43 trou-

219 885 64 44 pe
311 885 119 30 nous
453 873 79 42 eut
558 870 157 45 donné
737 887 88 27 une
844 871 132 54 leçon
1006 871 329 60 d'esthétique,
1360 871 42 44 le
1424 873 166 43 drame
1613 887 282 39 commença.
1939 871 72 46 On
2053 871 283 46 s'attendait
2371 875 34 42 à

231 945 118 53 tout,
368 959 51 28 ce
447 944 80 58 fut
548 946 139 41 autre
710 944 155 44 chose.

310 1022 205 44 Thérèse
532 1025 169 56 parut,
718 1021 114 60 plus
855 1022 122 44 belle
1006 1021 118 61 qu'il
1149 1023 120 44 n'est
1291 1023 324 44 raisonnable.
1642 1023 141 44 Irène
1805 1021 164 63 Lagut
1996 1023 132 45 avait
2150 1023 135 59 peint
2316 1039 86 28 sur

226 1110 54 29 sa
306 1095 115 43 robe
442 1097 105 42 tous
578 1094 68 46 les
667 1094 152 60 fruits
849 1110 89 45 que
962 1111 118 29 nous
1104 1095 201 45 aimons,
1334 1112 123 27 ceux
1486 1096 119 44 dont
1632 1096 68 43 les
1731 1112 130 28 noms
1891 1097 226 43 chantent
2146 1096 68 43 les
2246 1095 130 60 tropi-

224 1182 132 45 ques,
393 1183 124 29 ceux
541 1167 83 60 qui
644 1169 177 58 défient
842 1168 59 44 de
922 1168 131 44 leurs
1077 1168 217 44 vocables
1312 1171 223 57 étranges
1559 1185 83 28 nos
1665 1169 263 54 mémoires,
1948 1184 125 28 ceux
2101 1184 89 44 que
2215 1167 83 45 nul
2326 1184 52 28 en-

225 1256 111 28 core
360 1241 75 43 n'a
464 1244 221 41 nommés.
732 1239 87 55 Oh,
833 1240 247 60 pourquoi
1109 1242 91 43 t'en
1230 1240 187 45 vouloir
1437 1241 288 60 dépouiller,
1757 1242 207 44 Thérèse
1992 1256 62 30 au
2079 1242 163 59 grand
2274 1257 131 28 cœur

154 1354 13 7 „
225 1313 85 61 qui
331 1313 155 45 envies
510 1313 69 44 les
602 1312 232 45 hommes?
851 1313 175 44 Beaux
1050 1329 244 45 apanages
1323 1329 89 45 que
1442 1315 68 44 les
1533 1314 150 45 leurs:
1710 1314 179 45 Presto
1919 1317 45 41 et
1995 1313 198 59 Lacouf
2206 1313 202 45 doivent

226 1388 28 42 à
284 1385 106 45 leur
409 1401 117 29 sexe
556 1385 42 45 le
620 1385 135 45 droit
771 1386 60 44 de
838 1386 154 60 jouer
1004 1402 101 28 aux
1127 1389 174 52 cartes,
1327 1390 174 56 fumer,
1531 1387 130 44 boire
1685 1390 45 41 et
1755 1403 51 28 se
1830 1386 156 45 battre
2004 1403 55 27 en
2077 1386 130 44 duel.
2237 1385 147 47 J'ima
2385 1402 19 5 ~

224 1458 109 61 gine
358 1458 131 45 leurs
513 1459 116 44 vies:
651 1459 196 53 Presto,
882 1474 245 45 voyageur
1157 1460 57 43 de
1244 1475 273 40 commerce,
1546 1459 241 46 recueillit
1808 1475 55 28 en
1894 1459 130 61 vingt
2050 1474 85 29 ans
2160 1474 60 29 un
2254 1459 68 44 lot
2344 1459 59 44 de

219 1531 349 60 plaisanteries
597 1534 45 42 et
670 1530 210 61 Lacouf,
912 1531 282 59 comptable,
1221 1532 178 44 homme
1423 1533 57 43 de
1510 1533 213 59 chiffres,
1749 1531 209 46 divinisa
1984 1532 41 44 le
2046 1547 109 29 sens
2185 1547 215 28 commun

238 1604 122 45 Vous
390 1621 54 26 ne
474 1604 67 45 lui
579 1605 135 58 ferez
735 1620 93 43 pas
858 1604 158 44 croire
1045 1604 119 59 qu'il
1202 1607 71 41 est
1302 1607 28 42 à
1356 1606 261 55 Zanzibar,
1664 1605 36 44 il
1726 1621 48 28 se
1815 1606 161 43 battra
2018 1605 58 43 de
2100 1606 290 58 préférence

226 1693 114 28 avec
364 1676 197 44 Presto.
593 1676 130 46 Mais
746 1678 167 59 n'ayez
942 1677 203 56 crainte,
1181 1677 68 44 les
1278 1693 145 43 coups
1453 1678 58 43 de
1540 1678 218 44 revolver
1781 1694 55 28 ne
1865 1679 109 43 sont
2001 1676 64 45 ici
2083 1676 232 61 qu'éclats
2345 1676 58 44 de

226 1750 117 44 rire.
386 1749 254 45 Personne
676 1751 103 43 n'en
808 1766 218 39 mourra;
1052 1749 134 45 aussi
1209 1750 104 44 bien
1343 1766 75 28 ces
1446 1750 333 59 fantoches-là
1807 1753 109 42 sont
1942 1750 281 44 immortels.
2255 1749 108 45 Com-

226 1839 72 29 me
323 1823 41 44 le
395 1822 221 45 bruiteur
643 1823 66 44 du
739 1822 438 60 cinématographe,
1214 1823 41 43 le
1271 1822 174 60 peuple
1466 1824 58 43 de
1554 1823 238 45 Zanzibar
1828 1839 50 28 se
1906 1823 57 59 fit
1992 1822 148 44 l'écho
2169 1822 84 43 des
2295 1825 79 40 évé-

227 1898 209 42 nements
465 1894 241 61 auxquels
730 1894 37 44 il
793 1894 192 46 assiste.

289 1976 41 43 A
353 1990 85 28 son
459 1973 153 61 image
635 1973 120 45 était
773 1973 46 44 la
842 1973 122 44 salle
988 1974 82 60 qui
1086 1973 264 61 protestait
1371 1978 47 41 et
1444 1974 291 60 approuvait
1758 1978 28 40 à
1816 1975 47 43 la
1892 1974 114 59 fois.
2034 1974 121 44 Miss
2183 1973 219 61 Cyprian

234 2047 133 44 Giles
398 2046 176 44 battait
591 2046 84 44 des
698 2046 168 43 mains.
900 2046 115 45 Mon
1037 2046 279 61 légendaire
1333 2048 95 43 ami
1449 2048 210 60 Jacques
1703 2048 158 45 Vaché
1891 2046 183 44 voulait
2101 2045 122 44 tirer
2251 2049 28 40 à
2304 2045 75 44 bal-

230 2119 67 45 les
326 2135 85 29 sur
440 2119 42 44 le
506 2118 186 60 public.
724 2119 69 45 Un
823 2118 165 60 couple
1018 2120 210 44 écoutait
1269 2117 258 51 LUiàrmes.
1554 2120 41 44 A
1628 2119 69 45 lui
1725 2135 112 29 sans
1867 2119 142 43 doute
2034 2117 290 45 s'adressait
2363 2118 41 44 le

228 2193 214 60 kiosque,
473 2191 271 61 atteignant
772 2191 42 43 le
845 2191 195 60 lyrisme
1069 2192 58 47 de
1151 2192 237 45 cerfâuies
1410 2193 162 58 pièces
1601 2192 254 45 d'Alcools
1871 2207 14 28 :

949 2289 118 37 Vous
1094 2289 73 47 qui
1188 2289 174 49 pleurez:
1389 2293 156 44 voyant
1565 2290 38 36 la
1627 2289 123 37 Pièce

961 2338 229 37 Souhaitez
1211 2338 61 37 les
1293 2337 169 38 enfants
1482 2338 259 48 vainqueurs

957 2386 143 48 Voyez
1117 2386 358 48 l'impondérable
1501 2387 159 36 ardeur

958 2435 143 37 Naître
1123 2434 57 36 du
1202 2434 284 54 chargement
1509 2435 51 37 de
1585 2445 98 27 sexe

228 2522 95 45 Les
346 2519 251 46 Mamelles
630 2521 129 42 n'ont
786 2535 54 29 en
882 2521 113 58 effet
1019 2535 89 43 pas
1138 2535 87 28 une
1251 2532 141 46 place
1422 2523 27 40 à
1471 2522 119 56 part
1624 2520 121 44 dans
1776 2521 192 43 Vœuvre
2011 2518 383 62 d'Apollinaire.

230 2594 137 47 Nous
389 2609 30 46 y
452 2596 283 41 retrouvons
760 2595 44 41 et
832 2592 41 44 le
897 2592 196 60 lyrisme
1123 2592 58 43 de
1206 2591 45 44 la
1280 2591 222 45 Chanson
1526 2594 64 43 du
1618 2592 115 45 Mab
1756 2592 140 45 Aimé
1923 2596 45 41 et
1996 2593 45 44 la
2070 2593 233 59 fantaisie
2335 2594 65 45 du

232 2668 156 44 Poète
407 2665 278 45 Assassiné.
708 2665 70 45 Le
797 2668 141 56 poète
957 2665 67 43 ici
1044 2663 127 63 feint
1196 2663 301 46 subtilement
1517 2665 58 44 de
1585 2667 216 58 prendre
1828 2681 53 28 sa
1910 2665 124 59 flûte
2062 2666 58 44 de
2143 2667 109 43 Pan
2279 2682 127 43 pour

232 2757 59 28 un
314 2738 265 61 populaire
607 2737 230 45 mirliton.
866 2737 71 44 La
966 2736 116 45 rime
1111 2742 142 38 même
1275 2739 72 41 est
1376 2737 294 59 plaisantée,.
1689 2738 186 44 réduite
1906 2742 118 40 àun
2046 2739 214 58 procédé
2286 2740 115 43 Scé-
2506 2762 9 18 *

231 2813 159 60 nique.
424 2811 141 45 Voilà
585 2811 66 44 du
673 2811 204 54 théâtre,
904 2809 42 44 le
969 2810 186 43 théâtre
1177 2810 58 44 de
1272 2813 119 41 cette
1411 2814 195 56 époque.
1649 2810 136 46 Nous
1814 2826 190 29 amuser
2025 2813 78 57 fut
2131 2811 42 44 le
2194 2811 106 44 seul
2323 2813 82 43 bat

230 2886 65 45 du
322 2886 317 58 dramaturge
669 2883 83 60 qui
778 2886 73 40 est
879 2898 59 28 un
962 2886 224 40 créateur
1213 2881 272 47 d'illusions
1508 2886 47 40 et
1569 2882 83 61 qui
1677 2900 56 27 ne
1757 2886 105 41 veut
1882 2898 93 44 pas
2004 2885 139 58 qu'on
2176 2884 197 59 désespè-

232 2975 71 28 re:
325 2958 46 44 la
402 2957 68 44 vie
499 2956 136 61 suffit
656 2959 28 40 à
707 2971 118 28 nous
847 2971 228 44 ennuyer,
1108 2955 42 44 le
1177 2954 291 60 pessimisme
1492 2972 27 27 a
1548 2956 98 59 fait
1666 2971 84 29 son
1775 2958 164 57 temps.
1966 2956 296 46 Néanmoins
2287 2956 37 45 il
2346 2973 57 29 ne

231 3036 172 55 sépare
419 3046 95 44 pas
544 3029 42 43 le
616 3029 186 44 théâtre
824 3029 58 43 de
917 3028 47 45 la
995 3029 85 44 vie.
1106 3028 68 44 Le
1202 3028 129 62 sujet
1367 3031 72 42 est
1465 3028 297 55 d'actualité,
1795 3028 46 44 la
1876 3028 137 59 pièce
2042 3045 27 27 n
2089 3029 190 48 est-elle
2310 3045 98 44 pas

232 3105 149 44 écrite
405 3119 129 44 pour
562 3105 145 42 nous?
725 3101 49 44 Il
800 3117 118 29 nous
946 3104 185 58 dégage
1161 3102 46 43 la
1237 3101 138 56 leçon
1395 3102 59 45 de
1477 3101 44 45 la
1544 3116 172 46 guerre
1738 3104 44 41 et
1805 3100 244 56 moralise,
2072 3117 175 28 comme
2267 3102 36 45 il
2326 3119 49 28 ri-

235 3192 149 39 me,en
409 3191 120 29 nous
551 3173 331 46 divertissant.
915 3175 94 44 Les
1030 3174 251 44 Mamelles
1302 3174 133 60 enfin
1458 3190 118 29 nous
1602 3175 204 44 libèrent
1827 3173 63 45 du
1915 3173 185 45 théâtre
2124 3175 84 43 des
2237 3175 138 43 boule-

237 3250 163 44 vards::
424 3264 58 28 en
503 3247 106 45 vain
633 3247 197 44 l'amant
857 3247 211 60 quittera
1099 3246 42 45 le
1162 3246 57 45 lit
1231 3263 129 44 pour
1388 3246 283 60 lelpacard,
1691 3246 36 45 il
1747 3262 117 29 nous
1894 3248 112 57 faut
2027 3263 87 28 une
2138 3249 138 42 autre
2296 3253 83 54 gai-

235 3326 63 41 té.
325 3322 133 61 Déjà
487 3320 42 44 le
558 3319 180 45 cinéma
762 3335 117 29 nous
908 3319 132 45 avait
1059 3320 155 44 donné
1246 3319 198 46 Charlie
1477 3319 209 61 Chaplin
1728 3320 12 59 (
1758 3334 89 45 que
1877 3318 423 60 ninterpréta-t-il
2336 3319 70 45 les

231 3393 275 48 Mamelles!
528 3392 31 60 ),
590 3391 310 61 Apollinaire
924 3408 117 30 nous
1065 3393 159 44 donna
1255 3392 234 46 Tirèsias.
