2677 4163
1065 447 78 38 LA
1173 438 384 52 CHRONIQUE
1590 434 313 45 MUSICALE

608 452 84 41 258

603 605 117 33 avait
744 593 174 42 modifie
939 592 58 40 les
1029 603 95 27 vers
1146 602 75 40 qui
1243 586 213 56 parlaient
1478 583 51 40 de
1569 582 107 41 Rois
1683 614 7 18 ,
1715 581 49 40 de
1785 580 141 55 sujets
1933 612 8 18 ,
1973 586 99 44 etc.,
2098 577 71 39 des
2193 577 151 39 ballets

602 667 359 53 anacréontiques
980 678 57 26 ou
1058 661 282 54 champêtres,
1364 657 161 41 étaient
1546 655 181 55 préférés
1760 654 49 40 de
1833 655 226 50 beaucoup
2081 663 86 26 aux
2198 650 149 51 opéras

602 746 50 38 de
670 743 308 40 circonstance.
1004 737 125 40 Nous
1144 749 53 25 en
1228 741 210 33 trouvons
1466 731 40 39 la
1537 741 159 42 preuve
1717 728 106 39 dans
1842 741 61 25 un
1926 731 174 49 rapport
2128 722 50 40 de
2211 722 108 40 Thie-

602 817 137 48 bault,
764 812 219 44 secrétaire
1023 810 51 41 de
1093 808 176 55 l'Opéra
1291 819 55 27 en
1369 803 87 42 l'an
1497 802 105 51 VII,
1623 800 78 54 qui
1736 813 23 26 a
1783 799 242 52 l'avantage
2063 795 51 41 de
2154 795 194 40 résumer

601 898 97 34 tout
718 903 46 26 ce
792 887 78 55 qui
892 900 23 27 a
946 891 175 48 rapport
1159 895 57 26 au
1243 876 232 57 répertoire
1496 871 368 44 révolutionnaire
1891 871 50 40 de
1962 870 190 54 l'Opéra.

664 1001 115 27 LISTE
807 998 72 27 DES
909 986 140 37 PIÈCES
1077 988 297 36 PATRIOTIQUES
1406 984 203 30 OFFERTES
1639 985 53 26 AU
1722 983 190 28 THEATRE
1940 982 52 26 DE
2023 977 261 35 REPUBLIQUE

1327 1062 51 27 ET
1406 1060 73 27 DES
1508 1058 113 27 ARTS.

1459 1138 38 34 1°

838 1217 141 37 Pièces
996 1210 265 55 patriotiques
1282 1206 67 52 qui
1357 1207 98 48 font
1468 1204 136 51 partie
1623 1202 50 37 du
1693 1199 222 51 répertoire
1937 1197 130 38 actuel
2091 1211 9 22 :

652 1310 32 26 i°
713 1296 185 40 Miltiade
919 1299 22 33 à
959 1292 234 39 Marathon.

648 1379 37 25 2°
716 1364 197 38 Horatius
937 1360 145 38 Coclès
1105 1365 40 29 et
1167 1355 161 38 Mucius
1350 1351 182 39 Scevola.

644 1433 36 36 3°
711 1428 240 40 L'Offrande
973 1430 20 33 à
1013 1426 38 35 la
1071 1423 157 38 liberté.

645 1512 40 34 4°
717 1499 56 35 Le
797 1496 134 37 Chant
951 1494 54 35 du
1028 1491 165 48 Départ.

648 1566 36 36 5°
715 1565 58 36 La
793 1561 200 39 Nouvelle
1012 1572 51 24 au
1085 1568 115 36 camp
1222 1555 47 36 de
1292 1550 246 40 l'assassinat
1557 1549 69 36 des
1652 1547 206 38 Ministres
1877 1543 174 50 français
2070 1545 23 35 à
2117 1539 179 39 Rastadt.

647 1634 38 35 6°
717 1633 57 35 Le
804 1630 67 36 Cri
891 1630 47 35 de
957 1635 243 39 vengeance.

649 1700 31 36 Il
701 1707 60 29 est
780 1698 103 48 juste
917 1703 36 29 et
983 1690 249 41 convenable
1253 1689 232 36 d'observer
1515 1683 189 38 combien
1733 1682 27 36 il
1792 1679 120 38 serait
1940 1682 20 33 à
1991 1677 145 37 désirei
2169 1687 79 37 que
2283 1687 63 25 ces

602 1775 128 29 sortes
752 1766 48 35 de
819 1764 131 49 pièces
971 1762 156 37 fussent
1148 1757 109 38 aussi
1278 1751 376 41 recommandables
1677 1762 69 37 par
1768 1748 36 37 le
1827 1747 127 36 talent
1976 1757 77 37 que
2075 1757 70 36 par
2166 1743 37 37 le
2223 1750 104 29 senti-

601 1839 113 29 ment
733 1831 124 47 qu'on
876 1840 25 37 y
922 1825 193 50 exprime.
1143 1821 147 47 Quand
1319 1819 97 37 elles
1439 1818 115 36 n'ont
1582 1827 69 36 pas
1683 1826 43 24 ce
1758 1811 150 37 double
1932 1811 142 35 mérite
2096 1812 21 33 à
2147 1820 55 24 un
2230 1807 118 47 degré

598 1899 197 44 éminent,
826 1896 37 35 le
892 1893 135 49 public
1056 1902 49 25 ne
1134 1889 58 36 les
1221 1886 86 38 voit
1336 1886 150 47 qu'une
1515 1882 89 37 fois.
1639 1882 52 35 La
1722 1879 185 36 dernière
1937 1876 78 37 fois
2046 1888 54 36 qu
2116 1887 53 24 on
2197 1887 21 23 a
2253 1873 92 48 joué

596 1963 195 39 Miltiade
807 1966 23 33 à
848 1958 216 40 Marathon
1068 1986 9 18 ,
1097 1957 37 35 la
1156 1961 149 31 recette
1327 1952 101 36 n'est
1449 1963 69 36 pas
1546 1948 164 37 montée
1731 1950 22 33 à
1779 1946 70 36 180
1870 1945 147 46 francs,
2038 1950 51 41 et,
2110 1954 72 36 par
2204 1940 117 38 consé-

600 2039 141 42 quent,
764 2030 62 36 n'a
847 2040 70 37 pas
939 2031 166 32 couvert
1126 2023 57 35 les
1207 2020 106 37 frais.
1338 2019 109 36 C'est
1478 2016 101 37 ainsi
1600 2015 124 48 qu'on
1751 2025 51 24 ne
1822 2019 97 43 peut
1937 2013 123 47 guère
2091 2009 160 37 donner
2281 2018 64 26 ces

597 2100 138 47 pièces
756 2108 92 26 sans
868 2093 140 38 ruiner
1023 2089 346 39 l'établissement.

1458 2156 41 34 2°

701 2236 143 39 Pièces
855 2232 269 54 patriotiques
1149 2228 69 51 qui
1239 2233 66 32 ont
1319 2224 328 52 précédemment
1656 2221 87 47 fait
1757 2218 139 52 partie
1915 2218 55 37 du
1991 2216 238 51 répertoire.

650 2327 32 25 i°
715 2315 213 48 L'Hymne
950 2314 23 34 à
993 2310 38 37 la
1056 2307 173 39 Liberté.

645 2389 37 31 2°
706 2383 54 37 Le
783 2381 128 49 Camp
931 2380 48 35 de
1000 2375 223 50 Grandpré.

650 2451 35 37 3°
716 2451 55 35 La
793 2446 191 40 Réunion
1008 2446 55 35 du
1095 2455 45 26 io
1162 2442 108 37 août.

644 2530 39 35 4°
711 2515 162 39 Fabius.

650 2585 34 36 5°
714 2585 55 35 Le
793 2582 114 48 Siège
928 2581 48 35 de
997 2575 251 41 Thionville.

645 2653 38 36 6°
715 2653 57 35 La
795 2651 110 37 Mort
924 2648 48 36 de
993 2643 283 51 Beaurepaire.

643 2729 37 40 7°
712 2720 54 35 Le
788 2717 115 49 Siège
918 2717 48 35 de
984 2714 179 37 Toulon.

645 2788 37 35 8°
715 2788 57 35 La
795 2785 95 37 Fête
912 2783 48 37 de
982 2782 37 36 la
1044 2780 150 37 Raison
1223 2789 54 26 ou
1297 2776 36 36 la
1354 2773 165 38 Rosière
1536 2769 290 52 républicaine.

644 2868 38 37 9°
712 2856 135 47 Denys
867 2852 37 37 le
923 2851 152 49 Tyran.

647 2929 59 31 io°
734 2922 133 36 Toute
889 2920 38 36 la
949 2918 140 47 Grèce,
1112 2927 55 25 ou
1188 2924 44 27 ce
1252 2923 79 39 que
1353 2917 95 44 peut
1471 2909 37 37 la
1529 2907 174 38 Liberté.

646 2997 58 31 ii°
736 2991 58 36 La
817 2990 154 45 Pompe
991 2984 169 38 funèbre
1181 2982 47 36 de
1253 2978 158 39 Hoche.

644 3058 54 35 La
721 3055 164 49 plupart
906 3053 48 36 de
976 3063 64 26 ces
1068 3051 131 49 pièces
1221 3046 181 38 tenaient
1423 3047 22 34 à
1463 3043 68 36 des
1553 3041 313 45 circonstances,
1890 3044 40 31 et
1951 3036 175 38 dès-lors
2157 3035 98 37 elles
2288 3047 51 25 ne

590 3122 222 51 pouvaient
830 3119 191 51 produire
1042 3117 127 48 qu'un
1192 3114 149 38 intérêt
1362 3121 198 41 passager.
1598 3108 78 36 Les
1701 3114 136 29 autres
1866 3112 94 30 sont
1994 3102 185 39 tombées
2199 3114 72 36 par
2303 3101 36 37 la

593 3191 135 37 raison
749 3188 190 49 indiquée
960 3185 210 38 ci-dessus*

1447 3241 35 39 3°

739 3317 142 38 Pièces
896 3313 271 53 patriotiques
1190 3309 68 52 qui
1276 3314 68 31 ont
1362 3307 62 38 été
1437 3305 233 51 présentées
1692 3310 37 30 et
1747 3301 69 51 qui
1837 3307 66 30 ont
1924 3300 63 36 été
2012 3298 182 50 rejetées.

648 3404 32 23 i°
711 3393 58 34 La
792 3392 198 36 Descente
1013 3400 50 25 en
1086 3384 255 51 Angleterre.
1418 3380 106 37 C'est
1542 3379 37 36 le
1602 3378 334 38 Gouvernement
1963 3372 71 50 qui
2054 3383 23 27 a
2097 3369 174 39 défendu
2291 3370 50 36 de

594 3459 37 38 la
652 3458 123 48 jouer,
