2677 4163
682 356 83 55 278

1136 361 76 40 LA
1245 362 383 49 CHRONIQUE
1661 363 313 41 MUSICALE

680 505 172 40 enlever
873 518 61 27 un
969 505 111 54 prix,
1104 507 112 39 deux
1239 521 55 26 ou
1325 508 106 40 trois
1454 511 229 51 peut-être,
1718 510 112 40 mais
1860 510 76 54 qui
1970 511 215 41 constitue
2224 516 22 34 à
2282 512 144 40 l'élève

680 591 85 25 une
788 577 231 40 éducation
1037 578 261 43 dérisoire?..
1341 581 48 40 Je
1407 595 51 26 ne
1476 581 79 40 fais
1576 595 84 40 que
1687 596 120 40 poser
1828 596 46 26 ce
1896 583 125 54 point
2042 583 381 54 d'interrogation,

677 650 50 37 de
750 663 106 38 peur
877 649 49 40 de
941 651 226 54 prolonger
1186 652 308 42 indéfiniment
1514 654 38 40 le
1576 657 173 52 présent
1770 656 170 42 travail.

733 724 74 40 Un
844 724 166 41 lauréat
1063 727 238 42 bruxellois
1343 735 118 46 peut,
1499 730 140 38 même
1675 731 122 52 après
1837 743 61 27 un
1922 731 186 54 premier
2138 745 111 39 prix,
2288 739 132 31 rester

678 809 86 26 une
797 799 135 38 année
967 797 50 41 de
1049 800 97 53 plus
1176 803 22 37 à
1220 800 163 52 l'école,
1410 814 169 28 comme
1600 802 206 40 candidat
1828 817 54 26 au
1915 804 96 53 prix
2048 804 282 40 d'excellence
2349 818 76 26 :ce

678 882 91 26 sera
793 883 110 40 pour
924 870 62 40 lui
1014 886 84 25 une
1120 880 111 33 sorte
1251 874 50 39 de
1322 874 191 54 diplôme
1534 875 49 40 de
1605 875 178 40 docteur
1804 876 217 41 ès-chant.
2049 876 34 40 Il
2121 884 199 33 retourne
2341 891 86 26 aux

683 955 127 26 cours
830 943 238 40 ordinaires
1102 949 22 36 à
1153 945 98 40 titre
1273 946 247 40 d'auditeur
1550 947 125 49 libre,
1705 948 113 45 .mais
1853 948 29 40 il
1914 948 92 40 doit
2032 962 40 25 se
2107 949 200 53 préparer
2340 962 86 26 aux

684 1016 209 53 épreuves
928 1026 241 42 suivantes,
1204 1019 106 41 dont
1343 1021 104 40 trois
1480 1035 56 26 au
1567 1021 141 40 moins
1731 1030 144 31 seront
1907 1021 309 53 obligatoires:

681 1089 150 40 cution
866 1091 164 51 (chant,
1066 1091 286 43 déclamation
1376 1103 40 31 et
1445 1094 84 54 jeu)
1562 1095 131 40 d'une
1725 1098 122 36 scène
1879 1094 200 54 désignée
2101 1094 242 41 seulement
2366 1109 60 26 un

682 1163 111 40 mois
821 1168 24 36 à
865 1163 212 54 l'avance;
1169 1180 23 26 2
1197 1172 14 16 0
1232 1166 257 41 l'exécution
1512 1168 106 41 d'un
1640 1181 201 27 morceau
1876 1169 51 38 de
1960 1168 131 40 chant
2112 1167 168 50 italien,
2309 1168 92 40 indi-

682 1237 84 53 qué
786 1237 159 53 quinze
964 1237 118 54 jours
1116 1244 23 35 à
1168 1239 215 55 l'avance;
1480 1242 40 40 3°
1550 1242 262 40 l'exécution
1834 1241 210 54 complète
2066 1247 22 35 à
2111 1242 210 54 première
2343 1256 83 26 vue

680 1310 103 39 d'un
807 1323 200 27 morceau
1028 1311 50 39 de
1101 1312 134 40 chant
1268 1312 183 54 (paroles
1473 1322 41 32 et
1541 1315 219 54 musique)
1786 1329 101 26 avec
1910 1315 117 40 l'une
2049 1316 71 39 des
2141 1315 99 40 clefs
2265 1316 160 39 usitées

680 1395 110 40 pour
813 1383 39 38 la
876 1392 155 31 nature
1053 1383 52 40 de
1123 1383 39 40 la
1185 1385 99 39 voix
1305 1385 58 40 du
1400 1396 284 43 concurrent;
1702 1401 98 39 4
1802 1394 14 15 0
1846 1388 40 39 la
1915 1388 227 40 récitation
2175 1388 105 40 d'un
2308 1402 87 26 mor-

680 1468 105 27 ceau
809 1455 50 39 de
878 1456 142 54 poésie
1041 1455 184 55 indiqué
1247 1458 158 52 quinze
1422 1458 118 54 jours
1562 1461 244 39 seulement
1827 1465 23 35 à
1868 1460 205 43 l'avance.

739 1528 124 40 Nous
885 1542 244 42 renvoyons
1150 1534 22 35 à
1193 1531 180 40 l'article
1398 1533 52 40 38
1471 1533 58 40 du
1550 1534 239 52 règlement
1808 1534 167 39 d'ordre
1999 1548 109 40 pour
2129 1534 39 41 le
2202 1534 131 42 détail
2358 1534 70 41 des

684 1601 203 53 épreuves
908 1602 59 39 du
988 1602 96 54 prix
1105 1603 277 41 d'excellence
1404 1606 72 38 des
1498 1606 254 54 organistes,
1775 1606 72 40 des
1867 1606 207 53 pianistes
2096 1616 40 30 et
2158 1616 143 30 autres
2332 1606 69 40 ins-

685 1675 311 43 trumentistes.
1036 1675 122 42 Cette
1187 1679 136 39 année
1359 1679 155 52 même,
1552 1679 29 40 il
1604 1694 27 39 y
1652 1693 22 26 a
1695 1693 53 26 eu
1783 1680 71 39 des
1883 1680 95 53 prix
2009 1680 283 40 d'excellence
2314 1694 110 40 pour

684 1747 165 53 l'orgue
870 1757 40 31 et
931 1762 112 40 pour
1063 1750 38 39 le
1122 1750 169 47 violon;
1314 1751 31 40 il
1367 1766 28 40 y
1418 1766 118 37 aura,
1564 1766 110 27 nous
1712 1752 165 52 dit-on,
1902 1766 60 27 un
1999 1753 203 41 candidat
2238 1766 111 41 pour
2389 1754 38 39 le

685 1820 129 40 chant
835 1821 168 41 l'année
1029 1823 250 54 prochaine.
1307 1825 59 39 Le
1389 1825 238 52 règlement
1654 1827 140 40 actuel
1816 1827 165 40 n'étant
1998 1826 98 40 daté
2121 1839 82 40 que
2224 1825 52 40 de
2301 1827 127 53 I*B7l,

685 1907 53 26 ne
760 1894 177 53 prétend
962 1909 74 40 pas
1058 1909 153 27 encore
1233 1902 21 35 à
1277 1898 165 40 donner
1463 1912 63 26 ses
1545 1899 137 53 pleins
1704 1900 219 41 résultats.

740 1966 59 40 La
823 1968 128 39 classe
972 1968 261 41 d'ensemble
1256 1970 117 40 vocal
1397 1979 61 32 est
1479 1971 158 52 dirigée
1660 1986 75 39 par
1757 1987 61 25 un
1844 1973 70 39 des
1934 1973 263 53 professeurs
2209 1971 50 40 de
2279 1971 146 48 chant;

682 2048 99 32 tous
801 2040 59 39 les
882 2041 137 40 élèves
1037 2042 70 39 des
1125 2042 187 41 diverses
1328 2044 151 40 classes
1493 2044 50 40 de
1560 2044 131 40 chant
1706 2045 178 40 doivent
1899 2046 61 52 s'y
1982 2045 154 40 rendre
2161 2045 120 53 (sous
2303 2045 125 53 peine

682 2114 51 40 de
945 2116 66 40 dit
1031 2116 163 40 certain
1218 2117 145 40 article
1388 2117 90 55 27.)
1503 2117 59 41 Ce
1583 2131 126 26 cours
1730 2132 23 25 a
1776 2117 87 40 lieu
1893 2131 84 26 une
2006 2117 78 41 fois
2107 2132 74 40 par
2208 2118 189 39 semaine
2416 2131 9 38 ;

683 2194 41 33 et
750 2187 217 54 plusieurs
990 2189 79 39 fois
1092 2190 106 39 dans
1225 2189 185 54 l'année,-
1430 2190 40 40 la
1509 2190 130 40 classe
1660 2192 260 39 d'ensemble
1959 2193 121 38 vocal
2103 2204 41 26 se
2177 2191 145 39 réunit
2343 2192 84 38 àla

682 2261 134 39 classe
837 2261 262 40 d'ensemble
1125 2261 324 42 instrumental.
1487 2263 183 41 Celle-ci
1705 2274 62 29 est
1788 2263 161 54 dirigée
1968 2277 78 40 par
2070 2263 61 40 M.
2161 2263 150 40 Ficket
2333 2265 93 52 qui,

682 2332 36 54 je
738 2333 125 49 crois,
884 2343 61 32 est
967 2336 115 39 aussi
1104 2335 241 54 professeur
1366 2335 146 42 d'alto.

736 2407 48 39 Je
819 2420 52 26 ne
909 2409 265 39 consacrerai
1204 2423 73 40 pas
1304 2423 86 26 aux
1420 2410 153 40 classes
1600 2410 312 40 d'instrument
1949 2425 85 25 une
2071 2412 126 39 étude
2234 2412 196 40 détaillée

684 2493 168 27 comme
886 2485 22 35 à
932 2481 122 40 celles
1076 2483 58 38 du
1168 2482 142 49 chant,
1336 2497 110 40 pour
1467 2483 215 55 plusieurs
1712 2484 179 51 raisons,
1929 2485 105 38 dont
2062 2485 40 39 la
2126 2485 221 41 meilleure
2370 2494 61 32 est

681 2552 118 41 l'état
833 2552 52 40 de
916 2554 234 52 prospérité
1185 2554 176 40 relative
1393 2564 41 31 et
1468 2564 213 32 soutenue
1715 2557 50 38 de
1798 2564 119 33 toute
1946 2564 107 32 cette
2088 2558 136 52 partie
2244 2558 49 39 de
2329 2559 76 40 ren-

680 2626 283 53 seignement,
986 2627 115 40 aussi
1125 2627 96 40 bien
1244 2632 22 36 à
1290 2629 221 39 Bruxelles
1533 2629 100 54 qu'à
1659 2629 134 40 Paris.

741 2699 35 39 Il
798 2713 28 39 y
847 2714 23 24 a
892 2700 112 40 deux
1037 2700 149 40 classes
1207 2702 51 38 de
1291 2702 146 40 violon
1455 2717 9 34 ;
1500 2702 287 49 Vieuxtemps
1816 2702 136 52 dirige
1982 2702 36 40 la
2044 2703 130 40 classe
2200 2704 50 39 de
2272 2704 136 54 perfec-

680 2773 289 40 tionnement.
1002 2773 115 41 C'est
1147 2788 61 25 un
1239 2778 185 50 système
1454 2775 78 54 qui
1563 2775 203 40 florissait
1793 2775 107 52 jadis
1927 2789 55 25 au
2013 2775 333 42 Conservatoire
2380 2778 51 40 de

685 2846 120 40 Paris
828 2860 8 28 :
867 2846 111 40 ainsi
1001 2846 131 41 Gara.t
1154 2847 142 41 faisait
1315 2848 38 40 le
1374 2862 129 26 cours
1525 2848 51 40 de
1596 2848 414 54 perfectionnement
2028 2849 59 40 du
2105 2850 183 43 chant...
2314 2851 117 40 Pour

682 2919 156 40 établir
860 2933 86 26 une
965 2919 96 41 telle
1084 2921 276 54 suprématie,
1376 2920 30 40 il
1422 2921 92 40 faut
1534 2934 86 27 une
1635 2921 289 54 personnalité
1944 2921 190 42 d'artiste
2154 2923 276 53 incontestée,

678 3001 55 44 et,
751 2992 166 42 d'autre
931 3001 111 45 part,
1063 2994 40 40 la
1125 2994 245 54 discipline,
1388 2994 77 54 qui
1487 2995 106 39 n'est
1613 3007 73 41 pas
1705 3007 85 27 une
1811 3001 123 34 vertu
1953 2995 52 40 de
2023 3003 99 32 tous
2143 2996 58 39 les
2224 3005 139 45 temps
2385 2998 44 38 ni

682 3065 52 40 de
753 3073 101 32 tous
876 3066 60 39 les
958 3066 133 41 lieux.

741 3139 59 40 La
824 3139 131 40 classe
983 3140 52 40 de
1060 3140 253 42 violoncelle
1335 3149 63 32 est
1416 3150 130 32 tenue
1564 3156 75 40 par
1655 3143 38 39 le
1711 3142 69 40 fils
1799 3142 59 40 du
1874 3142 160 40 célèbre
2055 3142 182 41 Servais.
2248 3142 183 40 —Nous

683 3225 164 27 venons
869 3212 247 54 d'indiquer
1137 3227 53 26 en
1212 3222 173 45 passant
1406 3215 108 52 qu'il
1543 3229 28 40 y
1594 3230 20 25 a
1635 3229 87 26 une
1741 3216 131 39 classe
1890 3215 145 40 d'alto.
2075 3215 162 49 Quand
2261 3214 144 40 revien-

681 3285 190 41 dra-t-on
893 3286 58 40 du
974 3286 172 54 préjugé
1176 3288 76 54 qui
1275 3298 103 30 veut
1396 3302 83 40 que
1497 3298 63 30 cet
1600 3288 268 41 instrument
1896 3289 123 40 doive
2044 3303 41 25 se
2117 3297 222 33 contenter
2360 3288 71 39 des

680 3358 148 40 rebuts
846 3358 59 40 du
926 3359 147 41 violon
1089 3364 15 36 ?
1139 3361 60 40 La
1230 3361 229 41 virtuosité
1479 3362 50 39 de
1551 3362 183 40 certains
1755 3363 169 40 artistes
1946 3363 77 39 tels
2043 3375 84 38 que
2150 3362 66 39 feu
2256 3360 172 53 Uhran,
