2677 4163
558 396 201 43 VISITE
789 395 85 40 AU
909 388 519 49 CONSERVATOIRE
1465 386 77 42 DE
1575 378 359 48 BRUXELLES

2017 389 85 43 277

386 544 246 55 perfectible
661 544 49 39 de
731 556 73 41 par
823 543 188 53 quelque
1033 539 278 42 commission
1335 535 212 51 nouvelle,
1566 532 106 41 mais
1693 529 216 55 jusque-là
1930 525 148 42 formel-

385 621 160 39 lement
566 617 256 53 obligatoire
846 616 107 40 dans
976 614 223 43 l'école?...

435 694 144 38 Avant
601 689 205 41 d'arriver
826 702 86 26 aux
932 687 152 41 classes
1105 684 276 52 d'ensemble,
1405 682 202 54 épuisons
1629 685 93 34 tout
1741 690 43 28 ce
1806 676 76 55 qui
1905 675 198 40 intéresse

390 765 38 40 le
456 760 412 44 chant-individuel.
896 760 78 39 Les
995 758 147 40 visites
1164 757 59 40 du
1254 755 213 41 directeur
1488 757 22 36 à
1532 753 166 51 chaque
1728 751 132 40 classe
1883 755 97 32 sont
2003 745 82 40 rela-

385 838 208 39 tivement
615 835 262 53 fréquentes;
900 831 49 41 dé
980 831 113 54 plus,
1127 831 31 39 il
1180 844 27 38 y
1225 843 22 26 a
1268 827 195 55 toujours
1486 826 209 40 l'examen
1712 819 231 44 semestriel
1974 825 131 33 avant

386 910 169 52 Pâques
578 915 41 33 et
644 907 208 40 l'examen
875 905 49 40 de
946 903 61 41 fin
1029 903 192 40 d'année.
1248 901 123 40 Deux
1392 899 78 40 fois
1493 911 75 41 par
1590 910 72 38 an,
1686 895 275 51 l'inspecteur
1979 890 102 53 géné-

388 981 62 41 ral
479 981 57 39 du
557 979 130 42 chant
707 978 118 40 vient
852 977 103 40 faire
978 989 42 26 sa
1042 974 192 50 tournée,
1270 980 40 32 et
1344 978 105 33 cette
1485 968 239 55 inspection
1752 964 190 55 générale
1960 977 23 26 a
2001 974 108 41 pour

386 1053 194 42 titulaire
598 1060 122 32 notre
742 1050 134 54 grand
897 1049 208 40 chanteur
1127 1046 154 40 Faure.
1307 1044 166 40 Encore
1495 1054 60 28 un
1577 1052 156 37 rouage
1749 1051 57 40 qu
1824 1050 55 27 on
1903 1049 52 26 ne
1976 1046 104 42 poui-

386 1126 81 40 rait
482 1125 242 41 introduire
741 1124 104 39 dans
860 1122 271 53 l'imposante
1145 1117 196 41 machine
1353 1115 58 40 du
1428 1112 326 43 Conservatoire
1769 1111 49 39 de
1837 1110 69 39 Pai
1921 1109 50 39 is.
1989 1106 118 40 Allez

385 1211 200 43 proposer
609 1197 139 40 Faure
771 1208 110 41 pour
903 1195 242 51 inspecteur
1167 1195 23 35 à
1216 1202 75 27 nos
1316 1188 259 54 professeurs
1597 1185 51 40 de
1663 1184 144 47 chant,
1832 1190 40 31 et
1891 1181 58 38 les
1967 1178 142 40 moins

387 1270 202 47 illustres,
605 1268 58 40 les
677 1267 96 54 plus
790 1266 159 40 dénués
966 1265 50 38 de
1034 1264 177 53 prestige
1228 1258 238 57 personnel,
1483 1258 185 40 crieront
1685 1266 166 28 comme
1874 1253 69 38 des
1960 1250 144 53 aigles.

392 1344 153 47 Faure,
568 1342 146 39 mieux
738 1340 126 40 traité
899 1351 54 26 en
987 1334 365 55 Belgique.qu'en
1382 1345 76 27 son
1482 1344 118 41 pays,
1625 1338 40 31 et
1693 1327 92 53 qui,
1809 1339 75 41 par
1902 1323 205 53 exemple,

388 1431 23 26 a
433 1418 63 38 été
516 1414 147 41 décoré
684 1413 50 40 de
753 1413 40 40 la
814 1411 120 40 main
954 1411 57 39 du
1034 1409 63 40 roi
1119 1406 203 55 Léopold,
1347 1405 143 41 tandis
1512 1402 106 54 qu'il
1636 1414 53 27 ne
1719 1397 160 42 saurait
1900 1399 87 38 être
2008 1395 75 39 che-

388 1488 134 40 valier
543 1487 106 40 dans
670 1485 38 40 le
726 1498 104 40 pays
850 1488 56 36 où
924 1481 294 52 M.d'Ennery
1240 1486 61 33 est
1322 1477 159 41 officier
1502 1476 50 39 de
1571 1473 152 41 lordie
1743 1470 206 49 national,
1968 1467 141 40 Faute

388 1567 193 48 apporte,
607 1571 110 28 nous
738 1556 158 51 dit-on,
917 1568 85 27 une
1027 1553 246 41 conscience
1300 1552 184 38 extrême
1514 1553 22 35 à
1566 1560 62 26 ses
1649 1544 213 41 fonctions
1894 1541 189 52 d'inspec-

388 1642 94 32 teur
495 1647 8 36 ;
528 1632 30 40 il
580 1630 132 55 prend
746 1637 98 32 tous
877 1628 59 40 les
957 1628 132 39 élèves
1127 1639 61 26 un
1209 1630 23 35 à
1254 1637 61 27 un
1343 1631 40 31 et
1405 1621 227 53 n'épargne
1655 1630 73 41 pas
1750 1630 44 26 sa
1816 1627 148 42 propre
1988 1611 121 55 peine

385 1706 157 40 durant
574 1703 72 40 des
680 1702 169 39 séances
884 1701 50 39 de
970 1705 151 48 quatre
1159 1705 40 33 et
1227 1696 97 52 cinq
1354 1694 165 49 heures,
1546 1689 193 55 toujours
1764 1688 88 53 prêt
1890 1692 22 35 à
1935 1683 174 55 prêcher

388 1775 249 55 d'exemple.

444 1852 103 38 Aux
575 1860 199 28 examens
812 1844 255 42 semestriels
1100 1844 50 38 de
1186 1843 182 51 Pâques,
1399 1839 75 54 qui
1497 1846 96 32 sont
1615 1836 95 41 faits
1733 1848 75 39 par
1840 1834 37 39 le
1898 1832 205 40 directeur

390 1921 290 54 accompagné
712 1918 104 41 d'un
856 1917 193 40 membre
1082 1929 53 26 au
1171 1913 140 41 moins
1333 1912 59 40 du
1423 1909 171 42 Comité
1614 1908 51 39 de
1695 1903 295 44 surveillance,
2014 1908 96 32 tous

389 1996 58 41 les
470 1994 134 40 élèves
634 2000 97 32 sont
750 1991 236 52 également
1015 1988 88 54 pris
1126 2001 61 26 un
1208 1991 23 36 à
1251 1999 75 26 un.
1355 1985 35 39 Il
1412 1997 52 26 en
1486 1990 59 32 est
1568 1981 49 39 de
1639 1981 138 39 même
1799 1990 86 27 aux
1912 1986 198 29 examens

392 2068 50 40 de
465 2066 60 41 fin
551 2065 192 50 d'année,
769 2064 77 53 qui
864 2062 174 41 doivent
1059 2062 84 38 être
1164 2058 180 42 achevés
1365 2057 37 39 le
1432 2070 13 25 i
1455 2061 26 16 er
1503 2053 231 55 juillet/De
1756 2051 113 51 plus,
1890 2049 38 39 le
1950 2048 137 53 profes-

393 2154 98 26 seur
511 2139 90 40 doit
620 2144 199 34 remettre
840 2148 61 27 un
924 2140 176 48 rapport
1122 2130 168 42 détaillé
1315 2143 73 26 sur
1409 2128 58 40 les
1489 2126 172 54 progrès
1685 2132 41 31 et
1747 2122 170 40 mérites
1938 2121 49 38 de
2009 2119 76 39 cha-

389 2228 86 26 cun
497 2214 51 39 de
569 2225 63 26 ses
656 2209 211 53 disciples.
894 2208 59 40 Là
976 2208 96 39 liste
1102 2205 71 40 des
1207 2204 133 40 élèves
1361 2201 135 40 admis
1535 2204 22 35 à
1590 2195 228 43 concourir
1845 2202 61 32 est
1938 2192 173 40 affichée

390 2296 62 28 un
471 2281 110 40 mois
613 2286 22 35 à
660 2281 187 40 l'avance
884 2276 110 43 ainsi
1033 2289 85 41 que
1147 2276 40 39 la
1218 2282 151 33 nature
1404 2273 71 39 des
1513 2272 204 52 épreuves
1754 2275 40 33 et
1826 2267 38 38 le
1896 2265 107 53 sujet
2041 2265 71 38 des

391 2368 227 29 concours.

454 2427 35 42 Il
516 2441 29 40 y
567 2441 23 26 a
607 2427 83 40 très
723 2437 81 40 peu
827 2423 177 40 d'élèves
1035 2420 139 41 admis
1197 2433 84 27 aux
1301 2419 221 39 honneurs
1541 2416 58 40 du
1631 2426 221 37 concours,
1885 2409 211 43 contraire-

395 2506 115 35 ment
544 2498 89 40 àla
654 2496 200 55 pratique
888 2495 263 54 parisienne,
1181 2493 58 38 du
1263 2490 143 41 moins
1435 2495 21 34 à
1485 2489 39 40 la
1563 2487 196 55 pratique
1795 2483 212 48 nouvelle,
2047 2496 70 26 car

394 2587 56 26 on
473 2571 81 41 sait
581 2585 76 40 par
678 2569 58 40 les
764 2568 174 41 anciens
969 2566 137 40 élèves
1127 2564 49 40 de
1207 2563 157 51 l'école,
1390 2576 82 40 que
1505 2563 59 39 les
1604 2566 277 34 concurrents
1913 2571 29 25 n
1959 2556 158 40 étaient

395 2644 156 56 parfois
573 2643 132 55 qu'au
731 2641 181 40 nombre
933 2641 50 38 de
1004 2638 120 46 trois,
1148 2638 50 39 de
1220 2644 149 46 quatre
1385 2649 9 38 ;
1417 2648 60 38 or,
1499 2634 37 40 le
1557 2634 134 40 talent
1711 2632 177 53 déployé
1906 2630 96 54 plus
2024 2627 94 40 tard

396 2716 147 55 parles
560 2729 81 27 uns
664 2722 40 32 et
723 2714 58 40 les
802 2720 141 33 autres
960 2724 162 42 prouve
1145 2709 97 40 bien
1264 2721 84 40 que
1361 2721 64 26 ces
1445 2719 208 28 concours
1681 2702 216 43 restreints
1917 2699 204 41 n'étaient

397 2803 73 40 pas
503 2789 96 54 plus
633 2799 182 43 pauvres
846 2798 83 41 que
961 2797 106 26 ceux
1095 2779 335 55 d'aujourd'hui,
1467 2783 57 36 où
1559 2778 85 40 Ton
1668 2777 78 40 fait
1779 2774 144 40 défiler
1947 2774 86 38 bon
2067 2785 53 26 an

397 2861 87 41 mal
506 2874 54 26 an
579 2867 212 47 quarante
824 2857 135 40 élèves
988 2856 107 39 dont
1130 2855 59 39 les
1221 2853 113 40 deux
1355 2851 100 41 tiers
1489 2858 77 33 ont
1587 2849 244 41 conscience
1862 2847 260 39 eux-mêmes

396 2935 50 40 de
473 2948 51 25 ne
547 2933 182 54 pouvoir
747 2931 170 40 mériter
941 2944 61 26 un
1025 2929 108 53 prix.

452 3004 261 42 N'oublions
731 3017 74 41 pas
825 3004 51 39 de
899 3009 121 33 noter
1038 3000 115 40 aussi
1176 2999 99 54 qu'à
1299 2997 220 42 Bruxelles
1541 3009 55 27 on
1620 3009 52 26 ne
1694 2994 76 40 fait
1790 2992 226 41 concourir
2045 3005 51 27 en-

398 3079 162 40 semble
580 3090 83 41 que
695 3076 60 40 les
778 3076 133 39 élèves
942 3074 103 38 d'un
1068 3074 138 38 même
1228 3071 252 53 professeur,
1507 3069 58 40 les
1599 3067 271 40 subdivisant
1890 3078 147 27 encore
2070 3077 54 26 au

405 3151 122 53 point
547 3150 50 39 de
618 3161 82 27 vue
722 3147 59 40 du
816 3159 108 26 sexe.
956 3145 142 39 Est-ce
1119 3152 95 44 trop
1237 3142 256 40 restreindre
1514 3135 292 45 l'émulation?
1830 3138 71 39 Ou
1927 3137 115 50 bien,
2073 3150 53 26 au

412 3224 230 50 contraire,
665 3222 39 40 la
726 3220 169 41 rivalité
919 3219 225 40 déchaînée
1160 3225 119 32 entre
1300 3217 57 39 les
1380 3215 139 40 divers
1548 3213 258 55 professeurs
1837 3211 129 41 d'une
1995 3213 137 38 même

404 3297 215 56 spécialité
637 3310 52 26 ne
712 3294 236 41 serait-elle
971 3305 73 42 pas
1067 3291 281 54 précisément
1371 3303 45 26 ce
1434 3288 75 53 qui
1531 3288 57 39 les
1606 3286 134 41 excite
1761 3290 21 36 à
1804 3285 168 40 réduire
1993 3292 95 33 tout
2109 3288 22 35 à

406 3370 155 42 l'étude
584 3370 105 40 d'un
713 3368 63 40 air
796 3375 40 32 et
857 3366 50 40 de
930 3365 109 40 deux
1061 3378 57 27 ou
1142 3363 102 41 trois
1269 3366 159 47 scènes,
1460 3361 114 52 léger
1606 3360 156 52 bagage
1790 3358 76 54 qui
1888 3357 115 41 suffit
2025 3370 107 40 pour
