2677 4163
1028 409 334 51 QUINAULT

1979 410 79 39 255

337 555 110 53 qu'il
467 557 117 40 était.
612 559 137 51 Après
770 558 119 39 avoir
912 559 220 52 compulsé
1151 557 70 40 des
1245 557 181 40 dossiers
1449 569 109 41 pour
1578 569 41 26 se
1641 555 102 40 faire
1783 567 86 28 une
1902 553 137 54 échap-

337 628 163 53 patoire
549 630 58 38 du
655 631 91 39 côté
794 630 51 39 de
894 630 40 39 la
984 630 189 46 chicane,
1208 630 31 39 il
1271 642 156 40 songea
1468 632 23 36 à
1534 627 186 41 s'établir
1767 640 151 27 encore
1962 626 98 54 plus

334 698 308 41 sérieusement
662 713 75 40 par
762 713 60 26 un
844 699 186 53 mariage
1050 708 284 44 avantageux.
1367 699 96 39 Une
1480 698 125 52 jeune
1628 710 210 42 personne
1861 698 202 39 nommée

338 770 158 40 Louise
518 771 170 53 Goujon
710 771 224 53 éprouvait
956 785 110 41 pour
1086 772 63 40 lui
1174 785 85 26 une
1280 771 97 39 vive
1393 770 261 41 inclination
1678 770 311 53 accompagnée
2014 769 51 40 de

335 851 210 45 quarante
567 843 117 40 mille
704 844 115 50 écus,
846 845 120 39 selon
992 842 278 42 l'estimation
1292 842 42 40 la
1355 842 94 54 plus
1471 842 203 40 modeste.
1695 842 227 49 Quarante
1945 840 121 40 mille

339 915 112 51 écus,
476 920 23 35 à
521 924 106 31 cette
648 917 180 52 époque,
850 917 158 39 étaient
1030 929 84 26 une
1135 928 140 41 grosse
1297 915 184 39 fortune.
1520 915 60 38 La
1619 913 86 40 fille
1741 914 102 39 était
1871 913 99 53 jolie
1990 927 77 39 par

339 986 147 40 dessus
509 988 37 39 le
567 988 190 45 marché;
786 988 217 50 Quinault
1023 988 188 52 l'épousa
1232 994 40 32 et
1292 986 152 39 écrivit
1464 989 23 35 à
1508 993 108 31 cette
1637 985 196 40 occasion
1856 998 86 27 une
1960 998 81 27 nou-

339 1058 94 52 elle,
454 1058 25 39 Y
483 1058 171 42 Amour
682 1072 101 28 sans
796 1060 239 53 faiblesse,
1056 1059 105 40 dont
1175 1058 38 40 le
1228 1058 99 40 titre
1342 1058 135 53 paraît
1493 1070 81 40 peu
1591 1055 159 53 justifié
1767 1055 296 53 aujourd'hui,

343 1129 187 54 puisque
553 1131 37 40 le
612 1131 85 40 soir
718 1134 138 37 même
887 1131 71 39 des
977 1143 141 37 noces,
1143 1129 62 40 dit
1226 1130 39 39 la
1287 1129 191 52 légende,
1499 1127 59 40 les
1584 1127 112 40 deux
1718 1129 141 51 époux
1882 1128 162 40 n'atten-

342 1202 142 40 dirent
506 1216 73 40 pas
603 1204 37 39 le
659 1204 151 53 départ
830 1204 50 38 de
901 1202 113 40 leurs
1036 1201 156 40 invités
1222 1214 110 40 pour
1351 1214 40 25 se
1407 1200 129 40 livrer
1556 1213 83 26 aux
1660 1200 194 39 charmes
1880 1200 58 39 du
1960 1201 84 39 tête-

344 1274 147 40 à-tête.

400 1345 108 40 Bien
530 1347 100 52 posé
650 1345 105 41 dans
773 1345 39 40 le
833 1345 172 52 monde,
1023 1349 23 36 à
1061 1343 123 42 l'abri
1202 1344 50 39 de
1271 1343 40 40 la
1330 1342 104 41 faim
1452 1356 56 27 ou
1531 1342 50 40 de
1602 1342 40 40 la
1665 1341 165 53 misère,
1850 1342 216 50 Quinault

343 1419 144 38 acheta
508 1431 86 26 une
610 1417 153 55 charge
784 1418 242 40 d'auditeur
1043 1417 72 41 des
1137 1426 205 44 comptes.
1376 1414 216 55 Lorsqu'il
1612 1415 166 53 croyait
1799 1416 88 38 s'en
1910 1422 155 33 mettre

342 1503 54 27 en
419 1491 250 52 possession,
699 1505 56 26 on
778 1491 48 40 fit
848 1492 206 53 quelques
1073 1489 228 40 difficultés
1326 1502 107 40 pour
1463 1489 38 39 le
1532 1488 208 50 recevoir;
1770 1489 225 39 messieurs
2015 1488 51 39 de

340 1562 39 40 la
396 1562 216 42 Chambre
632 1563 71 39 des
718 1572 188 45 comptes
928 1562 290 54 prétendirent
1233 1561 108 54 qu'il
1359 1560 148 41 n'était
1524 1574 72 39 pas
1614 1560 51 39 de
1682 1559 229 41 l'honneur
1932 1560 132 40 d'une

344 1635 254 54 compagnie
619 1637 111 38 aussi
753 1649 127 39 grave
908 1648 81 40 que
1007 1636 40 39 la
1073 1635 92 39 leur
1186 1634 50 40 de
1256 1634 188 40 recevoir
1466 1646 59 26 un
1546 1632 174 40 homme
1744 1633 76 53 qui
1849 1633 115 40 avait
1991 1632 77 40 fait

341 1706 73 40 des
435 1706 207 54 tragédies
664 1715 41 32 et
735 1708 71 39 des
842 1707 225 40 comédies.
1093 1706 77 42 Cet
1207 1705 195 41 incident
1431 1705 66 40 fut
1532 1717 128 28 cause
1682 1705 137 53 qu'un
1849 1717 217 40 anonyme

346 1778 147 54 publia
510 1778 38 40 le
569 1780 203 52 quatrain
794 1780 173 39 suivant
984 1795 8 23 :

836 1886 201 49 Quinault,
1059 1886 33 36 le
1104 1886 91 50 plus
1212 1885 132 50 grand
1362 1885 66 37 des
1442 1892 174 39 auteurs,

631 1955 112 37 Dans
761 1961 110 31 votre
887 1964 126 39 corps,
1035 1952 222 47 messieurs,
1281 1963 24 24 a
1326 1951 151 36 dessein
1499 1951 47 36 de
1557 1951 186 48 paraître
1762 1964 10 23 :

824 2019 193 51 Puisqu'il
1035 2031 24 24 a
1066 2019 90 48 fait
1174 2025 85 30 tant
1280 2018 253 47 d'auditeurs,

822 2086 202 50 Pourquoi
1043 2085 21 37 V
1069 2085 324 50 empêchez-vous
1420 2084 46 37 de
1486 2084 22 35 Y
1514 2084 112 37 être?

395 2185 316 55 L'épigramme
750 2191 62 32 est
845 2197 62 26 un
944 2182 129 40 bélier
1103 2182 196 54 puissant
1337 2194 110 40 pour
1484 2180 136 40 forcer
1660 2178 59 40 les
1762 2186 138 44 portes
1936 2177 130 41 d'une

339 2259 232 39 assemblée
589 2257 291 53 quelconque;
902 2256 40 39 la
964 2254 215 41 Chambre
1198 2254 72 39 des
1292 2260 186 47 comptes
1502 2266 41 26 se
1565 2250 142 42 rendit
1728 2255 23 35 à
1768 2250 233 40 discrétion
2026 2258 40 32 et

339 2330 181 40 s'ouvrit
541 2343 55 27 au
618 2329 220 52 candidat,
861 2328 73 53 qui
957 2328 208 40 continua
1179 2327 171 53 jusqu'à
1370 2339 44 26 sa
1430 2333 113 32 mort
1557 2324 50 39 de
1622 2324 176 53 remplir
1818 2323 59 39 les
1898 2323 168 40 devoirs

337 2403 51 40 de
409 2417 45 25 sa
474 2403 152 52 charge
647 2415 99 26 avec
767 2409 156 32 autant
942 2399 286 41 d'exactitude
1249 2411 84 40 que
1352 2411 62 26 ses
1442 2397 97 53 plus
1574 2396 223 40 laborieux
1838 2394 228 40 confrères.

341 2473 183 44 Comme
555 2488 56 26 on
635 2487 52 27 ne
709 2472 147 54 voyait
881 2472 96 54 plus
1014 2485 146 26 aucun
1193 2483 187 39 ouvrage
1412 2469 117 53 signé
1564 2468 51 39 de
1649 2467 80 49 lui,
1766 2480 55 27 on
1844 2474 96 33 crut
1961 2466 109 53 qu'il

341 2547 100 41 était
464 2546 202 54 empêché
687 2559 75 40 par
784 2558 62 27 ses
880 2544 219 40 nouvelles
1134 2543 299 53 occupations.
1478 2541 36 39 Il
1535 2541 116 40 avait
1672 2547 95 32 tout
1791 2538 280 53 simplement

342 2618 164 55 promis
527 2622 22 36 à
571 2632 43 26 sa
636 2617 154 40 femme
807 2617 50 40 de
878 2630 52 27 ne
952 2617 98 53 plus
1065 2615 217 40 travailler
1303 2627 107 42 pour
1431 2613 39 40 la
1492 2615 120 37 scène
1633 2627 8 35 ;
1671 2611 160 54 l'opéra
1854 2610 90 39 seul
1965 2610 105 40 était

339 2694 171 53 excepté
530 2693 50 39 de
598 2700 107 32 cette
734 2691 168 40 défense
922 2698 40 33 et
983 2690 97 40 c'est
1101 2702 83 28 aux
1204 2688 222 54 scrupules
1449 2687 50 40 de
1520 2685 200 41 madame
1743 2683 218 50 Quinault
1983 2697 85 39 que

340 2780 77 26 son
438 2765 109 41 mari
565 2765 78 40 dut
663 2765 52 40 de
735 2764 223 40 s'adonner
978 2766 23 37 à
1017 2775 86 28 une
1119 2763 126 39 étude
1259 2765 58 36 où
1333 2761 30 40 il
1382 2766 223 35 rencontra
1623 2753 444 57 (involontairement)

339 2838 39 40 le
397 2836 144 55 profit,
565 2836 40 40 la
625 2836 133 54 gloire
779 2836 221 52 véritable,
1021 2859 54 6 -
1097 2835 217 53 peut-être
1334 2830 317 43 l'immortalité
1672 2834 7 35 !

1311 2937 266 43 DANIEL
1633 2932 350 44 BERNARD.

465 3030 63 41 (La
549 3028 50 33 fin
621 3028 327 43 prochainement.)
