2832 4226
599 3260 66 34 108

1018 700 129 47 ONE
1187 701 316 46 HUNDRED
1534 701 363 48 ENVELOPES

646 854 97 44 The
771 856 118 42 dead
919 870 120 37 man,
1066 857 102 42 who
1197 856 92 44 had
1319 857 223 55 expected
1571 857 151 50 death,
1755 856 122 44 cried
1916 863 83 38 out
2039 858 47 42 in
2125 859 80 42 the
2234 859 129 43 other

557 927 155 52 world,
743 928 114 43 with
886 943 116 41 rage,
1035 929 287 54 indignation
1353 929 93 42 and
1475 943 167 29 sorrow
1663 943 7 29 :

693 1000 107 44 And
832 1005 23 39 I
888 1002 92 42 had
1011 1002 96 54 just
1138 1002 177 54 bought
1349 1017 26 27 a
1408 1002 209 43 hundred
1649 1003 241 55 envelopes
1922 1003 92 43 this
2046 1018 113 38 very
2192 1005 91 53 day
2314 1019 49 28 so

558 1074 105 41 that
687 1077 23 38 I
736 1075 135 42 could
895 1075 128 42 write
1046 1080 50 37 to
1121 1089 141 38 many
1284 1075 162 54 people
1472 1089 108 29 over
1605 1091 26 27 a
1655 1075 106 55 long
1785 1075 112 43 time
1917 1077 7 41 !

646 1148 163 53 Really
835 1148 79 42 the
941 1153 75 37 act
1041 1148 48 42 of
1115 1147 174 55 buying
1315 1162 86 27 one
1427 1148 210 42 hundred
1664 1149 240 55 envelopes
1931 1163 143 29 seems
2100 1154 49 37 to
2175 1148 103 55 give
2305 1164 58 28 an

555 1218 262 45 irresistible
841 1220 259 54 continuity
1124 1226 49 37 to
1197 1220 89 50 life,
1313 1225 50 38 to
1387 1226 87 49 put
1508 1221 64 41 off
1606 1221 139 43 death
1780 1221 118 44 until
1932 1223 80 42 the
2045 1222 209 43 hundred
2287 1237 50 28 en-

555 1291 183 56 velopes
770 1307 75 28 are
876 1293 265 43 exhausted.

692 1366 98 42 One
809 1366 210 42 hundred
1040 1366 240 55 envelopes
1301 1367 7 41 !
1373 1368 99 41 One
1491 1366 211 43 hundred
1723 1368 241 55 envelopes
1984 1368 106 43 that
2110 1371 23 39 I
2154 1369 92 42 had
2265 1368 97 55 just

553 1436 205 55 bought!
841 1438 122 43 cried
1007 1439 79 42 the
1131 1439 118 42 dead
1294 1453 121 36 man,
1498 1438 123 45 Such
1663 1439 156 55 things
1864 1441 131 41 don't
2039 1441 183 55 happen
2243 1441 8 41 !

642 1510 162 53 Really
830 1510 37 42 it
892 1510 152 43 would
1070 1524 122 29 seem
1218 1511 105 42 that
1351 1526 27 27 a
1403 1511 210 43 hundred
1639 1512 242 55 envelopes
1907 1512 164 43 should
2097 1512 89 43 last
2213 1528 27 27 a
2265 1512 76 42 life-

551 1582 124 50 time,
707 1597 139 28 never
874 1583 57 42 be
959 1583 113 43 used
1100 1597 76 42 up,
1209 1583 58 43 be
1295 1584 142 52 ready
1465 1583 70 42 for
1564 1584 311 54 emergencies,
1897 1585 104 55 help
2032 1599 141 39 many
2199 1585 162 56 people

550 1660 50 36 to
635 1655 101 51 live,
776 1656 93 42 and
902 1656 114 56 keep
1054 1657 141 42 death
1229 1656 47 42 in
1312 1656 244 54 abeyance.

639 1729 114 42 Now
776 1729 112 53 they
908 1729 152 42 would
1082 1730 57 42 be
1161 1729 47 42 of
1230 1744 58 27 no
1310 1743 93 37 use,
1430 1745 113 28 even
1566 1730 70 42 for
1657 1730 70 43 his
1749 1731 177 42 funeral
1950 1735 405 47 announcements,

549 1800 123 43 since
703 1802 111 51 they
847 1816 114 28 were
991 1807 82 37 not
1105 1801 242 55 mourning
1378 1802 254 55 envelopes.

690 1876 98 42 One
814 1874 209 43 hundred
1049 1874 253 55 envelopes,
1332 1875 177 54 bought
1536 1875 109 53 only
1669 1875 247 54 yesterday
1995 1876 37 41 is
2059 1876 59 41 all
2145 1876 105 41 that
2278 1875 79 42 the

837 1962 85 28 can
954 1961 82 40 say
1067 1947 47 42 in
1144 1947 80 42 the
1256 1947 171 42 eternal
1458 1949 164 52 to-day
1653 1949 47 41 of
1731 1950 153 43 death.

1546 2041 210 39 (Translated
1775 2043 87 39 from
1890 2043 49 30 the
1968 2042 150 41 Spanish
2141 2041 43 40 of)

1484 2100 182 42 Ramon
1697 2097 169 44 Gomez
1897 2108 66 33 de
1993 2108 61 34 la
2085 2094 164 46 Serna
