2832 4226
735 3199 68 45 164

1451 896 283 46 OCTOBER

671 1092 83 41 We
784 1088 197 55 trample
1011 1086 109 43 filial
1153 1098 237 31 reverence
1422 1084 145 42 under
1597 1083 112 42 foot.

671 1163 98 41 Hat
800 1176 59 28 on
891 1159 130 50 head,

671 1236 83 40 We
784 1233 60 43 sit
876 1232 133 43 down
1041 1229 302 57 impudently,

671 1309 115 51 Legs
817 1304 174 43 crossed
1030 1303 90 42 and
1153 1302 122 42 heels
1305 1300 165 44 kicked
1501 1314 76 41 up.

671 1431 105 41 You
809 1429 57 42 do
899 1432 81 37 not
1012 1426 89 43 like
1132 1440 83 29 our
1245 1425 172 52 bloody
1449 1424 221 54 laughter,

670 1504 95 41 Our
797 1500 167 43 refusal
997 1505 48 37 to
1077 1498 125 44 wash
1234 1498 132 55 again
1399 1497 80 42 the
1510 1510 101 41 rags
1638 1496 185 52 already
1849 1495 184 43 washed
2060 1509 25 28 a
2121 1492 170 43 million
2317 1491 145 51 times,

674 1627 95 42 Our
801 1624 177 42 sudden
1011 1622 162 54 daring

673 1698 66 43 To
770 1698 117 43 bark
920 1711 26 27 a
978 1695 242 55 deafening
1251 1695 233 42 bow-wow
1507 1694 6 41 !

675 1825 134 47 Ya-a,
844 1821 239 43 backbone

675 1893 198 56 Upright
904 1892 89 43 like
1024 1906 27 28 a
1082 1890 236 55 telegraph
1347 1888 116 56 pole,

674 1970 95 40 Not
800 1966 122 42 mine
953 1965 144 49 alone,

673 2038 73 43 All
778 2037 233 49 Russians,
1046 2034 332 45 hunchbacked
1409 2033 69 43 for
1508 2032 239 44 centuries.

671 2164 119 42 Who
821 2177 59 28 on
913 2161 131 42 earth
1074 2160 38 42 is
1143 2173 102 29 now
1277 2173 125 28 more
1432 2158 254 41 clamorous
1717 2156 114 43 than
1861 2169 69 29 we
1949 2155 17 43 ?

674 2235 203 50 Bedlam,
911 2248 94 39 you
1036 2246 96 40 say,

671 2310 74 41 No
777 2307 281 42 mile-stones
1089 2319 83 29 nor
1201 2304 231 56 signposts
1450 2329 58 4 —

673 2380 66 43 To
770 2380 135 43 Hell!
957 2381 95 42 Our
1084 2379 79 43 red
1193 2391 173 29 cancan
1398 2376 38 43 is
1468 2391 26 28 a
1525 2375 209 56 splendid
1765 2375 135 54 sight.

674 2508 105 39 You
809 2504 152 43 would
991 2508 83 37 not
1106 2502 174 43 believe
1309 2500 67 44 it:
1411 2499 283 51 multitudes,

674 2579 177 41 Droves
882 2575 47 42 of
960 2574 157 43 clouds
1148 2574 146 42 under
1324 2574 173 41 human
1529 2573 165 48 orders,

673 2649 106 43 And
810 2649 80 42 the
920 2649 88 52 sky
1038 2648 166 54 spread
1234 2652 83 36 out
1347 2645 90 43 like
1469 2659 27 28 a
1526 2645 219 42 woman's
1775 2658 137 42 wrap,

670 2721 107 45 And
807 2727 83 38 not
923 2735 27 28 a
981 2720 143 55 single
1154 2733 170 39 sunray
1360 2753 6 8 .
1392 2753 7 8 .
1425 2752 6 8 .

673 2846 152 44 Christ
856 2846 39 43 is
925 2860 60 28 on
1017 2846 80 42 the
1129 2845 132 43 Cross
1292 2842 148 55 again,
1477 2842 90 42 and
1600 2841 237 43 Barabbas

671 2918 337 55 Promenading
1040 2931 109 29 over
1179 2916 195 52 Iversky
1395 2950 7 8 .
1427 2950 8 8 .
1460 2951 8 7 .

671 2993 120 42 Who
821 3006 87 28 can
939 2996 105 49 stop
1077 3016 58 4 —
1163 2989 104 44 who
1287 2989 17 42 ?
1343 3014 56 5 —
1427 2986 231 57 galloping
1687 2986 221 53 Scythian
1940 2987 149 42 steeds
2112 2986 15 42 ?

674 3064 281 53 Bowstrings
986 3063 178 54 singing
1196 3062 80 43 the
1305 3059 294 45 Marseillaise
1619 3059 16 43 ?
