2832 4226
2089 3207 67 38 173

410 648 42 37 of
472 644 327 41 discrimination.
853 643 78 37 For
950 643 192 45 instance,
1164 642 70 38 the
1255 653 168 36 average
1444 641 184 45 German,
1651 653 101 27 even
1772 642 31 37 if
1822 642 50 38 lie
1892 642 33 39 is
1945 642 86 39 rich
2050 644 158 47 enough

408 715 44 32 to
479 720 197 27 renounce
702 706 130 44 effort,
861 705 72 38 has
959 718 24 24 a
1009 710 139 42 strong
1173 703 230 38 inclination
1432 708 44 32 to
1503 703 180 48 improve
1709 704 61 38 his
1796 704 111 38 mind
1934 705 81 37 and
2041 706 167 37 outlook

409 783 52 26 on
486 771 78 37 life.
618 769 97 38 This
740 773 108 33 must
874 779 147 37 appear
1046 772 161 42 .strange
1230 770 46 32 to
1300 766 71 36 the
1395 765 222 40 American.
1672 766 122 38 What
1819 779 52 25 an
1896 767 211 38 American
2132 780 75 25 can

408 832 97 39 read
522 832 80 38 and
620 831 129 48 digest
766 830 42 38 in
824 830 71 38 the
913 842 90 34 way
1020 830 42 37 of
1079 829 115 38 small
1211 828 218 44 literature,
1450 826 131 39 would
1599 827 49 38 be
1665 828 175 47 rejected
1857 829 57 45 by
1929 830 71 36 the
2035 828 170 39 German

408 908 45 25 as
472 899 71 33 too
565 893 138 49 stupid
722 898 45 33 to
790 893 49 37 be
877 892 202 48 palatable
1100 891 43 37 in
1163 891 93 36 nine
1279 902 108 25 cases
1409 894 72 32 out
1504 889 41 37 of
1565 894 82 33 ten.
1702 889 84 38 The
1807 891 138 37 novels
1966 891 42 37 of
2029 891 159 39 Schnitz-

408 959 56 36 ler
485 957 132 37 would
638 968 148 36 appear
806 959 44 33 to
871 955 71 36 the
963 965 170 35 average
1153 952 212 38 American
1385 951 138 38 reader
1544 964 44 25 as
1609 952 118 47 being
1747 964 104 25 none
1872 954 42 36 of
1934 953 62 37 his
2016 952 192 46 business,

409 1020 42 37 in
470 1020 97 44 fact,
632 1018 205 47 highbrow
896 1029 9 33 ;
927 1015 130 38 which
1074 1015 101 45 they
1193 1027 68 24 are
1280 1018 72 33 not
1372 1015 115 38 when
1507 1026 76 25 one
1601 1015 117 37 takes
1737 1014 191 38 Flaubert
1950 1027 44 26 as
2012 1015 71 37 the
2102 1020 88 33 stan-

409 1081 113 39 dard.
577 1081 219 40 Schnitzler
816 1079 110 43 then,
950 1078 33 38 is
1004 1078 126 37 about
1150 1077 71 37 the
1241 1076 195 38 standard
1458 1088 120 34 every
1599 1076 81 46 day
1699 1077 165 47 reading
1883 1077 43 37 of
1945 1077 70 37 the
2039 1077 173 38 German

411 1144 144 48 public.
609 1145 82 35 Not
712 1142 93 37 that
827 1140 219 40 Schnitzler
1066 1140 73 36 has
1159 1150 82 34 any
1261 1139 75 36 call
1355 1142 44 33 to
1420 1138 50 37 be
1491 1138 230 38 considered
1743 1139 77 37 fine
1840 1140 209 36 literature
2070 1140 139 38 either.

411 1208 64 35 He
491 1205 181 48 occupies
689 1204 157 37 himself
864 1203 100 36 with
982 1202 71 37 the
1076 1201 151 38 endless
1248 1201 245 47 psychology
1512 1201 42 36 of
1570 1201 101 43 love,
1690 1201 193 37 observed
1904 1202 103 39 from
2029 1214 23 24 a
2073 1202 139 37 liberal

410 1268 207 48 bourgeois
637 1267 125 47 angle.
818 1267 63 35 He
901 1265 72 37 has
992 1263 160 39 learned
1171 1263 120 37 much
1309 1263 105 37 from
1434 1263 155 44 Balzac,
1609 1262 281 47 Dostoievsky,
1910 1264 79 38 and
2006 1264 202 44 Flaubert,

411 1331 80 37 and
511 1333 20 35 I
552 1334 109 33 must
682 1341 73 34 say
775 1326 153 38 utilizes
948 1327 33 37 it
1002 1326 267 47 intelligently
1287 1325 141 38 within
1447 1325 61 38 his
1528 1324 136 39 limits.

513 1396 93 43 Just
627 1391 112 37 when
762 1390 34 37 it
818 1389 131 37 would
970 1400 118 32 seem,
1110 1389 107 36 after
1236 1388 71 37 the
1328 1399 92 33 war,
1443 1387 92 37 that
1556 1387 71 37 the
1649 1392 178 33 moment
1850 1387 81 37 had
1952 1387 169 45 arrived,
2146 1388 44 37 de-

409 1455 156 45 finitely
580 1458 45 33 to
642 1453 101 38 raise
759 1453 71 36 the
847 1451 163 47 reading
1026 1451 113 42 level,
1157 1450 34 38 it
1209 1450 32 38 is
1259 1450 157 38 curious
1431 1454 45 32 to
1494 1450 165 36 observe
1676 1450 90 36 how
1781 1450 33 36 it
1832 1450 72 37 has
1921 1450 131 37 fallen.
2108 1451 78 36 Dur-

408 1517 68 47 ing
491 1517 71 37 the
578 1528 81 24 war
686 1514 191 37 Heinrich
903 1515 122 35 Mann
1050 1517 125 33 wrote
1201 1524 23 24 a
1265 1513 117 36 novel
1408 1511 223 48 describing
1656 1512 143 37 official
1826 1512 213 46 Germany,
2067 1512 145 38 known

409 1579 57 46 by
491 1590 48 26 us
568 1577 163 47 already
756 1582 45 33 to
829 1576 299 47 stupefaction;
1157 1575 105 36 after
1289 1575 70 36 the
1387 1587 81 24 war
1495 1574 50 37 he
1573 1578 124 33 wrote
1725 1575 179 36 another.
1935 1576 63 35 He
2026 1575 126 36 called
2179 1576 33 37 it

453 1641 75 36 Die
550 1641 150 36 Armen
778 1639 42 40 in
843 1638 130 37 which
994 1650 59 24 we
1075 1636 232 39 discovered
1330 1636 99 38 with
1450 1648 109 26 some
1582 1636 304 45 astonishment,
1910 1636 93 37 that
2026 1634 50 39 he
2099 1637 115 37 knew

411 1704 169 46 nothing
599 1703 203 36 whatever
822 1701 43 36 of
883 1701 71 36 the
975 1700 177 47 working
1171 1711 110 35 poor,
1304 1699 155 37 neither
1478 1698 106 37 their
1603 1698 109 44 lives,
1736 1710 72 25 nor
1827 1698 105 37 their
1952 1699 112 38 aims.
2119 1702 40 35 It
2180 1700 34 38 is

411 1766 70 37 the
502 1765 142 47 boring
664 1764 107 37 book
792 1763 42 36 of
856 1775 23 24 a
902 1763 191 43 dreamer,
1119 1761 188 47 affecting
1328 1761 169 43 realism,
1521 1761 172 37 without
1716 1773 82 33 any
1818 1761 155 45 reality.
2027 1760 85 38 The
2133 1774 79 24 war

411 1828 73 37 has
507 1827 151 38 robbed
682 1838 125 33 many
829 1825 153 37 writers
1005 1825 43 36 of
1069 1824 106 37 their
1243 1824 134 36 milieu
1457 1824 61 36 for
1542 1824 133 36 whom
1698 1823 80 37 and
1802 1827 72 33 out
1898 1824 42 36 of
1964 1824 129 36 which
2113 1824 102 46 they

411 1895 136 31 wrote.
600 1888 119 38 Their
740 1887 197 47 civilizing
956 1886 214 37 influences
1189 1886 143 37 vanish
1351 1886 100 37 with
1467 1886 71 37 the
1558 1886 126 36 whole
1704 1886 100 37 class
1822 1886 93 37 that
1934 1885 100 46 they
2053 1886 157 37 worked

411 1963 122 36 upon.
587 1951 84 38 The
693 1951 100 37 class
813 1949 92 38 that
928 1949 185 38 succeeds
1133 1948 114 37 them
1267 1946 115 39 reads
1404 1947 253 47 exclusively,
1680 1960 43 25 so
1745 1948 61 36 far
1826 1959 45 26 as
1891 1948 34 36 it
1946 1947 115 39 reads
2082 1952 43 33 at
2148 1949 64 43 all,

409 2015 72 36 the
502 2014 125 38 books
648 2013 42 36 of
712 2011 353 44 Courths-Mahler,
1087 2011 70 37 the
1179 2015 107 33 most
1307 2010 137 38 idiotic
1465 2010 207 38 literature
1694 2010 264 37 conceivable.
2012 2011 102 35 Now
2132 2011 83 38 this

411 2076 205 37 condition
642 2087 95 34 may
760 2074 49 38 be
835 2073 335 46 extraordinarily
1193 2073 234 37 favourable
1452 2073 62 36 for
1537 2072 71 37 the
1632 2085 89 24 new
1743 2083 103 26 men.
1900 2072 114 46 They
2038 2072 78 37 will
2140 2078 72 32 not

410 2139 50 37 be
485 2138 185 48 impelled
695 2142 45 32 to
766 2137 201 36 entertain
992 2148 24 24 a
1042 2135 146 48 public,
1217 2135 128 37 which
1371 2135 94 38 does
1490 2139 72 33 not
1589 2134 103 38 exist
1718 2135 61 37 for
1803 2135 113 37 them
1941 2146 44 26 as
2010 2138 96 42 yet;
2133 2135 80 37 and

409 2201 101 46 they
531 2201 102 37 need
655 2204 72 32 not
752 2199 188 37 continue
962 2203 44 33 to
1030 2210 83 36 pay
1136 2210 23 24 a
1183 2198 107 47 price
1312 2198 62 36 for
1396 2198 104 36 their
1524 2209 154 25 success
1702 2197 99 37 with
1824 2196 204 38 conscious
2052 2197 160 37 service.

410 2263 114 47 They
543 2275 73 25 can
637 2263 51 37 be
705 2261 241 38 themselves
965 2266 43 32 at
1029 2262 90 36 last.
1173 2259 96 38 This
1289 2260 33 37 is
1342 2272 97 35 pure
1458 2259 104 48 gain,
1585 2271 100 25 even
1704 2259 31 38 if
1755 2259 52 36 all
1826 2260 124 37 forms
1970 2259 41 36 of
2046 2258 148 37 diletan-

409 2325 99 38 tism
529 2325 81 37 and
631 2325 166 47 bluffing
820 2323 162 38 swindle
1004 2324 82 37 also
1109 2323 84 40 find
1213 2323 71 36 the
1316 2322 195 37 situation
1550 2321 237 38 convenient
1825 2321 159 47 enough
2003 2325 45 32 to
2072 2321 144 37 relieve

410 2387 241 39 themselves
674 2387 42 37 of
740 2386 188 38 doubtful
951 2386 186 38 burdens.

512 2449 130 39 Those
674 2453 237 43 youngsters
943 2448 88 37 who
1063 2447 180 38 believed
1273 2447 240 37 themselves
1546 2446 126 39 called
1702 2458 111 35 upon
1843 2451 44 32 to
1921 2445 171 38 exercise
2123 2445 75 46 lyri-

413 2512 98 37 cism
532 2516 43 33 at
597 2511 70 38 the
690 2523 170 35 expense
881 2511 42 36 of
945 2510 104 48 good
1070 2522 112 26 sense
1204 2509 79 37 and
1304 2509 71 37 the
1398 2509 173 38 German
1592 2509 206 47 language,
1824 2512 108 34 must
1955 2507 84 37 find
2076 2519 141 26 sooner

412 2587 43 23 or
487 2575 114 43 later,
633 2574 70 37 the
735 2573 195 37 situation
963 2572 266 39 unworkable.
1272 2571 59 37 To
1364 2583 94 25 earn
1490 2576 43 32 at
1565 2572 102 36 least
1710 2584 23 24 a
1777 2570 261 38 comfortable
2079 2570 134 46 living,

410 2637 101 46 they
531 2636 78 37 will
630 2637 49 36 be
700 2635 135 38 forced
854 2640 45 33 to
920 2636 163 37 become
1104 2635 111 37 bank
1236 2635 126 37 clerks
1383 2646 44 25 or
1448 2634 226 47 something
1695 2646 44 23 or
1759 2634 116 37 other
1896 2633 42 36 of
1956 2632 82 37 this
2059 2636 154 32 nature.

411 2698 85 37 The
519 2699 169 37 number
712 2699 42 36 of
778 2698 169 48 genuine
971 2709 96 26 ones
1089 2697 92 37 that
1206 2709 67 24 are
1297 2697 73 37 left
1394 2697 78 36 will
1497 2697 50 36 be
1570 2697 127 43 small,
1725 2695 120 38 much
1868 2695 157 38 smaller
2048 2694 98 37 than
2174 2694 41 36 in

413 2772 111 38 1913,
550 2761 114 37 when
688 2760 146 38 almost
858 2773 122 34 every
1003 2760 132 38 better
1160 2760 100 37 class
1283 2760 153 45 family,
1462 2759 149 45 merely
1634 2759 167 37 because
1947 2755 116 39 could
2088 2756 127 37 afford

409 2824 99 36 such
530 2836 23 24 a
575 2824 157 45 luxury,
757 2823 81 37 had
859 2827 43 33 at
924 2824 101 36 least
1048 2834 75 25 one
1145 2834 72 26 son
1239 2822 89 37 who
1349 2834 81 25 was
1453 2834 23 24 a
1498 2826 106 43 poet.
1659 2820 106 46 Only
1786 2832 23 24 a
1842 2818 137 39 sacred
2011 2819 77 36 few
2139 2818 78 37 will

409 2886 164 37 remain.
626 2885 114 46 They
756 2885 78 37 will
850 2887 96 35 take
961 2885 71 38 the
1050 2885 147 38 chalice
1213 2885 105 38 from
1333 2885 71 36 the
1420 2883 129 39 hands
1565 2884 43 36 of
1622 2883 115 37 those
1754 2883 132 37 whose
1914 2893 89 25 care
2019 2880 81 37 had
2117 2880 102 38 been

409 2951 44 33 to
470 2959 65 27 see
550 2947 92 37 that
665 2959 52 25 no
740 2947 100 48 drop
862 2949 41 35 of
924 2948 70 37 the
1011 2947 180 47 precious
1208 2946 126 49 liquid
1352 2959 80 25 was
1449 2946 202 47 spilled,
1662 2946 61 36 for
1740 2956 51 25 no
1808 2945 165 44 literary
1990 2942 138 49 period
2145 2954 74 26 can

411 3010 117 48 begin
542 3010 109 49 quite
684 3021 122 33 anew;
826 3014 42 33 at
885 3010 71 37 the
973 3010 89 37 best
1075 3010 32 37 it
1126 3010 134 47 brings
1270 3010 71 36 the
1353 3008 114 44 buds,
1486 3008 72 37 the
1574 3008 191 47 breaking
1787 3007 164 43 flowers,
1965 3018 43 24 or
2029 3006 71 37 the
2121 3005 98 38 fruit

412 3073 42 36 of
472 3072 112 39 seeds
601 3073 92 37 that
714 3072 82 37 had
813 3072 102 39 been
934 3084 106 27 sown
1062 3072 135 39 before
1215 3083 9 33 ;
1244 3084 44 24 or
1308 3071 216 47 completes
1542 3071 70 38 the
1631 3070 282 49 development
1933 3069 43 37 of
1993 3068 117 38 those
2126 3068 93 37 that
