2832 4226
2144 3203 66 36 115

471 631 51 29 as
541 616 93 44 this
653 613 119 47 little
791 620 212 53 monkey.
1067 621 95 44 The
1181 623 578 56 hunted-down-tree-folk,
1782 644 86 29 one
1890 631 118 44 after
2027 633 81 42 the
2127 633 145 51 other,

469 688 86 57 slip
577 694 106 51 past
705 689 122 52 him;
852 692 112 43 each
986 707 97 38 one,
1109 694 37 44 if
1166 696 57 43 he
1243 696 186 52 wished,
1456 700 134 41 could
1612 701 141 53 wring
1785 702 113 43 with
1920 719 103 29 ease
2045 706 105 42 that
2173 706 98 37 thin

468 762 119 43 little
610 763 117 42 neck
741 790 58 5 —
812 766 90 41 and
920 766 111 54 they
1049 782 75 29 are
1142 769 264 54 manifestly
1424 771 47 42 ill
1487 772 257 44 humoured
1757 800 59 6 —
1826 776 87 43 but
1929 778 113 54 they
2060 780 60 41 all
2140 781 135 42 make

468 848 27 29 a
511 834 117 43 wide
643 849 138 31 curve
800 839 176 42 around
997 839 109 52 him,
1122 842 92 42 and
1232 842 177 43 exhibit
1425 844 132 42 other
1574 844 122 56 signs
1708 847 49 42 of
1772 848 81 43 the
1870 856 176 49 respect
2059 852 93 42 and
2168 853 79 52 shy-

468 921 102 29 ness
598 908 89 43 due
715 909 118 43 from
861 912 128 42 them
1016 917 50 38 to
1095 928 86 27 one
1209 914 48 42 of
1284 913 70 43 his
1381 915 151 45 breed.
1594 921 48 40 It
1669 919 132 45 takes
1828 936 125 31 some
1980 923 113 43 time
2120 924 155 45 before

468 993 86 29 one
579 980 228 46 discovers
833 984 106 43 that
964 984 94 43 still
1085 987 194 41 another
1304 988 201 54 monkey
1531 989 96 43 folk
1652 990 97 45 find
1790 993 170 44 shelter
2002 1009 59 30 on
2097 998 80 42 the
2218 998 38 43 is-

466 1051 122 45 land.
652 1054 174 44 Driven
854 1056 119 44 from
1001 1058 81 42 the
1111 1058 68 43 air
1207 1059 92 44 and
1327 1060 82 43 the
1437 1063 176 43 surface
1641 1064 50 42 of
1717 1065 80 43 the
1826 1068 144 52 earth,
2003 1083 27 28 a
2058 1070 141 44 horde
2229 1072 46 42 of

466 1125 93 43 still
583 1128 180 43 smaller
788 1130 223 53 monkeys
1034 1130 132 45 takes
1193 1131 155 56 refuge
1370 1133 47 43 in
1442 1135 81 43 the
1546 1138 174 43 trench.
1782 1139 46 43 If
1851 1154 86 29 one
1961 1141 48 44 of
2032 1143 128 42 them
2191 1158 56 28 un-

465 1199 207 53 betimes,
702 1201 133 43 dares
860 1206 51 38 to
937 1202 126 44 show
1090 1218 28 29 a
1143 1205 100 43 face
1269 1220 61 28 on
1355 1208 82 43 the
1471 1208 161 53 island,
1673 1211 80 44 the
1790 1218 96 38 tree
1912 1214 97 43 folk
2035 1215 119 45 hunt
2178 1215 97 45 him

465 1272 282 55 relentlessly
785 1275 121 43 back
945 1276 135 55 again
1118 1277 114 45 with
1270 1279 142 44 insult
1452 1282 92 44 and
1583 1284 172 54 bloody
1793 1286 272 57 disciplines.
2126 1290 147 42 When

465 1345 109 43 food
602 1360 164 37 comes,
799 1347 113 54 they
941 1354 125 39 must
1094 1350 110 44 wait
1232 1351 71 43 till
1332 1368 139 39 every
1499 1369 86 29 one
1614 1356 90 43 else
1731 1357 38 44 is
1798 1360 216 51 satisfied,
2036 1361 91 43 and
2155 1362 120 44 back

466 1418 134 55 again
622 1418 47 42 in
694 1420 119 42 their
835 1421 165 54 places,
1020 1422 156 45 before
1198 1426 114 53 they
1330 1427 108 43 dare
1461 1442 130 42 creep
1616 1436 82 38 out
1721 1436 51 38 to
1795 1437 190 52 capture
2007 1435 80 43 the
2105 1450 166 41 scraps.

464 1489 271 45 Sometimes
761 1507 28 28 a
813 1493 235 45 malicious
1073 1497 148 43 fellow
1246 1514 52 28 or
1321 1498 152 56 jocose
1499 1501 181 46 maiden
1698 1503 120 45 from
1840 1507 82 42 the
1946 1512 108 46 tree,
2074 1522 51 28 so
2143 1509 109 43 satis-

464 1562 90 43 fied
582 1566 275 53 apparently
884 1567 105 43 that
1019 1568 222 55 digestive
1270 1571 258 47 difficulties
1555 1575 120 44 have
1702 1577 164 55 begun,
1896 1580 132 43 waits
2056 1581 121 53 slyly
2204 1581 68 43 till

464 1637 80 42 the
577 1637 119 43 little
729 1639 97 42 folk
860 1639 136 56 begin
1030 1647 48 38 to
1115 1646 231 53 approach
1379 1647 80 43 the
1492 1648 122 51 food,
1651 1649 113 44 then
1807 1651 110 57 slips
1951 1653 134 42 down
2124 1655 146 54 again,

462 1709 276 57 whereupon
765 1712 80 43 the
870 1713 99 43 first
997 1728 173 31 comers
1198 1718 109 43 rush
1332 1721 254 55 screaming
1611 1722 119 43 back
1757 1728 49 38 to
1833 1724 80 44 the
1939 1727 157 42 others
2120 1727 48 42 in
2193 1728 80 42 the

462 1782 174 52 trench,
667 1784 93 42 and
785 1784 113 55 they
925 1787 59 40 all
1010 1788 220 56 whimper
1256 1793 222 52 together,
1510 1794 93 43 and
1627 1808 126 42 press
1781 1797 179 53 against
1988 1798 111 43 each
2126 1799 144 51 other,

464 1856 70 42 till
561 1872 27 28 a
615 1858 178 43 surface
821 1859 47 43 of
896 1859 77 52 air,
1005 1860 124 52 flesh,
1161 1864 94 43 and
1282 1879 135 40 crazy
1444 1867 116 43 dark
1586 1883 106 38 eyes
1718 1868 39 44 is
1785 1869 189 54 formed,
2005 1872 178 56 welling
2209 1887 63 42 up

462 1930 82 42 the
564 1935 132 38 outer
718 1933 101 42 wall
840 1933 49 42 of
909 1933 80 43 the
1010 1937 162 41 trench
1193 1937 91 43 like
1304 1943 143 38 water
1466 1939 49 43 in
1537 1954 27 28 a
1584 1940 181 56 leaning
1787 1944 158 43 vessel.
2008 1944 97 45 The
2125 1961 124 40 perse-

464 2008 131 38 cutor
620 2018 136 40 paces
784 2005 134 55 along
945 2006 80 44 the
1052 2008 113 54 edge
1190 2009 50 43 of
1265 2010 80 42 the
1370 2011 176 51 trench,
1576 2013 181 56 driving
1793 2015 80 43 the
1899 2029 129 31 wave
2055 2018 48 42 of
2129 2023 146 38 terror

462 2075 157 43 before
650 2076 110 43 him.
823 2077 97 45 The
950 2079 121 43 little
1103 2080 97 43 folk
1228 2083 140 55 uplift
1401 2084 119 43 their
1551 2085 136 43 black
1717 2086 136 52 faces,
1890 2089 91 43 and
2013 2090 111 55 fling
2155 2091 118 42 their

464 2163 122 29 arms
611 2150 315 53 heavenward,
948 2152 120 44 their
1083 2154 149 44 hands
1250 2157 167 44 turned
1440 2157 150 56 palms
1611 2165 93 46 out,
1725 2159 48 43 in
1791 2160 187 44 defence
1995 2163 179 54 against
2192 2164 80 43 the

464 2221 89 43 evil
578 2236 84 40 eye
686 2222 149 43 which
860 2224 128 43 looks
1009 2225 133 43 down
1167 2226 121 43 from
1313 2229 80 43 the
1419 2230 124 54 edge.
1608 2232 95 42 But
1727 2234 240 53 gradually
1984 2249 86 28 one
2085 2235 50 43 of
2153 2236 119 43 their

461 2296 194 43 number
683 2296 39 43 is
751 2296 175 56 singled
955 2304 108 45 out;
1095 2300 57 42 he
1180 2301 169 55 pushes
1378 2302 93 43 this
1501 2318 103 39 way
1635 2305 91 42 and
1755 2305 106 44 that
1889 2307 231 55 restlessly
2146 2323 126 31 some

461 2367 90 43 five
575 2368 155 45 others
763 2370 113 43 with
912 2371 108 51 him,
1049 2377 83 38 not
1167 2378 80 47 yet
1283 2389 104 29 sure
1420 2376 150 43 which
1604 2376 40 44 is
1678 2378 80 42 the
1793 2378 93 44 real
1922 2385 152 51 target
2111 2381 48 43 of
2192 2382 81 43 the

462 2441 89 44 evil
575 2447 136 38 stare.

579 2513 96 45 The
709 2516 93 43 soft
837 2531 133 38 mass,
1009 2518 119 43 lame
1161 2519 119 44 from
1315 2526 157 47 terror,
1513 2522 92 43 still
1642 2523 132 45 holds
1807 2527 224 53 together.
2093 2527 182 55 Finally

462 2588 106 43 that
596 2588 261 46 indifferent
885 2597 122 38 stare
1035 2592 116 43 nails
1179 2593 62 43 its
1268 2594 175 52 victim,
1475 2596 129 44 there
1631 2597 38 43 is
1697 2612 60 28 no
1786 2612 174 43 escape.
2023 2601 74 43 He
2124 2601 38 43 is
2196 2601 52 43 ab-

462 2660 197 55 solutely
680 2664 169 42 unable
870 2669 50 38 to
942 2665 177 44 control
1141 2665 69 44 his
1232 2667 121 43 little
1373 2668 113 51 face,
1511 2674 50 38 to
1584 2671 127 41 show
1731 2671 178 44 neither
1929 2677 79 38 too
2033 2674 138 42 much
2191 2688 84 28 nor

462 2739 79 38 too
565 2735 120 45 little
708 2737 49 43 of
779 2738 80 43 the
882 2743 146 39 terror
1050 2739 106 43 that
1180 2739 38 45 is
1241 2742 269 56 convulsing
1522 2743 109 44 him.
1694 2744 139 46 From
1844 2747 167 43 second
2033 2752 50 38 to
2107 2749 168 42 second

461 2808 38 43 it
521 2809 220 44 descends
761 2812 176 55 deeper,
960 2812 93 44 this
1073 2812 262 45 indifferent
1355 2831 111 39 gaze
1485 2817 120 45 from
1624 2832 87 29 one
1731 2819 98 42 soul
1861 2819 97 43 into
1986 2820 80 44 the
2097 2822 99 42 soul
2228 2822 47 43 of

464 2881 203 51 another,
696 2883 163 56 boring
884 2885 133 42 down
1043 2892 107 49 past
1176 2888 57 42 all
1278 2902 189 38 reserve,
1506 2889 71 43 till
1613 2890 109 43 hate
1758 2890 37 43 is
1830 2892 122 50 bare,
1983 2893 92 43 and
2101 2908 28 28 a
2154 2908 97 29 crea-

461 2958 103 39 ture
591 2955 198 46 without
818 2959 230 52 restraint,
1081 2974 51 29 or
1161 2960 132 52 form,
1326 2977 51 28 or
1405 2963 170 52 shame,
1607 2964 242 57 whimpers
1894 2966 146 44 under
2068 2966 61 45 its
2157 2982 89 42 pun-

461 3025 215 46 ishment.
