2832 4226
662 3303 68 36 124

1058 1034 254 48 GEORGE
1345 1037 233 48 MOORE,
1612 1035 325 48 AESTHETE

706 1226 150 48 George
868 1226 169 39 Moore's
1049 1226 230 48 experience
1300 1226 43 37 of
1363 1225 69 39 life
1453 1227 74 38 has
1549 1228 100 38 been
1667 1228 263 48 exceptional,
1950 1228 80 37 and
2048 1228 112 38 there
2181 1240 68 26 are
2265 1229 144 48 phases

602 1291 43 36 of
668 1290 66 38 life
752 1289 99 38 with
866 1289 129 38 which
1011 1289 50 37 he
1084 1289 33 38 is
1149 1293 72 33 not
1254 1288 172 38 familiar
1458 1289 75 38 but
1566 1290 33 38 it
1616 1291 33 36 is
1675 1291 61 38 his
1753 1291 274 46 idiosyncrasy
2058 1294 71 33 not
2161 1295 44 34 to
2241 1292 165 49 qualify.

603 1355 64 34 He
689 1352 34 38 is
746 1365 52 23 an
822 1352 191 44 aesthete,
1040 1365 24 24 a
1087 1363 94 25 man
1205 1352 42 36 of
1268 1363 184 36 supreme
1475 1352 379 48 accomplishement
1877 1353 42 38 in
1941 1353 228 49 presenting
2192 1355 214 38 sensation.

601 1414 59 37 To
687 1426 82 34 any
792 1414 76 37 but
893 1426 76 25 one
995 1414 88 37 who
1109 1414 72 38 has
1207 1414 118 37 made
1351 1427 23 24 a
1400 1414 197 48 specialty
1621 1416 43 36 of
1687 1416 216 44 sensation,
1931 1417 50 37 he
2007 1428 125 26 seems
2171 1417 235 47 superficial,

602 1477 75 38 but
701 1489 23 25 a
746 1489 122 25 nerve
889 1477 33 37 is
945 1489 23 24 a
990 1489 120 25 nerve
1144 1477 80 36 and
1261 1476 62 39 his
1355 1482 233 42 expertness
1611 1490 43 25 as
1677 1490 52 25 an
1751 1478 187 38 observer
1960 1479 137 37 makes
2119 1491 75 24 one
2215 1479 76 38 feel
2314 1492 43 26 as
2378 1480 31 37 if

602 1539 203 38 sensation
828 1539 129 48 might
980 1544 43 32 at
1047 1552 82 33 any
1148 1539 100 37 time
1270 1539 162 37 wander
1454 1539 53 37 all
1527 1540 71 37 the
1620 1553 91 33 way
1730 1545 44 32 to
1797 1541 71 37 the
1889 1541 117 37 heart
2029 1553 44 26 as
2094 1541 143 37 indeed
2258 1543 33 36 it
2315 1541 94 38 does

601 1601 43 38 in
664 1600 147 42 Esther
833 1604 171 36 Waters.
1058 1602 76 38 His
1155 1601 258 49 introducing
1433 1602 43 37 in
1498 1602 61 38 his
1580 1603 111 36 work
1712 1616 43 25 so
1778 1614 125 35 many
1923 1604 201 47 imagined
2145 1604 201 38 instances
2368 1606 42 36 of

601 1664 189 48 suffering
812 1664 221 38 illustrates
1054 1664 83 38 this
1161 1665 196 38 aesthetic
1380 1665 281 38 sensitiveness
1684 1665 80 37 and
1787 1665 34 38 is
1844 1678 24 25 a
1901 1666 152 37 marvel
2086 1666 42 37 of
2150 1671 182 33 contrast
2364 1672 45 33 to

600 1727 71 36 the
694 1738 227 26 unconcern
944 1727 42 37 of
1009 1727 98 37 such
1131 1740 23 24 a
1178 1727 134 38 writer
1336 1740 44 25 as
1404 1728 137 44 Defoe,
1567 1727 89 37 who
1679 1727 91 39 tells
1793 1728 42 38 in
1860 1729 207 37 Robinson
2091 1728 145 39 Crusoe
2268 1729 42 37 of
2336 1730 72 37 the

602 1789 159 48 hungry
786 1788 188 39 wildcat:

745 1915 22 36 I
788 1913 136 39 tossed
948 1914 70 36 her
1042 1926 24 24 a
1089 1913 63 39 bit
1176 1914 41 36 of
1241 1912 160 47 biscuit,
1426 1914 157 48 though
1607 1914 57 46 by
1685 1914 71 38 the
1780 1927 90 34 way
1893 1915 21 38 I
1938 1927 82 27 was
2043 1920 72 33 not
2140 1927 99 35 very
2261 1916 82 38 free
2368 1917 41 37 of

598 1976 47 44 it,
669 1976 62 37 for
753 1988 70 35 my
844 1981 108 33 store
974 1988 81 26 was
1076 1981 73 33 not
1171 1981 113 44 great
1303 1988 7 25 :
1334 1976 196 45 however,
1554 1978 21 36 I
1597 1976 143 49 spared
1753 1978 68 36 her
1844 1990 24 24 a
1880 1977 74 45 bit,
1978 1979 21 36 I
2016 1990 83 33 say,
2120 1978 79 37 and
2216 1979 70 37 she
2303 1983 106 33 went

598 2044 46 32 to
661 2039 46 44 it,
727 2039 164 38 smelled
908 2039 42 37 of
967 2039 46 44 it,
1033 2039 80 36 and
1132 2044 67 33 ate
1216 2039 46 44 it,
1284 2039 79 37 and
1381 2039 144 37 looked
1555 2039 58 48 (as
1640 2039 173 48 pleased)
1844 2040 62 37 for
1934 2052 120 33 more,
2086 2041 75 38 but
2189 2042 22 36 I
2227 2041 182 38 thanked

600 2102 82 44 her,
709 2101 80 37 and
813 2101 118 37 could
954 2113 116 35 spare
1092 2114 53 24 no
1169 2113 110 25 more
1308 2113 9 34 ;
1342 2114 43 25 so
1410 2101 69 38 she
1503 2101 189 38 marched
1716 2102 57 37 off

601 2194 79 38 and
704 2196 42 36 of
767 2195 71 37 the
863 2195 174 49 sleeping
1059 2195 82 38 lion
1160 2206 7 26 :

744 2289 21 37 I
786 2289 101 37 took
907 2289 71 37 the
1001 2289 90 38 best
1115 2289 80 37 aim
1218 2291 21 35 I
1263 2289 117 38 could
1403 2289 100 38 with
1523 2289 71 38 the
1617 2290 88 38 first
1728 2290 109 47 piece
1859 2294 45 33 to
1927 2290 105 38 have
2054 2291 93 37 shot
2170 2291 85 37 him
2276 2291 43 37 in
2340 2293 71 38 the

599 2350 115 45 head,
737 2350 76 38 but
834 2352 50 36 he
903 2351 69 47 lay
998 2364 44 25 so
1073 2352 100 37 with
1191 2352 61 38 his
1272 2352 63 48 leg
1354 2352 130 38 raised
1505 2365 23 24 a
1547 2352 106 38 little
1670 2353 129 37 above
1815 2352 62 38 his
1893 2364 107 33 nose,
2020 2353 91 37 that
2131 2354 71 36 the
2222 2354 107 48 slugs
2348 2355 61 38 hit

599 2413 61 38 his
680 2413 62 48 leg
763 2414 126 38 about
909 2415 70 36 the
1001 2414 111 45 knee,
1137 2414 80 37 and
1238 2415 123 37 broke
1381 2415 71 37 the
1474 2414 188 39 bone....
1689 2416 21 36 I
1729 2416 101 37 took
1850 2428 24 24 a
1894 2415 147 39 second
2056 2416 110 47 piece
2183 2416 201 40 immediat-

600 2475 76 47 ely,
710 2477 80 37 and
820 2477 158 47 though
997 2477 50 38 he
1068 2477 129 48 began
1216 2481 46 33 to
1284 2489 117 26 move
1422 2478 58 37 off
1499 2477 98 38 fired
1619 2479 129 47 again,
1773 2478 80 37 and
1874 2478 91 37 shot
1987 2478 85 37 him
2091 2478 88 37 into
2199 2480 71 37 the
2290 2480 116 45 head,

600 2538 82 38 and
701 2539 82 37 had
801 2539 71 37 the
892 2540 181 48 pleasure
1092 2543 45 33 to
1158 2552 63 25 see
1242 2540 84 36 him
1346 2540 113 49 drop,
1494 2540 80 38 and
1595 2541 117 37 make
1732 2540 75 38 but
1827 2540 106 38 little
1952 2540 121 45 noise,
2096 2541 75 38 but
2192 2542 68 46 lay
2279 2546 109 45 strug-

600 2601 108 48 gling
727 2601 62 37 for
809 2601 78 38 life.
946 2632 35 8 ..
1002 2632 7 7 .
1026 2601 97 39 This
1143 2613 82 27 was
1243 2601 143 38 indeed
1406 2615 114 35 game
1538 2607 45 32 to
1603 2615 59 32 us,
1684 2602 76 38 but
1779 2603 82 38 this
1880 2615 82 26 was
1981 2616 53 24 no
2053 2603 108 45 food,
2184 2604 80 37 and
2284 2606 21 36 I
2328 2617 81 26 was

600 2676 101 33 very
722 2676 116 34 sorry
858 2667 45 34 to
927 2665 82 37 lose
1031 2664 115 38 three
1170 2664 163 48 charges
1357 2665 42 37 of
1421 2664 161 48 powder
1606 2665 80 38 and
1709 2666 92 37 shot
1825 2677 109 37 upon
1959 2678 23 25 a
2006 2670 182 33 creature
2209 2667 94 36 that
2328 2679 81 26 was

599 2725 105 48 good
729 2725 62 37 for
831 2726 172 48 nothing
1036 2730 45 33 to
1106 2738 59 26 us.
1197 2757 64 7 ...
1279 2728 21 36 I
1325 2727 226 48 bethought
1578 2728 153 47 myself,
1758 2728 184 39 however
1959 2740 10 33 ;
2001 2757 6 8 .
2029 2758 7 7 .
2057 2732 70 34 .at
2151 2728 80 38 last
2256 2742 59 24 we
2340 2734 69 43 got

599 2789 58 36 off
678 2789 72 36 the
774 2788 94 37 hide
894 2789 42 36 of
960 2789 96 45 him,
1085 2789 80 37 and
1190 2789 214 48 spreading
1426 2790 35 37 it
1487 2802 53 25 on
1563 2794 74 44 top
1662 2791 43 36 of
1729 2802 73 25 our
1828 2789 129 46 cabin,
1983 2790 72 37 the
2080 2801 76 26 sun
2181 2791 230 48 effectually

599 2850 111 38 dried
727 2851 35 37 it
779 2851 42 38 in
838 2855 82 33 two
939 2851 113 47 days'
1070 2851 99 38 time
1188 2852 80 37 and
1285 2852 34 38 it
1338 2852 217 38 afterward
1573 2853 142 38 served
1734 2863 63 26 me
1813 2856 46 34 to
1877 2853 51 38 lie
1945 2864 122 37 upon.

598 2975 126 38 Defoe
745 2975 33 39 is
799 2981 180 41 austere;
1015 2976 150 49 George
1186 2979 147 44 Moore,
1355 2978 70 37 the
1447 2978 167 38 obverse
1631 2990 9 33 ;
1672 2978 71 38 the
1764 2990 114 26 sense
1899 2978 42 37 of
1961 2990 113 26 sense
2093 2980 34 38 is
2148 2992 44 27 so
2213 2980 196 48 poignant

597 3038 94 38 that
725 3039 115 37 there
875 3039 34 38 is
927 3051 52 25 no
1015 3051 114 26 room
1159 3040 61 37 for
1256 3039 101 50 pity.
1413 3043 51 36 In
1503 3041 96 37 Hail
1640 3041 81 37 and
1768 3041 201 45 Farewell,
2007 3042 50 37 he
2092 3043 145 48 speaks
2273 3043 42 36 of
2348 3043 61 38 his

598 3100 82 38 and
697 3101 162 39 Yeats's
877 3101 170 49 altering
1063 3102 42 37 of
1122 3102 176 40 Edward
1315 3103 199 47 Martyn's
1532 3104 96 47 play
1644 3103 86 38 The
1747 3102 96 39 Tale
1861 3104 42 37 of
1921 3117 24 25 a
1962 3103 135 47 Town,
2118 3105 100 38 with
2235 3104 175 41 Edward

597 3165 165 44 Martyn
785 3164 41 37 in
851 3175 52 26 an
927 3164 207 49 adjoining
1156 3177 114 25 room
1294 3165 80 38 and
1397 3177 104 35 says,
1670 3178 101 26 were
1795 3166 79 38 like
1896 3171 82 34 two
2002 3166 101 50 boys
2147 3168 214 48 threading
2385 3180 24 24 a
