2832 4226
621 3319 65 48 158

706 751 140 37 That's
868 755 102 39 true,
1039 751 115 37 Carol
1177 751 204 46 hurriedly
1403 752 196 45 assented,
1677 755 62 37 his
1763 755 194 38 influence
1981 768 52 26 on
2055 757 71 36 the
2149 757 195 47 Neighbor-

562 815 106 38 hood
686 816 169 34 Heaven
873 813 72 37 has
962 813 102 36 been
1082 814 198 47 anything
1296 814 76 37 but
1389 814 71 37 the
1489 814 101 38 best.
1646 818 40 34 It
1716 817 97 37 used
1842 821 44 33 to
1916 818 49 38 be
1982 819 98 37 such
2099 831 24 25 a
2140 819 143 47 lovely,
2304 832 44 24 ex-

562 877 236 49 perimental
827 880 134 33 centre
988 875 61 38 for
1077 876 366 45 newly-incubated
1469 888 115 36 prose
1611 889 138 36 poems
1777 879 81 37 and
1886 880 232 49 plastiques.
2174 884 81 34 But
2278 894 92 25 ever

562 941 106 38 since
689 940 49 36 he
759 938 81 37 and
860 939 196 45 Dunsany
1076 938 104 37 have
1201 938 100 37 been
1321 938 161 48 helping
1500 939 115 37 them
1631 945 74 42 put
1723 952 52 24 on
1792 941 103 36 their
1916 941 101 45 bills,
2039 944 147 37 there's
2203 944 147 47 practic-

561 1004 81 45 ally
661 1013 52 25 no
735 1001 148 37 chance
903 1002 61 36 for
982 1000 71 37 the
1072 1011 178 36 younger
1270 1000 133 37 writer
1429 1023 40 3 —
1492 1006 72 32 not
1583 1002 93 37 that
1697 1005 20 35 I
1738 1014 67 26 am
1824 1003 42 36 in
1885 1015 81 34 any
1985 1005 126 46 hurry
2138 1010 45 32 to
2204 1019 63 25 see
2303 1018 67 34 my

560 1066 77 37 few
658 1064 137 47 things
819 1063 205 48 produced
1055 1063 94 47 (and
1174 1065 20 34 I
1219 1063 132 37 would
1375 1063 149 47 simply
1546 1063 94 38 have
1662 1070 45 31 to
1732 1066 104 37 have
1858 1066 72 37 the
1953 1066 107 47 right
2085 1069 284 46 atmosphere),

565 1150 41 5 —
628 1128 75 37 but
721 1126 69 37 it's
808 1131 71 31 too
897 1125 78 37 bad
995 1129 44 33 to
1060 1138 64 25 see
1142 1125 91 37 how
1249 1126 101 45 they
1368 1137 67 25 are
1454 1126 221 48 pandering
1692 1132 45 32 to
1755 1129 71 36 the
1846 1132 105 33 most
1971 1130 300 46 commonplace
2290 1131 80 36 and

561 1187 283 41 conventional
870 1192 140 34 tastes.

705 1253 81 36 Yes
804 1251 7 37 !
884 1249 157 39 chimed
1069 1249 41 37 in
1142 1249 95 37 Rita
1307 1249 118 38 could
1454 1251 199 47 anything
1682 1251 49 38 be
1763 1263 108 26 more
1901 1252 195 49 bourgeois
2123 1253 102 38 than
2252 1254 118 38 those

561 1313 220 42 Schnitzler
808 1313 114 47 plays
948 1312 100 46 they
1074 1324 101 35 gave
1201 1312 80 37 last
1307 1312 111 38 week
1436 1312 14 37 ?

705 1376 56 36 Or
779 1376 117 36 those
915 1374 234 46 hackneyed
1169 1374 282 38 monodramas
1471 1376 56 45 by
1546 1374 203 47 Evreinof,
1815 1377 109 48 flung
1940 1382 71 32 out
2032 1378 178 45 Juanita,
2271 1378 99 37 with

561 1437 220 40 outmoded
804 1437 169 47 settings
995 1437 58 46 by
1077 1436 160 38 Gordon
1263 1437 125 47 Craig.
1443 1439 121 43 Next,
1590 1440 21 35 I
1635 1451 172 35 suppose
1829 1440 141 45 they'll
1992 1444 84 33 trot
2101 1445 71 32 out
2210 1452 23 25 a
2267 1440 103 38 back

561 1501 168 38 number
747 1501 79 37 like
847 1499 222 37 Reinhardt
1088 1499 81 37 and
1188 1499 104 37 have
1309 1499 85 37 him
1411 1505 75 42 put
1507 1512 51 23 on
1576 1499 136 49 things
1730 1502 92 36 that
1843 1502 103 37 have
1964 1502 100 37 been
2078 1502 102 37 done
2191 1506 43 33 to
2248 1503 122 36 death

562 1566 78 36 like
665 1563 177 48 Hardy's
868 1562 68 37 old
962 1562 193 46 Dynasts'
1176 1562 6 37 !
1239 1562 38 36 If
1302 1562 33 36 it
1363 1563 162 36 weren't
1552 1562 62 38 for
1641 1575 92 34 you,
1765 1564 126 44 Carol,
1919 1565 141 46 they'd
2088 1565 49 37 be
2162 1565 138 47 trying
2325 1570 45 32 to

561 1628 95 37 foist
684 1628 92 35 that
797 1630 83 33 sort
900 1625 42 36 of
961 1624 235 37 half-baked
1216 1624 84 37 fare
1319 1635 52 25 on
1392 1636 72 25 our
1485 1636 88 25 own
1601 1626 152 36 Drama
1780 1628 20 34 I
1801 1651 12 16 v
1815 1639 135 34 eague.

707 1691 92 42 Yes,
872 1687 146 48 agreed
1049 1687 110 44 Rita,
1289 1687 33 36 it
1346 1687 163 37 weren't
1533 1687 61 37 for
1616 1698 82 36 you
1730 1710 40 4 —

706 1753 20 35 I
759 1762 184 36 suppose,
977 1750 94 36 Mrs.
1107 1749 235 43 Kennicott,
1415 1752 19 34 I
1466 1749 265 48 interrupted,
1803 1752 94 36 that
1929 1763 81 34 you
2042 1763 66 25 are
2138 1752 70 36 the
2240 1751 78 48 god
2326 1773 39 3 —

560 1818 20 34 I
608 1813 144 39 should
779 1825 74 34 say
877 1813 71 36 the
975 1811 170 48 goddess
1177 1833 40 4 —
1249 1811 42 36 of
1316 1811 82 38 this
1425 1811 219 48 particular
1670 1813 194 38 Nirvana.

704 1877 21 35 I
757 1897 41 4 —
828 1887 42 25 er
891 1896 40 4 —

704 1938 77 39 She
808 1936 194 47 certainly
1027 1937 126 46 ought
1177 1941 45 32 to
1248 1936 49 37 be
1322 1936 31 37 if
1376 1937 71 37 she
1471 1936 107 45 isn't,
1651 1936 147 39 Carol's
1833 1938 285 37 henchwomen
2159 1938 208 38 chorused.

703 2000 85 38 The
811 2000 84 38 fact
919 2000 46 44 is,
1037 1999 132 37 added
1192 1999 70 36 the
1287 1998 152 45 doctor,
1511 1999 146 47 you've
1681 2000 156 47 opened
1861 2012 55 36 up
1940 2013 24 24 a
1988 2000 135 38 rather
2147 2013 88 25 sore
2257 2000 111 47 topic

560 2064 126 37 that's
704 2063 84 48 just
807 2063 157 46 coming
980 2067 45 32 to
1044 2074 25 24 a
1086 2061 115 38 head.
1255 2061 57 38 As
1328 2061 135 47 things
1481 2074 78 31 are,
1578 2062 171 37 there're
1765 2067 71 32 too
1855 2074 123 34 many
1996 2063 210 37 claimants
2227 2067 44 33 to
2298 2063 71 36 the

561 2126 249 47 so-to-speak
834 2126 157 36 throne.
1039 2123 157 38 'Course
1223 2124 148 37 there's
1401 2135 52 25 no
1485 2124 185 48 question
1699 2124 124 38 who's
1853 2124 165 38 entitled
2050 2129 45 33 to
2125 2125 46 37 it.
2227 2124 142 38 Before

561 2189 132 38 Carrie
711 2199 111 26 came
839 2188 104 43 here,
964 2187 109 36 what
1091 2190 84 33 sort
1194 2187 42 35 of
1253 2186 113 47 place
1382 2198 81 25 was
1481 2186 94 44 this,
1596 2198 172 34 anyway
1785 2186 15 37 ?
1855 2187 36 37 A
1910 2187 335 46 kidney-colored,
2265 2187 83 38 slab-

559 2251 112 38 sided
690 2251 126 47 dump
834 2250 93 36 that
947 2249 130 47 might
1096 2249 104 37 have
1219 2249 100 37 been
1338 2261 24 23 a
1383 2249 188 37 Paradise
1587 2253 45 32 to
1653 2261 23 24 a
1694 2260 99 36 poor
1811 2249 122 37 white
1951 2249 80 37 like
2060 2249 123 47 Hugh
2218 2251 152 45 McVey

559 2314 74 37 but
660 2313 181 48 hopeless
867 2312 62 36 for
955 2323 83 34 any
1062 2312 90 43 live,
1182 2311 219 47 art-loving
1427 2322 113 36 guys.
1598 2312 172 45 Beauty,
1799 2311 103 37 hell!
1958 2314 115 34 None
2099 2312 38 36 in
2168 2324 23 24 a
2218 2312 149 36 million

559 2376 111 37 miles
698 2374 80 39 and
806 2387 51 24 no
886 2385 75 26 one
988 2374 155 37 around
1171 2373 98 37 with
1297 2374 158 46 enough
1481 2385 132 31 nerve,
1644 2374 211 46 gumption
1883 2387 43 23 or
1954 2374 345 38 sticktuitiveness
2325 2378 43 32 to

559 2437 83 38 find
671 2449 91 35 any.
818 2437 129 47 Along
974 2448 131 26 comes
1131 2435 83 39 this
1239 2436 106 37 little
1371 2435 106 46 lady,
1517 2436 94 37 stirs
1637 2448 55 34 up
1720 2448 24 24 a
1770 2435 57 37 lot
1853 2436 44 36 of
1921 2436 68 38 old
2015 2435 351 44 Scandahoofians,

559 2505 95 43 puts
674 2512 78 36 pep
770 2500 88 37 into
877 2512 24 23 a
920 2498 135 38 bunch
1072 2498 43 37 of
1133 2499 120 37 hexes
1272 2498 78 37 and
1371 2498 136 47 grinds
1525 2498 92 37 that
1638 2499 95 45 only
1751 2498 119 37 think
1888 2498 42 37 of
1948 2498 156 48 getting
2121 2498 71 38 the
2211 2498 157 38 world's

559 2576 29 23 w
589 2576 6 7 T
599 2563 73 36 ork
689 2562 115 45 done,
825 2561 74 38 fills
917 2561 81 38 this
1017 2560 185 48 dried-up
1222 2561 101 47 burg
1341 2561 99 36 with
1458 2573 23 23 a
1500 2561 81 39 real
1610 2560 316 39 honest-to-God
1943 2561 113 47 pride
2074 2561 37 36 in
2132 2561 120 43 itself,
2272 2566 96 42 puts

560 2626 68 36 her
647 2625 186 38 shoulder
850 2629 45 32 to
911 2624 72 37 the
1000 2623 70 47 job
1088 2623 81 37 and
1187 2623 86 47 digs
1291 2623 40 37 in
1350 2623 80 37 and
1447 2623 128 45 today
1597 2644 40 4 —
1659 2622 137 39 Weill!
1940 2623 141 38 waved
2098 2636 24 24 a
2140 2623 130 48 proud
2288 2623 78 37 and

559 2686 325 49 comprehensive
903 2698 87 25 arm
1007 2686 98 37 with
1124 2698 22 23 a
1165 2690 158 42 gesture
1340 2685 92 37 that
1451 2686 77 36 lost
1548 2698 23 23 a
1589 2686 105 36 little
1729 2686 41 36 of
1787 2685 55 38 its
1860 2686 228 37 confidence
2106 2698 45 26 as
2167 2685 55 39 its
2239 2697 129 35 sweep

559 2755 82 33 met
656 2751 72 36 the
743 2750 125 47 figure
882 2749 42 36 of
940 2761 23 24 a
979 2749 84 43 tall,
1081 2749 91 36 lean
1189 2759 94 26 man
1298 2747 100 37 with
1413 2760 24 24 a
1462 2747 226 48 shambling
1703 2747 83 48 gait
1804 2747 80 38 and
1911 2761 23 24 a
1959 2749 105 46 long,
2094 2747 149 38 serious
2268 2748 99 37 face.

602 2814 134 44 Sorry,
761 2813 64 36 Mc
847 2813 98 44 Vey,
969 2809 133 39 didn't
1124 2823 64 25 see
1209 2822 82 34 you
1312 2810 169 47 coming.

703 2874 141 38 That's
865 2874 52 37 all
936 2874 120 47 right,
1121 2873 87 37 said
1227 2872 135 48 Hugh.
1460 2872 141 38 That's
1630 2873 53 36 all
1712 2872 124 47 right.
1932 2872 36 38 A
1987 2873 112 48 lump
2118 2884 113 26 arose
2249 2873 41 36 in
2309 2872 61 38 his

556 2938 139 37 throat
721 2937 81 38 and
826 2937 62 37 for
912 2949 24 24 a
961 2940 181 33 moment
1166 2936 50 37 he
1241 2947 81 26 was
1345 2939 94 33 torn
1463 2935 100 36 with
1587 2935 144 37 silence
1755 2935 81 37 and
1860 2935 192 47 self-pity.
2108 2936 64 35 He
2194 2935 174 47 thought

555 3001 42 36 of
614 3001 71 36 the
714 3000 67 37 old
801 2999 101 47 days
921 2999 41 37 in
980 2999 156 37 heaven
1156 2999 135 37 before
1309 2998 71 37 the
1400 2997 158 47 coming
1576 2997 43 37 of
1632 2997 114 39 Carol
1765 2997 80 37 and
1865 2998 42 36 of
1918 2998 70 36 the
2000 2998 66 38 old
2079 2997 99 47 days
2191 3009 52 28 on
2254 2998 116 37 earth

555 3063 136 38 before
711 3063 71 37 the
804 3062 158 47 coming
982 3062 43 36 of
1045 3060 200 47 industry,
1269 3060 136 38 before
1425 3060 71 37 the
1517 3060 100 37 time
1637 3060 42 36 of
1698 3060 72 37 the
1792 3060 94 37 mad
1907 3060 213 45 activities,
2144 3060 135 38 before
2299 3060 70 37 the

555 3126 259 47 Winesburgs
841 3124 80 40 and
950 3124 248 38 Picklevilles
1220 3124 81 37 had
1323 3135 136 35 grown
1481 3123 87 37 into
1589 3123 71 37 the
1683 3123 92 46 Day
1777 3126 104 40 tons,
1905 3123 71 37 the
1997 3123 171 44 Akrons,
2203 3123 80 38 and
2315 3123 53 37 all

554 3190 71 36 the
642 3188 112 39 shrill
771 3199 88 28 new
875 3192 131 33 towns
1023 3187 201 38 scattered
1241 3199 95 25 over
1354 3187 71 36 the
1444 3185 71 38 flat
1534 3185 127 38 lands.
1717 3188 64 34 He
1797 3185 176 47 thought
1992 3185 42 37 of
2049 3186 71 37 the
2136 3186 100 37 time
2253 3185 114 37 when
