2832 4226
692 3258 68 38 150

631 689 70 37 the
724 687 179 39 headless
927 686 183 44 swallow,
1136 688 21 35 I
1180 686 156 36 neither
1360 684 141 44 doubt,
1527 696 73 24 nor
1624 684 106 45 deny
1752 696 73 24 nor
1849 683 146 39 defend
2013 696 9 33 ;
2046 683 61 37 for
2131 684 20 35 I
2176 694 67 25 am
2278 681 161 38 Ortnitz

632 751 80 39 and
739 754 20 34 I
792 772 41 4 —

732 813 126 37 These
877 822 190 27 sonorous
1085 811 184 47 strophes
1287 821 101 25 were
1406 809 153 37 broken
1576 808 57 47 by
1650 820 23 25 a
1691 808 157 38 rumble
1865 808 42 37 of
1924 808 133 39 voices
2074 808 92 37 that
2185 806 132 38 issued
2335 806 106 37 from

631 877 61 38 his
715 875 166 39 retinue.
936 873 92 38 And
1052 873 173 44 Ortnitz,
1250 872 187 47 realizing
1459 871 91 36 that
1574 871 71 36 the
1684 870 97 48 spell
1806 882 80 25 was
1910 870 150 37 broken
2084 870 161 46 beyond
2269 868 170 49 promise

632 939 40 37 of
692 937 141 49 repair,
856 936 181 37 retraced
1058 935 60 38 his
1138 939 113 43 steps
1270 935 183 45 ruefully.
1509 935 40 35 It
1571 945 96 34 may
1687 933 49 37 be
1755 933 93 36 that
1870 933 50 36 he
1941 932 72 37 felt
2035 932 195 46 betrayed
2249 931 57 46 by
2324 931 116 37 those

631 1001 89 36 who
750 998 143 40 should
921 999 104 36 have
1053 996 247 39 understood
1327 997 85 36 him
1440 996 117 45 best;
1588 995 33 38 it
1650 995 33 39 is
1712 994 271 48 indisputable
2010 994 93 37 that
2126 994 61 38 his
2205 994 97 47 high
2320 992 121 38 mood

631 1076 81 25 was
745 1060 228 40 bedwarfed
1021 1060 93 44 and,
1157 1060 214 47 impatient
1417 1062 43 34 at
1507 1058 99 38 such
1650 1058 281 43 belittlemrent,
1994 1057 50 36 he
2088 1056 148 37 turned
2281 1067 53 25 on
2380 1055 61 38 his

632 1124 269 49 companions.

776 1189 63 34 Do
862 1197 82 35 you
965 1185 71 37 tell
1060 1197 63 25 me
1146 1197 89 25 now
1260 1183 172 38 without
1458 1183 170 46 dubiety
1651 1195 44 25 or
1719 1182 80 38 odd
1823 1181 171 48 by-ends
2018 1182 41 36 of
2082 1180 223 48 metaphor,
2331 1180 108 37 what

632 1263 95 33 may
749 1250 83 37 this
854 1248 239 47 turgescible
1117 1247 144 37 clatter
1285 1246 174 48 portend
1477 1246 14 38 ?

776 1310 172 44 Messire,
1019 1310 124 47 spoke
1169 1321 74 24 one
1269 1309 41 36 of
1334 1309 125 43 them,
1487 1321 23 24 a
1535 1308 67 37 lad
1629 1307 125 38 called
1778 1307 158 38 Arnaut
1963 1306 154 44 Daniel,
2190 1317 58 25 we
2274 1317 66 25 are
2365 1305 75 37 but

632 1387 91 27 men
741 1387 8 32 ;
771 1373 270 38 nevertheless
1061 1385 58 23 we
1140 1384 66 25 are
1227 1375 127 43 poets.
1409 1371 93 37 And
1523 1383 43 25 as
1587 1370 99 38 such
1705 1381 58 25 we
1794 1369 106 44 hold,
1934 1373 71 33 not
2037 1369 96 46 only
2161 1373 44 32 to
2228 1368 211 43 ourselves,

631 1450 24 24 a
673 1436 124 39 dread
815 1434 309 49 responsibility.
1178 1434 114 42 Iyook
1309 1446 93 34 you,
1423 1434 70 36 the
1512 1432 139 38 record
1668 1432 42 37 of
1728 1432 113 37 these
1862 1431 99 46 days
1980 1431 81 38 and
2079 1429 223 49 unguessed
2321 1441 116 35 years

630 1500 34 37 is
686 1500 43 37 in
752 1511 71 25 our
847 1497 140 38 hands.
1042 1496 85 38 The
1150 1496 123 37 world
1297 1496 98 38 lives
1420 1496 95 46 only
1538 1507 43 26 as
1605 1507 58 24 we
1684 1495 72 37 tell
1779 1494 42 37 of
1842 1495 46 36 it.
1942 1493 85 38 The
2049 1493 113 37 lurch
2185 1493 41 37 of
2249 1504 98 33 seas,
2371 1492 71 37 the

631 1562 179 45 stealthy
832 1561 198 46 footsteps
1054 1559 42 37 of
1117 1559 71 38 the
1211 1571 122 35 grass,
1357 1559 71 37 the
1452 1558 104 47 huge
1579 1557 144 38 strides
1747 1557 41 36 of
1809 1556 72 38 the
1904 1568 74 26 sun
2013 1568 132 26 across
2167 1556 71 36 the
2262 1555 86 46 sky,
2372 1554 70 37 the

632 1629 180 41 mystery
832 1622 81 39 and
933 1626 179 41 mastery
1132 1622 42 36 of
1195 1621 108 44 flesh,
1322 1620 82 38 this
1425 1620 143 38 snatch
1590 1620 80 37 and
1690 1618 112 39 blaze
1823 1618 79 39 and
1923 1618 196 39 insolence
2140 1618 42 36 of
2201 1617 66 38 life
2294 1639 39 4 —
2354 1617 88 36 who

631 1688 33 36 it
679 1692 44 32 to
741 1687 118 36 know
875 1685 40 36 of
931 1685 33 36 it
981 1697 94 25 save
1090 1684 93 37 that
1200 1697 58 24 we
1274 1683 87 47 sing
1378 1695 8 32 ;
1404 1683 91 36 how
1510 1695 74 24 can
1610 1694 91 25 men
1728 1681 109 38 learn
1862 1681 43 36 of
1929 1681 33 36 it
1990 1685 142 43 except
2158 1679 176 47 through
2359 1690 47 26 us
2424 1679 15 37 ?

631 1749 225 43 Therefore,
879 1747 156 47 subject
1056 1751 44 32 to
1121 1747 108 36 what
1250 1745 237 38 limitations
1508 1757 66 24 are
1594 1744 140 48 placed
1755 1756 109 35 upon
1884 1755 47 26 us
1951 1744 57 45 by
2027 1755 72 24 our
2120 1755 91 34 eyes
2233 1741 80 37 and
2343 1753 97 32 ears,

633 1824 66 24 are
719 1824 58 24 we
795 1808 138 40 bound
950 1813 45 33 to
1014 1808 138 38 record
1173 1809 95 44 only
1284 1808 71 36 the
1376 1807 124 44 Good,
1521 1807 71 37 the
1613 1806 203 38 Beautiful
1844 1805 80 38 and
1943 1806 70 36 the
2032 1804 115 37 True.
2201 1803 93 39 And
2312 1803 109 38 there-

633 1874 96 44 fore,
754 1872 171 43 Messire,
952 1876 108 33 must
1084 1884 70 31 we,
1180 1871 88 36 who
1291 1870 156 46 though
1470 1874 115 43 poets
1611 1881 66 24 are
1711 1868 269 37 nevertheless
2015 1879 102 32 men,
2143 1867 49 37 be
2227 1865 137 39 bound
2397 1871 44 32 to

633 1936 114 37 differ
771 1935 41 36 in
835 1935 71 36 the
929 1933 310 48 interpretation
1263 1932 42 37 of
1326 1932 114 38 these
1462 1931 114 38 three
1599 1930 240 38 beatitudes.

734 1997 95 39 Said
856 1996 162 38 Ortnitz
1036 2007 6 25 :

777 2058 75 48 Ey,
872 2059 74 37 but
964 2058 172 37 wherein
1154 2069 74 26 can
1244 2058 114 37 there
1375 2057 50 38 be
1442 2069 44 25 so
1503 2055 118 47 noisy
1637 2056 80 37 and
1735 2055 207 48 divergent
1960 2066 51 25 an
2029 2054 162 48 opinion
2210 2065 8 33 ;
2236 2054 71 37 the
2324 2053 116 47 good,

632 2135 43 26 so
697 2133 96 27 runs
812 2122 72 37 the
906 2120 159 38 ancient
1087 2125 181 43 cantrap,
1293 2120 33 38 is
1348 2119 149 46 always
1519 2118 211 44 beautiful,
1754 2118 72 37 the
1848 2118 200 37 beautiful
2069 2117 32 38 is
2121 2121 102 33 true.

732 2184 144 38 Daniel
903 2183 190 37 returned
1112 2195 7 25 :

776 2246 113 39 Good
913 2246 95 46 only
1030 2246 62 36 for
1112 2246 72 36 the
1205 2245 100 37 time
1327 2244 131 48 being,
1483 2243 160 38 messire
1661 2255 9 33 ;
1706 2243 198 37 beautiful
1928 2243 96 45 only
2058 2254 42 26 as
2124 2254 23 25 a
2171 2241 204 47 challenge
2396 2244 45 33 to

630 2309 169 49 egotism
818 2320 6 25 :
846 2309 42 36 in
906 2309 71 36 the
997 2310 21 35 I
1037 2308 42 36 of
1096 2308 71 37 the
1187 2305 190 40 beholder
1395 2318 7 33 ;
1423 2311 91 33 true
1534 2307 96 45 only
1646 2310 45 33 to
1710 2306 71 37 the
1802 2305 185 48 question
2006 2305 42 37 of
2069 2305 138 36 Pilate.

773 2373 22 35 I
819 2370 84 38 find
926 2370 92 38 that
1046 2382 50 24 an
1121 2371 166 37 obscure
1312 2369 151 47 saying,
1536 2368 162 38 Ortnitz
1723 2367 242 38 considered.

774 2436 40 35 It
832 2434 33 37 is
884 2445 51 24 an
952 2437 147 33 untrue
1116 2432 152 47 saying,
1392 2432 122 37 broke
1533 2431 40 36 in
1591 2443 23 24 a
1630 2434 125 44 gaunt
1769 2431 130 36 fellow
1909 2430 100 37 with
2026 2442 23 24 a
2066 2429 86 48 pair
2166 2429 40 37 of
2219 2427 88 40 cold
2324 2439 118 37 green

630 2509 92 34 eyes
734 2495 82 38 and
829 2508 23 24 a
866 2495 120 47 sharp
1001 2495 149 47 garden
1163 2494 147 38 utensil
1323 2494 131 37 which
1469 2494 50 36 he
1533 2493 151 39 carried
1697 2493 42 37 in
1751 2493 79 37 lieu
1844 2492 41 37 of
1898 2505 52 24 an
1962 2493 256 37 instrument.
2314 2490 128 38 There

630 2559 33 37 is
681 2559 95 45 only
794 2570 75 24 one
886 2556 131 38 Truth
1035 2557 80 37 and
1131 2557 93 36 that
1242 2557 33 36 is
1293 2556 69 37 the
1380 2556 82 37 real
1478 2556 129 43 truth,
1626 2556 72 37 the
1715 2555 127 37 whole
1858 2555 118 37 truth
1994 2554 80 38 and
2091 2554 171 47 nothing
2279 2553 75 37 but
2373 2553 69 36 the

628 2621 128 37 truth.
811 2620 65 37 All
896 2620 70 36 the
987 2624 81 32 rest
1089 2619 33 37 is
1146 2619 304 36 Romanticism.
1506 2620 20 34 I
1548 2618 103 37 have
1674 2622 70 33 not
1767 2629 89 26 seen
1879 2617 71 37 the
1971 2617 96 39 Soul
2086 2617 94 36 that
2202 2628 70 34 my
2292 2614 150 38 friends

628 2684 93 36 here
739 2687 117 43 prate
874 2681 52 45 of,
947 2693 44 25 so
1009 2683 21 35 I
1049 2693 75 25 can
1141 2685 72 33 not
1232 2681 75 37 call
1323 2680 34 37 it
1376 2692 70 34 my
1463 2692 89 25 own
1570 2692 8 31 ;
1597 2680 75 37 but
1691 2682 20 34 I
1731 2692 74 25 can
1823 2680 75 36 call
1920 2680 82 37 this
2030 2679 124 47 spade
2171 2691 25 23 a
2214 2677 135 48 spade.
2404 2677 38 36 If

628 2757 82 35 you
731 2745 79 37 will
833 2744 96 45 only
948 2744 120 37 listen
1089 2747 44 33 to
1155 2743 45 44 it,
1224 2743 33 36 it
1280 2742 78 37 will
1380 2742 66 47 dig
1467 2754 56 35 up
1543 2742 71 37 the
1636 2753 99 34 very
1755 2746 110 33 roots
1887 2741 42 37 of
1951 2753 109 35 song.
2116 2740 114 38 With
2250 2740 46 44 it,
2321 2742 20 35 I
2364 2739 77 36 will

628 2808 173 37 unearth
823 2807 62 36 for
907 2818 82 34 you
1010 2807 70 36 the
1103 2806 147 37 bowels
1272 2805 42 36 of
1334 2805 110 37 time.
1501 2805 115 37 With
1636 2804 32 37 it
1693 2807 19 33 I
1736 2804 79 36 will
1837 2816 49 34 go
1910 2803 117 37 down
2050 2815 44 26 as
2117 2802 101 48 deep
2241 2814 43 26 as
2306 2801 90 39 hell.

772 2869 93 38 And
900 2881 44 25 as
979 2868 96 48 high
1110 2881 43 25 as
1188 2868 155 38 heaven
1362 2867 14 37 ?
1468 2866 237 48 questioned
1751 2866 173 44 Ortnitz,
1961 2870 72 32 not
2069 2877 99 34 very
2201 2864 237 46 mirthfully.

728 2932 84 37 The
840 2931 153 37 Realist
1021 2930 204 38 answered
1251 2930 182 47 nothing,
1462 2930 75 37 but
1564 2928 100 38 with
1689 2941 23 24 a
1740 2933 158 42 gesture
1925 2928 41 36 of
1992 2928 157 47 despair
2168 2927 192 39 mounted
2380 2927 62 37 his

627 2996 116 37 horse
764 2993 80 38 and
865 2993 183 38 followed
1070 2994 56 45 by
1146 2993 61 38 his
1229 2993 227 43 adherents,
1481 2991 194 48 departed
1695 2991 153 37 toward
1873 2991 69 36 the
1965 2992 122 37 West.

729 3057 113 37 Then
868 3057 160 37 Ortnitz
1053 3055 148 38 turned
1227 3060 44 32 to
1300 3067 23 25 a
1349 3055 62 37 far
1438 3067 109 25 more
1573 3054 120 37 timid
1719 3054 120 45 being
1865 3054 131 37 whose
2023 3053 149 40 dented
2199 3052 81 38 and
2307 3053 133 45 flimsy

625 3120 128 38 shield
776 3121 95 37 bore
893 3120 71 35 the
988 3118 137 38 device
1149 3118 42 36 of
1214 3131 23 24 a
1262 3118 224 47 crumbling
1508 3118 117 45 ivory
1647 3121 136 33 tower.
1839 3116 35 37 A
1898 3116 124 49 single
2056 3115 120 38 white
2201 3128 138 35 poppy
2373 3116 68 49 lay
