3518 4417
1747 126 89 50 242

211 261 94 51 und
332 263 70 49 die
422 261 146 50 reiche
588 261 144 50 Tante
755 260 91 51 und
930 261 342 53 Fanchonnette
1305 261 95 51 eine
1430 263 92 49 und
1551 261 196 53 dieselbe

212 345 174 49 Person
416 343 111 49 sind.

336 427 94 49 Für
469 427 88 49 den
595 425 156 68 Erfolg
794 427 57 49 ist
891 425 118 51 noch
1042 444 54 32 zu
1124 425 263 60 bemerken,
1427 427 101 49 dass
1561 444 87 32 nur
1679 427 70 49 die

212 507 131 50 Rolle
374 508 80 49 der
482 508 340 49 Fanchonnette
853 508 121 49 einer
1004 508 222 49 beliebten
1258 508 235 66 Sängerin,
1535 509 80 48 der
1644 509 78 48 ehe-

212 590 195 66 maligen
435 590 334 51 Mademoiselle
799 592 179 58 Miolan,
1016 590 196 66 jetzigen
1255 592 118 48 Frau
1405 590 217 50 Carvalho
1665 592 84 67 (ihr

218 673 133 49 Gatte
379 673 56 49 ist
455 674 212 48 Director
696 674 79 48 des
1250 675 196 49 Thedtre
1447 681 130 41 anvertraut
1578 691 70 40 war,
1678 673 70 48 die

215 753 189 67 übrigen
433 754 110 50 aber
581 772 86 33 von
706 755 117 49 noch
854 754 317 51 unbekannten
1202 754 199 50 Grössen
1432 755 42 49 in
1507 754 78 50 der
1617 755 107 49 hiesi-

215 853 85 50 gen
331 838 304 48 Theaterwelt
670 837 204 67 gegeben
905 837 204 49 wurden.
1165 838 122 48 Nach
1329 837 80 49 der
1444 846 153 42 ersten
1630 839 86 47 Vor-

215 918 197 67 stellung
454 919 190 50 wurden
689 921 68 48 die
784 921 174 49 Namen
1001 919 80 50 der
1109 918 187 50 Dichter
1340 919 80 50 auf
1457 921 291 66 allgemeinen

212 1001 97 49 Ruf
345 999 198 51 bekannt
586 1002 209 65 gemacht
839 1002 91 48 und
960 1001 233 67 Clapisson
1235 1002 143 48 durch
1424 1002 325 65 einstimmigen

215 1082 93 49 und
351 1083 300 50 anhaltenden
689 1083 152 50 Beifall
887 1083 79 50 der
1011 1101 176 48 ganzen
1217 1083 366 57 Zuhörerschaft,
1631 1084 121 49 nicht

218 1164 78 51 der
328 1164 185 70 Claque,
546 1183 101 32 zum
675 1167 327 51 Hervortreten
1030 1166 247 66 genöthigt.

1510 1168 51 47 B.
1589 1168 48 49 P.

801 1406 364 75 Beurtheilung.

362 1534 82 48 Die
502 1533 149 49 Lehre
714 1550 86 34 von
860 1534 79 48 der
997 1534 248 52 deutschen
1305 1538 410 66 Gesangs-Aus-

463 1615 260 68 sprache,
764 1615 522 70 theoretisch-praktisch
1311 1619 249 51 bearbeitet
1587 1638 166 33 u.s.w.

465 1716 87 31 Yon
569 1698 221 49 Gustav
819 1699 374 67 Nauenburg.
1206 1702 298 66 Magdeburg,
1527 1702 70 50 bei
1615 1704 111 48 Hein-

468 1779 268 49 richshofen.

337 1897 106 49 Man
475 1897 115 49 kann
621 1897 114 50 eben
767 1898 122 49 nicht
911 1897 274 69 behaupten,
1216 1900 101 50 dass
1342 1902 83 48 wir
1455 1919 94 32 arm
1579 1919 55 32 an
1667 1903 57 49 Ge-

216 1979 295 66 sangschulen
536 1983 166 46 wären.
735 1980 124 50 Ganz
889 1980 256 66 abgesehen
1177 1999 85 32 von
1294 1984 86 48 den
1398 1984 354 67 Anweisungen,

219 2060 173 51 welche
434 2078 85 32 von
550 2060 132 66 jeher
725 2062 76 49 das
833 2062 202 50 Ausland
1074 2063 231 66 gebracht,
1351 2065 109 50 fehlt
1484 2083 47 32 es
1562 2068 114 48 auch
1708 2068 43 50 in

218 2144 80 50 der
329 2161 198 31 neueren
547 2144 98 50 Zeit
677 2144 91 50 und
800 2144 139 51 selbst
969 2145 43 49 in
1042 2145 85 50 den
1159 2147 165 49 letzten
1347 2148 168 50 Jahren
1545 2148 121 51 nicht
1695 2167 55 32 an

218 2224 324 60 Hülfsmitteln,
563 2225 82 59 die,
663 2227 78 48 mit
767 2227 350 51 Sachkenntniss
1150 2229 92 49 und
1265 2229 257 66 Erfahrung
1550 2237 170 44 entwor-

218 2308 86 58 fen,
336 2325 50 31 so
415 2308 203 48 Lehrern
650 2308 62 50 als
740 2308 220 51 Schülern
989 2309 77 50 das
1099 2327 102 33 zum
1221 2312 413 66 Gesang-Studium
1666 2314 56 47 Er-

214 2389 266 50 forderliche
510 2389 314 51 übersichtlich
862 2392 249 51 aufstellen.
1169 2394 93 49 Hat
1306 2411 101 32 man
1452 2394 114 50 doch
1611 2396 141 49 selbst

214 2471 150 49 kleine
393 2472 289 58 Anekdoten,
712 2473 69 47 die
811 2472 70 49 ein
910 2473 127 60 alter,
1068 2474 236 65 gefeierter
1334 2476 331 66 Gesanglehrer
1694 2496 56 32 zu

214 2552 220 51 debitiren
478 2553 181 66 pflegte,
703 2553 301 66 ausgebeutet
1050 2556 90 49 und
1179 2556 44 49 in
1263 2556 261 67 dickleibige
1554 2558 196 50 Schulen

214 2634 282 60 verarbeitet,
541 2636 120 49 nicht
702 2636 129 49 allein
876 2655 80 31 zur
997 2637 345 67 Verbesserung
1383 2639 76 51 des
1502 2641 246 49 deutschen

216 2718 245 65 Gesanges,
505 2717 194 51 sondern
744 2720 331 64 vorzugsweise
1116 2739 80 31 zur
1235 2721 220 49 sittlichen
1487 2723 261 66 Veredlung

219 2798 78 50 des
325 2800 245 48 Menschen
602 2800 139 48 durch
773 2800 78 49 das
881 2801 208 49 Studium
1121 2802 192 50 schöner
1331 2803 299 68 Tonbildung.
1661 2806 86 48 Die

217 2880 146 50 Sache
393 2880 56 50 ist
478 2882 120 48 nicht
627 2881 131 59 ohne,
800 2900 85 32 nur
915 2883 217 50 vielleicht
1163 2885 282 66 umgekehrt.
1503 2887 85 48 Ein
1618 2904 104 31 aner-

218 2963 136 49 kannt
384 2962 225 66 tüchtiger
640 2965 331 64 Gesanglehrer
1000 2966 215 66 (Hauser)
1247 2966 273 68 behauptete
1552 2985 85 33 von
1668 2968 80 50 der

217 3043 287 66 Tonbildung
533 3046 80 48 der
630 3046 111 49 Lind
757 3065 10 30 :
797 3064 87 31 nur
913 3047 100 50 eine
1042 3048 112 56 edle,
1188 3048 167 50 schöne
1379 3050 129 48 Seele
1538 3055 122 46 wäre
1689 3051 57 50 im

218 3127 183 57 Stande,
431 3128 150 49 solche
613 3130 126 48 Töne
767 3147 54 31 zu
854 3146 237 50 erzeugen.
1122 3131 83 48 Die
1233 3131 490 67 philosophisch-christ-

221 3207 143 50 lichen
409 3208 332 50 Stimmbildner
786 3211 197 50 konnten
1028 3212 153 49 mithin
1224 3230 56 32 an
1324 3214 80 49 der
1441 3214 146 49 Kehle
1630 3215 118 49 ihrer

217 3290 190 49 Schüler
457 3288 297 60 beobachten,
797 3292 59 50 ob
894 3294 78 48 der
1012 3294 317 66 Taugenichts,
1376 3296 87 48 den
1503 3296 61 50 sie
1606 3296 41 48 in
1679 3296 68 50 die

214 3372 149 50 Lehre
402 3389 287 49 genommen,
727 3374 157 48 stehen
923 3375 249 65 geblieben,
1218 3376 109 50 oder
1367 3380 83 47 wie
1492 3379 103 49 weit
1626 3395 50 32 er
1705 3379 40 50 in

214 3454 80 49 der
322 3456 261 64 Besserung
612 3455 357 66 vorgeschritten
1014 3457 73 49 sei.
1160 3497 17 18 „
1191 3459 141 50 Wess
1374 3459 77 50 das
1493 3461 159 48 Geläss
1691 3461 56 48 ist

440 3555 42 31 u.
510 3554 33 32 s.
576 3554 55 32 w.
661 3537 167 50 Leider
857 3536 146 51 haben
1035 3539 80 48 wir
1139 3539 132 64 jenen
1303 3540 268 51 berühmten
1602 3542 115 50 Schu-

209 3617 74 50 len
313 3617 129 50 keine
472 3635 187 48 grossen
689 3621 177 65 Sänger
906 3620 287 49 entwachsen
1235 3622 160 58 sehen;
1440 3624 43 49 in
1525 3625 84 47 wie
1640 3626 105 50 weit

213 3699 137 50 deren
392 3701 217 66 Zöglinge
654 3709 127 42 sonst
824 3701 96 51 ihre
966 3702 240 50 Vorbilder
1249 3705 195 48 erreicht
1484 3705 160 57 haben,
1684 3708 57 48 ist

213 3781 211 51 ebenfalls
456 3781 260 51 unbekannt
746 3782 248 68 geblieben.
1051 3786 62 49 Es
1145 3785 56 50 ist
1233 3786 79 50 mit
1342 3786 85 50 den
1465 3788 278 64 gedruckten

212 3863 338 67 Anweisungen
593 3883 100 32 zum
725 3866 166 65 Singen
931 3868 91 49 und
1054 3868 465 67 Gesang-Unterricht
1548 3870 82 50 wie
1665 3873 78 49 mit

213 3945 86 51 den
326 3948 347 49 Kochbüchern.
727 3949 83 48 Die
852 3956 244 58 genaueste
1126 3950 318 67 Bezeichnung
1482 3953 143 48 seiner
1654 3954 59 48 Be-

210 4029 279 61 standteile,
536 4030 68 51 die
646 4029 328 53 bestimmteste
1003 4033 250 50 Vorschrift
1298 4034 119 49 ihrer
1446 4034 295 67 Behandlung

1839 263 145 67 geben
2016 264 115 51 ohne
2171 265 67 50 die
2270 265 400 51 Geschicklichkeit
2709 268 120 49 eines
2871 275 137 60 guten
3055 270 153 50 Kochs
3254 272 118 50 noch

1841 348 100 48 kein
1982 348 351 49 schmackhaftes
2370 349 197 51 Gericht.
2625 350 134 49 Ohne
2805 353 394 67 Beaufsichtigung
3245 355 121 50 eines

1838 428 212 61 Lehrers,
2081 429 81 51 der
2191 430 100 50 dem
2316 430 188 50 Schüler
2534 432 93 49 sein
2658 432 113 58 Ohr,
2803 435 120 47 seine
2954 434 167 66 geübte
3145 435 202 50 Beobach-

1841 512 256 66 tungsgabe
2126 512 121 59 leiht,
2291 513 80 49 der
2415 513 73 49 ihn
2529 522 175 57 anregt,
2749 515 299 51 aufmerksam
3094 518 90 48 und
3229 536 146 48 genau

1841 593 86 49 den
1957 594 159 48 Tönen
2149 594 264 50 horchen
2446 613 55 32 zu
2531 595 169 59 lernen,
2730 595 80 50 der
2839 614 79 32 vor
2934 598 145 48 Allem
3112 599 101 50 dem
3231 601 116 49 Schü-

1839 675 65 49 ler
1932 674 259 67 begreiflich
2229 678 163 56 macht,
2437 678 101 50 dass
2572 678 104 67 jede
2719 678 323 51 künstlerische
3078 679 160 51 Arbeit
3278 683 97 50 eine

1841 766 247 59 gespannte
2128 759 411 51 Aufmerksamkeit
2581 761 243 58 erfordere,
2878 763 102 48 dass
3024 763 120 50 diese
3184 764 183 50 niemals

1841 841 279 55 nachlassen,
2156 842 58 65 ja,
2248 842 89 48 sich
2369 849 110 42 stets
2512 843 195 65 steigern
2738 847 163 55 müsse,
2933 844 92 50 und
3055 844 101 50 dass
3188 862 86 33 nur
3305 847 71 48 die

1843 923 314 59 Gewohnheit,
2189 923 40 48 in
2261 923 175 50 solcher
2465 926 249 64 Spannung
2745 943 53 31 zu
2829 926 236 57 beharren,
3097 927 77 49 das
3206 928 140 50 Beach-

1843 1011 75 43 ten
1950 1006 80 48 der
2059 1006 354 58 minutiösesten,
2455 1007 102 49 dem
2587 1007 318 66 ungebildeten
2935 1009 101 49 Ohr
3072 1026 112 48 ganz
3216 1029 133 31 unver-

1844 1086 276 50 nehmbaren
2138 1087 336 49 Erfordernisse
2505 1106 101 32 zum
2625 1089 207 67 Gesänge
2864 1091 262 49 erleichtere
3159 1091 91 49 und
3279 1110 73 30 ver-

1846 1169 176 58 mehre;
2067 1169 101 49 dass
2220 1169 69 50 ein
2332 1169 325 51 bewusstloses
2698 1172 420 65 Sichgehenlassen,
3168 1175 68 48 ein
3278 1175 95 49 rein

1847 1249 330 51 mechanisches
2199 1251 158 49 Ueben
2387 1252 56 48 im
2463 1252 206 67 Gesänge
2699 1253 254 66 unmöglich
2986 1255 61 48 sei
3133 1256 117 49 ohne
3281 1256 96 49 eine

1847 1333 150 50 solche
2027 1333 234 66 lebendige
2291 1333 348 69 Unterweisung
2683 1336 110 48 wird
2834 1337 78 48 das
2954 1337 249 65 gedruckte
3235 1340 142 50 Wort

1847 1421 110 43 stets
1989 1416 97 48 eine
2116 1415 335 59 unfruchtbare,
2477 1417 60 66 ja,
2567 1418 155 65 häufig
2751 1417 97 48 eine
2877 1417 295 51 missrathene
3201 1421 172 48 Frucht

1846 1496 250 67 bringende
2125 1500 107 47 Saat
2260 1497 190 50 bleiben.

1970 1581 175 49 Wollte
2170 1597 99 32 man
2293 1581 110 48 nach
2427 1599 193 31 unseren
2646 1581 240 49 kritisehen
2902 1584 275 49 Feuilletons
3196 1585 157 51 schlies-

1847 1679 94 40 sen,
1982 1679 49 33 so
2073 1662 157 50 stände
2261 1662 69 50 die
2360 1664 319 64 Gesangkunst
2719 1665 42 48 in
2791 1665 311 51 Deutschland
3141 1667 79 49 auf
3254 1669 123 48 einer

1847 1744 147 48 hohen
2026 1745 145 56 Stufe,
2201 1745 92 48 und
2324 1744 68 49 die
2422 1745 243 49 Kenntniss
2707 1745 80 49 der
2830 1746 328 50 menschlichen
3188 1749 189 49 Stimme

1847 1826 91 48 und
1970 1826 78 48 des
2078 1844 56 30 zu
2164 1826 120 48 ihrer
2314 1826 300 66 Ausbildung,
2655 1829 83 47 wie
2768 1845 80 31 zur
2877 1829 354 50 künstlerischen
3262 1832 85 47 Ver-

1848 1909 226 66 wendung
2096 1909 359 49 Erforderlichen
2481 1914 120 44 wäre
2631 1910 232 65 allgemein
2895 1910 255 51 verbreitet.
3183 1914 193 49 Welche

1846 1990 208 49 Referate
2082 1990 112 49 über
2233 1992 175 64 Sänger
2455 1995 201 46 wüssten
2695 1991 121 50 nicht
2855 2010 84 32 von
2971 1994 287 66 Ausbildung
3297 1996 79 49 der

1843 2071 338 61 Mittelstimme,
2238 2089 86 33 von
2363 2072 141 66 Kopf-
2554 2074 89 48 und
2694 2074 373 64 Brust-Register
3105 2093 55 32 zu
3205 2076 172 51 reden?

1844 2154 101 49 Und
1978 2154 150 48 doch?
2185 2155 105 50 Man
2332 2154 197 49 besuche
2570 2155 68 48 die
2679 2155 216 50 deutsche
2925 2158 141 66 Oper,
3108 2156 265 61 beobachte,

1842 2253 133 32 wozu
2006 2236 76 49 das
2115 2235 117 51 oben
2262 2236 287 50 bezeichnete
2567 2238 109 48 Heft
2700 2238 244 66 Anleitung
2976 2238 145 66 geben
3152 2240 102 59 will,
3279 2243 94 48 und

1843 2318 123 66 frage
1996 2318 88 50 sich
2112 2319 131 58 dann,
2275 2318 84 50 wie
2387 2319 110 48 viele
2528 2337 188 31 unserer
2738 2319 327 49 dramatischen
3093 2321 176 66 Sänger
3290 2339 87 33 nur

1843 2399 60 49 im
1933 2400 169 48 Stande
2133 2400 110 57 sind,
2285 2401 86 49 den
2403 2401 375 65 Gesanges-Text
2807 2409 236 42 correct
3074 2404 90 48 und
3196 2404 180 51 schön

1846 2499 54 31 zu
1929 2481 304 68 sprechen,
2266 2484 116 48 ohne
2413 2483 207 58 welches,
2651 2484 110 48 nach
2789 2484 78 48 des
2892 2484 255 51 Verfassers
3172 2486 203 60 Ansicht,

1844 2580 49 31 er
1909 2564 488 51 nimmermehrsc
2411 2565 26 48 Ii
2451 2569 397 61 öngesungen
2872 2566 232 50 werden
3131 2568 143 59 kann;
3290 2570 83 49 wie

1843 2645 141 50 selten
2029 2663 100 30 man
2157 2646 160 50 Wort-
2349 2646 92 50 und
2472 2648 366 48 Ton-Ausdruck
2868 2648 199 48 conform
3097 2649 155 60 findet,
3283 2652 92 49 und

1843 2727 57 49 ob
1941 2727 122 49 nicht
2102 2727 139 49 selbst
2281 2729 224 48 namhafte
2537 2730 175 64 Sänger
2752 2729 92 48 und
2891 2732 311 63 Sängerinnen
3243 2733 133 49 kaum

1842 2809 96 50 eine
1969 2809 198 66 Ahnung
2213 2812 143 48 davon
2401 2829 54 31 zu
2497 2810 144 50 haben
2684 2812 222 57 scheinen,
2953 2813 100 47 dass
3086 2813 162 51 Wort-
3279 2817 91 49 und

1842 2892 366 48 Ton-Ausdruck
2233 2893 90 48 sich
2355 2893 121 48 nicht
2498 2892 365 67 widersprechen
2893 2893 169 51 dürfen.
3152 2898 91 47 Das
3274 2914 75 33 vor-

1841 2973 203 66 liegende
2059 2974 108 50 Heft
2197 2974 86 50 will
2314 2974 69 48 die
2413 2973 253 67 Uebungen
2698 2992 80 32 zur
2802 2975 296 69 Verbindung
3128 2979 78 50 des
3231 2982 106 48 Wor-

1842 3063 66 41 tes
1941 3055 79 49 mit
2049 3057 100 48 dem
2177 3058 127 47 Tone
2350 3057 204 48 anleiten.
2608 3058 49 47 In
2690 3058 84 48 den
2805 3058 300 51 italiänischen
3137 3062 90 48 und
3258 3062 92 49 fran-

1841 3137 231 49 zösischen
2112 3139 366 65 Gesangschulen
2524 3139 114 49 kann
2683 3157 86 32 von
2815 3141 240 49 deutscher
3084 3143 291 67 Aussprache

1841 3219 123 49 nicht
1994 3219 69 49 die
2092 3219 126 50 Rede
2248 3219 120 59 sein;
2411 3237 86 32 nur
2542 3221 68 49 die
2653 3238 85 33 von
2771 3222 185 51 Winter
2998 3223 94 66 gibt
3122 3224 253 68 Uebungen

1841 3318 78 31 zur
1950 3301 265 66 Erlangung
2258 3302 121 48 einer
2422 3302 253 51 deutlichen
2721 3303 90 51 und
2859 3304 187 65 fertigen
3086 3307 290 67 Aussprache

1838 3383 91 48 und
1971 3383 126 48 einer
2139 3384 406 65 angenehmen
2576 3387 217 48 Mundart
2825 3387 42 49 in
2897 3387 245 51 deutschen
3172 3391 90 49 und
3292 3391 60 49 ita-

1839 3464 240 50 liänischen
2111 3464 212 60 Worten,
2361 3466 165 66 jedoch
2571 3468 118 48 ohne
2733 3468 82 48 alle
2858 3468 184 51 weitere
3074 3472 301 65 Anweisung;

1838 3547 175 65 Righini
2045 3547 76 48 hat
2150 3547 42 48 in
2223 3548 148 50 seinen
2396 3549 316 50 Liederheften
2735 3551 212 58 einfache,
2977 3553 104 47 sehr
3112 3555 260 66 anmuthige

1839 3629 210 65 Gesänge
2078 3628 319 68 niedergelegt,
2440 3632 137 50 deren
2610 3633 319 50 Textesworte
2959 3633 304 69 (italiänische)
3295 3655 52 30 au-

1838 3711 328 66 genscheinlich
2209 3730 80 30 zur
2318 3712 194 67 Uebung
2556 3713 247 50 deutlicher
2834 3713 288 69 Aussprache
3163 3718 90 49 und
3296 3717 51 51 be-

1838 3792 221 50 stimmter
2081 3792 298 52 Articulation
2410 3795 106 49 aller
2544 3796 210 66 Lippen-,
2783 3796 211 66 Zungen-
3025 3798 89 50 und
3147 3800 225 52 Gaumen-

1835 3876 159 57 Laute,
2040 3875 84 49 wie
2168 3894 79 31 zur
2279 3877 265 66 Erlangung
2589 3877 146 50 reiner
2768 3878 166 50 Vocale
2976 3881 91 48 und
3105 3882 120 50 ihrer
3254 3885 86 48 Ver-

1837 3956 291 67 schmelzung
2171 3957 43 50 in
2258 3958 211 50 einander
2514 3960 158 48 dienen
2713 3960 156 50 sollen.
2928 3962 209 50 Dieselbe
3183 3963 189 51 Absicht

1835 4040 107 66 liegt
1984 4040 112 49 auch
2138 4040 85 50 den
2265 4040 255 52 bekannten
2559 4042 329 52 Händel'schen
2915 4045 457 62 Kammer-Duetten,
