2146 2788
439 310 50 31 „Es
509 311 32 26 ist
559 311 54 27 hier
632 314 104 34 einsam,

438 353 49 27 wie
506 355 48 26 auf
570 356 83 27 einem
671 359 99 34 Sterne,

438 405 42 19 wo
501 398 64 28 Gott
584 401 67 26 noch
670 402 57 28 kein
747 406 88 28 Leben
855 410 134 28 erweckte.

438 441 44 26 Ich
500 441 67 35 kam,
587 453 44 18 um
651 446 57 28 froh
726 458 32 18 zu
777 452 59 32 sein,
858 454 136 34 Geliebter,

438 485 53 26 und
510 495 51 18 nun
581 488 82 37 bangt

438 591 37 28 So
495 594 94 28 nahten
609 598 36 26 sie
665 598 60 29 dem
743 602 186 31 Marmorbilde

437 635 45 27 der
502 638 95 34 Göttin,

435 680 25 27 in
479 681 45 27 der
543 684 72 27 Tiefe
636 686 45 28 des
703 688 119 31 Gartens.

436 725 74 32 „Wie
529 727 32 28 ist
580 730 37 27 sie
637 736 76 29 ernst,
734 734 135 35 Geliebter,

434 769 52 28 und
505 772 49 26 wie
572 774 149 38 verborgen
742 779 53 27 ihre
814 780 96 28 Stätte!

433 813 56 27 Das
509 816 69 27 Herz
597 825 107 31 verzagt
724 824 47 25 mir
791 833 54 19 von
864 825 68 27 ihrer
951 827 149 33 Schönheit,

433 857 53 28 ihre
505 862 89 34 grofse
614 863 71 28 Stüle
704 868 87 27 macht
810 869 69 27 mich
896 870 174 29 beklommen.

432 902 50 27 Mir
502 910 82 30 graut,
604 907 38 27 ihr
662 918 31 17 zu

434 947 75 31 „Lafs
529 958 47 18 uns
597 951 87 28 nieder
703 954 99 35 knieen,
824 957 122 34 Geliebte,

432 998 31 19 so
483 992 63 27 wird
565 995 37 26 sie
622 997 99 37 gnädig

432 1058 181 31 Erschauernd
633 1064 118 30 knieeten
769 1068 38 27 sie
826 1070 94 29 nieder.

432 1102 61 27 Und
512 1105 41 26 die
572 1107 90 27 Göttin
681 1109 46 27 der
747 1112 80 27 Liebe
846 1117 95 33 sprach
961 1126 31 17 zu
1013 1117 88 28 ihnen:

432 1146 54 31 „Ihr
504 1148 72 28 kamt
595 1151 66 27 mich
680 1162 32 18 zu
731 1156 109 27 suchen:

432 1189 62 27 Hier
514 1192 42 27 bin
576 1194 52 28 ich!

431 1233 49 28 Die
500 1236 169 30 Herrscherin
689 1241 46 27 des
755 1244 103 28 Lebens
878 1247 53 26 und
951 1248 47 27 des
1018 1250 99 33 Todes,

432 1277 46 27 des
498 1280 121 37 Anfangs
638 1284 54 26 und
713 1286 46 27 des
780 1288 96 28 Endes.

431 1321 57 27 Auf
504 1325 110 27 meinem
633 1327 105 38 Haupte
758 1335 60 32 trag
837 1333 41 27 ich
898 1335 50 27 den
968 1337 62 27 Reif

431 1365 46 27 der
495 1368 101 36 ewigen
617 1371 211 39 Wiedergeburt,

431 1409 23 26 in
475 1411 95 27 meiner
589 1414 81 28 Hand
690 1417 40 26 die
750 1419 96 28 Geifsel

431 1452 46 27 der
496 1457 216 30 unentrinnbaren
731 1462 172 38 Lebensqual.

431 1496 41 26 Ihr
492 1499 73 27 sucht
584 1502 74 27 Euch
677 1505 108 28 Wonne
804 1509 54 27 und
877 1510 119 34 Freiheit,

431 1541 52 26 und
503 1542 38 27 ich
560 1544 77 28 binde
657 1548 74 27 Euch
750 1551 25 26 in
796 1553 101 28 meinen
917 1555 97 28 Ketten

432 1584 37 26 als
488 1586 82 28 meine
590 1589 88 29 Beute.

432 1626 41 27 Ihr
492 1631 54 26 seid
565 1633 68 27 mein
654 1636 82 35 eigen,

432 1671 48 26 wie
499 1674 68 34 alles,
587 1686 55 17 was
663 1683 80 25 atmet

432 1715 53 26 und
504 1719 66 26 nach
588 1720 75 28 Euch
682 1728 87 24 atmen

432 1801 50 28 Die
500 1804 98 29 Beiden
617 1808 63 27 aber
700 1813 128 33 sprachen

434 1853 47 19 aus
501 1847 65 28 ihrer
586 1851 91 29 Seelen
698 1856 98 28 tiefster
814 1858 159 32 Sehnsucht:

434 1889 72 30 „Wir
526 1893 91 28 wollen
636 1896 48 27 Dir
704 1899 98 35 dienen,

434 1934 88 32 grofse
543 1936 96 35 Göttin,

435 1975 45 26 mit
499 1977 91 29 Seelen
609 1984 53 26 und
681 1985 121 36 Leibern;

436 2019 52 26 und
507 2023 91 27 wollen
617 2026 142 31 Menschen
780 2033 114 28 schaffen

1214 327 26 27 in
1259 328 113 27 Deinem
1393 329 111 32 Namen,

1215 371 82 28 damit
1317 373 67 26 auch
1404 373 37 26 sie
1461 373 49 26 Dir
1531 373 93 26 dienen

1214 414 40 27 bis
1274 425 61 17 zum
1354 416 111 34 grofsen

1215 503 63 27 Und
1291 504 38 26 sie
1343 504 83 26 sahen
1438 504 36 26 im
1487 503 210 26 schimmernden
1710 502 224 27 Monden-Lichte

1215 547 53 27 den
1287 548 108 26 blassen
1415 547 103 35 Reigen

1215 591 47 26 der
1282 592 84 26 vielen
1386 590 152 32 Tausende,

1215 635 42 26 die
1278 635 47 26 der
1345 636 91 26 Göttin
1456 634 107 36 gedient

1215 688 50 17 vor
1285 680 84 25 ihnen.
1408 678 64 28 Und
1493 678 37 26 sie
1550 677 109 36 sprach:

1216 723 80 32 „Seht
1315 723 67 32 dort,
1402 723 42 26 die
1463 732 47 16 um
1529 722 69 26 mich
1617 722 150 35 gesündigt,

1216 767 41 26 die
1279 767 82 26 durch
1381 767 69 26 mich
1467 766 115 36 gelitten,

1216 811 41 26 die
1277 811 42 26 für
1339 811 68 26 mich

1216 855 63 27 Und
1298 855 131 27 Stimmen
1449 854 156 27 erschollen:

1216 899 108 35 „Heilig,
1345 908 17 17 o
1383 898 97 33 Göttin,
1501 898 59 27 sind
1579 898 42 26 die
1642 898 109 26 Sünden
1771 906 46 17 um
1837 897 73 31 Dich,

1216 943 57 26 süfs
1294 943 57 26 sind
1372 942 40 27 die
1433 942 129 27 Wunden
1582 950 55 18 von
1656 942 98 26 Deiner
1774 941 87 31 Hand,

1214 986 60 27 froh
1292 986 34 27 ist
1345 995 37 24 es,
1403 986 40 27 für
1463 986 68 27 Dich
1551 985 119 27 sterben!

1213 1030 46 27 Du
1278 1030 51 27 bist
1350 1030 41 27 die
1412 1030 110 34 ewigste
1544 1030 98 31 Göttin,

1213 1074 45 26 Du
1279 1074 41 26 die
1340 1074 121 35 Einzige;

1213 1118 44 27 Sei
1278 1127 50 17 uns

1213 1205 63 28 Und
1297 1205 42 26 die
1359 1206 88 26 Nacht
1467 1205 93 26 senkte
1579 1204 56 27 sich
1655 1204 96 32 nieder,

1213 1250 91 26 kühler
1324 1250 75 26 ward
1420 1258 28 18 es

1213 1293 54 27 und
1287 1293 75 35 grofs
1384 1293 41 26 die
1445 1292 80 28 Stille.

1213 1338 81 25 Ernst
1313 1337 54 26 und
1387 1336 132 36 königlich

1212 1380 95 27 blickte
1328 1380 41 26 die
1390 1381 98 26 Göttin.

1212 1424 64 27 Und
1296 1424 42 26 die
1359 1424 99 26 Beiden
1478 1423 117 27 erhoben
1616 1423 61 32 sich,

1213 1468 145 26 furchtsam
1378 1468 66 35 selig

1213 1511 149 27 wandelten
1383 1512 37 26 sie
1439 1511 27 27 in
1485 1510 50 27 das
1556 1510 185 36 schweigende
1762 1510 106 28 Dunkel

1213 1556 53 26 und
1286 1556 49 26 wie
1356 1555 106 32 Kinder,
1483 1555 86 26 denen
1588 1555 36 26 im
1644 1555 121 27 Finstern
1785 1559 87 31 graut,

1213 1599 190 35 umschlangen
1423 1599 38 27 sie
1482 1599 56 26 sich

1213 1643 54 27 und
1287 1643 102 27 sanken
1408 1643 110 27 zitternd

1213 1696 35 19 an
1268 1687 47 27 der
1334 1687 72 27 Erde
1427 1687 146 27 mütterlich
1593 1687 93 34 heilige
1707 1687 86 27 Brust.

1213 1731 51 27 Die
1285 1733 102 33 grünen
1407 1731 96 27 Halme

1213 1779 155 31 umwogten
1388 1775 49 25 wie
1456 1775 140 26 Flammen

1214 1819 42 26 die
1275 1818 178 27 flammenden
1473 1819 106 26 Seelen:

1214 1863 107 35 „Heilig,
1343 1871 16 18 o
1381 1863 97 32 Göttin,
1499 1863 58 26 sind
1577 1862 42 26 die
1638 1862 110 27 Sünden
1768 1870 46 18 um
1833 1861 75 32 Dich,

1214 1907 64 26 Süfs
1298 1907 59 26 sind
1378 1906 41 26 die
1440 1906 104 35 Qualen
1565 1914 55 19 von
1639 1906 99 26 Deiner
1759 1906 87 31 Hand,

1216 1950 58 26 froh
1293 1951 34 26 ist
1346 1958 37 24 es,
1404 1950 41 26 für
1465 1950 68 26 Dich
1553 1949 114 27 sterben.

1215 1994 101 36 Ewige,
1336 1994 109 36 Einzige
1466 1994 38 26 sei
1524 2002 49 18 uns

1651 2048 70 23 Karl
1733 2056 49 15 von
1793 2056 48 15 der
1853 2047 89 24 Heydt

1263 2427 0 0 228
