2146 2788
427 274 23 22 in
462 274 68 24 lauter
542 275 69 24 kleine
622 278 165 26 hochstrebende
799 284 88 23 Formen
903 287 89 22 erreicht
1008 289 68 26 wird,
1095 289 50 24 über-

427 308 67 31 haupt
503 309 59 22 nicht
571 310 67 23 durch
647 313 108 30 plastische
763 316 134 34 Gliederung,
908 321 90 23 sondern
1006 324 75 27 gerade
1088 324 68 23 durch

427 342 112 32 Betonung
551 344 36 23 der
599 347 69 23 Masse
680 348 44 22 und
737 349 66 24 durch
814 353 70 23 Farbe.

476 377 141 25 Romantisch
632 381 26 22 ist
675 390 38 14 vor
729 383 62 24 allem
803 386 37 22 der
851 387 119 24 Ueberflufs
983 398 27 15 an
1023 392 95 22 Fenstern
1133 392 23 22 in

426 411 36 20 der
471 411 83 26 Facade,
567 412 33 23 die
612 413 59 24 dabei
684 415 55 25 doch
752 419 58 23 nicht
822 429 72 24 genug
907 423 44 22 und
963 423 50 24 kein
1023 431 60 25 gutes
1093 426 63 22 Licht

425 446 77 27 geben,
520 446 45 22 und
582 446 35 23 der
632 448 83 32 lästige,
734 452 106 24 thürichte
852 456 118 24 Ueberflufs
986 466 27 14 an
1025 458 87 24 Thüren
1124 460 31 22 im

424 480 83 24 Innern,
523 480 33 21 die
568 480 33 22 die
614 483 90 23 Zimmer
715 486 163 25 unbewohnbar
889 491 97 22 machen.
1011 494 55 21 Dem
1078 494 77 23 Schein

423 519 43 14 von
473 513 162 28 Vornehmheit,
648 518 74 23 Grüfse
732 520 43 22 und
781 523 85 23 Würde
875 524 56 22 wird
941 524 36 23 das
985 526 169 30 Wohlbehagen

422 546 36 21 des
471 546 105 30 täglichen
588 549 79 25 Lebens
680 553 55 22 ohne
747 555 112 25 Bedenken
871 558 154 32 preisgegeben.

472 581 145 25 Wiewürden
625 588 83 27 unsere
708 588 222 27 Monumentalbauten
935 593 44 22 und
985 602 73 14 unsere
1062 595 74 22 Wohn-

422 613 75 23 hauser
506 617 108 26 aussehen,
626 627 63 16 wenn
702 622 29 22 sie
740 623 59 23 nicht
808 633 36 14 aus
854 625 120 27 unklarem,
986 629 167 22 romantischem

421 650 91 25 Gefühl,
531 651 91 23 sondern
639 662 37 14 aus
692 656 129 30 praktischer
832 660 168 32 Ausgestaltung
1015 661 36 23 des
1064 661 75 24 Bedürf-

419 690 64 15 nisses
494 685 124 23 entständen
631 689 41 22 wie
685 689 36 23 der
733 692 63 22 Bazar
808 694 122 22 Wertheim
938 696 7 21 ?

448 853 99 23 Künstler
564 855 43 23 und
623 857 66 23 Laien
707 858 87 23 werden
810 859 89 32 künftig
914 869 26 13 an
957 860 80 23 diesem
1049 861 103 23 Gebäude

414 884 45 24 ihre
472 887 86 23 Studien
571 891 96 23 machen.

464 922 39 20 Die
518 923 139 24 Architekten
673 926 87 22 werden
778 926 65 23 daran
861 926 84 27 lernen,
963 926 47 23 dafs
1027 927 73 23 weder
1117 928 35 23 die

414 952 148 26 akademische
571 959 56 21 noch
640 958 33 23 die
686 961 143 21 romantische
839 960 188 32 Gleichgiltigkeit
1036 970 68 22 gegen
1114 962 36 22 das

413 986 110 25 Bedürfnis
536 990 45 23 eine
594 991 99 23 Zukunft
705 993 77 24 haben.
807 994 40 22 Die
860 994 154 31 Zwangsjacke
1026 996 38 21 der
1073 996 78 22 Facade

413 1025 25 17 ist
450 1021 46 23 hier
507 1022 35 23 für
554 1024 33 23 die
598 1026 69 22 Praxis
678 1035 50 14 zum
738 1028 112 22 erstenmal
860 1027 150 23 vollkommen
1020 1028 130 30 abgestreift.

412 1055 62 22 Auch
489 1056 36 23 der
540 1058 111 24 Staatsbau
667 1061 57 22 wird
742 1062 59 22 nicht
820 1061 61 22 mehr
897 1061 79 23 umhin
990 1061 102 27 können,
1109 1063 41 22 mit

412 1088 40 23 den
467 1098 27 14 an
509 1090 78 24 diesem
600 1094 141 30 Organismus
760 1103 150 23 gewonnenen
923 1097 71 21 Daten
1010 1104 25 14 zu
1051 1097 98 22 rechnen.

411 1123 39 21 Für
468 1123 34 23 die
519 1126 109 22 Mitarbeit
646 1127 35 23 des
697 1129 124 22 Bildhauers
839 1129 38 22 hat
895 1128 36 22 der
946 1130 64 22 Bazar
1026 1130 123 22 Wertheim

411 1163 45 15 eine
471 1165 53 15 neue
537 1160 59 21 Bahn
612 1160 96 24 eröffnet.
738 1163 26 22 Es
783 1171 50 22 mag
849 1162 121 30 zugegeben
986 1163 98 27 werden,
1103 1163 45 23 dafs

410 1190 55 23 seine
483 1193 143 23 Ornamentik
644 1196 57 22 noch
719 1196 114 22 historisch
852 1196 36 26 ist,
908 1196 45 22 und
971 1196 46 23 dafs
1033 1197 116 23 Bildhauer

410 1224 42 22 und
463 1225 68 23 Maler
539 1227 58 22 noch
607 1228 60 23 nicht
675 1237 25 14 so
710 1229 145 31 schöpferisch
865 1229 69 22 haben
944 1229 105 24 auftreten
1059 1231 89 23 können

409 1257 43 22 wie
464 1257 36 23 der
511 1260 118 24 Architekt.
660 1262 57 23 Aber
728 1271 51 14 man
792 1262 59 23 kann
866 1263 61 22 nicht
944 1263 49 22 alles
1010 1264 42 22 auf
1067 1266 80 22 einmal

408 1297 111 18 erwarten.
549 1295 39 21 Für
606 1295 34 23 die
656 1296 167 31 Durchbildung
841 1296 58 22 einer
916 1305 68 14 neuen
1002 1299 145 22 Ornamentik

408 1332 45 14 war
465 1325 35 23 die
511 1328 85 22 Bauzeit
607 1337 27 14 zu
646 1329 58 23 kurz.
733 1330 78 22 Messel
824 1330 38 22 hat
873 1330 60 22 recht
945 1331 122 30 gehandelt,
1081 1340 65 14 wenn

408 1366 20 13 er
445 1359 45 23 sich
507 1360 41 23 auf
565 1363 147 30 Experimente
730 1364 60 22 nicht
809 1363 89 23 einliefs.
930 1365 118 22 Immerhin
1065 1366 39 21 hat
1125 1374 21 14 er

408 1392 79 23 überall
501 1395 95 30 tüchtige
606 1397 100 22 Künstler
716 1397 161 31 herangezogen
887 1397 45 22 und
943 1398 67 22 ihnen
1019 1397 51 23 freie
1080 1399 66 22 Hand

408 1426 99 30 gelassen.
530 1429 27 21 Er
569 1429 37 22 hat
618 1429 61 23 darin
695 1431 63 22 einen
770 1431 57 22 Takt
842 1431 118 27 bewiesen,
977 1432 38 22 der
1030 1432 116 31 eigentlich

407 1459 60 23 nicht
485 1461 33 22 die
535 1463 66 30 Regel
620 1464 33 22 ist.
686 1466 63 21 Denn
767 1473 74 14 unsere
858 1465 141 23 Architekten
1016 1466 75 22 stehen
1109 1467 37 22 der

407 1492 122 33 lebendigen
539 1496 88 23 Malerei
639 1497 45 23 und
697 1498 79 23 Plastik
789 1499 30 22 im
828 1507 80 22 ganzen
920 1499 99 23 ziemlich
1032 1498 55 28 fern,
1099 1500 45 22 und

406 1534 66 15 wenn
484 1536 19 14 es
517 1529 55 22 auch
585 1539 40 13 nur
637 1531 65 23 selten
715 1533 57 22 einer
781 1533 116 30 zugesteht,
910 1533 46 22 ihre
966 1533 82 23 Werke
1060 1533 85 32 pflegen

407 1559 45 23 laut
464 1561 43 22 und
520 1561 113 26 öffentlich
645 1573 67 23 gegen
724 1566 28 22 sie
766 1574 26 14 zu
805 1575 87 22 zeugen.
916 1567 54 22 Wie
979 1567 54 23 viele
1043 1567 101 23 deutsche

407 1594 80 22 Bauten
504 1596 58 30 giebt
579 1605 31 18 es,
629 1598 63 23 deren
707 1599 104 32 Skulptur
829 1600 114 31 erträglich
960 1601 39 26 ist,
1017 1601 45 22 und
1081 1601 63 22 deren

407 1628 134 32 Ausmalung
552 1631 60 22 nicht
625 1632 48 22 dem
683 1633 133 23 Geschmack
829 1634 32 22 ins
871 1635 88 22 Gesicht
971 1635 96 31 schlägt?
1091 1635 52 22 Eine

1226 292 37 23 der
1277 293 190 23 einflufsreichsten
1483 294 116 23 deutschen
1615 295 241 26 Architekturschulen,
1875 294 34 22 die
1923 298 41 17 von

1225 327 130 27 Hannover,
1377 328 26 21 ist
1422 336 26 14 an
1467 328 68 22 einem
1548 330 41 21 Ort
1607 329 57 22 ohne
1682 330 112 30 originelle
1812 327 91 25 Malerei
1920 322 44 26 und

1224 360 81 23 Plastik
1317 370 43 13 von
1373 362 137 22 technischen
1522 362 144 30 Begabungen
1678 363 126 23 entwickelt
1816 361 98 26 worden,
1931 358 33 23 die

1224 403 44 14 von
1280 394 37 22 der
1329 395 73 22 hohen
1415 397 70 20 Kunst
1502 403 42 15 nur
1560 396 34 22 die
1610 396 177 27 archaistischen,
1806 405 38 14 um
1862 394 60 24 nicht
1938 398 26 16 zu

1224 436 64 22 sagen
1300 428 149 23 heraldischen
1461 431 145 28 Strömungen
1620 429 101 24 kannten.
1755 429 50 24 Auf
1819 430 37 22 der
1873 427 91 25 anderen

1224 463 54 21 Seite
1290 462 66 30 pflegt
1370 464 20 28 ja
1402 470 77 15 unsern
1491 463 86 22 Malern
1590 464 43 21 und
1646 464 130 22 Bildhauern
1787 464 47 31 jede
1846 458 118 34 Fähigkeit,

1223 496 34 21 die
1270 494 132 24 einfachsten
1416 496 211 23 architektonischen
1637 497 117 22 Gedanken
1767 506 24 13 zu
1802 497 92 26 denken,
1908 492 45 25 voll-

1223 529 85 30 ständig
1320 529 129 30 abzugehen.
1471 530 52 22 Wie
1533 529 77 23 hilflos
1621 530 47 22 sind
1678 540 74 13 unsere
1761 531 116 22 Bildhauer
1886 526 65 26 durch-

1222 571 58 22 weg,
1294 571 64 14 wenn
1371 563 30 22 sie
1413 563 61 22 einen
1486 563 78 22 Sockel
1577 572 26 13 zu
1616 564 89 22 machen
1718 564 78 23 haben.
1824 563 62 24 Auch
1899 563 64 22 ihnen

1222 596 57 22 wird
1296 596 33 23 die
1341 605 54 14 neue
1408 597 151 26 Architektur,
1578 597 34 22 die
1630 598 30 21 im
1673 598 98 22 Werden
1786 599 38 25 ist,
1842 605 55 15 neue
1908 591 42 27 Auf-

1221 630 70 29 gaben
1312 630 87 26 stellen,
1423 630 33 22 die
1480 630 29 23 sie
1534 630 43 23 auf
1596 630 149 24 dekorativem
1763 632 77 23 Gebiet
1864 639 43 15 von
1928 627 35 23 der

1221 663 120 22 Schablone
1353 663 83 24 befreit.

1273 696 127 32 Befreiung!
1423 699 42 21 Das
1478 698 27 22 ist
1517 698 55 22 auch
1588 697 36 23 das
1638 697 94 27 Gefühl,
1749 699 41 22 mit
1804 699 50 22 dem
1867 698 34 23 ein
1914 694 48 24 Laie

1221 738 39 14 vor
1279 730 36 22 der
1334 730 142 32 grofsartigen
1494 731 89 26 Facade,
1605 732 33 22 die
1656 732 48 22 ihm
1721 733 61 22 mehr
1800 732 115 32 imponiert
1933 727 29 24 als

1220 763 93 23 hundert
1325 764 156 26 Staatsbauten,
1494 765 41 22 den
1548 764 63 32 Kopf
1625 766 23 21 in
1660 766 40 21 den
1712 766 92 22 Nacken
1817 766 92 29 zwingt;
1928 762 34 22 ein

1220 798 81 21 Hauch
1316 796 62 24 freier
1390 798 163 30 Schöpferkraft
1567 800 100 22 umweht
1683 800 49 26 ihn,
1751 808 64 14 wenn
1831 808 22 14 er
1869 793 89 37 prüfend

1220 830 46 22 und
1278 831 104 22 staunend
1395 832 68 22 durch
1473 832 41 22 den
1526 833 140 29 geräumigen
1675 832 125 32 Windfang
1813 834 45 22 tritt
1869 830 44 25 und
1926 828 32 23 die

1220 864 48 22 Säle
1279 865 45 21 und
1337 865 79 22 Hallen
1431 865 175 26 durchwandelt,
1624 874 39 15 wo
1682 866 50 23 alles
1748 875 23 14 so
1787 866 109 32 praktisch
1914 863 33 23 ein-

1219 898 104 30 gerichtet
1333 899 26 21 ist
1368 899 45 22 und
1424 899 33 23 die
1467 900 71 21 Kunst
1548 900 34 22 die
1590 899 116 31 Erfüllung
1715 900 37 22 der
1761 900 99 31 Aufgabe
1870 894 88 34 nirgend

1218 939 27 14 zu
1258 932 106 29 umgehen
1377 933 105 22 versucht.
1506 933 41 22 Die
1560 933 106 26 Tendenz,
1682 933 82 23 solches
1776 934 56 22 auch
1845 934 22 21 in
1880 933 78 22 seinem

1218 966 74 20 Hause
1305 966 44 22 und
1366 966 30 22 im
1409 966 163 31 Staatsgebäude
1588 966 119 32 unbedingt
1721 976 25 13 zu
1759 967 124 31 verlangen,
1903 961 55 26 wird

1218 997 67 23 durch
1298 998 64 23 dieses
1376 1000 89 31 Beispiel
1477 1000 23 22 in
1511 1000 47 22 ihm
1571 1000 112 22 erstarken.

1268 1033 85 22 Kenner
1371 1030 89 25 werden
1478 1042 44 13 nun
1539 1033 109 23 vielleicht
1666 1034 58 22 noch
1745 1033 40 23 auf
1803 1033 115 24 Vorbilder
1935 1031 22 21 in

1218 1064 134 28 Frankreich,
1365 1075 37 13 wo
1416 1067 34 22 die
1462 1066 86 31 grofsen
1561 1069 75 20 Bazare
1648 1067 69 32 längst
1729 1067 107 27 bestehen,
1850 1066 41 23 auf
1900 1067 43 27 Eng-

1217 1098 50 23 land
1281 1099 43 22 und
1337 1100 102 22 Amerika
1451 1101 128 22 hinweisen.
1609 1101 84 23 Gewifs
1710 1102 27 21 ist
1754 1101 35 22 der
1804 1099 153 33 geschäftliche

1217 1132 103 22 Gedanke
1340 1133 37 22 des
1397 1134 141 22 universellen
1559 1133 149 27 Kaufhauses,
1728 1134 74 23 dessen
1822 1134 135 26 Entstehung

1217 1165 63 22 Zolas
1294 1168 86 21 Roman
1393 1168 79 22 weiten
1485 1168 87 22 Kreisen
1584 1169 138 22 anschaulich
1735 1170 100 29 gemacht
1848 1169 44 25 hat,
1906 1165 51 23 über

1216 1199 57 21 Paris
1290 1200 54 21 nach
1357 1200 69 23 Berlin
1444 1201 95 31 gelangt,
1558 1202 46 22 und
1622 1210 21 14 es
1660 1202 68 22 lassen
1746 1203 46 22 sich
1809 1202 107 23 vielleicht
1934 1198 22 22 in

1215 1232 88 22 Messeis
1317 1235 44 21 Bau
1378 1235 69 30 einige
1462 1235 41 22 den
1519 1234 97 23 fremden
1628 1237 140 29 Vorgängern
1785 1237 100 21 ähnliche
1898 1235 58 27 Züge

1215 1266 148 28 nachweisen;
1376 1268 34 22 die
1420 1268 157 31 Entwicklung
1586 1269 35 22 des
1631 1270 93 22 Berliner
1732 1269 138 23 Kaufhauses
1880 1268 76 31 gehört

1215 1299 50 23 aber
1283 1299 57 24 doch
1356 1301 48 23 dem
1422 1302 92 23 Berliner
1530 1303 74 22 Boden
1619 1311 35 14 an.
1691 1305 41 20 Der
1748 1303 102 27 Gotiker,
1868 1303 37 22 der
1922 1298 34 23 die

1214 1333 115 31 Equitable
1340 1335 40 22 mit
1390 1336 242 23 Renaissance-Formen
1642 1336 126 27 bekleidete,
1780 1337 59 22 hatte
1848 1336 37 23 das
1896 1336 59 21 letzte

1213 1369 65 20 Wort
1293 1369 59 21 nicht
1369 1370 140 29 gesprochen.
1544 1370 88 26 Messel,
1650 1370 37 22 der
1704 1378 43 14 von
1764 1370 36 22 der
1815 1370 140 22 Renaissance

1214 1401 92 30 ausging
1318 1402 44 22 und
1374 1402 33 22 die
1417 1403 69 22 Gotik
1499 1403 140 27 assimilierte,
1651 1404 38 21 hat
1702 1403 34 22 die
1745 1403 82 23 Formel
1837 1402 117 32 gefunden,

1214 1434 37 23 der
1263 1435 33 22 die
1307 1436 73 22 Thore
1396 1436 23 22 in
1431 1436 37 22 das
1481 1445 55 13 neue
1548 1436 77 23 Gebiet
1639 1437 46 22 sich
1700 1436 82 24 öffnen.
1805 1438 45 21 Mir
1865 1435 89 24 scheint,

1213 1467 47 23 dafs
1274 1468 67 23 dieser
1353 1469 115 22 Abschlufs
1483 1469 23 22 in
1520 1469 70 22 Berlin
1605 1471 56 22 ohne
1674 1470 155 27 französische,
1848 1468 106 33 englische

1213 1502 45 22 und
1273 1502 167 23 amerikanische
1452 1503 103 22 Einflüsse
1567 1504 46 22 sich
1625 1504 85 31 logisch
1722 1513 37 13 aus
1773 1504 42 23 den
1826 1503 128 24 Praemissen

1213 1535 88 31 ergeben
1315 1535 86 24 mufste.

1691 1562 85 21 Alfred
1787 1563 134 21 Lichtwark

1270 1614 52 25 (Aus
1338 1613 46 20 dem
1399 1614 26 19 als
1439 1614 128 27 Manuskript
1583 1615 123 26 gedruckten
1717 1616 100 25 Jahrbuch
1832 1611 110 27 Hamburgi-

1213 1640 55 21 scher
1284 1641 166 27 Kunstfreunde).

1246 2443 0 0 234
