2146 2788
405 267 30 23 sie
447 268 105 32 aufgeben
577 273 46 22 Den
635 275 74 24 Schein
719 279 119 29 erwecken,
850 283 30 23 als
892 284 77 25 handle
981 295 20 15 es
1014 289 45 23 sich
1071 290 62 23 dabei

404 304 150 55 ünÄd
615 307 26 45 t
642 317 8 13 e
650 304 17 55 .
667 318 12 14 V
681 315 44 44 T
728 312 28 23 hn
759 319 23 40 \
784 316 85 24 Wetdm
887 318 96 26 künntM
985 339 6 8 >
1098 326 34 22 ein

406 340 92 18 unrecht
510 340 44 20 und
567 348 46 14 eine
624 343 129 34 Tauschung
771 347 91 32 begehen

453 370 43 23 Nie
497 370 7 22 l
539 380 35 15 um
593 375 49 23 Hell
661 378 51 23 oder
729 382 94 28 Dunkel,
839 386 160 26 Naturalismus
1016 390 51 23 oder
1083 392 37 23 Ide-

403 401 85 25 alismus
516 406 119 33 Farbigkeit
655 411 52 24 oder
725 416 151 33 Erblosigkeit
894 422 87 23 handelt
997 432 20 14 es
1034 426 46 22 sich
1098 426 34 23 bei

402 445 86 46 DarTn
548 450 12 22 P
617 445 32 21 W
650 446 29 45 f
681 446 6 22 [
745 449 35 23 d3S
792 452 24 21 In
839 461 51 16 reSS£
906 464 11 14 a
945 456 49 23 dem
1010 458 72 25 ***
1094 461 37 21 der

401 472 135 32 Darstellung
549 484 44 15 wie
607 486 28 14 an
651 478 35 24 der
701 481 115 35 gefälligen
831 488 45 22 und
888 490 160 29 geschlossenen
1060 494 54 22 Kom-

399 511 167 51 erunSziT
591 546 16 16 n
618 512 34 23 deS
731 496 200 57 -«Wgangt,
950 524 49 23 aber
1018 534 37 14 um
1067 502 62 47 einTn

591 546 135 26 Unterschied
736 552 87 25 handelt
832 563 20 14 es
866 557 45 21 sich
921 559 55 21 auch
988 559 63 23 dabei
1060 561 67 23 nicht.

398 575 53 20 Dem
467 576 185 28 Wiederaufleben
666 584 56 28 jener
733 585 77 25 älteren
823 589 216 32 Behandlungsweise
1053 594 75 22 würde

397 609 67 20 nichts
477 614 180 28 entgegenstehen,
670 618 43 22 wie
723 627 50 16 man
785 621 65 23 daran
862 624 64 23 sehen
939 625 65 28 kann,
1017 627 46 22 dafs
1077 637 16 13 z.
1104 630 22 20 B.

396 643 51 20 Men
449 650 20 14 ze
472 643 5 22 l
479 651 8 14 s
508 646 78 23 Scenen
607 656 37 15 aus
664 650 48 25 dem
730 654 77 30 pariser
825 657 162 29 Strafsenleben,
1006 661 120 22 Gebhardts

396 676 100 23 biblische
515 680 117 29 Historien,
658 686 93 32 Ludwig
777 689 97 24 Richters
894 692 134 23 italienische
1055 695 57 22 Land-

394 713 102 25 schaften,
509 714 70 30 Ingres
598 717 109 29 Bildnisse,
720 721 34 22 die
766 722 97 24 allesamt
875 726 73 22 solche
961 727 165 30 Eigenschaften

392 750 22 15 in
426 747 189 31 hervorragendem
629 753 68 23 Mafse
710 756 79 30 zeigen,
802 759 55 21 auch
868 760 50 28 jetzt
930 761 57 21 noch
999 761 70 23 nichts
1082 770 44 14 von

392 779 55 20 ihrer
458 781 194 33 Anziehungskraft
664 787 120 32 eingebüfst
796 791 76 23 haben.

440 814 53 22 Was
506 814 94 34 dagegen
613 828 42 14 von
668 821 69 23 einem
749 825 132 23 Kunstwerk
893 826 23 22 in
928 833 63 17 erster
1003 829 62 22 Linie
1077 831 49 27 jetzt

389 848 108 27 gefordert
508 850 63 26 wird,
585 852 26 22 ist
624 854 131 24 Ehrlichkeit
767 858 37 21 der
815 859 154 33 Empfindung,
983 862 131 23 Einheitlich-

425 885 11 42 i
475 915 11 12 j
502 883 34 44 J°
536 892 23 14 nS
561 902 7 8 '
586 886 116 25 Selbständi
704 897 14 22 g
720 889 44 23 keit
782 891 36 23 der
836 892 145 33 Auffassung;
1003 903 20 14 es
1042 899 82 27 genügt

388 915 66 24 mcht,
475 915 45 23 dafs
540 926 34 15 ein
592 919 46 23 Bild
657 930 25 14 an
701 924 75 29 irgend
794 925 62 22 einen
874 928 87 21 Meister
979 928 94 23 entfernt
1091 938 22 14 er-

387 953 78 21 innere,
483 958 20 13 es
520 952 57 23 mufs
594 954 39 22 mit
648 955 40 23 den
705 958 76 29 Augen
797 967 86 15 unserer
898 961 47 22 Zeit
960 963 93 28 gesehen
1067 964 55 26 sein;

387 982 121 27 Malereien,
525 985 33 23 die
574 987 57 22 ohne
643 989 72 23 innere
729 992 116 31 Nötigung
857 994 43 21 und
913 996 151 30 Begeisterung
1076 1002 36 17 ent-

386 1015 88 23 standen
494 1018 54 27 sind,
568 1020 40 23 den
628 1023 80 29 groben
731 1025 79 22 Sinnen
830 1026 37 22 der
884 1029 80 29 Menge
985 1037 25 13 zu
1028 1029 42 22 lieb
1088 1030 34 22 die

386 1049 137 32 Wirkungen
546 1053 138 30 übertreiben,
705 1057 35 23 die
760 1061 151 29 Gegenstände
928 1062 61 22 nicht
1007 1070 39 15 um
1066 1063 55 22 ihres

385 1083 167 25 künstlerischen
564 1089 99 23 Gehaltes
679 1091 84 27 willen,
780 1093 92 22 sondern
888 1103 77 22 wegen
979 1096 76 30 irgend
1067 1097 41 22 wel-

384 1115 48 22 cher
449 1120 104 31 sonstiger
570 1122 98 32 geistiger
686 1126 81 30 Bezüge
785 1126 119 28 darstellen,
922 1129 46 22 ihre
983 1129 125 24 Ausdrucks-

384 1150 68 23 mittel
472 1160 21 14 in
514 1153 138 26 äufserlicher
670 1159 74 22 Weise
765 1159 92 23 anderen
879 1162 98 22 Werken
997 1163 122 28 entlehnen,

383 1183 72 24 solche
469 1186 70 23 Bilder
554 1192 92 29 verträgt
662 1200 61 14 unser
744 1193 60 22 Blick
819 1194 61 22 nicht
896 1195 72 28 mehr;
988 1196 33 23 die
1038 1198 81 22 schöne

382 1217 69 27 Form,
468 1219 34 22 die
519 1223 76 22 Pracht
612 1223 36 23 der
663 1225 71 26 Farbe,
751 1226 36 22 die
803 1227 95 30 Sorgfalt
914 1229 36 22 der
966 1229 152 33 Ausführung,

382 1251 35 21 der
434 1253 51 22 Reiz
505 1254 36 23 des
562 1258 166 29 Gegenstandes,
749 1260 36 22 das
804 1261 51 22 alles
877 1262 58 30 giebt
957 1272 51 14 man
1026 1273 51 22 gern
1095 1267 23 21 in

381 1284 40 22 den
439 1286 66 28 Kauf,
524 1297 65 14 wenn
606 1299 40 14 nur
665 1292 34 22 ein
718 1293 132 31 lebendiger,
872 1304 69 13 warm
963 1297 155 31 empfundener

380 1318 70 22 Inhalt
467 1320 35 23 der
517 1323 128 33 Schöpfung
661 1334 25 14 zu
705 1327 88 22 Grunde
811 1328 59 30 liegt.
900 1329 66 23 Selbst
983 1330 34 22 die
1030 1332 75 22 unvoll-

380 1350 133 27 kommenste
529 1356 51 23 oder
596 1358 165 24 übertriebenste
773 1361 129 31 Gestaltung
914 1362 50 23 läfst
976 1372 51 14 man
1038 1365 78 29 gelten,

379 1384 73 24 sobald
462 1395 40 15 nur
512 1389 66 23 dieser
587 1393 201 32 Grundbedingung
799 1403 72 23 genug
880 1396 118 30 geschehen
1008 1398 37 27 ist;
1060 1399 56 23 ohne

379 1426 29 14 sie
423 1420 48 23 aber
487 1423 102 23 erscheint
606 1426 33 22 ein
657 1427 77 26 Werk,
753 1437 20 12 es
792 1438 50 22 mag
859 1430 58 22 noch
936 1438 24 14 so
976 1431 40 22 viel
1035 1431 81 24 äufsere

378 1452 98 33 Vorzüge
488 1455 76 28 haben,
577 1458 41 23 leer
631 1461 43 22 und
687 1466 40 17 tot.

430 1488 39 22 Die
481 1490 117 32 Anhänger
610 1493 36 22 des
657 1494 66 22 Alten
738 1494 49 23 aber
799 1496 115 31 verlangen
927 1506 39 14 vor
983 1498 65 23 allem
1060 1500 55 22 nach

376 1520 61 28 jenen
449 1522 214 31 Aeufserlichkeiten,
676 1528 76 23 achten
765 1529 41 23 auf
815 1530 41 22 den
865 1532 84 30 Körper
961 1532 60 22 mehr
1033 1532 29 23 als
1076 1532 42 24 auf

378 1552 34 22 die
425 1555 63 27 Seele,
502 1558 106 24 erblicken
620 1560 23 22 in
659 1560 37 23 der
707 1564 72 21 Kunst
791 1564 34 22 ein
839 1565 72 22 Mittel
928 1574 35 14 zur
977 1567 137 32 Darstellung

377 1587 35 21 des
425 1588 94 24 schönen
532 1593 93 28 Scheins,
639 1595 80 23 suchen
734 1596 50 23 aber
799 1598 61 22 nicht
877 1599 56 22 nach
944 1599 38 22 der
995 1600 119 24 Schönheit

376 1626 31 16 im
415 1622 104 25 Wahren.
538 1627 86 30 Wegen
637 1628 65 23 dieses
715 1638 53 22 ganz
779 1632 163 23 verschiedenen
955 1634 158 31 Standpunktes

375 1655 37 20 der
425 1655 136 34 Beurteilung
577 1660 56 23 mufs
646 1662 42 22 den
701 1664 61 22 einen
779 1664 124 28 mifsfallen,
916 1676 45 13 was
975 1667 41 22 den
1032 1669 80 22 andern

375 1721 33 14 w
432 1720 12 15 u
482 1692 44 22 Und
541 1701 66 15 WCnn
622 1696 56 22 3UCh
694 1697 79 23 einmal
790 1698 35 22 die
839 1700 82 22 Urteile
939 1700 44 23 sich
1002 1702 23 21 in
1043 1703 69 22 einem

375 1721 70 22 Werk
458 1723 51 24 oder
519 1726 69 22 einem
601 1729 100 23 Künstler
712 1730 83 29 treffen,
808 1741 24 13 so
845 1732 59 23 kann
915 1742 51 14 man
978 1735 69 22 sicher
1059 1737 51 26 sein,

375 1756 45 19 dals
434 1764 19 13 es
466 1765 53 22 ganz
535 1761 145 24 verschiedene
693 1764 70 22 Seiten
779 1765 55 27 sind,
850 1775 38 14 um
900 1767 149 24 derentwillen
1066 1778 45 14 von

375 1788 78 23 diesem
469 1792 43 21 wie
530 1801 43 14 von
586 1796 71 28 jenem
673 1797 47 22 Teil
735 1797 37 23 das
787 1799 47 22 Lob
850 1801 115 30 gespendet
979 1802 64 23 wird.
1068 1804 43 21 Der

375 1823 222 35 Uebereinstimmung
626 1830 22 21 in
677 1830 36 23 der
737 1830 170 26 künstlerischen
928 1836 182 31 Wertschätzung

374 1856 65 21 durch
460 1857 34 22 die
510 1859 153 28 Jahrhunderte
684 1864 39 22 hin
742 1865 52 32 liegt
813 1868 66 22 somit
896 1876 43 14 nur
955 1869 34 22 ein
1008 1869 47 22 sehr
1073 1869 25 22 be-

373 1890 83 28 dingter
467 1891 64 22 Wert
544 1892 42 29 bei;
602 1896 115 30 eigentlich
729 1899 27 22 ist
767 1900 68 22 damit
847 1909 41 14 nur
900 1902 149 30 ausgedrückt,
1063 1903 46 23 dafs

372 1928 89 21 gewisse
467 1924 87 23 Meister
563 1934 66 17 ersten
636 1931 84 30 Ranges
729 1933 47 22 eine
785 1941 24 15 so
817 1935 68 22 reiche
892 1935 116 32 Begabung
1016 1935 93 25 besessen

372 1957 76 25 naben,
467 1957 46 23 dafs
529 1968 29 14 sie
573 1961 41 23 den
627 1964 149 25 Bedürfnissen
788 1968 37 22 der
839 1969 182 23 verschiedensten
1034 1971 75 22 Zeiten

373 1994 25 13 zu
410 1996 98 24 genügen
520 1996 144 23 vermochten.
689 2000 67 30 Steigt
767 2009 52 14 man
831 2002 49 22 aber
893 2003 55 22 auch
957 2012 42 14 nur
1010 2013 38 13 um
1060 2005 48 22 eine

374 2025 69 18 blasse
458 2025 60 22 uefer
530 2026 72 28 hinab,
618 2030 72 23 wobei
703 2041 51 14 man
766 2034 58 23 doch
836 2036 58 22 noch
906 2037 77 22 immer
994 2038 113 23 innerhalb

372 2057 35 16 des
414 2057 105 22 Bereiches
529 2060 70 23 echter
606 2064 68 22 Kunst
680 2066 111 28 verbleibt,
802 2077 24 13 so
833 2069 55 31 zeigt
894 2070 45 22 sich
946 2070 103 30 sogleich,
1060 2072 46 23 dafs

373 2086 33 21 die
418 2088 144 30 Möglichkeit
572 2094 35 23 der
619 2097 172 35 Verständigung
803 2101 117 33 aufgehört
932 2103 37 23 hat

372 2151 28 16 7.;
415 2138 10 29 i
442 2129 40 15 lese
482 2127 19 40 ,
501 2127 18 19 G
520 2134 12 27 !
533 2127 109 24 schmacks
645 2133 129 31 wandlung,
800 2135 34 22 die
855 2137 45 22 sich
921 2137 95 23 dadurch
1037 2138 56 24 kenn-

374 2159 32 41 hll
429 2185 18 15 A-
474 2187 12 13 c
504 2166 16 34 l
552 2167 7 14 S
559 2159 3 41 ,
562 2168 18 14 l£
591 2163 88 28 gewisse
692 2167 101 23 Künstler
811 2168 41 23 auf
866 2170 13 22 d
881 2178 25 15 «
918 2171 74 23 Schild
1005 2172 99 28 gehoben

372 2189 90 47 'X
474 2189 18 21 fr
490 2222 12 14 fl
495 2190 50 23 uher
557 2192 67 25 kaum
635 2196 51 24 oder
698 2207 41 15 nur
751 2201 40 22 mit
802 2203 156 24 Widerwillen
971 2212 95 24 genannt
1077 2215 27 14 zu

372 2224 85 47 712?
475 2229 16 42 I
516 2232 14 21 g
531 2229 42 42 T
587 2236 29 35 7
618 2228 17 22 i£
652 2231 45 22 Pier
698 2240 14 14 °
730 2234 55 22 della
803 2237 111 23 Francesca
933 2237 35 24 für
987 2239 36 22 das
1041 2239 51 23 fünf-

372 2254 83 24 zehnte,
479 2256 130 25 Rembrandt
639 2264 44 21 und
713 2267 116 32 Velazquez
858 2270 36 23 für
919 2272 36 22 das
983 2273 120 23 siebzehnte

1199 295 155 28 Jahrhundert,
1372 297 45 22 und
1436 298 33 23 die
1485 301 49 28 jetzt
1552 301 29 22 als
1603 301 34 22 die
1657 301 121 25 führenden
1800 303 101 23 Künstler
1922 301 22 22 in

1201 329 148 23 Deutschland
1374 331 106 27 Bücklin,
1501 334 21 21 in
1542 334 129 24 Frankreich
1691 338 61 21 Puvis
1773 338 25 21 de
1818 338 126 22 Chavannes

1200 362 125 28 anerkennt,
1343 364 27 22 ist
1382 366 59 21 noch
1453 367 60 22 nicht
1529 375 26 15 zu
1568 368 68 23 ihrem
1648 369 117 24 Abschlufs
1781 371 97 31 gelangt,
1894 369 50 23 aber

1199 405 46 12 wer
1263 396 34 22 die
1316 398 168 32 Entwickelung
1501 401 36 22 der
1559 401 172 25 künstlerischen
1751 406 149 28 Anschauung
1919 402 22 22 in

1199 438 98 14 unserem
1313 431 144 29 Jahrhundert
1476 434 146 23 aufmerksam
1640 436 95 31 verfolgt
1752 439 49 26 hat,
1819 438 57 23 wird
1896 436 45 23 sich

1198 464 61 21 nicht
1271 464 115 23 verhehlen
1398 465 96 29 können,
1513 467 46 23 dafs
1575 478 42 13 nur
1631 471 48 22 eine
1694 471 73 23 dünne
1784 468 157 27 Scheidewand

1198 506 39 13 uns
1250 506 44 14 von
1307 498 35 22 der
1354 500 48 21 Zeit
1414 506 79 21 trennt,
1510 500 27 23 da
1554 502 55 23 auch
1624 503 127 32 diejenigen,
1767 506 35 22 die
1817 508 50 28 jetzt
1882 503 58 24 noch

1198 531 39 22 mit
1253 531 56 22 allen
1322 532 90 23 Kräften
1430 533 44 22 sich
1492 534 37 22 der
1541 537 148 31 Umwälzung
1701 539 145 27 widersetzen,
1863 544 64 17 unver-

1197 564 69 22 merkt
1282 566 43 21 und
1344 566 103 30 plötzlich
1464 566 36 23 für
1517 568 35 23 das
1568 571 64 21 Neue
1648 579 124 22 gewonnen
1787 573 45 22 sein
1844 572 94 23 werden.

1197 600 62 20 Denn
1266 599 34 21 ein
1307 599 213 29 vollesjahrhundert
1528 602 73 23 bereits
1607 604 75 23 dauert
1688 614 27 17 es,
1720 605 46 23 dafs
1771 605 40 23 auf
1814 606 64 22 dieses
1884 611 54 16 neue

1196 631 57 23 Ziele
1262 632 156 31 hingearbeitet
1427 634 65 28 wird;
1503 636 71 22 David
1584 637 43 22 und
1636 639 105 27 Carstens,
1752 640 35 22 die
1795 640 142 23 Klassizisten,

1195 673 74 14 waren
1292 666 97 30 zugleich
1411 667 35 23 die
1467 675 68 17 ersten
1557 671 180 28 Revolutionäre;
1762 674 34 21 die
1817 675 121 21 Nazarener

1195 697 85 32 folgten
1299 699 76 28 ihnen;
1397 701 97 28 Richter,
1513 704 111 26 Schwind,
1643 705 76 23 Rethel
1737 707 22 21 in
1781 704 155 26 Deutschland,

1194 733 64 25 Gros,
1276 733 118 27 Gericault,
1413 735 113 23 Delacroix
1547 738 23 22 in
1589 738 125 23 Frankreich
1731 746 78 17 setzten
1826 741 56 22 diese
1898 740 26 21 Be-

1194 765 127 32 mühungen
1333 765 57 29 fort;
1408 768 35 22 die
1463 770 230 25 Landschafterschule
1708 782 44 14 von
1768 773 168 24 Fontainebleau

1193 799 44 22 wie
1249 799 35 22 die
1293 800 122 31 englischen
1425 804 171 30 Prärephaeliten
1606 810 68 18 traten
1681 806 59 23 dann
1749 807 29 23 als
1789 808 147 30 geschlossene

1193 834 105 30 Gruppen
1313 842 46 17 vor,
1378 835 44 22 und
1440 837 85 22 endlich
1541 846 39 14 um
1598 838 35 23 die
1648 840 64 22 Mitte
1730 841 36 22 des
1783 840 152 30 Jahrhunderts

1193 865 77 32 gelang
1288 875 21 13 es
1326 868 81 26 Miller,
1426 869 49 23 dem
1493 871 151 32 Umschwung
1661 874 56 22 auch
1738 875 34 22 die
1789 875 83 23 äufsere
1889 875 31 22 An-

1192 898 127 33 erkennung
1327 909 26 14 zu
1363 903 103 30 erringen.
1486 906 49 20 Von
1545 905 27 22 da
1579 914 27 14 an
1613 907 38 21 hat
1662 907 33 22 die
1701 916 55 14 neue
1766 909 154 28 Anschauungs-

1191 933 74 26 weise,
1284 933 113 25 besonders
1417 936 69 22 durch
1503 938 127 24 Frankreich
1647 939 129 29 befruchtet,
1795 942 63 31 stetig
1874 942 48 22 Fort-

1191 966 86 23 schritte
1294 969 112 28 gemacht;
1429 970 59 30 1870
1505 971 26 22 ist
1551 981 19 13 es
1588 973 67 23 durch
1671 975 160 32 Vermittelung
1846 977 87 20 Manets

1190 1008 49 14 zum
1256 1002 70 21 Bruch
1342 1003 40 21 mit
1398 1003 37 22 der
1452 1005 165 23 unmittelbaren
1633 1008 178 31 Vergangenheit,
1830 1009 47 22 also
1892 1008 40 22 mit

1190 1033 36 22 der
1236 1035 128 27 Romantik,
1377 1036 132 30 gekommen
1522 1039 45 22 und
1579 1041 39 21 seit
1631 1041 59 29 1890
1701 1042 86 23 endlich
1796 1043 69 22 haben
1876 1041 55 23 auch

1189 1066 34 22 die
1233 1068 162 30 neugebildeten
1404 1072 278 33 Künstlervereinigungen,
1693 1075 33 22 die
1734 1077 142 25 Sezessionen,
1885 1074 46 23 sich

1188 1100 35 23 die
1242 1102 161 32 Anerkennung
1423 1104 35 22 des
1477 1107 68 22 Staats
1566 1115 25 14 zu
1612 1108 97 31 erringen
1731 1109 121 31 begonnen.
1878 1109 53 22 Eine

1187 1134 74 23 solche
1276 1136 127 32 Bewegung
1417 1137 49 23 läfst
1482 1140 45 22 sich
1543 1140 64 23 wohl
1623 1141 117 32 zeitweilig
1756 1143 108 26 hemmen,
1883 1140 36 25 auf-

1187 1168 100 29 gehalten
1298 1168 59 24 kann
1367 1171 29 22 sie
1406 1171 48 22 aber
1464 1172 53 23 eben
1526 1182 25 14 so
1561 1174 74 31 wenig
1644 1176 96 26 werden,
1752 1178 43 21 wie
1805 1178 34 21 ein
1849 1179 79 21 Strom,

1187 1201 37 22 der
1241 1210 46 14 von
1305 1203 55 22 allen
1376 1205 71 22 Seiten
1463 1206 96 23 Zuflüsse
1577 1208 22 21 in
1617 1208 45 22 sich
1679 1209 155 28 aufnehmend,
1852 1209 76 24 rastlos

1187 1235 79 22 seinem
1278 1236 58 22 Ziele
1348 1239 99 23 zustrebt.

1237 1270 24 21 In
1279 1270 124 27 Karlsruhe,
1421 1272 37 23 das
1475 1273 45 22 sich
1536 1274 39 22 seit
1587 1275 114 23 Schirmers
1715 1278 73 22 Zeiten
1805 1283 50 18 stets
1870 1277 57 22 einer

1186 1302 90 31 ruhigen
1288 1304 45 22 und
1346 1306 90 30 stetigen
1446 1306 168 33 Entwickelung
1626 1317 25 14 zu
1662 1309 96 24 erfreuen
1768 1312 79 30 gehabt
1860 1312 65 22 hatte,

1185 1335 28 22 ist
1231 1344 20 14 es
1270 1336 83 32 infolge
1372 1338 127 24 besonderer
1516 1342 119 22 Umstände
1653 1343 103 30 plötzlich
1778 1345 45 22 und
1844 1345 82 22 nahezu

1184 1371 147 22 unvermittelt
1342 1380 35 13 zur
1386 1373 94 30 Bildung
1493 1374 58 22 einer
1560 1377 108 22 Sezession
1678 1377 139 30 gekommen.
1833 1378 93 29 Solange

1184 1403 118 23 Ferdinand
1318 1405 78 26 Keller,
1414 1406 138 27 Schönleber,
1570 1409 82 26 Baisch,
1671 1410 135 24 Bokelmann
1822 1412 50 22 dort
1888 1417 25 16 zu-

1183 1438 201 26 sammenwirkten,
1397 1447 47 14 war
1455 1448 43 13 von
1512 1441 70 23 einem
1593 1444 212 24 Zusammenschlufs
1822 1446 37 22 der
1874 1447 38 28 jün-

1182 1477 65 23 geren
1259 1470 74 23 Kräfte
1348 1472 44 22 und
1408 1472 63 23 deren
1485 1475 155 30 Gegnerschaft
1653 1485 69 22 gegen
1737 1478 35 23 die
1789 1479 64 23 Alten
1866 1477 58 23 noch

1182 1503 70 22 nichts
1262 1512 25 14 zu
1299 1508 83 27 spüren.
1408 1508 33 20 Da
1453 1507 83 23 starben
1549 1509 30 22 im
1589 1510 61 28 Jahre
1663 1519 7 14 1
1679 1511 46 32 894
1735 1512 103 31 plötzlich
1848 1511 74 24 Baisch

1182 1537 88 23 sowohl
1283 1538 44 22 wie
1339 1538 140 24 Bokelmann.
1506 1543 35 21 An
1553 1542 46 23 ihre
1611 1544 79 22 Stellen
1707 1544 78 24 kamen
1798 1546 68 31 Zügel
1878 1542 44 25 und

1182 1570 66 23 Claus
1265 1572 83 30 Meyer,
1364 1572 69 32 gaben
1453 1574 78 30 jedoch
1553 1576 61 23 beide
1635 1577 55 23 nach
1710 1578 118 29 Jahresfrist
1847 1578 75 24 bereits

1181 1604 45 23 ihre
1240 1606 76 22 Posten
1329 1604 44 26 auf.
1392 1608 67 30 Zügel
1469 1609 77 23 wurde
1557 1618 46 14 nun
1616 1610 68 23 durch
1694 1613 139 32 Weishaupt,
1846 1615 76 27 Meyer

1181 1638 67 22 durch
1259 1638 40 23 den
1311 1639 81 24 Grafen
1401 1641 134 24 Kalckreuth
1548 1649 80 18 ersetzt.
1651 1646 73 22 Dieser
1735 1648 73 22 rasche
1817 1643 103 27 Wechsel

1179 1671 45 22 rief
1238 1673 46 22 eine
1302 1675 135 31 Bewegung,
1457 1675 34 23 die
1512 1677 68 22 schon
1598 1677 63 32 lange
1679 1679 126 24 vorbereitet
1822 1686 98 25 gewesen

1179 1705 46 22 sein
1243 1707 94 26 mochte,
1353 1708 84 23 hervor.
1467 1710 36 21 Bei
1519 1710 141 32 Gelegenheit
1678 1713 37 22 der
1733 1715 139 22 Vorarbeiten
1883 1711 36 24 für

1179 1738 35 23 die
1232 1740 149 32 Beschickung
1398 1742 37 23 der
1452 1743 93 23 Berliner
1562 1745 140 32 Ausstellung
1722 1755 44 15 von
1787 1748 62 29 1896
1867 1747 52 22 kam

1179 1772 36 22 der
1231 1775 117 28 Gegensatz
1364 1776 37 22 der
1419 1777 95 22 Parteien
1532 1787 50 13 zum
1598 1779 114 24 Ausbruch
1729 1781 44 22 und
1791 1781 74 22 führte
1883 1786 35 16 zur

1178 1806 95 31 Bildung
1286 1807 35 22 des
1331 1809 184 24 Künstlerbundes
1529 1812 30 22 als
1572 1813 56 22 einer
1637 1821 43 15 von
1690 1814 37 22 der
1736 1810 182 27 Genossenschaft

1177 1840 142 30 gesonderten
1325 1843 152 32 Vereinigung.
1491 1845 69 22 Nicht
1567 1846 49 22 aber
1622 1853 57 17 etwa
1686 1856 37 14 um
1730 1848 62 22 einen
1800 1851 117 30 Gegensatz

1176 1881 44 14 von
1228 1873 158 25 Akademikern
1394 1877 45 22 und
1446 1878 240 25 Nicht-Akademikern
1693 1881 99 23 handelte
1799 1891 20 13 es
1827 1882 45 22 sich
1878 1880 26 23 da-

1176 1906 34 23 bei
1216 1916 5 17 ;
1232 1907 92 23 sondern
1332 1908 37 23 der
1375 1911 116 31 Zwiespalt
1498 1920 47 15 war
1551 1913 31 22 im
1589 1914 88 22 Schofse
1684 1914 36 22 der
1728 1915 119 23 Akademie
1854 1914 62 22 selbst

1176 1941 170 29 ausgebrochen.
1375 1944 41 22 Die
1429 1946 152 22 vornehmsten
1590 1947 125 31 Mitglieder
1728 1949 34 22 des
1772 1949 84 22 Bundes
1869 1945 47 24 sind

1176 1973 135 24 Professoren
1324 1985 27 13 an
1361 1976 36 23 der
1407 1977 128 25 Akademie:
1549 1980 136 28 Schünleber,
1699 1982 35 22 der
1744 1983 172 30 ausgezeichnete

1175 2008 216 28 Landschaftsmaler,
1401 2012 89 23 Schüler
1499 2013 35 22 des
1545 2014 132 23 Münchners
1687 2016 47 22 Lier
1743 2017 45 22 und
1798 2017 117 28 Schwager

1173 2043 57 28 jenes
1247 2042 82 27 Baisch,
1345 2043 37 23 der
1397 2045 54 23 einst
1466 2046 34 22 bei
1515 2046 42 22 den
1574 2049 116 22 Franzosen
1706 2050 23 21 in
1745 2050 34 22 die
1795 2050 67 22 Lehre
1877 2055 25 23 ge-

1173 2083 86 23 gangen
1267 2085 46 13 war
1320 2077 44 22 und
1371 2078 48 23 eine
1427 2079 48 22 Zeit
1485 2079 50 32 lang
1542 2081 30 22 im
1580 2081 80 23 Atelier
1668 2083 114 23 Theodore
1791 2085 122 21 Rousseaus

1173 2108 116 31 gearbeitet
1301 2110 69 28 hatte;
1389 2112 154 32 Pötzelberger,
1561 2115 34 21 ein
1607 2116 148 30 vorzüglicher
1767 2118 83 24 Lehrer,
1869 2121 43 16 von

1172 2142 80 23 stillem
1264 2142 50 24 aber
1325 2152 39 15 um
1375 2153 24 15 so
1412 2146 117 30 grüfserem
1541 2148 98 26 Einflufs,
1656 2150 106 23 durchaus
1779 2151 38 22 der
1828 2153 83 19 ernsten

1172 2176 109 23 ehrlichen
1294 2179 70 21 Kunst
1376 2180 108 30 zugethan
1496 2181 44 22 und
1557 2181 72 28 bereit,
1646 2183 45 23 sich
1708 2184 22 22 in
1744 2184 71 30 jedem
1830 2184 68 22 Kunst-

1172 2208 93 24 betriebe
1282 2219 27 14 zu
1325 2213 129 26 versuchen,
1473 2215 44 21 wie
1535 2223 21 14 er
1573 2216 56 22 denn
1645 2217 77 22 zuletzt
1737 2218 45 22 sich
1800 2217 37 22 der
1851 2213 48 25 Bild-

1171 2242 86 24 hauerei
1275 2246 140 28 zugewendet
1433 2247 49 26 hat;
1502 2249 74 22 Carlos
1596 2251 89 26 Grethe,
1707 2251 36 22 der
1762 2251 148 30 konsequente

1170 2276 157 24 willensstarke
1343 2279 121 29 Praktiker;
1481 2281 88 24 endlich
1581 2283 139 28 Kalckreuth,
1739 2284 35 23 der
1791 2284 59 29 1805
1871 2278 42 26 auf

1204 2441 0 0 236
