3413 4310
1659 184 106 51 396

181 327 179 63 günstig
392 328 75 46 für
494 325 67 47 die
592 324 288 50 ausbauende
909 325 135 49 Hand
1074 324 75 48 des
1178 324 219 48 Musikers
1426 327 132 44 wäre.
1605 325 66 46 Zu

184 403 86 47 den
299 403 89 46 vier
414 404 242 52 Personen,
685 400 135 49 deren
846 400 251 50 Schicksale
1125 400 84 46 den
1233 399 293 65 eigentlichen
1549 400 123 46 Kern

184 478 76 46 des
293 477 193 47 Werkes
517 475 162 56 bilden,
716 477 93 47 tritt
837 478 62 46 als
928 477 149 45 Stülze
1107 474 89 48 und
1225 477 172 61 Träger
1418 474 76 47 des
1522 482 125 40 orato-

181 551 174 49 rischen
386 551 270 49 Charakters
685 551 79 46 der
791 551 170 49 Herold
984 553 183 52 Lichas;
1197 568 49 30 er
1275 551 127 46 führt
1428 550 129 47 theils
1586 551 85 55 ein,

180 626 238 49 vermittelt
453 626 43 47 in
533 626 337 49 verschiedener
899 628 155 45 Weise
1091 626 69 47 die
1190 625 313 65 Uebergänge,
1543 625 129 47 theils

256 703 92 47 und
377 701 91 49 dies
496 703 54 45 ist
576 701 69 49 die
674 703 135 56 Seite,
838 703 42 47 in
912 703 193 47 welcher
1131 703 92 47 sein
1254 701 418 51 musicalischer

179 778 166 47 Werth
368 778 300 47 vornehmlich
691 778 378 63 liegt—spiegeln
1092 778 90 47 sich
1213 778 40 47 in
1282 778 110 54 ihm,
1420 776 100 49 dem
1550 778 122 47 nicht

174 869 47 32 so
252 854 287 47 unmittelbar
581 852 89 49 und
711 855 249 64 persönlich
992 854 69 48 bei
1094 854 121 48 Weh
1256 854 89 47 und
1373 852 179 49 Freude
1581 855 57 46 Be-

171 927 248 65 theiligten,
448 929 70 45 die
547 929 271 63 gewalligen
846 930 243 63 Vorgänge
1131 929 115 47 nach
1287 929 122 47 ihrer
1447 927 220 49 sittlichen

170 1002 268 66 Bedeutung
475 1004 179 48 wieder.
702 1006 132 46 Seine
863 1005 390 48 Verwandtschaft
1293 1005 80 47 mit
1413 1004 101 48 dem
1547 1005 121 48 Chor

169 1081 108 62 liegt
302 1095 48 32 so
378 1098 51 29 zu
459 1081 138 64 Tage.
612 1081 128 46 —Es
764 1098 103 47 mag
892 1081 69 47 bei
984 1081 291 65 Gelegenheit
1303 1080 141 48 dieses
1469 1080 197 49 Werkes

171 1159 217 59 vergönnt
421 1155 111 57 sein,
574 1155 111 47 über
726 1155 70 48 die
826 1156 148 48 Chöre
1003 1156 42 48 in
1074 1156 84 48 den
1187 1155 330 48 Händel'schen
1547 1156 90 48 Ora-

172 1232 143 46 torien
343 1230 256 64 überhaupt
626 1231 143 63 einige
800 1232 164 48 Worte
990 1250 52 29 zu
1072 1249 152 47 sagen.
1266 1233 114 46 Dass
1409 1232 70 47 die
1508 1232 131 47 Direc-

170 1313 128 41 toren
327 1307 329 48 musicalischer
684 1307 192 48 Vereine
906 1308 68 47 bei
1004 1308 79 49 der
1107 1308 140 49 Wahl
1277 1310 118 45 eines
1423 1308 216 49 aufzufüh-

170 1382 166 47 renden
364 1383 186 47 Stückes
579 1383 126 47 meist
731 1383 257 49 zuvörderst
1014 1385 112 48 nach
1158 1383 79 49 der
1266 1385 169 47 Anzahl
1465 1383 89 49 und
1585 1385 81 48 der

169 1458 335 49 musicalischen
532 1460 244 47 Schönheit
815 1460 80 47 der
923 1461 149 47 Chöre
1115 1462 170 62 fragen,
1332 1461 55 47 ist
1426 1461 98 47 eine
1563 1461 80 47 fest-

169 1533 214 48 stehende
412 1534 266 49 Thatsache.
707 1536 50 45 In
785 1552 47 31 so
863 1536 93 47 fern
988 1536 115 48 beim
1129 1536 287 48 Einstudiren
1445 1537 186 64 gewöhn-

164 1608 83 48 lich
365 1609 59 49 ob
454 1611 79 47 mit
561 1612 158 55 Recht,
763 1612 53 46 ist
848 1612 97 47 eine
975 1612 166 48 andere
1169 1613 150 62 Frage
1435 1612 70 48 die
1534 1614 128 46 Solo-

167 1686 205 47 Partieen
415 1686 90 47 und
546 1687 98 47 ihre
673 1688 273 64 Auffassung
985 1688 103 47 dem
1119 1688 379 48 Privat-Studium
1540 1689 122 47 ihrer

167 1762 171 62 Träger
365 1762 387 65 anheimgegeben
774 1763 113 57 sind,
914 1764 52 46 ist
989 1764 104 64 jene
1116 1764 251 49 Thalsache
1397 1764 113 49 auch
1540 1766 122 47 nicht

166 1835 117 49 bloss
312 1837 250 57 erklärlich,
604 1838 191 48 sondern
826 1839 69 47 ein
932 1841 273 47 ehrenvolles
1232 1842 217 62 Zeugniss
1481 1842 73 46 für
1583 1841 79 48 das

162 1912 263 57 Bestreben,
468 1914 79 46 mit
586 1913 86 48 den
712 1914 316 48 vorhandenen
1070 1917 172 45 Mitteln
1284 1917 97 47 eine
1426 1917 237 63 möglichst

165 1988 279 48 umfassende
467 1989 210 65 Aufgabe
703 2008 51 29 zu
785 1992 137 47 lösen.
951 1992 124 47 Aber
1105 2008 43 31 es
1178 1993 73 63 lag
1280 1992 91 47 und
1399 1993 107 63 liegt
1534 1992 127 49 darin

166 2064 70 47 ein
264 2064 322 64 Hauptgrund,
614 2083 174 31 warum
818 2067 121 48 einer
961 2068 141 47 Reihe
1130 2084 83 32 von
1235 2069 319 64 Schöpfungen
1583 2069 80 47 der

165 2140 291 47 herrlichsten
485 2143 85 46 Art
597 2142 77 47 das
703 2159 153 46 grosse
886 2144 198 47 Unrecht
1116 2145 315 47 unverdienter
1458 2145 174 49 Zurück-

166 2223 184 57 setzung
378 2218 225 62 angethan
632 2218 127 56 wird,
802 2236 82 31 von
920 2219 84 48 den
1047 2220 300 64 unwürdigen
1379 2222 251 47 Verstümm-

165 2291 166 64 lungen
360 2291 191 49 anderer
579 2294 119 47 nicht
725 2312 53 30 zu
806 2295 153 57 reden,
1000 2295 70 48 die
1098 2314 92 29 nun
1219 2304 89 41 erst
1336 2298 251 48 allmählich
1618 2298 42 48 in

165 2368 122 47 ihrer
324 2370 372 62 ursprünglichen
726 2371 170 47 Gestalt
934 2373 91 45 sich
1058 2373 129 47 Bahn
1230 2373 196 48 brechen
1468 2378 192 44 müssen.

166 2444 155 46 Wenn
363 2444 58 47 im
452 2445 206 47 Belsazar
698 2445 70 48 die
799 2448 174 47 Wucht
1012 2465 164 47 ganzer
1206 2449 168 47 Völker
1416 2449 242 63 gleichsam

165 2517 225 50 handelnd
418 2520 41 47 in
490 2520 70 48 die
585 2521 274 64 Wagschale
891 2524 117 53 fällt;
1040 2540 127 32 wenn
1197 2525 60 47 im
1279 2525 134 48 Israel
1442 2525 79 48 das
1543 2525 115 48 Volk

166 2596 154 46 Gottes
349 2596 70 47 die
449 2597 211 47 Wunder
688 2599 117 63 singt
835 2599 79 48 der
943 2600 248 64 mächtigen
1221 2600 135 48 Hand
1385 2601 76 49 des
1493 2603 165 55 Herrn,

166 2672 174 46 seines
371 2672 168 56 Gottes,
569 2672 42 49 in
635 2675 200 62 epischer
852 2675 147 48 Breite
1021 2676 87 47 und
1133 2677 121 46 einer
1276 2677 141 56 Fülle,
1446 2694 78 32 vor
1552 2679 79 47 wel-

162 2747 107 47 cher
296 2747 68 49 die
395 2749 185 48 Stimme
611 2750 74 47 des
713 2751 240 48 Einzelnen
984 2754 334 47 verschwinden
1348 2771 148 39 muss;
1527 2771 131 31 wenn

161 2825 60 44 im
244 2824 139 48 Judas
405 2825 286 57 Maccabäus,
713 2827 58 47 im
791 2829 140 47 Josua
953 2829 204 48 dasselbe
1173 2830 132 56 Volk,
1329 2848 73 29 um
1426 2831 121 47 seine
1574 2848 84 31 von

162 2900 107 45 Gott
284 2900 241 48 erwählten
545 2901 86 47 und
652 2902 223 49 beseelten
891 2905 181 47 Führer
1087 2905 223 63 geschart,
1323 2905 166 48 Leiden
1507 2906 128 48 erdul-

162 2973 89 58 det,
282 2976 174 47 Thaten
494 2977 252 65 vollbringt,
876 2980 126 47 sollte
1032 2980 56 48 da
1116 2981 79 47 der
1227 2981 214 48 Gedanke
1469 2999 48 32 so
1563 2984 93 47 fern

162 3052 160 64 liegen,
351 3051 98 48 dass
480 3055 84 45 alle
592 3055 119 47 diese
739 3056 141 47 Stoße
906 3056 70 48 die
1004 3057 234 48 Elemente
1268 3058 121 47 ihrer
1421 3058 213 49 künstleri-

158 3127 133 47 schen
310 3128 262 66 Gestaltung
594 3131 136 47 schon
753 3132 43 47 in
818 3132 92 48 sich
937 3132 136 48 selbst
1100 3135 294 63 nothwendig
1422 3144 235 55 getragen,

157 3202 99 50 dass
285 3220 45 32 es
358 3205 90 48 also
477 3222 83 31 von
589 3224 105 30 vorn
727 3208 153 47 herein
909 3210 187 47 verfehlt
1124 3210 68 54 ist,
1216 3210 70 48 bei
1317 3227 111 47 ganz
1459 3211 198 48 anderen

158 3279 262 49 Elementen
449 3279 113 49 doch
592 3282 204 48 ähnliche
825 3286 473 63 Zusammensetzung,
1338 3286 69 48 bei
1437 3304 111 47 ganz
1578 3304 53 30 an-

162 3353 136 48 deren
330 3356 289 64 Grundlagen
660 3358 113 48 doch
804 3359 235 49 ähnlichen
1066 3362 98 47 Bau
1193 3380 51 29 zu
1275 3362 200 48 suchen?
1519 3363 139 47 Sollte

162 3446 45 32 es
246 3432 79 47 der
363 3432 138 48 Mühe
555 3434 120 47 nicht
726 3437 258 55 verlohnen,
1036 3437 258 49 demselben
1336 3439 183 49 Meister
1558 3456 72 30 ver-

164 3509 264 46 trauensvoll
457 3511 113 45 auch
594 3511 135 47 dahin
757 3530 50 29 zu
839 3513 164 62 folgen,
1026 3531 70 30 wo
1126 3531 48 30 er
1204 3514 68 49 die
1304 3514 352 49 künstlerischen

165 3580 185 50 Gebilde
390 3584 119 47 nicht
550 3602 48 31 so
641 3587 76 47 mit
760 3588 204 64 wenigen
1007 3588 171 48 breiten
1219 3591 206 48 Strichen
1467 3592 190 62 anlegen

165 3659 190 46 wollte
383 3660 104 47 und
515 3660 209 60 durfte,
752 3664 191 47 sondern
975 3682 70 31 wo
1073 3666 91 47 sein
1196 3667 166 48 Genius
1390 3667 141 48 durch
1562 3685 71 30 zar-

162 3742 108 48 tere,
308 3734 315 60 zahlreichere,
663 3738 110 48 aber
806 3740 236 64 organisch
1073 3740 274 50 wunderbar
1374 3760 251 33 zusammen-

165 3809 236 65 hangende
421 3813 125 61 Züge
571 3813 198 49 arbeiten
799 3823 224 51 musste,
1054 3834 73 30 um
1157 3834 80 32 aus
1265 3818 85 48 den
1378 3819 255 47 individuell-

161 3893 95 39 sten
299 3887 228 47 Gestalten
567 3888 69 47 ein
677 3890 327 64 abgerundetes
1033 3894 171 47 Ganzes
1243 3895 84 47 voll
1366 3894 155 48 Leben
1564 3894 92 50 und

166 3961 241 49 Wahrheit
420 3980 52 30 zu
489 3963 299 48 schaffen?—
799 3968 96 47 Von
919 3968 164 48 diesem
1103 3970 372 64 Gesichtspunkte
1501 3972 123 48 möch-

162 4045 71 41 ten
263 4039 80 47 wir
369 4039 79 49 das
476 4040 286 65 vorliegende
792 4044 145 47 Werk
975 4045 90 49 und
1094 4048 271 48 namentlich
1403 4048 71 48 die
1505 4048 151 49 Chöre

1746 324 127 48 darin
1916 324 250 48 betrachtet
2194 325 174 47 wissen.
2426 324 61 47 Es
2532 324 156 49 würde
2729 341 50 31 zu
2823 324 102 48 weit
2969 324 180 57 führen,
3192 325 59 49 im

1744 401 239 47 Einzelnen
2002 400 70 47 die
2089 401 139 47 Mittel
2255 401 359 56 nachzuweisen,
2642 401 70 48 die
2736 401 78 48 der
2832 401 133 48 Hand
2989 401 76 48 des
3086 404 140 47 Künst-

1744 476 87 47 lers
1859 475 195 64 gedient,
2083 476 89 47 und
2198 476 79 47 der
2299 477 84 46 Art
2409 476 120 47 ihrer
2544 477 322 62 Verwendung
2889 479 80 45 auf
2985 477 83 47 den
3093 479 160 47 Grund

1743 569 52 29 zu
1832 551 170 63 gehen;
2047 551 212 48 ohnedies
2288 556 151 43 wären
2470 551 251 48 zahlreiche
2750 553 391 64 Noten-Beispiele
3171 557 54 43 nö-

1743 627 111 64 thig,
1897 627 87 47 und
2029 628 113 47 auch
2186 628 78 47 mit
2299 627 149 48 diesen
2491 628 194 55 möchte,
2729 645 91 30 was
2849 630 82 47 wir
2959 637 115 40 etwa
3102 630 150 63 geben

1743 702 215 57 könnten,
1996 703 128 47 theils
2152 721 51 29 zu
2247 703 98 55 viel,
2387 703 133 47 theils
2548 721 51 29 zu
2631 703 147 64 wenig
2806 705 108 55 sein,
2962 705 80 48 viel
3086 721 50 31 zu
3167 706 80 47 viel

1744 778 75 47 für
1846 777 102 57 den,
1978 778 79 47 der
2086 778 77 49 mit
2191 778 101 49 dem
2325 778 175 49 Werke
2533 786 199 41 vertraut
2774 780 68 55 ist,
2882 797 51 30 zu
2983 781 148 62 wenig
3173 781 78 47 für

1741 854 86 56 die,
1855 854 142 49 denen
2028 871 45 30 es
2101 857 115 46 noch
2246 872 112 47 ganz
2387 872 100 31 neu.
2548 857 60 46 Es
2646 857 127 46 sollte
2809 874 86 29 nur
2923 856 84 47 den
3037 857 210 48 letzteren

1742 931 124 47 recht
1896 931 115 47 nahe
2048 932 150 63 gelegt
2226 931 199 56 werden,
2468 947 71 32 wo
2571 932 61 47 sie
2663 931 69 47 die
2762 932 245 48 Schönheit
3035 932 89 47 und
3155 932 88 48 den

1741 1007 172 46 Genuss
1941 1023 52 30 zu
2023 1006 167 48 suchen
2221 1007 171 54 haben;
2433 1006 62 48 sie
2525 1011 166 59 mögen
2722 1007 253 56 festhalten,
3014 1007 99 48 dass
3143 1007 103 48 kein

1739 1082 144 56 Theil,
1927 1081 104 48 böte
2061 1098 48 31 er
2136 1083 114 47 auch
2282 1083 365 64 herausgerissen
2691 1082 135 48 schon
2857 1082 70 48 die
2956 1083 287 48 lockendsten

1738 1158 149 56 Reize,
1915 1158 120 47 seine
2063 1159 112 47 volle
2191 1159 298 64 Würdigung
2518 1159 202 47 erhalten
2752 1158 116 48 kann
2899 1159 160 47 anders
3089 1161 63 47 als
3181 1161 59 47 im

1736 1234 412 64 Zusammenhang,
2186 1252 56 30 an
2273 1235 80 47 der
2381 1235 152 56 Stelle,
2569 1234 148 48 wohin
2749 1252 48 29 er
2825 1252 99 30 vom
2955 1235 183 49 Meister
3164 1252 52 47 ge-

1736 1317 107 40 setzt
1870 1309 66 48 ist.
1983 1310 95 47 Das
2109 1310 148 49 Werk
2285 1310 107 65 liegt
2412 1310 50 65 ja
2491 1310 224 49 nunmehr
2744 1327 100 32 vor:
2887 1327 122 32 man
3051 1312 192 48 mache

1736 1385 87 48 die
1865 1385 207 48 Probe!

3001 1463 52 47 G.
3082 1463 45 47 S.

1850 1462 258 64 Tübingen,
2137 1461 85 48 26.
2253 1461 259 48 November
2547 1462 154 48 1859.

2108 1683 193 78 Johann
2337 1685 268 76 Rupprecht
2644 1686 220 59 Dürrner.

2338 1811 301 47 (Nekrolog.)

1846 1910 41 47 J.
1919 1912 52 47 R.
2001 1912 261 48 Dürrner
2303 1913 158 47 wurde
2503 1929 72 32 am
2622 1913 79 48 15.
2729 1914 89 47 Juli
2858 1913 141 49 1810
3040 1932 51 29 zu
3123 1915 87 49 Ans-

1735 1985 113 49 bach
1878 1987 213 63 geboren.
2122 1988 104 48 Sein
2256 1989 157 57 Vater,
2441 1989 69 47 ein
2541 1990 259 64 geachteter
2822 1990 217 56 Musiker,
3068 1992 173 49 weckte

1735 2062 90 48 und
1854 2063 165 65 pflegte
2047 2064 71 47 die
2147 2065 339 49 musicalischen
2516 2067 224 63 Anlagen,
2785 2067 155 47 womit
2974 2065 71 50 die
3072 2068 140 48 Vorse-

1735 2138 124 64 hung
1888 2139 85 47 den
2004 2139 192 50 Knaben
2225 2142 349 48 unverkennbar
2603 2143 168 63 begabt
2808 2143 137 57 hatte,
2987 2143 91 48 und
3109 2150 130 42 unter

1733 2214 79 49 der
1840 2216 195 64 Leitung
2074 2218 224 63 tüchtiger
2326 2219 184 47 Meister
2554 2218 186 49 brachte
2776 2236 46 30 es
2864 2218 80 48 der
2973 2220 265 64 angehende

1729 2291 219 64 Jüngling
1990 2293 57 45 im
2080 2293 194 48 Ciavier-
2311 2293 92 48 und
2434 2294 257 65 Violinspiel
2734 2294 90 48 und
2865 2294 43 47 in
2938 2294 299 67 Behandlung

1731 2366 221 49 einzelner
1973 2369 431 48 Blas-Instrumente
2432 2388 51 29 zu
2508 2387 178 48 grosser
2711 2370 263 65 Fertigkeit,
3002 2388 49 32 so
3082 2373 84 48 wie
3187 2388 50 33 er

1731 2444 89 47 sich
1865 2445 113 46 auch
2022 2445 41 47 in
2107 2445 344 50 verschiedenen
2483 2448 365 64 Compositionen
2888 2448 91 48 und
3007 2448 58 48 im
3098 2450 112 47 Bear-

1733 2519 145 48 beiten
1928 2521 449 64 contrapunktischer
2416 2524 127 47 Sätze
2587 2524 78 47 mit
2700 2524 143 48 Glück
2885 2524 249 48 versuchte.

1729 2596 285 64 Ungeachtet
2055 2596 143 50 dieser
2239 2597 343 50 entschiedenen
2620 2600 207 64 Anlagen
2870 2600 76 47 für
2982 2600 71 48 die
3090 2603 149 47 Kunst

1729 2672 127 47 sollte
1879 2689 49 30 er
1949 2672 235 49 derselben
2207 2674 114 48 doch
2345 2676 122 47 nicht
2488 2676 350 47 ausschliessend
2862 2676 244 64 gewidmet
3128 2677 88 49 blei-

1732 2749 102 54 ben,
1874 2750 193 47 sondern
2099 2751 128 47 mehr
2255 2751 113 47 nach
2400 2751 102 48 dem
2533 2752 171 49 Willen
2734 2752 76 49 des
2841 2754 160 47 Vaters
3030 2754 63 47 als
3121 2755 116 47 nach

1728 2826 184 64 eigener
1944 2827 140 47 Wahl
2113 2826 103 48 dem
2245 2829 252 47 Lehrfache
2524 2829 92 48 sich
2644 2829 264 57 zuwenden,
2951 2829 90 48 und
3069 2846 50 32 so
3147 2837 91 42 trat

1729 2918 49 31 er
1807 2902 58 47 im
1896 2901 197 50 Herbste
2117 2902 137 49 1827
2282 2904 42 47 in
2348 2904 79 48 das
2450 2904 40 48 k.
2514 2905 524 48 Schullehrer-Seminar
3058 2923 53 30 zu
3137 2906 75 48 Alt-

1729 2977 112 48 dorf.
1870 2977 115 48 Hier
2014 2995 95 30 war
2138 2995 61 41 es,
2230 2996 70 31 wo
2323 2980 119 48 seine
2466 2981 307 48 musicalische
2795 2981 255 65 Begabung
3071 2981 162 50 immer

1731 3055 150 48 klarer
1908 3055 254 48 hervortrat
2190 3056 91 47 und
2311 3074 47 29 er
2387 3056 141 49 durch
2552 3058 400 64 ausgezeichneten
2974 3058 140 49 Fleiss
3144 3060 92 48 und

1728 3137 222 57 strengste
1980 3131 359 48 Beharrlichkeit
2375 3133 90 46 sich
2509 3132 70 48 die
2620 3133 349 49 wohlverdiente
2997 3135 208 48 Anerken-

1729 3224 122 45 nung
1891 3206 273 65 gediegener
2190 3208 174 47 Lehrer
2405 3210 42 45 in
2489 3210 121 47 solch
2654 3211 165 47 hohem
2850 3210 152 49 Grade
3038 3211 198 58 erwarb,

1728 3282 100 48 dass
1870 3282 120 48 diese
2029 3283 92 47 ihm
2164 3283 70 49 die
2264 3285 229 48 Direction
2524 3285 79 48 der
2630 3290 237 61 grösseren
2897 3287 337 48 musicalischen

1728 3359 374 64 Aufführungen,
2147 3361 83 47 wie
2269 3361 61 47 sie
2372 3361 170 48 damals
2580 3362 60 47 im
2669 3363 209 49 Seminar
2913 3362 320 66 gebräuchlich

1729 3452 171 40 waren,
1942 3436 293 64 übertrugen.
2289 3437 135 49 Diese
2455 3439 219 47 Concerte
2712 3439 188 49 wurden
2937 3439 122 47 nicht
3095 3441 141 48 selten

1728 3528 81 32 von
1850 3512 226 48 einzelnen
2107 3513 351 50 Musikkennern
2500 3514 77 49 des
2620 3514 338 50 benachbarten
2987 3516 249 66 Nürnberg

1731 3587 202 57 besucht,
1963 3588 90 47 und
2082 3588 120 48 diese
2234 3589 161 49 fanden
2423 3591 89 47 sich
2537 3591 41 47 in
2607 3591 212 63 richtiger
2837 3589 297 69 Würdigung
3156 3592 80 49 der

1729 3666 186 47 Talente
1943 3666 244 47 Dürrner's
2218 3664 102 50 bald
2344 3668 258 55 veranlasst,
2631 3667 241 48 denselben
2890 3668 151 64 jenem
3065 3671 168 48 Berufe

1728 3757 111 47 ganz
1870 3739 91 48 und
1990 3757 82 47 gar
2099 3758 52 29 zu
2182 3740 163 65 geben,
2386 3760 53 29 zu
2484 3742 101 47 dem
2627 3743 77 46 ihn
2733 3742 68 48 die
2831 3744 147 47 Natur
3006 3744 228 50 bestimmt

1729 3818 134 47 hatte.
1907 3817 73 48 Sie
2022 3817 143 48 trafen
2207 3817 208 49 desshalb
2444 3818 72 47 die
2543 3819 214 64 nötbigen
2785 3820 336 65 Einleitungen,
3157 3840 77 30 um

1727 3893 85 48 den
1835 3893 174 65 jungen
2038 3894 137 47 Mann
2218 3893 144 48 einem
2406 3897 235 61 grösseren
2682 3895 184 49 Meister
2900 3913 79 32 zur
3020 3898 214 48 weiteren

1727 3968 288 65 Ausbildung
2042 3986 53 30 zu
2126 3968 283 65 übergeben,
2452 3969 90 48 und
2570 3987 50 32 so
2649 3972 230 48 wanderte
2907 3989 49 31 er
2983 3973 117 48 nach
3129 3973 103 49 dem

1728 4045 216 50 Austritte
1973 4062 80 32 aus
2081 4045 102 49 dem
2215 4045 207 50 Seminar
2450 4047 57 48 im
2538 4048 197 49 Herbste
2771 4049 138 48 1829
2947 4067 52 30 zu
3039 4052 162 48 Fried-
