2624 4084
462 438 0 0 660

891 392 267 38 BULLETIN
1196 391 265 48 FRANÇAIS
1498 389 71 35 DE
1606 388 62 36 LA
1712 388 40 34 S.
1792 388 33 34 I.
1864 388 56 33 M.

372 556 58 50 et
475 567 65 36 sa
596 564 207 55 propre
868 544 110 54 vie.
1028 541 49 54 Il
1131 541 232 68 chante,
1427 544 59 49 et
1551 555 107 37 son
1716 537 179 54 chant
1942 535 217 56 atteint
2200 535 211 60 directe-

372 634 163 55 ment
593 628 82 53 les
751 626 156 51 âmes
987 620 246 55 sincères
1307 625 57 50 et
1444 617 320 68 vibrantes,
1824 616 83 55 les
1982 616 460 70 tempéraments

372 708 174 67 sains,
600 704 233 71 simples
880 706 60 50 et
990 700 100 71 qui
1138 718 60 37 se
1245 699 235 67 livrent,
1528 697 83 55 les
1659 695 354 74 organismes
2062 695 231 71 souples
2341 699 99 70 qui

372 788 206 53 cèdent
626 800 117 37 aux
788 779 343 72 impulsions
1179 780 99 55 des
1324 779 285 71 rythmes,
1655 776 84 55 les
1785 793 190 37 cœurs
2020 775 293 69 battants,
2359 777 81 55 les

372 882 188 39 cœurs
598 864 337 66 chantants,
974 860 82 55 les
1095 877 189 38 cœurs
1322 857 220 73 gonflés
1583 855 386 70 d'humanité,
2009 855 79 55 où
2126 855 311 57 résonnent

371 946 81 54 les
474 944 173 54 échos
670 943 97 54 des
789 939 288 61 émotions
1098 939 320 56 éternelles.
1441 939 53 53 A
1515 954 93 38 ces
1631 939 178 66 âmes,
1832 935 42 53 il
1893 934 193 56 révèle
2106 934 83 56 les
2211 951 230 41 œuvres

372 1024 263 71 grandes,
665 1021 40 54 il
731 1020 143 55 livre
901 1020 58 53 la
986 1019 288 68 sincérité,
1301 1017 58 55 la
1386 1017 215 56 beauté
1628 1021 60 51 et
1716 1015 59 55 la
1801 1014 187 56 vérité
2017 1014 102 72 qui
2144 1014 295 72 palpitent

372 1122 73 36 en
475 1101 154 69 elles,
666 1101 203 71 quand
899 1118 64 38 ce
997 1105 134 50 sont
1162 1099 83 56 les
1278 1098 359 55 souffrances
1669 1101 60 50 et
1764 1095 82 55 les
1879 1095 143 71 joies
2058 1095 70 55 de
2162 1094 279 57 l'homme

371 1183 99 72 qui
498 1181 83 56 les
609 1181 346 71 inspirèrent
983 1181 10 54 !
1028 1180 78 53 Et
1136 1179 152 54 voici
1316 1178 389 72 l'important,
1736 1193 98 43 ma
1863 1175 169 55 chère
2062 1174 162 56 élève
2253 1195 12 33 :
2296 1175 143 56 c'est

371 1280 112 54 que
518 1263 145 54 dans
694 1260 57 55 la
783 1259 156 56 foule
972 1259 101 72 qui
1105 1260 224 66 écoute,
1363 1256 281 73 quelques
1678 1256 159 60 âmes
1872 1252 300 58 d'artistes
2205 1259 234 51 sentent

371 1341 187 56 naître
583 1345 60 51 et
671 1358 58 37 se
755 1339 306 72 prolonger
1086 1358 74 35 en
1184 1339 135 54 elles
1344 1338 52 55 le
1424 1336 211 56 frisson
1663 1335 164 56 divin
1853 1335 145 55 dont
2025 1332 193 56 l'éveil
2241 1339 91 49 est
2363 1335 78 55 dû

371 1439 118 37 aux
531 1420 247 55 facultés
822 1418 527 57 d'extériorisation
1394 1419 69 54 de
1505 1415 360 71 l'interprète
1908 1412 430 73 compréhensif
2379 1420 58 48 et

371 1501 189 73 poète.
592 1501 79 54 Et
699 1500 58 55 ni
786 1500 182 70 Bach,
996 1499 61 56 ni
1085 1500 359 67 Beethoven,
1474 1496 59 56 ni
1562 1496 238 71 Eugène
1829 1495 217 70 Ysaye,
2076 1494 60 54 ni
2167 1494 273 70 Joachim

371 1581 167 55 n'ont
568 1579 182 57 désiré
780 1581 332 69 davantage
1138 1600 14 47 ;
1180 1578 69 54 ils
1277 1583 209 49 savent
1513 1576 156 69 bien,
1697 1575 126 55 l'un
1852 1590 227 43 comme
2109 1572 83 56 les
2220 1579 216 63 autres,

372 1660 143 71 qu'il
540 1660 151 55 n'est
718 1678 107 53 pas
852 1660 191 55 donné
1071 1660 34 53 à
1129 1664 135 49 tout
1289 1658 52 54 le
1368 1658 213 61 monde
1611 1656 70 55 de
1707 1654 382 71 comprendre
2116 1651 154 55 l'Art
2296 1658 60 49 et
2382 1652 55 56 la

372 1740 125 70 Vie,
534 1746 59 50 et
632 1740 140 71 qu'il
808 1739 104 72 n'y
945 1758 36 35 a
1014 1757 108 54 pas
1157 1757 113 53 que
1306 1738 250 55 certains
1575 1735 182 72 petits
1788 1734 235 56 enfants
2048 1733 285 71 auxquels
2359 1753 81 35 un

374 1820 162 71 jouet
568 1838 72 37 ne
672 1819 109 54 fait
813 1819 197 71 plaisir
1043 1837 112 53 que
1185 1816 291 73 lorsqu'ils
1508 1821 103 49 ont
1644 1832 84 38 vu
1758 1832 64 36 ce
1855 1813 146 72 qu'il
2032 1830 41 54 y
2105 1830 35 36 a
2175 1813 222 59 dedans
2423 1834 16 48 ;

374 1899 143 72 qu'il
550 1899 183 56 existe
770 1899 154 54 aussi
959 1898 249 55 certains
1244 1898 340 57 dilettantes
1621 1896 143 55 dont
1800 1893 260 71 l'unique
2095 1891 114 73 joie
2243 1898 89 49 est
2369 1894 70 54 de

376 1980 303 59 démonter
705 1979 52 54 le
786 1979 348 58 mécanisme
1165 1979 70 54 de
1263 1978 151 54 leurs
1441 1975 345 67 sensations,
1818 1975 71 53 de
1924 1973 338 71 cataloguer
2288 1971 152 56 leurs

375 2058 306 68 émotions,
720 2059 69 55 de
823 2058 82 56 les
938 2075 299 54 comparer
1272 2061 162 51 entre
1468 2055 135 56 elles
1636 2059 61 49 et
1734 2055 71 53 de
1846 2051 254 73 préférer
2135 2051 169 55 celles
2340 2051 97 71 qui

375 2144 104 48 ont
502 2139 304 70 beaucoup
828 2138 210 54 servi...
1066 2139 34 52 à
1124 2138 275 54 d'autres.

485 2218 53 53 A
558 2218 245 66 ceux-là,
821 2216 81 56 les
921 2216 142 71 joies
1082 2215 336 71 artistiques
1433 2214 348 72 spontanées
1801 2232 71 35 ne
1893 2216 133 51 sont
2044 2229 105 55 pas
2167 2211 272 69 données;

375 2317 72 37 ne
479 2298 83 54 les
583 2296 304 73 plaignons
902 2296 165 73 point
1090 2318 10 33 :
1118 2296 67 54 ils
1200 2314 60 37 se
1277 2295 297 56 consolent
1590 2310 143 38 avec
1749 2293 166 54 celles
1933 2310 112 54 que
2060 2291 123 56 leur
2197 2308 242 54 procure

374 2376 57 55 la
473 2375 270 74 pratique
789 2378 99 54 des
930 2375 314 56 traditions
1279 2373 407 55 sacro-saintes
1706 2394 14 47 ;
1757 2371 327 68 ratiociner,
2124 2370 157 55 voilà
2317 2371 122 55 leur

374 2455 151 56 idéal
552 2477 13 48 ;
595 2475 73 36 ne
699 2474 105 54 pas
835 2455 169 71 jouir,
1035 2455 136 55 telle
1202 2460 86 51 est
1317 2455 124 55 leur
1470 2454 195 53 raison
1697 2454 70 53 de
1799 2453 255 69 végéter.
2089 2451 201 71 Quant
2323 2469 116 36 aux

374 2541 216 63 autres,
630 2540 186 66 quant
855 2554 117 36 aux
1009 2534 308 56 musiciens
1353 2550 157 56 purs,
1550 2531 70 55 ils
1655 2550 61 38 se
1754 2536 349 51 contentent
2144 2530 296 72 d'appeler

375 2616 36 55 à
445 2634 115 37 eux
595 2615 57 53 la
687 2614 267 72 musique
991 2620 60 50 et
1089 2616 71 55 de
1194 2614 160 56 boire
1392 2615 36 52 à
1461 2611 221 74 pleines
1717 2613 238 71 gorgées
1992 2610 84 56 les
2112 2609 328 57 sensations

375 2695 208 73 qu'elle
625 2695 109 55 fait
778 2696 188 54 naître
1007 2714 73 36 en
1120 2694 153 56 leurs
1315 2693 357 72 organismes
1714 2696 137 50 tout
1894 2690 234 70 entiers,
2172 2709 75 37 en
2288 2690 151 55 leurs

375 2780 225 50 centres
630 2792 276 50 nerveux,
939 2793 74 36 en
1042 2774 151 56 leurs
1225 2774 283 71 systèmes
1540 2770 396 70 musculaires,
1968 2789 74 38 en
2072 2770 125 56 leur
2227 2769 187 57 intelli-

375 2872 175 56 gence
591 2855 328 55 consciente
958 2860 58 50 et
1056 2853 410 68 inconsciente,
1507 2872 73 35 en
1617 2851 155 55 leurs
1811 2850 325 70 souvenirs,
2177 2869 74 37 en
2288 2850 151 55 leurs

375 2934 368 72 aspirations,
772 2953 73 37 en
872 2935 151 55 leurs
1049 2934 273 69 vouloirs,
1352 2952 71 37 en
1448 2933 125 54 leur
1598 2930 406 73 imagination,
2032 2949 74 37 en
2131 2930 125 56 leur
2283 2929 156 56 force

375 3014 371 70 réalisatrice,
769 3033 72 37 en
1369 3014 149 55 leurs
1712 3014 150 55 âmes
1211 3033 72 36 en
1305 3033 80 36 un
1407 3018 147 62 mot,
1673 3029 135 37 sans
1829 3010 160 56 souci
2012 3013 71 54 de
2105 3010 58 55 la
2185 3009 254 56 manière

378 3096 143 55 dont
539 3095 153 55 l'Art
712 3100 96 50 sut
827 3095 83 55 les
927 3093 320 70 émouvoir,
1268 3093 61 56 ni
1349 3094 70 53 de
1452 3090 283 73 l'opinion
1757 3093 80 53 du
1863 3093 242 54 docteur
2128 3089 307 56 Riemann.

488 3175 183 55 Notre
699 3175 134 55 cher
860 3174 291 72 organiste
1180 3174 145 55 Otto
1353 3171 278 68 Barblan,
1661 3171 168 72 après
1856 3169 311 57 l'audition
2195 3171 80 55 du
2293 3168 110 55 Con-

390 3259 140 50 certo
557 3273 75 37 en
668 3253 82 54 mi
788 3254 226 71 majeur
1054 3255 70 54 de
1164 3253 180 67 Bach,
1383 3251 319 70 interprété
1740 3268 107 53 par
1888 3250 194 71 Ysaye
2136 3251 35 52 à
2209 3249 227 67 Zurich,

378 3334 191 70 disait,
590 3353 72 37 en
691 3335 244 71 réponse
981 3335 34 54 à
1061 3334 278 71 quelques
1382 3331 485 56 traditionalistes
1895 3350 55 36 :«
1982 3331 69 70 Je
2084 3349 72 36 ne
2187 3329 115 56 sais
2332 3345 107 56 pas

376 3413 47 54 si
452 3414 141 55 c'est
624 3415 70 54 de
722 3419 155 50 cette
906 3413 254 56 manière
1188 3430 113 54 que
1330 3411 164 55 Bach
1522 3429 34 35 a
1587 3410 181 55 désiré
1799 3429 113 52 que
1938 3410 121 55 l'on
2087 3409 350 71 interprétât

375 3511 107 36 son
513 3511 216 52 œuvre,
761 3493 149 62 mais
939 3494 56 71 je
1025 3491 118 56 suis
1173 3493 135 54 bien
1338 3493 97 52 sûr
1466 3490 176 71 qu'en
1672 3490 369 56 l'entendant
2073 3489 146 55 ainsi
2249 3489 188 71 jouée,

384 3570 47 60 il
536 3574 191 53 aurait
966 3574 195 71 pleuré
1405 3574 82 55 !...
1000 3594 20 30 »
1047 3573 258 56 N'est-ce
1331 3589 107 55 pas
1463 3570 77 69 là,
1569 3588 98 37 ma
1693 3571 168 54 chère
1889 3570 179 69 élève,
2098 3588 113 37 une
2238 3568 199 73 parole

379 3655 68 56 de
483 3651 183 56 vérité
696 3659 23 48 ?
755 3654 78 53 Et
868 3672 72 37 ne
976 3668 377 55 croyez-vous
1386 3668 105 55 pas
1527 3668 112 53 que
1674 3650 361 69 Beethoven,
2070 3650 168 70 après
2272 3646 164 56 avoir
