2624 4084
1096 308 102 35 NOS
1231 296 173 49 ÉCHOS

2196 315 96 51 737

412 451 196 59 Léonore,
609 453 140 48 d'Otto
783 453 130 59 Lies,
948 455 205 50 ballade
1186 472 130 48 pour
1349 459 191 62 grande
1574 465 51 44 et
1661 462 161 62 petite
1857 460 218 59 chorale,
2111 462 94 48 soli
2238 468 52 43 et

201 520 164 61 grand
391 520 269 57 orchestre,
688 535 111 33 sera
822 521 148 62 jouée
996 538 55 33 ce
1076 524 197 49 mois-ci
1299 525 30 47 à
1356 524 339 62 Dortemuud,
1723 544 117 33 sous
1870 529 51 48 la
1953 529 249 48 direction
2228 530 62 48 de

201 587 210 60 Jansen.
446 587 145 49 Cette
627 604 174 33 œuvre
833 594 355 59 remarquable
1222 609 31 32 a
1286 594 80 47 été
1399 595 196 49 donnée
1629 596 117 62 déjà
1779 597 30 47 à
1841 596 302 51 Dusseldorf
2174 601 52 45 et
2259 597 31 49 à

199 655 324 50 Rotterdam.
542 655 14 64 )

190 952 4 68 i
236 980 25 40 j
289 952 206 49 Charles
539 952 212 58 Grimm,
796 952 45 48 le
883 967 239 34 nouveau
1167 954 251 49 directeur
1460 957 63 48 de
1565 957 297 49 l'académie
1907 959 62 49 de
2014 959 157 49 chant
2217 962 63 48 de

190 1020 217 65 Lignitz,
440 1022 229 47 donnera
697 1020 420 61 prochainement
1147 1023 46 46 le
2263 1022 17 47 B
1815 1027 129 48 dans
1972 1027 50 48 la
2062 1028 123 48 salle
2217 1029 62 50 de

189 1094 203 43 concert
421 1090 62 47 de
511 1093 134 44 cette
670 1089 135 48 ville.

280 1385 70 47 Le
586 1382 111 64 Requiem
698 1382 60 49 de
759 1382 261 64 Siegmund
1051 1384 62 48 de
1145 1384 310 63 Hansegger,
1480 1400 31 32 a
1539 1385 95 48 fait
1655 1401 101 32 une
1784 1386 250 62 profonde
2063 1389 180 63 impres-

181 1452 109 48 sion
314 1452 102 48 lors
441 1451 63 48 de
528 1466 57 33 sa
609 1451 245 63 première
881 1451 232 48 audition
1139 1452 30 46 à
1192 1451 187 63 l'église
1403 1450 285 66 Augustine
1714 1453 62 47 de
1804 1452 198 50 Zurich.
2209 1464 64 43 M

271 1805 217 64 L'opéra
514 1805 62 47 de
604 1804 310 48 Monhattan
938 1803 88 63 qui
1051 1803 95 47 fait
1172 1801 50 49 la
1248 1815 334 35 concurrence
1608 1801 31 47 à
1663 1803 192 62 l'opéra
1878 1804 388 66 Métropolitain

173 1873 61 48 de
269 1873 293 48 New-York
592 1873 143 46 vient
769 1870 226 48 d'ouvrir
1027 1885 77 32 ses
1136 1873 173 58 portes
1349 1883 126 34 avec
1504 1867 52 49 la
1588 1867 250 51 Giaconda
1871 1871 64 48 de
1969 1871 294 51 Ponchielli.

173 1941 134 51 Mme
341 1940 225 49 Nordica
599 1955 30 34 a
661 1937 278 64 interprété
971 1937 46 49 le
1048 1936 105 48 rôle
1186 1936 62 48 de
1282 1935 264 49 Giaconda
1578 1951 124 33 avec
1735 1937 270 65 beaucoup
2038 1941 62 47 de
2133 1941 132 59 brio,

170 2008 129 49 mais
332 2008 93 49 elle
459 2024 31 31 a
524 2007 179 48 mérité
737 2005 244 64 quelques
1014 2006 224 47 réserves
1273 2003 62 49 de
1368 2003 51 47 la
1454 2003 215 64 critique
1705 2021 62 32 en
1804 2020 53 34 ce
1893 2007 90 62 qui
2017 2022 244 36 concerne

168 2093 56 34 sa
255 2077 125 48 voix
412 2077 130 48 dans
572 2077 48 47 le
651 2074 212 65 registre
896 2074 155 47 élevé.
1087 2074 69 47 Le
1189 2072 174 63 public
1394 2072 87 47 n'a
1513 2087 94 48 pas
1643 2072 80 48 été
1756 2074 223 49 satisfait
2014 2076 69 48 du
2116 2078 148 49 ténor

168 2146 259 49 Zenatello
452 2160 99 47 que
572 2144 51 47 la
645 2144 218 49 réclame
888 2142 154 48 disait
1065 2143 107 46 être
1194 2156 73 31 un
1290 2139 191 48 second
1503 2140 207 47 Caruso.

257 2478 75 47 La
352 2474 197 50 Société
568 2473 346 50 Tonkiinstler
935 2472 61 48 de
1017 2469 296 50 New-York
1330 2469 143 49 vient
1495 2469 61 47 de
1575 2468 200 64 publier
1805 2468 73 47 les
1904 2483 351 47 programmes

158 2546 62 48 de
251 2560 79 33 ses
359 2543 241 48 réunions
632 2542 70 47 du
733 2556 30 47 9
796 2541 208 47 octobre
1038 2538 127 62 1906
1196 2552 66 33 au
1296 2549 60 36 20
1386 2537 280 48 novembre
1700 2548 142 48 1907.
1860 2533 146 49 Cette
2039 2534 212 59 Société,

157 2613 265 63 composée
481 2610 176 51 moitié
714 2608 352 49 d'Allemands
1123 2605 176 52 moitié
1358 2604 385 56 d'Américains,
1776 2608 203 57 compte
2036 2604 214 47 environ

157 2685 115 43 cent
308 2679 268 52 membres.
613 2678 110 47 Elle
758 2693 29 30 a
821 2676 79 47 été
933 2674 183 48 fondée
1151 2674 127 47 dans
1309 2673 47 47 le
1387 2673 96 47 but
1517 2671 62 47 de
1644 2670 124 48 faire
1833 2671 263 46 connaître
2162 2670 88 48 des

157 2763 198 33 œuvres
401 2746 261 49 nouvelles
708 2760 66 33 ou
827 2746 256 46 rarement
1142 2740 282 49 entendues
1479 2739 61 47 de
1593 2739 233 61 musique
1878 2737 62 49 de
1989 2737 258 59 chambre,

153 2831 128 47 pour
346 2816 338 47 instruments
750 2816 51 45 et
866 2826 137 33 voix.

248 3116 71 48 Le
563 3116 204 48 Prométhée
768 3112 118 50 d'Henri
920 3108 294 50 Hoffmann
1247 3122 114 34 sera
1391 3104 280 64 interprété
1706 3103 419 62 prochainement
2148 3116 94 47 par

150 3183 51 47 la
225 3183 230 48 maîtrise
479 3183 72 47 du
576 3179 268 50 séminaire
869 3178 63 48 de
958 3177 196 56 Lobau,
1180 3188 120 35 sous
1323 3173 52 47 la
1399 3172 249 49 direction
1673 3170 64 49 de
1763 3168 66 47 M.
1857 3167 251 49 Zehrfeld.

243 3485 82 49 Au
350 3485 203 49 théâtre
580 3484 103 48 San
711 3483 144 48 Carlo
882 3482 64 47 de
972 3479 207 62 Naples,
1208 3480 162 44 avant
1398 3475 200 61 Pâques
1628 3485 142 50 1909,
1798 3485 67 33 on
1892 3471 193 63 jouera,
2113 3483 125 34 avec

144 3567 70 33 un
234 3554 121 46 luxe
375 3553 143 45 inouï
539 3551 64 47 de
623 3551 126 46 mise
770 3564 65 32 en
849 3549 163 55 scène,
1034 3546 50 47 la
1102 3544 198 53 Salomé
1320 3543 64 47 de
1405 3540 205 48 Strauss
1633 3554 97 47 que
1751 3537 222 49 l'auteur
1993 3535 245 51 conduira

145 3619 285 47 lui-même.
