<?xml version="1.0" encoding="UTF-8"?>
<alto xmlns:xsi="http://www.w3.org/2001/XMLSchema-instance" xmlns="http://www.loc.gov/standards/alto/ns-v2#" xsi:schemaLocation="http://www.loc.gov/standards/alto/ns-v2# http://www.loc.gov/standards/alto/alto-v2.0.xsd" xmlns:xlink="http://www.w3.org/1999/xlink">
	<Description>
		<MeasurementUnit>mm10</MeasurementUnit>
		<sourceImageInformation>
			<fileName>//fileserver7/IN2/Princeton/Batch3/bmtnabh/1908/06/15_01/00000239.tif</fileName>
		</sourceImageInformation>
		<OCRProcessing ID="OCRPROCESSING_1">
			<preProcessingStep>
				<processingSoftware>
					<softwareCreator>CCS Content Conversion Specialists GmbH, Germany</softwareCreator>
					<softwareName>CCS docWORKS</softwareName>
					<softwareVersion>6.6-1.18</softwareVersion>
				</processingSoftware>
			</preProcessingStep>
			<ocrProcessingStep>
				<processingSoftware>
					<softwareCreator>ABBYY (BIT Software), Russia</softwareCreator>
					<softwareName>FineReader</softwareName>
					<softwareVersion>10.0</softwareVersion>
				</processingSoftware>
			</ocrProcessingStep>
		</OCRProcessing>
	</Description>
	<Styles>
		<TextStyle ID="TXT_0" FONTSIZE="14" FONTFAMILY="Times New Roman"/>
		<TextStyle ID="TXT_1" FONTSIZE="21" FONTFAMILY="Times New Roman"/>
		<TextStyle ID="TXT_2" FONTSIZE="20" FONTFAMILY="Times New Roman"/>
		<TextStyle ID="TXT_3" FONTSIZE="20" FONTFAMILY="Times New Roman" FONTSTYLE="italics"/>
		<TextStyle ID="TXT_4" FONTSIZE="21" FONTFAMILY="Times New Roman" FONTSTYLE="italics"/>
		<TextStyle ID="TXT_5" FONTSIZE="19" FONTFAMILY="Times New Roman"/>
		<ParagraphStyle ID="PAR_LEFT" ALIGN="Left"/>
		<ParagraphStyle ID="PAR_RIGHT" ALIGN="Right"/>
		<ParagraphStyle ID="PAR_BLOCK" ALIGN="Block"/>
	</Styles>
	<Layout>
		<Page ID="P100" PHYSICAL_IMG_NR="100" HEIGHT="4084" WIDTH="2624" PC="0.945">
			<TopMargin ID="P100_TM00001" HPOS="0" VPOS="0" WIDTH="2624" HEIGHT="378">
				<TextBlock ID="P100_TB00001" HPOS="968" VPOS="325" WIDTH="414" HEIGHT="38" STYLEREFS="TXT_0 PAR_LEFT">
					<TextLine ID="P100_TL00001" HPOS="968" VPOS="325" WIDTH="414" HEIGHT="37">
						<String ID="P100_ST00001" HPOS="968" VPOS="325" WIDTH="414" HEIGHT="37" CONTENT="BIBLIOGRAPHIE" WC="0.99" CC="4642006303604"/>
					</TextLine>
				</TextBlock>
				<TextBlock ID="P100_TB00002" HPOS="2125" VPOS="324" WIDTH="94" HEIGHT="54" STYLEREFS="TXT_1 PAR_RIGHT">
					<TextLine ID="P100_TL00002" HPOS="2125" VPOS="324" WIDTH="94" HEIGHT="54">
						<String ID="P100_ST00002" HPOS="2125" VPOS="324" WIDTH="94" HEIGHT="54" CONTENT="715" WC="0.39" CC="674"/>
					</TextLine>
				</TextBlock>
			</TopMargin>
			<LeftMargin ID="P100_LM00001" HPOS="0" VPOS="366" WIDTH="142" HEIGHT="3305"/>
			<RightMargin ID="P100_RM00001" HPOS="2239" VPOS="366" WIDTH="385" HEIGHT="3305"/>
			<BottomMargin ID="P100_BM00001" HPOS="0" VPOS="3671" WIDTH="2624" HEIGHT="413"/>
			<PrintSpace ID="P100_PS00001" HPOS="142" VPOS="366" WIDTH="2097" HEIGHT="3305">
				<TextBlock ID="P100_TB00003" HPOS="142" VPOS="472" WIDTH="2097" HEIGHT="3199" STYLEREFS="TXT_1 PAR_BLOCK">
					<TextLine ID="P100_TL00003" HPOS="144" VPOS="472" WIDTH="2077" HEIGHT="78">
						<String ID="P100_ST00003" HPOS="144" VPOS="473" WIDTH="149" HEIGHT="56" CONTENT="mais" WC="0.97" CC="6421"/>
						<SP ID="P100_SP00001" HPOS="293" VPOS="529" WIDTH="22"/>
						<String ID="P100_ST00004" HPOS="315" VPOS="475" WIDTH="58" HEIGHT="53" CONTENT="là" WC="1.00" CC="00"/>
						<SP ID="P100_SP00002" HPOS="373" VPOS="529" WIDTH="22"/>
						<String ID="P100_ST00005" HPOS="395" VPOS="492" WIDTH="72" HEIGHT="36" CONTENT="ne" WC="0.71" CC="50"/>
						<SP ID="P100_SP00003" HPOS="467" VPOS="529" WIDTH="25"/>
						<String ID="P100_ST00006" HPOS="492" VPOS="472" WIDTH="183" HEIGHT="56" CONTENT="réside" WC="0.99" CC="405000"/>
						<SP ID="P100_SP00004" HPOS="675" VPOS="529" WIDTH="24"/>
						<String ID="P100_ST00007" HPOS="699" VPOS="473" WIDTH="168" HEIGHT="73" CONTENT="point" WC="0.96" CC="46465"/>
						<SP ID="P100_SP00005" HPOS="867" VPOS="546" WIDTH="25"/>
						<String ID="P100_ST00008" HPOS="892" VPOS="491" WIDTH="107" HEIGHT="37" CONTENT="son" WC="0.94" CC="448"/>
						<SP ID="P100_SP00006" HPOS="999" VPOS="546" WIDTH="23"/>
						<String ID="P100_ST00009" HPOS="1022" VPOS="473" WIDTH="328" HEIGHT="73" CONTENT="originalité" WC="0.99" CC="75343010200"/>
						<SP ID="P100_SP00007" HPOS="1350" VPOS="546" WIDTH="24"/>
						<String ID="P100_ST00010" HPOS="1374" VPOS="477" WIDTH="340" HEIGHT="56" CONTENT="essentielle." WC="0.99" CC="353000204203"/>
						<SP ID="P100_SP00008" HPOS="1714" VPOS="546" WIDTH="47"/>
						<String ID="P100_ST00011" HPOS="1761" VPOS="477" WIDTH="51" HEIGHT="54" CONTENT="Il" WC="0.47" CC="64"/>
						<SP ID="P100_SP00009" HPOS="1812" VPOS="546" WIDTH="29"/>
						<String ID="P100_ST00012" HPOS="1841" VPOS="495" WIDTH="73" HEIGHT="37" CONTENT="ne" WC="0.93" CC="01"/>
						<SP ID="P100_SP00010" HPOS="1914" VPOS="546" WIDTH="45"/>
						<String ID="P100_ST00013" HPOS="1959" VPOS="475" WIDTH="131" HEIGHT="56" CONTENT="faut" WC="0.98" CC="6040"/>
						<SP ID="P100_SP00011" HPOS="2090" VPOS="546" WIDTH="24"/>
						<String ID="P100_ST00014" HPOS="2114" VPOS="495" WIDTH="107" HEIGHT="55" CONTENT="pas" WC="0.98" CC="600"/>
					</TextLine>
					<TextLine ID="P100_TL00004" HPOS="142" VPOS="552" WIDTH="2079" HEIGHT="76">
						<String ID="P100_ST00015" HPOS="142" VPOS="553" WIDTH="286" HEIGHT="69" CONTENT="l'oublier," WC="0.99" CC="0307630074"/>
						<SP ID="P100_SP00012" HPOS="428" VPOS="622" WIDTH="31"/>
						<String ID="P100_ST00016" HPOS="459" VPOS="552" WIDTH="124" HEIGHT="56" CONTENT="rien" WC="0.97" CC="6321"/>
						<SP ID="P100_SP00013" HPOS="583" VPOS="622" WIDTH="29"/>
						<String ID="P100_ST00017" HPOS="612" VPOS="553" WIDTH="151" HEIGHT="55" CONTENT="n'est" WC="0.99" CC="04050"/>
						<SP ID="P100_SP00014" HPOS="763" VPOS="622" WIDTH="32"/>
						<String ID="P100_ST00018" HPOS="795" VPOS="552" WIDTH="132" HEIGHT="73" CONTENT="plus" WC="0.99" CC="0070"/>
						<SP ID="P100_SP00015" HPOS="927" VPOS="625" WIDTH="29"/>
						<String ID="P100_ST00019" HPOS="956" VPOS="552" WIDTH="222" HEIGHT="73" CONTENT="éloigné" WC="0.98" CC="0340617"/>
						<SP ID="P100_SP00016" HPOS="1178" VPOS="625" WIDTH="35"/>
						<String ID="P100_ST00020" HPOS="1213" VPOS="557" WIDTH="78" HEIGHT="54" CONTENT="du" WC="0.56" CC="16"/>
						<SP ID="P100_SP00017" HPOS="1291" VPOS="625" WIDTH="33"/>
						<String ID="P100_ST00021" HPOS="1324" VPOS="559" WIDTH="198" HEIGHT="53" CONTENT="drame" WC="1.00" CC="00000"/>
						<SP ID="P100_SP00018" HPOS="1522" VPOS="625" WIDTH="31"/>
						<String ID="P100_ST00022" HPOS="1553" VPOS="557" WIDTH="248" HEIGHT="71" CONTENT="lyrique," WC="0.99" CC="50520604"/>
						<SP ID="P100_SP00019" HPOS="1801" VPOS="628" WIDTH="19"/>
						<String ID="P100_ST00023" HPOS="1820" VPOS="556" WIDTH="82" HEIGHT="56" CONTENT="tel" WC="0.98" CC="004"/>
						<SP ID="P100_SP00020" HPOS="1902" VPOS="628" WIDTH="26"/>
						<String ID="P100_ST00024" HPOS="1928" VPOS="574" WIDTH="114" HEIGHT="53" CONTENT="que" WC="0.96" CC="062"/>
						<SP ID="P100_SP00021" HPOS="2042" VPOS="628" WIDTH="30"/>
						<String ID="P100_ST00025" HPOS="2072" VPOS="574" WIDTH="149" HEIGHT="37" CONTENT="nous" WC="0.97" CC="0374"/>
					</TextLine>
					<TextLine ID="P100_TL00005" HPOS="143" VPOS="633" WIDTH="2077" HEIGHT="75">
						<String ID="P100_ST00026" HPOS="143" VPOS="635" WIDTH="54" HEIGHT="56" CONTENT="le" WC="1.00" CC="00"/>
						<SP ID="P100_SP00022" HPOS="197" VPOS="691" WIDTH="34"/>
						<String ID="P100_ST00027" HPOS="231" VPOS="651" WIDTH="327" HEIGHT="38" CONTENT="concevons" WC="0.99" CC="103232650"/>
						<SP ID="P100_SP00023" HPOS="558" VPOS="691" WIDTH="35"/>
						<String ID="P100_ST00028" HPOS="593" VPOS="633" WIDTH="432" HEIGHT="69" CONTENT="actuellement," WC="1.00" CC="0307403000304"/>
						<SP ID="P100_SP00024" HPOS="1025" VPOS="702" WIDTH="24"/>
						<String ID="P100_ST00029" HPOS="1049" VPOS="653" WIDTH="113" HEIGHT="52" CONTENT="que" WC="0.95" CC="066"/>
						<SP ID="P100_SP00025" HPOS="1162" VPOS="705" WIDTH="31"/>
						<String ID="P100_ST00030" HPOS="1193" VPOS="635" WIDTH="220" HEIGHT="73" CONTENT="l'opéra" WC="1.00" CC="0000060"/>
						<SP ID="P100_SP00026" HPOS="1413" VPOS="708" WIDTH="36"/>
						<String ID="P100_ST00031" HPOS="1449" VPOS="640" WIDTH="77" HEIGHT="53" CONTENT="du" WC="0.63" CC="07"/>
						<SP ID="P100_SP00027" HPOS="1526" VPOS="708" WIDTH="36"/>
						<String ID="P100_ST00032" HPOS="1562" VPOS="651" WIDTH="179" HEIGHT="41" CONTENT="XVIIP" WC="0.80" CC="00008" STYLEREFS="TXT_2"/>
						<SP ID="P100_SP00028" HPOS="1741" VPOS="708" WIDTH="32"/>
						<String ID="P100_ST00033" HPOS="1773" VPOS="636" WIDTH="194" HEIGHT="70" CONTENT="siècle;" WC="0.98" CC="5300069"/>
						<SP ID="P100_SP00029" HPOS="1967" VPOS="708" WIDTH="37"/>
						<String ID="P100_ST00034" HPOS="2004" VPOS="654" WIDTH="62" HEIGHT="38" CONTENT="ce" WC="1.00" CC="00"/>
						<SP ID="P100_SP00030" HPOS="2066" VPOS="708" WIDTH="42"/>
						<String ID="P100_ST00035" HPOS="2108" VPOS="655" WIDTH="112" HEIGHT="53" CONTENT="que" WC="0.97" CC="062"/>
					</TextLine>
					<TextLine ID="P100_TL00006" HPOS="144" VPOS="713" WIDTH="2076" HEIGHT="60">
						<String ID="P100_ST00036" HPOS="144" VPOS="733" WIDTH="150" HEIGHT="38" CONTENT="nous" WC="0.97" CC="0770"/>
						<SP ID="P100_SP00031" HPOS="294" VPOS="771" WIDTH="35"/>
						<String ID="P100_ST00037" HPOS="329" VPOS="713" WIDTH="218" HEIGHT="56" CONTENT="serions" WC="0.99" CC="4120320"/>
						<SP ID="P100_SP00032" HPOS="547" VPOS="771" WIDTH="33"/>
						<String ID="P100_ST00038" HPOS="580" VPOS="715" WIDTH="196" HEIGHT="53" CONTENT="tentés" WC="0.99" CC="035003"/>
						<SP ID="P100_SP00033" HPOS="776" VPOS="771" WIDTH="35"/>
						<String ID="P100_ST00039" HPOS="811" VPOS="715" WIDTH="70" HEIGHT="54" CONTENT="de" WC="0.90" CC="10"/>
						<SP ID="P100_SP00034" HPOS="881" VPOS="771" WIDTH="34"/>
						<String ID="P100_ST00040" HPOS="915" VPOS="713" WIDTH="327" HEIGHT="56" CONTENT="considérer" WC="0.99" CC="0664100636"/>
						<SP ID="P100_SP00035" HPOS="1242" VPOS="771" WIDTH="35"/>
						<String ID="P100_ST00041" HPOS="1277" VPOS="734" WIDTH="225" HEIGHT="38" CONTENT="comme" WC="0.99" CC="06000"/>
						<SP ID="P100_SP00036" HPOS="1502" VPOS="772" WIDTH="38"/>
						<String ID="P100_ST00042" HPOS="1540" VPOS="719" WIDTH="100" HEIGHT="54" CONTENT="des" WC="0.97" CC="043"/>
						<SP ID="P100_SP00037" HPOS="1640" VPOS="773" WIDTH="46"/>
						<String ID="P100_ST00043" HPOS="1686" VPOS="719" WIDTH="427" HEIGHT="54" CONTENT="hors-d'œuvre" WC="0.68" CC="456130306140"/>
						<SP ID="P100_SP00038" HPOS="2113" VPOS="773" WIDTH="35"/>
						<String ID="P100_ST00044" HPOS="2148" VPOS="736" WIDTH="72" HEIGHT="36" CONTENT="en" WC="0.91" CC="01"/>
					</TextLine>
					<TextLine ID="P100_TL00007" HPOS="144" VPOS="792" WIDTH="2076" HEIGHT="74">
						<String ID="P100_ST00045" HPOS="144" VPOS="793" WIDTH="294" HEIGHT="56" CONTENT="constitue" WC="0.99" CC="670101065"/>
						<SP ID="P100_SP00039" HPOS="438" VPOS="849" WIDTH="19"/>
						<String ID="P100_ST00046" HPOS="457" VPOS="792" WIDTH="383" HEIGHT="74" CONTENT="précisément" WC="0.99" CC="94003200640"/>
						<SP ID="P100_SP00040" HPOS="840" VPOS="866" WIDTH="18"/>
						<String ID="P100_ST00047" HPOS="858" VPOS="793" WIDTH="57" HEIGHT="54" CONTENT="la" WC="1.00" CC="00"/>
						<SP ID="P100_SP00041" HPOS="915" VPOS="866" WIDTH="18"/>
						<String ID="P100_ST00048" HPOS="933" VPOS="793" WIDTH="333" HEIGHT="70" CONTENT="substance," WC="0.99" CC="0765004054"/>
						<SP ID="P100_SP00042" HPOS="1266" VPOS="866" WIDTH="19"/>
						<String ID="P100_ST00049" HPOS="1285" VPOS="795" WIDTH="57" HEIGHT="54" CONTENT="la" WC="1.00" CC="00"/>
						<SP ID="P100_SP00043" HPOS="1342" VPOS="866" WIDTH="19"/>
						<String ID="P100_ST00050" HPOS="1361" VPOS="796" WIDTH="192" HEIGHT="56" CONTENT="raison" WC="0.99" CC="404032"/>
						<SP ID="P100_SP00044" HPOS="1553" VPOS="866" WIDTH="20"/>
						<String ID="P100_ST00051" HPOS="1573" VPOS="799" WIDTH="201" HEIGHT="53" CONTENT="d'être." WC="0.99" CC="0000440"/>
						<SP ID="P100_SP00045" HPOS="1774" VPOS="866" WIDTH="13"/>
						<String ID="P100_ST00052" HPOS="1787" VPOS="797" WIDTH="130" HEIGHT="55" CONTENT="Airs" WC="1.00" CC="0000"/>
						<SP ID="P100_SP00046" HPOS="1917" VPOS="866" WIDTH="18"/>
						<String ID="P100_ST00053" HPOS="1935" VPOS="797" WIDTH="69" HEIGHT="55" CONTENT="de" WC="0.85" CC="02"/>
						<SP ID="P100_SP00047" HPOS="2004" VPOS="866" WIDTH="19"/>
						<String ID="P100_ST00054" HPOS="2023" VPOS="797" WIDTH="197" HEIGHT="68" CONTENT="danse," WC="0.99" CC="004404"/>
					</TextLine>
					<TextLine ID="P100_TL00008" HPOS="147" VPOS="873" WIDTH="2076" HEIGHT="77">
						<String ID="P100_ST00055" HPOS="147" VPOS="876" WIDTH="213" HEIGHT="70" CONTENT="grands" WC="0.99" CC="400201"/>
						<SP ID="P100_SP00048" HPOS="360" VPOS="946" WIDTH="27"/>
						<String ID="P100_ST00056" HPOS="387" VPOS="873" WIDTH="517" HEIGHT="69" CONTENT="divertissements," WC="0.99" CC="0404604570054054"/>
						<SP ID="P100_SP00049" HPOS="904" VPOS="946" WIDTH="27"/>
						<String ID="P100_ST00057" HPOS="931" VPOS="873" WIDTH="374" HEIGHT="73" CONTENT="symphonies" WC="0.99" CC="6000656035"/>
						<SP ID="P100_SP00050" HPOS="1305" VPOS="946" WIDTH="18"/>
						<String ID="P100_ST00058" HPOS="1323" VPOS="876" WIDTH="395" HEIGHT="72" CONTENT="descriptives," WC="1.00" CC="0016620000024"/>
						<SP ID="P100_SP00051" HPOS="1718" VPOS="948" WIDTH="16"/>
						<String ID="P100_ST00059" HPOS="1734" VPOS="877" WIDTH="157" HEIGHT="56" CONTENT="voilà" WC="0.99" CC="04301"/>
						<SP ID="P100_SP00052" HPOS="1891" VPOS="948" WIDTH="20"/>
						<String ID="P100_ST00060" HPOS="1911" VPOS="879" WIDTH="77" HEIGHT="54" CONTENT="où" WC="0.77" CC="04"/>
						<SP ID="P100_SP00053" HPOS="1988" VPOS="948" WIDTH="14"/>
						<String ID="P100_ST00061" HPOS="2002" VPOS="877" WIDTH="221" HEIGHT="73" CONTENT="l'opéra" WC="0.99" CC="0040030"/>
					</TextLine>
					<TextLine ID="P100_TL00009" HPOS="148" VPOS="953" WIDTH="2074" HEIGHT="75">
						<String ID="P100_ST00062" HPOS="148" VPOS="973" WIDTH="59" HEIGHT="36" CONTENT="se" WC="0.81" CC="03"/>
						<SP ID="P100_SP00054" HPOS="207" VPOS="1009" WIDTH="30"/>
						<String ID="P100_ST00063" HPOS="237" VPOS="953" WIDTH="281" HEIGHT="73" CONTENT="complaît" WC="0.99" CC="07000008"/>
						<SP ID="P100_SP00055" HPOS="518" VPOS="1026" WIDTH="29"/>
						<String ID="P100_ST00064" HPOS="547" VPOS="959" WIDTH="58" HEIGHT="49" CONTENT="et" WC="1.00" CC="00"/>
						<SP ID="P100_SP00056" HPOS="605" VPOS="1026" WIDTH="30"/>
						<String ID="P100_ST00065" HPOS="635" VPOS="955" WIDTH="77" HEIGHT="53" CONTENT="où" WC="0.67" CC="32"/>
						<SP ID="P100_SP00057" HPOS="712" VPOS="1026" WIDTH="29"/>
						<String ID="P100_ST00066" HPOS="741" VPOS="955" WIDTH="267" HEIGHT="57" CONTENT="Rameau" WC="0.99" CC="000507"/>
						<SP ID="P100_SP00058" HPOS="1008" VPOS="1026" WIDTH="28"/>
						<String ID="P100_ST00067" HPOS="1036" VPOS="953" WIDTH="231" HEIGHT="56" CONTENT="excelle." WC="1.00" CC="00002141"/>
						<SP ID="P100_SP00059" HPOS="1267" VPOS="1026" WIDTH="33"/>
						<String ID="P100_ST00068" HPOS="1300" VPOS="956" WIDTH="50" HEIGHT="53" CONTENT="Il" WC="0.97" CC="00"/>
						<SP ID="P100_SP00060" HPOS="1350" VPOS="1026" WIDTH="29"/>
						<String ID="P100_ST00069" HPOS="1379" VPOS="974" WIDTH="39" HEIGHT="52" CONTENT="y" WC="1.00" CC="0"/>
						<SP ID="P100_SP00061" HPOS="1418" VPOS="1026" WIDTH="27"/>
						<String ID="P100_ST00070" HPOS="1445" VPOS="962" WIDTH="168" HEIGHT="66" CONTENT="porte" WC="0.97" CC="36704"/>
						<SP ID="P100_SP00062" HPOS="1613" VPOS="1028" WIDTH="27"/>
						<String ID="P100_ST00071" HPOS="1640" VPOS="957" WIDTH="53" HEIGHT="55" CONTENT="le" WC="0.99" CC="00"/>
						<SP ID="P100_SP00063" HPOS="1693" VPOS="1028" WIDTH="35"/>
						<String ID="P100_ST00072" HPOS="1728" VPOS="957" WIDTH="259" HEIGHT="56" CONTENT="meilleur" WC="0.99" CC="00410076"/>
						<SP ID="P100_SP00064" HPOS="1987" VPOS="1028" WIDTH="31"/>
						<String ID="P100_ST00073" HPOS="2018" VPOS="961" WIDTH="70" HEIGHT="53" CONTENT="de" WC="0.93" CC="01"/>
						<SP ID="P100_SP00065" HPOS="2088" VPOS="1028" WIDTH="29"/>
						<String ID="P100_ST00074" HPOS="2117" VPOS="975" WIDTH="105" HEIGHT="37" CONTENT="son" WC="1.00" CC="000"/>
					</TextLine>
					<TextLine ID="P100_TL00010" HPOS="150" VPOS="1034" WIDTH="2073" HEIGHT="76">
						<String ID="P100_ST00075" HPOS="150" VPOS="1035" WIDTH="175" HEIGHT="56" CONTENT="effort" WC="0.98" CC="057600"/>
						<SP ID="P100_SP00066" HPOS="325" VPOS="1091" WIDTH="28"/>
						<String ID="P100_ST00076" HPOS="353" VPOS="1056" WIDTH="14" HEIGHT="47" CONTENT=";" WC="0.06" CC="9"/>
						<SP ID="P100_SP00067" HPOS="367" VPOS="1103" WIDTH="37"/>
						<String ID="P100_ST00077" HPOS="404" VPOS="1036" WIDTH="34" HEIGHT="52" CONTENT="à" WC="0.95" CC="0"/>
						<SP ID="P100_SP00068" HPOS="438" VPOS="1103" WIDTH="32"/>
						<String ID="P100_ST00078" HPOS="470" VPOS="1034" WIDTH="167" HEIGHT="72" CONTENT="peine" WC="0.99" CC="04130"/>
						<SP ID="P100_SP00069" HPOS="637" VPOS="1106" WIDTH="34"/>
						<String ID="P100_ST00079" HPOS="671" VPOS="1034" WIDTH="83" HEIGHT="55" CONTENT="les" WC="0.98" CC="042"/>
						<SP ID="P100_SP00070" HPOS="754" VPOS="1106" WIDTH="32"/>
						<String ID="P100_ST00080" HPOS="786" VPOS="1034" WIDTH="311" HEIGHT="72" CONTENT="premières" WC="0.99" CC="060000900"/>
						<SP ID="P100_SP00071" HPOS="1097" VPOS="1106" WIDTH="33"/>
						<String ID="P100_ST00081" HPOS="1130" VPOS="1040" WIDTH="169" HEIGHT="51" CONTENT="notes" WC="0.98" CC="07040"/>
						<SP ID="P100_SP00072" HPOS="1299" VPOS="1106" WIDTH="34"/>
						<String ID="P100_ST00082" HPOS="1333" VPOS="1037" WIDTH="174" HEIGHT="55" CONTENT="d'une" WC="0.97" CC="03764"/>
						<SP ID="P100_SP00073" HPOS="1507" VPOS="1106" WIDTH="34"/>
						<String ID="P100_ST00083" HPOS="1541" VPOS="1039" WIDTH="346" HEIGHT="71" CONTENT="symphonie" WC="0.99" CC="400066200"/>
						<SP ID="P100_SP00074" HPOS="1887" VPOS="1110" WIDTH="39"/>
						<String ID="P100_ST00084" HPOS="1926" VPOS="1037" WIDTH="297" HEIGHT="57" CONTENT="sont-elles" WC="1.00" CC="0420201000"/>
					</TextLine>
					<TextLine ID="P100_TL00011" HPOS="150" VPOS="1114" WIDTH="2073" HEIGHT="73">
						<String ID="P100_ST00085" HPOS="150" VPOS="1115" WIDTH="262" HEIGHT="67" CONTENT="établies," WC="0.99" CC="600700213"/>
						<SP ID="P100_SP00075" HPOS="412" VPOS="1182" WIDTH="28"/>
						<String ID="P100_ST00086" HPOS="440" VPOS="1114" WIDTH="353" HEIGHT="71" CONTENT="qu'aussitôt" WC="0.99" CC="07377023000"/>
						<SP ID="P100_SP00076" HPOS="793" VPOS="1185" WIDTH="39"/>
						<String ID="P100_ST00087" HPOS="832" VPOS="1114" WIDTH="53" HEIGHT="54" CONTENT="le" WC="0.83" CC="30"/>
						<SP ID="P100_SP00077" HPOS="885" VPOS="1185" WIDTH="39"/>
						<String ID="P100_ST00088" HPOS="924" VPOS="1114" WIDTH="154" HEIGHT="71" CONTENT="sujet" WC="0.97" CC="17750"/>
						<SP ID="P100_SP00078" HPOS="1078" VPOS="1185" WIDTH="41"/>
						<String ID="P100_ST00089" HPOS="1119" VPOS="1115" WIDTH="34" HEIGHT="53" CONTENT="à" WC="1.00" CC="0"/>
						<SP ID="P100_SP00079" HPOS="1153" VPOS="1185" WIDTH="37"/>
						<String ID="P100_ST00090" HPOS="1190" VPOS="1114" WIDTH="236" HEIGHT="73" CONTENT="peindre" WC="0.99" CC="0125044"/>
						<SP ID="P100_SP00080" HPOS="1426" VPOS="1187" WIDTH="38"/>
						<String ID="P100_ST00091" HPOS="1464" VPOS="1134" WIDTH="60" HEIGHT="38" CONTENT="se" WC="0.77" CC="03"/>
						<SP ID="P100_SP00081" HPOS="1524" VPOS="1187" WIDTH="36"/>
						<String ID="P100_ST00092" HPOS="1560" VPOS="1122" WIDTH="210" HEIGHT="50" CONTENT="trouve" WC="0.98" CC="050706"/>
						<SP ID="P100_SP00082" HPOS="1770" VPOS="1187" WIDTH="41"/>
						<String ID="P100_ST00093" HPOS="1811" VPOS="1119" WIDTH="240" HEIGHT="67" CONTENT="dessiné," WC="0.99" CC="00054504"/>
						<SP ID="P100_SP00083" HPOS="2051" VPOS="1187" WIDTH="35"/>
						<String ID="P100_ST00094" HPOS="2086" VPOS="1117" WIDTH="137" HEIGHT="55" CONTENT="serti" WC="0.98" CC="45500"/>
					</TextLine>
					<TextLine ID="P100_TL00012" HPOS="150" VPOS="1194" WIDTH="2073" HEIGHT="74">
						<String ID="P100_ST00095" HPOS="150" VPOS="1214" WIDTH="73" HEIGHT="37" CONTENT="en" WC="0.71" CC="05"/>
						<SP ID="P100_SP00084" HPOS="223" VPOS="1251" WIDTH="29"/>
						<String ID="P100_ST00096" HPOS="252" VPOS="1214" WIDTH="113" HEIGHT="35" CONTENT="une" WC="0.97" CC="600"/>
						<SP ID="P100_SP00085" HPOS="365" VPOS="1251" WIDTH="30"/>
						<String ID="P100_ST00097" HPOS="395" VPOS="1194" WIDTH="185" HEIGHT="55" CONTENT="forme" WC="0.97" CC="64404"/>
						<SP ID="P100_SP00086" HPOS="580" VPOS="1251" WIDTH="29"/>
						<String ID="P100_ST00098" HPOS="609" VPOS="1194" WIDTH="494" HEIGHT="71" CONTENT="caractéristique." WC="1.00" CC="0000202401001704"/>
						<SP ID="P100_SP00087" HPOS="1103" VPOS="1265" WIDTH="35"/>
						<String ID="P100_ST00099" HPOS="1138" VPOS="1195" WIDTH="288" HEIGHT="56" CONTENT="Gracieux" WC="0.99" CC="39002170"/>
						<SP ID="P100_SP00088" HPOS="1426" VPOS="1265" WIDTH="28"/>
						<String ID="P100_ST00100" HPOS="1454" VPOS="1197" WIDTH="169" HEIGHT="54" CONTENT="ébats" WC="0.97" CC="07705"/>
						<SP ID="P100_SP00089" HPOS="1623" VPOS="1265" WIDTH="30"/>
						<String ID="P100_ST00101" HPOS="1653" VPOS="1197" WIDTH="69" HEIGHT="55" CONTENT="de" WC="0.95" CC="00"/>
						<SP ID="P100_SP00090" HPOS="1722" VPOS="1265" WIDTH="37"/>
						<String ID="P100_ST00102" HPOS="1759" VPOS="1197" WIDTH="262" HEIGHT="71" CONTENT="bergères" WC="0.98" CC="62170613"/>
						<SP ID="P100_SP00091" HPOS="2021" VPOS="1268" WIDTH="36"/>
						<String ID="P100_ST00103" HPOS="2057" VPOS="1216" WIDTH="133" HEIGHT="37" CONTENT="enru" SUBS_TYPE="HypPart1" SUBS_CONTENT="enrubannées," WC="0.99" CC="0006"/>
						<HYP HPOS="2190" VPOS="1216" WIDTH="33" CONTENT="-"/>
					</TextLine>
					<TextLine ID="P100_TL00013" HPOS="148" VPOS="1274" WIDTH="2077" HEIGHT="72">
						<String ID="P100_ST00104" HPOS="148" VPOS="1276" WIDTH="277" HEIGHT="67" CONTENT="bannées," SUBS_TYPE="HypPart2" SUBS_CONTENT="enrubannées," WC="0.99" CC="00842214"/>
						<SP ID="P100_SP00092" HPOS="425" VPOS="1343" WIDTH="50"/>
						<String ID="P100_ST00105" HPOS="475" VPOS="1275" WIDTH="227" HEIGHT="54" CONTENT="entrées" WC="0.99" CC="3504051"/>
						<SP ID="P100_SP00093" HPOS="702" VPOS="1343" WIDTH="49"/>
						<String ID="P100_ST00106" HPOS="751" VPOS="1275" WIDTH="72" HEIGHT="53" CONTENT="de" WC="1.00" CC="00"/>
						<SP ID="P100_SP00094" HPOS="823" VPOS="1343" WIDTH="49"/>
						<String ID="P100_ST00107" HPOS="872" VPOS="1274" WIDTH="282" HEIGHT="72" CONTENT="guerriers" WC="0.99" CC="070080086"/>
						<SP ID="P100_SP00095" HPOS="1154" VPOS="1346" WIDTH="64"/>
						<String ID="P100_ST00108" HPOS="1218" VPOS="1276" WIDTH="35" HEIGHT="53" CONTENT="à" WC="1.00" CC="0"/>
						<SP ID="P100_SP00096" HPOS="1253" VPOS="1346" WIDTH="46"/>
						<String ID="P100_ST00109" HPOS="1299" VPOS="1276" WIDTH="222" HEIGHT="55" CONTENT="l'allure" WC="0.99" CC="03000740"/>
						<SP ID="P100_SP00097" HPOS="1521" VPOS="1346" WIDTH="60"/>
						<String ID="P100_ST00110" HPOS="1581" VPOS="1276" WIDTH="249" HEIGHT="69" CONTENT="brutale," WC="0.99" CC="01600004"/>
						<SP ID="P100_SP00098" HPOS="1830" VPOS="1346" WIDTH="52"/>
						<String ID="P100_ST00111" HPOS="1882" VPOS="1295" WIDTH="76" HEIGHT="37" CONTENT="ou" WC="0.46" CC="46"/>
						<SP ID="P100_SP00099" HPOS="1958" VPOS="1346" WIDTH="56"/>
						<String ID="P100_ST00112" HPOS="2014" VPOS="1281" WIDTH="211" HEIGHT="53" CONTENT="danses" WC="0.99" CC="001450"/>
					</TextLine>
					<TextLine ID="P100_TL00014" HPOS="153" VPOS="1355" WIDTH="2072" HEIGHT="72">
						<String ID="P100_ST00113" HPOS="153" VPOS="1356" WIDTH="71" HEIGHT="55" CONTENT="de" WC="1.00" CC="00"/>
						<SP ID="P100_SP00100" HPOS="224" VPOS="1411" WIDTH="35"/>
						<String ID="P100_ST00114" HPOS="259" VPOS="1371" WIDTH="287" HEIGHT="55" CONTENT="sauvages" WC="0.99" CC="10600950"/>
						<SP ID="P100_SP00101" HPOS="546" VPOS="1426" WIDTH="33"/>
						<String ID="P100_ST00115" HPOS="579" VPOS="1373" WIDTH="118" HEIGHT="35" CONTENT="aux" WC="0.98" CC="060"/>
						<SP ID="P100_SP00102" HPOS="697" VPOS="1426" WIDTH="33"/>
						<String ID="P100_ST00116" HPOS="730" VPOS="1355" WIDTH="229" HEIGHT="58" CONTENT="thèmes" WC="0.99" CC="060071"/>
						<SP ID="P100_SP00103" HPOS="959" VPOS="1426" WIDTH="34"/>
						<String ID="P100_ST00117" HPOS="993" VPOS="1355" WIDTH="264" HEIGHT="72" CONTENT="abrupts," WC="0.99" CC="00070004"/>
						<SP ID="P100_SP00104" HPOS="1257" VPOS="1427" WIDTH="19"/>
						<String ID="P100_ST00118" HPOS="1276" VPOS="1360" WIDTH="287" HEIGHT="67" CONTENT="prennent" WC="0.99" CC="06332440"/>
						<SP ID="P100_SP00105" HPOS="1563" VPOS="1427" WIDTH="36"/>
						<String ID="P100_ST00119" HPOS="1599" VPOS="1356" WIDTH="147" HEIGHT="53" CONTENT="ainsi" WC="0.99" CC="00330"/>
						<SP ID="P100_SP00106" HPOS="1746" VPOS="1427" WIDTH="34"/>
						<String ID="P100_ST00120" HPOS="1780" VPOS="1356" WIDTH="52" HEIGHT="55" CONTENT="le" WC="0.90" CC="01"/>
						<SP ID="P100_SP00107" HPOS="1832" VPOS="1427" WIDTH="35"/>
						<String ID="P100_ST00121" HPOS="1867" VPOS="1359" WIDTH="180" HEIGHT="68" CONTENT="relief," WC="0.99" CC="6500170"/>
						<SP ID="P100_SP00108" HPOS="2047" VPOS="1427" WIDTH="35"/>
						<String ID="P100_ST00122" HPOS="2082" VPOS="1359" WIDTH="115" HEIGHT="53" CONTENT="l'ex" SUBS_TYPE="HypPart1" SUBS_CONTENT="l'expression" WC="0.99" CC="2310"/>
						<HYP HPOS="2197" VPOS="1359" WIDTH="28" CONTENT="-"/>
					</TextLine>
					<TextLine ID="P100_TL00015" HPOS="153" VPOS="1434" WIDTH="2072" HEIGHT="74">
						<String ID="P100_ST00123" HPOS="153" VPOS="1435" WIDTH="262" HEIGHT="73" CONTENT="pression" SUBS_TYPE="HypPart2" SUBS_CONTENT="l'expression" WC="0.99" CC="03520060"/>
						<SP ID="P100_SP00109" HPOS="415" VPOS="1508" WIDTH="34"/>
						<String ID="P100_ST00124" HPOS="449" VPOS="1434" WIDTH="101" HEIGHT="72" CONTENT="qui" WC="0.97" CC="070"/>
						<SP ID="P100_SP00110" HPOS="550" VPOS="1508" WIDTH="35"/>
						<String ID="P100_ST00125" HPOS="585" VPOS="1434" WIDTH="410" HEIGHT="55" CONTENT="conviennent." WC="1.00" CC="060023120502"/>
						<SP ID="P100_SP00111" HPOS="995" VPOS="1508" WIDTH="37"/>
						<String ID="P100_ST00126" HPOS="1032" VPOS="1436" WIDTH="93" HEIGHT="53" CONTENT="En" WC="0.69" CC="60"/>
						<SP ID="P100_SP00112" HPOS="1125" VPOS="1508" WIDTH="34"/>
						<String ID="P100_ST00127" HPOS="1159" VPOS="1436" WIDTH="187" HEIGHT="53" CONTENT="fixant" WC="1.00" CC="110010"/>
						<SP ID="P100_SP00113" HPOS="1346" VPOS="1508" WIDTH="42"/>
						<String ID="P100_ST00128" HPOS="1388" VPOS="1453" WIDTH="98" HEIGHT="36" CONTENT="sur" WC="0.95" CC="076"/>
						<SP ID="P100_SP00114" HPOS="1486" VPOS="1508" WIDTH="33"/>
						<String ID="P100_ST00129" HPOS="1519" VPOS="1436" WIDTH="52" HEIGHT="55" CONTENT="le" WC="0.89" CC="20"/>
						<SP ID="P100_SP00115" HPOS="1571" VPOS="1508" WIDTH="34"/>
						<String ID="P100_ST00130" HPOS="1605" VPOS="1435" WIDTH="201" HEIGHT="72" CONTENT="papier" WC="1.00" CC="000001"/>
						<SP ID="P100_SP00116" HPOS="1806" VPOS="1508" WIDTH="34"/>
						<String ID="P100_ST00131" HPOS="1840" VPOS="1442" WIDTH="154" HEIGHT="53" CONTENT="cette" WC="1.00" CC="20001"/>
						<SP ID="P100_SP00117" HPOS="1994" VPOS="1508" WIDTH="35"/>
						<String ID="P100_ST00132" HPOS="2029" VPOS="1439" WIDTH="164" HEIGHT="54" CONTENT="choré" SUBS_TYPE="HypPart1" SUBS_CONTENT="chorégraphie" WC="0.99" CC="00600"/>
						<HYP HPOS="2193" VPOS="1439" WIDTH="32" CONTENT="-"/>
					</TextLine>
					<TextLine ID="P100_TL00016" HPOS="156" VPOS="1515" WIDTH="2069" HEIGHT="73">
						<String ID="P100_ST00133" HPOS="156" VPOS="1515" WIDTH="239" HEIGHT="73" CONTENT="graphie" SUBS_TYPE="HypPart2" SUBS_CONTENT="chorégraphie" WC="0.98" CC="6000627"/>
						<SP ID="P100_SP00118" HPOS="395" VPOS="1588" WIDTH="44"/>
						<String ID="P100_ST00134" HPOS="439" VPOS="1515" WIDTH="384" HEIGHT="68" CONTENT="multicolore," WC="0.99" CC="070001607644"/>
						<SP ID="P100_SP00119" HPOS="823" VPOS="1588" WIDTH="22"/>
						<String ID="P100_ST00135" HPOS="845" VPOS="1515" WIDTH="195" HEIGHT="56" CONTENT="variée" WC="0.99" CC="005300"/>
						<SP ID="P100_SP00120" HPOS="1040" VPOS="1588" WIDTH="46"/>
						<String ID="P100_ST00136" HPOS="1086" VPOS="1516" WIDTH="34" HEIGHT="53" CONTENT="à" WC="0.51" CC="4"/>
						<SP ID="P100_SP00121" HPOS="1120" VPOS="1588" WIDTH="42"/>
						<String ID="P100_ST00137" HPOS="1162" VPOS="1515" WIDTH="252" HEIGHT="68" CONTENT="miracle," WC="0.98" CC="02904634"/>
						<SP ID="P100_SP00122" HPOS="1414" VPOS="1588" WIDTH="44"/>
						<String ID="P100_ST00138" HPOS="1458" VPOS="1515" WIDTH="52" HEIGHT="54" CONTENT="le" WC="0.98" CC="00"/>
						<SP ID="P100_SP00123" HPOS="1510" VPOS="1588" WIDTH="44"/>
						<String ID="P100_ST00139" HPOS="1554" VPOS="1515" WIDTH="280" HEIGHT="56" CONTENT="musicien" WC="0.99" CC="06000410"/>
						<SP ID="P100_SP00124" HPOS="1834" VPOS="1588" WIDTH="41"/>
						<String ID="P100_ST00140" HPOS="1875" VPOS="1516" WIDTH="350" HEIGHT="72" CONTENT="pressentait" WC="0.99" CC="06245140000"/>
					</TextLine>
					<TextLine ID="P100_TL00017" HPOS="156" VPOS="1595" WIDTH="2067" HEIGHT="75">
						<String ID="P100_ST00141" HPOS="156" VPOS="1613" WIDTH="136" HEIGHT="38" CONTENT="sans" WC="0.96" CC="7065"/>
						<SP ID="P100_SP00125" HPOS="292" VPOS="1651" WIDTH="47"/>
						<String ID="P100_ST00142" HPOS="339" VPOS="1596" WIDTH="180" HEIGHT="55" CONTENT="doute" WC="0.98" CC="07702"/>
						<SP ID="P100_SP00126" HPOS="519" VPOS="1651" WIDTH="46"/>
						<String ID="P100_ST00143" HPOS="565" VPOS="1595" WIDTH="244" HEIGHT="54" CONTENT="l'avenir" WC="0.99" CC="04000726"/>
						<SP ID="P100_SP00127" HPOS="809" VPOS="1651" WIDTH="47"/>
						<String ID="P100_ST00144" HPOS="856" VPOS="1595" WIDTH="280" HEIGHT="56" CONTENT="immense" WC="1.00" CC="0002050"/>
						<SP ID="P100_SP00128" HPOS="1136" VPOS="1651" WIDTH="52"/>
						<String ID="P100_ST00145" HPOS="1188" VPOS="1600" WIDTH="210" HEIGHT="49" CONTENT="ouvert" WC="0.98" CC="670030"/>
						<SP ID="P100_SP00129" HPOS="1398" VPOS="1651" WIDTH="62"/>
						<String ID="P100_ST00146" HPOS="1460" VPOS="1596" WIDTH="220" HEIGHT="53" CONTENT="devant" WC="1.00" CC="000000"/>
						<SP ID="P100_SP00130" HPOS="1680" VPOS="1651" WIDTH="60"/>
						<String ID="P100_ST00147" HPOS="1740" VPOS="1595" WIDTH="57" HEIGHT="54" CONTENT="la" WC="1.00" CC="00"/>
						<SP ID="P100_SP00131" HPOS="1797" VPOS="1651" WIDTH="61"/>
						<String ID="P100_ST00148" HPOS="1858" VPOS="1596" WIDTH="365" HEIGHT="74" CONTENT="symphonie," WC="0.99" CC="5000054014"/>
					</TextLine>
					<TextLine ID="P100_TL00018" HPOS="155" VPOS="1675" WIDTH="2074" HEIGHT="71">
						<String ID="P100_ST00149" HPOS="155" VPOS="1676" WIDTH="436" HEIGHT="55" CONTENT="l'éblouissante" WC="1.00" CC="50012670300301"/>
						<SP ID="P100_SP00132" HPOS="591" VPOS="1731" WIDTH="54"/>
						<String ID="P100_ST00150" HPOS="645" VPOS="1675" WIDTH="188" HEIGHT="71" CONTENT="magie" WC="1.00" CC="00200"/>
						<SP ID="P100_SP00133" HPOS="833" VPOS="1746" WIDTH="53"/>
						<String ID="P100_ST00151" HPOS="886" VPOS="1676" WIDTH="100" HEIGHT="53" CONTENT="des" WC="1.00" CC="000"/>
						<SP ID="P100_SP00134" HPOS="986" VPOS="1746" WIDTH="50"/>
						<String ID="P100_ST00152" HPOS="1036" VPOS="1675" WIDTH="215" HEIGHT="54" CONTENT="formes" WC="0.98" CC="636040"/>
						<SP ID="P100_SP00135" HPOS="1251" VPOS="1746" WIDTH="63"/>
						<String ID="P100_ST00153" HPOS="1314" VPOS="1691" WIDTH="235" HEIGHT="38" CONTENT="sonores" WC="0.98" CC="0743951"/>
						<SP ID="P100_SP00136" HPOS="1549" VPOS="1746" WIDTH="50"/>
						<String ID="P100_ST00154" HPOS="1599" VPOS="1693" WIDTH="72" HEIGHT="36" CONTENT="en" WC="1.00" CC="00"/>
						<SP ID="P100_SP00137" HPOS="1671" VPOS="1746" WIDTH="55"/>
						<String ID="P100_ST00155" HPOS="1726" VPOS="1682" WIDTH="396" HEIGHT="50" CONTENT="mouvement." WC="0.99" CC="0760505300"/>
						<SP ID="P100_SP00138" HPOS="2122" VPOS="1746" WIDTH="54"/>
						<String ID="P100_ST00156" HPOS="2176" VPOS="1676" WIDTH="53" HEIGHT="53" CONTENT="A" WC="0.76" CC="2"/>
					</TextLine>
					<TextLine ID="P100_TL00019" HPOS="157" VPOS="1754" WIDTH="2072" HEIGHT="72">
						<String ID="P100_ST00157" HPOS="157" VPOS="1773" WIDTH="226" HEIGHT="38" CONTENT="mesure" WC="0.98" CC="004770"/>
						<SP ID="P100_SP00139" HPOS="383" VPOS="1811" WIDTH="41"/>
						<String ID="P100_ST00158" HPOS="424" VPOS="1754" WIDTH="143" HEIGHT="72" CONTENT="qu'il" WC="0.98" CC="06302"/>
						<SP ID="P100_SP00140" HPOS="567" VPOS="1826" WIDTH="40"/>
						<String ID="P100_ST00159" HPOS="607" VPOS="1754" WIDTH="343" HEIGHT="68" CONTENT="vieillissait," WC="1.00" CC="0020040400204"/>
						<SP ID="P100_SP00141" HPOS="950" VPOS="1826" WIDTH="43"/>
						<String ID="P100_ST00160" HPOS="993" VPOS="1771" WIDTH="89" HEIGHT="37" CONTENT="ses" WC="0.99" CC="002"/>
						<SP ID="P100_SP00142" HPOS="1082" VPOS="1826" WIDTH="38"/>
						<String ID="P100_ST00161" HPOS="1120" VPOS="1754" WIDTH="157" HEIGHT="54" CONTENT="idées" WC="0.99" CC="10232"/>
						<SP ID="P100_SP00143" HPOS="1277" VPOS="1826" WIDTH="40"/>
						<String ID="P100_ST00162" HPOS="1317" VPOS="1754" WIDTH="304" HEIGHT="54" CONTENT="musicales" WC="0.99" CC="070000303"/>
						<SP ID="P100_SP00144" HPOS="1621" VPOS="1826" WIDTH="40"/>
						<String ID="P100_ST00163" HPOS="1661" VPOS="1754" WIDTH="446" HEIGHT="72" CONTENT="s'élargissaient" WC="1.00" CC="000102000003430"/>
						<SP ID="P100_SP00145" HPOS="2107" VPOS="1826" WIDTH="28"/>
						<String ID="P100_ST00164" HPOS="2135" VPOS="1778" WIDTH="12" HEIGHT="47" CONTENT=";" WC="1.00" CC="9"/>
						<SP ID="P100_SP00146" HPOS="2147" VPOS="1826" WIDTH="42"/>
						<String ID="P100_ST00165" HPOS="2189" VPOS="1755" WIDTH="40" HEIGHT="52" CONTENT="il" WC="0.76" CC="40"/>
					</TextLine>
					<TextLine ID="P100_TL00020" HPOS="157" VPOS="1832" WIDTH="2072" HEIGHT="74">
						<String ID="P100_ST00166" HPOS="157" VPOS="1855" WIDTH="73" HEIGHT="37" CONTENT="ne" WC="0.85" CC="20"/>
						<SP ID="P100_SP00147" HPOS="230" VPOS="1892" WIDTH="26"/>
						<String ID="P100_ST00167" HPOS="256" VPOS="1834" WIDTH="379" HEIGHT="57" CONTENT="construisait" WC="0.99" CC="030609702710"/>
						<SP ID="P100_SP00148" HPOS="635" VPOS="1892" WIDTH="26"/>
						<String ID="P100_ST00168" HPOS="661" VPOS="1835" WIDTH="131" HEIGHT="71" CONTENT="plus" WC="0.97" CC="0264"/>
						<SP ID="P100_SP00149" HPOS="792" VPOS="1906" WIDTH="27"/>
						<String ID="P100_ST00169" HPOS="819" VPOS="1836" WIDTH="100" HEIGHT="53" CONTENT="des" WC="0.99" CC="030"/>
						<SP ID="P100_SP00150" HPOS="919" VPOS="1906" WIDTH="26"/>
						<String ID="P100_ST00170" HPOS="945" VPOS="1834" WIDTH="417" HEIGHT="71" CONTENT="marqueteries" WC="0.99" CC="007073000261"/>
						<SP ID="P100_SP00151" HPOS="1362" VPOS="1906" WIDTH="26"/>
						<String ID="P100_ST00171" HPOS="1388" VPOS="1832" WIDTH="175" HEIGHT="56" CONTENT="d'airs" WC="0.99" CC="000055"/>
						<SP ID="P100_SP00152" HPOS="1563" VPOS="1906" WIDTH="27"/>
						<String ID="P100_ST00172" HPOS="1590" VPOS="1835" WIDTH="70" HEIGHT="53" CONTENT="de" WC="1.00" CC="00"/>
						<SP ID="P100_SP00153" HPOS="1660" VPOS="1906" WIDTH="27"/>
						<String ID="P100_ST00173" HPOS="1687" VPOS="1835" WIDTH="178" HEIGHT="54" CONTENT="danse" WC="1.00" CC="00202"/>
						<SP ID="P100_SP00154" HPOS="1865" VPOS="1906" WIDTH="29"/>
						<String ID="P100_ST00174" HPOS="1894" VPOS="1836" WIDTH="35" HEIGHT="52" CONTENT="à" WC="0.65" CC="3"/>
						<SP ID="P100_SP00155" HPOS="1929" VPOS="1906" WIDTH="23"/>
						<String ID="P100_ST00175" HPOS="1952" VPOS="1842" WIDTH="277" HEIGHT="49" CONTENT="contours" WC="0.98" CC="66507702"/>
					</TextLine>
					<TextLine ID="P100_TL00021" HPOS="157" VPOS="1914" WIDTH="2073" HEIGHT="73">
						<String ID="P100_ST00176" HPOS="157" VPOS="1919" WIDTH="163" HEIGHT="66" CONTENT="fixes," WC="0.98" CC="690054"/>
						<SP ID="P100_SP00156" HPOS="320" VPOS="1985" WIDTH="26"/>
						<String ID="P100_ST00177" HPOS="346" VPOS="1915" WIDTH="146" HEIGHT="56" CONTENT="mais" WC="1.00" CC="0000"/>
						<SP ID="P100_SP00157" HPOS="492" VPOS="1985" WIDTH="23"/>
						<String ID="P100_ST00178" HPOS="515" VPOS="1914" WIDTH="329" HEIGHT="73" CONTENT="s'ingéniait" WC="1.00" CC="03000103000"/>
						<SP ID="P100_SP00158" HPOS="844" VPOS="1987" WIDTH="26"/>
						<String ID="P100_ST00179" HPOS="870" VPOS="1916" WIDTH="34" HEIGHT="52" CONTENT="à" WC="1.00" CC="0"/>
						<SP ID="P100_SP00159" HPOS="904" VPOS="1987" WIDTH="24"/>
						<String ID="P100_ST00180" HPOS="928" VPOS="1915" WIDTH="366" HEIGHT="71" CONTENT="développer," WC="0.99" CC="03044500474"/>
						<SP ID="P100_SP00160" HPOS="1294" VPOS="1987" WIDTH="20"/>
						<String ID="P100_ST00181" HPOS="1314" VPOS="1915" WIDTH="34" HEIGHT="52" CONTENT="à" WC="0.79" CC="2"/>
						<SP ID="P100_SP00161" HPOS="1348" VPOS="1987" WIDTH="21"/>
						<String ID="P100_ST00182" HPOS="1369" VPOS="1914" WIDTH="317" HEIGHT="54" CONTENT="l'intérieur" WC="0.99" CC="04300490066"/>
						<SP ID="P100_SP00162" HPOS="1686" VPOS="1987" WIDTH="26"/>
						<String ID="P100_ST00183" HPOS="1712" VPOS="1916" WIDTH="69" HEIGHT="53" CONTENT="de" WC="0.72" CC="05"/>
						<SP ID="P100_SP00163" HPOS="1781" VPOS="1987" WIDTH="26"/>
						<String ID="P100_ST00184" HPOS="1807" VPOS="1933" WIDTH="91" HEIGHT="36" CONTENT="ces" WC="0.99" CC="003"/>
						<SP ID="P100_SP00164" HPOS="1898" VPOS="1987" WIDTH="23"/>
						<String ID="P100_ST00185" HPOS="1921" VPOS="1916" WIDTH="231" HEIGHT="69" CONTENT="formes," WC="0.99" CC="1330104"/>
						<SP ID="P100_SP00165" HPOS="2152" VPOS="1987" WIDTH="24"/>
						<String ID="P100_ST00186" HPOS="2176" VPOS="1916" WIDTH="54" HEIGHT="55" CONTENT="le" WC="0.70" CC="41"/>
					</TextLine>
					<TextLine ID="P100_TL00022" HPOS="160" VPOS="1992" WIDTH="2070" HEIGHT="73">
						<String ID="P100_ST00187" HPOS="160" VPOS="2001" WIDTH="255" HEIGHT="50" CONTENT="contenu" WC="0.99" CC="0700004"/>
						<SP ID="P100_SP00166" HPOS="415" VPOS="2051" WIDTH="23"/>
						<String ID="P100_ST00188" HPOS="438" VPOS="1994" WIDTH="244" HEIGHT="58" CONTENT="musical" WC="1.00" CC="0600000"/>
						<SP ID="P100_SP00167" HPOS="682" VPOS="2052" WIDTH="23"/>
						<String ID="P100_ST00189" HPOS="705" VPOS="1994" WIDTH="238" HEIGHT="71" CONTENT="qu'elles" WC="0.99" CC="07100140"/>
						<SP ID="P100_SP00168" HPOS="943" VPOS="2065" WIDTH="17"/>
						<String ID="P100_ST00190" HPOS="960" VPOS="1992" WIDTH="326" HEIGHT="56" CONTENT="recélaient." WC="0.83" CC="02505003001"/>
						<SP ID="P100_SP00169" HPOS="1286" VPOS="2065" WIDTH="19"/>
						<String ID="P100_ST00191" HPOS="1305" VPOS="1992" WIDTH="186" HEIGHT="56" CONTENT="Telles" WC="0.99" CC="020600"/>
						<SP ID="P100_SP00170" HPOS="1491" VPOS="2065" WIDTH="17"/>
						<String ID="P100_ST00192" HPOS="1508" VPOS="1995" WIDTH="70" HEIGHT="53" CONTENT="de" WC="1.00" CC="00"/>
						<SP ID="P100_SP00171" HPOS="1578" VPOS="2065" WIDTH="23"/>
						<String ID="P100_ST00193" HPOS="1601" VPOS="2011" WIDTH="89" HEIGHT="37" CONTENT="ses" WC="0.98" CC="004"/>
						<SP ID="P100_SP00172" HPOS="1690" VPOS="2065" WIDTH="15"/>
						<String ID="P100_ST00194" HPOS="1705" VPOS="2001" WIDTH="361" HEIGHT="64" CONTENT="ouvertures," WC="0.99" CC="67000061104"/>
						<SP ID="P100_SP00173" HPOS="2066" VPOS="2065" WIDTH="25"/>
						<String ID="P100_ST00195" HPOS="2091" VPOS="1994" WIDTH="139" HEIGHT="57" CONTENT="celle" WC="0.99" CC="02320"/>
					</TextLine>
					<TextLine ID="P100_TL00023" HPOS="161" VPOS="2075" WIDTH="2069" HEIGHT="74">
						<String ID="P100_ST00196" HPOS="161" VPOS="2079" WIDTH="71" HEIGHT="53" CONTENT="de" WC="0.75" CC="05"/>
						<SP ID="P100_SP00174" HPOS="232" VPOS="2132" WIDTH="28"/>
						<String ID="P100_ST00197" HPOS="260" VPOS="2077" WIDTH="290" HEIGHT="54" CONTENT="Zoroastre" WC="0.68" CC="006030655" STYLEREFS="TXT_3"/>
						<SP ID="P100_SP00175" HPOS="550" VPOS="2132" WIDTH="25"/>
						<String ID="P100_ST00198" HPOS="575" VPOS="2093" WIDTH="108" HEIGHT="54" CONTENT="par" WC="0.98" CC="006"/>
						<SP ID="P100_SP00176" HPOS="683" VPOS="2147" WIDTH="25"/>
						<String ID="P100_ST00199" HPOS="708" VPOS="2075" WIDTH="282" HEIGHT="71" CONTENT="exemple," WC="0.99" CC="00000654"/>
						<SP ID="P100_SP00177" HPOS="990" VPOS="2147" WIDTH="28"/>
						<String ID="P100_ST00200" HPOS="1018" VPOS="2091" WIDTH="60" HEIGHT="39" CONTENT="se" WC="1.00" CC="00"/>
						<SP ID="P100_SP00178" HPOS="1078" VPOS="2147" WIDTH="27"/>
						<String ID="P100_ST00201" HPOS="1105" VPOS="2075" WIDTH="336" HEIGHT="70" CONTENT="présentent" WC="0.99" CC="0615070340"/>
						<SP ID="P100_SP00179" HPOS="1441" VPOS="2147" WIDTH="27"/>
						<String ID="P100_ST00202" HPOS="1468" VPOS="2091" WIDTH="225" HEIGHT="42" CONTENT="comme" WC="0.99" CC="07003"/>
						<SP ID="P100_SP00180" HPOS="1693" VPOS="2147" WIDTH="29"/>
						<String ID="P100_ST00203" HPOS="1722" VPOS="2076" WIDTH="100" HEIGHT="54" CONTENT="des" WC="0.96" CC="055"/>
						<SP ID="P100_SP00181" HPOS="1822" VPOS="2147" WIDTH="26"/>
						<String ID="P100_ST00204" HPOS="1848" VPOS="2076" WIDTH="285" HEIGHT="73" CONTENT="esquisses" WC="0.99" CC="000640053"/>
						<SP ID="P100_SP00182" HPOS="2133" VPOS="2149" WIDTH="27"/>
						<String ID="P100_ST00205" HPOS="2160" VPOS="2076" WIDTH="70" HEIGHT="55" CONTENT="de" WC="0.81" CC="03"/>
					</TextLine>
					<TextLine ID="P100_TL00024" HPOS="160" VPOS="2154" WIDTH="2072" HEIGHT="73">
						<String ID="P100_ST00206" HPOS="160" VPOS="2157" WIDTH="236" HEIGHT="70" CONTENT="poèmes" WC="0.99" CC="040060"/>
						<SP ID="P100_SP00183" HPOS="396" VPOS="2227" WIDTH="41"/>
						<String ID="P100_ST00207" HPOS="437" VPOS="2154" WIDTH="477" HEIGHT="72" CONTENT="symphoniques." WC="0.71" CC="0000676507200"/>
						<SP ID="P100_SP00184" HPOS="914" VPOS="2227" WIDTH="45"/>
						<String ID="P100_ST00208" HPOS="959" VPOS="2155" WIDTH="165" HEIGHT="53" CONTENT="Dans" WC="0.99" CC="5000"/>
						<SP ID="P100_SP00185" HPOS="1124" VPOS="2227" WIDTH="38"/>
						<String ID="P100_ST00209" HPOS="1162" VPOS="2154" WIDTH="289" HEIGHT="72" CONTENT="l'attaque" WC="1.00" CC="100003070"/>
						<SP ID="P100_SP00186" HPOS="1451" VPOS="2227" WIDTH="45"/>
						<String ID="P100_ST00210" HPOS="1496" VPOS="2155" WIDTH="99" HEIGHT="53" CONTENT="des" WC="0.98" CC="040"/>
						<SP ID="P100_SP00187" HPOS="1595" VPOS="2227" WIDTH="40"/>
						<String ID="P100_ST00211" HPOS="1635" VPOS="2154" WIDTH="206" HEIGHT="54" CONTENT="Titans" WC="1.00" CC="100000"/>
						<SP ID="P100_SP00188" HPOS="1841" VPOS="2227" WIDTH="45"/>
						<String ID="P100_ST00212" HPOS="1886" VPOS="2157" WIDTH="68" HEIGHT="54" CONTENT="de" WC="1.00" CC="00"/>
						<SP ID="P100_SP00189" HPOS="1954" VPOS="2227" WIDTH="238"/>
						<String ID="P100_ST00213" HPOS="2192" VPOS="2154" WIDTH="40" HEIGHT="53" CONTENT="il" WC="1.00" CC="00"/>
					</TextLine>
					<TextLine ID="P100_TL00025" HPOS="161" VPOS="2234" WIDTH="2071" HEIGHT="75">
						<String ID="P100_ST00214" HPOS="161" VPOS="2236" WIDTH="218" HEIGHT="60" CONTENT="semble" WC="0.98" CC="250605"/>
						<SP ID="P100_SP00190" HPOS="379" VPOS="2296" WIDTH="45"/>
						<String ID="P100_ST00215" HPOS="424" VPOS="2235" WIDTH="142" HEIGHT="74" CONTENT="qu'il" WC="0.97" CC="07336"/>
						<SP ID="P100_SP00191" HPOS="566" VPOS="2309" WIDTH="43"/>
						<String ID="P100_ST00216" HPOS="609" VPOS="2236" WIDTH="292" HEIGHT="71" CONTENT="approche" WC="0.99" CC="00077460"/>
						<SP ID="P100_SP00192" HPOS="901" VPOS="2309" WIDTH="46"/>
						<String ID="P100_ST00217" HPOS="947" VPOS="2235" WIDTH="70" HEIGHT="55" CONTENT="de" WC="0.94" CC="01"/>
						<SP ID="P100_SP00193" HPOS="1017" VPOS="2309" WIDTH="44"/>
						<String ID="P100_ST00218" HPOS="1061" VPOS="2235" WIDTH="359" HEIGHT="55" CONTENT="Beethoven." WC="1.00" CC="3300060010"/>
						<SP ID="P100_SP00194" HPOS="1420" VPOS="2309" WIDTH="48"/>
						<String ID="P100_ST00219" HPOS="1468" VPOS="2234" WIDTH="263" HEIGHT="68" CONTENT="Bientôt," WC="0.99" CC="03400004"/>
						<SP ID="P100_SP00195" HPOS="1731" VPOS="2309" WIDTH="25"/>
						<String ID="P100_ST00220" HPOS="1756" VPOS="2251" WIDTH="135" HEIGHT="39" CONTENT="sans" WC="0.97" CC="3345"/>
						<SP ID="P100_SP00196" HPOS="1891" VPOS="2309" WIDTH="44"/>
						<String ID="P100_ST00221" HPOS="1935" VPOS="2237" WIDTH="197" HEIGHT="68" CONTENT="doute," WC="0.98" CC="046044"/>
						<SP ID="P100_SP00197" HPOS="2132" VPOS="2309" WIDTH="43"/>
						<String ID="P100_ST00222" HPOS="2175" VPOS="2235" WIDTH="57" HEIGHT="56" CONTENT="la" WC="1.00" CC="00"/>
					</TextLine>
					<TextLine ID="P100_TL00026" HPOS="163" VPOS="2314" WIDTH="2068" HEIGHT="73">
						<String ID="P100_ST00223" HPOS="163" VPOS="2316" WIDTH="196" HEIGHT="56" CONTENT="divine" WC="1.00" CC="000000"/>
						<SP ID="P100_SP00198" HPOS="359" VPOS="2372" WIDTH="22"/>
						<String ID="P100_ST00224" HPOS="381" VPOS="2315" WIDTH="266" HEIGHT="71" CONTENT="musique" WC="0.98" CC="0761070"/>
						<SP ID="P100_SP00199" HPOS="647" VPOS="2386" WIDTH="21"/>
						<String ID="P100_ST00225" HPOS="668" VPOS="2334" WIDTH="214" HEIGHT="53" CONTENT="pourra" WC="0.98" CC="057060"/>
						<SP ID="P100_SP00200" HPOS="882" VPOS="2387" WIDTH="23"/>
						<String ID="P100_ST00226" HPOS="905" VPOS="2315" WIDTH="269" HEIGHT="71" CONTENT="dompter" WC="0.99" CC="0700005"/>
						<SP ID="P100_SP00201" HPOS="1174" VPOS="2387" WIDTH="21"/>
						<String ID="P100_ST00227" HPOS="1195" VPOS="2314" WIDTH="82" HEIGHT="54" CONTENT="les" WC="0.97" CC="250"/>
						<SP ID="P100_SP00202" HPOS="1277" VPOS="2387" WIDTH="22"/>
						<String ID="P100_ST00228" HPOS="1299" VPOS="2316" WIDTH="156" HEIGHT="54" CONTENT="âmes" WC="0.97" CC="0057"/>
						<SP ID="P100_SP00203" HPOS="1455" VPOS="2387" WIDTH="22"/>
						<String ID="P100_ST00229" HPOS="1477" VPOS="2333" WIDTH="108" HEIGHT="53" CONTENT="par" WC="0.98" CC="005"/>
						<SP ID="P100_SP00204" HPOS="1585" VPOS="2387" WIDTH="26"/>
						<String ID="P100_ST00230" HPOS="1611" VPOS="2331" WIDTH="64" HEIGHT="37" CONTENT="sa" WC="1.00" CC="00"/>
						<SP ID="P100_SP00205" HPOS="1675" VPOS="2387" WIDTH="28"/>
						<String ID="P100_ST00231" HPOS="1703" VPOS="2315" WIDTH="155" HEIGHT="56" CONTENT="seule" WC="0.98" CC="03605"/>
						<SP ID="P100_SP00206" HPOS="1858" VPOS="2387" WIDTH="28"/>
						<String ID="P100_ST00232" HPOS="1886" VPOS="2316" WIDTH="306" HEIGHT="71" CONTENT="puissance" WC="0.99" CC="074213613"/>
						<SP ID="P100_SP00207" HPOS="2192" VPOS="2387" WIDTH="25"/>
						<String ID="P100_ST00233" HPOS="2217" VPOS="2337" WIDTH="14" HEIGHT="47" CONTENT=";" WC="1.00" CC="9"/>
					</TextLine>
					<TextLine ID="P100_TL00027" HPOS="163" VPOS="2394" WIDTH="2069" HEIGHT="75">
						<String ID="P100_ST00234" HPOS="163" VPOS="2399" WIDTH="72" HEIGHT="54" CONTENT="de" WC="0.69" CC="06"/>
						<SP ID="P100_SP00208" HPOS="235" VPOS="2453" WIDTH="38"/>
						<String ID="P100_ST00235" HPOS="273" VPOS="2396" WIDTH="131" HEIGHT="73" CONTENT="plus" WC="0.99" CC="0060"/>
						<SP ID="P100_SP00209" HPOS="404" VPOS="2469" WIDTH="36"/>
						<String ID="P100_ST00236" HPOS="440" VPOS="2415" WIDTH="74" HEIGHT="36" CONTENT="en" WC="0.98" CC="00"/>
						<SP ID="P100_SP00210" HPOS="514" VPOS="2469" WIDTH="36"/>
						<String ID="P100_ST00237" HPOS="550" VPOS="2396" WIDTH="151" HEIGHT="73" CONTENT="plus," WC="0.98" CC="00704"/>
						<SP ID="P100_SP00211" HPOS="701" VPOS="2469" WIDTH="23"/>
						<String ID="P100_ST00238" HPOS="724" VPOS="2395" WIDTH="105" HEIGHT="56" CONTENT="elle" WC="0.98" CC="0015"/>
						<SP ID="P100_SP00212" HPOS="829" VPOS="2469" WIDTH="37"/>
						<String ID="P100_ST00239" HPOS="866" VPOS="2396" WIDTH="188" HEIGHT="71" CONTENT="prend" WC="1.00" CC="01020"/>
						<SP ID="P100_SP00213" HPOS="1054" VPOS="2469" WIDTH="35"/>
						<String ID="P100_ST00240" HPOS="1089" VPOS="2394" WIDTH="334" HEIGHT="56" CONTENT="conscience" WC="1.00" CC="0500003000"/>
						<SP ID="P100_SP00214" HPOS="1423" VPOS="2469" WIDTH="40"/>
						<String ID="P100_ST00241" HPOS="1463" VPOS="2394" WIDTH="401" HEIGHT="70" CONTENT="d'elle-même," WC="0.99" CC="043454300054"/>
						<SP ID="P100_SP00215" HPOS="1864" VPOS="2469" WIDTH="18"/>
						<String ID="P100_ST00242" HPOS="1882" VPOS="2396" WIDTH="104" HEIGHT="55" CONTENT="elle" WC="0.98" CC="4250"/>
						<SP ID="P100_SP00216" HPOS="1986" VPOS="2469" WIDTH="38"/>
						<String ID="P100_ST00243" HPOS="2024" VPOS="2396" WIDTH="208" HEIGHT="55" CONTENT="s'élève" WC="0.99" CC="5206000"/>
					</TextLine>
					<TextLine ID="P100_TL00028" HPOS="162" VPOS="2474" WIDTH="2072" HEIGHT="75">
						<String ID="P100_ST00244" HPOS="162" VPOS="2483" WIDTH="60" HEIGHT="49" CONTENT="et" WC="0.70" CC="50"/>
						<SP ID="P100_SP00217" HPOS="222" VPOS="2532" WIDTH="32"/>
						<String ID="P100_ST00245" HPOS="254" VPOS="2476" WIDTH="324" HEIGHT="73" CONTENT="s'amplifie." WC="0.99" CC="04000108621"/>
						<SP ID="P100_SP00218" HPOS="578" VPOS="2549" WIDTH="34"/>
						<String ID="P100_ST00246" HPOS="612" VPOS="2476" WIDTH="153" HEIGHT="68" CONTENT="Cela," WC="0.98" CC="03504"/>
						<SP ID="P100_SP00219" HPOS="765" VPOS="2549" WIDTH="33"/>
						<String ID="P100_ST00247" HPOS="798" VPOS="2476" WIDTH="267" HEIGHT="54" CONTENT="Rameau" WC="0.99" CC="000306"/>
						<SP ID="P100_SP00220" HPOS="1065" VPOS="2549" WIDTH="28"/>
						<String ID="P100_ST00248" HPOS="1093" VPOS="2475" WIDTH="79" HEIGHT="55" CONTENT="l'a" WC="0.98" CC="040"/>
						<SP ID="P100_SP00221" HPOS="1172" VPOS="2549" WIDTH="29"/>
						<String ID="P100_ST00249" HPOS="1201" VPOS="2480" WIDTH="272" HEIGHT="62" CONTENT="entrevu;" WC="0.98" CC="33050079"/>
						<SP ID="P100_SP00222" HPOS="1473" VPOS="2549" WIDTH="32"/>
						<String ID="P100_ST00250" HPOS="1505" VPOS="2474" WIDTH="57" HEIGHT="54" CONTENT="la" WC="1.00" CC="00"/>
						<SP ID="P100_SP00223" HPOS="1562" VPOS="2549" WIDTH="30"/>
						<String ID="P100_ST00251" HPOS="1592" VPOS="2475" WIDTH="247" HEIGHT="56" CONTENT="mélodie" WC="0.99" CC="0025005"/>
						<SP ID="P100_SP00224" HPOS="1839" VPOS="2549" WIDTH="39"/>
						<String ID="P100_ST00252" HPOS="1878" VPOS="2477" WIDTH="100" HEIGHT="54" CONTENT="des" WC="0.96" CC="055"/>
						<SP ID="P100_SP00225" HPOS="1978" VPOS="2549" WIDTH="28"/>
						<String ID="P100_ST00253" HPOS="2006" VPOS="2476" WIDTH="228" HEIGHT="55" CONTENT="violons" WC="0.98" CC="0361653"/>
					</TextLine>
					<TextLine ID="P100_TL00029" HPOS="166" VPOS="2554" WIDTH="2065" HEIGHT="72">
						<String ID="P100_ST00254" HPOS="166" VPOS="2559" WIDTH="71" HEIGHT="54" CONTENT="de" WC="0.72" CC="05"/>
						<SP ID="P100_SP00226" HPOS="237" VPOS="2613" WIDTH="42"/>
						<String ID="P100_ST00255" HPOS="279" VPOS="2558" WIDTH="372" HEIGHT="54" CONTENT="l'Ouverture" WC="0.99" CC="44070500740"/>
						<SP ID="P100_SP00227" HPOS="651" VPOS="2613" WIDTH="59"/>
						<String ID="P100_ST00256" HPOS="710" VPOS="2558" WIDTH="71" HEIGHT="53" CONTENT="de" WC="0.73" CC="05"/>
						<SP ID="P100_SP00228" HPOS="781" VPOS="2613" WIDTH="758"/>
						<String ID="P100_ST00257" HPOS="1539" VPOS="2556" WIDTH="47" HEIGHT="52" CONTENT="Z" WC="1.00" CC="0" STYLEREFS="TXT_4"/>
						<SP ID="P100_SP00229" HPOS="1586" VPOS="2613" WIDTH="4"/>
						<String ID="P100_ST00258" HPOS="1590" VPOS="2560" WIDTH="237" HEIGHT="50" CONTENT="oroastre" WC="0.99" CC="00500676" STYLEREFS="TXT_3"/>
						<SP ID="P100_SP00230" HPOS="1827" VPOS="2613" WIDTH="-645"/>
						<String ID="P100_ST00259" HPOS="1182" VPOS="2555" WIDTH="171" HEIGHT="71" CONTENT="plane" WC="0.99" CC="05001"/>
						<SP ID="P100_SP00231" HPOS="1827" VPOS="2626" WIDTH="-428"/>
						<String ID="P100_ST00260" HPOS="1399" VPOS="2554" WIDTH="151" HEIGHT="71" CONTENT="déjà," WC="0.98" CC="06604"/>
						<SP ID="P100_SP00232" HPOS="1827" VPOS="2626" WIDTH="-218"/>
						<String ID="P100_ST00261" HPOS="1609" VPOS="2555" WIDTH="82" HEIGHT="55" CONTENT="les" WC="1.00" CC="000"/>
						<SP ID="P100_SP00233" HPOS="1827" VPOS="2626" WIDTH="-80"/>
						<String ID="P100_ST00262" HPOS="1747" VPOS="2555" WIDTH="140" HEIGHT="55" CONTENT="ailes" WC="0.98" CC="04603"/>
						<SP ID="P100_SP00234" HPOS="1887" VPOS="2626" WIDTH="54"/>
						<String ID="P100_ST00263" HPOS="1941" VPOS="2561" WIDTH="290" HEIGHT="63" CONTENT="ouvertes," WC="0.99" CC="560000024"/>
					</TextLine>
					<TextLine ID="P100_TL00030" HPOS="166" VPOS="2634" WIDTH="2066" HEIGHT="73">
						<String ID="P100_ST00264" HPOS="166" VPOS="2636" WIDTH="433" HEIGHT="56" CONTENT="annonciatrice" WC="1.00" CC="0106000000330"/>
						<SP ID="P100_SP00235" HPOS="599" VPOS="2692" WIDTH="34"/>
						<String ID="P100_ST00265" HPOS="633" VPOS="2638" WIDTH="173" HEIGHT="53" CONTENT="d'une" WC="0.99" CC="00700"/>
						<SP ID="P100_SP00236" HPOS="806" VPOS="2692" WIDTH="33"/>
						<String ID="P100_ST00266" HPOS="839" VPOS="2636" WIDTH="92" HEIGHT="55" CONTENT="ère" WC="0.95" CC="092"/>
						<SP ID="P100_SP00237" HPOS="931" VPOS="2692" WIDTH="30"/>
						<String ID="P100_ST00267" HPOS="961" VPOS="2635" WIDTH="286" HEIGHT="55" CONTENT="nouvelle." WC="0.99" CC="017044214"/>
						<SP ID="P100_SP00238" HPOS="1247" VPOS="2692" WIDTH="25"/>
						<String ID="P100_ST00268" HPOS="1272" VPOS="2634" WIDTH="149" HEIGHT="56" CONTENT="Mais" WC="0.98" CC="2026"/>
						<SP ID="P100_SP00239" HPOS="1421" VPOS="2692" WIDTH="19"/>
						<String ID="P100_ST00269" HPOS="1440" VPOS="2634" WIDTH="53" HEIGHT="56" CONTENT="le" WC="0.94" CC="10"/>
						<SP ID="P100_SP00240" HPOS="1493" VPOS="2692" WIDTH="31"/>
						<String ID="P100_ST00270" HPOS="1524" VPOS="2635" WIDTH="175" HEIGHT="55" CONTENT="vieux" WC="0.98" CC="00373"/>
						<SP ID="P100_SP00241" HPOS="1699" VPOS="2692" WIDTH="32"/>
						<String ID="P100_ST00271" HPOS="1731" VPOS="2636" WIDTH="207" HEIGHT="55" CONTENT="maître" WC="0.99" CC="001050"/>
						<SP ID="P100_SP00242" HPOS="1938" VPOS="2692" WIDTH="31"/>
						<String ID="P100_ST00272" HPOS="1969" VPOS="2655" WIDTH="72" HEIGHT="36" CONTENT="ne" WC="0.65" CC="24"/>
						<SP ID="P100_SP00243" HPOS="2041" VPOS="2692" WIDTH="31"/>
						<String ID="P100_ST00273" HPOS="2072" VPOS="2640" WIDTH="160" HEIGHT="67" CONTENT="peut," WC="0.97" CC="07604"/>
					</TextLine>
					<TextLine ID="P100_TL00031" HPOS="167" VPOS="2715" WIDTH="1766" HEIGHT="71">
						<String ID="P100_ST00274" HPOS="167" VPOS="2719" WIDTH="71" HEIGHT="54" CONTENT="de" WC="0.90" CC="02"/>
						<SP ID="P100_SP00244" HPOS="238" VPOS="2773" WIDTH="32"/>
						<String ID="P100_ST00275" HPOS="270" VPOS="2734" WIDTH="65" HEIGHT="38" CONTENT="sa" WC="1.00" CC="00"/>
						<SP ID="P100_SP00245" HPOS="335" VPOS="2773" WIDTH="33"/>
						<String ID="P100_ST00276" HPOS="368" VPOS="2716" WIDTH="159" HEIGHT="55" CONTENT="main" WC="0.99" CC="0020"/>
						<SP ID="P100_SP00246" HPOS="527" VPOS="2773" WIDTH="31"/>
						<String ID="P100_ST00277" HPOS="558" VPOS="2715" WIDTH="375" HEIGHT="69" CONTENT="tremblante," WC="0.99" CC="03500304022"/>
						<SP ID="P100_SP00247" HPOS="933" VPOS="2784" WIDTH="36"/>
						<String ID="P100_ST00278" HPOS="969" VPOS="2716" WIDTH="392" HEIGHT="70" CONTENT="qu'ébaucher" WC="0.99" CC="06000060602"/>
						<SP ID="P100_SP00248" HPOS="1361" VPOS="2786" WIDTH="31"/>
						<String ID="P100_ST00279" HPOS="1392" VPOS="2731" WIDTH="64" HEIGHT="39" CONTENT="ce" WC="0.70" CC="50"/>
						<SP ID="P100_SP00249" HPOS="1456" VPOS="2786" WIDTH="31"/>
						<String ID="P100_ST00280" HPOS="1487" VPOS="2715" WIDTH="136" HEIGHT="55" CONTENT="rêve" WC="0.98" CC="6003"/>
						<SP ID="P100_SP00250" HPOS="1623" VPOS="2786" WIDTH="34"/>
						<String ID="P100_ST00281" HPOS="1657" VPOS="2715" WIDTH="276" HEIGHT="71" CONTENT="glorieux." WC="0.99" CC="027610700"/>
					</TextLine>
					<TextLine ID="P100_TL00032" HPOS="279" VPOS="2795" WIDTH="1956" HEIGHT="71">
						<String ID="P100_ST00282" HPOS="279" VPOS="2799" WIDTH="85" HEIGHT="52" CONTENT="La" WC="0.94" CC="10"/>
						<SP ID="P100_SP00251" HPOS="364" VPOS="2851" WIDTH="26"/>
						<String ID="P100_ST00283" HPOS="390" VPOS="2798" WIDTH="81" HEIGHT="53" CONTENT="fin" WC="1.00" CC="000"/>
						<SP ID="P100_SP00252" HPOS="471" VPOS="2851" WIDTH="26"/>
						<String ID="P100_ST00284" HPOS="497" VPOS="2798" WIDTH="70" HEIGHT="54" CONTENT="de" WC="0.77" CC="04"/>
						<SP ID="P100_SP00253" HPOS="567" VPOS="2852" WIDTH="27"/>
						<String ID="P100_ST00285" HPOS="594" VPOS="2814" WIDTH="64" HEIGHT="37" CONTENT="sa" WC="1.00" CC="00"/>
						<SP ID="P100_SP00254" HPOS="658" VPOS="2852" WIDTH="26"/>
						<String ID="P100_ST00286" HPOS="684" VPOS="2795" WIDTH="262" HEIGHT="70" CONTENT="carrière," WC="0.99" CC="007500904"/>
						<SP ID="P100_SP00255" HPOS="946" VPOS="2865" WIDTH="26"/>
						<String ID="P100_ST00287" HPOS="972" VPOS="2801" WIDTH="135" HEIGHT="50" CONTENT="tout" WC="0.97" CC="0670"/>
						<SP ID="P100_SP00256" HPOS="1107" VPOS="2865" WIDTH="27"/>
						<String ID="P100_ST00288" HPOS="1134" VPOS="2795" WIDTH="315" HEIGHT="56" CONTENT="endeuillée" WC="0.99" CC="1302766205"/>
						<SP ID="P100_SP00257" HPOS="1449" VPOS="2865" WIDTH="28"/>
						<String ID="P100_ST00289" HPOS="1477" VPOS="2813" WIDTH="106" HEIGHT="53" CONTENT="par" WC="1.00" CC="000"/>
						<SP ID="P100_SP00258" HPOS="1583" VPOS="2866" WIDTH="24"/>
						<String ID="P100_ST00290" HPOS="1607" VPOS="2795" WIDTH="54" HEIGHT="55" CONTENT="le" WC="1.00" CC="00"/>
						<SP ID="P100_SP00259" HPOS="1661" VPOS="2866" WIDTH="33"/>
						<String ID="P100_ST00291" HPOS="1694" VPOS="2796" WIDTH="317" HEIGHT="55" CONTENT="sentiment" WC="0.99" CC="302440400"/>
						<SP ID="P100_SP00260" HPOS="2011" VPOS="2866" WIDTH="26"/>
						<String ID="P100_ST00292" HPOS="2037" VPOS="2796" WIDTH="70" HEIGHT="55" CONTENT="de" WC="1.00" CC="00"/>
						<SP ID="P100_SP00261" HPOS="2107" VPOS="2866" WIDTH="24"/>
						<String ID="P100_ST00293" HPOS="2131" VPOS="2813" WIDTH="104" HEIGHT="37" CONTENT="son" WC="0.96" CC="560"/>
					</TextLine>
					<TextLine ID="P100_TL00033" HPOS="167" VPOS="2874" WIDTH="2068" HEIGHT="75">
						<String ID="P100_ST00294" HPOS="167" VPOS="2876" WIDTH="409" HEIGHT="73" CONTENT="impuissance," WC="1.00" CC="000703303004"/>
						<SP ID="P100_SP00262" HPOS="576" VPOS="2949" WIDTH="37"/>
						<String ID="P100_ST00295" HPOS="613" VPOS="2893" WIDTH="206" HEIGHT="38" CONTENT="encore" WC="0.98" CC="510705"/>
						<SP ID="P100_SP00263" HPOS="819" VPOS="2949" WIDTH="51"/>
						<String ID="P100_ST00296" HPOS="870" VPOS="2875" WIDTH="334" HEIGHT="72" CONTENT="qu'apaisée" WC="1.00" CC="0600000301"/>
						<SP ID="P100_SP00264" HPOS="1204" VPOS="2949" WIDTH="48"/>
						<String ID="P100_ST00297" HPOS="1252" VPOS="2893" WIDTH="105" HEIGHT="53" CONTENT="par" WC="0.98" CC="006"/>
						<SP ID="P100_SP00265" HPOS="1357" VPOS="2949" WIDTH="50"/>
						<String ID="P100_ST00298" HPOS="1407" VPOS="2893" WIDTH="113" HEIGHT="37" CONTENT="une" WC="0.96" CC="620"/>
						<SP ID="P100_SP00266" HPOS="1520" VPOS="2949" WIDTH="49"/>
						<String ID="P100_ST00299" HPOS="1569" VPOS="2880" WIDTH="154" HEIGHT="50" CONTENT="sorte" WC="0.99" CC="42000"/>
						<SP ID="P100_SP00267" HPOS="1723" VPOS="2949" WIDTH="38"/>
						<String ID="P100_ST00300" HPOS="1761" VPOS="2875" WIDTH="70" HEIGHT="55" CONTENT="de" WC="0.93" CC="01"/>
						<SP ID="P100_SP00268" HPOS="1831" VPOS="2949" WIDTH="48"/>
						<String ID="P100_ST00301" HPOS="1879" VPOS="2874" WIDTH="356" HEIGHT="72" CONTENT="résignation" WC="1.00" CC="30000200030"/>
					</TextLine>
					<TextLine ID="P100_TL00034" HPOS="169" VPOS="2955" WIDTH="2067" HEIGHT="75">
						<String ID="P100_ST00302" HPOS="169" VPOS="2956" WIDTH="326" HEIGHT="74" CONTENT="grandiose," WC="0.99" CC="0902022014"/>
						<SP ID="P100_SP00269" HPOS="495" VPOS="3030" WIDTH="38"/>
						<String ID="P100_ST00303" HPOS="533" VPOS="2975" WIDTH="34" HEIGHT="36" CONTENT="a" WC="1.00" CC="0"/>
						<SP ID="P100_SP00270" HPOS="567" VPOS="3030" WIDTH="36"/>
						<String ID="P100_ST00304" HPOS="603" VPOS="2956" WIDTH="213" HEIGHT="71" CONTENT="inspiré" WC="0.99" CC="0400090"/>
						<SP ID="P100_SP00271" HPOS="816" VPOS="3030" WIDTH="38"/>
						<String ID="P100_ST00305" HPOS="854" VPOS="2956" WIDTH="35" HEIGHT="54" CONTENT="à" WC="0.95" CC="0"/>
						<SP ID="P100_SP00272" HPOS="889" VPOS="3030" WIDTH="35"/>
						<String ID="P100_ST00306" HPOS="924" VPOS="2958" WIDTH="76" HEIGHT="52" CONTENT="M." WC="0.92" CC="01"/>
						<SP ID="P100_SP00273" HPOS="1000" VPOS="3030" WIDTH="40"/>
						<String ID="P100_ST00307" HPOS="1040" VPOS="2956" WIDTH="185" HEIGHT="70" CONTENT="Laloy" WC="0.88" CC="00040"/>
						<SP ID="P100_SP00274" HPOS="1225" VPOS="3030" WIDTH="34"/>
						<String ID="P100_ST00308" HPOS="1259" VPOS="2974" WIDTH="115" HEIGHT="36" CONTENT="une" WC="0.94" CC="645"/>
						<SP ID="P100_SP00275" HPOS="1374" VPOS="3030" WIDTH="35"/>
						<String ID="P100_ST00309" HPOS="1409" VPOS="2973" WIDTH="148" HEIGHT="53" CONTENT="page" WC="0.99" CC="0005"/>
						<SP ID="P100_SP00276" HPOS="1557" VPOS="3030" WIDTH="35"/>
						<String ID="P100_ST00310" HPOS="1592" VPOS="2956" WIDTH="296" HEIGHT="71" CONTENT="qu'aucun" WC="0.99" CC="07206160"/>
						<SP ID="P100_SP00277" HPOS="1888" VPOS="3030" WIDTH="37"/>
						<String ID="P100_ST00311" HPOS="1925" VPOS="2955" WIDTH="202" HEIGHT="55" CONTENT="artiste" WC="0.99" CC="0607500"/>
						<SP ID="P100_SP00278" HPOS="2127" VPOS="3030" WIDTH="37"/>
						<String ID="P100_ST00312" HPOS="2164" VPOS="2973" WIDTH="72" HEIGHT="37" CONTENT="ne" WC="1.00" CC="00"/>
					</TextLine>
					<TextLine ID="P100_TL00035" HPOS="167" VPOS="3034" WIDTH="2070" HEIGHT="73">
						<String ID="P100_ST00313" HPOS="167" VPOS="3039" WIDTH="108" HEIGHT="53" CONTENT="lira" WC="0.98" CC="1280"/>
						<SP ID="P100_SP00279" HPOS="275" VPOS="3092" WIDTH="37"/>
						<String ID="P100_ST00314" HPOS="312" VPOS="3054" WIDTH="136" HEIGHT="38" CONTENT="sans" WC="1.00" CC="0000"/>
						<SP ID="P100_SP00280" HPOS="448" VPOS="3092" WIDTH="34"/>
						<String ID="P100_ST00315" HPOS="482" VPOS="3055" WIDTH="115" HEIGHT="36" CONTENT="une" WC="0.96" CC="603"/>
						<SP ID="P100_SP00281" HPOS="597" VPOS="3092" WIDTH="36"/>
						<String ID="P100_ST00316" HPOS="633" VPOS="3035" WIDTH="285" HEIGHT="72" CONTENT="profonde" WC="0.98" CC="06575303"/>
						<SP ID="P100_SP00282" HPOS="918" VPOS="3107" WIDTH="37"/>
						<String ID="P100_ST00317" HPOS="955" VPOS="3036" WIDTH="278" HEIGHT="57" CONTENT="émotion." WC="0.99" CC="20400103"/>
						<SP ID="P100_SP00283" HPOS="1233" VPOS="3107" WIDTH="39"/>
						<String ID="P100_ST00318" HPOS="1272" VPOS="3035" WIDTH="172" HEIGHT="55" CONTENT="Aussi" WC="0.98" CC="07410"/>
						<SP ID="P100_SP00284" HPOS="1444" VPOS="3107" WIDTH="35"/>
						<String ID="P100_ST00319" HPOS="1479" VPOS="3035" WIDTH="155" HEIGHT="69" CONTENT="bien," WC="0.98" CC="70204"/>
						<SP ID="P100_SP00285" HPOS="1634" VPOS="3107" WIDTH="38"/>
						<String ID="P100_ST00320" HPOS="1672" VPOS="3034" WIDTH="198" HEIGHT="56" CONTENT="faut-il" WC="0.99" CC="4060100"/>
						<SP ID="P100_SP00286" HPOS="1870" VPOS="3107" WIDTH="35"/>
						<String ID="P100_ST00321" HPOS="1905" VPOS="3034" WIDTH="161" HEIGHT="54" CONTENT="louer" WC="0.98" CC="07600"/>
						<SP ID="P100_SP00287" HPOS="2066" VPOS="3107" WIDTH="37"/>
						<String ID="P100_ST00322" HPOS="2103" VPOS="3052" WIDTH="134" HEIGHT="36" CONTENT="sans" WC="0.99" CC="0050"/>
					</TextLine>
					<TextLine ID="P100_TL00036" HPOS="170" VPOS="3114" WIDTH="2067" HEIGHT="73">
						<String ID="P100_ST00323" HPOS="170" VPOS="3120" WIDTH="227" HEIGHT="53" CONTENT="réserve" WC="0.99" CC="0051503"/>
						<SP ID="P100_SP00288" HPOS="397" VPOS="3173" WIDTH="24"/>
						<String ID="P100_ST00324" HPOS="421" VPOS="3118" WIDTH="57" HEIGHT="53" CONTENT="la" WC="0.59" CC="07"/>
						<SP ID="P100_SP00289" HPOS="478" VPOS="3173" WIDTH="26"/>
						<String ID="P100_ST00325" HPOS="504" VPOS="3118" WIDTH="211" HEIGHT="69" CONTENT="langue" WC="0.98" CC="015480"/>
						<SP ID="P100_SP00290" HPOS="715" VPOS="3187" WIDTH="25"/>
						<String ID="P100_ST00326" HPOS="740" VPOS="3116" WIDTH="201" HEIGHT="71" CONTENT="souple" WC="0.98" CC="107044"/>
						<SP ID="P100_SP00291" HPOS="941" VPOS="3187" WIDTH="25"/>
						<String ID="P100_ST00327" HPOS="966" VPOS="3120" WIDTH="60" HEIGHT="51" CONTENT="et" WC="0.79" CC="40"/>
						<SP ID="P100_SP00292" HPOS="1026" VPOS="3187" WIDTH="25"/>
						<String ID="P100_ST00328" HPOS="1051" VPOS="3115" WIDTH="405" HEIGHT="60" CONTENT="harmonieuse" WC="0.99" CC="60905400641"/>
						<SP ID="P100_SP00293" HPOS="1456" VPOS="3187" WIDTH="28"/>
						<String ID="P100_ST00329" HPOS="1484" VPOS="3115" WIDTH="80" HEIGHT="55" CONTENT="du" WC="0.65" CC="06"/>
						<SP ID="P100_SP00294" HPOS="1564" VPOS="3187" WIDTH="23"/>
						<String ID="P100_ST00330" HPOS="1587" VPOS="3115" WIDTH="163" HEIGHT="67" CONTENT="livre," WC="0.99" CC="000620"/>
						<SP ID="P100_SP00295" HPOS="1750" VPOS="3187" WIDTH="28"/>
						<String ID="P100_ST00331" HPOS="1778" VPOS="3132" WIDTH="62" HEIGHT="38" CONTENT="ce" WC="0.81" CC="03"/>
						<SP ID="P100_SP00296" HPOS="1840" VPOS="3187" WIDTH="25"/>
						<String ID="P100_ST00332" HPOS="1865" VPOS="3114" WIDTH="372" HEIGHT="54" CONTENT="vocabulaire" WC="0.99" CC="05007720193"/>
					</TextLine>
					<TextLine ID="P100_TL00037" HPOS="169" VPOS="3194" WIDTH="2068" HEIGHT="75">
						<String ID="P100_ST00333" HPOS="169" VPOS="3198" WIDTH="47" HEIGHT="55" CONTENT="si" WC="0.82" CC="30"/>
						<SP ID="P100_SP00297" HPOS="216" VPOS="3253" WIDTH="38"/>
						<String ID="P100_ST00334" HPOS="254" VPOS="3198" WIDTH="156" HEIGHT="54" CONTENT="riche" WC="0.99" CC="00071"/>
						<SP ID="P100_SP00298" HPOS="410" VPOS="3253" WIDTH="39"/>
						<String ID="P100_ST00335" HPOS="449" VPOS="3203" WIDTH="59" HEIGHT="48" CONTENT="et" WC="0.98" CC="00"/>
						<SP ID="P100_SP00299" HPOS="508" VPOS="3253" WIDTH="40"/>
						<String ID="P100_ST00336" HPOS="548" VPOS="3196" WIDTH="47" HEIGHT="56" CONTENT="si" WC="0.93" CC="00"/>
						<SP ID="P100_SP00300" HPOS="595" VPOS="3253" WIDTH="40"/>
						<String ID="P100_ST00337" HPOS="635" VPOS="3198" WIDTH="174" HEIGHT="69" CONTENT="juste," WC="0.98" CC="460014"/>
						<SP ID="P100_SP00301" HPOS="809" VPOS="3267" WIDTH="25"/>
						<String ID="P100_ST00338" HPOS="834" VPOS="3196" WIDTH="119" HEIGHT="73" CONTENT="qui," WC="0.97" CC="0714"/>
						<SP ID="P100_SP00302" HPOS="953" VPOS="3269" WIDTH="27"/>
						<String ID="P100_ST00339" HPOS="980" VPOS="3214" WIDTH="106" HEIGHT="53" CONTENT="par" WC="0.99" CC="003"/>
						<SP ID="P100_SP00303" HPOS="1086" VPOS="3269" WIDTH="40"/>
						<String ID="P100_ST00340" HPOS="1126" VPOS="3198" WIDTH="100" HEIGHT="53" CONTENT="des" WC="0.96" CC="063"/>
						<SP ID="P100_SP00304" HPOS="1226" VPOS="3269" WIDTH="39"/>
						<String ID="P100_ST00341" HPOS="1265" VPOS="3195" WIDTH="288" HEIGHT="72" CONTENT="épithètes" WC="0.85" CC="000060700"/>
						<SP ID="P100_SP00305" HPOS="1553" VPOS="3269" WIDTH="38"/>
						<String ID="P100_ST00342" HPOS="1591" VPOS="3194" WIDTH="246" HEIGHT="71" CONTENT="précises" WC="0.99" CC="07606240"/>
						<SP ID="P100_SP00306" HPOS="1837" VPOS="3269" WIDTH="37"/>
						<String ID="P100_ST00343" HPOS="1874" VPOS="3199" WIDTH="59" HEIGHT="49" CONTENT="et" WC="0.72" CC="50"/>
						<SP ID="P100_SP00307" HPOS="1933" VPOS="3269" WIDTH="40"/>
						<String ID="P100_ST00344" HPOS="1973" VPOS="3194" WIDTH="264" HEIGHT="70" CONTENT="inédites," WC="0.99" CC="014000603"/>
					</TextLine>
					<TextLine ID="P100_TL00038" HPOS="169" VPOS="3273" WIDTH="2070" HEIGHT="77">
						<String ID="P100_ST00345" HPOS="169" VPOS="3281" WIDTH="226" HEIGHT="69" CONTENT="permet" WC="1.00" CC="000050"/>
						<SP ID="P100_SP00308" HPOS="395" VPOS="3350" WIDTH="28"/>
						<String ID="P100_ST00346" HPOS="423" VPOS="3278" WIDTH="69" HEIGHT="54" CONTENT="de" WC="0.88" CC="02"/>
						<SP ID="P100_SP00309" HPOS="492" VPOS="3350" WIDTH="26"/>
						<String ID="P100_ST00347" HPOS="518" VPOS="3276" WIDTH="164" HEIGHT="55" CONTENT="saisir" WC="0.99" CC="305050"/>
						<SP ID="P100_SP00310" HPOS="682" VPOS="3350" WIDTH="24"/>
						<String ID="P100_ST00348" HPOS="706" VPOS="3276" WIDTH="81" HEIGHT="55" CONTENT="les" WC="0.98" CC="400"/>
						<SP ID="P100_SP00311" HPOS="787" VPOS="3350" WIDTH="24"/>
						<String ID="P100_ST00349" HPOS="811" VPOS="3293" WIDTH="254" HEIGHT="38" CONTENT="nuances" WC="0.99" CC="0705001"/>
						<SP ID="P100_SP00312" HPOS="1065" VPOS="3350" WIDTH="14"/>
						<String ID="P100_ST00350" HPOS="1079" VPOS="3275" WIDTH="83" HEIGHT="56" CONTENT="les" WC="0.98" CC="203"/>
						<SP ID="P100_SP00313" HPOS="1162" VPOS="3350" WIDTH="14"/>
						<String ID="P100_ST00351" HPOS="1176" VPOS="3275" WIDTH="130" HEIGHT="71" CONTENT="plus" WC="0.97" CC="0362"/>
						<SP ID="P100_SP00314" HPOS="1306" VPOS="3350" WIDTH="14"/>
						<String ID="P100_ST00352" HPOS="1320" VPOS="3274" WIDTH="296" HEIGHT="72" CONTENT="fugitives," WC="1.00" CC="4600000014"/>
						<SP ID="P100_SP00315" HPOS="1616" VPOS="3350" WIDTH="18"/>
						<String ID="P100_ST00353" HPOS="1634" VPOS="3275" WIDTH="70" HEIGHT="53" CONTENT="de" WC="1.00" CC="00"/>
						<SP ID="P100_SP00316" HPOS="1704" VPOS="3350" WIDTH="25"/>
						<String ID="P100_ST00354" HPOS="1729" VPOS="3275" WIDTH="143" HEIGHT="53" CONTENT="fixer" WC="0.98" CC="11026"/>
						<SP ID="P100_SP00317" HPOS="1872" VPOS="3350" WIDTH="24"/>
						<String ID="P100_ST00355" HPOS="1896" VPOS="3274" WIDTH="56" HEIGHT="53" CONTENT="la" WC="0.95" CC="00"/>
						<SP ID="P100_SP00318" HPOS="1952" VPOS="3350" WIDTH="25"/>
						<String ID="P100_ST00356" HPOS="1977" VPOS="3273" WIDTH="262" HEIGHT="55" CONTENT="subtilité" WC="0.99" CC="176050030"/>
					</TextLine>
					<TextLine ID="P100_TL00039" HPOS="172" VPOS="3354" WIDTH="2067" HEIGHT="71">
						<String ID="P100_ST00357" HPOS="172" VPOS="3359" WIDTH="102" HEIGHT="53" CONTENT="des" WC="0.98" CC="004"/>
						<SP ID="P100_SP00319" HPOS="274" VPOS="3412" WIDTH="30"/>
						<String ID="P100_ST00358" HPOS="304" VPOS="3356" WIDTH="414" HEIGHT="69" CONTENT="demi-teintes," WC="1.00" CC="0105400060014"/>
						<SP ID="P100_SP00320" HPOS="718" VPOS="3425" WIDTH="35"/>
						<String ID="P100_ST00359" HPOS="753" VPOS="3358" WIDTH="71" HEIGHT="54" CONTENT="de" WC="0.79" CC="04"/>
						<SP ID="P100_SP00321" HPOS="824" VPOS="3425" WIDTH="30"/>
						<String ID="P100_ST00360" HPOS="854" VPOS="3355" WIDTH="370" HEIGHT="56" CONTENT="caractériser" WC="0.99" CC="006000363009"/>
						<SP ID="P100_SP00322" HPOS="1224" VPOS="3425" WIDTH="32"/>
						<String ID="P100_ST00361" HPOS="1256" VPOS="3355" WIDTH="141" HEIGHT="55" CONTENT="d'un" WC="0.98" CC="0061"/>
						<SP ID="P100_SP00323" HPOS="1397" VPOS="3425" WIDTH="29"/>
						<String ID="P100_ST00362" HPOS="1426" VPOS="3354" WIDTH="142" HEIGHT="53" CONTENT="trait" WC="1.00" CC="00000"/>
						<SP ID="P100_SP00324" HPOS="1568" VPOS="3425" WIDTH="31"/>
						<String ID="P100_ST00363" HPOS="1599" VPOS="3355" WIDTH="97" HEIGHT="53" CONTENT="sûr" WC="0.95" CC="236"/>
						<SP ID="P100_SP00325" HPOS="1696" VPOS="3425" WIDTH="28"/>
						<String ID="P100_ST00364" HPOS="1724" VPOS="3359" WIDTH="60" HEIGHT="49" CONTENT="et" WC="0.71" CC="50"/>
						<SP ID="P100_SP00326" HPOS="1784" VPOS="3425" WIDTH="32"/>
						<String ID="P100_ST00365" HPOS="1816" VPOS="3355" WIDTH="311" HEIGHT="70" CONTENT="pénétrant" WC="0.99" CC="024006030"/>
						<SP ID="P100_SP00327" HPOS="2127" VPOS="3425" WIDTH="30"/>
						<String ID="P100_ST00366" HPOS="2157" VPOS="3354" WIDTH="82" HEIGHT="56" CONTENT="les" WC="0.98" CC="032"/>
					</TextLine>
					<TextLine ID="P100_TL00040" HPOS="174" VPOS="3435" WIDTH="2065" HEIGHT="72">
						<String ID="P100_ST00367" HPOS="174" VPOS="3439" WIDTH="152" HEIGHT="54" CONTENT="êtres" WC="0.99" CC="00900"/>
						<SP ID="P100_SP00328" HPOS="326" VPOS="3493" WIDTH="20"/>
						<String ID="P100_ST00368" HPOS="346" VPOS="3444" WIDTH="60" HEIGHT="48" CONTENT="et" WC="0.85" CC="20"/>
						<SP ID="P100_SP00329" HPOS="406" VPOS="3493" WIDTH="18"/>
						<String ID="P100_ST00369" HPOS="424" VPOS="3438" WIDTH="84" HEIGHT="54" CONTENT="les" WC="0.98" CC="500"/>
						<SP ID="P100_SP00330" HPOS="508" VPOS="3493" WIDTH="19"/>
						<String ID="P100_ST00370" HPOS="527" VPOS="3439" WIDTH="221" HEIGHT="53" CONTENT="choses." WC="0.99" CC="1020041"/>
						<SP ID="P100_SP00331" HPOS="748" VPOS="3493" WIDTH="23"/>
						<String ID="P100_ST00371" HPOS="771" VPOS="3438" WIDTH="92" HEIGHT="54" CONTENT="En" WC="0.66" CC="51"/>
						<SP ID="P100_SP00332" HPOS="863" VPOS="3493" WIDTH="21"/>
						<String ID="P100_ST00372" HPOS="884" VPOS="3436" WIDTH="203" HEIGHT="70" CONTENT="vérité," WC="0.99" CC="0043014"/>
						<SP ID="P100_SP00333" HPOS="1087" VPOS="3506" WIDTH="20"/>
						<String ID="P100_ST00373" HPOS="1107" VPOS="3435" WIDTH="222" HEIGHT="72" CONTENT="l'esprit" WC="0.99" CC="44520710"/>
						<SP ID="P100_SP00334" HPOS="1329" VPOS="3507" WIDTH="23"/>
						<String ID="P100_ST00374" HPOS="1352" VPOS="3435" WIDTH="70" HEIGHT="55" CONTENT="de" WC="1.00" CC="00"/>
						<SP ID="P100_SP00335" HPOS="1422" VPOS="3507" WIDTH="23"/>
						<String ID="P100_ST00375" HPOS="1445" VPOS="3435" WIDTH="265" HEIGHT="53" CONTENT="Rameau" WC="0.99" CC="000007"/>
						<SP ID="P100_SP00336" HPOS="1710" VPOS="3507" WIDTH="19"/>
						<String ID="P100_ST00376" HPOS="1729" VPOS="3452" WIDTH="168" HEIGHT="53" CONTENT="passe" WC="1.00" CC="00000"/>
						<SP ID="P100_SP00337" HPOS="1897" VPOS="3507" WIDTH="22"/>
						<String ID="P100_ST00377" HPOS="1919" VPOS="3435" WIDTH="144" HEIGHT="55" CONTENT="dans" WC="1.00" CC="0010"/>
						<SP ID="P100_SP00338" HPOS="2063" VPOS="3507" WIDTH="22"/>
						<String ID="P100_ST00378" HPOS="2085" VPOS="3440" WIDTH="154" HEIGHT="50" CONTENT="cette" WC="0.99" CC="00005"/>
					</TextLine>
					<TextLine ID="P100_TL00041" HPOS="175" VPOS="3513" WIDTH="2064" HEIGHT="72">
						<String ID="P100_ST00379" HPOS="175" VPOS="3519" WIDTH="176" HEIGHT="55" CONTENT="étude" WC="0.98" CC="32700"/>
						<SP ID="P100_SP00339" HPOS="351" VPOS="3574" WIDTH="33"/>
						<String ID="P100_ST00380" HPOS="384" VPOS="3535" WIDTH="140" HEIGHT="37" CONTENT="avec" WC="0.99" CC="6000"/>
						<SP ID="P100_SP00340" HPOS="524" VPOS="3574" WIDTH="33"/>
						<String ID="P100_ST00381" HPOS="557" VPOS="3535" WIDTH="64" HEIGHT="37" CONTENT="sa" WC="0.75" CC="40"/>
						<SP ID="P100_SP00341" HPOS="621" VPOS="3574" WIDTH="29"/>
						<String ID="P100_ST00382" HPOS="650" VPOS="3516" WIDTH="263" HEIGHT="69" CONTENT="fermeté," WC="0.98" CC="80503524"/>
						<SP ID="P100_SP00342" HPOS="913" VPOS="3585" WIDTH="32"/>
						<String ID="P100_ST00383" HPOS="945" VPOS="3534" WIDTH="63" HEIGHT="37" CONTENT="sa" WC="0.78" CC="04"/>
						<SP ID="P100_SP00343" HPOS="1008" VPOS="3585" WIDTH="44"/>
						<String ID="P100_ST00384" HPOS="1052" VPOS="3518" WIDTH="225" HEIGHT="54" CONTENT="netteté" WC="0.99" CC="5010300"/>
						<SP ID="P100_SP00344" HPOS="1277" VPOS="3585" WIDTH="31"/>
						<String ID="P100_ST00385" HPOS="1308" VPOS="3513" WIDTH="242" HEIGHT="55" CONTENT="incisive" WC="0.99" CC="03000304"/>
						<SP ID="P100_SP00345" HPOS="1550" VPOS="3585" WIDTH="27"/>
						<String ID="P100_ST00386" HPOS="1577" VPOS="3534" WIDTH="13" HEIGHT="48" CONTENT=";" WC="0.31" CC="6"/>
						<SP ID="P100_SP00346" HPOS="1590" VPOS="3585" WIDTH="31"/>
						<String ID="P100_ST00387" HPOS="1621" VPOS="3519" WIDTH="60" HEIGHT="49" CONTENT="et" WC="0.84" CC="30"/>
						<SP ID="P100_SP00347" HPOS="1681" VPOS="3585" WIDTH="32"/>
						<String ID="P100_ST00388" HPOS="1713" VPOS="3514" WIDTH="157" HEIGHT="54" CONTENT="voilà" WC="0.98" CC="05007"/>
						<SP ID="P100_SP00348" HPOS="1870" VPOS="3585" WIDTH="30"/>
						<String ID="P100_ST00389" HPOS="1900" VPOS="3514" WIDTH="100" HEIGHT="71" CONTENT="qui" WC="0.97" CC="070"/>
						<SP ID="P100_SP00349" HPOS="2000" VPOS="3585" WIDTH="32"/>
						<String ID="P100_ST00390" HPOS="2032" VPOS="3515" WIDTH="207" HEIGHT="55" CONTENT="rendra" WC="0.99" CC="804000"/>
					</TextLine>
					<TextLine ID="P100_TL00042" HPOS="177" VPOS="3596" WIDTH="1984" HEIGHT="75">
						<String ID="P100_ST00391" HPOS="177" VPOS="3599" WIDTH="286" HEIGHT="72" CONTENT="classique" WC="0.99" CC="070002063"/>
						<SP ID="P100_SP00350" HPOS="463" VPOS="3671" WIDTH="26"/>
						<String ID="P100_ST00392" HPOS="489" VPOS="3618" WIDTH="81" HEIGHT="36" CONTENT="un" WC="0.53" CC="72"/>
						<SP ID="P100_SP00351" HPOS="570" VPOS="3671" WIDTH="24"/>
						<String ID="P100_ST00393" HPOS="594" VPOS="3599" WIDTH="83" HEIGHT="55" CONTENT="tel" WC="0.95" CC="066"/>
						<SP ID="P100_SP00352" HPOS="677" VPOS="3671" WIDTH="25"/>
						<String ID="P100_ST00394" HPOS="702" VPOS="3617" WIDTH="273" HEIGHT="53" CONTENT="ouvrage." WC="0.98" CC="47009801"/>
						<SP ID="P100_SP00353" HPOS="975" VPOS="3671" WIDTH="340"/>
						<String ID="P100_ST00395" HPOS="1315" VPOS="3596" WIDTH="235" HEIGHT="52" CONTENT="LIONEL" WC="0.98" CC="280553" STYLEREFS="TXT_5"/>
						<SP ID="P100_SP00354" HPOS="1550" VPOS="3671" WIDTH="22"/>
						<String ID="P100_ST00396" HPOS="1572" VPOS="3610" WIDTH="81" HEIGHT="38" CONTENT="DE" WC="0.86" CC="02" STYLEREFS="TXT_5"/>
						<SP ID="P100_SP00355" HPOS="1653" VPOS="3671" WIDTH="28"/>
						<String ID="P100_ST00397" HPOS="1681" VPOS="3610" WIDTH="75" HEIGHT="38" CONTENT="LA" WC="0.81" CC="21" STYLEREFS="TXT_5"/>
						<SP ID="P100_SP00356" HPOS="1756" VPOS="3671" WIDTH="27"/>
						<String ID="P100_ST00398" HPOS="1783" VPOS="3596" WIDTH="378" HEIGHT="52" CONTENT="LAURENCIE." WC="0.87" CC="0100340300" STYLEREFS="TXT_5"/>
					</TextLine>
				</TextBlock>
			</PrintSpace>
		</Page>
	</Layout>
</alto>
