2624 4084
2147 294 97 48 703

1081 298 67 34 LE
1185 298 130 34 MOIS

148 450 166 55 avait
343 447 350 56 accoutumé
722 447 70 55 de
822 445 243 57 divertir
1091 446 84 56 les
1203 449 55 52 H
1266 468 33 35 a
1302 449 174 68 vrais,
1495 449 83 56 les
1605 447 212 58 années
1845 445 398 72 précédentes.

147 530 54 55 Il
245 530 103 70 n'y
394 549 34 34 a
474 529 124 54 rien
642 529 36 52 à
725 526 121 56 dire
893 527 71 54 de
1009 527 338 72 particulier
1394 531 79 54 du
1517 529 135 56 Trio
1713 525 531 58 Cortot-Thibaud-

148 611 221 69 Cazals,
388 610 102 71 qui
507 609 163 56 vient
689 609 69 53 de
775 609 165 70 jouer
957 625 143 38 avec
1116 609 261 56 maîtrise
1394 624 79 41 un
1490 627 368 55 programme
1874 607 370 55 Beethoven-

147 690 615 57 Mendelssohn-César
808 689 232 53 Franck
1084 689 102 71 qui
1232 690 226 56 n'avait
1502 709 108 53 pas
1655 708 158 38 assez
1859 689 189 57 même
2093 704 154 55 pour

148 778 171 50 notre
353 771 137 56 ville
524 773 55 54 le
615 769 207 57 mérite
861 771 70 54 de
966 770 59 53 la
1062 773 337 53 nouveauté
1429 793 8 33 :
1477 773 232 71 lorsque
1747 773 71 54 de
1853 769 113 57 tels
2003 767 236 56 artistes

148 853 285 55 viennent
486 870 78 37 au
616 851 221 66 Havre,
891 849 70 54 ils
1012 850 342 71 pourraient
1408 854 568 70 avantageusement
2028 846 212 56 choisir

151 936 149 54 dans
328 934 246 54 l'œuvre
607 933 102 54 des
739 931 243 59 maîtres
1013 936 184 49 avant
1229 950 78 37 ou
1338 933 169 71 après
1538 934 345 54 Beethoven
1916 933 102 53 des
2048 929 193 71 pièces

150 1015 193 59 moins
366 1014 312 56 ressassées
705 1032 113 52 que
842 1011 54 55 le
1711 1011 135 55 Trio
1091 1013 34 53 à
1148 1013 338 55 l'Archiduc
1511 1033 78 35 ou
1613 1014 58 54 la
1921 1013 70 54 de
2008 1010 233 55 Franck

150 1113 115 55 que
294 1095 122 55 l'on
448 1094 222 57 entend
698 1099 139 48 tous
865 1091 85 56 les
984 1093 155 54 deux
1171 1093 148 57 mois
1349 1093 506 57 inévitablement.

383 1176 87 54 La
625 1175 212 55 Société
1120 1174 93 54 des
1378 1174 280 71 Quatuors
2014 1174 34 53 à
2154 1174 93 53 cord
1366 1174 270 71 poursuit
1671 1192 107 36 son
1813 1189 201 38 œuvre
2048 1170 155 57 excel-

147 1256 159 56 lente
359 1258 71 53 de
481 1254 429 72 vulgarisation
961 1255 103 55 des
1114 1260 288 66 quatuors
1440 1255 318 71 classiques
1784 1274 12 33 :
1849 1253 170 71 après
2069 1250 166 56 avoir

150 1338 193 56 donné
388 1339 155 55 deux
583 1336 123 55 très
747 1336 226 55 bonnes
1016 1336 236 55 séances
1294 1354 142 37 avec
1459 1336 55 54 le
1539 1350 282 40 concours
1858 1335 80 54 du
1977 1336 257 69 quatuor

148 1419 266 66 Mesnier,
446 1423 155 49 cette
627 1416 229 55 Société
900 1434 35 36 a
976 1415 284 73 inauguré
1283 1433 64 37 sa
1370 1415 295 55 troisième
1697 1414 184 55 année
1911 1432 74 37 en
2014 1413 221 54 faisant

150 1498 174 73 appel
355 1517 77 35 au
785 1499 254 70 Quatuor
1361 1498 176 70 Cafiet
957 1496 102 72 qui
1091 1514 34 36 a
1156 1495 317 73 interprété
1501 1494 566 58 merveilleusement
2099 1493 53 54 le
2178 1505 34 57 7
2213 1503 22 25 e

147 1585 62 51 et
232 1579 54 56 le
315 1592 66 56 15
385 1592 20 24 e
414 1623 9 9 .
453 1579 219 56 Inutile
700 1580 71 54 de
799 1579 120 53 dire
946 1596 114 52 que
1084 1576 58 55 la
1167 1576 141 55 salle
1332 1576 211 55 n'était
1585 1593 108 55 pas
1740 1574 227 58 comble
1987 1597 13 47 ;
2037 1574 42 53 il
2119 1590 41 54 y
2201 1590 38 37 a

148 1678 207 38 encore
423 1659 75 55 ici
551 1660 309 69 beaucoup
924 1658 70 54 de
1050 1673 141 55 gens
1246 1656 101 72 qui
1394 1656 295 72 préfèrent
1738 1654 58 55 la
1848 1654 259 55 Favorite
2159 1670 77 37 ou

148 1742 191 58 même
380 1739 307 72 Reynaldo
730 1739 180 55 Hahn
950 1739 34 52 à
1021 1738 345 54 Beethoven
1392 1758 14 47 ;
1448 1736 71 55 ils
1558 1742 106 49 ont
1694 1734 194 56 raison
1924 1734 314 69 d'ailleurs,

147 1822 419 71 l'atmosphère
609 1822 102 53 des
752 1818 166 54 salles
963 1819 69 53 de
1082 1822 235 49 concert
1346 1836 41 52 y
1425 1836 185 52 gagne
1638 1838 10 33 :
1686 1822 60 49 et
1782 1815 40 54 il
1857 1819 147 51 vaut
2041 1814 198 58 mieux

151 1904 223 56 donner
410 1902 191 58 moins
637 1903 72 53 de
745 1904 264 51 concerts
1058 1897 47 55 si
1153 1898 119 54 l'on
1308 1899 98 53 n'a
1446 1916 108 53 pas
1603 1898 307 70 beaucoup
1951 1897 285 69 d'argent,

150 1988 59 51 et
250 1984 222 53 donner
512 1983 101 53 des
651 1984 266 51 concerts
952 1996 150 54 pour
1139 1978 83 54 les
1261 1979 154 53 deux
1454 1978 297 54 centaines
1808 1978 70 54 de
1929 1975 310 55 musiciens

150 2063 316 54 véritables
538 2079 115 54 que
710 2064 233 67 compte
1001 2079 21 30 «
1078 2064 168 50 notre
1303 2060 218 69 grande
1571 2059 114 55 cité
1728 2055 404 59 commerciale
2179 2059 60 52 et

150 2144 296 56 maritime
477 2164 42 35 ».

261 2224 112 56 Les
427 2225 236 54 séances
717 2223 72 55 de
843 2220 268 73 musique
1167 2220 71 55 de
1291 2220 277 55 chambre
1624 2220 70 55 de
1750 2219 133 55 Mlle
1924 2219 322 53 Duranton

148 2322 150 38 nous
338 2309 106 51 ont
485 2303 218 72 permis
747 2302 343 56 d'entendre
1133 2302 208 71 depuis
1382 2302 345 54 Beethoven
1768 2299 237 71 jusqu'à
2045 2297 196 57 Saint-

148 2387 186 54 Saëns
372 2391 61 49 et
474 2384 142 55 Lalo
655 2385 100 54 des
800 2399 231 39 œuvres
1073 2383 121 53 très
1234 2382 137 54 bien
1415 2383 250 55 rendues
1694 2387 60 48 et
1797 2399 74 37 en
1914 2384 169 51 outre
2126 2394 117 38 une

148 2468 341 53 nouveauté
518 2487 9 33 :
556 2465 57 54 la
639 2464 119 55 très
783 2463 390 56 intéressante
1199 2463 207 55 Sonate
1431 2481 150 54 pour
1606 2462 178 72 piano
1812 2467 60 51 et
1897 2458 344 57 violoncelle

151 2548 72 55 de
268 2553 169 48 notre
482 2544 350 70 concitoyen
875 2544 208 70 Henry
1126 2543 300 55 Woollett.
1474 2543 168 55 Cette
1686 2548 207 48 sonate
1939 2539 164 56 avait
2147 2539 97 53 été

148 2627 169 72 jouée
341 2647 77 36 au
441 2627 177 56 Salon
641 2625 361 55 d'Automne
1023 2629 61 50 et
1107 2625 36 53 à
1163 2625 59 54 la
1243 2624 228 55 Société
1492 2623 319 56 Nationale
1835 2624 70 54 de
1928 2620 271 72 Musique
2229 2641 10 33 :

148 2708 145 55 c'est
334 2727 114 36 une
488 2708 101 55 des
628 2722 232 38 œuvres
895 2705 84 55 les
1016 2704 133 73 plus
1186 2705 312 55 heureuses
1538 2705 71 54 de
1647 2721 107 38 son
1792 2708 231 62 auteur,
2065 2700 178 55 d'une

148 2788 394 57 architecture
573 2789 34 52 à
635 2787 57 53 la
720 2786 112 54 fois
860 2786 181 55 solide
1069 2791 60 49 et
1158 2786 203 71 souple
1390 2791 60 49 et
1482 2786 142 54 d'un
1652 2784 320 56 sentiment
2001 2780 242 56 curieux

151 2886 143 38 avec
322 2871 102 53 des
451 2867 338 57 recherches
816 2868 72 55 de
912 2866 266 69 timbres,
1209 2867 71 54 de
1308 2866 236 54 couleur
1572 2869 59 51 et
1660 2863 435 71 d'atmosphère
2121 2860 124 54 très

148 2951 397 55 attachantes.

265 3031 94 54 En
400 3050 65 35 ce
507 3029 102 73 qui
650 3031 216 54 touche
907 3029 57 55 la
1006 3027 269 72 musique
1318 3028 296 66 moderne,
1643 3026 84 54 les
1768 3022 476 58 manifestations

150 3111 354 72 principales
533 3111 198 54 furent
764 3113 70 52 de
865 3111 189 54 même
1084 3127 113 52 que
1227 3108 57 53 la
1314 3107 196 54 saison
1542 3106 259 55 dernière
1830 3106 84 54 les
1943 3102 300 58 auditions

152 3193 80 55 du
386 3193 189 54 Cercle
825 3193 64 52 de
1018 3191 152 54 l'Art
1375 3191 292 54 Moderne.

264 3272 85 55 La
388 3271 285 73 première
712 3272 96 53 fut
848 3271 309 54 consacrée
1199 3269 34 52 à

263 3353 81 55 Le
382 3353 213 59 maître
635 3351 165 56 avait
837 3349 138 58 bien
1012 3349 184 56 voulu
1234 3353 278 68 apporter
1551 3366 105 35 son
1694 3363 283 40 concours
2014 3347 34 52 à
2086 3349 157 51 cette

150 3433 271 56 audition
457 3432 103 74 qui
597 3437 101 51 eut
735 3432 117 56 lieu
889 3432 148 53 dans
1074 3447 115 38 une
1223 3429 141 55 salle
1401 3427 412 60 relativement
1849 3426 206 72 petite,
2093 3424 152 56 mais

147 3514 85 55 les
281 3514 146 55 trois
479 3534 77 35 ou
607 3518 212 66 quatre
871 3518 166 51 cents
1087 3527 319 56 personnes
1457 3509 101 72 qui
1610 3508 338 56 assistaient
2000 3508 36 53 à
2086 3511 158 50 cette

148 3596 272 54 audition
461 3594 432 72 témoignèrent
938 3594 143 55 d'un
1123 3591 440 57 enthousiasme
1608 3607 158 38 assez
1808 3607 117 55 peu
1967 3588 277 71 fréquent
