2624 4084
465 331 94 47 666

986 342 267 32 BULLETIN
1291 342 261 46 FRANÇAIS
1592 342 70 32 DE
1698 342 63 34 LA
1804 342 40 35 S.
1884 342 34 32 I.
1957 343 55 31 M.

470 487 57 54 la
551 487 184 55 vérité
759 487 79 54 du
862 490 126 50 mot
1012 490 253 50 souvent
1289 485 155 56 redit
1476 506 11 34 :
1514 506 21 28 «
1561 487 242 54 Donnez
1829 505 76 36 au
1928 487 210 70 peuple
2164 489 71 53 de
2258 487 58 55 la
2337 489 188 59 bonne

471 566 286 69 musique,
794 564 40 53 il
867 562 262 55 l'aimera
1154 584 40 33 ».

581 645 147 53 Sans
754 644 228 53 vouloir
1009 642 140 54 tirer
1177 644 71 54 de
1275 645 355 68 conclusion,
1661 663 76 35 on
1765 650 144 66 peut
1930 646 366 55 reconnaître
2325 649 141 68 qu'il
2490 669 35 53 y

470 740 34 36 a
528 741 80 36 un
634 722 217 55 terrain
875 722 131 70 prêt
1031 739 74 37 en
1128 724 339 70 Angleterre
1492 743 149 52 pour
1665 725 81 55 les
1771 725 371 55 travailleurs
2168 726 71 55 de
2268 726 255 60 l'avenir.

470 802 166 54 Cette
650 802 206 54 nation
872 804 146 53 dont
1032 802 54 54 le
1100 804 224 71 bagage
1340 804 241 54 littéraii
1592 823 31 37 e
1638 810 89 50 est
1744 805 48 55 si
1807 805 399 57 considérable
2222 811 61 50 et
2299 806 46 55 si
2361 807 164 73 beau,

468 881 145 53 dont
634 881 58 53 la
707 881 193 70 poésie
923 882 217 54 atteint
1162 884 84 53 les
1260 884 132 70 plus
1415 885 176 53 hauts
1606 890 281 50 sommets
1905 886 71 55 de
1995 885 157 69 l'art,
2164 885 189 71 aspire
2371 887 34 53 à
2418 907 104 36 une

467 960 268 70 musique
768 961 100 70 qui
900 962 258 70 réponde
1192 962 36 54 à
1258 980 91 37 ses
1380 965 165 53 rêves
1570 964 359 71 artistiques.
1948 965 81 53 Le
2062 966 201 54 succès
2295 966 228 73 d'Elgar

467 1040 219 53 semble
715 1041 270 71 présager
1013 1060 113 36 une
1158 1042 93 54 ère
1280 1044 290 54 nouvelle.

578 1119 97 53 Un
705 1121 188 69 grand
923 1126 60 49 et
1013 1121 353 55 intéressant
1398 1129 381 48 mouvement
1811 1122 246 56 musical
2089 1124 157 71 agite
2277 1125 216 72 l'Angle-

467 1202 151 50 terre
650 1216 72 37 en
754 1218 65 35 ce
851 1206 282 50 moment.
1169 1202 188 70 Qu'en
1389 1204 448 54 adviendra-t-il
1868 1209 23 49 ?

1912 1364 468 70 Jean
2381 1364 11 70 Classy.
