<?xml version="1.0" encoding="UTF-8"?>
<alto xmlns:xsi="http://www.w3.org/2001/XMLSchema-instance" xmlns="http://www.loc.gov/standards/alto/ns-v2#" xsi:schemaLocation="http://www.loc.gov/standards/alto/ns-v2# http://www.loc.gov/standards/alto/alto-v2.0.xsd" xmlns:xlink="http://www.w3.org/1999/xlink">
	<Description>
		<MeasurementUnit>mm10</MeasurementUnit>
		<sourceImageInformation>
			<fileName>//fileserver7/IN2/Princeton/Batch3/bmtnabh/1908/06/15_01/00000195.tif</fileName>
		</sourceImageInformation>
		<OCRProcessing ID="OCRPROCESSING_1">
			<preProcessingStep>
				<processingSoftware>
					<softwareCreator>CCS Content Conversion Specialists GmbH, Germany</softwareCreator>
					<softwareName>CCS docWORKS</softwareName>
					<softwareVersion>6.6-1.18</softwareVersion>
				</processingSoftware>
			</preProcessingStep>
			<ocrProcessingStep>
				<processingSoftware>
					<softwareCreator>ABBYY (BIT Software), Russia</softwareCreator>
					<softwareName>FineReader</softwareName>
					<softwareVersion>10.0</softwareVersion>
				</processingSoftware>
			</ocrProcessingStep>
		</OCRProcessing>
	</Description>
	<Styles>
		<TextStyle ID="TXT_0" FONTSIZE="14" FONTFAMILY="Times New Roman"/>
		<TextStyle ID="TXT_1" FONTSIZE="20" FONTFAMILY="Times New Roman"/>
		<TextStyle ID="TXT_2" FONTSIZE="19" FONTFAMILY="Times New Roman"/>
		<TextStyle ID="TXT_3" FONTSIZE="12" FONTFAMILY="Times New Roman" FONTSTYLE="bold"/>
		<TextStyle ID="TXT_4" FONTSIZE="12" FONTFAMILY="Times New Roman" FONTSTYLE="bold"/>
		<ParagraphStyle ID="PAR_LEFT" ALIGN="Left"/>
		<ParagraphStyle ID="PAR_RIGHT" ALIGN="Right"/>
	</Styles>
	<Layout>
		<Page ID="P57" PHYSICAL_IMG_NR="57" HEIGHT="4084" WIDTH="2624" PC="0.943">
			<TopMargin ID="P57_TM00001" HPOS="0" VPOS="0" WIDTH="2624" HEIGHT="419">
				<TextBlock ID="P57_TB00001" HPOS="941" VPOS="347" WIDTH="578" HEIGHT="63" STYLEREFS="TXT_0 PAR_LEFT">
					<TextLine ID="P57_TL00001" HPOS="941" VPOS="347" WIDTH="575" HEIGHT="59">
						<String ID="P57_ST00001" HPOS="941" VPOS="347" WIDTH="188" HEIGHT="48" CONTENT="POÉSIE" WC="0.99" CC="205020"/>
						<SP ID="P57_SP00001" HPOS="1129" VPOS="395" WIDTH="38"/>
						<String ID="P57_ST00002" HPOS="1167" VPOS="361" WIDTH="66" HEIGHT="34" CONTENT="ET" WC="1.00" CC="00"/>
						<SP ID="P57_SP00002" HPOS="1233" VPOS="395" WIDTH="35"/>
						<String ID="P57_ST00003" HPOS="1268" VPOS="362" WIDTH="248" HEIGHT="44" CONTENT="MUSIQUE" WC="0.99" CC="0002600"/>
					</TextLine>
				</TextBlock>
				<TextBlock ID="P57_TB00002" HPOS="2172" VPOS="351" WIDTH="102" HEIGHT="68" STYLEREFS="TXT_1 PAR_RIGHT">
					<TextLine ID="P57_TL00002" HPOS="2174" VPOS="352" WIDTH="96" HEIGHT="64">
						<String ID="P57_ST00004" HPOS="2174" VPOS="352" WIDTH="96" HEIGHT="64" CONTENT="673" WC="0.54" CC="435"/>
					</TextLine>
				</TextBlock>
			</TopMargin>
			<LeftMargin ID="P57_LM00001" HPOS="0" VPOS="410" WIDTH="157" HEIGHT="3276"/>
			<RightMargin ID="P57_RM00001" HPOS="2245" VPOS="410" WIDTH="379" HEIGHT="3276"/>
			<BottomMargin ID="P57_BM00001" HPOS="0" VPOS="3686" WIDTH="2624" HEIGHT="398"/>
			<PrintSpace ID="P57_PS00001" HPOS="157" VPOS="410" WIDTH="2088" HEIGHT="3276">
				<TextBlock ID="P57_TB00003" HPOS="373" VPOS="503" WIDTH="1585" HEIGHT="3183" STYLEREFS="TXT_2 PAR_LEFT">
					<TextLine ID="P57_TL00003" HPOS="386" VPOS="503" WIDTH="1305" HEIGHT="57">
						<String ID="P57_ST00005" HPOS="386" VPOS="504" WIDTH="43" HEIGHT="47" CONTENT="O" WC="1.00" CC="0"/>
						<SP ID="P57_SP00003" HPOS="429" VPOS="551" WIDTH="29"/>
						<String ID="P57_ST00006" HPOS="458" VPOS="503" WIDTH="308" HEIGHT="57" CONTENT="Schumann," WC="0.82" CC="007610100"/>
						<SP ID="P57_SP00004" HPOS="766" VPOS="560" WIDTH="30"/>
						<String ID="P57_ST00007" HPOS="796" VPOS="510" WIDTH="142" HEIGHT="44" CONTENT="entre" WC="1.00" CC="00000"/>
						<SP ID="P57_SP00005" HPOS="938" VPOS="560" WIDTH="27"/>
						<String ID="P57_ST00008" HPOS="965" VPOS="511" WIDTH="118" HEIGHT="44" CONTENT="tous" WC="0.98" CC="0054"/>
						<SP ID="P57_SP00006" HPOS="1083" VPOS="560" WIDTH="25"/>
						<String ID="P57_ST00009" HPOS="1108" VPOS="510" WIDTH="183" HEIGHT="47" CONTENT="Maître" WC="1.00" CC="200020"/>
						<SP ID="P57_SP00007" HPOS="1291" VPOS="560" WIDTH="27"/>
						<String ID="P57_ST00010" HPOS="1318" VPOS="510" WIDTH="373" HEIGHT="49" CONTENT="indéfinissable" WC="1.00" CC="30200020000060"/>
					</TextLine>
					<TextLine ID="P57_TL00004" HPOS="385" VPOS="570" WIDTH="1271" HEIGHT="68">
						<String ID="P57_ST00011" HPOS="385" VPOS="572" WIDTH="101" HEIGHT="47" CONTENT="Des" WC="0.99" CC="200"/>
						<SP ID="P57_SP00008" HPOS="486" VPOS="619" WIDTH="26"/>
						<String ID="P57_ST00012" HPOS="512" VPOS="570" WIDTH="175" HEIGHT="51" CONTENT="motifs" WC="0.98" CC="658050"/>
						<SP ID="P57_SP00009" HPOS="687" VPOS="621" WIDTH="28"/>
						<String ID="P57_ST00013" HPOS="715" VPOS="573" WIDTH="227" HEIGHT="62" CONTENT="éperdus," WC="0.99" CC="01000424"/>
						<SP ID="P57_SP00010" HPOS="942" VPOS="635" WIDTH="31"/>
						<String ID="P57_ST00014" HPOS="973" VPOS="576" WIDTH="73" HEIGHT="48" CONTENT="roi" WC="0.96" CC="090"/>
						<SP ID="P57_SP00011" HPOS="1046" VPOS="635" WIDTH="27"/>
						<String ID="P57_ST00015" HPOS="1073" VPOS="577" WIDTH="86" HEIGHT="47" CONTENT="des" WC="0.98" CC="005"/>
						<SP ID="P57_SP00012" HPOS="1159" VPOS="635" WIDTH="27"/>
						<String ID="P57_ST00016" HPOS="1186" VPOS="579" WIDTH="226" HEIGHT="59" CONTENT="rythmes" WC="1.00" CC="3001000"/>
						<SP ID="P57_SP00013" HPOS="1412" VPOS="638" WIDTH="28"/>
						<String ID="P57_ST00017" HPOS="1440" VPOS="579" WIDTH="216" HEIGHT="55" CONTENT="heurtés," WC="0.99" CC="10620004"/>
					</TextLine>
					<TextLine ID="P57_TL00005" HPOS="382" VPOS="638" WIDTH="1134" HEIGHT="68">
						<String ID="P57_ST00018" HPOS="382" VPOS="639" WIDTH="79" HEIGHT="47" CONTENT="De" WC="0.70" CC="50"/>
						<SP ID="P57_SP00014" HPOS="461" VPOS="686" WIDTH="24"/>
						<String ID="P57_ST00019" HPOS="485" VPOS="638" WIDTH="49" HEIGHT="48" CONTENT="la" WC="1.00" CC="00"/>
						<SP ID="P57_SP00015" HPOS="534" VPOS="686" WIDTH="26"/>
						<String ID="P57_ST00020" HPOS="560" VPOS="654" WIDTH="197" HEIGHT="32" CONTENT="nuance" WC="0.99" CC="060000"/>
						<SP ID="P57_SP00016" HPOS="757" VPOS="686" WIDTH="26"/>
						<String ID="P57_ST00021" HPOS="783" VPOS="644" WIDTH="52" HEIGHT="43" CONTENT="eft" WC="0.57" CC="480"/>
						<SP ID="P57_SP00017" HPOS="835" VPOS="687" WIDTH="27"/>
						<String ID="P57_ST00022" HPOS="862" VPOS="642" WIDTH="61" HEIGHT="47" CONTENT="de" WC="1.00" CC="00"/>
						<SP ID="P57_SP00018" HPOS="923" VPOS="689" WIDTH="27"/>
						<String ID="P57_ST00023" HPOS="950" VPOS="642" WIDTH="213" HEIGHT="49" CONTENT="l'accent" WC="1.00" CC="00000000"/>
						<SP ID="P57_SP00019" HPOS="1163" VPOS="691" WIDTH="27"/>
						<String ID="P57_ST00024" HPOS="1190" VPOS="644" WIDTH="294" HEIGHT="62" CONTENT="ineffaçable" WC="1.00" CC="00022000000"/>
						<SP ID="P57_SP00020" HPOS="1484" VPOS="706" WIDTH="22"/>
						<String ID="P57_ST00025" HPOS="1506" VPOS="661" WIDTH="10" HEIGHT="42" CONTENT=";" WC="1.00" CC="0"/>
					</TextLine>
					<TextLine ID="P57_TL00006" HPOS="383" VPOS="706" WIDTH="1006" HEIGHT="63">
						<String ID="P57_ST00026" HPOS="383" VPOS="706" WIDTH="97" HEIGHT="47" CONTENT="Roi" WC="0.97" CC="403"/>
						<SP ID="P57_SP00021" HPOS="480" VPOS="753" WIDTH="28"/>
						<String ID="P57_ST00027" HPOS="508" VPOS="706" WIDTH="86" HEIGHT="47" CONTENT="des" WC="1.00" CC="000"/>
						<SP ID="P57_SP00022" HPOS="594" VPOS="753" WIDTH="24"/>
						<String ID="P57_ST00028" HPOS="618" VPOS="708" WIDTH="117" HEIGHT="45" CONTENT="tons" WC="0.97" CC="7041"/>
						<SP ID="P57_SP00023" HPOS="735" VPOS="753" WIDTH="24"/>
						<String ID="P57_ST00029" HPOS="759" VPOS="706" WIDTH="165" HEIGHT="49" CONTENT="irréels" WC="0.99" CC="0350000"/>
						<SP ID="P57_SP00024" HPOS="924" VPOS="755" WIDTH="27"/>
						<String ID="P57_ST00030" HPOS="951" VPOS="714" WIDTH="51" HEIGHT="43" CONTENT="êt" WC="0.17" CC="88"/>
						<SP ID="P57_SP00025" HPOS="1002" VPOS="757" WIDTH="25"/>
						<String ID="P57_ST00031" HPOS="1027" VPOS="710" WIDTH="87" HEIGHT="48" CONTENT="des" WC="1.00" CC="000"/>
						<SP ID="P57_SP00026" HPOS="1114" VPOS="758" WIDTH="22"/>
						<String ID="P57_ST00032" HPOS="1136" VPOS="710" WIDTH="221" HEIGHT="50" CONTENT="fluidités" WC="1.00" CC="005000000"/>
						<SP ID="P57_SP00027" HPOS="1357" VPOS="760" WIDTH="22"/>
						<String ID="P57_ST00033" HPOS="1379" VPOS="727" WIDTH="10" HEIGHT="42" CONTENT=";" WC="0.51" CC="4"/>
					</TextLine>
					<TextLine ID="P57_TL00007" HPOS="382" VPOS="847" WIDTH="1356" HEIGHT="63">
						<String ID="P57_ST00034" HPOS="382" VPOS="847" WIDTH="307" HEIGHT="56" CONTENT="Schumann," WC="0.70" CC="005660043"/>
						<SP ID="P57_SP00028" HPOS="689" VPOS="903" WIDTH="31"/>
						<String ID="P57_ST00035" HPOS="720" VPOS="850" WIDTH="373" HEIGHT="49" CONTENT="orcheâtrateur" WC="0.58" CC="0605077299050"/>
						<SP ID="P57_SP00029" HPOS="1093" VPOS="903" WIDTH="26"/>
						<String ID="P57_ST00036" HPOS="1119" VPOS="852" WIDTH="61" HEIGHT="47" CONTENT="de" WC="1.00" CC="00"/>
						<SP ID="P57_SP00030" HPOS="1180" VPOS="903" WIDTH="25"/>
						<String ID="P57_ST00037" HPOS="1205" VPOS="855" WIDTH="206" HEIGHT="46" CONTENT="lourdes" WC="0.98" CC="8765000"/>
						<SP ID="P57_SP00031" HPOS="1411" VPOS="903" WIDTH="25"/>
						<String ID="P57_ST00038" HPOS="1436" VPOS="855" WIDTH="302" HEIGHT="55" CONTENT="harmonies," WC="0.99" CC="6030000474"/>
					</TextLine>
					<TextLine ID="P57_TL00008" HPOS="386" VPOS="913" WIDTH="1351" HEIGHT="65">
						<String ID="P57_ST00039" HPOS="386" VPOS="913" WIDTH="274" HEIGHT="65" CONTENT="D'arpèges" WC="0.99" CC="033410400"/>
						<SP ID="P57_SP00032" HPOS="660" VPOS="978" WIDTH="29"/>
						<String ID="P57_ST00040" HPOS="689" VPOS="917" WIDTH="326" HEIGHT="56" CONTENT="souffreteux," WC="1.00" CC="004332000300"/>
						<SP ID="P57_SP00033" HPOS="1015" VPOS="978" WIDTH="33"/>
						<String ID="P57_ST00041" HPOS="1048" VPOS="918" WIDTH="259" HEIGHT="50" CONTENT="d'accords" WC="0.99" CC="000060602"/>
						<SP ID="P57_SP00034" HPOS="1307" VPOS="978" WIDTH="29"/>
						<String ID="P57_ST00042" HPOS="1336" VPOS="921" WIDTH="401" HEIGHT="56" CONTENT="déconcertants," WC="1.00" CC="00070007000703"/>
					</TextLine>
					<TextLine ID="P57_TL00009" HPOS="380" VPOS="983" WIDTH="1165" HEIGHT="62">
						<String ID="P57_ST00043" HPOS="380" VPOS="983" WIDTH="242" HEIGHT="48" CONTENT="Déroulés" WC="0.99" CC="00425001"/>
						<SP ID="P57_SP00035" HPOS="622" VPOS="1031" WIDTH="24"/>
						<String ID="P57_ST00044" HPOS="646" VPOS="983" WIDTH="327" HEIGHT="62" CONTENT="longuement" WC="0.99" CC="5457000180"/>
						<SP ID="P57_SP00036" HPOS="973" VPOS="1045" WIDTH="28"/>
						<String ID="P57_ST00045" HPOS="1001" VPOS="1002" WIDTH="194" HEIGHT="33" CONTENT="comme" WC="0.99" CC="80000"/>
						<SP ID="P57_SP00037" HPOS="1195" VPOS="1045" WIDTH="27"/>
						<String ID="P57_ST00046" HPOS="1222" VPOS="990" WIDTH="85" HEIGHT="47" CONTENT="des" WC="1.00" CC="000"/>
						<SP ID="P57_SP00038" HPOS="1307" VPOS="1045" WIDTH="28"/>
						<String ID="P57_ST00047" HPOS="1335" VPOS="988" WIDTH="210" HEIGHT="57" CONTENT="litanies," WC="0.99" CC="370000007"/>
					</TextLine>
					<TextLine ID="P57_TL00010" HPOS="382" VPOS="1051" WIDTH="1264" HEIGHT="62">
						<String ID="P57_ST00048" HPOS="382" VPOS="1052" WIDTH="80" HEIGHT="47" CONTENT="Ou" WC="0.69" CC="06"/>
						<SP ID="P57_SP00039" HPOS="462" VPOS="1099" WIDTH="31"/>
						<String ID="P57_ST00049" HPOS="493" VPOS="1051" WIDTH="295" HEIGHT="49" CONTENT="mollement" WC="1.00" CC="002000000"/>
						<SP ID="P57_SP00040" HPOS="788" VPOS="1100" WIDTH="28"/>
						<String ID="P57_ST00050" HPOS="816" VPOS="1052" WIDTH="186" HEIGHT="58" CONTENT="bercés," WC="0.99" CC="5010004"/>
						<SP ID="P57_SP00041" HPOS="1002" VPOS="1110" WIDTH="32"/>
						<String ID="P57_ST00051" HPOS="1034" VPOS="1054" WIDTH="189" HEIGHT="47" CONTENT="flocons" WC="1.00" CC="0000000"/>
						<SP ID="P57_SP00042" HPOS="1223" VPOS="1110" WIDTH="32"/>
						<String ID="P57_ST00052" HPOS="1255" VPOS="1057" WIDTH="359" HEIGHT="47" CONTENT="inconsistants" WC="1.00" CC="5070100000000"/>
						<SP ID="P57_SP00043" HPOS="1614" VPOS="1110" WIDTH="22"/>
						<String ID="P57_ST00053" HPOS="1636" VPOS="1071" WIDTH="10" HEIGHT="42" CONTENT=";" WC="1.00" CC="0"/>
					</TextLine>
					<TextLine ID="P57_TL00011" HPOS="378" VPOS="1186" WIDTH="1249" HEIGHT="66">
						<String ID="P57_ST00054" HPOS="378" VPOS="1186" WIDTH="313" HEIGHT="56" CONTENT="Schumann," WC="0.77" CC="006640003"/>
						<SP ID="P57_SP00044" HPOS="691" VPOS="1242" WIDTH="30"/>
						<String ID="P57_ST00055" HPOS="721" VPOS="1189" WIDTH="297" HEIGHT="63" CONTENT="prodigieux" WC="0.99" CC="5700065060"/>
						<SP ID="P57_SP00045" HPOS="1018" VPOS="1252" WIDTH="28"/>
						<String ID="P57_ST00056" HPOS="1046" VPOS="1192" WIDTH="272" HEIGHT="46" CONTENT="évocateur" WC="0.94" CC="000000050"/>
						<SP ID="P57_SP00046" HPOS="1318" VPOS="1252" WIDTH="28"/>
						<String ID="P57_ST00057" HPOS="1346" VPOS="1190" WIDTH="62" HEIGHT="47" CONTENT="de" WC="1.00" CC="00"/>
						<SP ID="P57_SP00047" HPOS="1408" VPOS="1252" WIDTH="27"/>
						<String ID="P57_ST00058" HPOS="1435" VPOS="1205" WIDTH="192" HEIGHT="47" CONTENT="songes," WC="1.00" CC="0000001"/>
					</TextLine>
					<TextLine ID="P57_TL00012" HPOS="382" VPOS="1252" WIDTH="1552" HEIGHT="68">
						<String ID="P57_ST00059" HPOS="382" VPOS="1252" WIDTH="99" HEIGHT="64" CONTENT="Qui" WC="0.96" CC="650"/>
						<SP ID="P57_SP00048" HPOS="481" VPOS="1316" WIDTH="24"/>
						<String ID="P57_ST00060" HPOS="505" VPOS="1259" WIDTH="222" HEIGHT="58" CONTENT="passent," WC="1.00" CC="00010004"/>
						<SP ID="P57_SP00049" HPOS="727" VPOS="1317" WIDTH="30"/>
						<String ID="P57_ST00061" HPOS="757" VPOS="1261" WIDTH="181" HEIGHT="59" CONTENT="troupe" WC="0.99" CC="010500"/>
						<SP ID="P57_SP00050" HPOS="938" VPOS="1320" WIDTH="24"/>
						<String ID="P57_ST00062" HPOS="962" VPOS="1261" WIDTH="214" HEIGHT="51" CONTENT="errante," WC="1.00" CC="00000013"/>
						<SP ID="P57_SP00051" HPOS="1176" VPOS="1320" WIDTH="29"/>
						<String ID="P57_ST00063" HPOS="1205" VPOS="1256" WIDTH="127" HEIGHT="49" CONTENT="ainsi" WC="1.00" CC="01000"/>
						<SP ID="P57_SP00052" HPOS="1332" VPOS="1320" WIDTH="22"/>
						<String ID="P57_ST00064" HPOS="1354" VPOS="1256" WIDTH="161" HEIGHT="64" CONTENT="qu'un" WC="0.99" CC="05130"/>
						<SP ID="P57_SP00053" HPOS="1515" VPOS="1320" WIDTH="23"/>
						<String ID="P57_ST00065" HPOS="1538" VPOS="1256" WIDTH="86" HEIGHT="49" CONTENT="vol" WC="1.00" CC="000"/>
						<SP ID="P57_SP00054" HPOS="1624" VPOS="1320" WIDTH="26"/>
						<String ID="P57_ST00066" HPOS="1650" VPOS="1258" WIDTH="60" HEIGHT="47" CONTENT="de" WC="1.00" CC="00"/>
						<SP ID="P57_SP00055" HPOS="1710" VPOS="1320" WIDTH="26"/>
						<String ID="P57_ST00067" HPOS="1736" VPOS="1256" WIDTH="198" HEIGHT="63" CONTENT="Djinns," WC="0.99" CC="4300002"/>
					</TextLine>
					<TextLine ID="P57_TL00013" HPOS="383" VPOS="1321" WIDTH="1322" HEIGHT="66">
						<String ID="P57_ST00068" HPOS="383" VPOS="1321" WIDTH="299" HEIGHT="50" CONTENT="Laisse-moi" WC="1.00" CC="0100003000"/>
						<SP ID="P57_SP00056" HPOS="682" VPOS="1371" WIDTH="24"/>
						<String ID="P57_ST00069" HPOS="706" VPOS="1325" WIDTH="220" HEIGHT="62" CONTENT="bégayer" WC="1.00" CC="0000000"/>
						<SP ID="P57_SP00057" HPOS="926" VPOS="1387" WIDTH="25"/>
						<String ID="P57_ST00070" HPOS="951" VPOS="1324" WIDTH="220" HEIGHT="48" CONTENT="l'ivresse" WC="1.00" CC="012000000"/>
						<SP ID="P57_SP00058" HPOS="1171" VPOS="1387" WIDTH="26"/>
						<String ID="P57_ST00071" HPOS="1197" VPOS="1327" WIDTH="66" HEIGHT="45" CONTENT="où" WC="1.00" CC="00"/>
						<SP ID="P57_SP00059" HPOS="1263" VPOS="1387" WIDTH="28"/>
						<String ID="P57_ST00072" HPOS="1291" VPOS="1327" WIDTH="59" HEIGHT="45" CONTENT="tu" WC="0.66" CC="06"/>
						<SP ID="P57_SP00060" HPOS="1350" VPOS="1387" WIDTH="24"/>
						<String ID="P57_ST00073" HPOS="1374" VPOS="1340" WIDTH="82" HEIGHT="32" CONTENT="me" WC="0.85" CC="20"/>
						<SP ID="P57_SP00061" HPOS="1456" VPOS="1387" WIDTH="26"/>
						<String ID="P57_ST00074" HPOS="1482" VPOS="1324" WIDTH="223" HEIGHT="62" CONTENT="plonges," WC="0.99" CC="83700302"/>
					</TextLine>
					<TextLine ID="P57_TL00014" HPOS="385" VPOS="1388" WIDTH="1385" HEIGHT="66">
						<String ID="P57_ST00075" HPOS="385" VPOS="1388" WIDTH="202" HEIGHT="49" CONTENT="Peintre" WC="0.99" CC="5050020"/>
						<SP ID="P57_SP00062" HPOS="587" VPOS="1437" WIDTH="26"/>
						<String ID="P57_ST00076" HPOS="613" VPOS="1391" WIDTH="62" HEIGHT="46" CONTENT="de" WC="1.00" CC="00"/>
						<SP ID="P57_SP00063" HPOS="675" VPOS="1437" WIDTH="26"/>
						<String ID="P57_ST00077" HPOS="701" VPOS="1391" WIDTH="334" HEIGHT="56" CONTENT="demi-teinte," WC="1.00" CC="003200001003"/>
						<SP ID="P57_SP00064" HPOS="1035" VPOS="1447" WIDTH="28"/>
						<String ID="P57_ST00078" HPOS="1063" VPOS="1390" WIDTH="131" HEIGHT="64" CONTENT="épris" WC="1.00" CC="00000"/>
						<SP ID="P57_SP00065" HPOS="1194" VPOS="1454" WIDTH="25"/>
						<String ID="P57_ST00079" HPOS="1219" VPOS="1392" WIDTH="62" HEIGHT="46" CONTENT="de" WC="1.00" CC="00"/>
						<SP ID="P57_SP00066" HPOS="1281" VPOS="1454" WIDTH="26"/>
						<String ID="P57_ST00080" HPOS="1307" VPOS="1395" WIDTH="116" HEIGHT="44" CONTENT="tous" WC="0.96" CC="0764"/>
						<SP ID="P57_SP00067" HPOS="1423" VPOS="1454" WIDTH="26"/>
						<String ID="P57_ST00081" HPOS="1449" VPOS="1391" WIDTH="68" HEIGHT="46" CONTENT="les" WC="0.97" CC="016"/>
						<SP ID="P57_SP00068" HPOS="1517" VPOS="1454" WIDTH="25"/>
						<String ID="P57_ST00082" HPOS="1542" VPOS="1391" WIDTH="196" HEIGHT="62" CONTENT="spleens" WC="1.00" CC="0000003"/>
						<SP ID="P57_SP00069" HPOS="1738" VPOS="1454" WIDTH="23"/>
						<String ID="P57_ST00083" HPOS="1761" VPOS="1391" WIDTH="9" HEIGHT="47" CONTENT="!" WC="1.00" CC="0"/>
					</TextLine>
					<TextLine ID="P57_TL00015" HPOS="1215" VPOS="1541" WIDTH="26" HEIGHT="28">
						<String ID="P57_ST00084" HPOS="1215" VPOS="1541" WIDTH="26" HEIGHT="28" CONTENT="*" WC="0.70" CC="2" STYLEREFS="TXT_3"/>
					</TextLine>
					<TextLine ID="P57_TL00016" HPOS="1180" VPOS="1575" WIDTH="90" HEIGHT="30">
						<String ID="P57_ST00085" HPOS="1180" VPOS="1575" WIDTH="26" HEIGHT="29" CONTENT="*" WC="0.26" CC="7" STYLEREFS="TXT_4"/>
						<SP ID="P57_SP00070" HPOS="1206" VPOS="1604" WIDTH="38"/>
						<String ID="P57_ST00086" HPOS="1244" VPOS="1576" WIDTH="26" HEIGHT="29" CONTENT="*" WC="0.55" CC="4" STYLEREFS="TXT_4"/>
					</TextLine>
					<TextLine ID="P57_TL00017" HPOS="381" VPOS="1696" WIDTH="1412" HEIGHT="67">
						<String ID="P57_ST00087" HPOS="381" VPOS="1698" WIDTH="250" HEIGHT="50" CONTENT="Sublimes" WC="0.99" CC="04540000"/>
						<SP ID="P57_SP00071" HPOS="631" VPOS="1748" WIDTH="52"/>
						<String ID="P57_ST00088" HPOS="683" VPOS="1700" WIDTH="334" HEIGHT="63" CONTENT="profondeurs" WC="1.00" CC="07011000710"/>
						<SP ID="P57_SP00072" HPOS="1017" VPOS="1763" WIDTH="55"/>
						<String ID="P57_ST00089" HPOS="1072" VPOS="1701" WIDTH="86" HEIGHT="47" CONTENT="des" WC="0.98" CC="006"/>
						<SP ID="P57_SP00073" HPOS="1158" VPOS="1763" WIDTH="53"/>
						<String ID="P57_ST00090" HPOS="1211" VPOS="1715" WIDTH="163" HEIGHT="33" CONTENT="cœurs" WC="0.99" CC="00040"/>
						<SP ID="P57_SP00074" HPOS="1374" VPOS="1763" WIDTH="53"/>
						<String ID="P57_ST00091" HPOS="1427" VPOS="1696" WIDTH="366" HEIGHT="53" CONTENT="inconsolables" WC="1.00" CC="0000080611000"/>
					</TextLine>
					<TextLine ID="P57_TL00018" HPOS="383" VPOS="1766" WIDTH="1278" HEIGHT="66">
						<String ID="P57_ST00092" HPOS="383" VPOS="1768" WIDTH="82" HEIGHT="47" CONTENT="Où" WC="1.00" CC="00"/>
						<SP ID="P57_SP00075" HPOS="465" VPOS="1815" WIDTH="39"/>
						<String ID="P57_ST00093" HPOS="504" VPOS="1766" WIDTH="103" HEIGHT="49" CONTENT="l'on" WC="0.98" CC="4400"/>
						<SP ID="P57_SP00076" HPOS="607" VPOS="1815" WIDTH="39"/>
						<String ID="P57_ST00094" HPOS="646" VPOS="1773" WIDTH="115" HEIGHT="42" CONTENT="sent" WC="1.00" CC="0000"/>
						<SP ID="P57_SP00077" HPOS="761" VPOS="1815" WIDTH="41"/>
						<String ID="P57_ST00095" HPOS="802" VPOS="1768" WIDTH="197" HEIGHT="64" CONTENT="expirer" WC="0.99" CC="0600001"/>
						<SP ID="P57_SP00078" HPOS="999" VPOS="1832" WIDTH="40"/>
						<String ID="P57_ST00096" HPOS="1039" VPOS="1767" WIDTH="321" HEIGHT="51" CONTENT="d'immenses" WC="1.00" CC="0003000000"/>
						<SP ID="P57_SP00079" HPOS="1360" VPOS="1832" WIDTH="39"/>
						<String ID="P57_ST00097" HPOS="1399" VPOS="1769" WIDTH="230" HEIGHT="61" CONTENT="passions" WC="0.99" CC="00007700"/>
						<SP ID="P57_SP00080" HPOS="1629" VPOS="1832" WIDTH="22"/>
						<String ID="P57_ST00098" HPOS="1651" VPOS="1782" WIDTH="10" HEIGHT="41" CONTENT=";" WC="0.32" CC="6"/>
					</TextLine>
					<TextLine ID="P57_TL00019" HPOS="386" VPOS="1833" WIDTH="1342" HEIGHT="66">
						<String ID="P57_ST00099" HPOS="386" VPOS="1833" WIDTH="231" HEIGHT="49" CONTENT="Gouffres" WC="0.99" CC="80533402"/>
						<SP ID="P57_SP00081" HPOS="617" VPOS="1882" WIDTH="42"/>
						<String ID="P57_ST00100" HPOS="659" VPOS="1835" WIDTH="319" HEIGHT="64" CONTENT="vertigineux" WC="1.00" CC="00301000056"/>
						<SP ID="P57_SP00082" HPOS="978" VPOS="1899" WIDTH="44"/>
						<String ID="P57_ST00101" HPOS="1022" VPOS="1837" WIDTH="88" HEIGHT="47" CONTENT="des" WC="1.00" CC="000"/>
						<SP ID="P57_SP00083" HPOS="1110" VPOS="1899" WIDTH="44"/>
						<String ID="P57_ST00102" HPOS="1154" VPOS="1835" WIDTH="235" HEIGHT="49" CONTENT="douleurs" WC="0.98" CC="96620540"/>
						<SP ID="P57_SP00084" HPOS="1389" VPOS="1899" WIDTH="43"/>
						<String ID="P57_ST00103" HPOS="1432" VPOS="1834" WIDTH="296" HEIGHT="56" CONTENT="incurables," WC="1.00" CC="50020040004"/>
					</TextLine>
					<TextLine ID="P57_TL00020" HPOS="382" VPOS="1901" WIDTH="1284" HEIGHT="58">
						<String ID="P57_ST00104" HPOS="382" VPOS="1903" WIDTH="137" HEIGHT="47" CONTENT="Mots" WC="1.00" CC="0000"/>
						<SP ID="P57_SP00085" HPOS="519" VPOS="1950" WIDTH="45"/>
						<String ID="P57_ST00105" HPOS="564" VPOS="1901" WIDTH="170" HEIGHT="49" CONTENT="lourds" WC="1.00" CC="005000"/>
						<SP ID="P57_SP00086" HPOS="734" VPOS="1950" WIDTH="46"/>
						<String ID="P57_ST00106" HPOS="780" VPOS="1907" WIDTH="50" HEIGHT="43" CONTENT="et" WC="1.00" CC="00"/>
						<SP ID="P57_SP00087" HPOS="830" VPOS="1950" WIDTH="45"/>
						<String ID="P57_ST00107" HPOS="875" VPOS="1903" WIDTH="236" HEIGHT="48" CONTENT="redoutés" WC="0.99" CC="00944000"/>
						<SP ID="P57_SP00088" HPOS="1111" VPOS="1951" WIDTH="44"/>
						<String ID="P57_ST00108" HPOS="1155" VPOS="1904" WIDTH="88" HEIGHT="46" CONTENT="des" WC="1.00" CC="000"/>
						<SP ID="P57_SP00089" HPOS="1243" VPOS="1951" WIDTH="45"/>
						<String ID="P57_ST00109" HPOS="1288" VPOS="1901" WIDTH="346" HEIGHT="50" CONTENT="incantations" WC="1.00" CC="300000076001"/>
						<SP ID="P57_SP00090" HPOS="1634" VPOS="1951" WIDTH="22"/>
						<String ID="P57_ST00110" HPOS="1656" VPOS="1917" WIDTH="10" HEIGHT="42" CONTENT=";" WC="0.96" CC="0"/>
					</TextLine>
					<TextLine ID="P57_TL00021" HPOS="385" VPOS="2045" WIDTH="1281" HEIGHT="62">
						<String ID="P57_ST00111" HPOS="385" VPOS="2046" WIDTH="210" HEIGHT="61" CONTENT="Cortège" WC="0.98" CC="7047090"/>
						<SP ID="P57_SP00091" HPOS="595" VPOS="2107" WIDTH="37"/>
						<String ID="P57_ST00112" HPOS="632" VPOS="2045" WIDTH="113" HEIGHT="62" CONTENT="pâle" WC="1.00" CC="0000"/>
						<SP ID="P57_SP00092" HPOS="745" VPOS="2107" WIDTH="38"/>
						<String ID="P57_ST00113" HPOS="783" VPOS="2049" WIDTH="51" HEIGHT="44" CONTENT="èt" WC="0.57" CC="80"/>
						<SP ID="P57_SP00093" HPOS="834" VPOS="2107" WIDTH="37"/>
						<String ID="P57_ST00114" HPOS="871" VPOS="2045" WIDTH="108" HEIGHT="48" CONTENT="lent" WC="0.99" CC="0050"/>
						<SP ID="P57_SP00094" HPOS="979" VPOS="2107" WIDTH="38"/>
						<String ID="P57_ST00115" HPOS="1017" VPOS="2046" WIDTH="86" HEIGHT="47" CONTENT="des" WC="1.00" CC="000"/>
						<SP ID="P57_SP00095" HPOS="1103" VPOS="2107" WIDTH="39"/>
						<String ID="P57_ST00116" HPOS="1142" VPOS="2045" WIDTH="261" HEIGHT="48" CONTENT="Souvenirs" WC="0.99" CC="806000340"/>
						<SP ID="P57_SP00096" HPOS="1403" VPOS="2107" WIDTH="38"/>
						<String ID="P57_ST00117" HPOS="1441" VPOS="2046" WIDTH="225" HEIGHT="47" CONTENT="funestes" WC="0.99" CC="55500006"/>
					</TextLine>
					<TextLine ID="P57_TL00022" HPOS="387" VPOS="2112" WIDTH="1341" HEIGHT="64">
						<String ID="P57_ST00118" HPOS="387" VPOS="2114" WIDTH="98" HEIGHT="62" CONTENT="Qui" WC="0.94" CC="654"/>
						<SP ID="P57_SP00097" HPOS="485" VPOS="2176" WIDTH="37"/>
						<String ID="P57_ST00119" HPOS="522" VPOS="2114" WIDTH="301" HEIGHT="47" CONTENT="conduisent" WC="1.00" CC="0000600000"/>
						<SP ID="P57_SP00098" HPOS="823" VPOS="2176" WIDTH="37"/>
						<String ID="P57_ST00120" HPOS="860" VPOS="2112" WIDTH="45" HEIGHT="49" CONTENT="le" WC="1.00" CC="00"/>
						<SP ID="P57_SP00099" HPOS="905" VPOS="2176" WIDTH="37"/>
						<String ID="P57_ST00121" HPOS="942" VPOS="2112" WIDTH="135" HEIGHT="49" CONTENT="deuil" WC="0.99" CC="00510"/>
						<SP ID="P57_SP00100" HPOS="1077" VPOS="2176" WIDTH="38"/>
						<String ID="P57_ST00122" HPOS="1115" VPOS="2114" WIDTH="86" HEIGHT="47" CONTENT="des" WC="0.99" CC="003"/>
						<SP ID="P57_SP00101" HPOS="1201" VPOS="2176" WIDTH="38"/>
						<String ID="P57_ST00123" HPOS="1239" VPOS="2112" WIDTH="188" HEIGHT="64" CONTENT="espoirs" WC="1.00" CC="0000010"/>
						<SP ID="P57_SP00102" HPOS="1427" VPOS="2176" WIDTH="38"/>
						<String ID="P57_ST00124" HPOS="1465" VPOS="2114" WIDTH="263" HEIGHT="62" CONTENT="trépassés," WC="1.00" CC="5400000302"/>
					</TextLine>
					<TextLine ID="P57_TL00023" HPOS="386" VPOS="2176" WIDTH="1211" HEIGHT="67">
						<String ID="P57_ST00125" HPOS="386" VPOS="2181" WIDTH="138" HEIGHT="47" CONTENT="Avec" WC="1.00" CC="0000"/>
						<SP ID="P57_SP00103" HPOS="524" VPOS="2228" WIDTH="50"/>
						<String ID="P57_ST00126" HPOS="574" VPOS="2181" WIDTH="63" HEIGHT="47" CONTENT="de" WC="1.00" CC="00"/>
						<SP ID="P57_SP00104" HPOS="637" VPOS="2228" WIDTH="49"/>
						<String ID="P57_ST00127" HPOS="686" VPOS="2176" WIDTH="261" HEIGHT="59" CONTENT="Solennels," WC="0.99" CC="8650000304"/>
						<SP ID="P57_SP00105" HPOS="947" VPOS="2235" WIDTH="55"/>
						<String ID="P57_ST00128" HPOS="1002" VPOS="2180" WIDTH="367" HEIGHT="48" CONTENT="d'inexorables" WC="1.00" CC="0472090300000"/>
						<SP ID="P57_SP00106" HPOS="1369" VPOS="2235" WIDTH="49"/>
						<String ID="P57_ST00129" HPOS="1418" VPOS="2185" WIDTH="179" HEIGHT="58" CONTENT="gestes," WC="0.99" CC="0073004"/>
					</TextLine>
					<TextLine ID="P57_TL00024" HPOS="382" VPOS="2246" WIDTH="1576" HEIGHT="64">
						<String ID="P57_ST00130" HPOS="382" VPOS="2247" WIDTH="238" HEIGHT="48" CONTENT="Laissant" WC="0.99" CC="30100009"/>
						<SP ID="P57_SP00107" HPOS="620" VPOS="2295" WIDTH="34"/>
						<String ID="P57_ST00131" HPOS="654" VPOS="2247" WIDTH="62" HEIGHT="48" CONTENT="de" WC="1.00" CC="00"/>
						<SP ID="P57_SP00108" HPOS="716" VPOS="2295" WIDTH="31"/>
						<String ID="P57_ST00132" HPOS="747" VPOS="2247" WIDTH="132" HEIGHT="49" CONTENT="leurs" WC="0.98" CC="00650"/>
						<SP ID="P57_SP00109" HPOS="879" VPOS="2296" WIDTH="31"/>
						<String ID="P57_ST00133" HPOS="910" VPOS="2263" WIDTH="136" HEIGHT="47" CONTENT="yeux" WC="0.99" CC="0060"/>
						<SP ID="P57_SP00110" HPOS="1046" VPOS="2310" WIDTH="32"/>
						<String ID="P57_ST00134" HPOS="1078" VPOS="2251" WIDTH="163" HEIGHT="52" CONTENT="msprts" WC="0.58" CC="678200"/>
						<SP ID="P57_SP00111" HPOS="1241" VPOS="2310" WIDTH="33"/>
						<String ID="P57_ST00135" HPOS="1274" VPOS="2247" WIDTH="170" HEIGHT="48" CONTENT="couler" WC="0.99" CC="006500"/>
						<SP ID="P57_SP00112" HPOS="1444" VPOS="2310" WIDTH="32"/>
						<String ID="P57_ST00136" HPOS="1476" VPOS="2248" WIDTH="86" HEIGHT="47" CONTENT="des" WC="1.00" CC="000"/>
						<SP ID="P57_SP00113" HPOS="1562" VPOS="2310" WIDTH="33"/>
						<String ID="P57_ST00137" HPOS="1595" VPOS="2247" WIDTH="168" HEIGHT="63" CONTENT="pleurs" WC="0.99" CC="030540"/>
						<SP ID="P57_SP00114" HPOS="1763" VPOS="2310" WIDTH="31"/>
						<String ID="P57_ST00138" HPOS="1794" VPOS="2246" WIDTH="164" HEIGHT="62" CONTENT="glacés" WC="1.00" CC="000000"/>
					</TextLine>
					<TextLine ID="P57_TL00025" HPOS="386" VPOS="2388" WIDTH="1137" HEIGHT="65">
						<String ID="P57_ST00139" HPOS="386" VPOS="2388" WIDTH="175" HEIGHT="63" CONTENT="Esprit" WC="1.00" CC="200020"/>
						<SP ID="P57_SP00115" HPOS="561" VPOS="2451" WIDTH="42"/>
						<String ID="P57_ST00140" HPOS="603" VPOS="2388" WIDTH="278" HEIGHT="65" CONTENT="impénétré" WC="1.00" CC="000108020"/>
						<SP ID="P57_SP00116" HPOS="881" VPOS="2453" WIDTH="43"/>
						<String ID="P57_ST00141" HPOS="924" VPOS="2389" WIDTH="88" HEIGHT="47" CONTENT="des" WC="1.00" CC="000"/>
						<SP ID="P57_SP00117" HPOS="1012" VPOS="2453" WIDTH="42"/>
						<String ID="P57_ST00142" HPOS="1054" VPOS="2390" WIDTH="183" HEIGHT="46" CONTENT="hautes" WC="1.00" CC="002000"/>
						<SP ID="P57_SP00118" HPOS="1237" VPOS="2453" WIDTH="42"/>
						<String ID="P57_ST00143" HPOS="1279" VPOS="2388" WIDTH="244" HEIGHT="48" CONTENT="solitudes" WC="0.99" CC="703806003"/>
					</TextLine>
					<TextLine ID="P57_TL00026" HPOS="373" VPOS="2455" WIDTH="1288" HEIGHT="56">
						<String ID="P57_ST00144" HPOS="373" VPOS="2456" WIDTH="92" HEIGHT="49" CONTENT="Où" WC="0.46" CC="82"/>
						<SP ID="P57_SP00119" HPOS="465" VPOS="2505" WIDTH="30"/>
						<String ID="P57_ST00145" HPOS="495" VPOS="2456" WIDTH="46" HEIGHT="47" CONTENT="le" WC="1.00" CC="00"/>
						<SP ID="P57_SP00120" HPOS="541" VPOS="2505" WIDTH="32"/>
						<String ID="P57_ST00146" HPOS="573" VPOS="2456" WIDTH="180" HEIGHT="47" CONTENT="silence" WC="1.00" CC="0410000"/>
						<SP ID="P57_SP00121" HPOS="753" VPOS="2505" WIDTH="32"/>
						<String ID="P57_ST00147" HPOS="785" VPOS="2456" WIDTH="136" HEIGHT="49" CONTENT="sairtt" WC="0.76" CC="004440"/>
						<SP ID="P57_SP00122" HPOS="921" VPOS="2505" WIDTH="31"/>
						<String ID="P57_ST00148" HPOS="952" VPOS="2470" WIDTH="242" HEIGHT="35" CONTENT="converse" WC="1.00" CC="00000000"/>
						<SP ID="P57_SP00123" HPOS="1194" VPOS="2505" WIDTH="33"/>
						<String ID="P57_ST00149" HPOS="1227" VPOS="2470" WIDTH="123" HEIGHT="33" CONTENT="avec" WC="1.00" CC="0000"/>
						<SP ID="P57_SP00124" HPOS="1350" VPOS="2505" WIDTH="32"/>
						<String ID="P57_ST00150" HPOS="1382" VPOS="2455" WIDTH="68" HEIGHT="48" CONTENT="les" WC="1.00" CC="000"/>
						<SP ID="P57_SP00125" HPOS="1450" VPOS="2505" WIDTH="33"/>
						<String ID="P57_ST00151" HPOS="1483" VPOS="2455" WIDTH="145" HEIGHT="48" CONTENT="cieux" WC="0.91" CC="00040"/>
						<SP ID="P57_SP00126" HPOS="1628" VPOS="2505" WIDTH="23"/>
						<String ID="P57_ST00152" HPOS="1651" VPOS="2470" WIDTH="10" HEIGHT="41" CONTENT=";" WC="0.99" CC="0"/>
					</TextLine>
					<TextLine ID="P57_TL00027" HPOS="385" VPOS="2522" WIDTH="1409" HEIGHT="65">
						<String ID="P57_ST00153" HPOS="385" VPOS="2525" WIDTH="205" HEIGHT="62" CONTENT="Soupirs" WC="0.99" CC="0060040"/>
						<SP ID="P57_SP00127" HPOS="590" VPOS="2587" WIDTH="55"/>
						<String ID="P57_ST00154" HPOS="645" VPOS="2529" WIDTH="267" HEIGHT="43" CONTENT="mourants" WC="0.99" CC="02440300"/>
						<SP ID="P57_SP00128" HPOS="912" VPOS="2587" WIDTH="58"/>
						<String ID="P57_ST00155" HPOS="970" VPOS="2525" WIDTH="86" HEIGHT="46" CONTENT="des" WC="1.00" CC="000"/>
						<SP ID="P57_SP00129" HPOS="1056" VPOS="2587" WIDTH="58"/>
						<String ID="P57_ST00156" HPOS="1114" VPOS="2522" WIDTH="323" HEIGHT="50" CONTENT="souveraines" WC="1.00" CC="00500000000"/>
						<SP ID="P57_SP00130" HPOS="1437" VPOS="2587" WIDTH="56"/>
						<String ID="P57_ST00157" HPOS="1493" VPOS="2524" WIDTH="270" HEIGHT="47" CONTENT="lassitudes" WC="1.00" CC="0010306000"/>
						<SP ID="P57_SP00131" HPOS="1763" VPOS="2587" WIDTH="22"/>
						<String ID="P57_ST00158" HPOS="1785" VPOS="2536" WIDTH="9" HEIGHT="41" CONTENT=";" WC="1.00" CC="0"/>
					</TextLine>
					<TextLine ID="P57_TL00028" HPOS="385" VPOS="2590" WIDTH="1276" HEIGHT="65">
						<String ID="P57_ST00159" HPOS="385" VPOS="2594" WIDTH="242" HEIGHT="45" CONTENT="Pesantes" WC="0.99" CC="60080100"/>
						<SP ID="P57_SP00132" HPOS="627" VPOS="2639" WIDTH="33"/>
						<String ID="P57_ST00160" HPOS="660" VPOS="2591" WIDTH="203" HEIGHT="57" CONTENT="visions," WC="1.00" CC="00000003"/>
						<SP ID="P57_SP00133" HPOS="863" VPOS="2648" WIDTH="37"/>
						<String ID="P57_ST00161" HPOS="900" VPOS="2591" WIDTH="90" HEIGHT="64" CONTENT="qui" WC="0.96" CC="460"/>
						<SP ID="P57_SP00134" HPOS="990" VPOS="2655" WIDTH="35"/>
						<String ID="P57_ST00162" HPOS="1025" VPOS="2591" WIDTH="114" HEIGHT="48" CONTENT="font" WC="0.96" CC="3907"/>
						<SP ID="P57_SP00135" HPOS="1139" VPOS="2655" WIDTH="34"/>
						<String ID="P57_ST00163" HPOS="1173" VPOS="2590" WIDTH="184" HEIGHT="48" CONTENT="fermer" WC="1.00" CC="002000"/>
						<SP ID="P57_SP00136" HPOS="1357" VPOS="2655" WIDTH="32"/>
						<String ID="P57_ST00164" HPOS="1389" VPOS="2591" WIDTH="70" HEIGHT="47" CONTENT="les" WC="0.98" CC="302"/>
						<SP ID="P57_SP00137" HPOS="1459" VPOS="2655" WIDTH="33"/>
						<String ID="P57_ST00165" HPOS="1492" VPOS="2606" WIDTH="136" HEIGHT="47" CONTENT="yeux" WC="0.99" CC="0040"/>
						<SP ID="P57_SP00138" HPOS="1628" VPOS="2655" WIDTH="23"/>
						<String ID="P57_ST00166" HPOS="1651" VPOS="2605" WIDTH="10" HEIGHT="41" CONTENT=";" WC="0.43" CC="5"/>
					</TextLine>
					<TextLine ID="P57_TL00029" HPOS="383" VPOS="2731" WIDTH="1150" HEIGHT="65">
						<String ID="P57_ST00167" HPOS="383" VPOS="2733" WIDTH="228" HEIGHT="49" CONTENT="Frissôns" WC="0.72" CC="03004760"/>
						<SP ID="P57_SP00139" HPOS="611" VPOS="2782" WIDTH="42"/>
						<String ID="P57_ST00168" HPOS="653" VPOS="2732" WIDTH="293" HEIGHT="64" CONTENT="agonisants" WC="1.00" CC="0000000000"/>
						<SP ID="P57_SP00140" HPOS="946" VPOS="2796" WIDTH="42"/>
						<String ID="P57_ST00169" HPOS="988" VPOS="2733" WIDTH="62" HEIGHT="47" CONTENT="de" WC="1.00" CC="00"/>
						<SP ID="P57_SP00141" HPOS="1050" VPOS="2796" WIDTH="39"/>
						<String ID="P57_ST00170" HPOS="1089" VPOS="2732" WIDTH="150" HEIGHT="48" CONTENT="l'âme" WC="1.00" CC="10000"/>
						<SP ID="P57_SP00142" HPOS="1239" VPOS="2796" WIDTH="40"/>
						<String ID="P57_ST00171" HPOS="1279" VPOS="2731" WIDTH="254" HEIGHT="63" CONTENT="inapaisée" WC="1.00" CC="130000000"/>
					</TextLine>
					<TextLine ID="P57_TL00030" HPOS="383" VPOS="2798" WIDTH="1220" HEIGHT="66">
						<String ID="P57_ST00172" HPOS="383" VPOS="2801" WIDTH="99" HEIGHT="63" CONTENT="Qui" WC="0.97" CC="060"/>
						<SP ID="P57_SP00143" HPOS="482" VPOS="2864" WIDTH="37"/>
						<String ID="P57_ST00173" HPOS="519" VPOS="2798" WIDTH="234" HEIGHT="65" CONTENT="poursuit" WC="0.98" CC="07030478"/>
						<SP ID="P57_SP00144" HPOS="753" VPOS="2864" WIDTH="37"/>
						<String ID="P57_ST00174" HPOS="790" VPOS="2799" WIDTH="179" HEIGHT="49" CONTENT="l'ldéal" WC="1.00" CC="0010000"/>
						<SP ID="P57_SP00145" HPOS="969" VPOS="2864" WIDTH="37"/>
						<String ID="P57_ST00175" HPOS="1006" VPOS="2798" WIDTH="124" HEIGHT="50" CONTENT="d'un" WC="0.98" CC="0160"/>
						<SP ID="P57_SP00146" HPOS="1130" VPOS="2864" WIDTH="37"/>
						<String ID="P57_ST00176" HPOS="1167" VPOS="2798" WIDTH="260" HEIGHT="62" CONTENT="palpitant" WC="1.00" CC="000071000"/>
						<SP ID="P57_SP00147" HPOS="1427" VPOS="2864" WIDTH="40"/>
						<String ID="P57_ST00177" HPOS="1467" VPOS="2813" WIDTH="136" HEIGHT="32" CONTENT="essor" WC="1.00" CC="00021"/>
					</TextLine>
					<TextLine ID="P57_TL00031" HPOS="382" VPOS="2864" WIDTH="1229" HEIGHT="59">
						<String ID="P57_ST00178" HPOS="382" VPOS="2869" WIDTH="71" HEIGHT="48" CONTENT="Et" WC="0.34" CC="48"/>
						<SP ID="P57_SP00148" HPOS="453" VPOS="2917" WIDTH="36"/>
						<String ID="P57_ST00179" HPOS="489" VPOS="2867" WIDTH="230" HEIGHT="49" CONTENT="retombe" WC="0.98" CC="1077070"/>
						<SP ID="P57_SP00149" HPOS="719" VPOS="2917" WIDTH="34"/>
						<String ID="P57_ST00180" HPOS="753" VPOS="2868" WIDTH="228" HEIGHT="55" CONTENT="soudain," WC="0.99" CC="00500404"/>
						<SP ID="P57_SP00150" HPOS="981" VPOS="2923" WIDTH="40"/>
						<String ID="P57_ST00181" HPOS="1021" VPOS="2865" WIDTH="292" HEIGHT="50" CONTENT="défaillante" WC="1.00" CC="02000000060"/>
						<SP ID="P57_SP00151" HPOS="1313" VPOS="2923" WIDTH="37"/>
						<String ID="P57_ST00182" HPOS="1350" VPOS="2869" WIDTH="52" HEIGHT="43" CONTENT="et" WC="1.00" CC="00"/>
						<SP ID="P57_SP00152" HPOS="1402" VPOS="2923" WIDTH="34"/>
						<String ID="P57_ST00183" HPOS="1436" VPOS="2864" WIDTH="175" HEIGHT="56" CONTENT="brisée," WC="0.99" CC="6200003"/>
					</TextLine>
					<TextLine ID="P57_TL00032" HPOS="382" VPOS="2931" WIDTH="1473" HEIGHT="64">
						<String ID="P57_ST00184" HPOS="382" VPOS="2935" WIDTH="319" HEIGHT="50" CONTENT="Maudissant" WC="1.00" CC="0060200000"/>
						<SP ID="P57_SP00153" HPOS="701" VPOS="2985" WIDTH="33"/>
						<String ID="P57_ST00185" HPOS="734" VPOS="2935" WIDTH="294" HEIGHT="48" CONTENT="vainement" WC="0.99" CC="005900000"/>
						<SP ID="P57_SP00154" HPOS="1028" VPOS="2985" WIDTH="34"/>
						<String ID="P57_ST00186" HPOS="1062" VPOS="2933" WIDTH="46" HEIGHT="48" CONTENT="le" WC="0.83" CC="30"/>
						<SP ID="P57_SP00155" HPOS="1108" VPOS="2985" WIDTH="35"/>
						<String ID="P57_ST00187" HPOS="1143" VPOS="2933" WIDTH="115" HEIGHT="48" CONTENT="dieu" WC="0.98" CC="0605"/>
						<SP ID="P57_SP00156" HPOS="1258" VPOS="2985" WIDTH="32"/>
						<String ID="P57_ST00188" HPOS="1290" VPOS="2931" WIDTH="183" HEIGHT="64" CONTENT="qu'elle" WC="0.99" CC="0500420"/>
						<SP ID="P57_SP00157" HPOS="1473" VPOS="2995" WIDTH="34"/>
						<String ID="P57_ST00189" HPOS="1507" VPOS="2933" WIDTH="130" HEIGHT="48" CONTENT="aime" WC="0.99" CC="0030"/>
						<SP ID="P57_SP00158" HPOS="1637" VPOS="2995" WIDTH="35"/>
						<String ID="P57_ST00190" HPOS="1672" VPOS="2945" WIDTH="154" HEIGHT="35" CONTENT="encor" WC="0.84" CC="00042"/>
						<SP ID="P57_SP00159" HPOS="1826" VPOS="2995" WIDTH="18"/>
						<String ID="P57_ST00191" HPOS="1844" VPOS="2944" WIDTH="11" HEIGHT="42" CONTENT=";" WC="0.47" CC="5"/>
					</TextLine>
					<TextLine ID="P57_TL00033" HPOS="382" VPOS="3074" WIDTH="1148" HEIGHT="54">
						<String ID="P57_ST00192" HPOS="382" VPOS="3079" WIDTH="210" HEIGHT="49" CONTENT="Sinistre" WC="0.98" CC="04655620"/>
						<SP ID="P57_SP00160" HPOS="592" VPOS="3128" WIDTH="43"/>
						<String ID="P57_ST00193" HPOS="635" VPOS="3076" WIDTH="259" HEIGHT="48" CONTENT="obsession" WC="0.99" CC="050003370"/>
						<SP ID="P57_SP00161" HPOS="894" VPOS="3128" WIDTH="43"/>
						<String ID="P57_ST00194" HPOS="937" VPOS="3076" WIDTH="85" HEIGHT="46" CONTENT="des" WC="0.98" CC="004"/>
						<SP ID="P57_SP00162" HPOS="1022" VPOS="3128" WIDTH="45"/>
						<String ID="P57_ST00195" HPOS="1067" VPOS="3074" WIDTH="180" HEIGHT="48" CONTENT="fatales" WC="0.99" CC="2070004"/>
						<SP ID="P57_SP00163" HPOS="1247" VPOS="3128" WIDTH="42"/>
						<String ID="P57_ST00196" HPOS="1289" VPOS="3074" WIDTH="241" HEIGHT="53" CONTENT="hantises," WC="1.00" CC="200000020"/>
					</TextLine>
					<TextLine ID="P57_TL00034" HPOS="383" VPOS="3140" WIDTH="1411" HEIGHT="62">
						<String ID="P57_ST00197" HPOS="383" VPOS="3147" WIDTH="193" HEIGHT="47" CONTENT="Efforts" WC="0.99" CC="0337200"/>
						<SP ID="P57_SP00164" HPOS="576" VPOS="3194" WIDTH="38"/>
						<String ID="P57_ST00198" HPOS="614" VPOS="3145" WIDTH="166" HEIGHT="47" CONTENT="tentés" WC="0.98" CC="802700"/>
						<SP ID="P57_SP00165" HPOS="780" VPOS="3194" WIDTH="38"/>
						<String ID="P57_ST00199" HPOS="818" VPOS="3159" WIDTH="62" HEIGHT="31" CONTENT="en" WC="1.00" CC="00"/>
						<SP ID="P57_SP00166" HPOS="880" VPOS="3194" WIDTH="33"/>
						<String ID="P57_ST00200" HPOS="913" VPOS="3142" WIDTH="122" HEIGHT="48" CONTENT="vain" WC="0.98" CC="0090"/>
						<SP ID="P57_SP00167" HPOS="1035" VPOS="3194" WIDTH="35"/>
						<String ID="P57_ST00201" HPOS="1070" VPOS="3142" WIDTH="124" HEIGHT="47" CONTENT="d'un" WC="0.98" CC="0440"/>
						<SP ID="P57_SP00168" HPOS="1194" VPOS="3194" WIDTH="34"/>
						<String ID="P57_ST00202" HPOS="1228" VPOS="3155" WIDTH="215" HEIGHT="47" CONTENT="courage" WC="1.00" CC="0041000"/>
						<SP ID="P57_SP00169" HPOS="1443" VPOS="3202" WIDTH="34"/>
						<String ID="P57_ST00203" HPOS="1477" VPOS="3140" WIDTH="317" HEIGHT="62" CONTENT="impuissant," WC="1.00" CC="03010000000"/>
					</TextLine>
					<TextLine ID="P57_TL00035" HPOS="381" VPOS="3207" WIDTH="1407" HEIGHT="69">
						<String ID="P57_ST00204" HPOS="381" VPOS="3213" WIDTH="109" HEIGHT="52" CONTENT="Soif" WC="0.96" CC="7245"/>
						<SP ID="P57_SP00170" HPOS="490" VPOS="3265" WIDTH="30"/>
						<String ID="P57_ST00205" HPOS="520" VPOS="3216" WIDTH="63" HEIGHT="46" CONTENT="de" WC="1.00" CC="00"/>
						<SP ID="P57_SP00171" HPOS="583" VPOS="3265" WIDTH="29"/>
						<String ID="P57_ST00206" HPOS="612" VPOS="3229" WIDTH="189" HEIGHT="47" CONTENT="vagues" WC="1.00" CC="000500"/>
						<SP ID="P57_SP00172" HPOS="801" VPOS="3276" WIDTH="31"/>
						<String ID="P57_ST00207" HPOS="832" VPOS="3211" WIDTH="254" HEIGHT="49" CONTENT="bonheurs" WC="0.98" CC="99060530"/>
						<SP ID="P57_SP00173" HPOS="1086" VPOS="3276" WIDTH="31"/>
						<String ID="P57_ST00208" HPOS="1117" VPOS="3213" WIDTH="52" HEIGHT="45" CONTENT="et" WC="1.00" CC="00"/>
						<SP ID="P57_SP00174" HPOS="1169" VPOS="3276" WIDTH="32"/>
						<String ID="P57_ST00209" HPOS="1201" VPOS="3210" WIDTH="257" HEIGHT="47" CONTENT="d'amours" WC="1.00" CC="00070200"/>
						<SP ID="P57_SP00175" HPOS="1458" VPOS="3276" WIDTH="31"/>
						<String ID="P57_ST00210" HPOS="1489" VPOS="3207" WIDTH="299" HEIGHT="63" CONTENT="imprécises," WC="1.00" CC="30000050004"/>
					</TextLine>
					<TextLine ID="P57_TL00036" HPOS="380" VPOS="3276" WIDTH="1150" HEIGHT="66">
						<String ID="P57_ST00211" HPOS="380" VPOS="3282" WIDTH="174" HEIGHT="49" CONTENT="Océan" WC="0.99" CC="00901"/>
						<SP ID="P57_SP00176" HPOS="554" VPOS="3331" WIDTH="34"/>
						<String ID="P57_ST00212" HPOS="588" VPOS="3279" WIDTH="317" HEIGHT="63" CONTENT="nostalgique" WC="0.99" CC="88800500060"/>
						<SP ID="P57_SP00177" HPOS="905" VPOS="3342" WIDTH="36"/>
						<String ID="P57_ST00213" HPOS="941" VPOS="3293" WIDTH="63" HEIGHT="32" CONTENT="au" WC="0.72" CC="05"/>
						<SP ID="P57_SP00178" HPOS="1004" VPOS="3342" WIDTH="35"/>
						<String ID="P57_ST00214" HPOS="1039" VPOS="3278" WIDTH="94" HEIGHT="47" CONTENT="flot" WC="1.00" CC="0010"/>
						<SP ID="P57_SP00179" HPOS="1133" VPOS="3342" WIDTH="35"/>
						<String ID="P57_ST00215" HPOS="1168" VPOS="3276" WIDTH="329" HEIGHT="48" CONTENT="envahissant" WC="0.99" CC="00015450070"/>
						<SP ID="P57_SP00180" HPOS="1497" VPOS="3342" WIDTH="23"/>
						<String ID="P57_ST00216" HPOS="1520" VPOS="3290" WIDTH="10" HEIGHT="40" CONTENT=";" WC="0.54" CC="4"/>
					</TextLine>
					<TextLine ID="P57_TL00037" HPOS="373" VPOS="3418" WIDTH="1279" HEIGHT="62">
						<String ID="P57_ST00217" HPOS="373" VPOS="3425" WIDTH="194" HEIGHT="49" CONTENT='"Tristes' WC="1.00" CC="70000100"/>
						<SP ID="P57_SP00181" HPOS="567" VPOS="3474" WIDTH="68"/>
						<String ID="P57_ST00218" HPOS="635" VPOS="3424" WIDTH="253" HEIGHT="54" CONTENT="effusions," WC="0.99" CC="0335032004"/>
						<String ID="P57_ST00219" HPOS="899" VPOS="3434" WIDTH="5" HEIGHT="21" CONTENT="1" STYLE="superscript" WC="0.54" CC="4"/>
						<SP ID="P57_SP00182" HPOS="904" VPOS="3478" WIDTH="52"/>
						<String ID="P57_ST00220" HPOS="956" VPOS="3420" WIDTH="333" HEIGHT="49" CONTENT="tremblantes" WC="1.00" CC="03000507000"/>
						<SP ID="P57_SP00183" HPOS="1289" VPOS="3478" WIDTH="67"/>
						<String ID="P57_ST00221" HPOS="1356" VPOS="3418" WIDTH="296" HEIGHT="62" CONTENT="allégresses," WC="1.00" CC="042006000001"/>
					</TextLine>
					<TextLine ID="P57_TL00038" HPOS="373" VPOS="3486" WIDTH="1284" HEIGHT="64">
						<String ID="P57_ST00222" HPOS="373" VPOS="3495" WIDTH="87" HEIGHT="47" CONTENT="'Où" WC="0.97" CC="420"/>
						<SP ID="P57_SP00184" HPOS="460" VPOS="3542" WIDTH="29"/>
						<String ID="P57_ST00223" HPOS="489" VPOS="3494" WIDTH="104" HEIGHT="47" CONTENT="l'on" WC="0.98" CC="0060"/>
						<SP ID="P57_SP00185" HPOS="593" VPOS="3542" WIDTH="29"/>
						<String ID="P57_ST00224" HPOS="622" VPOS="3491" WIDTH="180" HEIGHT="49" CONTENT="devine" WC="1.00" CC="000040"/>
						<SP ID="P57_SP00186" HPOS="802" VPOS="3542" WIDTH="30"/>
						<String ID="P57_ST00225" HPOS="832" VPOS="3504" WIDTH="151" HEIGHT="33" CONTENT="encor" WC="0.98" CC="00001"/>
						<SP ID="P57_SP00187" HPOS="983" VPOS="3542" WIDTH="28"/>
						<String ID="P57_ST00226" HPOS="1011" VPOS="3489" WIDTH="86" HEIGHT="47" CONTENT="des" WC="1.00" CC="000"/>
						<SP ID="P57_SP00188" HPOS="1097" VPOS="3542" WIDTH="28"/>
						<String ID="P57_ST00227" HPOS="1125" VPOS="3486" WIDTH="225" HEIGHT="64" CONTENT="sanglots" WC="0.99" CC="02007300"/>
						<SP ID="P57_SP00189" HPOS="1350" VPOS="3550" WIDTH="28"/>
						<String ID="P57_ST00228" HPOS="1378" VPOS="3489" WIDTH="247" HEIGHT="44" CONTENT="contenus" WC="0.99" CC="05000060"/>
						<SP ID="P57_SP00190" HPOS="1625" VPOS="3550" WIDTH="23"/>
						<String ID="P57_ST00229" HPOS="1648" VPOS="3499" WIDTH="9" HEIGHT="41" CONTENT=";" WC="1.00" CC="0"/>
					</TextLine>
					<TextLine ID="P57_TL00039" HPOS="381" VPOS="3552" WIDTH="1408" HEIGHT="72">
						<String ID="P57_ST00230" HPOS="381" VPOS="3563" WIDTH="305" HEIGHT="61" CONTENT="Transports" WC="1.00" CC="0100003300"/>
						<SP ID="P57_SP00191" HPOS="686" VPOS="3624" WIDTH="62"/>
						<String ID="P57_ST00231" HPOS="748" VPOS="3558" WIDTH="306" HEIGHT="48" CONTENT="exubérants" WC="1.00" CC="0050340200"/>
						<SP ID="P57_SP00192" HPOS="1054" VPOS="3624" WIDTH="62"/>
						<String ID="P57_ST00232" HPOS="1116" VPOS="3552" WIDTH="315" HEIGHT="51" CONTENT="d'indicibles" WC="1.00" CC="006000000001"/>
						<SP ID="P57_SP00193" HPOS="1431" VPOS="3624" WIDTH="62"/>
						<String ID="P57_ST00233" HPOS="1493" VPOS="3552" WIDTH="296" HEIGHT="55" CONTENT="tendresses," WC="1.00" CC="00000010004"/>
					</TextLine>
					<TextLine ID="P57_TL00040" HPOS="373" VPOS="3622" WIDTH="1116" HEIGHT="64">
						<String ID="P57_ST00234" HPOS="373" VPOS="3627" WIDTH="207" HEIGHT="49" CONTENT="'Sourire" WC="0.99" CC="41650000"/>
						<SP ID="P57_SP00194" HPOS="580" VPOS="3676" WIDTH="41"/>
						<String ID="P57_ST00235" HPOS="621" VPOS="3625" WIDTH="181" HEIGHT="49" CONTENT="sidéral" WC="0.99" CC="0401400"/>
						<SP ID="P57_SP00195" HPOS="802" VPOS="3676" WIDTH="41"/>
						<String ID="P57_ST00236" HPOS="843" VPOS="3624" WIDTH="328" HEIGHT="62" CONTENT="d'archanges" WC="1.00" CC="04010520000"/>
						<SP ID="P57_SP00196" HPOS="1171" VPOS="3686" WIDTH="42"/>
						<String ID="P57_ST00237" HPOS="1213" VPOS="3622" WIDTH="245" HEIGHT="52" CONTENT="inconnus" WC="0.98" CC="80790660"/>
						<SP ID="P57_SP00197" HPOS="1458" VPOS="3686" WIDTH="23"/>
						<String ID="P57_ST00238" HPOS="1481" VPOS="3635" WIDTH="8" HEIGHT="41" CONTENT=";" WC="1.00" CC="0"/>
					</TextLine>
				</TextBlock>
			</PrintSpace>
		</Page>
	</Layout>
</alto>
