2624 4084
2216 271 95 64 657

979 279 268 37 CAUSERIE
1284 281 272 38 MUSICALE

225 443 74 37 en
329 425 363 60 eux-mêmes
721 432 59 49 et
811 428 71 56 de
912 430 274 56 ressentir
1213 433 454 71 spontanément
1696 432 53 55 le
1780 432 172 67 beau,
1981 432 327 73 invoquent

222 503 60 56 la
318 504 291 57 tradition
649 523 148 55 pour
835 525 61 37 se
934 508 249 72 justifier
1224 513 70 54 de
1332 512 126 55 leur
1496 512 327 72 incapacité
1867 513 69 54 de
1976 512 198 55 vibrer
2201 513 12 54 !
2259 514 49 55 O

223 584 290 56 tradition
541 586 10 54 !
595 604 115 54 que
752 589 71 53 de
862 589 215 57 bêtises
1116 592 257 54 n'a-t-on
1409 611 107 53 pas
1555 593 152 56 dites
1745 598 59 51 et
1845 593 206 56 écrites
2090 612 74 37 en
2201 598 107 52 ton

223 683 142 38 nom
391 666 10 54 !
443 666 80 54 Et
560 672 136 49 tout
734 668 268 70 d'abord,
1040 672 287 55 sachez-le
1362 673 155 67 bien,
1554 673 41 53 il
1630 692 73 37 ne
1738 679 144 66 peut
1935 691 41 54 y
2018 673 167 56 avoir
2235 693 72 36 en

225 745 269 73 musique
526 748 71 54 de
625 746 289 59 tradition
943 750 223 69 stricte,
1197 771 78 36 au
1303 771 131 36 sens
1464 771 113 54 que
1616 755 263 54 donnent
1911 755 36 52 à
1976 772 62 37 ce
2070 759 126 50 mot
2225 754 82 56 les

226 824 344 57 dilettantes
614 828 148 54 dont
805 847 148 38 vous
998 844 91 45 me
1133 832 213 71 parlez,
1392 832 355 55 c'est-à-dire
1794 835 101 54 des
1936 834 183 71 règles
2163 834 143 56 fixes

225 904 534 74 d'interprétation.
795 909 80 55 Le
905 928 132 37 sens
1069 913 174 54 d'une
1275 912 268 72 musique
1572 918 61 49 et
1662 913 57 54 la
1749 919 212 50 nature
1995 915 101 54 des
2127 914 150 56 senti-

223 990 195 55 ments
449 987 210 71 qu'elle
691 989 218 72 dégage
938 990 231 56 varient
1199 1011 73 35 en
1300 990 144 56 effet
1474 992 163 55 selon
1665 993 53 54 le
1749 998 212 66 temps,
1977 994 52 55 le
2042 993 117 57 lieu
2174 999 58 51 et
2248 994 58 56 la

222 1065 417 71 personnalité,
673 1074 60 50 et
764 1068 52 56 le
851 1070 283 56 véritable
1167 1072 204 54 artiste
1403 1072 98 53 n'a
1533 1089 106 54 pas
1671 1072 203 55 besoin
1909 1074 69 55 de
2013 1073 108 54 lois
2155 1092 151 55 pour

223 1148 381 70 comprendre
726 1162 227 47 comme
978 1168 77 37 on
1080 1150 87 56 dit
1191 1150 458 71 improprement
1770 1152 57 54 la
1842 1153 288 71 musique,
2156 1172 149 53 pour

223 1225 59 55 la
318 1225 152 55 vivre
617 1241 227 43 comme
881 1247 147 37 nous
1069 1229 269 56 devrions
1378 1229 139 56 dire.
1559 1229 51 55 Il
1647 1248 58 37 se
1743 1230 146 56 livre
1929 1233 34 53 à
1999 1232 305 57 l'émotion

225 1323 113 53 que
371 1307 218 72 dégage
617 1308 246 56 l'œuvre
893 1310 35 54 à
953 1309 270 55 l'instant
1252 1309 188 61 même
1469 1310 78 54 où
1573 1309 41 53 il
1641 1310 360 73 l'interprète
2052 1318 57 50 et
2141 1313 163 55 selon

222 1384 171 56 l'état
438 1387 448 73 physiologique
929 1390 79 54 où
1050 1389 41 53 il
1134 1407 60 38 se
1235 1394 211 51 trouve
1491 1408 77 37 au
1611 1397 265 51 moment
1921 1392 78 53 où
2042 1392 81 54 les
2168 1411 134 37 sons

223 1467 379 55 envahissent
636 1486 107 36 son
776 1469 344 71 organisme.

338 1547 107 55 Les
468 1548 310 56 musiciens
799 1549 100 71 qui
919 1550 338 72 s'occupent
1280 1550 70 55 de
1369 1549 58 55 la
1444 1549 310 67 tradition,
1778 1550 101 72 qui
1898 1552 402 67 recherchent,

222 1644 150 54 pour
405 1627 57 54 la
496 1628 214 72 copier,
743 1628 58 54 la
835 1628 256 61 manière
1126 1630 145 55 dont
1304 1629 197 56 furent
1534 1629 385 73 interprétées
1952 1630 84 56 les
2072 1648 229 40 œuvres

225 1707 69 54 de
330 1705 155 56 leurs
519 1709 454 70 prédécesseurs,
1009 1714 135 50 sont
1180 1727 148 37 ceux
1364 1709 100 71 qui
1498 1728 73 36 ne
1606 1715 134 49 sont
1775 1728 108 54 pas
1917 1710 277 73 capables
2231 1713 71 55 de

225 1787 237 55 déduire
496 1788 362 60 eux-mêmes
893 1790 71 54 de
997 1788 58 54 la
1087 1788 185 61 forme
1305 1794 60 50 et
1402 1790 70 55 de
1505 1789 57 55 la
1596 1792 210 70 pensée
1842 1790 102 56 des
1980 1808 232 38 œuvres
2244 1792 57 54 la

222 1865 175 71 façon
440 1869 146 53 dont
630 1868 136 56 elles
811 1868 243 57 doivent
1098 1869 121 56 être
1262 1870 306 55 exécutées
1595 1891 14 48 ;
1653 1870 102 72 qui
1799 1889 73 36 ne
1914 1877 237 49 sentent
2194 1889 108 54 pas

221 1947 282 56 s'éveiller
550 1950 456 70 spontanément
1055 1968 78 37 au
1180 1967 168 38 cours
1398 1950 70 55 de
1516 1949 356 56 l'exécution
1919 1950 82 56 les
2051 1950 250 56 facultés

221 2025 396 73 d'expression
672 2034 58 49 et
788 2028 531 56 d'extériorisation
1374 2047 114 53 que
1543 2029 58 55 la
1656 2029 487 73 compréhension
2201 2032 100 54 des

221 2107 350 56 sentiments
604 2108 383 72 inspirateurs
1023 2112 70 53 de
1129 2127 91 38 ces
1257 2126 229 39 œuvres
1521 2109 125 56 doit
1680 2109 142 57 faire
1848 2110 191 55 naître
2056 2130 74 35 en
2163 2130 134 36 eux.

223 2187 50 53 Il
307 2206 72 35 ne
414 2187 131 56 faut
580 2207 107 53 pas
721 2188 224 56 oublier
979 2207 114 53 que
1125 2189 58 55 la
1218 2189 268 73 musique
1519 2194 90 51 est
1643 2210 81 35 un
1759 2196 92 48 art
1889 2192 72 54 de
1996 2190 304 56 vibration

221 2270 59 53 et
331 2268 70 55 de
451 2274 379 50 mouvement
880 2269 100 71 qui
1028 2270 197 59 émeut
1274 2287 119 38 non
1440 2269 322 56 seulement
1813 2276 168 49 notre
2030 2288 268 49 cerveau,

221 2347 147 54 mais
400 2353 167 51 notre
600 2348 121 56 être
750 2354 137 50 tout
919 2349 187 55 entier
1136 2354 60 51 et
1228 2368 113 54 que
1500 2367 113 55 que
1644 2368 148 37 nous
1822 2350 54 55 le
1923 2349 267 56 voulions
2222 2368 78 38 ou

221 2444 119 37 non
482 2433 135 50 tout
642 2434 168 50 notre
835 2450 23 29 «
881 2429 324 61 sensorium
1229 2451 22 28 »
1274 2447 60 38 se
1360 2436 209 48 trouve
1594 2430 236 55 ébranlé
1854 2448 108 54 par
1985 2430 53 55 le
2063 2430 235 72 rythme

222 2508 100 55 des
353 2507 348 56 vibrations.
738 2509 50 54 Il
819 2509 184 55 existe
1037 2511 101 54 des
1169 2527 139 55 gens
1341 2511 146 55 dont
1517 2508 54 57 le
1604 2509 353 61 mécanisme
1990 2509 187 56 visuel
2207 2516 90 49 est

221 2587 301 71 imparfait
545 2593 58 50 et
626 2588 101 72 qui
769 2606 149 53 pour
940 2594 154 50 cette
1117 2607 172 37 cause
1310 2608 73 36 ne
1404 2588 286 72 jouissent
1713 2607 107 53 pas
1841 2588 456 72 complètement

222 2668 70 55 de
320 2667 58 54 la
406 2667 215 56 beauté
654 2669 99 55 des
783 2668 201 56 choses
1017 2687 140 37 vues
1183 2690 13 48 ;
1225 2668 41 55 il
1295 2688 71 36 en
1394 2674 89 50 est
1515 2669 259 55 d'autres
1806 2668 101 74 qui
1936 2674 136 50 sont
2103 2668 195 72 privés

222 2748 70 55 de
335 2747 57 54 la
434 2747 329 71 jouissance
809 2749 99 55 des
951 2751 264 69 rythmes
1257 2766 253 51 sonores,
1554 2749 169 71 grâce
1769 2751 35 52 à
1845 2747 452 73 l'imperfection

222 2828 70 55 de
331 2825 155 58 leurs
524 2827 249 56 facultés
813 2828 375 56 sensorielles.
1232 2829 100 66 Or,
1373 2828 91 55 s'il
1502 2828 184 55 existe
1727 2829 100 55 des
1867 2827 311 56 musiciens
2217 2846 78 37 au

219 2908 431 70 tempérament
678 2907 47 54 si
753 2926 115 52 peu
895 2908 239 56 vibrant
1161 2914 59 50 et
1248 2926 120 37 aux
1394 2907 290 56 réactions
1710 2907 49 54 si
1785 2926 116 53 peu
1928 2907 165 56 vives
2122 2907 174 71 qu'ils

222 2984 262 73 doivent,
514 3006 149 53 pour
712 2987 217 56 arriver
980 2989 36 52 à
1061 2989 59 52 la
1169 2988 185 55 vérité
1406 2987 530 71 d'interprétation,
1989 2985 195 63 imiter
2211 2987 84 56 les

219 3073 409 53 mouvements
659 3067 369 56 réalisateurs
1061 3069 70 54 de
1163 3068 152 55 leurs
1348 3067 281 68 ancêtres,
1662 3067 222 56 n'est-il
1914 3085 108 53 pas
2055 3065 238 56 évident

219 3147 219 71 qu'une
471 3147 110 54 fois
614 3147 327 72 renseignés
975 3147 488 72 historiquement
1497 3165 98 36 sur
1628 3163 94 38 ces
1756 3152 432 61 mouvements,
2223 3146 72 55 ils

218 3227 81 54 les
343 3228 420 55 dénatureront
804 3246 114 37 une
960 3227 109 54 lois
1111 3227 171 72 qu'ils
1324 3228 298 53 voudront
1661 3227 82 54 les
1785 3227 353 71 reproduire,
2183 3245 110 54 par

221 3325 254 54 manque
528 3308 70 55 de
649 3308 430 71 tempérament
1130 3313 58 50 et
1242 3306 446 72 d'imagination
1740 3307 350 56 réalisatrice
2121 3312 24 49 ?
2196 3325 99 36 car

219 3386 341 60 l'imitation
589 3393 89 50 est
707 3406 114 37 une
852 3389 246 54 seconde
1130 3387 277 56 création.

332 3467 51 53 A
411 3467 81 56 les
522 3469 299 68 entendre,
851 3467 52 56 le
932 3467 259 57 virtuose
1220 3467 101 72 qui
1348 3466 318 73 interprète
1698 3468 164 53 Bach
1915 3467 123 56 doit
2070 3466 225 57 oublier

219 3565 115 53 que
367 3547 57 54 la
459 3547 266 72 musique
749 3553 88 50 est
863 3566 80 37 un
969 3553 92 50 art
1079 3547 228 67 vivant,
1327 3547 354 56 c'est-à-dire
1698 3567 81 36 un
1796 3553 90 50 art
1906 3547 71 54 de
1994 3551 299 50 contraste
