2624 4084
804 281 206 38 LECERF
1044 284 71 35 DE
1151 285 66 34 LA
1251 272 247 47 VIÉVILLE

2093 272 93 59 643

113 437 59 50 et
212 429 213 72 Grétry
461 431 125 54 s'en
625 448 215 53 moque
879 434 433 70 agréablement
1349 434 262 72 lorsqu'il
1649 439 242 51 raconte
1931 450 90 39 ses
2059 452 96 53 pre-

115 510 169 56 miers
320 510 178 55 essais
536 510 71 55 de
644 513 390 70 composition
1070 515 277 59 musicale
1383 533 97 38 sur
1522 517 100 54 des
1658 519 194 51 textes
1889 514 255 71 français
2172 536 10 33 :

115 612 20 28 «
162 589 382 71 J'employais
567 595 199 50 toutes
789 591 84 55 les
896 594 258 70 voyelles
1176 613 148 52 pour
1348 594 143 56 faire
1519 597 101 54 des
1644 594 287 56 roulades.
1961 593 192 72 J'igno-

116 670 110 55 rais
263 668 145 72 qu'il
445 669 171 55 fallût
654 673 272 54 attendre
963 691 113 38 une
1112 675 222 66 chaîne,
1375 693 78 36 un
1490 675 113 68 vol,
1644 692 81 37 un
1764 692 234 53 ramage
2036 692 150 53 pour

115 753 87 68 s'y
247 749 174 57 livrer
466 771 41 34 ».

226 828 148 56 Mais
411 847 75 38 en
522 845 224 44 somme
783 831 86 54 La
907 831 243 60 Viéville
1188 835 176 71 goûte
1401 852 116 53 peu
1554 834 83 56 les
1676 834 281 56 vocalises
1997 834 189 58 même

116 928 95 37 sur
233 909 84 57 les
341 915 157 52 mots
522 911 320 67 consacrés,
870 910 42 56 il
935 913 83 56 les
1041 915 198 68 tolère,
1268 914 148 56 mais
1439 934 74 36 ne
1536 914 84 56 les
1643 914 269 56 conseille
1936 932 108 54 pas
2068 933 117 36 aux

117 990 308 55 musiciens
466 990 72 55 de
577 1005 107 39 son
722 995 213 66 temps.
980 993 153 56 Pour
1173 993 301 59 émouvoir
1512 993 40 54 il
1592 993 131 56 faut
1762 1012 302 52 composer
2104 1013 81 36 un

115 1072 179 53 chant
333 1070 208 70 simple
578 1074 61 51 et
661 1089 23 30 «
710 1072 239 54 coulant
969 1094 22 28 »
1029 1074 238 55 suivant
1292 1079 370 51 exactement
1700 1074 82 56 les
1819 1074 366 56 intonations

117 1150 70 55 de
214 1148 57 56 la
301 1149 411 56 déclamation.
746 1150 51 54 Il
823 1169 75 38 ne
925 1152 131 54 faut
1084 1169 108 54 pas
1218 1152 264 57 craindre
1513 1153 359 70 d'employer
1899 1153 286 71 plusieurs

115 1229 109 55 fois
249 1229 83 57 les
357 1230 220 56 mêmes
602 1234 312 52 tournures
940 1232 358 71 mélodiques
1324 1232 49 54 si
1399 1233 120 53 l'on
1546 1251 72 36 ne
1645 1238 142 66 peut
1822 1233 143 56 faire
1993 1239 160 50 autre-

116 1314 160 50 ment
318 1326 137 38 sans
498 1310 275 55 s'écarter
809 1312 73 53 de
916 1310 58 55 la
1010 1317 226 49 nature.
1269 1331 23 29 «
1320 1310 173 71 Lully
1529 1329 34 36 a
1598 1329 74 37 eu
1705 1312 193 54 raison
1935 1313 71 54 de
2040 1312 144 55 faire

115 1388 283 71 plusieurs
426 1390 281 55 cadences
732 1395 61 50 et
818 1389 287 72 plusieurs
1131 1390 202 55 finales
1362 1392 70 54 de
1458 1407 91 39 ses
1576 1389 130 71 airs,
1738 1390 155 54 aussi
1918 1392 266 59 uniment

113 1474 59 50 et
223 1468 155 54 aussi
427 1469 371 70 simplement
849 1470 185 70 qu'un
1082 1470 282 55 musicien
1414 1472 72 53 de
1535 1469 278 70 province
1858 1470 84 56 les
1992 1472 192 53 aurait

115 1549 137 53 faits
298 1554 59 50 et
393 1549 72 55 de
505 1548 83 56 les
632 1550 227 69 répéter
891 1548 261 71 lorsqu'il
1183 1568 73 36 en
1289 1567 35 35 a
1357 1567 72 37 eu
1461 1548 203 56 besoin
1719 1567 134 37 sans
1886 1567 60 38 se
1979 1552 205 69 piquer

115 1630 70 55 de
212 1629 241 53 variété.
472 1629 83 53 La
569 1629 223 55 variété
821 1629 175 55 serait
1023 1629 59 53 là
1108 1628 294 57 blâmable
1434 1630 139 68 (i)...
1606 1649 23 28 »
1656 1649 23 30 «
1711 1628 300 72 Quinault,
2030 1630 154 56 dit-il

113 1726 221 52 encore,
371 1728 36 36 a
441 1710 191 54 donné
666 1715 132 49 cent
831 1708 110 54 fois
974 1709 35 53 à
1041 1709 174 71 Lully
1265 1709 84 56 les
1381 1709 220 56 mêmes
1632 1708 347 56 sentiments
2011 1715 60 50 et
2101 1709 83 56 les

113 1789 218 58 mêmes
360 1793 216 51 termes
607 1790 36 51 à
675 1794 213 50 mettre
919 1807 73 37 en
1024 1789 198 53 chant.
1258 1789 49 53 Il
1338 1789 152 55 n'est
1521 1806 106 52 pas
1670 1788 253 70 possible
1969 1789 145 71 qu'il
2144 1808 40 52 y

115 1868 81 56 ait
226 1873 134 49 cent
389 1868 286 54 manières
705 1869 71 53 de
803 1868 83 54 les
914 1884 41 54 y
983 1873 215 49 mettre
1227 1868 325 71 également
1582 1868 224 53 bonnes
1822 1873 58 49 et
1897 1867 119 55 l'on
2040 1874 142 50 veut

113 1953 280 66 pourtant
437 1966 112 52 que
591 1947 173 71 Lully
807 1947 288 55 diversifie
1140 1954 133 48 cent
1314 1947 111 54 fois
1466 1964 98 37 sur
1596 1947 83 54 les
1709 1947 217 55 mêmes
1956 1948 228 71 paroles

112 2046 89 38 ses
234 2029 113 53 airs
379 2034 60 48 et
473 2046 107 36 son
611 2028 257 56 récitatif
893 2028 10 53 !
944 2028 51 53 Il
1027 2029 162 55 avait
1221 2028 173 54 tâché
1429 2028 71 54 de
1532 2028 249 70 prendre
1810 2027 59 54 la
1902 2028 279 70 première

113 2109 108 53 fois
249 2109 56 53 la
334 2109 294 55 meilleure
656 2108 336 72 expression
1020 2114 60 50 et
1109 2108 132 72 puis
1269 2107 41 54 il
1338 2108 139 56 s'est
1507 2107 152 55 servi
1691 2108 100 54 des
1819 2108 363 70 expressions

112 2188 81 56 les
218 2188 132 71 plus
378 2188 430 71 approchantes
835 2189 71 55 de
930 2188 57 53 la
1011 2188 212 67 bonne,
1254 2187 146 55 mais
1424 2187 199 69 lorsqu
1648 2187 38 53 il
1714 2204 34 36 a
1775 2187 151 55 senti
1952 2206 115 53 que
2092 2206 89 36 ses

112 2267 361 72 expressions
515 2284 75 40 ne
632 2268 323 71 pouvaient
1001 2268 123 56 être
1168 2267 298 55 nouvelles
1510 2283 136 38 sans
1691 2265 122 57 être
1856 2265 325 74 impropres

112 2366 75 36 ou
220 2349 236 67 forcées,
493 2349 41 53 il
567 2349 98 53 n'a
699 2367 70 37 su
802 2367 61 38 se
897 2349 272 55 résoudre
1204 2350 35 52 à
1272 2348 378 54 abandonner
1682 2347 53 54 le
1767 2347 232 55 naturel
2032 2353 59 49 et
2124 2348 57 53 la

112 2428 244 70 justesse
389 2446 149 53 pour
569 2428 59 54 la
660 2429 335 56 nouveauté
1048 2433 60 51 et
1141 2428 42 53 il
1215 2447 35 35 a
1282 2427 199 57 mieux
1521 2425 151 56 aimé
1719 2425 189 56 varier
1938 2444 82 36 un
2067 2444 114 54 peu

113 2507 185 55 moins
327 2508 82 54 les
437 2514 136 48 tons
602 2526 113 52 que
747 2509 134 53 d'en
908 2508 296 71 employer
1237 2508 70 54 de
1338 2507 303 53 méchants
1674 2508 78 66 (2)
1786 2527 39 33 ».
1858 2505 93 55 On
1982 2524 165 37 recon-

113 2588 122 53 naît
276 2588 72 53 ici
386 2589 59 54 la
483 2589 211 70 pensée
736 2589 71 55 de
846 2588 244 56 Boileau
1119 2608 10 33 :
1174 2620 21 28 «

120 2673 225 50 souvent
638 2672 209 70 qu'une
1126 2669 119 54 voie
770 2700 39 28 ».

223 2748 152 55 C'est
404 2750 148 54 donc
581 2750 145 54 dans
750 2748 57 55 la
834 2748 191 55 fusion
1051 2747 252 72 parfaite
1331 2748 70 53 de
1427 2745 57 54 la
1523 2744 192 71 poésie
1742 2752 58 48 et
1843 2747 73 54 de
1954 2745 58 54 la
2051 2763 85 40 mu-

115 2825 157 73 sique
296 2846 113 53 que
445 2828 85 53 La
559 2828 243 55 Viéville
840 2827 107 56 fait
987 2827 277 56 consister
1301 2824 375 73 l'expression
1712 2824 291 56 musicale.
2034 2824 147 55 Mais

115 2908 175 67 qu'on
328 2927 74 37 ne
435 2909 89 70 s'y
554 2914 231 65 trompe
818 2926 123 53 pas,
968 2908 384 71 l'impression
1375 2904 275 57 ressentie
1682 2922 107 53 par
1820 2905 84 54 La
1937 2904 241 56 Viéville

115 2993 85 48 est
242 2988 186 55 moins
470 2988 277 57 musicale
789 3007 114 53 que
943 2988 299 55 littéraire.
1288 2987 132 54 Une
1462 2984 267 69 mélodie,
1772 2984 189 70 quelle
2003 2985 177 70 qu'en

115 3068 109 53 soit
249 3069 56 52 la
329 3069 215 55 beauté
569 3068 312 71 plastique,
908 3087 74 37 ne
1005 3069 53 55 le
1082 3068 215 55 touche
1321 3083 127 54 pas,
1475 3064 90 55 s'il
1590 3064 135 55 n'en
1753 3065 319 69 comprend
2095 3064 83 56 les

115 3148 236 67 paroles.
384 3148 173 55 Aussi
586 3149 242 54 n'est-ce
858 3164 106 54 pas
992 3147 59 54 la
1079 3147 213 56 beauté
1324 3143 143 74 qu'il
1496 3144 246 55 cherche
1792 3143 149 54 mais
1969 3143 183 56 l'intel-

113 3227 279 71 ligibilité.
425 3229 88 56 De
540 3229 59 54 là
625 3246 92 37 ses
747 3228 278 71 critiques
1055 3228 237 55 acerbes
1321 3228 101 53 des
1447 3224 227 71 paroles
1707 3223 308 56 italiennes
2049 3242 99 37 sou-

119 3313 132 48 vent
285 3313 472 66 extravagantes,
804 3307 209 72 simple
1061 3307 268 71 prétexte
1371 3305 35 54 à
1453 3303 513 71 développements
2004 3303 174 56 mélo-

229 3506 60 47 (i;
322 3504 49 41 T.
408 3504 85 46 111,
530 3516 43 39 p.
614 3516 93 37 129.

232 3565 59 47 (2)
329 3564 51 41 T.
421 3564 61 47 11,
522 3577 45 37 p.
613 3565 92 49 18.5
