2624 4084
464 451 0 0 690

886 386 265 38 BULLETIN
1190 385 262 49 FRANÇAIS
1489 385 71 34 DE
1596 384 66 34 LA
1703 382 39 35 S.
1781 381 33 34 I.
1854 381 54 34 M.

374 552 59 51 et
472 562 106 37 son
617 540 315 69 interprète
973 554 224 36 comme
1238 535 47 53 si
1327 532 377 57 s'éveillaient
1746 548 72 37 en
1859 546 149 38 nous
2050 531 69 53 de
2160 546 105 53 par
2306 527 122 56 leur

374 627 183 70 grâce,
604 623 99 52 des
738 617 344 55 sentiments
1119 620 58 49 et
1214 616 100 53 des
1351 612 236 55 frissons
1624 626 309 39 nouveaux
1961 611 7 52 !
2013 609 151 54 Pour
2199 627 80 35 un
2316 625 113 52 peu

373 705 120 52 l'on
532 698 171 57 dirait
741 712 138 37 avec
924 695 211 53 Gœthe
1167 715 10 30 :
1215 711 22 28 «
1267 693 391 71 Comprendre
1697 691 140 53 c'est
1890 687 186 72 égaler
2103 716 41 28 ».
2178 687 51 53 Il
2257 687 174 53 serait

374 804 73 35 en
499 778 184 56 vérité
739 776 253 67 superflu
1028 775 289 69 d'ajouter
1355 792 113 52 que
1502 775 78 52 M.
1609 769 220 56 Busoni
1863 775 88 49 est
1986 768 57 54 le
2072 767 131 71 plus
2248 768 184 70 grand

374 863 260 54 virtuose
663 874 113 53 que
804 872 148 37 nous
981 871 185 55 ayons
1192 855 259 53 entendu
1482 853 33 52 à
1545 852 163 55 Paris
1735 872 12 46 ;
1777 849 40 53 il
1845 855 89 49 est
1963 848 132 71 plus
2123 853 59 49 et
2212 847 216 67 mieux,

373 942 41 54 il
442 945 87 51 est
557 935 361 71 l'interprète
947 935 153 54 idéal
1129 954 73 35 en
1229 933 192 71 lequel
1450 950 61 38 se
1542 933 143 70 perd
1712 933 167 51 toute
1910 927 334 56 conscience
2276 928 69 54 de
2372 926 59 53 la

376 1016 305 60 difficulté.
716 1015 50 52 Il
795 1031 40 53 y
866 1032 33 35 a
931 1016 146 53 dans
1105 1030 105 39 son
1241 1015 114 69 jeu,
1388 1017 60 51 et
1477 1013 209 70 jusque
1719 1011 146 59 dans
1892 1009 59 51 la
1980 1007 132 72 plus
2170 1003 261 61 extrême

376 1096 305 75 agitation,
731 1111 225 41 comme
1004 1112 82 36 un
1134 1095 164 53 reflet
1350 1093 70 55 de
1469 1090 183 55 calme
1699 1090 296 66 intérieur,
2046 1103 226 42 comme
2319 1103 113 36 une

374 1180 157 53 force
576 1173 441 56 subconsciente
1063 1173 101 71 qui
1210 1173 217 55 semble
1472 1172 197 53 veiller
1714 1170 270 68 toujours
2029 1173 59 49 et
2136 1164 102 73 qui
2282 1166 152 54 n'est

376 1275 133 38 sans
533 1257 178 53 doute
734 1258 167 50 autre
924 1255 171 53 chose
1120 1271 113 52 que
1256 1271 63 36 ce
1345 1253 118 54 don
1484 1248 435 73 incomparable
1944 1250 69 52 de
2034 1247 57 53 la
2114 1262 224 38 mesure
2365 1246 69 53 de

374 1342 135 50 tout
545 1335 143 54 effet
724 1351 106 55 par
866 1340 241 64 rapport
1147 1333 34 52 à
1215 1332 271 53 l'infinité
1525 1332 70 53 de
1632 1347 89 37 ses
1756 1328 295 66 relations,
2076 1331 60 49 et
2174 1344 112 52 que
2315 1324 121 54 l'on

377 1416 223 74 appelle
628 1415 475 58 communément
1130 1415 53 53 le
1213 1434 21 28 «
1257 1413 142 70 goût
1423 1432 40 32 ».

489 1496 51 53 Il
565 1501 89 50 est
684 1496 102 53 des
813 1496 238 53 maîtres
1081 1512 111 52 que
1218 1493 120 55 l'on
1365 1511 72 36 ne
1464 1496 142 67 peut
1633 1490 194 55 imiter
1854 1502 170 57 parce
2053 1505 112 52 que
2192 1486 52 53 le
2272 1483 161 73 génie

374 1596 74 36 ne
470 1577 312 70 s'apprend
804 1591 122 55 pas,
947 1575 149 53 mais
1110 1575 40 52 il
1172 1580 88 48 est
1285 1576 146 52 dans
1450 1572 122 53 leur
1596 1575 92 49 art
1713 1571 99 53 des
1835 1571 198 52 choses
2055 1564 100 73 qui
2178 1570 255 66 peuvent

376 1655 345 71 s'enseigner
753 1658 60 51 et
846 1653 100 70 qui
979 1653 216 65 valent,
1223 1671 146 54 pour
1402 1652 223 52 chacun
1657 1647 555 62 individuellement,
2236 1661 61 37 ce
2321 1662 113 52 que

377 1740 147 49 vaut
556 1752 83 37 un
670 1732 259 73 principe
962 1735 201 68 quand
1194 1733 41 52 il
1267 1737 88 51 est
1387 1732 134 52 bon.
1561 1731 152 52 Pour
1755 1728 100 70 qui
1901 1745 34 34 a
1970 1726 256 54 entendu
2272 1725 162 68 jouer

377 1816 77 53 M.
485 1815 220 53 Busoni
731 1817 295 55 comment
1050 1831 72 36 ne
1148 1830 105 53 pas
1275 1812 145 53 faire
1444 1811 126 52 état
1597 1811 70 52 de
1690 1808 59 54 la
1774 1808 225 54 réserve
2025 1821 140 38 avec
2188 1803 248 71 laquelle

377 1896 41 52 il
456 1911 58 38 se
551 1898 118 51 sert
710 1895 99 53 des
846 1893 235 72 pédales
1120 1896 69 52 de
1228 1910 105 37 son
1369 1892 355 53 instrument
1763 1893 58 50 et
1860 1890 371 53 notamment
2272 1886 71 52 de
2380 1883 57 55 la

378 1973 207 73 pédale
622 1973 149 54 forte
801 1979 22 46 ?
862 1972 84 53 La
983 1972 221 53 variété
1243 1972 100 53 des
1380 1968 282 56 sonorités
1699 1967 103 71 qui
1839 1985 72 35 en
1948 1965 213 54 résulte
2201 1962 236 56 devient

380 2071 105 55 par
514 2053 59 54 la
608 2052 188 70 magie
829 2053 69 53 de
931 2070 89 36 ses
1051 2052 191 70 doigts
1272 2070 80 36 un
1383 2067 270 37 nouveau
1685 2065 213 52 moyen
1931 2043 413 73 d'expression,
2376 2048 60 49 et

380 2151 116 38 non
523 2150 107 55 pas
655 2132 53 55 le
739 2131 259 58 moindre
1030 2132 99 70 qui
1159 2132 130 54 soit.
1309 2131 151 53 Pour
1492 2130 182 53 n'être
1691 2146 112 52 que
1831 2127 123 53 l'un
1986 2126 220 53 d'entre
2232 2141 129 47 eux,
2381 2123 56 70 je

377 2231 71 36 ne
480 2229 89 40 me
599 2208 292 58 dissimule
921 2226 105 55 pas
1042 2211 182 68 qu'un
1241 2208 204 54 artiste
1468 2208 156 54 élevé
1643 2208 33 51 à
1693 2224 104 35 son
1820 2205 172 66 école,
2018 2201 190 56 aurait
2232 2219 205 36 encore

378 2310 80 38 un
485 2292 136 69 long
651 2290 230 54 chemin
910 2291 35 52 à
974 2290 295 71 parcourir
1298 2295 181 48 avant
1510 2306 112 52 que
1653 2287 249 70 d'égaler
1934 2286 52 52 le
2036 2285 224 66 maître,
2291 2281 147 56 mais

377 2372 41 52 il
468 2389 40 52 y
545 2389 35 34 a
617 2376 133 48 tant
788 2371 72 53 de
896 2370 327 71 simplicité,
1271 2373 132 50 tant
1445 2370 70 52 de
1542 2367 229 53 naturel
1812 2371 58 49 et
1907 2370 136 48 tant
2083 2366 69 52 de
2191 2362 246 53 sobriété

381 2453 142 54 dans
551 2451 60 53 la
639 2450 254 54 manière
922 2451 70 53 de
1020 2450 162 70 jouer
1211 2451 69 53 de
1308 2450 76 53 M.
1416 2447 220 55 Busoni
1665 2447 179 70 qu'on
1870 2464 73 35 ne
1971 2443 221 55 saurait
2224 2447 134 66 trop
2384 2442 53 53 le

382 2532 121 55 dire
534 2536 60 48 et
626 2530 49 54 le
714 2531 238 69 répéter.

495 2611 78 53 M.
635 2608 219 55 Busoni
889 2629 34 34 a
968 2610 208 53 trouvé
1219 2614 133 48 tour
1394 2607 35 52 à
1477 2612 136 48 tour
1671 2606 206 71 auprès
1945 2606 79 53 du
2079 2602 197 72 public
2338 2601 100 71 qui

377 2688 317 65 l'écoutait,
738 2687 337 55 l'attention
1125 2686 283 57 recueillie
1450 2691 59 48 et
1547 2685 52 54 le
1648 2685 367 69 témoignage
2061 2682 258 55 éclatant
2366 2682 71 53 de

377 2767 384 74 l'impression
785 2767 282 73 profonde
1093 2770 145 52 dont
1270 2772 134 49 tous
1435 2765 82 56 les
1550 2765 299 54 auditeurs
1878 2763 221 55 étaient
2130 2760 262 73 pénétrés
2422 2780 15 47 ;

378 2851 56 69 je
472 2866 156 37 veux
673 2848 178 54 croire
880 2847 195 55 tandis
1117 2865 112 52 que
1280 2862 147 37 nous
1469 2845 81 54 lui
1595 2846 250 53 rendons
1893 2843 352 70 l'hommage
2295 2842 142 71 qu'il

380 2930 218 66 mérite,
640 2928 142 72 qu'il
816 2930 177 70 garde
1028 2946 73 36 en
1135 2926 297 57 lui-même
1470 2931 58 48 et
1566 2942 118 37 non
1726 2942 136 37 sans
1895 2925 276 67 émotion,
2213 2922 55 56 le
2309 2940 96 37 sou-

378 3008 162 56 venir
569 3010 71 54 de
665 3007 262 55 l'accueil
955 3006 143 72 qu'il
1126 3012 162 65 reçut
1316 3025 63 36 ce
1407 3005 196 56 soir-là
1639 3005 35 52 à
1707 3003 181 55 Paris.

489 3091 81 56 Le
630 3106 367 56 programme
1049 3087 350 71 comportait
1469 3102 73 39 en
1604 3088 166 51 outre
1830 3085 58 53 la
1961 3082 345 73 Symphonie
2367 3101 75 36 en

378 3170 80 56 mi
673 3168 140 55 bémol
814 3170 35 53 de
884 3170 244 66 Mozart,
1181 3167 53 54 le
1296 3167 205 71 poème
1559 3163 427 73 symphonique
2051 3163 57 54 la

392 3250 299 54 d'Hercule
729 3250 71 53 de
849 3250 395 65 Saint-Saëns,
1294 3266 82 35 un
1429 3245 210 57 double
1695 3246 200 52 chœur
1943 3261 135 38 sans
2138 3260 266 53 accompa-

380 3335 274 65 gnement
703 3330 71 53 de
821 3329 343 67 Palestrina,
2058 3326 159 53 l'Ave
1657 3326 70 53 de
1766 3325 225 53 Mozart
2042 3329 60 50 et
2144 3323 52 54 le
2248 3326 191 51 verset

383 3411 70 53 de
487 3410 409 54 Mendelssohn
1556 3410 90 52 Tu
1858 3425 54 37 es
2094 3409 218 52 Petrus.
1516 3405 329 54 Exécution
1909 3403 533 73 particulièrement

380 3489 406 71 remarquable
820 3490 70 53 de
921 3489 57 53 la
1651 3486 346 71 Symphonie
1390 3486 72 53 de
1506 3485 245 67 Mozart,
1787 3501 227 41 comme
2058 3501 78 36 on
2179 3501 74 36 ne
2296 3485 145 68 peut

383 3570 327 53 l'entendre
736 3569 138 69 qu'à
896 3567 58 55 la
976 3566 224 56 Société
1224 3566 98 53 des
1351 3567 292 54 Concerts.

1717 3644 272 52 Edmmond
2027 3644 262 52 Maurat.
