2624 4084
974 383 263 38 BULLETIN
1275 382 254 49 I-RANÇAIS
1567 382 70 34 DE
1673 381 63 35 LA
1774 381 41 35 S.
1853 378 32 36 I.
1923 378 56 36 M.

520 428 0 0 680

441 538 204 66 vraies,
691 541 58 49 et
795 534 74 54 où
913 532 122 54 leur
1082 548 184 54 corps,
1312 547 107 53 par
1467 529 264 66 surcroît,
1778 525 422 56 s'embarrasse.
2251 522 49 53 Il
2343 522 148 54 n'est

440 617 322 71 cependant
799 628 104 55 pas
940 609 236 55 malaisé
1213 611 69 53 de
1321 611 208 54 danser
1564 627 81 36 un
1680 611 235 50 menuet
1951 623 76 36 ou
2061 621 113 37 une
2211 605 239 68 gavotte
2478 623 10 33 :

438 696 52 54 le
518 698 179 51 secret
728 693 68 53 de
823 708 94 37 ces
944 707 105 53 pas
1076 689 138 55 s'est
1242 688 276 55 transmis
1544 687 234 72 jusqu'à
1802 702 165 37 nous.
1998 680 146 58 Mais
2168 682 42 52 il
2235 680 253 55 faudrait

441 791 143 56 pour
610 772 120 54 cela
753 788 112 36 une
889 771 156 66 robe,
1070 773 59 50 et
1153 768 154 55 aussi
1329 786 81 35 un
1434 767 265 54 cavalier.
1727 767 83 52 La
1833 762 236 73 pénurie
2094 763 98 53 des
2219 762 272 53 danseurs

438 851 404 75 prouve-t-elle
875 849 52 54 le
962 849 232 71 progrès
1228 867 76 36 ou
1335 848 57 53 la
1426 847 334 71 grossièreté
1796 847 70 53 de
1898 861 106 37 nos
2033 858 215 37 mœurs
2268 844 23 49 ?
2318 840 70 69 Je
2421 858 70 37 ne

438 932 112 54 sais
587 937 152 63 trop,
779 927 144 56 mais
962 931 34 52 à
1035 946 149 53 coup
1221 931 96 52 sûr
1359 927 104 54 elle
1503 932 86 49 est
1627 926 117 54 fort
1783 924 267 71 gênante,
2089 938 96 37 car
2223 919 52 55 le
2312 918 179 55 ballet

440 1009 202 56 ancien
685 1007 194 54 faisait
925 1012 132 67 part
1101 1006 159 72 égale
1306 1023 119 37 aux
1471 1004 154 56 deux
1668 1021 181 49 sexes,
1896 1021 76 35 au
2013 1000 118 55 lieu
2177 1000 69 53 de
2289 998 200 69 n'être,

438 1107 223 37 comme
685 1088 52 55 le
762 1087 184 68 nôtre,
965 1087 214 71 qu'une
1204 1084 328 74 exposition
1558 1087 70 53 de
1654 1086 207 68 jarrets
1886 1079 287 56 féminins.
2193 1079 79 54 Le
2296 1077 196 72 public

437 1171 78 53 l'a
549 1168 47 55 si
629 1167 134 54 bien
799 1166 249 71 compris
1085 1185 110 52 que
1228 1166 210 54 l'autre
1473 1164 113 55 soir
1621 1164 40 52 il
1694 1163 98 55 n'a
1825 1162 109 53 fait
1971 1180 80 35 un
2084 1159 196 55 succès
2317 1157 175 71 qu'au

435 1247 212 57 second
677 1246 81 54 air
793 1244 97 57 des
921 1246 289 68 Matelots,
1246 1246 177 54 dansé
1454 1262 71 37 en
1556 1261 103 54 pas
1691 1243 71 55 de
1793 1243 169 53 deux.

551 1658 167 54 Boris
762 1658 296 54 Godounov
1101 1661 99 49 eut
1244 1675 80 35 un
1365 1660 121 49 sort
1532 1653 289 69 différent,
1866 1652 146 55 mais
2055 1668 118 37 non
2215 1667 105 55 pas
2364 1648 127 71 plus

441 1740 273 53 heureux.
734 1736 592 68 Rimski-Korsakow,
1345 1735 99 69 qui
1461 1735 189 54 rendit
1674 1736 33 51 à
1722 1729 389 73 Moussorgski
2125 1728 366 56 l'indéniable

442 1817 216 56 service
696 1818 69 54 de
799 1816 188 54 revoir
1021 1834 106 35 son
1161 1815 439 67 orchestration,
1638 1832 33 35 a
1708 1831 101 37 cru
1845 1811 199 56 devoir
2079 1809 155 56 aussi
2270 1826 183 37 accom-

443 1896 199 56 moder
700 1896 293 70 l'ouvrage
1054 1914 117 35 aux
1228 1900 245 49 recettes
1534 1895 80 53 du
1673 1892 176 55 vieux
1906 1892 248 53 théâtre.
2218 1889 271 70 Croyant,

443 1977 228 70 d'après
697 1975 52 55 le
779 1975 156 68 titre,
954 1992 110 54 que
1092 1975 52 53 le
1174 1978 123 49 tsar
1326 1972 302 55 meurtrier
1659 1991 71 36 en
1759 1971 146 54 était
1934 1971 52 54 le
2017 1971 185 66 héros,
2225 1968 41 54 il
2296 1986 35 36 a
2359 1968 132 70 jugé

441 2057 118 52 bon
589 2056 69 53 de
687 2053 130 55 finir
845 2071 95 37 sur
967 2055 57 52 la
1053 2057 152 50 mort
1238 2053 78 54 du
1345 2051 300 71 coupable,
1677 2056 57 48 et
1765 2069 33 35 a
1828 2067 133 36 sans
1988 2048 174 70 façon
2188 2046 303 56 interverti

441 2135 207 53 l'ordre
681 2135 99 53 des
810 2133 153 55 deux
995 2131 249 56 derniers
1274 2131 293 54 tableaux.
1589 2131 76 53 Or
1682 2128 388 71 Moussorgski
2102 2126 161 56 avait
2294 2126 195 67 voulu,

443 2230 223 38 comme
701 2212 41 53 il
775 2212 53 55 le
868 2212 85 55 dit
988 2212 313 66 lui-même,
1339 2210 174 54 écrire
1550 2229 80 35 un
1668 2211 197 53 drame
1903 2230 21 28 «
1961 2207 299 72 populaire
2298 2227 39 32 ».
2376 2207 115 53 Son

442 2293 186 68 héros,
653 2292 140 55 c'est
816 2290 55 54 la
897 2291 204 53 Russie
1125 2290 205 67 même,
1357 2291 247 70 groupée
1628 2293 211 50 autour
1865 2290 69 53 de
1960 2287 275 71 quelques
2260 2302 197 55 person-

442 2390 174 53 nages
658 2373 70 54 de
767 2371 244 71 premier
1050 2370 139 72 plan
1230 2370 177 71 qu'on
1447 2387 71 36 ne
1558 2373 141 66 peut
1743 2368 271 55 détacher
2058 2368 68 54 de
2167 2366 122 56 leur
2329 2364 159 55 fond.

442 2450 186 68 Boris,
655 2450 54 54 le
737 2448 258 56 criminel
1024 2450 284 69 généreux
1336 2453 59 49 et
1426 2447 226 55 maudit
1684 2447 99 71 qui
1814 2466 70 36 ne
1915 2451 141 66 peut
2086 2444 142 55 faire
2256 2444 52 54 le
2337 2443 151 67 bien,

442 2530 328 67 Chouiskoï,
793 2528 53 55 le
869 2527 174 56 vieux
1066 2526 292 56 courtisan
1382 2526 306 56 cauteleux
1710 2532 58 48 et
1790 2527 266 70 toujours
2078 2526 129 71 prêt
2233 2526 34 52 à
2286 2522 202 67 trahir,

442 2608 264 71 Grigorii,
723 2608 51 55 le
791 2607 190 56 moine
1010 2606 348 68 aventurier,
1390 2606 207 68 Xénia,
1626 2606 56 54 la
1710 2606 182 71 petite
1920 2606 305 71 princesse,
2256 2603 233 55 victime

441 2688 305 55 innocente
786 2687 101 71 qui
926 2687 194 71 pleure
1152 2704 104 36 son
1296 2686 181 53 fiancé
1505 2706 13 47 ;
1548 2704 80 35 un
1668 2704 114 52 peu
1823 2684 129 72 plus
1990 2684 139 68 loin,
2163 2681 326 56 l'annaliste

442 2767 253 69 Pimène,
724 2766 220 72 intègre
974 2784 223 36 comme
1222 2766 53 54 le
1303 2764 297 72 jugement
1632 2766 70 53 de
1731 2763 169 69 Dieu,
1928 2766 57 52 la
2013 2763 189 55 vieille
2228 2759 261 58 nourrice

441 2852 58 50 et
536 2865 65 35 sa
635 2847 295 55 tendresse
967 2843 316 69 enfantine,
1320 2845 81 53 les
1439 2843 220 55 moines
1696 2845 349 67 mendiants,
2083 2843 81 55 les
2201 2841 288 72 seigneurs

440 2945 69 37 en
544 2927 137 55 robe
714 2927 380 66 chamarrées,
1129 2925 268 53 méfiants
1431 2928 59 50 et
1524 2922 308 70 séditieux,
1867 2925 130 69 plus
2030 2922 119 55 loin
2182 2938 222 50 encore,
2439 2918 50 55 le

438 3006 207 72 peuple
687 3007 35 53 à
761 3024 229 53 genoux
1028 3022 133 37 sous
1199 3005 57 53 la
1296 3003 331 55 hallebarde
1669 3002 99 56 des
1807 3008 277 66 sergents,
2126 3001 225 57 esclave
2392 2998 99 73 qui

438 3086 262 70 sanglote
744 3091 59 49 et
850 3086 209 53 attend
1103 3102 80 36 un
1226 3099 247 38 sauveur
1495 3101 10 34 :
1542 3082 81 53 tel
1668 3087 87 50 est
1798 3083 54 54 le
1899 3088 165 49 vaste
2107 3081 240 54 tableau
2392 3077 97 74 qui

438 3166 306 54 s'ordonne
769 3185 71 35 en
863 3184 111 35 une
998 3162 357 74 perspective
1379 3162 182 55 serrée
1585 3180 222 38 comme
1832 3163 135 55 celle
1986 3163 172 54 d'une
2172 3158 315 74 tapisserie.

440 3245 78 53 Et
555 3245 229 69 lorsque
822 3243 165 55 Boris
1025 3261 34 37 a
1095 3242 306 56 succombé
1439 3242 34 52 à
1509 3259 105 36 son
1650 3243 277 68 remords,
1966 3242 297 71 lorsqu'on
2296 3239 79 54 l'a
2412 3255 79 37 vu

440 3323 215 54 mourir
686 3341 71 37 en
788 3323 297 73 suppliant
1117 3322 151 55 Dieu
1298 3321 338 70 d'épargner
1666 3339 88 36 ses
1785 3322 251 67 enfants,
2066 3321 58 54 la
2153 3319 157 73 pièce
2341 3318 148 54 n'est

438 3421 106 52 pas
577 3402 296 70 terminée,
909 3402 244 72 puisque
1188 3419 146 36 nous
1368 3419 71 35 ne
1473 3417 214 37 savons
1720 3419 106 53 pas
1861 3420 62 35 ce
1960 3399 141 73 qu'il
2136 3398 239 56 advient
2413 3397 76 55 du

438 3482 210 71 peuple
676 3502 11 33 :
716 3482 141 55 c'est
885 3481 286 73 pourquoi
1199 3499 76 36 on
1301 3496 147 38 nous
1473 3480 52 53 le
1553 3485 247 63 montre,
1832 3482 143 53 dans
2004 3486 153 49 cette
2183 3478 131 73 pâle
2341 3476 147 56 forêt

440 3562 69 53 de
542 3562 309 70 bouleaux,
878 3563 246 54 acharné
1158 3566 200 49 contre
1390 3560 53 54 le
1476 3558 262 73 seigneur
1772 3561 142 71 qu'il
1948 3580 35 34 a
2014 3560 110 54 fait
2152 3557 336 75 prisonnier,

438 3640 231 55 soulevé
702 3659 105 54 par
838 3642 82 55 les
953 3641 238 70 moines,
1216 3640 396 68 tumultueux,
1646 3638 293 70 farouche,
1962 3640 143 68 naïf,
2139 3643 58 51 et
2233 3637 152 72 dupé
2421 3636 68 54 de
