2624 4084
899 327 190 47 POÉSIE
1130 340 66 34 ET
1232 340 246 45 MUSIQUE

2126 328 97 60 669

141 484 275 67 Rameau,
457 484 175 67 Bach,
674 485 235 69 Haydn,
952 487 210 72 Grétry,
1204 489 241 69 Mozart,
1674 489 311 68 Rousseau,
2022 489 199 69 Gluck,

141 563 213 71 Rouget
410 563 64 55 de
527 563 175 70 Lisle,
758 564 325 71 Beethoven,
1140 568 225 69 Méhul,
1426 568 206 70 Weber,
1689 568 240 69 Berlioz,
1985 568 234 70 Hérold,

141 643 350 70 Schumann,
566 645 428 70 Mendelssohn,
1059 649 283 69 Schubert,
1413 649 169 69 Liszt,
1656 649 249 54 Richard
1977 649 244 71 Wagner

157 724 107 69 (La
474 723 335 72 Tétralogie,
1253 724 233 56 Tristan
1813 732 47 49 et
2017 729 207 69 Yseult,

141 803 416 72 Compositeurs
654 805 315 72 d'opérette,
1051 809 242 71 Chopin,
1382 809 259 68 Rossini,
1721 809 336 70 Meyerbeer,
2142 809 82 54 les

150 884 164 70 petits
594 882 226 57 maîtres
1189 885 63 54 de
1459 887 34 52 V
1502 888 464 74 opéra-comique,

138 963 247 55 Italiens
439 965 64 54 de
542 967 201 53 second
797 968 174 65 ordre,
1023 969 270 54 Edouard
1333 969 162 69 Lalo,
1540 971 110 52 Léo
1699 969 244 69 Delibes,
1985 971 232 69 Georges

138 1043 177 70 Bizet,
382 1046 293 54 Ambroise
744 1048 262 67 Thomas,
1067 1049 261 69 Brahms,
1399 1049 187 68 Verdi,
1655 1049 358 66 Rubinstein,
2048 1051 174 54 César

138 1124 247 69 Franck,
428 1126 589 55 Rimski-Korsakow.
1224 1129 79 54 ll.
1349 1131 254 53 FORMES
1642 1145 76 39 ET
1764 1129 409 68 TECHNIQUES
2201 1155 10 33 :

159 1203 77 55 les
423 1206 184 52 modes
908 1223 148 54 grecs
1307 1212 48 48 et
1512 1208 49 52 le
1693 1208 381 71 plain-chant,

157 1284 56 54 la
311 1286 194 69 fugue,
757 1286 350 69 l'harmonie,
1516 1288 56 53 la
1676 1289 258 70 musique

142 1363 56 53 la
228 1366 350 69 symphonie,
614 1366 47 53 le
692 1368 188 52 drame
914 1368 236 71 lyrique.
1288 1368 113 52 lll.
1434 1367 160 53 Voix
1624 1382 81 38 DE
1737 1368 432 55 L'ORCHESTRE
2199 1390 11 33 :

151 1442 51 54 le
336 1444 120 70 chef
656 1446 342 66 d'orchestre,
1450 1447 56 53 la
1646 1447 125 53 voix
1980 1447 244 53 humaine

147 1526 205 68 cordes,
628 1526 49 53 le
815 1527 207 68 violon,
1331 1526 175 69 l'alto,
1778 1527 48 53 le
1957 1526 267 57 violoncel

148 1604 276 69 d'amour,
772 1606 47 53 le
952 1606 264 68 clavecin,
1550 1606 50 54 le
1708 1607 196 70 piano,
2212 1607 12 52 l

147 1691 177 48 ments
580 1688 34 51 à
729 1692 122 48 vent
1050 1705 69 35 en
1266 1687 136 68 bois,
1627 1687 56 53 la
1839 1687 150 68 flûte,

147 1764 220 70 basson,
658 1766 48 53 le
839 1767 403 68 contrebasson,
1700 1764 61 56 la
1877 1767 301 68 clarinette,

146 1851 176 47 ments
570 1847 64 52 de
764 1847 201 68 cuivre,
1242 1847 47 53 le
1403 1865 107 50 cor,
1690 1847 56 53 la
1865 1852 303 66 trompette,

138 1923 99 55 IV.
280 1926 196 54 VARIA
503 1947 10 33 :
1007 1928 104 52 Les
1330 1928 190 52 chants
1829 1927 349 71 populaires,

146 2022 129 37 mon
480 2004 206 56 violon.

1027 2126 90 49 Tel
1274 2139 67 37 est
1482 2128 56 45 de
1656 2143 72 32 ses
1881 2131 211 45 travaux

1571 2237 210 36 GEORGES
1806 2237 301 37 COURTELINE.

250 2383 93 54 On
376 2382 266 55 aimerait
677 2383 152 70 déjà,
863 2401 226 42 comme
1121 2383 343 57 l'Ouvreuse
1493 2384 54 56 le
1582 2384 342 60 demandait
1957 2402 146 53 pour
2133 2384 87 55 les

137 2481 226 38 œuvres
400 2464 68 53 de
503 2464 77 53 M.
607 2463 302 54 Théodore
942 2463 244 68 Dubois,
1211 2462 127 55 voir
1373 2463 35 53 à
1443 2483 78 36 un
1552 2465 82 55 tel
1667 2464 145 55 livre
1840 2482 226 41 comme
2098 2463 89 72 épi-

134 2545 235 70 graphe,
397 2561 63 36 ce
485 2561 131 36 vers
656 2544 70 53 de
768 2540 395 57 Mademoislle
1199 2543 228 56 Andrée
1457 2544 227 55 Corthis
1700 2566 13 33 :

623 2703 244 54 Sérénité
890 2703 76 53 du
989 2703 103 53 bon
1119 2703 188 53 labeur
1327 2704 381 71 impersonnel
1727 2704 25 55 !

246 2863 620 68 Incontestablement,
904 2863 42 53 il
994 2881 40 53 y
1078 2882 36 35 a
1159 2864 248 71 quelque
1446 2864 171 55 chose
1657 2865 69 54 de
1773 2864 118 53 très
1957 2862 259 72 plaisant

133 2945 145 54 dans
330 2943 359 71 l'entreprise
730 2944 69 53 de
838 2940 76 56 M.
950 2943 247 71 Allorge,
1220 2961 146 53 pour
1396 2943 54 54 le
1482 2943 204 72 simple
1719 2943 254 54 curieux.
2009 2942 198 55 Ecrire

133 3042 80 37 un
239 3024 205 71 poème
471 3039 98 39 sur
593 3022 52 54 le
672 3023 434 67 contrebasson,
1134 3023 122 55 cela
1280 3027 89 51 est
1403 3039 145 52 rare,
1576 3022 122 56 cela
1722 3041 74 37 ne
1822 3039 253 54 manque
2100 3038 108 55 pas

133 3104 70 55 de
269 3102 292 56 fantaisie.

247 3183 276 71 J'oserais
555 3180 119 58 dire
706 3182 142 71 qu'il
877 3201 40 52 y
945 3201 35 35 a
1007 3183 145 55 dans
1169 3183 54 55 le
1252 3182 234 61 volume
1512 3184 70 54 de
1604 3179 76 57 M.
1703 3182 228 71 Allorge
1962 3180 250 74 quelque

132 3265 171 54 chose
336 3263 101 74 qui
467 3264 255 70 répugne
753 3267 136 49 tout
929 3262 383 61 directement
1364 3281 76 35 au
1493 3264 143 69 goût
1681 3260 267 72 français.
1984 3260 58 56 Si
2092 3262 119 54 l'on

132 3348 100 51 eût
260 3344 247 71 apporté
532 3362 81 36 un
637 3342 224 72 plâtras
888 3340 69 56 de
985 3359 63 37 ce
1074 3359 172 55 genre
1272 3343 35 53 à
1332 3339 272 64 Madame
1632 3343 68 53 de
1730 3342 318 56 Rochefort
2075 3359 76 37 ou
2177 3343 34 53 à

133 3424 212 71 Sophie
373 3423 283 69 Arnould,
682 3419 76 57 M.
786 3422 230 72 Allorge
1042 3441 73 37 ne
1142 3422 233 54 l'aurait
1403 3439 106 54 pas
1537 3441 72 35 eu
1624 3423 120 52 très
1770 3422 165 56 belle.
1957 3422 77 53 Et
2062 3438 153 38 vous

136 3504 241 55 devinez
418 3503 397 71 l'épigramme
860 3502 99 72 qui
999 3502 83 54 lui
1122 3504 101 54 eût
1265 3503 91 53 été
1399 3503 233 55 assénée
1674 3519 105 54 par
1824 3502 193 56 Piron.
2064 3500 147 56 Mais

132 3584 174 69 enfin,
343 3583 275 71 puisqu'il
651 3588 89 48 est
776 3583 259 55 entendu
1067 3583 179 71 qu'au
1274 3597 87 38 xx
1361 3593 22 24 e
1408 3580 186 72 siècle,
1614 3601 72 37 en
1714 3582 240 68 France,
1973 3580 122 56 l'on
2122 3586 88 50 est
