2624 4084
465 409 92 63 694

977 410 260 37 BULLETIN
1275 407 262 47 FRANÇAIS
1571 407 70 33 DE
1677 407 65 33 LA
1781 407 39 33 S.
1858 407 33 33 I.
1931 408 52 32 M.

578 564 90 52 On
713 579 34 35 a
789 558 131 70 jugé
965 560 150 50 cette
1161 553 367 70 supériorité;
1576 551 244 55 certains
1865 551 163 53 n'ont
2074 550 175 54 voulu
2294 568 39 51 y
2378 550 123 55 voir

471 643 209 70 qu'une
727 659 20 27 «
771 634 294 69 discipline
1089 653 38 32 ».
1176 633 151 52 C'est
1372 649 113 36 une
1532 630 237 70 opinion
1814 630 145 52 osée.
2009 629 211 67 Certes,
2267 628 230 69 l'ordre,

470 723 56 51 la
572 734 237 47 mesure,
858 711 316 70 l'équilibre
1222 715 319 65 paraissent
1590 708 407 71 appréciables,
2030 713 58 48 et
2134 708 58 53 la
2239 706 258 56 moindre

473 799 166 52 chose
682 811 145 53 pour
873 808 104 37 nos
1021 791 243 64 chœurs,
1313 789 35 52 à
1391 805 162 50 nous,
1602 793 174 48 serait
1821 805 72 35 en
1937 785 290 55 cultivant
2272 785 196 55 l'obéis-

471 892 167 37 sance
685 874 70 51 de
803 869 229 55 vaincre
1077 887 113 35 une
1268 866 106 54 fois
1420 884 145 52 pour
1612 871 193 49 toutes
1844 864 400 70 l'indiscipline
2305 869 59 49 et
2412 865 81 53 les

469 951 306 55 habitudes
805 948 232 54 frivoles
1068 953 197 48 contre
1298 946 135 70 quoi
1463 964 59 36 se
1552 946 202 54 heurte
1785 945 57 53 la
1876 943 283 55 meilleure
2195 943 296 54 direction.

469 1030 353 71 Cependant,
849 1028 183 53 même
1065 1025 280 71 suprême,
1379 1025 56 52 la
1457 1025 197 53 valeur
1687 1021 306 70 technique
2026 1023 140 52 d'un
2208 1023 284 53 ensemble

469 1110 95 54 n'a
595 1105 204 73 jamais
828 1106 92 52 été
950 1105 56 52 la
1038 1122 166 36 cause
1235 1103 282 54 efficiente
1550 1104 70 52 de
1649 1101 313 68 l'émotion,
1997 1099 99 71 qui
2129 1119 33 34 a
2194 1118 62 35 sa
2291 1118 200 37 source

469 1205 115 39 Ben
629 1189 141 51 dans
811 1184 82 53 les
935 1183 136 53 faits
1115 1184 69 53 de
1225 1181 412 70 l'intelligence,
1683 1180 145 53 mais
1872 1181 142 54 dans
2055 1179 79 53 les
2177 1180 151 52 états
2413 1181 75 52 du

470 1265 328 56 sentiment.
852 1264 202 68 Qu'est
1101 1261 291 55 l'autorité
1446 1261 138 55 d'un
1637 1259 126 56 chef
1825 1259 292 70 imposant
2155 1258 58 53 la
2266 1278 22 28 «
2326 1258 135 54 disci-

470 1345 153 70 pline
644 1374 22 28 »
696 1349 23 47 ?
766 1360 112 36 une
922 1341 136 54 base
1108 1340 289 55 d'entente
1443 1339 230 66 morale,
1711 1358 112 34 une
1868 1339 213 52 chance
2115 1338 68 53 de
2230 1336 152 55 força
2429 1343 59 49 et

471 1421 308 73 d'aplomb.
836 1421 149 54 C'est
1048 1438 112 37 une
1228 1418 266 72 question
1559 1418 492 66 d'entraînement,
2105 1421 58 49 et
2229 1416 139 54 c'est
2427 1433 62 38 ce

471 1519 108 54 que
614 1501 117 52 l'on
755 1518 31 34 a
822 1499 176 53 voulu
1035 1499 116 53 dire
1174 1515 71 37 en
1280 1501 249 50 vantant
1565 1496 58 54 la
1656 1495 228 56 docilité
1908 1496 77 52 du
2022 1495 207 52 Chœur
2266 1495 186 56 d'Ams-

470 1583 241 54 terdam.
758 1579 96 66 Or,
898 1594 62 37 sa
1004 1576 264 55 cohésion
1308 1581 87 50 est
1437 1576 129 70 plus
1607 1575 220 67 intime,
1871 1574 131 70 plus
2041 1574 304 68 profonde,
2385 1574 103 54 elle

471 1664 86 49 est
612 1656 309 71 spirituelle
974 1661 59 49 et
1089 1658 233 68 dépasse
1376 1660 193 50 toutes
1633 1655 80 53 les
1781 1651 358 57 discussions.
2200 1651 287 69 Instruits,

471 1743 196 62 certes,
697 1736 81 54 les
808 1734 337 56 Hollandais
1172 1735 51 55 le
1254 1739 129 48 sont
1410 1754 13 46 ;
1453 1733 67 54 ils
1551 1739 102 49 ont
1680 1734 58 53 la
1767 1733 216 53 science
2012 1735 58 50 et
2100 1730 391 70 l'expérience,

470 1818 52 53 le
558 1815 307 55 sentiment
903 1815 70 52 de
1006 1814 57 53 la
1098 1813 295 68 situation,
1434 1815 78 52 du
1547 1818 123 52 mot
1707 1816 59 50 et
1804 1813 68 52 de
1907 1810 55 53 la
1999 1814 158 62 note,
2190 1815 58 48 et
2290 1809 199 70 jugent

473 1898 362 54 exactement
856 1893 122 52 leur
998 1893 116 53 rôle
1139 1894 141 52 dans
1301 1891 327 55 l'ensemble
1651 1890 195 53 choral
1870 1912 12 45 ;
1909 1905 140 37 avec
2072 1907 111 35 une
2205 1887 286 70 souplesse

474 1971 331 66 admirable,
851 1970 66 53 il?
963 1975 203 48 savent
1212 1988 58 35 se
1312 1970 142 70 plier
1500 1970 34 51 à
1575 1970 56 52 la
1677 1967 278 55 direction
2012 1966 140 55 d'un
2208 1966 128 54 chef
2393 1966 98 69 qui

473 2055 228 65 compte
738 2047 187 72 parmi
962 2049 81 54 les
1080 2049 129 68 plus
1246 2050 229 67 grands,
1515 2053 59 49 et
1611 2065 72 36 en
1719 2046 256 55 traduire
2012 2061 135 37 sans
2197 2044 176 56 effort
2411 2045 78 53 les

473 2128 315 55 intentions
812 2149 14 47 ;
873 2128 68 52 ils
987 2128 424 53 reconnaissent
1456 2128 56 52 la
1557 2126 149 70 règle
1752 2130 58 50 et
1856 2124 292 54 l'autorité
2173 2145 13 46 ;
2235 2124 144 53 mais
2425 2124 66 53 ils

474 2206 523 71 s'impressionnent
1052 2206 35 52 à
1138 2206 257 68 l'œuvre,
1449 2206 57 52 la
1560 2209 336 62 ressentent,
1951 2204 56 52 la
2060 2209 429 65 comprennent,

471 2288 56 50 la
546 2285 219 66 vivent,
789 2289 75 62 et,
882 2284 87 53 s'il
990 2284 125 53 faut
1138 2284 335 54 n'entendre
1494 2282 58 55 ni
1573 2282 346 66 l'allemand,
1937 2299 62 37 ce
2021 2281 99 70 qui
2141 2288 88 48 est
2248 2281 243 67 naturel,

471 2365 60 53 ni
572 2365 57 52 la
671 2362 279 70 musique,
995 2380 61 36 ce
1099 2362 99 70 qui
1240 2362 127 55 l'est
1410 2362 202 68 moins,
1655 2379 145 52 pour
1840 2361 389 70 n'apercevoir
2272 2378 219 35 aucune

474 2446 99 51 des
615 2441 248 70 qualités
903 2440 315 71 précieuses
1260 2442 98 53 des
1401 2439 340 56 Hollandais
1895 2439 154 71 large
2093 2437 398 68 déclamation,

473 2520 365 55 articulation
877 2524 177 62 nette,
1095 2524 235 49 entente
1368 2521 99 52 des
1503 2519 233 70 longues
1776 2522 58 50 et
1876 2519 103 53 des
2009 2519 221 66 brèves,
2271 2534 221 37 comme

474 2602 77 51 du
591 2599 147 70 style
780 2600 67 52 de
885 2599 56 52 la
981 2597 241 58 mélodie
1264 2600 68 52 de
1372 2599 178 66 Bach,
1589 2601 135 50 tout
1762 2615 72 36 en
1872 2614 268 49 nuances,
2182 2615 73 36 en
2293 2595 104 53 liés
2435 2601 56 48 et

474 2677 283 68 détachés,
812 2676 330 70 gradations
1212 2681 60 48 et
1343 2676 445 57 fléchissements
1985 2681 59 48 et
2108 2675 299 54 s'associer
2459 2676 33 51 à

470 2755 588 70 l'incompréhensible
1095 2754 243 69 critique
1376 2756 67 53 de
1477 2755 122 53 leur
1635 2754 286 69 plastique
1960 2756 76 53 du
2073 2754 194 54 choral
2302 2760 57 48 et
2398 2755 94 53 des

471 2835 290 67 vocalises,
800 2834 41 52 il
879 2834 126 54 faut
1045 2834 117 54 être
1200 2834 390 53 obstinément
1628 2832 178 55 fermé
1846 2835 34 51 à
1917 2834 236 53 l'action
2190 2832 303 54 intérieure

473 2920 57 48 et
572 2912 293 71 mystique
906 2915 68 53 de
1015 2912 57 54 la
1762 2914 242 52 Passion
1512 2916 58 50 et
1612 2911 262 55 combien
1915 2912 55 69 je
2011 2912 52 54 le
2107 2912 229 70 déplore
2362 2912 9 51 !

471 3010 144 53 pour
657 2992 221 54 n'avoir
920 2997 256 63 entrevu,
1219 2992 53 54 le
1315 2991 111 55 soir
1471 2992 77 54 du
1590 2990 399 70 Mardi-Saint,
2031 2992 212 69 qu'une
2286 3011 21 28 «
2332 2990 134 54 disci-

471 3071 152 70 pline
647 3091 39 47 »,
718 3088 132 35 sans
880 3070 160 53 saisir
1071 3088 62 36 ce
1185 3071 229 69 rythme
1459 3070 190 57 d'âme
1693 3069 302 54 dominant
2037 3070 207 54 l'ordre
2290 3070 170 68 majes-

470 3156 182 47 tueux
696 3151 98 52 des
832 3150 235 53 Chœurs
1105 3150 428 54 d'Amsterdam
1578 3151 58 51 et
1672 3147 100 70 qui
1805 3147 66 55 fit
1907 3149 52 54 le
2003 3149 229 54 miracle
2272 3151 71 52 de
2376 3149 120 53 leur

471 3227 332 71 perfection.

582 3307 162 54 Cette
779 3306 369 58 communion
1183 3323 148 38 nous
1366 3307 254 69 dépasse,
1656 3323 224 38 comme
1917 3324 91 37 ses
2040 3307 288 54 résultats.
2369 3307 128 68 J'en

471 3386 238 55 cherche
737 3386 81 53 les
846 3403 215 52 causes,
1092 3391 64 50 et
1181 3386 58 69 je
1269 3403 91 40 me
1390 3386 194 52 résous
1614 3386 35 51 à
1675 3385 84 53 les
1786 3390 236 49 trouver
2055 3389 144 52 dans
2227 3386 52 55 le
2309 3385 188 54 savoir

473 3470 58 47 et
577 3464 56 53 la
681 3464 326 54 conviction
1056 3466 69 52 de
1172 3465 309 53 chanteurs
1529 3462 225 55 sérieux
1801 3469 60 48 et
1909 3464 262 68 cultivés,
2221 3465 98 70 qui
2368 3469 129 48 sont

475 3545 98 52 des
617 3542 319 69 musiciens,
985 3549 248 64 prenant
1280 3544 35 52 à
1362 3560 158 36 cœur
1566 3542 123 55 leur
1736 3547 108 61 art,
1872 3544 82 54 les
2003 3561 226 37 œuvres
2275 3549 58 49 et
2379 3545 119 52 leur

471 3621 326 56 obéissance
824 3622 34 52 à
880 3641 79 36 un
985 3622 128 55 chef
1138 3640 111 53 que
1274 3639 146 53 pour
1448 3639 94 37 ma
1567 3626 134 66 part
1740 3621 56 70 je
1833 3621 148 56 tiens
2020 3641 146 52 pour
2190 3643 80 34 un
2296 3624 202 53 maître
