2624 4084
272 999 885 109 CAUSERIE
1284 1004 897 107 MUSICALE

929 1428 87 53 La
1052 1427 431 53 Trrradition

790 1609 178 53 Lettre
1216 1613 215 49 ouverte
1715 1607 33 54 à
1852 1607 150 54 Mlle

479 1770 96 53 Ma
612 1769 168 54 chère
814 1769 181 67 élève,

287 1891 163 54 Vous
494 1889 310 60 m'écrivez
849 1889 146 73 qu'il
1038 1897 89 48 est
1171 1891 121 53 fort
1336 1889 309 56 téméraire
1697 1891 70 54 de
1811 1891 59 53 la
1913 1896 136 66 part
2096 1891 175 56 d'une

174 1971 174 71 jeune
396 1971 116 56 fille
562 1972 321 70 d'envoyer
931 1990 114 37 une
1091 1971 174 54 lettre
1315 1972 35 52 à
1396 1988 107 37 son
1550 1969 332 73 professeur
1928 1990 74 37 en
2047 1971 223 71 pleines

174 2068 290 39 vacances
503 2053 70 54 de
614 2052 229 71 Pâques
880 2057 59 50 et
979 2052 290 71 d'espérer
1303 2051 259 56 recevoir
1602 2053 69 54 de
1710 2051 83 54 lui
1829 2070 116 37 une
1981 2052 245 71 réponse
2256 2074 14 48 ;

175 2131 145 72 qu'il
346 2131 127 57 doit
495 2150 41 53 y
556 2131 167 54 avoir
743 2137 197 66 temps
960 2150 150 53 pour
1130 2137 158 62 tout;
1312 2131 219 71 qu'une
1552 2131 111 54 fois
1684 2131 83 56 les
1791 2131 211 56 classes
2023 2131 247 61 fermées

174 2218 60 50 et
258 2212 52 56 le
334 2231 173 53 repos
531 2212 218 56 officiel
772 2212 96 56 bel
892 2220 58 47 et
978 2213 246 55 dûment
1251 2212 244 67 déclaré,
1523 2213 142 55 c'est
1691 2230 252 53 presque
1967 2231 83 37 un
2075 2230 98 37 cas
2199 2214 71 55 de

175 2292 282 55 rébellion
483 2311 150 53 pour
661 2312 114 36 une
802 2292 161 56 élève
991 2292 358 55 musicienne
1377 2310 113 53 que
1520 2293 70 55 de
1616 2310 209 53 penser
1856 2293 34 52 à
1915 2292 59 55 la
2000 2292 271 72 musique

177 2378 58 50 et
280 2378 237 50 surtout
564 2375 70 53 de
677 2372 145 56 faire
866 2380 136 64 part
1049 2375 70 53 de
1162 2391 90 37 ses
1293 2372 377 72 impressions
1713 2373 35 54 à
1790 2390 109 38 son
1942 2372 213 60 maître
2201 2375 70 54 de

177 2453 216 73 solfège
431 2455 101 71 qui
570 2474 35 34 a
642 2455 52 54 le
734 2455 155 54 droit
927 2461 60 48 et
1024 2453 449 73 probablement
1511 2453 214 56 l'envie
1764 2455 70 54 de
1872 2471 64 38 se
1974 2471 296 55 reposer...

179 2555 22 28 «
226 2533 149 55 Mais
499 2535 412 71 ajoutez-vous
1033 2552 148 37 vous
1205 2551 182 37 venez
1414 2535 348 71 d'éprouver
1788 2535 70 54 de
1882 2533 168 55 telles
2074 2551 165 37 sensa-

178 2615 157 55 tions
374 2615 342 71 artistiques
755 2635 76 35 au
869 2634 167 36 cours
1077 2616 142 54 d'un
1255 2616 199 53 récent
1494 2621 255 62 concert,
1787 2615 135 72 puis
1961 2616 71 54 de
2070 2632 200 54 passer

178 2714 108 53 par
318 2697 70 53 de
417 2695 113 55 tels
565 2696 413 54 étonnements
1009 2696 34 53 à
1071 2695 312 55 l'audition
1415 2696 70 54 de
1515 2695 285 54 certaines
1830 2693 441 56 conversations

179 2776 102 71 qui
334 2776 54 54 le
442 2775 306 68 suivirent,
804 2794 114 53 que
972 2794 150 36 vous
1177 2776 122 54 êtes
1351 2781 172 49 toute
1578 2781 59 49 et
1698 2775 572 59 irrémédiablement

181 2879 21 26 «
221 2857 173 55 chose
415 2877 22 30 »
455 2862 58 50 et
534 2875 114 53 que
667 2862 169 50 votre
852 2862 197 66 temps
1070 2858 69 54 de
1158 2874 287 36 vacances
1463 2874 239 36 menace
1724 2857 69 55 de
1812 2874 60 36 se
1887 2855 384 55 transformer

179 2957 75 36 en
292 2956 83 37 un
412 2943 197 65 temps
649 2938 71 55 de
761 2937 385 60 méditations
1185 2936 295 56 forcenées
1519 2942 60 48 et
1621 2937 71 55 de
1730 2935 321 72 fatigantes
2089 2935 182 55 luttes

181 3017 323 56 cérébrales
530 3017 47 53 si
602 3034 149 38 vous
776 3036 73 36 ne
874 3035 93 37 me
993 3017 220 55 confiez
1237 3034 108 53 pas
1369 3034 108 36 vos
1504 3017 209 53 doutes
1738 3021 60 49 et
1824 3015 315 55 n'obtenez
2162 3032 109 54 pas

182 3098 71 56 de
294 3097 120 56 moi
456 3098 100 55 des
596 3097 518 59 éclaircissements
1142 3098 75 52 !...
1245 3097 194 59 «Tout
1480 3114 63 36 ce
1581 3095 362 72 préambule,
1970 3112 98 37 ma
2101 3096 170 56 chère

181 3178 182 69 élève,
385 3178 150 55 était
555 3178 137 55 bien
713 3177 226 56 inutile.
964 3178 84 52 La
1070 3177 274 71 question
1365 3194 115 54 que
1500 3194 150 36 vous
1671 3194 92 42 me
1786 3194 175 53 posez
1981 3181 89 49 est
2094 3176 177 56 d'une

182 3261 204 71 portée
413 3258 137 58 telle
578 3277 114 54 que
719 3258 55 72 je
802 3258 301 55 considère
1128 3275 227 42 comme
1381 3276 114 36 une
1522 3257 165 55 faute
1716 3257 71 55 de
1812 3274 98 43 ma
1934 3262 138 66 part
2101 3257 70 56 de
2199 3276 72 37 ne

182 3340 211 54 l'avoir
421 3357 109 55 pas
558 3341 296 71 prévenue
883 3357 77 36 au
990 3356 168 37 cours
1189 3338 70 55 de
1288 3350 123 43 mes
1438 3337 214 70 leçons,
1684 3342 92 50 cet
1804 3337 184 56 hiver.
2019 3338 80 54 Et
2129 3337 142 56 c'est

182 3420 294 72 pourquoi
511 3420 57 71 je
605 3420 376 71 m'empresse
1017 3418 103 72 d'y
1153 3417 140 56 aller
1458 3435 227 42 comme
1720 3434 148 38 vous
1905 3418 151 55 dites
2201 3420 70 53 de

184 3519 98 35 ma
315 3501 187 71 petite
535 3500 167 71 leçon
736 3498 495 74 supplémentaire
1259 3500 10 53 !

299 3582 312 71 Exposons
643 3582 250 55 d'abord
923 3600 73 36 en
1029 3581 155 55 deux
1216 3585 155 51 mots
1401 3580 58 54 la
1490 3578 287 56 situation
1806 3600 10 34 :
