3071 4066
2913 3988 32 24 69

112 103 54 30 Die
189 103 53 29 mit
266 101 153 30 schmaler
441 101 197 32 Kinderhand
661 104 45 29 ihr
729 105 78 32 Kind
830 107 74 31 jetzt

883 157 120 33 wiegen

110 201 68 31 Und
203 202 63 30 sich
292 201 86 31 frühe
404 202 236 38 verschliessen,
665 205 71 29 weh
761 206 163 33 geknickte

688 256 165 30 bestaubte
875 256 129 30 Blumen

110 302 122 30 Weinet

109 351 161 31 Beweinet
290 353 79 28 auch
392 354 47 30 die
461 354 103 30 vielen
586 357 158 32 traurigen
764 357 183 30 kranzlosen

889 408 115 29 Bräute

110 452 99 30 Deren
237 454 151 32 trauriges
414 454 104 34 Haupt
541 456 72 30 kein
639 456 137 31 Schleier
802 458 159 29 bedecken

926 509 78 29 wird

108 552 68 30 Und
204 554 47 28 die
278 555 29 27 in
333 553 85 30 ihren
444 555 149 31 Fenstern
620 558 51 28 auf
698 557 57 30 den
783 559 84 28 toten

678 607 180 34 Bräutigam
882 611 122 27 warten

110 652 123 30 Weinet

108 702 161 34 Beweinet
289 705 50 29 die
362 705 148 31 Wittwen
533 707 55 30 alle

110 753 78 31 Weil
211 754 45 30 ihr
282 757 115 28 dünner
420 755 139 32 Schleier
581 757 95 31 welkt
700 759 60 28 und
782 759 116 33 traurig
922 759 84 29 weht

109 803 69 31 Und
200 806 44 27 sie
265 805 82 35 gehn
368 807 60 30 wie
451 809 48 28 ein
521 806 64 35 Zug
604 816 63 22 von
689 808 127 29 Nonnen
839 810 60 28 und
921 810 29 28 in

629 859 58 28 den
712 858 138 30 bleichen
875 860 129 29 Händen

108 904 106 31 Blasst
235 907 53 28 das
308 905 191 33 Wachslicht
520 907 53 31 der
592 907 192 35 Erinnerung
805 910 60 28 und
886 911 83 29 tränt

754 959 77 30 ohne
857 960 146 30 Unterlaß

108 1004 124 32 Weinet

107 1054 124 34 Weinet
257 1058 77 29 denn
357 1058 81 31 viele
463 1058 117 30 schöne
604 1062 62 27 und
691 1060 60 31 alte
776 1062 131 32 Kirchen

107 1105 68 31 Und
205 1107 79 29 viele
313 1108 79 29 liebe
423 1108 110 30 Städte
564 1110 46 30 die
640 1119 131 21 unseren
801 1112 121 30 Herzen

793 1162 78 30 nahe
897 1171 107 21 waren

108 1207 75 30 Sind
204 1215 97 27 graue
324 1208 276 32 Trümmerhaufen
625 1213 169 33 geworden

108 1256 68 31 Und
204 1258 77 29 auch
309 1260 53 28 der
386 1258 81 33 liebe
492 1261 88 29 Altar
605 1263 30 28 in
663 1270 92 21 unser
783 1263 73 30 aller
882 1263 124 30 Herzen

108 1307 66 30 Daß
196 1310 58 28 wir
275 1309 171 31 Menschen
469 1312 67 29 sind
557 1330 38 3 —
616 1313 68 29 dein
706 1312 119 31 Bruder
849 1316 61 27 und

717 1365 79 28 mein
823 1364 120 30 Bruder
969 1382 37 3 —

106 1408 124 36 Weinet

105 1458 163 33 Beweinet
290 1462 47 29 die
359 1462 96 29 schon
475 1464 98 29 sitzen
593 1463 101 30 hinter
716 1464 231 33 Gartengittern

506 1516 87 26 unter
617 1515 57 30 den
696 1516 156 33 traurigen
874 1516 130 29 Weiden

106 1559 58 33 Mit
186 1561 151 31 bleichem
360 1563 258 31 erschrockenem
643 1564 126 30 Gesicht
794 1566 60 30 und
875 1566 71 30 sehr

627 1617 75 29 weit
726 1624 61 21 von
811 1617 66 29 sich
902 1617 102 29 selber

106 1660 125 32 Weinet

106 1711 124 32 Weinet
258 1714 78 29 denn
360 1723 52 21 am
438 1715 107 33 Rande
570 1716 57 29 der
653 1716 212 31 Landstraßen
893 1719 49 28 bei

448 1766 58 30 den
529 1766 223 32 Grenzsteinen
773 1770 99 28 sitzen
893 1768 113 34 Kinder

106 1813 105 33 Kleine
229 1813 113 33 Kinder
361 1817 29 28 in
408 1817 121 30 dünnen
545 1817 148 30 Tüchlein
713 1820 61 28 und
794 1818 94 30 friern
907 1820 62 28 und

406 1867 65 31 ihre
493 1876 85 21 arme
599 1867 89 31 Hand
710 1869 88 33 preßt
821 1871 47 27 ein
887 1870 119 30 Bündel

106 1914 124 31 Weinet

103 1965 165 31 Beweinet
291 1968 78 29 auch
392 1968 48 31 die
461 1968 101 30 sanfte
583 1968 100 30 kleine
703 1969 93 35 Ziege

107 2015 57 31 Die
183 2017 79 29 hoch
277 2018 29 29 in
326 2018 57 30 den
400 2018 124 34 Bergen
541 2028 59 21 vor
618 2019 139 30 Schreck
774 2021 47 29 ein
838 2020 135 30 Zicklein

580 2071 96 33 gebar
701 2072 55 29 mit
781 2073 80 27 zwei
886 2071 120 34 Köpfen

106 2116 125 32 Weinet

103 2166 127 32 Weinet
252 2171 77 28 denn
345 2177 92 22 wenn
459 2172 54 27 der
532 2170 64 35 Zug
616 2172 54 29 der
689 2172 260 29 Verstümmelten

914 2222 90 30 käme

105 2267 57 31 Nie
186 2270 109 30 würde
322 2279 32 21 er
377 2271 103 29 enden
505 2273 61 28 und
590 2272 175 30 bedeckten
790 2274 45 28 sie
860 2273 84 30 nicht

537 2323 47 30 die
604 2324 256 29 verstümmelten
882 2323 123 30 Glieder

105 2369 78 32 Wer
206 2379 62 23 von
293 2380 57 23 uns
373 2371 92 32 fände
489 2372 80 29 noch
593 2372 105 31 Schlaf
720 2391 39 4 —

107 2420 40 30 W
150 2424 81 28 einet

106 2471 124 33 Weinet
256 2474 77 29 denn
358 2473 89 29 keine
472 2474 172 30 Leinwand
665 2476 40 28 ist
729 2483 35 22 so
790 2474 71 37 lang
886 2476 61 29 und

437 2532 36 22 so
492 2525 80 29 breit
590 2528 40 28 ist
649 2525 82 30 nicht
750 2526 68 29 eine
835 2525 171 29 Leinwand

109 2572 67 30 Daß
200 2574 44 29 sie
267 2575 158 30 bedecken
450 2575 115 31 könnte
590 2575 57 31 alle
674 2577 46 28 die
743 2575 145 31 Wunden

105 2622 71 31 Und
200 2625 47 30 die
268 2625 80 31 viele
367 2625 101 30 weiße
490 2627 61 28 und
571 2625 93 31 milde
685 2626 171 30 Leinwand
875 2626 74 34 geht

717 2684 54 21 aus
794 2678 29 28 in
847 2676 53 30 der
922 2676 84 30 Welt

108 2732 124 31 Weinet

107 2782 123 32 Weinet
253 2786 76 28 denn
351 2784 50 30 auf
423 2785 57 30 den
500 2786 139 29 weichen
661 2788 117 32 grünen
799 2786 130 29 Feldern

108 2833 97 30 Stehn
225 2835 86 30 mehr
337 2836 53 29 der
414 2836 119 33 Kreuze
555 2836 48 30 als
624 2839 30 28 in
680 2838 58 28 den
762 2836 183 31 Friedhöfen

896 2886 108 30 stehen

106 2942 126 32 Weinet

108 2993 125 32 Weinet
258 2996 80 28 denn
359 2994 88 31 ferne
470 2996 40 29 ist
535 2996 54 29 der
613 2998 73 31 gute
709 2996 88 28 Hirte
823 3004 139 25 gezogen

108 3043 70 31 Und
202 3045 56 28 der
285 3046 77 28 böse
388 3045 92 35 Krieg
505 3047 99 28 wütet
630 3047 30 28 in
687 3047 100 28 seiner
818 3054 105 21 armen

708 3095 176 33 einfältigen
901 3095 104 31 Herde

109 3153 123 31 Weinet

108 3203 123 31 Weinet
248 3206 78 28 denn
345 3212 69 21 man
433 3204 62 30 läßt
516 3205 46 29 die
581 3204 166 30 Lebenden
762 3205 84 29 nicht
863 3205 87 29 mehr

915 3255 89 29 leben

109 3310 69 32 Und
202 3313 63 29 voll
289 3315 66 28 sind
381 3313 57 31 alle
462 3313 163 29 Friedhöfe
649 3313 63 29 und
736 3313 49 29 die
812 3313 131 33 Spitäler

854 3365 68 28 sind
942 3362 62 31 voll

110 3421 123 31 Weinet

109 3471 123 31 Weinet
252 3474 77 27 denn
348 3481 91 21 wenn
460 3475 82 28 diese
561 3474 105 30 Zeiten
687 3480 178 27 vergangen
886 3473 66 29 sind

110 3522 90 29 Dann
225 3523 85 33 grast
333 3523 58 28 das
416 3523 165 31 schwache
605 3523 184 30 Lämmlein:
816 3522 54 29 der
896 3522 108 29 Friede

111 3572 32 30 In
167 3576 101 26 rotem
290 3573 99 29 Grase
413 3581 55 21 nur

112 3628 74 35 (Nur
206 3633 86 30 rotes
311 3631 173 30 schlechtes
505 3632 78 30 Gras
602 3633 121 31 wächst
741 3632 49 29 für
811 3633 54 28 das
883 3638 86 22 arme

792 3676 211 38 unschuldige)

113 3731 124 29 Weinet

113 3779 122 30 Weinet
259 3804 7 5 .

1083 107 452 59 Seidenfaden

1088 209 171 33 Erzählung

1090 276 90 30 Adolf
1199 276 180 30 Knoblauch

1514 345 27 28 V

1138 395 56 30 Die
1214 395 226 34 Eigentümerin
1461 394 54 31 des
1536 394 200 29 Landhauses
1757 394 84 29 hatte
1864 401 93 24 ausge-

1082 446 111 33 macht,
1232 445 57 29 daß
1324 445 87 32 jeden
1448 444 130 33 Morgen
1616 444 55 28 das
1707 443 267 29 Stubenmädchen

1082 496 221 30 Seidenfadens
1341 495 247 29 Bodenkammer
1626 494 149 32 ausfegen
1813 494 61 28 und
1910 493 48 28 auf-

1082 548 126 29 räumen
1237 545 97 31 sollte.
1369 545 149 33 Obgleich
1544 545 58 28 das
1631 544 213 29 übertriebene
1874 543 85 32 Reini-

1082 596 256 37 gungsbedürfnis
1378 597 54 28 der
1471 594 166 30 deutschen
1672 594 120 28 Frauen
1830 593 61 29 ihm
1926 594 49 27 nie

1082 648 119 29 Freude
1224 646 131 33 machte,
1380 646 85 29 hatte
1486 655 35 20 er
1547 647 54 28 das
1626 643 95 34 Opfer
1744 642 127 35 bringen
1893 646 62 26 müs-

1082 706 63 21 sen.
1178 698 59 28 Um
1259 697 77 30 zehn
1359 696 63 30 Uhr
1444 697 175 32 spätestens
1642 693 103 30 mußte
1770 703 32 20 er
1826 695 54 29 das
1904 692 71 29 Bett

1082 748 169 30 verlassen.

1138 799 148 33 Tiefmüd,
1309 797 163 35 unwirsch,
1492 796 121 29 machte
1636 804 32 21 er
1689 794 65 31 sich
1775 794 103 33 daran,
1898 792 78 30 nach

1084 851 53 28 der
1152 848 149 34 fiebrigen
1318 848 99 29 Nacht
1432 848 60 29 den
1508 847 67 32 Tag
1592 855 37 20 zu
1644 848 155 31 ertragen.
1823 843 40 29 Er
1881 842 94 30 schob

1082 900 133 29 frierend
1248 900 55 28 das
1339 900 98 31 spitze
1471 897 76 32 Kinn
1580 899 30 28 in
1646 896 57 30 den
1740 894 236 34 aufgeklappten

1081 948 123 36 Kragen
1228 950 53 29 der
1306 949 96 29 Jacke
1425 950 59 28 und
1509 948 69 29 eilte
1601 947 94 30 durch
1719 947 57 29 den
1799 945 95 30 rohen
1918 943 44 30 eis-

1078 999 106 30 kalten
1202 999 189 30 Dachboden
1410 999 54 28 mit
1482 1005 110 21 nasser
1611 995 146 34 Wäsche,
1777 994 48 30 die
1848 993 50 30 auf
1916 993 62 29 den

1082 1051 113 29 Leinen
1220 1051 79 32 hing,
1326 1058 54 21 zur
1401 1050 127 28 finstren
1552 1048 115 32 Stiege.

1139 1101 46 28 An
1211 1102 54 28 der
1289 1100 110 29 Straße
1425 1100 78 29 nahe
1529 1100 71 28 dem
1621 1097 191 30 Bahndamm
1836 1096 50 33 lag
1912 1095 65 29 sein

1082 1150 125 33 Garten,
1233 1152 30 27 in
1288 1150 69 28 dem
1386 1157 32 21 er
1442 1149 89 32 eifrig
1554 1145 326 31 landwirtschaftliche
1906 1143 54 32 Kul-

1081 1204 49 28 tur
1160 1202 59 29 und
1248 1199 226 31 Wissenschaft
1502 1199 88 30 trieb.
1630 1198 57 29 Die
1717 1196 260 33 kreuzgestellten

1082 1251 261 33 Bohnenstangen
1376 1252 108 32 ragten
1514 1250 96 32 hager
1642 1248 60 29 und
1914 1246 42 28 To-

1080 1301 246 32 matenstauden,
1345 1308 63 20 von
1428 1299 98 29 denen
1546 1307 32 21 er
1599 1297 141 29 mehrere
1761 1296 115 28 Ernten
1894 1297 84 27 roter

1079 1350 206 31 italienischer
1315 1349 195 32 Liebesäpfel
1542 1355 175 25 gewonnen
1745 1346 94 34 hatte,
1870 1352 108 22 waren

1082 1401 171 34 schwarze,
1291 1409 75 21 vom
1403 1399 92 30 Frost
1530 1398 163 29 verkohlte
1730 1397 143 29 Leichen.
1920 1396 57 29 Die

1080 1451 230 30 Erdbeerbeete
1354 1458 107 21 waren
1507 1450 70 29 dürr
1623 1450 62 28 und
1728 1448 156 33 verwirrt,
1930 1446 47 29 die

1081 1501 275 31 Fruchtsträucher
1399 1499 70 31 kahl
1512 1501 60 29 und
1615 1499 81 29 wild.
1750 1498 43 29 Im
1838 1497 139 29 Oktober

1079 1552 113 30 kamen
1215 1560 55 20 nur
1293 1551 80 29 noch
1397 1550 149 29 Endivien
1570 1549 62 29 und
1655 1547 157 31 Grünkohl
1835 1547 70 33 fort,
1933 1547 45 28 sie

1082 1612 37 20 zu
1136 1603 130 33 jauchen
1284 1601 62 30 und
1363 1601 217 30 nachzusehen
1602 1600 62 34 galt
1683 1598 222 31 Seidenfadens
1925 1597 39 30 all-

1081 1652 209 35 morgendlich
1316 1653 98 29 erster
1439 1651 97 35 Gang.

1137 1704 40 29 Er
1204 1704 85 29 hatte
1318 1704 64 28 sich
1413 1703 55 30 das
1496 1702 73 29 Jahr
1598 1702 75 29 über
1702 1699 115 30 redlich
1844 1698 133 35 geplagt,

1082 1754 143 30 Schweiß
1248 1756 60 28 und
1333 1754 78 30 Geld
1434 1752 84 30 hatte
1541 1754 66 28 sein
1628 1751 155 30 Gärtchen
1806 1750 95 30 schon
1924 1757 36 27 ge-

1080 1805 112 29 kostet.
1232 1805 40 29 Er
1294 1803 85 30 hatte
1402 1805 87 27 einen
1513 1801 202 33 Dunghaufen
1742 1799 151 35 angelegt,
1917 1797 61 30 und

1082 1855 143 31 reichlich
1250 1856 78 29 dazu
1351 1854 97 30 selbst
1471 1855 55 28 mit
1550 1855 69 28 dem
1643 1851 216 30 Schubkarren
1882 1857 76 26 ange-

1082 1907 115 30 fahren.
1232 1905 90 30 Seine
1346 1904 192 30 nächtlichen
1562 1904 100 28 Tüten
1686 1903 54 29 mit
1767 1902 193 29 konzentrier-

1081 1959 64 28 tem
1178 1955 162 30 Stickstoff
1373 1954 149 31 entleerte
1557 1962 32 20 er
1624 1953 50 29 auf
1710 1953 106 28 diesen
1848 1951 129 29 Haufen.

1081 2008 83 29 Aber
1186 2016 33 21 er
1240 2006 105 33 hoffte,
1368 2009 40 27 im
1429 2005 205 29 kommenden
1656 2003 93 30 Jahre
1773 2003 47 29 die
1843 2002 115 34 Ueppig-

1081 2059 63 30 keit
1167 2058 170 28 intensiver
1360 2057 105 32 Kultur
1490 2055 44 29 als
1558 2053 103 35 Erfolg
1685 2055 101 28 seines
1810 2052 167 33 Ehrgeizes

1082 2110 60 29 und
1164 2110 100 29 seiner
1282 2105 320 32 wissenschaftlichen
1623 2104 148 30 Methode
1794 2103 125 29 erleben
1939 2109 38 21 zu

1080 2158 119 29 dürfen.
1227 2158 64 29 Das
1314 2165 98 26 ganze
1434 2155 74 29 Jahr
1529 2154 148 30 hindurch
1698 2153 108 30 würde
1829 2162 32 20 er
1885 2152 92 29 Sinen

1083 2210 47 30 die
1173 2210 277 33 selbstgezogenen
1491 2205 261 34 Bodenprodukte
1798 2203 180 30 darreichen

1082 2260 120 30 können
1222 2260 62 28 und
1302 2259 72 29 Sine
1392 2258 110 28 würde
1522 2259 44 27 sie
1585 2255 141 30 heimlich
1747 2253 171 30 verkaufen
1938 2261 39 21 an

1081 2311 94 29 Vater
1215 2309 120 35 Dolling
1371 2309 61 29 und
1470 2307 65 30 ihre
1572 2305 131 30 Mutter:
1754 2304 223 29 Seidenfadens

1082 2359 188 35 Salatköpfe,
1300 2359 144 34 Gemüse,
1472 2358 186 33 Erdbeeren,
1688 2354 179 35 Kartoffeln,
1894 2353 63 29 Boh-

1082 2420 60 23 nen
1173 2411 61 30 und
1266 2410 127 33 Erbsen,
1426 2408 203 33 Maiskolben,
1663 2406 218 34 Topinambur,
1916 2404 42 29 To-

1081 2464 113 33 maten,
1216 2462 162 30 Johannis-
1398 2462 63 28 und
1481 2460 196 31 Himbeeren,
1696 2457 75 33 Rot-
1792 2455 62 31 und
1874 2453 84 32 Weiß-

1082 2513 80 29 kohl.

1136 2561 54 31 Als
1225 2561 206 31 Seidenfaden
1467 2561 56 28 den
1556 2558 185 33 Schwengel
1774 2558 56 29 der
1865 2556 94 30 Jauch-

1082 2622 111 25 pumpe
1223 2614 54 28 mit
1306 2613 121 29 hartem
1458 2611 173 33 Geklapper
1662 2610 153 33 bewegte,
1846 2617 52 20 um
1926 2607 51 28 die

1082 2664 261 30 Grünkohlkultur
1366 2671 38 21 zu
1428 2663 129 33 düngen,
1578 2660 73 29 kam
1672 2669 51 20 um
1747 2660 47 28 die
1814 2658 83 29 Ecke
1922 2664 55 22 aus

1084 2716 68 28 dem
1180 2714 254 33 Nachbargarten
1465 2712 54 29 der
1550 2712 62 29 alte
1643 2711 78 28 Herr
1752 2708 225 34 Schneekamp,

1084 2765 52 31 der
1171 2765 48 29 die
1251 2763 383 32 Auseinandersetzungen
1669 2761 54 28 mit
1757 2760 68 30 dem
1858 2758 119 35 „Herrn

1289 2815 93 30 liebte
1407 2815 74 28 über
1508 2814 57 28 den
1589 2810 204 30 Unterschied
1817 2818 65 21 von
1903 2810 55 28 wis-

1082 2865 253 30 senschaftlicher
1388 2866 60 29 und
1502 2861 193 36 praktischer
1749 2859 228 34 Gartenpflege.

1083 2916 119 35 „Guten
1225 2916 139 34 Morgen,
1387 2915 79 29 Herr
1694 2911 121 35 „Guten
1837 2910 140 33 Morgen,

1081 2966 80 30 Herr
1424 2964 128 35 „Immer
1581 2964 78 29 feste
1686 2963 50 29 bei
1764 2962 56 29 der
1846 2959 129 30 Arbeit?

1081 3017 47 30 Nu
1143 3019 40 28 ist
1198 3018 73 29 aber
1290 3019 56 29 das
1364 3017 73 30 Jahr
1453 3015 72 30 bald
1660 3013 69 30 Und
1745 3012 79 29 Herr
1841 3010 116 31 Schnee-

1081 3068 91 33 kamp
1200 3068 85 34 fügte
1314 3068 146 31 mitleidig
1487 3066 105 29 hinzu:
1641 3062 155 35 „Jauchen
1823 3062 51 29 Sie
1904 3069 72 22 man

1082 3119 82 29 nicht
1182 3119 100 29 zuviel
1301 3118 50 30 auf
1370 3120 57 28 den
1444 3116 78 33 Kohl
1540 3117 56 32 los,
1615 3115 78 29 Herr
1711 3113 175 29 Professor.
1913 3112 62 29 Der

1081 3169 80 29 wird
1185 3169 91 29 Ihnen
1302 3170 87 28 sonst

1138 3218 53 31 Ein
1226 3219 106 33 langer
1367 3218 175 33 Redestreit
1578 3215 94 29 erhob
1707 3214 64 29 sich
1806 3214 75 28 über
1917 3213 58 29 den

1082 3269 220 34 Widerspruch
1347 3268 156 31 zwischen
1548 3266 321 29 Professorenwissen
1916 3263 61 29 und

1082 3320 273 33 Landwirtpraxis.
1408 3319 59 30 Mit
1508 3319 75 28 weit
1625 3316 220 30 ausladendem
1887 3315 67 29 Arm-

1082 3370 187 29 schwenken
1308 3370 119 29 wehrte
1465 3369 80 28 Herr
1584 3365 213 35 Schneekamp
1837 3365 39 28 ab
1915 3364 60 29 und

1081 3419 84 30 focht
1190 3428 99 25 gegen
1316 3419 222 30 Seidenfadens
1565 3415 236 31 Wissenschaft.
1838 3415 63 29 Das
1931 3415 45 28 sei

1081 3470 222 36 Windbeutelei
1338 3473 61 28 und
1422 3470 47 28 für
1493 3469 105 32 Leute,
1626 3469 46 28 die
1696 3467 61 29 mal
1784 3474 76 20 sone
1885 3465 72 29 Lieb-

1082 3521 126 29 haberei
1227 3521 115 28 hätten.

1138 3571 78 29 Herr
1256 3572 213 33 Schneekamp
1507 3569 84 29 hatte
1630 3568 65 29 drei
1731 3566 143 33 Töchter,
1912 3574 65 21 von

1083 3623 99 29 denen
1208 3621 205 30 Seidenfaden
1436 3620 195 32 behauptete,
1659 3619 44 28 sie
1729 3616 95 29 sähen
1848 3624 57 21 aus
1930 3616 45 28 als

1082 3671 125 30 wüßten
1225 3673 44 29 sie
1286 3672 91 33 nicht,
1395 3680 70 20 was
1482 3671 47 28 ein
1548 3668 94 29 Mann
1660 3669 54 28 sei.
1742 3666 40 30 Er
1800 3668 112 28 nannte
1931 3666 44 29 sie

1082 3724 84 27 seine
1193 3722 63 28 drei
1282 3720 260 33 Milchbrödchen,
1567 3718 59 30 alle
1653 3725 106 21 waren
1783 3716 101 34 blond,
1912 3718 48 27 rot-

1082 3772 119 34 bäckig,
1222 3772 173 33 blauäugig.
1427 3772 51 30 Sie
1497 3769 166 31 verehrten
1686 3767 140 30 heimlich
1848 3767 109 29 Seiden-

1082 3823 100 34 faden,
1206 3823 73 28 aber
1302 3823 142 29 machten
1465 3821 65 29 sich
1552 3820 75 29 über
1650 3820 85 27 seine
1757 3817 97 30 Braut
1874 3817 102 33 lustig.

1083 3873 51 29 Sie
1164 3873 111 30 kamen
1303 3871 252 35 hinausgelaufen
1582 3871 59 28 und
1670 3867 214 30 betrachteten
1912 3875 63 20 von

1081 3923 67 28 fern
1176 3922 80 32 Sine,
1282 3930 91 21 wenn
1401 3923 43 28 sie
1474 3930 57 20 vor
1558 3919 58 30 den
1644 3919 117 29 Beeten
1788 3918 64 29 sich
1879 3918 95 28 zierte

2051 110 60 28 und
2134 109 44 29 ihr
2199 110 105 30 blauer
2325 110 298 30 Böcklein-Schleier
2646 112 74 29 über
2744 112 54 29 des
2820 111 120 30 Bunten

2052 159 116 30 Buckel
2201 159 112 34 wehte,
2347 160 77 30 denn
2459 169 33 21 er
2526 162 142 30 bemühte
2700 162 64 29 sich
2798 171 50 20 um
2881 163 60 29 den

2051 209 157 30 Endivien.
2236 209 89 30 Dann
2344 209 121 30 ahmten
2485 212 47 28 die
2551 212 62 28 drei
2632 212 228 34 Schneekamps
2879 221 63 21 von

2052 260 67 29 fern
2142 261 53 28 der
2219 260 95 31 Braut
2338 260 77 29 nach
2437 260 61 28 und
2519 261 129 33 lachten,
2672 263 60 29 wie
2758 263 53 28 das
2834 262 90 29 Milch-

2052 310 156 29 brödchen
2229 319 59 21 nun
2312 310 108 29 einmal
2446 312 86 30 eigen
2552 311 48 28 ist.
2632 311 71 30 Sine
2725 321 67 20 war
2815 312 53 30 tief
2890 314 35 27 be-

2051 359 113 34 leidigt.

2108 485 59 29 Auf
2191 488 47 27 die
2260 486 80 29 kalte
2363 486 99 28 Nacht
2487 494 66 20 war
2579 488 46 26 ein
2650 486 101 30 heißer
2776 487 167 34 Herbsttag

2052 536 123 34 gefolgt.
2218 536 84 29 Nach
2337 536 99 29 vielen
2470 536 137 29 Stunden
2644 537 215 29 Gartenarbeit
2893 536 51 30 lief

2051 585 205 31 Seidenfaden
2279 587 129 34 hungrig
2433 587 53 29 mit
2513 586 133 30 Gemüse
2672 587 129 28 beladen
2826 587 116 29 wieder

2053 644 37 21 zu
2118 637 100 28 seiner
2246 637 97 29 Stube
2371 636 110 31 hinauf.
2521 636 38 29 Er
2588 636 149 29 bereitete
2768 637 65 29 sich
2860 637 83 29 Thee

2051 688 62 27 und
2130 689 47 26 ein
2195 687 157 30 Häufchen
2373 689 101 28 zarter
2496 687 161 29 Brödchen
2676 695 69 21 zum
2764 687 180 35 Frühstück,

2051 739 45 28 tat
2117 738 87 28 einen
2221 736 87 31 Blick
2328 740 28 27 in
2378 739 46 29 die
2445 738 276 33 aufgeschlagenen
2740 738 120 29 Bücher
2881 745 61 21 von

2053 794 214 26 vergangener
2288 787 99 29 Nacht
2408 789 59 28 und
2486 788 112 29 beeilte
2620 787 72 34 sich,
2714 788 98 32 einige
2833 787 111 29 frische

2054 836 102 29 Zeilen
2184 836 60 31 den
2270 839 212 35 verstaubten,
2512 839 58 28 seit
2599 839 98 28 einem
2726 837 74 30 Jahr
2831 839 28 27 in
2888 838 38 28 Ar-

2054 887 62 30 beit
2147 887 202 30 befindlichen
2380 888 233 33 Manuskripten
2645 886 231 35 hinzuzufügen.

2109 936 75 30 Dies
2204 936 194 35 Manuskript
2419 947 67 21 war
2510 940 54 28 das
2587 937 238 31 entscheidende
2848 937 98 29 Werk

2053 995 156 26 gewesen,
2231 989 136 32 welches
2389 997 36 21 er
2447 989 64 29 sich
2532 989 195 33 verpflichtet
2747 988 105 35 fühlte,
2876 987 53 29 her-

2053 1037 237 32 vorzubringen.
2319 1039 43 28 Im
2377 1039 119 29 Winter
2516 1041 52 29 des
2587 1041 129 31 vorigen
2734 1038 109 30 Jahres
2860 1038 85 29 hatte

2054 1095 33 22 er
2114 1087 66 29 sich
2204 1089 77 28 nach
2309 1088 134 29 Carrara
2469 1097 38 21 an
2535 1090 53 29 der
2615 1089 207 30 italienischen
2849 1089 95 32 Küste

2053 1137 149 34 begeben,
2225 1147 51 21 um
2293 1148 40 20 an
2354 1139 68 29 dem
2443 1140 174 33 geweihten
2641 1139 75 31 Orte
2738 1138 189 35 Michelange-

2054 1189 46 29 los
2130 1190 83 30 seine
2243 1187 193 35 Philosophie
2465 1199 37 21 zu
2533 1198 159 25 erzeugen.
2732 1190 89 29 Seine
2850 1189 80 34 philo-

2053 1239 164 33 sophische
2241 1239 245 33 Zeugungskraft
2513 1239 83 30 hatte
2622 1249 53 25 arg
2700 1241 134 33 gelitten,
2861 1241 83 27 seine

2053 1288 124 30 Nerven
2200 1298 106 20 waren
2331 1289 208 34 geschwächt,
2564 1291 64 27 sein
2655 1290 111 29 Geblüt
2788 1298 67 21 war
2878 1297 51 22 zer-

2054 1341 98 28 streut
2169 1341 60 29 und
2246 1341 162 32 verdünnt,
2428 1341 84 29 seine
2526 1340 93 28 Liebe
2637 1349 53 20 zur
2707 1340 151 29 Weisheit
2874 1347 54 21 ver-

2055 1390 124 30 dunkelt
2204 1390 96 30 durch
2330 1391 57 29 den
2414 1390 127 29 Anblick
2568 1390 150 29 schmaler
2744 1389 114 29 Hüften
2885 1390 60 28 und

2055 1441 287 33 sechzehnjähriger
2370 1441 94 28 Beine
2493 1441 63 29 Von
2588 1441 208 32 großberliner
2827 1441 119 29 Frauea

2055 1492 61 29 und
2156 1491 118 30 kleinen
2315 1490 163 29 Mädchen.
2530 1491 156 32 Bangend,
2728 1489 218 35 unaufhörlich,

2054 1542 107 29 immer
2181 1541 95 30 frisch
2297 1542 109 29 wurde
2428 1540 205 30 Seidenfaden
2655 1549 63 21 von
2739 1541 93 29 Liebe
2853 1548 75 25 ange-

2055 1592 108 33 griffen
2191 1601 38 21 zu
2255 1592 85 33 jeder
2366 1591 308 36 Sechzehnjährigen,
2700 1591 85 32 jeder
2812 1590 116 30 Schnek-

2053 1642 161 34 kenfrisur,
2246 1643 85 31 jeder
2364 1642 156 30 schmalen
2553 1641 150 34 Schulter,
2737 1643 101 29 jedem
2868 1643 63 27 zier-

2053 1693 98 30 lichen
2170 1693 83 34 Knie,
2275 1703 36 20 zu
2329 1693 96 33 allem,
2443 1702 67 20 was
2527 1692 185 34 kurzröckig
2732 1692 60 29 und
2811 1691 135 30 sichtbar

2055 1745 50 28 auf
2124 1745 79 30 zwei
2223 1744 136 29 schönen
2378 1744 115 29 Beinen
2512 1752 58 21 vor
2591 1743 60 29 ihm
2671 1742 219 29 herwandelte.

2110 1794 39 29 Er
2165 1794 186 33 behauptete
2368 1794 78 34 steif,
2464 1794 56 29 daß
2538 1794 121 33 ständig
2676 1794 160 28 weibliche
2852 1793 94 32 Kniee

2053 1853 40 21 an
2117 1845 47 28 die
2189 1846 104 28 seinen
2319 1845 126 33 stießen,
2472 1844 161 30 weibliche
2659 1844 83 30 Füße
2768 1843 47 29 die
2840 1843 106 30 seinen

2055 1897 100 28 traten
2185 1897 61 28 und
2277 1897 83 28 seine
2391 1895 200 29 Schienbeine
2623 1894 147 29 streiften.
2820 1893 109 30 Seiden-

2055 1947 90 28 faden
2165 1946 125 33 glaubte
2309 1947 162 33 beständig
2490 1945 97 30 durch
2607 1947 46 29 die
2674 1944 173 31 erotischen
2867 1945 80 32 Eise,

2055 1996 122 31 Stürme
2211 1998 61 27 und
2304 1996 97 30 Feuer
2435 1996 53 29 der
2523 1995 308 30 Großberlinerinnen
2862 1994 68 35 „auf-

2200 2055 37 21 zu
2258 2049 133 27 müssen.
2424 2046 90 29 Seine
2540 2045 174 30 erotischen
2737 2045 189 29 Schwächun-

2053 2105 59 25 gen
2139 2096 105 29 hatten
2272 2098 86 28 einen
2385 2104 36 22 so
2446 2095 221 31 bedenklichen
2695 2096 84 29 Grad
2806 2095 140 33 erreicht,

2056 2146 57 29 daß
2138 2155 32 22 er
2195 2146 64 31 sich
2284 2148 46 29 für
2354 2147 58 29 das
2436 2145 259 34 berlinentlegene
2722 2145 133 30 Carrara
2881 2147 49 26 ent-

2055 2197 113 34 schloß,
2203 2207 50 20 um
2288 2206 38 20 an
2364 2198 52 29 der
2450 2198 268 33 meergegürteten
2751 2197 94 32 Küste
2879 2197 67 30 jene

2055 2248 170 30 schöneren
2249 2248 107 30 Gürtel
2377 2257 39 20 zu
2438 2256 179 25 vergessen,
2639 2247 51 29 die
2711 2248 61 28 den
2794 2245 134 34 Unglück-

2053 2299 99 29 lichen
2178 2300 112 29 soweit
2312 2297 151 35 gebracht
2486 2299 115 33 hatten,
2628 2298 57 29 daß
2711 2306 35 21 er
2773 2295 174 31 schließlich

2055 2350 47 30 ein
2136 2349 98 30 Werk
2267 2349 54 30 der
2354 2349 151 31 Weisheit
2537 2349 223 29 überwindend
2796 2354 152 26 erzeugen

2053 2401 123 28 konnte.
2223 2398 56 32 Bei
2318 2399 83 29 einer
2439 2399 235 30 sommerlichen
2712 2398 143 29 Nachkur
2898 2405 49 21 am

2054 2450 160 30 Gardasee
2238 2450 120 30 schrieb
2382 2459 33 21 er
2438 2452 57 28 den
2516 2449 110 31 Schluß
2651 2457 38 21 zu
2712 2450 118 28 seinem
2850 2446 97 30 Werk

2055 2502 60 28 und
2135 2500 109 32 kehrte
2263 2502 55 28 mit
2340 2500 103 35 Sinen,
2468 2502 46 28 die
2539 2509 33 20 er
2593 2499 81 29 beim
2697 2499 250 32 Herniederstieg

2054 2560 75 21 vom
2152 2552 86 28 Sinai
2265 2551 151 29 Carraras
2443 2560 39 20 zu
2507 2550 65 30 sich
2595 2550 86 29 hatte
2707 2550 101 29 reisen
2833 2548 113 34 lassen,

2054 2603 79 28 stolz
2157 2601 129 30 zurück:
2321 2602 44 29 Im
2387 2600 239 33 schweigenden
2649 2598 117 31 Glänze
2792 2600 53 29 des
2870 2598 61 29 voll-

2053 2652 148 30 brachten
2220 2652 124 36 Werks,
2363 2652 151 35 gebräunt
2531 2659 62 21 von
2614 2651 53 29 der
2685 2648 141 31 scharfen
2843 2648 103 30 Sonne

2053 2704 41 28 im
2116 2703 105 29 Süden
2241 2704 56 29 der
2319 2702 105 34 Alpen.

2112 2752 34 30 Im
2176 2753 55 29 der
2261 2752 116 30 Pracht
2409 2754 101 28 seiner
2541 2751 185 30 schwarzen
2755 2749 189 33 Lohengrin-

2053 2804 134 34 Locken,
2209 2805 40 30 im
2269 2804 144 29 Brennen
2431 2805 99 28 seiner
2549 2801 205 34 Philosophie,
2775 2803 73 30 jung
2869 2799 79 32 doch

2054 2854 192 34 hoheitsvoll,
2268 2863 68 21 war
2356 2862 35 22 er
2415 2855 29 28 in
2467 2854 57 29 den
2546 2850 87 34 Kreis
2658 2854 53 28 der
2731 2852 140 29 Freunde
2894 2860 35 21 zu-

2054 2905 215 34 rückgekehrt.
2297 2904 54 31 Als
2371 2914 33 21 er
2424 2913 70 20 zum
2516 2905 101 28 ersten
2637 2902 63 30 Mal
2721 2902 117 30 wieder
2858 2904 88 28 unter

2053 2955 91 30 ihnen
2168 2955 113 34 weilte,
2304 2954 84 30 hatte
2412 2963 33 21 er
2470 2955 55 29 mit
2548 2954 72 30 Sine
2645 2954 67 30 eine
2736 2953 137 35 Zeitlang
2899 2953 46 29 die

2054 3006 107 33 Augen
2180 3005 54 31 tief
2255 3005 175 29 ineinander
2450 3004 149 30 versenkt
2619 3004 160 30 scheinbar
2798 3002 130 31 weltver-

2054 3064 113 24 gessen
2192 3056 179 34 gestanden.
2407 3055 90 29 Dann
2521 3055 84 29 hatte
2634 3063 32 20 er
2691 3054 139 33 langsam
2856 3053 88 29 beide

2053 3107 109 29 Hände
2182 3115 38 21 zu
2239 3106 109 30 Sinens
2367 3105 252 34 jungfräulichem
2638 3104 141 30 Schläfen
2802 3102 144 34 erhoben,

2053 3158 47 29 ihr
2116 3156 98 30 feines
2232 3157 103 33 Haupt
2356 3156 63 28 sich
2441 3156 163 33 zugeneigt
2622 3156 63 28 und
2704 3154 85 29 ihren
2813 3153 133 29 Scheitel

2055 3215 38 21 an
2121 3208 105 28 seinen
2254 3206 95 29 Mund
2378 3215 71 20 zum
2476 3205 65 33 Kuß
2572 3204 109 35 gelegt.
2719 3204 57 29 Die
2805 3203 139 29 Freunde

2055 3258 148 29 schauten
2229 3266 47 24 zu,
2302 3256 141 31 entzückt
2468 3265 63 20 von
2557 3257 51 28 der
2634 3254 223 30 traditionellen
2885 3253 40 30 Ge-

2055 3309 95 29 berde
2172 3309 53 28 der
2244 3306 175 35 englischen
2437 3306 244 32 Präraffaeliten,
2704 3306 46 28 die
2770 3307 30 27 in
2820 3304 108 30 Seiden-

2053 3358 110 29 fadens
2186 3358 106 31 Kreise
2317 3356 146 30 heimisch
2487 3365 76 21 war.
2598 3356 51 28 Sie
2673 3356 189 32 bemerkten,
2889 3354 56 29 daß

2055 3410 54 28 der
2141 3408 100 29 Bunte
2275 3415 40 21 an
2352 3407 114 29 diesem
2502 3405 239 30 hochzeitlichen
2775 3405 85 33 Tage
2895 3405 49 28 die

2055 3459 166 30 Schönheit
2239 3456 70 34 Raff
2311 3466 16 21 a
2331 3459 42 29 eis
2391 3459 55 27 mit
2467 3459 52 28 der
2536 3456 151 30 Weisheit
2705 3456 150 33 Spinozas
2874 3462 54 21 ver-

2055 3511 120 33 einigte,
2194 3509 60 28 und
2274 3508 56 29 daß
2351 3516 32 21 er
2404 3507 89 29 Seele
2513 3506 78 30 habe
2609 3507 79 30 eben
2708 3506 71 29 weil
2798 3514 33 20 er
2849 3504 95 30 schön

2053 3567 76 21 war.

2110 3617 40 30 Er
2170 3617 84 30 hatte
2275 3624 38 21 zu
2335 3617 115 28 diesem
2471 3616 85 34 Tage
2577 3616 92 29 Sinen
2691 3616 65 27 eine
2778 3614 96 31 lange,
2895 3611 50 29 lila

2054 3665 385 31 seidenbandumwickelte
2476 3664 186 35 Papierrolle
2699 3662 44 30 als
2782 3661 162 29 Geschenk

2055 3719 100 28 seiner
2180 3715 166 31 Heimkehr
2372 3725 62 21 von
2462 3716 125 29 starken
2616 3715 119 32 Wegen
2761 3711 183 30 überreicht.

2053 3767 41 31 Es
2123 3776 68 20 war
2225 3768 66 29 eine
2322 3767 211 33 Komposition
2564 3774 37 20 zu
2633 3764 99 28 Ehren
2765 3762 108 29 Sinens
2906 3769 38 20 zu

2055 3819 98 28 einem
2191 3816 109 29 Sonett
2338 3825 61 22 von
2437 3814 233 33 Michelangelo.
2715 3811 157 29 Nachdem
2911 3819 33 20 er

2053 3868 111 28 Sinens
2192 3866 134 30 Scheitel
2354 3875 58 21 vor
2442 3868 57 28 den
2524 3864 159 30 Freunden
2709 3861 115 34 geküßt
2850 3861 94 33 hatte,

2054 3918 135 29 stimmte
2219 3926 42 23 er,
2288 3917 103 29 indem
2419 3925 32 21 er
2479 3916 93 28 Sinen
2601 3915 49 28 bei
2676 3912 110 29 beiden
2815 3910 129 29 Händen
