2557 4216
952 247 57 29 LE
1044 243 241 32 MERCURE
1321 240 221 33 MUSICAL
1677 229 215 54 15-Vi-06

425 247 86 44 554

421 447 150 51 leurs
594 454 347 59 arguments,
969 440 143 51 mais
1135 440 106 51 elle
1275 456 28 33 a
1328 440 48 49 le
1403 438 197 51 mérite
1625 438 66 51 de
1724 438 79 53 les
1832 438 261 53 concilier
2119 440 138 51 dans
2296 459 108 35 une

420 522 274 51 heureuse
715 532 242 36 mesure.
985 516 64 49 Je
1074 515 146 50 crois
1246 515 336 52 fermement
1610 532 107 51 que
1745 532 57 33 ce
1830 513 203 69 d'lndy
2051 526 52 39 et
2122 532 86 33 ses
2229 516 176 53 élèves

423 596 382 66 s'occupèrent
847 591 407 52 sérieusement
1285 592 67 51 de
1390 591 286 68 musique,
1710 590 143 52 mais
1888 590 235 68 j'estime
2155 609 105 52 que
2287 592 118 53 leur

423 670 158 52 effort
608 680 83 39 est
733 667 361 52 intimement
1140 667 71 52 lié
1249 686 108 33 aux
1403 667 288 52 dernières
1728 666 363 53 convulsions
2128 668 66 51 de
2245 668 160 54 l'idée

419 743 294 70 religieuse
748 761 70 36 au
860 762 67 33 xx
928 752 18 20 e
979 743 184 52 siècle.
1206 745 156 50 Vous
1397 761 161 34 savez
1589 743 264 52 combien
1886 742 437 71 profondément
2353 746 52 52 la

418 819 240 70 religion
691 821 320 68 catholique
1044 819 147 54 avait
1223 825 230 64 pénétré
1479 821 158 51 l'âme
1671 822 67 51 de
1762 838 103 34 nos
1900 827 160 45 aïeux
2091 832 54 40 et
2190 822 214 67 quelles

416 896 215 53 racines
660 897 102 51 elle
788 897 146 52 avait
967 897 169 67 jetées
1161 898 138 51 dans
1327 897 51 52 la
1409 910 148 39 terre
1581 897 293 67 française.
1903 898 51 50 A
1978 897 258 68 l'époque
2263 898 65 51 de
2354 898 51 52 la

415 972 201 52 Schola
642 973 304 52 Cantorum
956 1014 11 25 ,
994 991 89 34 ces
1122 973 215 52 racines
1371 973 266 52 n'étaient
1669 991 99 52 pas
1799 990 201 35 encore
2034 972 371 53 entièrement

414 1047 228 67 flétries,
677 1062 53 38 et
773 1051 95 50 des
903 1049 321 68 bourgeons
1252 1048 485 53 d'arrière-saison
1776 1048 314 70 pointaient
2117 1066 68 34 au
2218 1066 91 34 ras
2330 1051 74 52 du

415 1123 100 53 sol.
557 1122 210 53 L'idéal
801 1126 141 50 d'art
984 1126 74 50 du
1107 1126 301 52 fondateur
1450 1127 67 49 de
1550 1127 50 49 la
1660 1126 199 50 Schola
1897 1128 151 48 étant
2091 1136 313 42 nettement

414 1199 341 69 catholique,
785 1200 132 53 c'est
941 1200 485 53 instinctivement
1459 1214 52 39 et
1536 1218 116 35 non
1676 1200 569 70 systématiquement
2267 1202 134 67 qu'il

414 1274 213 70 dirigea
650 1293 86 34 ses
755 1277 179 50 élèves
969 1277 138 52 dans
1140 1278 50 49 la
1211 1277 124 52 voie
1369 1294 108 51 que
1511 1277 113 52 l'on
1648 1294 141 35 vous
1830 1294 29 33 a
1879 1277 286 68 indiquée.
2197 1275 202 55 C'était

412 1352 258 68 l'époque
697 1353 71 51 où
791 1353 48 51 le
866 1374 23 26 «
912 1353 370 52 sensualisme
1310 1374 46 46 »,
1387 1354 47 51 le
1460 1374 23 26 «
1512 1353 402 52 matérialisme
1943 1372 25 32 »
1987 1353 234 52 musical
2250 1371 112 36 com-

411 1428 247 67 mençait
702 1433 29 46 à
776 1432 273 50 s'avouer.
1079 1432 95 52 Un
1208 1434 135 65 goût
1387 1429 268 52 littéraire
1682 1430 74 51 du
1793 1430 328 69 paganisme
2165 1443 53 38 et
2248 1430 66 51 de
2347 1432 52 52 la

411 1503 230 70 volupté
669 1503 319 54 s'insinuait
1021 1507 138 50 dans
1200 1505 124 52 l'art
1356 1522 12 37 :
1415 1505 181 52 Fauré
1637 1522 68 34 en
1742 1504 250 71 baignait
2019 1523 86 34 ses
2140 1505 174 54 lieder
2344 1520 55 40 et

414 1579 263 68 Debussy
701 1597 68 34 en
802 1580 343 70 imprégnait
1177 1598 104 34 son
1303 1581 236 53 théâtre.
1576 1580 200 55 C'était
1797 1583 211 51 l'heure
2034 1583 71 51 où
2133 1581 78 53 les
2246 1599 148 50 sens,

411 1667 130 57 trop
580 1655 321 71 longtemps
951 1658 274 68 méprisés
1251 1675 100 51 par
1390 1656 295 70 discipline
1732 1658 320 69 religieuse,
2099 1659 296 68 prenaient

411 1731 327 52 conscience
758 1734 66 51 de
854 1734 121 52 leur
993 1735 194 51 valeur
1218 1747 53 39 et
1296 1735 66 51 de
1388 1735 122 52 leur
1540 1735 261 51 noblesse
1827 1752 10 45 ;
1869 1753 74 33 on
1968 1736 376 66 commençait
2370 1741 29 47 à

411 1809 376 66 comprendre
843 1810 159 66 quels
1042 1809 289 68 puissants
1381 1809 199 52 leviers
1638 1823 51 38 et
1743 1810 213 69 quelles
1996 1810 401 55 bienfaisantes

411 1882 250 69 énergies
688 1884 321 52 dormaient
1025 1901 67 36 au
1116 1901 155 36 cœur
1301 1885 97 52 des
1432 1885 261 52 hommes
1713 1903 131 34 sous
1876 1886 48 51 le
1947 1903 136 34 nom
2105 1899 294 57 trompeur

409 1959 68 50 de
509 1959 150 52 vices
692 1973 52 36 et
767 1961 203 67 péchés
1003 1961 260 70 capitaux
1286 1975 12 38 :
1327 1978 74 35 on
1434 1961 200 52 cessait
1670 1962 284 69 d'appeler
1989 1981 26 32 «
2043 1964 216 68 orgueil
2286 1966 111 51 »la

407 2034 326 53 conscience
773 2037 67 50 de
867 2054 59 33 sa
947 2037 169 65 force,
1166 2058 22 25 «
1218 2037 401 68 gourmandise
1646 2056 28 32 »
1702 2039 47 50 le
1773 2039 144 52 culte
1945 2040 97 51 des
2075 2039 316 53 sensations

409 2111 278 69 exquises,
717 2130 27 32 «
778 2129 224 52 paresse
1044 2135 21 26 »
1108 2114 50 50 la
1187 2114 201 52 faculté
1420 2115 75 51 du
1539 2120 127 46 rêve
1700 2128 52 38 et
1802 2136 24 27 «
1872 2115 194 52 luxure
2116 2138 22 25 »
2177 2116 48 52 le
2258 2121 136 65 goût

406 2187 97 52 des
537 2187 485 52 divertissements
1049 2190 440 52 fondamentaux
1508 2196 11 47 !
1562 2192 184 52 Toute
1779 2191 51 52 la
1863 2192 263 69 musique
2160 2194 203 52 s'orien-

404 2262 102 52 tait
531 2280 123 34 vers
678 2263 79 51 les
793 2282 266 45 caresses,
1106 2266 77 50 les
1210 2266 432 67 effleurements,
1677 2269 78 50 les
1811 2270 207 51 douces
2058 2272 334 51 résonances

406 2350 53 39 et
491 2338 79 51 les
603 2338 141 52 bons
786 2340 258 52 frissons.
1102 2340 202 54 C'était
1350 2342 48 51 le
1454 2341 283 71 triomphe
1785 2345 66 51 de
1900 2345 353 66 l'harmonie,
2295 2347 96 51 des

406 2415 229 52 accords
679 2432 333 50 savoureux,
1049 2418 98 50 des
1181 2416 461 54 enchaînements
1674 2420 268 52 fondants
1982 2434 54 38 et
2067 2422 98 51 des
2198 2440 162 36 succu-

406 2489 178 53 lentes
604 2491 370 53 successions.
998 2492 307 53 L'écriture
1331 2493 376 71 harmonique
1740 2496 134 51 était
1900 2497 48 51 le
1975 2497 231 69 langage
2231 2511 128 39 natu-

404 2567 80 51 rel
528 2568 95 51 des
656 2567 308 52 musiciens
1020 2570 269 53 sensuels.
1338 2571 158 52 Vous
1544 2589 333 52 comprenez
1916 2575 95 49 dès
2060 2573 111 52 lors
2213 2577 176 66 qu'un

404 2643 332 69 pédagogue
759 2643 273 70 religieux
1056 2662 220 35 comme
1309 2663 59 34 ce
1393 2648 216 69 d'lndy,
1637 2648 148 51 élevé
1804 2653 30 46 à
1865 2648 190 52 l'école
2074 2650 63 50 de
2173 2651 217 53 Franck

402 2718 98 70 qui
522 2718 132 53 était
687 2718 294 53 lui-même
1012 2738 108 35 une
1158 2722 249 52 manière
1441 2724 66 51 de
1528 2724 163 65 saint,
1721 2724 184 53 devait
1926 2726 268 52 chercher
2218 2727 143 52 d'ins-

400 2793 141 52 tinct
578 2811 78 35 un
689 2811 206 53 moyen
929 2797 66 51 de
1021 2808 275 56 protester
1319 2812 192 38 contre
1538 2816 58 34 ce
1619 2813 367 40 mouvement
2011 2801 374 56 abominable.

401 2867 79 54 Ce
510 2869 85 54 fut
618 2870 145 53 donc
790 2874 114 49 très
938 2872 390 68 logiquement
1361 2874 135 69 qu'il
1521 2876 85 50 fut
1639 2881 198 47 amené
1870 2881 30 47 à
1925 2876 210 53 choisir
2166 2895 218 35 comme

400 2961 203 53 moyen
640 2947 381 68 d'expression
1060 2964 109 36 une
1201 2948 180 53 forme
1427 2954 217 49 austère
1700 2966 52 38 et
1793 2966 301 56 purement
2141 2954 219 54 intellec-

397 3020 169 55 tuelle
590 3039 220 36 comme
837 3024 48 51 le
918 3025 359 68 contrepoint
1323 3039 53 40 et
1402 3044 86 35 ses
1510 3029 260 52 décentes
1802 3029 310 52 fantaisies.
2154 3029 167 62 C'est,
2356 3034 28 49 à

399 3113 137 37 mon
564 3099 136 64 avis,
744 3100 51 51 la
847 3102 152 50 seule
1042 3102 251 53 manière
1347 3104 351 70 d'expliquer
1745 3105 381 53 l'orientation
2173 3109 66 50 de
2281 3126 101 34 son

400 3174 148 51 école
611 3174 44 52 si
720 3175 442 70 représentative
1197 3194 11 35 :
1274 3179 50 51 la
1369 3179 198 52 Schola
1623 3180 303 52 Cantorum
1981 3180 84 54 fut
2116 3182 266 69 l'épisode

400 3253 263 67 suprême
696 3253 67 51 de
809 3253 51 51 la
890 3253 137 52 lutte
1077 3255 66 50 de
1176 3253 327 54 l'idéalisme
1536 3269 191 40 contre
1771 3258 49 51 le
1851 3258 423 53 matérialisme.
2307 3262 78 49 La

395 3325 224 53 bataille
653 3328 146 52 avait
825 3332 84 49 été
936 3329 169 52 livrée
1147 3348 96 34 sur
1265 3344 128 40 tous
1421 3332 77 50 les
1528 3345 184 40 autres
1738 3334 239 52 terrains
2011 3335 66 51 de
2098 3335 49 51 la
2180 3339 204 65 pensée

396 3401 269 55 humaine
706 3419 11 37 :
755 3404 324 53 l'idéalisme
1133 3408 301 51 succomba
1474 3420 245 58 partout.
1770 3410 78 52 Le
1881 3412 210 50 terrain
2147 3413 234 51 musical

395 3476 84 55 fut
504 3479 114 53 l'un
651 3481 97 51 des
781 3481 253 52 derniers
1056 3484 71 52 où
1169 3497 103 55 put
1295 3484 310 55 s'effectuer
1628 3486 377 53 l'émouvante
2038 3502 295 38 rencontre
2368 3505 9 36 :

392 3570 140 37 vous
566 3572 67 35 en
666 3558 329 52 connaissez
1021 3559 48 51 le
1094 3560 251 53 résultat.
1378 3561 62 52 Je
1473 3580 140 35 vous
1646 3580 242 52 propose
1914 3565 144 51 donc
2091 3566 66 51 de
2193 3565 183 52 saluer

397 3646 68 35 en
496 3648 59 34 ce
589 3632 201 70 d'lndy
814 3634 48 52 le
884 3635 223 52 dernier
1129 3636 200 54 vaincu
1364 3639 66 51 de
1458 3639 332 52 l'ldéalisme
1827 3644 10 48 !
1873 3641 126 51 Ace
2025 3641 129 51 titre
2188 3641 36 51 il
2258 3640 120 53 doit

396 3709 239 63 prendre
661 3709 154 68 place
848 3711 141 52 dans
1023 3713 47 52 le
1115 3713 407 68 Dictionnaire,
1548 3734 93 33 car
1670 3734 145 34 nous
1841 3718 211 50 devons
2076 3716 269 71 impérieu-

396 3796 217 38 sement
644 3798 85 39 cet
752 3786 301 73 hommage
1102 3808 70 35 au
1213 3808 237 52 courage
1481 3793 368 53 malheureux
1891 3799 7 46 !
1939 3795 105 51 Les
2091 3794 282 53 dernières
