2557 4216
959 237 58 30 LE
1051 235 240 31 MERCURE
1325 236 220 31 MUSICAL
1680 227 210 52 15-VI-06

428 237 17 41 5
459 237 55 42 74

420 440 237 42 sauraient
686 434 225 57 produire
955 434 194 42 l'œuvre
1175 434 111 42 d'un
1320 449 116 42 pays
1483 449 62 28 ou
1581 437 111 42 d'un
1732 436 190 55 peuple,
1964 436 117 43 mais
2117 438 118 43 celle
2279 440 137 44 d'une

417 500 163 55 région
602 507 43 31 et
669 508 203 42 presque
899 495 112 41 d'un
1032 495 208 43 clocher.

471 557 266 52 Toutefois,
765 557 38 42 si
828 557 68 42 les
924 566 183 47 aspects
1134 558 56 43 de
1216 572 89 29 nos
1331 559 189 56 régions
1547 568 109 34 sont
1681 560 381 52 dissemblables,
2101 561 57 43 ils
2185 569 106 34 sont
2322 564 72 42 voi-

415 623 112 42 sins.
558 621 63 41 Le
645 620 177 43 citadin
842 620 226 56 genevois
1104 629 70 34 est
1197 630 106 47 trop
1327 623 108 55 près
1458 624 82 42 des
1558 623 143 55 Alpes
1726 623 267 44 Vaudoises
2014 638 123 42 pour
2162 637 58 29 ne
2245 638 83 41 pas
2352 625 64 43 les

414 683 246 43 connaître
687 691 45 33 et
774 684 67 54 s'y
863 682 144 43 sentir
1030 697 65 28 un
1119 697 94 42 peu
1238 684 115 42 chez
1388 684 82 43 lui.
1511 687 59 40 Et
1596 685 37 43 si
1667 700 87 28 nos
1779 686 223 43 histoires
2030 685 234 52 diffèrent,
2305 687 111 43 elles

413 744 186 43 suivent
635 753 200 35 souvent
878 746 82 41 des
984 754 160 35 routes
1186 747 268 55 parallèles.
1484 748 100 42 Nos
1628 757 199 33 cantons
1855 759 84 33 ont
1971 750 245 41 combattu
2255 750 104 42 côte
2393 751 24 41 à

412 808 130 50 côte;
563 807 56 42 ils
647 816 82 33 ont
754 808 244 42 combattu
1019 809 183 42 chacun
1235 811 56 41 de
1316 809 101 43 leur
1444 810 121 55 côté,
1593 810 118 43 mais
1752 811 155 42 c'était
1931 821 203 34 souvent
2155 825 124 42 pour
2305 826 84 28 sou-

408 869 123 42 tenir
573 870 42 42 le
639 870 151 42 même
827 870 215 57 principe
1083 872 56 42 de
1164 872 165 43 liberté
1367 881 44 34 et
1446 873 319 43 d'autonomie
1783 888 10 39 ;
1833 874 56 42 ils
1934 882 83 34 ont
2042 874 244 42 combattu
2321 874 95 43 l'un

410 940 163 34 contre
612 932 181 55 l'autre,
820 933 118 42 mais
975 933 155 44 c'était
1151 949 123 42 pour
1316 949 270 41 conserver,
1614 950 60 28 au
1707 936 101 42 sein
1837 937 56 42 de
1919 936 101 43 leur
2047 936 217 54 alliance,
2291 936 125 44 leurs

406 994 251 43 traditions
685 994 254 44 séculaires
966 1004 46 35 et
1034 997 103 42 leur
1161 997 361 56 indépendance
1549 998 216 44 absolue.
1802 999 77 42 Un
1904 998 119 43 fond
2041 1013 226 28 commun
2296 999 96 43 d'as-

405 1056 230 55 pirations
665 1058 67 42 les
767 1058 121 42 unit.
932 1060 59 41 Et
1028 1060 65 43 M.
1132 1060 213 43 William
1390 1061 149 42 Ritter
1571 1061 193 43 écrivait
1797 1061 31 41 il
1867 1077 31 40 y
1923 1076 25 27 a
1986 1062 206 55 quelque
2223 1070 153 47 temps
2404 1082 9 26 :

408 1135 21 22 «
461 1119 52 42 Je
541 1119 122 42 crois
684 1121 56 41 de
762 1128 154 35 toutes
940 1135 100 28 mes
1059 1120 153 44 forces
1240 1124 22 40 à
1280 1136 66 28 un
1364 1131 76 34 ar/
1463 1124 148 42 suisse
1617 1157 9 19 ,
1644 1137 58 29 en
1726 1123 174 43 dehors
1933 1125 156 41 même
2126 1124 83 42 des
2232 1124 182 42 artistes

407 1182 176 42 suisses
606 1182 196 55 parfois.
833 1183 37 40 Il
911 1196 25 29 a
960 1183 89 53 été,
1077 1183 31 42 il
1134 1192 69 34 est
1235 1194 45 33 et
1304 1185 32 41 il
1363 1198 157 31 sera...
1547 1185 39 42 Il
1610 1185 65 44 vit
1700 1199 58 29 en
1795 1194 164 34 autant
1984 1187 56 41 de
2066 1186 197 57 langues
2291 1194 45 33 et
2359 1187 55 42 de

403 1243 156 54 patois
592 1244 144 56 qu'on
760 1245 197 53 voudra,
988 1253 43 35 et
1058 1260 47 29 se
1132 1246 83 44 fait
1239 1246 134 56 livre,
1399 1248 206 52 tableau,
1634 1256 153 35 statue
1821 1262 63 29 ou
1920 1248 191 55 édifice,
2145 1250 25 40 à
2207 1262 87 28 son
2320 1250 94 54 gré.

405 1306 37 41 Il
464 1306 226 55 s'appelle
718 1308 212 42 Holbein
962 1322 62 28 ou
1061 1309 177 55 Friess,
1281 1310 213 43 Buchser
1528 1324 62 29 ou
1618 1310 250 54 Boecklin,
1898 1311 240 43 Gottfried
2166 1311 163 42 Keller
2354 1325 61 28 ou

405 1368 490 44 Conrad-Ferdinand
933 1372 178 55 Meyer,
1157 1371 226 44 Monnier
1408 1375 82 41 des
1515 1374 157 56 Pages
1694 1374 271 56 genevoises
1999 1388 64 27 ou
2094 1373 219 56 Reynold
2353 1374 63 41 du

400 1431 134 56 Pays
570 1432 77 42 des
678 1438 146 36 aïeux
830 1466 9 18 ,
888 1441 131 35 etc...
1058 1435 41 41 A
1134 1448 85 29 vos
1263 1443 186 34 retours
1505 1435 55 42 de
1599 1435 266 56 l'étranger,
1894 1444 74 34 cet
2006 1444 71 34 art
2100 1450 120 29 vous
2254 1436 160 42 attend

403 1493 117 42 dans
558 1494 68 42 les
669 1494 230 56 quartiers
947 1495 169 44 intacts
1150 1497 56 41 de
1231 1510 84 30 vos
1339 1497 183 43 vieilles
1565 1497 152 51 villes,
1762 1499 24 41 à
1823 1497 280 44 Schaffouse
2131 1507 45 33 et
2214 1499 25 41 à
2266 1497 124 43 Stein-

405 1555 247 42 am-Rhein
679 1570 184 29 comme
897 1557 25 42 à
965 1558 117 42 Sion
1125 1568 44 33 et
1216 1561 22 40 à
1289 1560 190 55 Brigue,
1518 1561 25 41 à
1583 1560 235 57 Fribourg
1842 1574 185 29 comme
2054 1561 25 41 à
2113 1561 232 44 Lucerne.
2374 1560 39 42 Il

405 1631 47 28 se
484 1618 83 42 fait
589 1627 119 46 pont
749 1628 46 32 et
814 1618 32 42 il
873 1633 47 28 se
948 1619 83 43 fait
1056 1621 184 43 beffroi.
1286 1622 36 42 Il
1356 1631 70 33 est
1447 1622 214 56 festspiel
1709 1632 44 33 et
1783 1623 31 42 il
1842 1632 71 33 est
1934 1623 251 42 feuilleton
2206 1632 44 33 et
2275 1623 32 41 il
2347 1632 68 33 est

406 1679 249 44 almanach
680 1694 113 29 avec
819 1681 195 56 Diestli;
1035 1685 62 40 où
1122 1683 156 43 diable
1299 1698 57 28 ne
1380 1684 153 44 va-t-il
1557 1699 83 41 pas
1670 1698 49 30 se
1746 1686 198 42 nicher?
1981 1685 185 43 Parfois
2199 1686 43 41 là
2267 1686 60 41 où
2351 1700 62 27 on

404 1742 43 41 le
482 1742 201 43 cherche
708 1743 42 42 le
777 1743 154 43 moins
955 1758 41 31 ».
1020 1746 211 42 William
1259 1747 149 42 Ritter
1433 1747 42 42 le
1513 1747 66 42 dit
1618 1746 95 43 fort
1745 1747 110 42 bien
1884 1762 8 27 :
1929 1763 21 24 «
1979 1747 37 42 Il
2042 1756 71 33 est
2133 1747 213 56 festspiel
2372 1765 37 27 ».

460 1804 39 41 Il
524 1813 70 33 est
617 1805 230 55 festspiel,
875 1813 45 35 et
943 1806 33 41 il
1002 1816 71 32 est
1097 1808 166 42 chœur
1284 1809 290 53 d'hommes;
1598 1823 60 28 ou
1683 1810 157 55 plutôt
1873 1810 32 41 il
1927 1809 70 42 fut
2037 1810 165 42 chœur
2228 1810 153 41 d'hom-

404 1879 119 39 mes;
548 1866 31 42 il
605 1874 70 35 est
716 1876 46 33 et
794 1881 102 30 sera
920 1869 229 57 festspiel.
1199 1871 38 41 Il
1261 1871 70 42 fut
1356 1872 166 42 chœur
1546 1872 263 43 d'hommes
1836 1886 58 29 en
1939 1872 162 43 Suisse
2127 1873 283 53 allemande,

403 1943 58 29 en
482 1937 135 35 vertu
642 1930 139 42 d'une
803 1931 227 43 tradition
1067 1933 56 42 de
1161 1933 240 56 plusieurs
1424 1933 184 46 siècles.
1638 1935 120 42 Mais
1793 1944 122 34 cette
1941 1935 152 43 forme
2139 1950 47 28 se
2214 1936 149 43 survit
2387 1937 25 41 à

403 1991 307 56 grand'peine
728 2005 9 39 ;
772 2001 44 33 et
838 2007 122 41 pour
991 2003 102 33 tout
1118 1995 115 51 dire,
1259 1996 43 56 je
1325 1996 124 43 crois
1476 1996 111 43 bien
1622 1998 172 55 qu'elle
1830 2006 71 34 est
1926 1997 207 56 épuisée.
2173 1998 212 43 L'utilisa-

401 2053 103 42 tion
544 2053 244 43 meilleure
816 2055 62 42 du
900 2056 114 55 goût
1039 2057 56 42 de
1132 2067 134 33 notre
1306 2059 172 55 peuple
1503 2072 122 42 pour
1650 2060 44 41 la
1719 2060 221 56 musique
1986 2060 181 53 vocale,
2195 2062 152 54 qu'est
2368 2062 42 42 le

402 2115 227 56 festspiel,
654 2116 105 42 date
783 2117 127 42 aussi
953 2118 56 42 de
1035 2118 117 45 loin.
1186 2120 122 43 Mais
1336 2134 50 29 ce
1419 2121 121 42 n'est
1564 2122 139 55 qu'en
1731 2136 77 29 ces
1848 2120 243 45 dernières
2119 2123 174 42 années
2320 2137 90 42 que

404 2178 108 42 s'est
537 2177 261 56 développé
824 2192 52 29 ce
896 2182 234 53 spectacle
1150 2183 56 42 de
1230 2183 130 55 plein
1386 2184 68 42 air
1476 2184 63 42 où
1564 2184 43 42 la
1633 2184 179 55 poésie,
1830 2185 43 42 la
1892 2184 220 57 musique
2137 2194 44 34 et
2207 2186 43 41 la
2265 2187 145 42 danse

403 2249 295 33 concourent
736 2255 122 41 pour
883 2242 212 44 célébrer
1132 2245 42 41 le
1206 2245 181 54 travail,
1428 2246 45 42 la
1503 2246 150 56 patrie
1698 2261 62 28 ou
1792 2247 46 41 la
1864 2247 216 56 légende.
2106 2249 53 40 Et
2183 2248 68 42 les
2275 2248 108 42 meil-

402 2302 126 42 leurs
551 2303 176 42 d'entre
762 2317 87 29 nos
876 2306 348 54 compositeurs
1248 2316 83 34 ont
1351 2307 112 44 bien
1504 2308 208 57 compris
1759 2323 90 42 que
1875 2310 44 41 là
1953 2323 107 29 sans
2087 2311 143 42 doute
2258 2311 155 43 devait

403 2378 49 28 se
489 2363 251 43 continuer
780 2365 276 45 l'évolution
1085 2369 56 42 de
1167 2369 102 43 l'art
1292 2370 201 42 musical
1518 2371 174 42 suisse.
1731 2372 87 41 Cet
1860 2381 84 44 art,
1980 2371 81 56 qui
2084 2383 70 31 est
2175 2373 165 42 chœur
2367 2382 45 34 et

403 2426 213 55 festspiel
647 2440 57 29 en
732 2427 163 44 Suisse
922 2429 278 56 allemande,
1221 2442 120 33 —et
1369 2432 79 56 qui
1471 2448 30 40 y
1529 2442 71 34 est
1622 2433 282 55 symphonie
1941 2434 144 51 aussi,
2132 2435 114 43 chez
2275 2437 132 41 Hans

406 2489 166 41 Huber
591 2502 85 42 par
701 2490 233 56 exemple,
1049 2507 24 26 a
1094 2493 157 42 donné
1276 2494 219 56 jusqu'ici
1524 2509 94 42 peu
1644 2496 57 43 de
1726 2496 136 42 fruits
1894 2509 58 29 en
1976 2497 162 42 Suisse
2163 2500 247 45 romande.

408 2551 74 41 On
507 2551 60 54 l'y
591 2561 251 33 rencontre
871 2552 58 42 ici
953 2564 45 32 et
1022 2554 59 54 là,
1113 2556 117 41 dans
1257 2557 371 55 quelques-unes
1654 2558 83 42 des
1762 2558 108 55 plus
1896 2560 162 41 naïves
2085 2560 239 42 chansons
2351 2561 58 42 de

402 2613 443 54 Jàques-Dalcroze,
892 2616 111 41 chez
1026 2617 148 42 Doret
1193 2618 319 56 quelquefois,
1532 2627 44 34 et
1601 2619 113 42 chez
1743 2620 202 43 Lauber.
1974 2621 237 43 Peut-être
2238 2621 173 44 n'est-il

401 2675 138 55 point
556 2683 105 35 tout
685 2676 24 41 à
734 2675 83 43 fait
842 2678 168 42 absent
1036 2680 62 41 du
1122 2680 151 43 Devin
1298 2681 59 42 du
1381 2682 175 57 village
1576 2681 17 42 ï
1615 2683 126 41 C'est
1759 2690 106 35 tout
1898 2697 52 28 ce
1985 2685 142 54 qu'on
2151 2694 116 46 peut
2291 2685 116 45 dire.

406 2738 66 41 La
486 2737 218 56 musique
724 2740 226 42 romande
977 2741 75 42 n'a
1075 2756 83 41 pas
1179 2743 261 52 d'histoire,
1463 2758 62 28 ou
1553 2746 61 43 du
1640 2745 158 42 moins
1821 2760 89 28 son
1928 2745 198 44 histoire
2150 2756 71 33 est
2247 2757 160 34 courte

403 2808 46 34 et
473 2798 111 43 bien
617 2800 275 44 attristante.

461 2862 302 42 Retournons
786 2863 124 42 donc
933 2878 58 28 en
1012 2866 161 41 Suisse
1197 2867 281 43 allemande.
1503 2869 155 42 Avant
1682 2869 250 56 d'inspirer
1959 2871 67 42 les
2059 2871 350 55 compositeurs

404 2923 57 42 de
488 2923 190 43 chœurs
704 2925 262 43 d'hommes
990 2927 62 41 du
1077 2942 111 28 xvin
1191 2941 17 20 e
1234 2937 45 34 et
1304 2930 63 42 du
1398 2939 100 32 xixe
1527 2931 158 51 siècle,
1714 2932 102 42 l'art
1842 2932 152 43 suisse
2018 2932 122 43 avait
2164 2934 160 41 donné
2350 2948 58 29 au

403 2998 75 29 xvi
482 2997 16 21 e
523 2985 159 55 siècle,
710 2987 116 42 dans
851 2988 67 41 les
958 2998 172 34 motets
1165 2999 44 34 et
1231 2991 67 43 les
1325 3005 180 30 messes
1532 2994 58 42 de
1632 2993 177 55 Senfel,
1839 2994 81 55 qui
1953 2995 238 42 d'ailleurs
2216 2996 139 42 vécut
2383 2998 24 40 à

403 3047 214 54 Munich,
645 3049 341 55 quelques-uns
1013 3053 56 41 de
1096 3066 72 29 ses
1200 3054 108 55 plus
1341 3055 153 42 beaux
1520 3065 206 35 accents.
1752 3058 73 41 Au
1843 3071 57 29 xv
1905 3069 17 21 e
1947 3057 158 53 siècle,
2126 3058 31 41 il
2190 3058 219 57 inspirait

400 3109 68 42 les
494 3111 329 57 Minnesinger
829 3145 9 18 ,
943 3122 44 33 et
1003 3115 43 54 je
1070 3129 57 28 ne
1155 3116 92 42 sais
1270 3118 107 53 plus
1404 3118 79 54 qui
1512 3132 24 27 a
1561 3118 67 42 dit
1673 3132 91 42 que
1791 3118 233 43 Wolfram
2042 3120 363 43 d'Eschenbach

401 3172 112 42 était
533 3172 227 56 d'origine
787 3175 284 58 helvétique.
1101 3177 158 54 Enfin,
1287 3193 57 28 au
1381 3192 101 30 xnie
1507 3181 161 50 siècle,
1698 3195 62 27 on
1800 3195 58 29 en
1882 3190 165 34 trouve
2084 3183 68 41 les
2176 3184 230 55 premiers

400 3234 148 42 essais
574 3248 62 29 ou
661 3235 67 43 les
753 3237 257 55 premières
1036 3240 260 43 influences
1323 3243 116 42 dans
1465 3242 67 43 les
1560 3243 263 56 séquences
1861 3258 91 42 que
1976 3245 183 42 Notker
2190 3246 41 41 le
2254 3245 150 57 bègue

398 3296 194 44 écrivait
615 3311 59 29 au
709 3309 206 33 couvent
945 3302 55 41 de
1035 3302 276 44 Saint-Gall.
1338 3306 64 40 Ce
1435 3305 160 42 moine
1620 3306 155 43 l'avait
1801 3307 161 56 appris
1989 3322 57 27 en
2084 3308 223 42 écoutant
2337 3309 66 42 les

395 3360 159 54 pâtres
579 3374 175 29 sonner
793 3362 56 42 de
872 3362 102 43 leur
1001 3365 197 56 alphorn
1211 3400 8 9 .
1253 3367 58 41 Et
1334 3367 112 43 c'est
1480 3368 60 42 ici
1574 3382 108 28 sans
1710 3369 144 42 doute
1896 3370 114 56 qu'il
2046 3370 98 42 faut
2177 3371 228 43 chercher

395 3421 264 57 l'embryon
689 3432 45 34 et
763 3424 42 42 le
840 3426 235 43 caractère
1103 3429 55 41 de
1185 3443 51 28 ce
1263 3429 112 53 qu'il
1395 3438 115 47 peut
1540 3446 29 41 y
1599 3431 131 44 avoir
1755 3432 457 43 d'essentiellement
2251 3434 153 43 suisse

398 3483 115 42 dans
539 3493 134 34 notre
699 3500 236 42 musique.
979 3489 88 43 Ces
1093 3490 139 44 vieux
1275 3492 91 42 airs
1393 3493 56 43 de
1476 3493 253 56 l'alphorn,
1765 3494 193 55 adaptés
1983 3495 108 54 plus
2119 3496 106 41 tard
2251 3496 24 41 à
2322 3497 82 42 des

395 3546 205 54 paroles,
627 3548 196 44 doivent
847 3550 96 43 être
965 3551 214 59 l'origine
1202 3555 57 42 de
1285 3569 88 28 nos
1401 3570 115 44 ran%
1549 3556 79 44 des
1660 3558 164 43 vaches
1859 3565 44 34 et
1928 3558 82 41 des
2032 3558 160 54 jodler
2218 3559 55 41 de
2317 3572 87 30 nos

396 3612 355 53 montagnards.
788 3613 143 43 Entre
957 3628 89 29 eux
1066 3625 44 34 et
1134 3617 42 42 le
1198 3619 216 42 Hameau
1438 3619 56 42 de
1525 3619 449 56 Jaques-Dalcroze,
2000 3633 62 29 ou
2106 3621 110 42 telle
2243 3635 161 30 œuvre

397 3670 55 42 de
480 3672 219 55 Barblan,
727 3675 57 41 de
814 3676 163 43 Huber
1003 3692 63 28 ou
1091 3680 55 42 de
1169 3680 202 54 Lauber,
1398 3680 32 42 il
1461 3697 30 40 y
1516 3696 25 27 a
1578 3682 344 43 certainement
1944 3696 94 29 une
2065 3683 254 42 différence
2345 3685 57 42 de

395 3730 151 45 forme
567 3751 10 33 ;
599 3735 117 42 mais
741 3736 61 42 ici
829 3746 44 34 et
895 3739 45 42 là
963 3754 51 29 ce
1050 3741 100 43 doit
1181 3743 94 42 être
1307 3743 43 42 le
1390 3744 153 42 même
1583 3744 256 44 sentiment
1862 3758 9 40 ;
1905 3744 113 43 c'est
2058 3745 45 41 la
2127 3753 274 49 montagne,

398 3803 23 29 c
441 3802 69 33 est
547 3795 44 41 la
615 3796 135 54 forêt,
796 3808 44 34 et
872 3802 112 42 c'est
1009 3803 41 42 le
1073 3805 117 54 petit
1212 3805 72 43 lac
1308 3805 107 56 près
1458 3808 81 42 des
1565 3807 215 56 glaciers.
1818 3807 196 43 Comme
2041 3807 67 43 les
2132 3807 172 45 chants
2336 3817 65 47 ty-
