2557 4216
992 218 57 29 LE
1085 216 240 30 MERCURE
1358 213 220 32 MUSICAL
1705 203 222 52 15-VI-06

465 210 83 52 568

531 1276 240 53 Comme
799 1295 74 34 on
900 1279 48 50 le
976 1291 134 56 peut
1135 1277 141 68 voir,
1306 1279 47 50 la
1383 1279 343 69 paraphrase
1753 1277 75 54 du
1851 1289 146 40 texte
2018 1280 154 49 sacré
2190 1294 57 34 se
2269 1276 159 52 termi-

460 1366 139 40 nant
624 1371 98 36 sur
761 1355 47 51 le
841 1367 121 39 mot
986 1356 251 50 Dicentes
1264 1355 271 51 enchaîne
1557 1355 53 51 la
1635 1355 208 51 lecture
1864 1355 66 51 de
1963 1354 395 68 l'Apocalypse
2385 1369 69 38 au

461 1428 280 54 ravissant
760 1431 231 67 graduel
1015 1431 97 51 des
1132 1430 177 52 saints
1343 1431 306 51 Innocents
1686 1445 11 37 :

530 1511 65 66 eJ.
826 1506 201 52 Anima
1295 1514 193 45 nostra
1762 1506 141 52 sicut
2102 1525 197 49 passer
2321 1514 138 62 erept

602 1581 55 60 112.
781 1582 257 70 Laqueus
1357 1582 272 53 contritus
1974 1590 79 45 est
2236 1590 52 44 et
2406 1601 53 34 no
2050 1600 12 37 :

472 1665 250 44 nostrum
1032 1657 54 53 in
1203 1658 216 52 nomine
1441 1657 245 67 Domini,
2225 1658 234 71 quifecit

536 1733 126 54 Suit
679 1735 490 53 immédiatement
1195 1736 265 52 Valléluia
1488 1750 53 38 et
1559 1754 103 33 son
1684 1748 206 54 verset,
1908 1736 128 68 puis
2060 1736 157 52 vient
2233 1736 226 70 laprose

475 1809 160 53 Celsa
827 1811 70 68 pueri
898 1828 79 50 que
978 1827 132 36 nous
1133 1828 173 35 avons
1334 1812 221 51 donnée
1575 1812 127 69 plus
1729 1811 138 53 haut
1893 1823 53 40 et
1971 1811 100 70 qui
2096 1830 46 44 a,
2163 1828 76 36 on
2258 1830 121 51 apu
2415 1813 44 52 le

460 1901 351 53 remarquer,
854 1886 211 69 inspiré
1119 1887 51 52 la
1218 1886 266 53 farciture
1526 1888 66 51 de
1632 1887 234 70 l'épître.
1913 1887 230 55 Celle-ci
2178 1887 281 55 d'ailleurs

460 1973 85 40 est
578 1962 109 51 fort
708 1962 305 66 médiocre,
1032 1976 52 38 et
1107 1963 311 69 l'avantage
1442 1964 268 52 demeure
1737 1981 128 34 sans
1881 1977 250 39 conteste
2148 1967 29 48 à
2205 1964 51 51 la
2276 1964 183 52 vieille

461 2036 202 69 langue
698 2053 266 38 romane:
996 2055 142 35 nous
1171 2056 66 34 ne
1281 2038 260 52 saurions
1560 2056 146 37 nous
1726 2043 240 48 étonner
1997 2057 108 51 que
2133 2039 78 52 les
2243 2039 179 54 monia-

463 2112 80 51 les
583 2110 192 54 l'aient
801 2112 273 68 préférée.

637 2253 71 65 {A
740 2250 228 68 suivre.)

1836 2253 198 52 Pierre
2069 2253 209 52 Aubry.
