<?xml version="1.0" encoding="UTF-8"?>
<alto xmlns:xsi="http://www.w3.org/2001/XMLSchema-instance" xmlns="http://www.loc.gov/standards/alto/ns-v2#" xsi:schemaLocation="http://www.loc.gov/standards/alto/ns-v2# http://www.loc.gov/standards/alto/alto-v2.0.xsd" xmlns:xlink="http://www.w3.org/1999/xlink">
	<Description>
		<MeasurementUnit>mm10</MeasurementUnit>
		<sourceImageInformation>
			<fileName>//fileserver7/IN2-2/Princeton/bmtnaau/1929/07_01/00000120.tif</fileName>
		</sourceImageInformation>
		<OCRProcessing ID="OCRPROCESSING_1">
			<preProcessingStep>
				<processingSoftware>
					<softwareCreator>CCS Content Conversion Specialists GmbH, Germany</softwareCreator>
					<softwareName>CCS docWorks</softwareName>
					<softwareVersion>6.7-1.24</softwareVersion>
				</processingSoftware>
			</preProcessingStep>
			<ocrProcessingStep>
				<processingSoftware>
					<softwareCreator>ABBYY (BIT Software), Russia</softwareCreator>
					<softwareName>FineReader</softwareName>
					<softwareVersion>10.0</softwareVersion>
				</processingSoftware>
			</ocrProcessingStep>
		</OCRProcessing>
		<OCRProcessing ID="OCRPROCESSING_2">
			<preProcessingStep>
				<processingSoftware>
					<softwareCreator>CCS Content Conversion Specialists GmbH, Germany</softwareCreator>
					<softwareName>CCS docWorks</softwareName>
					<softwareVersion>6.7-1.24</softwareVersion>
				</processingSoftware>
			</preProcessingStep>
			<ocrProcessingStep>
				<processingSoftware>
					<softwareCreator>ABBYY (BIT Software), Russia</softwareCreator>
					<softwareName>NA</softwareName>
				</processingSoftware>
			</ocrProcessingStep>
		</OCRProcessing>
	</Description>
	<Styles>
		<TextStyle ID="TXT_0" FONTSIZE="12" FONTFAMILY="Times New Roman"/>
		<TextStyle ID="TXT_1" FONTSIZE="19" FONTFAMILY="Times New Roman"/>
		<TextStyle ID="TXT_2" FONTSIZE="19" FONTFAMILY="Times New Roman" FONTSTYLE="italics"/>
		<TextStyle ID="TXT_3" FONTSIZE="16" FONTFAMILY="Times New Roman" FONTSTYLE="bold"/>
		<TextStyle ID="TXT_4" FONTSIZE="16" FONTFAMILY="Times New Roman"/>
		<TextStyle ID="TXT_5" FONTSIZE="17" FONTFAMILY="Times New Roman"/>
		<ParagraphStyle ID="PAR_LEFT" ALIGN="Left"/>
		<ParagraphStyle ID="PAR_RIGHT" ALIGN="Right"/>
	</Styles>
	<Layout>
		<Page ID="P16" PHYSICAL_IMG_NR="16" HEIGHT="4310" WIDTH="2994" PRINTED_IMG_NR="96" PC="0.881">
			<TopMargin ID="P16_TM00001" HPOS="0" VPOS="0" WIDTH="2994" HEIGHT="125">
				<TextBlock ID="P16_TB00001" HPOS="138" VPOS="80" WIDTH="57" HEIGHT="43" STYLEREFS="TXT_0 PAR_LEFT">
					<TextLine ID="P16_TL00001" HPOS="138" VPOS="80" WIDTH="57" HEIGHT="43">
						<String ID="P16_ST00001" HPOS="138" VPOS="80" WIDTH="57" HEIGHT="43" CONTENT="96" WC="1.00" CC="00"/>
					</TextLine>
				</TextBlock>
			</TopMargin>
			<LeftMargin ID="P16_LM00001" HPOS="0" VPOS="125" WIDTH="136" HEIGHT="4023"/>
			<RightMargin ID="P16_RM00001" HPOS="2896" VPOS="125" WIDTH="98" HEIGHT="4023"/>
			<BottomMargin ID="P16_BM00001" HPOS="0" VPOS="4148" WIDTH="2994" HEIGHT="162"/>
			<PrintSpace ID="P16_PS00001" HPOS="136" VPOS="125" WIDTH="2760" HEIGHT="4023">
				<TextBlock ID="P16_TB00002" HPOS="136" VPOS="156" WIDTH="1345" HEIGHT="3973" STYLEREFS="TXT_1 PAR_LEFT">
					<TextLine ID="P16_TL00002" HPOS="249" VPOS="157" WIDTH="1222" HEIGHT="73">
						<String ID="P16_ST00002" HPOS="249" VPOS="170" WIDTH="84" HEIGHT="56" CONTENT="58." WC="0.43" CC="754"/>
						<SP ID="P16_SP00001" HPOS="333" VPOS="226" WIDTH="42"/>
						<String ID="P16_ST00003" HPOS="375" VPOS="167" WIDTH="165" HEIGHT="57" CONTENT="Silver" WC="0.99" CC="444000"/>
						<SP ID="P16_SP00002" HPOS="540" VPOS="226" WIDTH="65"/>
						<String ID="P16_ST00004" HPOS="605" VPOS="164" WIDTH="207" HEIGHT="57" CONTENT="snuffers" WC="0.99" CC="00067130"/>
						<SP ID="P16_SP00003" HPOS="812" VPOS="226" WIDTH="65"/>
						<String ID="P16_ST00005" HPOS="877" VPOS="160" WIDTH="99" HEIGHT="58" CONTENT="and" WC="0.99" CC="020"/>
						<SP ID="P16_SP00004" HPOS="976" VPOS="226" WIDTH="66"/>
						<String ID="P16_ST00006" HPOS="1042" VPOS="175" WIDTH="105" HEIGHT="55" CONTENT="tray" WC="0.99" CC="3200"/>
						<SP ID="P16_SP00005" HPOS="1147" VPOS="230" WIDTH="65"/>
						<String ID="P16_ST00007" HPOS="1212" VPOS="157" WIDTH="259" HEIGHT="73" CONTENT="weighing" WC="0.98" CC="00860465"/>
					</TextLine>
					<TextLine ID="P16_TL00003" HPOS="140" VPOS="244" WIDTH="213" HEIGHT="69">
						<String ID="P16_ST00008" HPOS="140" VPOS="244" WIDTH="103" HEIGHT="55" CONTENT="205" WC="0.77" CC="060"/>
						<SP ID="P16_SP00006" HPOS="243" VPOS="299" WIDTH="43"/>
						<String ID="P16_ST00009" HPOS="286" VPOS="264" WIDTH="67" HEIGHT="49" CONTENT="gr." WC="0.61" CC="730"/>
					</TextLine>
					<TextLine ID="P16_TL00004" HPOS="249" VPOS="304" WIDTH="1228" HEIGHT="75">
						<String ID="P16_ST00010" HPOS="249" VPOS="317" WIDTH="84" HEIGHT="56" CONTENT="59." WC="0.87" CC="003"/>
						<SP ID="P16_SP00007" HPOS="333" VPOS="373" WIDTH="43"/>
						<String ID="P16_ST00011" HPOS="376" VPOS="315" WIDTH="131" HEIGHT="56" CONTENT="Four" WC="1.00" CC="2000"/>
						<SP ID="P16_SP00008" HPOS="507" VPOS="373" WIDTH="57"/>
						<String ID="P16_ST00012" HPOS="564" VPOS="310" WIDTH="381" HEIGHT="58" CONTENT="hors-d'oeuvre" WC="1.00" CC="0052402000044"/>
						<SP ID="P16_SP00009" HPOS="945" VPOS="373" WIDTH="50"/>
						<String ID="P16_ST00013" HPOS="995" VPOS="310" WIDTH="172" HEIGHT="69" CONTENT="pieces" WC="0.99" CC="031004"/>
						<SP ID="P16_SP00010" HPOS="1167" VPOS="379" WIDTH="52"/>
						<String ID="P16_ST00014" HPOS="1219" VPOS="304" WIDTH="258" HEIGHT="73" CONTENT="weighing" WC="0.99" CC="00600409"/>
					</TextLine>
					<TextLine ID="P16_TL00005" HPOS="141" VPOS="390" WIDTH="214" HEIGHT="69">
						<String ID="P16_ST00015" HPOS="141" VPOS="390" WIDTH="104" HEIGHT="55" CONTENT="270" WC="0.77" CC="006"/>
						<SP ID="P16_SP00011" HPOS="245" VPOS="445" WIDTH="40"/>
						<String ID="P16_ST00016" HPOS="285" VPOS="410" WIDTH="70" HEIGHT="49" CONTENT="gr." WC="0.87" CC="003"/>
					</TextLine>
					<TextLine ID="P16_TL00006" HPOS="248" VPOS="453" WIDTH="1224" HEIGHT="74">
						<String ID="P16_ST00017" HPOS="248" VPOS="463" WIDTH="85" HEIGHT="55" CONTENT="60." WC="0.72" CC="304"/>
						<SP ID="P16_SP00012" HPOS="333" VPOS="518" WIDTH="42"/>
						<String ID="P16_ST00018" HPOS="375" VPOS="459" WIDTH="135" HEIGHT="58" CONTENT="Two" WC="0.98" CC="005"/>
						<SP ID="P16_SP00013" HPOS="510" VPOS="518" WIDTH="38"/>
						<String ID="P16_ST00019" HPOS="548" VPOS="459" WIDTH="165" HEIGHT="56" CONTENT="butter" WC="0.99" CC="700005"/>
						<SP ID="P16_SP00014" HPOS="713" VPOS="518" WIDTH="39"/>
						<String ID="P16_ST00020" HPOS="752" VPOS="458" WIDTH="174" HEIGHT="56" CONTENT="knives" WC="0.98" CC="077900"/>
						<SP ID="P16_SP00015" HPOS="926" VPOS="518" WIDTH="39"/>
						<String ID="P16_ST00021" HPOS="965" VPOS="454" WIDTH="260" HEIGHT="73" CONTENT="weighing" WC="0.99" CC="00207438"/>
						<SP ID="P16_SP00016" HPOS="1225" VPOS="527" WIDTH="27"/>
						<String ID="P16_ST00022" HPOS="1252" VPOS="453" WIDTH="103" HEIGHT="57" CONTENT="285" WC="0.80" CC="060"/>
						<SP ID="P16_SP00017" HPOS="1355" VPOS="527" WIDTH="49"/>
						<String ID="P16_ST00023" HPOS="1404" VPOS="473" WIDTH="68" HEIGHT="50" CONTENT="gr." WC="0.34" CC="864"/>
					</TextLine>
					<TextLine ID="P16_TL00007" HPOS="248" VPOS="527" WIDTH="1225" HEIGHT="76">
						<String ID="P16_ST00024" HPOS="248" VPOS="537" WIDTH="86" HEIGHT="55" CONTENT="61." WC="0.68" CC="044"/>
						<SP ID="P16_SP00018" HPOS="334" VPOS="592" WIDTH="42"/>
						<String ID="P16_ST00025" HPOS="376" VPOS="534" WIDTH="132" HEIGHT="56" CONTENT="Four" WC="1.00" CC="0000"/>
						<SP ID="P16_SP00019" HPOS="508" VPOS="592" WIDTH="27"/>
						<String ID="P16_ST00026" HPOS="535" VPOS="556" WIDTH="183" HEIGHT="47" CONTENT="spoons" WC="1.00" CC="000230"/>
						<SP ID="P16_SP00020" HPOS="718" VPOS="603" WIDTH="28"/>
						<String ID="P16_ST00027" HPOS="746" VPOS="532" WIDTH="73" HEIGHT="54" CONTENT="for" WC="0.97" CC="600"/>
						<SP ID="P16_SP00021" HPOS="819" VPOS="603" WIDTH="30"/>
						<String ID="P16_ST00028" HPOS="849" VPOS="538" WIDTH="255" HEIGHT="47" CONTENT="entremets" WC="0.99" CC="006663070" STYLEREFS="TXT_2"/>
						<SP ID="P16_SP00022" HPOS="1104" VPOS="603" WIDTH="57"/>
						<String ID="P16_ST00029" HPOS="1161" VPOS="527" WIDTH="135" HEIGHT="70" CONTENT="(side" WC="0.98" CC="33800"/>
						<SP ID="P16_SP00023" HPOS="1296" VPOS="603" WIDTH="40"/>
						<String ID="P16_ST00030" HPOS="1336" VPOS="527" WIDTH="110" HEIGHT="56" CONTENT="dish" SUBS_TYPE="HypPart1" SUBS_CONTENT="dishes)" WC="0.98" CC="0600"/>
						<HYP HPOS="1446" VPOS="527" WIDTH="27" CONTENT="-"/>
					</TextLine>
					<TextLine ID="P16_TL00008" HPOS="137" VPOS="607" WIDTH="625" HEIGHT="71">
						<String ID="P16_ST00031" HPOS="137" VPOS="609" WIDTH="78" HEIGHT="69" CONTENT="es)" SUBS_TYPE="HypPart2" SUBS_CONTENT="dishes)" WC="0.97" CC="033"/>
						<SP ID="P16_SP00024" HPOS="215" VPOS="678" WIDTH="38"/>
						<String ID="P16_ST00032" HPOS="253" VPOS="607" WIDTH="255" HEIGHT="71" CONTENT="weighing" WC="0.99" CC="00400505"/>
						<SP ID="P16_SP00025" HPOS="508" VPOS="678" WIDTH="40"/>
						<String ID="P16_ST00033" HPOS="548" VPOS="607" WIDTH="106" HEIGHT="54" CONTENT="288" WC="0.56" CC="066"/>
						<SP ID="P16_SP00026" HPOS="654" VPOS="678" WIDTH="40"/>
						<String ID="P16_ST00034" HPOS="694" VPOS="627" WIDTH="68" HEIGHT="48" CONTENT="gr." WC="0.77" CC="600"/>
					</TextLine>
					<TextLine ID="P16_TL00009" HPOS="247" VPOS="674" WIDTH="1228" HEIGHT="78">
						<String ID="P16_ST00035" HPOS="247" VPOS="684" WIDTH="86" HEIGHT="54" CONTENT="62." WC="0.77" CC="303"/>
						<SP ID="P16_SP00027" HPOS="333" VPOS="738" WIDTH="42"/>
						<String ID="P16_ST00036" HPOS="375" VPOS="680" WIDTH="135" HEIGHT="56" CONTENT="Two" WC="1.00" CC="001"/>
						<SP ID="P16_SP00028" HPOS="510" VPOS="738" WIDTH="38"/>
						<String ID="P16_ST00037" HPOS="548" VPOS="693" WIDTH="193" HEIGHT="59" CONTENT='ragout"' WC="0.98" CC="9045463"/>
						<SP ID="P16_SP00029" HPOS="741" VPOS="752" WIDTH="20"/>
						<String ID="P16_ST00038" HPOS="761" VPOS="701" WIDTH="184" HEIGHT="49" CONTENT="spoons" WC="0.99" CC="002520"/>
						<SP ID="P16_SP00030" HPOS="945" VPOS="752" WIDTH="40"/>
						<String ID="P16_ST00039" HPOS="985" VPOS="675" WIDTH="257" HEIGHT="73" CONTENT="weighing" WC="0.99" CC="00300569"/>
						<SP ID="P16_SP00031" HPOS="1242" VPOS="752" WIDTH="26"/>
						<String ID="P16_ST00040" HPOS="1268" VPOS="674" WIDTH="106" HEIGHT="57" CONTENT="455" WC="1.00" CC="000"/>
						<SP ID="P16_SP00032" HPOS="1374" VPOS="752" WIDTH="31"/>
						<String ID="P16_ST00041" HPOS="1405" VPOS="696" WIDTH="70" HEIGHT="49" CONTENT="gr." WC="0.64" CC="703"/>
					</TextLine>
					<TextLine ID="P16_TL00010" HPOS="374" VPOS="753" WIDTH="1074" HEIGHT="71">
						<String ID="P16_ST00042" HPOS="374" VPOS="753" WIDTH="134" HEIGHT="56" CONTENT="Two" WC="1.00" CC="000"/>
						<SP ID="P16_SP00033" HPOS="508" VPOS="809" WIDTH="38"/>
						<String ID="P16_ST00043" HPOS="546" VPOS="767" WIDTH="173" HEIGHT="57" CONTENT="ragout" WC="0.98" CC="609017"/>
						<SP ID="P16_SP00034" HPOS="719" VPOS="824" WIDTH="39"/>
						<String ID="P16_ST00044" HPOS="758" VPOS="774" WIDTH="185" HEIGHT="49" CONTENT="spoons" WC="0.97" CC="381670"/>
						<SP ID="P16_SP00035" HPOS="943" VPOS="824" WIDTH="151"/>
						<String ID="P16_ST00045" HPOS="1094" VPOS="779" WIDTH="23" HEIGHT="22" CONTENT="»" WC="1.00" CC="0"/>
						<SP ID="P16_SP00036" HPOS="1117" VPOS="824" WIDTH="198"/>
						<String ID="P16_ST00046" HPOS="1315" VPOS="779" WIDTH="23" HEIGHT="21" CONTENT="»" WC="1.00" CC="0"/>
						<SP ID="P16_SP00037" HPOS="1338" VPOS="824" WIDTH="87"/>
						<String ID="P16_ST00047" HPOS="1425" VPOS="778" WIDTH="23" HEIGHT="22" CONTENT="»" WC="1.00" CC="0"/>
					</TextLine>
					<TextLine ID="P16_TL00011" HPOS="247" VPOS="823" WIDTH="1154" HEIGHT="75">
						<String ID="P16_ST00048" HPOS="247" VPOS="829" WIDTH="86" HEIGHT="56" CONTENT="63." WC="0.53" CC="624"/>
						<SP ID="P16_SP00038" HPOS="333" VPOS="885" WIDTH="41"/>
						<String ID="P16_ST00049" HPOS="374" VPOS="826" WIDTH="297" HEIGHT="72" CONTENT="Asparagus" WC="1.00" CC="000000710"/>
						<SP ID="P16_SP00039" HPOS="671" VPOS="898" WIDTH="39"/>
						<String ID="P16_ST00050" HPOS="710" VPOS="840" WIDTH="144" HEIGHT="56" CONTENT="tongs" WC="0.98" CC="00293"/>
						<SP ID="P16_SP00040" HPOS="854" VPOS="898" WIDTH="39"/>
						<String ID="P16_ST00051" HPOS="893" VPOS="823" WIDTH="258" HEIGHT="72" CONTENT="weighing" WC="0.99" CC="00700300"/>
						<SP ID="P16_SP00041" HPOS="1151" VPOS="898" WIDTH="34"/>
						<String ID="P16_ST00052" HPOS="1185" VPOS="823" WIDTH="107" HEIGHT="56" CONTENT="279" WC="1.00" CC="000"/>
						<SP ID="P16_SP00042" HPOS="1292" VPOS="898" WIDTH="41"/>
						<String ID="P16_ST00053" HPOS="1333" VPOS="843" WIDTH="68" HEIGHT="49" CONTENT="gr." WC="0.79" CC="023"/>
					</TextLine>
					<TextLine ID="P16_TL00012" HPOS="247" VPOS="895" WIDTH="1229" HEIGHT="75">
						<String ID="P16_ST00054" HPOS="247" VPOS="903" WIDTH="85" HEIGHT="56" CONTENT="64." WC="0.65" CC="604"/>
						<SP ID="P16_SP00043" HPOS="332" VPOS="959" WIDTH="42"/>
						<String ID="P16_ST00055" HPOS="374" VPOS="900" WIDTH="214" HEIGHT="56" CONTENT="Twelve" WC="1.00" CC="000600"/>
						<SP ID="P16_SP00044" HPOS="588" VPOS="959" WIDTH="51"/>
						<String ID="P16_ST00056" HPOS="639" VPOS="899" WIDTH="160" HEIGHT="57" CONTENT="coffee" WC="0.98" CC="357601"/>
						<SP ID="P16_SP00045" HPOS="799" VPOS="959" WIDTH="41"/>
						<String ID="P16_ST00057" HPOS="840" VPOS="922" WIDTH="202" HEIGHT="48" CONTENT="spoons," WC="0.99" CC="0073103"/>
						<SP ID="P16_SP00046" HPOS="1042" VPOS="970" WIDTH="42"/>
						<String ID="P16_ST00058" HPOS="1084" VPOS="895" WIDTH="174" HEIGHT="72" CONTENT="gilded" WC="0.99" CC="070000"/>
						<SP ID="P16_SP00047" HPOS="1258" VPOS="970" WIDTH="52"/>
						<String ID="P16_ST00059" HPOS="1310" VPOS="896" WIDTH="166" HEIGHT="63" CONTENT="silver," WC="0.99" CC="0550023"/>
					</TextLine>
					<TextLine ID="P16_TL00013" HPOS="136" VPOS="975" WIDTH="512" HEIGHT="71">
						<String ID="P16_ST00060" HPOS="136" VPOS="975" WIDTH="257" HEIGHT="71" CONTENT="weighing" WC="0.99" CC="00650460"/>
						<SP ID="P16_SP00048" HPOS="393" VPOS="1046" WIDTH="39"/>
						<String ID="P16_ST00061" HPOS="432" VPOS="975" WIDTH="103" HEIGHT="56" CONTENT="225" WC="0.79" CC="006"/>
						<SP ID="P16_SP00049" HPOS="535" VPOS="1046" WIDTH="44"/>
						<String ID="P16_ST00062" HPOS="579" VPOS="995" WIDTH="69" HEIGHT="50" CONTENT="gr." WC="0.56" CC="903"/>
					</TextLine>
					<TextLine ID="P16_TL00014" HPOS="247" VPOS="1045" WIDTH="999" HEIGHT="74">
						<String ID="P16_ST00063" HPOS="247" VPOS="1049" WIDTH="86" HEIGHT="56" CONTENT="65." WC="0.85" CC="004"/>
						<SP ID="P16_SP00050" HPOS="333" VPOS="1105" WIDTH="43"/>
						<String ID="P16_ST00064" HPOS="376" VPOS="1049" WIDTH="144" HEIGHT="70" CONTENT="Soup" WC="1.00" CC="0020"/>
						<SP ID="P16_SP00051" HPOS="520" VPOS="1119" WIDTH="38"/>
						<String ID="P16_ST00065" HPOS="558" VPOS="1047" WIDTH="136" HEIGHT="56" CONTENT="ladle" WC="0.98" CC="52050"/>
						<SP ID="P16_SP00052" HPOS="694" VPOS="1119" WIDTH="38"/>
						<String ID="P16_ST00066" HPOS="732" VPOS="1046" WIDTH="258" HEIGHT="71" CONTENT="weighing" WC="0.98" CC="00690747"/>
						<SP ID="P16_SP00053" HPOS="990" VPOS="1119" WIDTH="40"/>
						<String ID="P16_ST00067" HPOS="1030" VPOS="1045" WIDTH="104" HEIGHT="56" CONTENT="233" WC="0.77" CC="032"/>
						<SP ID="P16_SP00054" HPOS="1134" VPOS="1119" WIDTH="44"/>
						<String ID="P16_ST00068" HPOS="1178" VPOS="1065" WIDTH="68" HEIGHT="50" CONTENT="gr." WC="0.80" CC="014"/>
					</TextLine>
					<TextLine ID="P16_TL00015" HPOS="247" VPOS="1116" WIDTH="1191" HEIGHT="74">
						<String ID="P16_ST00069" HPOS="247" VPOS="1122" WIDTH="86" HEIGHT="55" CONTENT="66." WC="0.86" CC="004"/>
						<SP ID="P16_SP00055" HPOS="333" VPOS="1177" WIDTH="41"/>
						<String ID="P16_ST00070" HPOS="374" VPOS="1120" WIDTH="217" HEIGHT="56" CONTENT="Twelve" WC="0.99" CC="033700"/>
						<SP ID="P16_SP00056" HPOS="591" VPOS="1177" WIDTH="39"/>
						<String ID="P16_ST00071" HPOS="630" VPOS="1129" WIDTH="221" HEIGHT="45" CONTENT="converts" WC="0.99" CC="00756420" STYLEREFS="TXT_2"/>
						<SP ID="P16_SP00057" HPOS="851" VPOS="1177" WIDTH="37"/>
						<String ID="P16_ST00072" HPOS="888" VPOS="1117" WIDTH="258" HEIGHT="73" CONTENT="weighing" WC="1.00" CC="00400210"/>
						<SP ID="P16_SP00058" HPOS="1146" VPOS="1190" WIDTH="39"/>
						<String ID="P16_ST00073" HPOS="1185" VPOS="1116" WIDTH="140" HEIGHT="57" CONTENT="2115" WC="0.46" CC="0775"/>
						<SP ID="P16_SP00059" HPOS="1325" VPOS="1190" WIDTH="44"/>
						<String ID="P16_ST00074" HPOS="1369" VPOS="1139" WIDTH="46" HEIGHT="48" CONTENT="gr" SUBS_TYPE="HypPart1" SUBS_CONTENT="gr-67." WC="0.37" CC="77"/>
						<HYP HPOS="1415" VPOS="1139" WIDTH="23" CONTENT="-"/>
					</TextLine>
					<TextLine ID="P16_TL00016" HPOS="247" VPOS="1191" WIDTH="1191" HEIGHT="72">
						<String ID="P16_ST00075" HPOS="247" VPOS="1196" WIDTH="86" HEIGHT="55" CONTENT="-67." SUBS_TYPE="HypPart2" SUBS_CONTENT="gr-67." WC="0.86" CC="0040"/>
						<SP ID="P16_SP00060" HPOS="333" VPOS="1251" WIDTH="41"/>
						<String ID="P16_ST00076" HPOS="374" VPOS="1193" WIDTH="216" HEIGHT="56" CONTENT="Twelve" WC="0.99" CC="000600"/>
						<SP ID="P16_SP00061" HPOS="590" VPOS="1251" WIDTH="40"/>
						<String ID="P16_ST00077" HPOS="630" VPOS="1202" WIDTH="222" HEIGHT="46" CONTENT="converts" WC="0.99" CC="00029250" STYLEREFS="TXT_2"/>
						<SP ID="P16_SP00062" HPOS="852" VPOS="1251" WIDTH="36"/>
						<String ID="P16_ST00078" HPOS="888" VPOS="1191" WIDTH="258" HEIGHT="72" CONTENT="weighing" WC="1.00" CC="00400400"/>
						<SP ID="P16_SP00063" HPOS="1146" VPOS="1263" WIDTH="39"/>
						<String ID="P16_ST00079" HPOS="1185" VPOS="1191" WIDTH="144" HEIGHT="57" CONTENT="2100" WC="0.53" CC="0656"/>
						<SP ID="P16_SP00064" HPOS="1329" VPOS="1263" WIDTH="40"/>
						<String ID="P16_ST00080" HPOS="1369" VPOS="1213" WIDTH="69" HEIGHT="49" CONTENT="gr." WC="0.41" CC="933"/>
					</TextLine>
					<TextLine ID="P16_TL00017" HPOS="247" VPOS="1265" WIDTH="1073" HEIGHT="72">
						<String ID="P16_ST00081" HPOS="247" VPOS="1270" WIDTH="86" HEIGHT="56" CONTENT="68." WC="0.46" CC="474"/>
						<SP ID="P16_SP00065" HPOS="333" VPOS="1326" WIDTH="42"/>
						<String ID="P16_ST00082" HPOS="375" VPOS="1268" WIDTH="91" HEIGHT="55" CONTENT="Six" WC="0.97" CC="062"/>
						<SP ID="P16_SP00066" HPOS="466" VPOS="1326" WIDTH="41"/>
						<String ID="P16_ST00083" HPOS="507" VPOS="1277" WIDTH="221" HEIGHT="45" CONTENT="converts" WC="0.99" CC="02076000" STYLEREFS="TXT_2"/>
						<SP ID="P16_SP00067" HPOS="728" VPOS="1326" WIDTH="36"/>
						<String ID="P16_ST00084" HPOS="764" VPOS="1266" WIDTH="257" HEIGHT="71" CONTENT="weighing" WC="0.98" CC="00570479"/>
						<SP ID="P16_SP00068" HPOS="1021" VPOS="1337" WIDTH="55"/>
						<String ID="P16_ST00085" HPOS="1076" VPOS="1265" WIDTH="135" HEIGHT="55" CONTENT="1050" WC="0.58" CC="7530"/>
						<SP ID="P16_SP00069" HPOS="1211" VPOS="1337" WIDTH="39"/>
						<String ID="P16_ST00086" HPOS="1250" VPOS="1286" WIDTH="70" HEIGHT="50" CONTENT="gr." WC="0.66" CC="090"/>
					</TextLine>
					<TextLine ID="P16_TL00018" HPOS="247" VPOS="1338" WIDTH="1107" HEIGHT="73">
						<String ID="P16_ST00087" HPOS="247" VPOS="1342" WIDTH="86" HEIGHT="56" CONTENT="69." WC="0.90" CC="200"/>
						<SP ID="P16_SP00070" HPOS="333" VPOS="1398" WIDTH="41"/>
						<String ID="P16_ST00088" HPOS="374" VPOS="1341" WIDTH="217" HEIGHT="56" CONTENT="Twelve" WC="0.99" CC="070500"/>
						<SP ID="P16_SP00071" HPOS="591" VPOS="1398" WIDTH="38"/>
						<String ID="P16_ST00089" HPOS="629" VPOS="1340" WIDTH="132" HEIGHT="57" CONTENT="forks" WC="0.98" CC="60056"/>
						<SP ID="P16_SP00072" HPOS="761" VPOS="1398" WIDTH="41"/>
						<String ID="P16_ST00090" HPOS="802" VPOS="1340" WIDTH="257" HEIGHT="71" CONTENT="weighing" WC="1.00" CC="00600020"/>
						<SP ID="P16_SP00073" HPOS="1059" VPOS="1411" WIDTH="47"/>
						<String ID="P16_ST00091" HPOS="1106" VPOS="1338" WIDTH="135" HEIGHT="56" CONTENT="1047" WC="0.78" CC="7100"/>
						<SP ID="P16_SP00074" HPOS="1241" VPOS="1411" WIDTH="43"/>
						<String ID="P16_ST00092" HPOS="1284" VPOS="1360" WIDTH="70" HEIGHT="49" CONTENT="gr." WC="0.54" CC="903"/>
					</TextLine>
					<TextLine ID="P16_TL00019" HPOS="249" VPOS="1411" WIDTH="1105" HEIGHT="73">
						<String ID="P16_ST00093" HPOS="249" VPOS="1414" WIDTH="84" HEIGHT="56" CONTENT="70." WC="0.73" CC="034"/>
						<SP ID="P16_SP00075" HPOS="333" VPOS="1470" WIDTH="41"/>
						<String ID="P16_ST00094" HPOS="374" VPOS="1413" WIDTH="217" HEIGHT="56" CONTENT="Twelve" WC="1.00" CC="000100"/>
						<SP ID="P16_SP00076" HPOS="591" VPOS="1470" WIDTH="39"/>
						<String ID="P16_ST00095" HPOS="630" VPOS="1413" WIDTH="132" HEIGHT="56" CONTENT="forks" WC="0.98" CC="63500"/>
						<SP ID="P16_SP00077" HPOS="762" VPOS="1470" WIDTH="40"/>
						<String ID="P16_ST00096" HPOS="802" VPOS="1412" WIDTH="259" HEIGHT="72" CONTENT="weighing" WC="1.00" CC="00400000"/>
						<SP ID="P16_SP00078" HPOS="1061" VPOS="1484" WIDTH="47"/>
						<String ID="P16_ST00097" HPOS="1108" VPOS="1411" WIDTH="134" HEIGHT="57" CONTENT="1057" WC="0.70" CC="6400"/>
						<SP ID="P16_SP00079" HPOS="1242" VPOS="1484" WIDTH="44"/>
						<String ID="P16_ST00098" HPOS="1286" VPOS="1434" WIDTH="68" HEIGHT="49" CONTENT="gr." WC="0.80" CC="023"/>
					</TextLine>
					<TextLine ID="P16_TL00020" HPOS="248" VPOS="1484" WIDTH="1106" HEIGHT="74">
						<String ID="P16_ST00099" HPOS="248" VPOS="1488" WIDTH="85" HEIGHT="56" CONTENT="71." WC="0.61" CC="074"/>
						<SP ID="P16_SP00080" HPOS="333" VPOS="1544" WIDTH="41"/>
						<String ID="P16_ST00100" HPOS="374" VPOS="1487" WIDTH="217" HEIGHT="56" CONTENT="Twelve" WC="1.00" CC="000500"/>
						<SP ID="P16_SP00081" HPOS="591" VPOS="1544" WIDTH="39"/>
						<String ID="P16_ST00101" HPOS="630" VPOS="1487" WIDTH="132" HEIGHT="56" CONTENT="forks" WC="0.98" CC="70400"/>
						<SP ID="P16_SP00082" HPOS="762" VPOS="1544" WIDTH="41"/>
						<String ID="P16_ST00102" HPOS="803" VPOS="1486" WIDTH="258" HEIGHT="72" CONTENT="weighing" WC="0.99" CC="02700500"/>
						<SP ID="P16_SP00083" HPOS="1061" VPOS="1558" WIDTH="47"/>
						<String ID="P16_ST00103" HPOS="1108" VPOS="1484" WIDTH="137" HEIGHT="57" CONTENT="1060" WC="0.68" CC="7500"/>
						<SP ID="P16_SP00084" HPOS="1245" VPOS="1558" WIDTH="41"/>
						<String ID="P16_ST00104" HPOS="1286" VPOS="1507" WIDTH="68" HEIGHT="50" CONTENT="gr." WC="0.75" CC="024"/>
					</TextLine>
					<TextLine ID="P16_TL00021" HPOS="249" VPOS="1559" WIDTH="1106" HEIGHT="73">
						<String ID="P16_ST00105" HPOS="249" VPOS="1562" WIDTH="85" HEIGHT="56" CONTENT="72." WC="0.99" CC="000"/>
						<SP ID="P16_SP00085" HPOS="334" VPOS="1618" WIDTH="41"/>
						<String ID="P16_ST00106" HPOS="375" VPOS="1561" WIDTH="216" HEIGHT="57" CONTENT="Twelve" WC="1.00" CC="000500"/>
						<SP ID="P16_SP00086" HPOS="591" VPOS="1618" WIDTH="39"/>
						<String ID="P16_ST00107" HPOS="630" VPOS="1561" WIDTH="132" HEIGHT="55" CONTENT="forks" WC="0.97" CC="72903"/>
						<SP ID="P16_SP00087" HPOS="762" VPOS="1618" WIDTH="41"/>
						<String ID="P16_ST00108" HPOS="803" VPOS="1561" WIDTH="256" HEIGHT="71" CONTENT="weighing" WC="0.99" CC="00070800"/>
						<SP ID="P16_SP00088" HPOS="1059" VPOS="1632" WIDTH="47"/>
						<String ID="P16_ST00109" HPOS="1106" VPOS="1559" WIDTH="139" HEIGHT="57" CONTENT="1058" WC="0.66" CC="7006"/>
						<SP ID="P16_SP00089" HPOS="1245" VPOS="1632" WIDTH="41"/>
						<String ID="P16_ST00110" HPOS="1286" VPOS="1581" WIDTH="69" HEIGHT="51" CONTENT="gr." WC="0.99" CC="000"/>
					</TextLine>
					<TextLine ID="P16_TL00022" HPOS="249" VPOS="1633" WIDTH="1100" HEIGHT="72">
						<String ID="P16_ST00111" HPOS="249" VPOS="1634" WIDTH="83" HEIGHT="59" CONTENT="73." WC="0.63" CC="423"/>
						<SP ID="P16_SP00090" HPOS="332" VPOS="1693" WIDTH="42"/>
						<String ID="P16_ST00112" HPOS="374" VPOS="1634" WIDTH="216" HEIGHT="57" CONTENT="Twelve" WC="1.00" CC="000400"/>
						<SP ID="P16_SP00091" HPOS="590" VPOS="1693" WIDTH="38"/>
						<String ID="P16_ST00113" HPOS="628" VPOS="1634" WIDTH="132" HEIGHT="56" CONTENT="forks" WC="0.98" CC="64600"/>
						<SP ID="P16_SP00092" HPOS="760" VPOS="1693" WIDTH="39"/>
						<String ID="P16_ST00114" HPOS="799" VPOS="1634" WIDTH="257" HEIGHT="71" CONTENT="weighing" WC="0.99" CC="00790440"/>
						<SP ID="P16_SP00093" HPOS="1056" VPOS="1705" WIDTH="47"/>
						<String ID="P16_ST00115" HPOS="1103" VPOS="1633" WIDTH="134" HEIGHT="58" CONTENT="1052" WC="0.64" CC="7060"/>
						<SP ID="P16_SP00094" HPOS="1237" VPOS="1705" WIDTH="43"/>
						<String ID="P16_ST00116" HPOS="1280" VPOS="1654" WIDTH="69" HEIGHT="50" CONTENT="gr." WC="0.54" CC="904"/>
					</TextLine>
					<TextLine ID="P16_TL00023" HPOS="250" VPOS="1708" WIDTH="964" HEIGHT="71">
						<String ID="P16_ST00117" HPOS="250" VPOS="1708" WIDTH="82" HEIGHT="56" CONTENT="74." WC="0.78" CC="600"/>
						<SP ID="P16_SP00095" HPOS="332" VPOS="1764" WIDTH="42"/>
						<String ID="P16_ST00118" HPOS="374" VPOS="1708" WIDTH="116" HEIGHT="56" CONTENT="Ten" WC="0.98" CC="004"/>
						<SP ID="P16_SP00096" HPOS="490" VPOS="1764" WIDTH="39"/>
						<String ID="P16_ST00119" HPOS="529" VPOS="1708" WIDTH="132" HEIGHT="56" CONTENT="forks" WC="0.98" CC="70700"/>
						<SP ID="P16_SP00097" HPOS="661" VPOS="1764" WIDTH="39"/>
						<String ID="P16_ST00120" HPOS="700" VPOS="1708" WIDTH="257" HEIGHT="71" CONTENT="weighing" WC="0.99" CC="00400870"/>
						<SP ID="P16_SP00098" HPOS="957" VPOS="1779" WIDTH="39"/>
						<String ID="P16_ST00121" HPOS="996" VPOS="1709" WIDTH="108" HEIGHT="55" CONTENT="880" WC="0.51" CC="770"/>
						<SP ID="P16_SP00099" HPOS="1104" VPOS="1779" WIDTH="42"/>
						<String ID="P16_ST00122" HPOS="1146" VPOS="1729" WIDTH="68" HEIGHT="50" CONTENT="gr." WC="0.83" CC="004"/>
					</TextLine>
					<TextLine ID="P16_TL00024" HPOS="249" VPOS="1778" WIDTH="1224" HEIGHT="67">
						<String ID="P16_ST00123" HPOS="249" VPOS="1781" WIDTH="84" HEIGHT="56" CONTENT="75." WC="0.85" CC="004"/>
						<SP ID="P16_SP00100" HPOS="333" VPOS="1837" WIDTH="41"/>
						<String ID="P16_ST00124" HPOS="374" VPOS="1780" WIDTH="217" HEIGHT="57" CONTENT="Twelve" WC="1.00" CC="000000"/>
						<SP ID="P16_SP00101" HPOS="591" VPOS="1837" WIDTH="38"/>
						<String ID="P16_ST00125" HPOS="629" VPOS="1780" WIDTH="136" HEIGHT="57" CONTENT="table" WC="0.98" CC="30760"/>
						<SP ID="P16_SP00102" HPOS="765" VPOS="1837" WIDTH="46"/>
						<String ID="P16_ST00126" HPOS="811" VPOS="1778" WIDTH="191" HEIGHT="67" CONTENT="knives," WC="0.99" CC="9050003"/>
						<SP ID="P16_SP00103" HPOS="1002" VPOS="1845" WIDTH="42"/>
						<String ID="P16_ST00127" HPOS="1044" VPOS="1781" WIDTH="149" HEIGHT="56" CONTENT="silver" WC="0.99" CC="030003"/>
						<SP ID="P16_SP00104" HPOS="1193" VPOS="1845" WIDTH="51"/>
						<String ID="P16_ST00128" HPOS="1244" VPOS="1780" WIDTH="229" HEIGHT="57" CONTENT="handles." WC="0.99" CC="70005204"/>
					</TextLine>
					<TextLine ID="P16_TL00025" HPOS="249" VPOS="1854" WIDTH="1227" HEIGHT="65">
						<String ID="P16_ST00129" HPOS="249" VPOS="1855" WIDTH="83" HEIGHT="56" CONTENT="76." WC="0.84" CC="031"/>
						<SP ID="P16_SP00105" HPOS="332" VPOS="1911" WIDTH="43"/>
						<String ID="P16_ST00130" HPOS="375" VPOS="1855" WIDTH="57" HEIGHT="56" CONTENT="A" WC="1.00" CC="0"/>
						<SP ID="P16_SP00106" HPOS="432" VPOS="1911" WIDTH="39"/>
						<String ID="P16_ST00131" HPOS="471" VPOS="1855" WIDTH="230" HEIGHT="56" CONTENT="hundred" WC="1.00" CC="0000600"/>
						<SP ID="P16_SP00107" HPOS="701" VPOS="1911" WIDTH="38"/>
						<String ID="P16_ST00132" HPOS="739" VPOS="1854" WIDTH="136" HEIGHT="56" CONTENT="table" WC="0.98" CC="20740"/>
						<SP ID="P16_SP00108" HPOS="875" VPOS="1911" WIDTH="40"/>
						<String ID="P16_ST00133" HPOS="915" VPOS="1855" WIDTH="191" HEIGHT="64" CONTENT="knives," WC="0.99" CC="0050051"/>
						<SP ID="P16_SP00109" HPOS="1106" VPOS="1919" WIDTH="47"/>
						<String ID="P16_ST00134" HPOS="1153" VPOS="1855" WIDTH="150" HEIGHT="56" CONTENT="silver" WC="0.99" CC="075000"/>
						<SP ID="P16_SP00110" HPOS="1303" VPOS="1919" WIDTH="50"/>
						<String ID="P16_ST00135" HPOS="1353" VPOS="1854" WIDTH="93" HEIGHT="57" CONTENT="han" SUBS_TYPE="HypPart1" SUBS_CONTENT="handles." WC="0.96" CC="771"/>
						<HYP HPOS="1446" VPOS="1854" WIDTH="30" CONTENT="-"/>
					</TextLine>
					<TextLine ID="P16_TL00026" HPOS="137" VPOS="1929" WIDTH="126" HEIGHT="56">
						<String ID="P16_ST00136" HPOS="137" VPOS="1929" WIDTH="126" HEIGHT="56" CONTENT="dles." SUBS_TYPE="HypPart2" SUBS_CONTENT="handles." WC="0.99" CC="05002"/>
					</TextLine>
					<TextLine ID="P16_TL00027" HPOS="249" VPOS="2001" WIDTH="935" HEIGHT="71">
						<String ID="P16_ST00137" HPOS="249" VPOS="2002" WIDTH="84" HEIGHT="56" CONTENT="77." WC="0.85" CC="004"/>
						<SP ID="P16_SP00111" HPOS="333" VPOS="2058" WIDTH="43"/>
						<String ID="P16_ST00138" HPOS="376" VPOS="2002" WIDTH="221" HEIGHT="70" CONTENT="Carving" WC="0.98" CC="0032619"/>
						<SP ID="P16_SP00112" HPOS="597" VPOS="2072" WIDTH="41"/>
						<String ID="P16_ST00139" HPOS="638" VPOS="2016" WIDTH="90" HEIGHT="50" CONTENT="set," WC="1.00" CC="0002"/>
						<SP ID="P16_SP00113" HPOS="728" VPOS="2072" WIDTH="41"/>
						<String ID="P16_ST00140" HPOS="769" VPOS="2002" WIDTH="148" HEIGHT="56" CONTENT="silver" WC="0.98" CC="646003"/>
						<SP ID="P16_SP00114" HPOS="917" VPOS="2072" WIDTH="38"/>
						<String ID="P16_ST00141" HPOS="955" VPOS="2001" WIDTH="229" HEIGHT="57" CONTENT="handles." WC="0.99" CC="00403004"/>
					</TextLine>
					<TextLine ID="P16_TL00028" HPOS="249" VPOS="2075" WIDTH="1228" HEIGHT="72">
						<String ID="P16_ST00142" HPOS="249" VPOS="2076" WIDTH="84" HEIGHT="55" CONTENT="78." WC="0.58" CC="084"/>
						<SP ID="P16_SP00115" HPOS="333" VPOS="2131" WIDTH="42"/>
						<String ID="P16_ST00143" HPOS="375" VPOS="2075" WIDTH="378" HEIGHT="72" CONTENT="Twenty-nine" WC="1.00" CC="00010046601"/>
						<SP ID="P16_SP00116" HPOS="753" VPOS="2147" WIDTH="58"/>
						<String ID="P16_ST00144" HPOS="811" VPOS="2076" WIDTH="193" HEIGHT="56" CONTENT="dessert" WC="0.99" CC="9000020"/>
						<SP ID="P16_SP00117" HPOS="1004" VPOS="2147" WIDTH="63"/>
						<String ID="P16_ST00145" HPOS="1067" VPOS="2076" WIDTH="193" HEIGHT="65" CONTENT="knives," WC="0.99" CC="0040003"/>
						<SP ID="P16_SP00118" HPOS="1260" VPOS="2147" WIDTH="67"/>
						<String ID="P16_ST00146" HPOS="1327" VPOS="2076" WIDTH="150" HEIGHT="56" CONTENT="silver" WC="0.99" CC="053002"/>
					</TextLine>
					<TextLine ID="P16_TL00029" HPOS="137" VPOS="2149" WIDTH="226" HEIGHT="55">
						<String ID="P16_ST00147" HPOS="137" VPOS="2149" WIDTH="226" HEIGHT="55" CONTENT="handles." WC="0.99" CC="00306004"/>
					</TextLine>
					<TextLine ID="P16_TL00030" HPOS="249" VPOS="2220" WIDTH="1227" HEIGHT="73">
						<String ID="P16_ST00148" HPOS="249" VPOS="2222" WIDTH="84" HEIGHT="56" CONTENT="79." WC="0.85" CC="004"/>
						<SP ID="P16_SP00119" HPOS="333" VPOS="2278" WIDTH="60"/>
						<String ID="P16_ST00149" HPOS="393" VPOS="2220" WIDTH="180" HEIGHT="73" CONTENT="Thirty" WC="0.98" CC="006900"/>
						<SP ID="P16_SP00120" HPOS="573" VPOS="2293" WIDTH="39"/>
						<String ID="P16_ST00150" HPOS="612" VPOS="2221" WIDTH="193" HEIGHT="57" CONTENT="dessert" WC="0.99" CC="0005061"/>
						<SP ID="P16_SP00121" HPOS="805" VPOS="2293" WIDTH="56"/>
						<String ID="P16_ST00151" HPOS="861" VPOS="2222" WIDTH="193" HEIGHT="65" CONTENT="knives," WC="1.00" CC="0300003"/>
						<SP ID="P16_SP00122" HPOS="1054" VPOS="2293" WIDTH="42"/>
						<String ID="P16_ST00152" HPOS="1096" VPOS="2223" WIDTH="150" HEIGHT="56" CONTENT="silver" WC="0.99" CC="055001"/>
						<SP ID="P16_SP00123" HPOS="1246" VPOS="2293" WIDTH="51"/>
						<String ID="P16_ST00153" HPOS="1297" VPOS="2222" WIDTH="179" HEIGHT="57" CONTENT="blades" WC="0.99" CC="750000"/>
					</TextLine>
					<TextLine ID="P16_TL00031" HPOS="137" VPOS="2295" WIDTH="365" HEIGHT="57">
						<String ID="P16_ST00154" HPOS="137" VPOS="2295" WIDTH="99" HEIGHT="55" CONTENT="and" WC="1.00" CC="000"/>
						<SP ID="P16_SP00124" HPOS="236" VPOS="2350" WIDTH="40"/>
						<String ID="P16_ST00155" HPOS="276" VPOS="2295" WIDTH="226" HEIGHT="57" CONTENT="handles." WC="0.99" CC="70004000"/>
					</TextLine>
					<TextLine ID="P16_TL00032" HPOS="247" VPOS="2368" WIDTH="1226" HEIGHT="75">
						<String ID="P16_ST00156" HPOS="247" VPOS="2370" WIDTH="86" HEIGHT="54" CONTENT="80." WC="0.63" CC="604"/>
						<SP ID="P16_SP00125" HPOS="333" VPOS="2424" WIDTH="41"/>
						<String ID="P16_ST00157" HPOS="374" VPOS="2368" WIDTH="293" HEIGHT="71" CONTENT="Vegetable" WC="0.99" CC="007030740"/>
						<SP ID="P16_SP00126" HPOS="667" VPOS="2439" WIDTH="39"/>
						<String ID="P16_ST00158" HPOS="706" VPOS="2370" WIDTH="258" HEIGHT="64" CONTENT="casserole," WC="1.00" CC="0000000000" STYLEREFS="TXT_2"/>
						<SP ID="P16_SP00127" HPOS="964" VPOS="2439" WIDTH="45"/>
						<String ID="P16_ST00159" HPOS="1009" VPOS="2370" WIDTH="257" HEIGHT="73" CONTENT="weighing" WC="0.99" CC="00406310"/>
						<SP ID="P16_SP00128" HPOS="1266" VPOS="2443" WIDTH="55"/>
						<String ID="P16_ST00160" HPOS="1321" VPOS="2371" WIDTH="152" HEIGHT="56" CONTENT="1005." WC="0.96" CC="10000"/>
					</TextLine>
					<TextLine ID="P16_TL00033" HPOS="247" VPOS="2442" WIDTH="1229" HEIGHT="71">
						<String ID="P16_ST00161" HPOS="247" VPOS="2443" WIDTH="86" HEIGHT="55" CONTENT="81." WC="0.34" CC="684"/>
						<SP ID="P16_SP00129" HPOS="333" VPOS="2498" WIDTH="41"/>
						<String ID="P16_ST00162" HPOS="374" VPOS="2442" WIDTH="134" HEIGHT="56" CONTENT="Two" WC="1.00" CC="000"/>
						<SP ID="P16_SP00130" HPOS="508" VPOS="2498" WIDTH="38"/>
						<String ID="P16_ST00163" HPOS="546" VPOS="2442" WIDTH="290" HEIGHT="71" CONTENT="vegetables" WC="0.99" CC="0070107500"/>
						<SP ID="P16_SP00131" HPOS="836" VPOS="2513" WIDTH="48"/>
						<String ID="P16_ST00164" HPOS="884" VPOS="2443" WIDTH="285" HEIGHT="66" CONTENT="casseroles," WC="1.00" CC="00003000000" STYLEREFS="TXT_2"/>
						<SP ID="P16_SP00132" HPOS="1169" VPOS="2513" WIDTH="29"/>
						<String ID="P16_ST00165" HPOS="1198" VPOS="2444" WIDTH="126" HEIGHT="56" CONTENT="with" WC="0.97" CC="0537"/>
						<SP ID="P16_SP00133" HPOS="1324" VPOS="2513" WIDTH="25"/>
						<String ID="P16_ST00166" HPOS="1349" VPOS="2444" WIDTH="96" HEIGHT="58" CONTENT="dou" SUBS_TYPE="HypPart1" SUBS_CONTENT="double" WC="0.98" CC="053"/>
						<HYP HPOS="1445" VPOS="2444" WIDTH="31" CONTENT="-"/>
					</TextLine>
					<TextLine ID="P16_TL00034" HPOS="137" VPOS="2514" WIDTH="950" HEIGHT="75">
						<String ID="P16_ST00167" HPOS="137" VPOS="2514" WIDTH="84" HEIGHT="56" CONTENT="ble" SUBS_TYPE="HypPart2" SUBS_CONTENT="double" WC="0.97" CC="700"/>
						<SP ID="P16_SP00134" HPOS="221" VPOS="2570" WIDTH="40"/>
						<String ID="P16_ST00168" HPOS="261" VPOS="2514" WIDTH="233" HEIGHT="65" CONTENT="bottoms," WC="0.99" CC="05044054"/>
						<SP ID="P16_SP00135" HPOS="494" VPOS="2579" WIDTH="41"/>
						<String ID="P16_ST00169" HPOS="535" VPOS="2516" WIDTH="258" HEIGHT="72" CONTENT="weighing" WC="0.98" CC="00597700"/>
						<SP ID="P16_SP00136" HPOS="793" VPOS="2588" WIDTH="39"/>
						<String ID="P16_ST00170" HPOS="832" VPOS="2518" WIDTH="146" HEIGHT="56" CONTENT="4010" WC="0.74" CC="0073"/>
						<SP ID="P16_SP00137" HPOS="978" VPOS="2588" WIDTH="41"/>
						<String ID="P16_ST00171" HPOS="1019" VPOS="2540" WIDTH="68" HEIGHT="49" CONTENT="gr." WC="0.72" CC="044"/>
					</TextLine>
					<TextLine ID="P16_TL00035" HPOS="247" VPOS="2589" WIDTH="1141" HEIGHT="75">
						<String ID="P16_ST00172" HPOS="247" VPOS="2590" WIDTH="86" HEIGHT="55" CONTENT="82." WC="0.62" CC="604"/>
						<SP ID="P16_SP00138" HPOS="333" VPOS="2645" WIDTH="42"/>
						<String ID="P16_ST00173" HPOS="375" VPOS="2589" WIDTH="249" HEIGHT="57" CONTENT="Chestnut" WC="0.99" CC="00000746"/>
						<SP ID="P16_SP00139" HPOS="624" VPOS="2646" WIDTH="39"/>
						<String ID="P16_ST00174" HPOS="663" VPOS="2590" WIDTH="130" HEIGHT="64" CONTENT="dish," WC="0.99" CC="06000"/>
						<SP ID="P16_SP00140" HPOS="793" VPOS="2654" WIDTH="40"/>
						<String ID="P16_ST00175" HPOS="833" VPOS="2592" WIDTH="259" HEIGHT="72" CONTENT="weighing" WC="0.98" CC="00690660"/>
						<SP ID="P16_SP00141" HPOS="1092" VPOS="2664" WIDTH="49"/>
						<String ID="P16_ST00176" HPOS="1141" VPOS="2592" WIDTH="137" HEIGHT="57" CONTENT="1698" WC="0.67" CC="6006"/>
						<SP ID="P16_SP00142" HPOS="1278" VPOS="2664" WIDTH="41"/>
						<String ID="P16_ST00177" HPOS="1319" VPOS="2615" WIDTH="69" HEIGHT="49" CONTENT="gr." WC="0.55" CC="904"/>
					</TextLine>
					<TextLine ID="P16_TL00036" HPOS="248" VPOS="2663" WIDTH="1228" HEIGHT="75">
						<String ID="P16_ST00178" HPOS="248" VPOS="2664" WIDTH="85" HEIGHT="55" CONTENT="83." WC="0.61" CC="513"/>
						<SP ID="P16_SP00143" HPOS="333" VPOS="2719" WIDTH="43"/>
						<String ID="P16_ST00179" HPOS="376" VPOS="2663" WIDTH="163" HEIGHT="56" CONTENT="Bread" WC="0.99" CC="42000"/>
						<SP ID="P16_SP00144" HPOS="539" VPOS="2719" WIDTH="76"/>
						<String ID="P16_ST00180" HPOS="615" VPOS="2663" WIDTH="193" HEIGHT="66" CONTENT="basket," WC="0.98" CC="7700043"/>
						<SP ID="P16_SP00145" HPOS="808" VPOS="2729" WIDTH="65"/>
						<String ID="P16_ST00181" HPOS="873" VPOS="2665" WIDTH="98" HEIGHT="56" CONTENT="fine" WC="0.98" CC="0063"/>
						<SP ID="P16_SP00146" HPOS="971" VPOS="2729" WIDTH="66"/>
						<String ID="P16_ST00182" HPOS="1037" VPOS="2665" WIDTH="218" HEIGHT="73" CONTENT="English" WC="0.99" CC="2004007"/>
						<SP ID="P16_SP00147" HPOS="1255" VPOS="2738" WIDTH="62"/>
						<String ID="P16_ST00183" HPOS="1317" VPOS="2667" WIDTH="159" HEIGHT="63" CONTENT="work," WC="0.98" CC="03903"/>
					</TextLine>
					<TextLine ID="P16_TL00037" HPOS="136" VPOS="2735" WIDTH="549" HEIGHT="73">
						<String ID="P16_ST00184" HPOS="136" VPOS="2735" WIDTH="255" HEIGHT="71" CONTENT="weighing" WC="0.99" CC="00690620"/>
						<SP ID="P16_SP00148" HPOS="391" VPOS="2806" WIDTH="49"/>
						<String ID="P16_ST00185" HPOS="440" VPOS="2737" WIDTH="132" HEIGHT="55" CONTENT="1465" WC="0.57" CC="8016"/>
						<SP ID="P16_SP00149" HPOS="572" VPOS="2806" WIDTH="44"/>
						<String ID="P16_ST00186" HPOS="616" VPOS="2758" WIDTH="69" HEIGHT="50" CONTENT="gr." WC="0.63" CC="424"/>
					</TextLine>
					<TextLine ID="P16_TL00038" HPOS="247" VPOS="2809" WIDTH="1229" HEIGHT="77">
						<String ID="P16_ST00187" HPOS="247" VPOS="2810" WIDTH="85" HEIGHT="55" CONTENT="84." WC="0.57" CC="560"/>
						<SP ID="P16_SP00150" HPOS="332" VPOS="2865" WIDTH="44"/>
						<String ID="P16_ST00188" HPOS="376" VPOS="2809" WIDTH="214" HEIGHT="72" CONTENT="English" WC="0.98" CC="6775720"/>
						<SP ID="P16_SP00151" HPOS="590" VPOS="2881" WIDTH="39"/>
						<String ID="P16_ST00189" HPOS="629" VPOS="2833" WIDTH="145" HEIGHT="48" CONTENT="sugar" WC="0.99" CC="00006"/>
						<SP ID="P16_SP00152" HPOS="774" VPOS="2881" WIDTH="28"/>
						<String ID="P16_ST00190" HPOS="802" VPOS="2811" WIDTH="153" HEIGHT="65" CONTENT="bowl," WC="0.98" CC="70063"/>
						<SP ID="P16_SP00153" HPOS="955" VPOS="2881" WIDTH="30"/>
						<String ID="P16_ST00191" HPOS="985" VPOS="2811" WIDTH="259" HEIGHT="74" CONTENT="weighing" WC="0.99" CC="00007600"/>
						<SP ID="P16_SP00154" HPOS="1244" VPOS="2885" WIDTH="35"/>
						<String ID="P16_ST00192" HPOS="1279" VPOS="2813" WIDTH="100" HEIGHT="57" CONTENT="188" WC="0.34" CC="665"/>
						<SP ID="P16_SP00155" HPOS="1379" VPOS="2885" WIDTH="30"/>
						<String ID="P16_ST00193" HPOS="1409" VPOS="2836" WIDTH="67" HEIGHT="50" CONTENT="gr." WC="0.61" CC="704"/>
					</TextLine>
					<TextLine ID="P16_TL00039" HPOS="247" VPOS="2883" WIDTH="1230" HEIGHT="73">
						<String ID="P16_ST00194" HPOS="247" VPOS="2884" WIDTH="85" HEIGHT="54" CONTENT="85." WC="0.64" CC="703"/>
						<SP ID="P16_SP00156" HPOS="332" VPOS="2938" WIDTH="45"/>
						<String ID="P16_ST00195" HPOS="377" VPOS="2883" WIDTH="214" HEIGHT="72" CONTENT="English" WC="0.98" CC="0475640"/>
						<SP ID="P16_SP00157" HPOS="591" VPOS="2955" WIDTH="58"/>
						<String ID="P16_ST00196" HPOS="649" VPOS="2907" WIDTH="145" HEIGHT="49" CONTENT="sugar" WC="0.98" CC="06604"/>
						<SP ID="P16_SP00158" HPOS="794" VPOS="2956" WIDTH="57"/>
						<String ID="P16_ST00197" HPOS="851" VPOS="2886" WIDTH="155" HEIGHT="65" CONTENT="bowl," WC="0.98" CC="70043"/>
						<SP ID="P16_SP00159" HPOS="1006" VPOS="2956" WIDTH="60"/>
						<String ID="P16_ST00198" HPOS="1066" VPOS="2888" WIDTH="126" HEIGHT="56" CONTENT="with" WC="0.99" CC="0006"/>
						<SP ID="P16_SP00160" HPOS="1192" VPOS="2956" WIDTH="55"/>
						<String ID="P16_ST00199" HPOS="1247" VPOS="2888" WIDTH="230" HEIGHT="64" CONTENT="handles," WC="0.99" CC="00305003"/>
					</TextLine>
					<TextLine ID="P16_TL00040" HPOS="137" VPOS="2955" WIDTH="548" HEIGHT="74">
						<String ID="P16_ST00200" HPOS="137" VPOS="2955" WIDTH="254" HEIGHT="72" CONTENT="weighing" WC="0.98" CC="00237666"/>
						<SP ID="P16_SP00161" HPOS="391" VPOS="3027" WIDTH="49"/>
						<String ID="P16_ST00201" HPOS="440" VPOS="2958" WIDTH="133" HEIGHT="54" CONTENT="1117" WC="0.25" CC="8786"/>
						<SP ID="P16_SP00162" HPOS="573" VPOS="3027" WIDTH="43"/>
						<String ID="P16_ST00202" HPOS="616" VPOS="2979" WIDTH="69" HEIGHT="50" CONTENT="gr." WC="0.55" CC="633"/>
					</TextLine>
					<TextLine ID="P16_TL00041" HPOS="247" VPOS="3030" WIDTH="1232" HEIGHT="75">
						<String ID="P16_ST00203" HPOS="247" VPOS="3030" WIDTH="85" HEIGHT="55" CONTENT="86." WC="0.49" CC="671"/>
						<SP ID="P16_SP00163" HPOS="332" VPOS="3085" WIDTH="31"/>
						<String ID="P16_ST00204" HPOS="363" VPOS="3031" WIDTH="164" HEIGHT="56" CONTENT="Silver" WC="0.98" CC="045800"/>
						<SP ID="P16_SP00164" HPOS="527" VPOS="3087" WIDTH="28"/>
						<String ID="P16_ST00205" HPOS="555" VPOS="3031" WIDTH="355" HEIGHT="66" CONTENT="candlesticks," WC="0.99" CC="0310702980603"/>
						<SP ID="P16_SP00165" HPOS="910" VPOS="3097" WIDTH="29"/>
						<String ID="P16_ST00206" HPOS="939" VPOS="3034" WIDTH="235" HEIGHT="71" CONTENT="panthers" WC="1.00" CC="00040000"/>
						<SP ID="P16_SP00166" HPOS="1174" VPOS="3105" WIDTH="28"/>
						<String ID="P16_ST00207" HPOS="1202" VPOS="3035" WIDTH="101" HEIGHT="56" CONTENT="and" WC="1.00" CC="000"/>
						<SP ID="P16_SP00167" HPOS="1303" VPOS="3105" WIDTH="22"/>
						<String ID="P16_ST00208" HPOS="1325" VPOS="3059" WIDTH="124" HEIGHT="33" CONTENT="rams" SUBS_TYPE="HypPart1" SUBS_CONTENT="ramsheads," WC="0.99" CC="0001"/>
						<HYP HPOS="1449" VPOS="3059" WIDTH="30" CONTENT="-"/>
					</TextLine>
					<TextLine ID="P16_TL00042" HPOS="136" VPOS="3102" WIDTH="763" HEIGHT="76">
						<String ID="P16_ST00209" HPOS="136" VPOS="3102" WIDTH="173" HEIGHT="64" CONTENT="heads," SUBS_TYPE="HypPart2" SUBS_CONTENT="ramsheads," WC="1.00" CC="000000"/>
						<SP ID="P16_SP00168" HPOS="309" VPOS="3166" WIDTH="42"/>
						<String ID="P16_ST00210" HPOS="351" VPOS="3105" WIDTH="255" HEIGHT="71" CONTENT="weighing" WC="0.99" CC="00400469"/>
						<SP ID="P16_SP00169" HPOS="606" VPOS="3176" WIDTH="48"/>
						<String ID="P16_ST00211" HPOS="654" VPOS="3106" WIDTH="132" HEIGHT="56" CONTENT="1145" WC="0.61" CC="7800"/>
						<SP ID="P16_SP00170" HPOS="786" VPOS="3176" WIDTH="45"/>
						<String ID="P16_ST00212" HPOS="831" VPOS="3129" WIDTH="68" HEIGHT="49" CONTENT="gr." WC="0.44" CC="924"/>
					</TextLine>
					<TextLine ID="P16_TL00043" HPOS="247" VPOS="3176" WIDTH="1233" HEIGHT="80">
						<String ID="P16_ST00213" HPOS="247" VPOS="3176" WIDTH="86" HEIGHT="55" CONTENT="87." WC="0.71" CC="601"/>
						<SP ID="P16_SP00171" HPOS="333" VPOS="3231" WIDTH="41"/>
						<String ID="P16_ST00214" HPOS="374" VPOS="3176" WIDTH="294" HEIGHT="74" CONTENT="Travelling" WC="0.89" CC="0004010400"/>
						<SP ID="P16_SP00172" HPOS="668" VPOS="3250" WIDTH="26"/>
						<String ID="P16_ST00215" HPOS="694" VPOS="3180" WIDTH="158" HEIGHT="56" CONTENT="coffee" WC="0.98" CC="068700"/>
						<SP ID="P16_SP00173" HPOS="852" VPOS="3250" WIDTH="27"/>
						<String ID="P16_ST00216" HPOS="879" VPOS="3196" WIDTH="103" HEIGHT="56" CONTENT="pot," WC="0.98" CC="0060"/>
						<SP ID="P16_SP00174" HPOS="982" VPOS="3252" WIDTH="22"/>
						<String ID="P16_ST00217" HPOS="1004" VPOS="3182" WIDTH="125" HEIGHT="56" CONTENT="with" WC="0.97" CC="0660"/>
						<SP ID="P16_SP00175" HPOS="1129" VPOS="3252" WIDTH="19"/>
						<String ID="P16_ST00218" HPOS="1148" VPOS="3205" WIDTH="332" HEIGHT="51" CONTENT="monograms," WC="0.99" CC="0400830203"/>
					</TextLine>
					<TextLine ID="P16_TL00044" HPOS="136" VPOS="3250" WIDTH="515" HEIGHT="73">
						<String ID="P16_ST00219" HPOS="136" VPOS="3250" WIDTH="259" HEIGHT="71" CONTENT="weighing" WC="0.98" CC="10687640"/>
						<SP ID="P16_SP00176" HPOS="395" VPOS="3321" WIDTH="41"/>
						<String ID="P16_ST00220" HPOS="436" VPOS="3253" WIDTH="107" HEIGHT="55" CONTENT="220" WC="0.79" CC="006"/>
						<SP ID="P16_SP00177" HPOS="543" VPOS="3321" WIDTH="39"/>
						<String ID="P16_ST00221" HPOS="582" VPOS="3275" WIDTH="69" HEIGHT="48" CONTENT="gr." WC="0.50" CC="544"/>
					</TextLine>
					<TextLine ID="P16_TL00045" HPOS="247" VPOS="3325" WIDTH="1232" HEIGHT="80">
						<String ID="P16_ST00222" HPOS="247" VPOS="3325" WIDTH="86" HEIGHT="54" CONTENT="88." WC="0.46" CC="861"/>
						<SP ID="P16_SP00178" HPOS="333" VPOS="3379" WIDTH="43"/>
						<String ID="P16_ST00223" HPOS="376" VPOS="3325" WIDTH="156" HEIGHT="57" CONTENT="Louis" WC="0.99" CC="21040"/>
						<SP ID="P16_SP00179" HPOS="532" VPOS="3382" WIDTH="28"/>
						<String ID="P16_ST00224" HPOS="560" VPOS="3326" WIDTH="122" HEIGHT="56" CONTENT="XV" WC="1.00" CC="00"/>
						<SP ID="P16_SP00180" HPOS="682" VPOS="3382" WIDTH="18"/>
						<String ID="P16_ST00225" HPOS="700" VPOS="3328" WIDTH="159" HEIGHT="56" CONTENT="coffee" WC="0.99" CC="060700"/>
						<SP ID="P16_SP00181" HPOS="859" VPOS="3384" WIDTH="15"/>
						<String ID="P16_ST00226" HPOS="874" VPOS="3345" WIDTH="104" HEIGHT="54" CONTENT="pot," WC="0.96" CC="0663"/>
						<SP ID="P16_SP00182" HPOS="978" VPOS="3399" WIDTH="17"/>
						<String ID="P16_ST00227" HPOS="995" VPOS="3331" WIDTH="259" HEIGHT="72" CONTENT="weighing" WC="0.99" CC="00400670"/>
						<SP ID="P16_SP00183" HPOS="1254" VPOS="3403" WIDTH="30"/>
						<String ID="P16_ST00228" HPOS="1284" VPOS="3332" WIDTH="101" HEIGHT="56" CONTENT="185" WC="0.53" CC="850"/>
						<SP ID="P16_SP00184" HPOS="1385" VPOS="3403" WIDTH="25"/>
						<String ID="P16_ST00229" HPOS="1410" VPOS="3354" WIDTH="69" HEIGHT="51" CONTENT="gr." WC="0.52" CC="904"/>
					</TextLine>
					<TextLine ID="P16_TL00046" HPOS="248" VPOS="3397" WIDTH="985" HEIGHT="79">
						<String ID="P16_ST00230" HPOS="248" VPOS="3397" WIDTH="86" HEIGHT="55" CONTENT="89." WC="0.82" CC="500"/>
						<SP ID="P16_SP00185" HPOS="334" VPOS="3452" WIDTH="42"/>
						<String ID="P16_ST00231" HPOS="376" VPOS="3398" WIDTH="178" HEIGHT="57" CONTENT="Coffee" WC="0.98" CC="028700"/>
						<SP ID="P16_SP00186" HPOS="554" VPOS="3455" WIDTH="41"/>
						<String ID="P16_ST00232" HPOS="595" VPOS="3415" WIDTH="86" HEIGHT="56" CONTENT="pot" WC="0.96" CC="027"/>
						<SP ID="P16_SP00187" HPOS="681" VPOS="3471" WIDTH="38"/>
						<String ID="P16_ST00233" HPOS="719" VPOS="3402" WIDTH="257" HEIGHT="72" CONTENT="weighing" WC="0.99" CC="00657300"/>
						<SP ID="P16_SP00188" HPOS="976" VPOS="3474" WIDTH="38"/>
						<String ID="P16_ST00234" HPOS="1014" VPOS="3405" WIDTH="110" HEIGHT="55" CONTENT="440" WC="1.00" CC="000"/>
						<SP ID="P16_SP00189" HPOS="1124" VPOS="3474" WIDTH="40"/>
						<String ID="P16_ST00235" HPOS="1164" VPOS="3426" WIDTH="69" HEIGHT="50" CONTENT="gr." WC="0.80" CC="014"/>
					</TextLine>
					<TextLine ID="P16_TL00047" HPOS="248" VPOS="3469" WIDTH="1233" HEIGHT="83">
						<String ID="P16_ST00236" HPOS="248" VPOS="3469" WIDTH="86" HEIGHT="56" CONTENT="90." WC="0.93" CC="002"/>
						<SP ID="P16_SP00190" HPOS="334" VPOS="3525" WIDTH="45"/>
						<String ID="P16_ST00237" HPOS="379" VPOS="3471" WIDTH="131" HEIGHT="57" CONTENT="Four" WC="0.98" CC="2009"/>
						<SP ID="P16_SP00191" HPOS="510" VPOS="3528" WIDTH="38"/>
						<String ID="P16_ST00238" HPOS="548" VPOS="3477" WIDTH="171" HEIGHT="67" CONTENT="pieces" WC="1.00" CC="030000"/>
						<SP ID="P16_SP00192" HPOS="719" VPOS="3544" WIDTH="41"/>
						<String ID="P16_ST00239" HPOS="760" VPOS="3474" WIDTH="214" HEIGHT="74" CONTENT="forming" WC="0.98" CC="7106750"/>
						<SP ID="P16_SP00193" HPOS="974" VPOS="3548" WIDTH="38"/>
						<String ID="P16_ST00240" HPOS="1012" VPOS="3502" WIDTH="30" HEIGHT="31" CONTENT="a" WC="1.00" CC="0"/>
						<SP ID="P16_SP00194" HPOS="1042" VPOS="3548" WIDTH="39"/>
						<String ID="P16_ST00241" HPOS="1081" VPOS="3492" WIDTH="81" HEIGHT="42" CONTENT="tea" WC="1.00" CC="000"/>
						<SP ID="P16_SP00195" HPOS="1162" VPOS="3548" WIDTH="46"/>
						<String ID="P16_ST00242" HPOS="1208" VPOS="3481" WIDTH="273" HEIGHT="71" CONTENT="equipage," WC="0.99" CC="040500603"/>
					</TextLine>
					<TextLine ID="P16_TL00048" HPOS="137" VPOS="3542" WIDTH="653" HEIGHT="76">
						<String ID="P16_ST00243" HPOS="137" VPOS="3542" WIDTH="256" HEIGHT="73" CONTENT="weighing" WC="0.99" CC="60000629"/>
						<SP ID="P16_SP00196" HPOS="393" VPOS="3615" WIDTH="38"/>
						<String ID="P16_ST00244" HPOS="431" VPOS="3546" WIDTH="109" HEIGHT="57" CONTENT="400" WC="0.42" CC="663"/>
						<SP ID="P16_SP00197" HPOS="540" VPOS="3615" WIDTH="39"/>
						<String ID="P16_ST00245" HPOS="579" VPOS="3570" WIDTH="69" HEIGHT="48" CONTENT="gr." WC="0.48" CC="734"/>
						<SP ID="P16_SP00198" HPOS="648" VPOS="3618" WIDTH="42"/>
						<String ID="P16_ST00246" HPOS="690" VPOS="3563" WIDTH="100" HEIGHT="41" CONTENT="net." WC="0.96" CC="8604"/>
					</TextLine>
					<TextLine ID="P16_TL00049" HPOS="245" VPOS="3618" WIDTH="1234" HEIGHT="82">
						<String ID="P16_ST00247" HPOS="245" VPOS="3618" WIDTH="88" HEIGHT="56" CONTENT="91." WC="0.65" CC="063"/>
						<SP ID="P16_SP00199" HPOS="333" VPOS="3674" WIDTH="43"/>
						<String ID="P16_ST00248" HPOS="376" VPOS="3619" WIDTH="163" HEIGHT="73" CONTENT="Large" WC="0.98" CC="50280"/>
						<SP ID="P16_SP00200" HPOS="539" VPOS="3692" WIDTH="40"/>
						<String ID="P16_ST00249" HPOS="579" VPOS="3622" WIDTH="149" HEIGHT="56" CONTENT="silver" WC="0.99" CC="035002"/>
						<SP ID="P16_SP00201" HPOS="728" VPOS="3692" WIDTH="39"/>
						<String ID="P16_ST00250" HPOS="767" VPOS="3637" WIDTH="104" HEIGHT="57" CONTENT="tray" WC="0.98" CC="0440"/>
						<SP ID="P16_SP00202" HPOS="871" VPOS="3694" WIDTH="39"/>
						<String ID="P16_ST00251" HPOS="910" VPOS="3626" WIDTH="259" HEIGHT="72" CONTENT="weighing" WC="0.99" CC="00660408"/>
						<SP ID="P16_SP00203" HPOS="1169" VPOS="3698" WIDTH="45"/>
						<String ID="P16_ST00252" HPOS="1214" VPOS="3628" WIDTH="145" HEIGHT="56" CONTENT="4923" WC="1.00" CC="0000"/>
						<SP ID="P16_SP00204" HPOS="1359" VPOS="3698" WIDTH="51"/>
						<String ID="P16_ST00253" HPOS="1410" VPOS="3651" WIDTH="69" HEIGHT="49" CONTENT="gr." WC="0.86" CC="004"/>
					</TextLine>
					<TextLine ID="P16_TL00050" HPOS="247" VPOS="3690" WIDTH="1233" HEIGHT="83">
						<String ID="P16_ST00254" HPOS="247" VPOS="3690" WIDTH="86" HEIGHT="56" CONTENT="92." WC="0.88" CC="003"/>
						<SP ID="P16_SP00205" HPOS="333" VPOS="3746" WIDTH="43"/>
						<String ID="P16_ST00255" HPOS="376" VPOS="3690" WIDTH="135" HEIGHT="57" CONTENT="Two" WC="1.00" CC="000"/>
						<SP ID="P16_SP00206" HPOS="511" VPOS="3747" WIDTH="56"/>
						<String ID="P16_ST00256" HPOS="567" VPOS="3694" WIDTH="311" HEIGHT="73" CONTENT="champagne" WC="1.00" CC="000500030"/>
						<SP ID="P16_SP00207" HPOS="878" VPOS="3767" WIDTH="46"/>
						<String ID="P16_ST00257" HPOS="924" VPOS="3699" WIDTH="146" HEIGHT="69" CONTENT="pails," WC="0.99" CC="007001"/>
						<SP ID="P16_SP00208" HPOS="1070" VPOS="3768" WIDTH="53"/>
						<String ID="P16_ST00258" HPOS="1123" VPOS="3702" WIDTH="52" HEIGHT="53" CONTENT="in" WC="0.71" CC="50"/>
						<SP ID="P16_SP00209" HPOS="1175" VPOS="3768" WIDTH="52"/>
						<String ID="P16_ST00259" HPOS="1227" VPOS="3702" WIDTH="253" HEIGHT="71" CONTENT="engraved" WC="1.00" CC="07010000"/>
					</TextLine>
					<TextLine ID="P16_TL00051" HPOS="137" VPOS="3764" WIDTH="754" HEIGHT="77">
						<String ID="P16_ST00260" HPOS="137" VPOS="3764" WIDTH="166" HEIGHT="63" CONTENT="silver," WC="0.98" CC="6650012"/>
						<SP ID="P16_SP00210" HPOS="303" VPOS="3827" WIDTH="39"/>
						<String ID="P16_ST00261" HPOS="342" VPOS="3767" WIDTH="256" HEIGHT="72" CONTENT="weighing" WC="0.99" CC="00400409"/>
						<SP ID="P16_SP00211" HPOS="598" VPOS="3839" WIDTH="41"/>
						<String ID="P16_ST00262" HPOS="639" VPOS="3769" WIDTH="142" HEIGHT="56" CONTENT="7800" WC="0.43" CC="5564"/>
						<SP ID="P16_SP00212" HPOS="781" VPOS="3839" WIDTH="41"/>
						<String ID="P16_ST00263" HPOS="822" VPOS="3792" WIDTH="69" HEIGHT="49" CONTENT="gr," WC="0.70" CC="800"/>
					</TextLine>
					<TextLine ID="P16_TL00052" HPOS="247" VPOS="3838" WIDTH="1233" HEIGHT="80">
						<String ID="P16_ST00264" HPOS="247" VPOS="3838" WIDTH="89" HEIGHT="56" CONTENT="93." WC="0.88" CC="003"/>
						<SP ID="P16_SP00213" HPOS="336" VPOS="3894" WIDTH="41"/>
						<String ID="P16_ST00265" HPOS="377" VPOS="3839" WIDTH="163" HEIGHT="71" CONTENT="Large" WC="1.00" CC="00000"/>
						<SP ID="P16_SP00214" HPOS="540" VPOS="3910" WIDTH="39"/>
						<String ID="P16_ST00266" HPOS="579" VPOS="3841" WIDTH="145" HEIGHT="58" CONTENT="basin" WC="0.97" CC="70066"/>
						<SP ID="P16_SP00215" HPOS="724" VPOS="3910" WIDTH="40"/>
						<String ID="P16_ST00267" HPOS="764" VPOS="3844" WIDTH="123" HEIGHT="56" CONTENT="with" WC="0.97" CC="0447"/>
						<SP ID="P16_SP00216" HPOS="887" VPOS="3910" WIDTH="39"/>
						<String ID="P16_ST00268" HPOS="926" VPOS="3860" WIDTH="155" HEIGHT="42" CONTENT="water" WC="0.99" CC="00206"/>
						<SP ID="P16_SP00217" HPOS="1081" VPOS="3910" WIDTH="38"/>
						<String ID="P16_ST00269" HPOS="1119" VPOS="3849" WIDTH="69" HEIGHT="69" CONTENT="jet" WC="0.97" CC="700"/>
						<SP ID="P16_SP00218" HPOS="1188" VPOS="3918" WIDTH="39"/>
						<String ID="P16_ST00270" HPOS="1227" VPOS="3848" WIDTH="102" HEIGHT="57" CONTENT="and" WC="0.98" CC="060"/>
						<SP ID="P16_SP00219" HPOS="1329" VPOS="3918" WIDTH="39"/>
						<String ID="P16_ST00271" HPOS="1368" VPOS="3850" WIDTH="90" HEIGHT="56" CONTENT="life" SUBS_TYPE="HypPart1" SUBS_CONTENT="lifesized" WC="0.98" CC="3370"/>
						<HYP HPOS="1458" VPOS="3850" WIDTH="22" CONTENT="-"/>
					</TextLine>
					<TextLine ID="P16_TL00053" HPOS="137" VPOS="3910" WIDTH="1340" HEIGHT="85">
						<String ID="P16_ST00272" HPOS="137" VPOS="3910" WIDTH="139" HEIGHT="55" CONTENT="sized" SUBS_TYPE="HypPart2" SUBS_CONTENT="lifesized" WC="0.99" CC="06000"/>
						<SP ID="P16_SP00220" HPOS="276" VPOS="3965" WIDTH="28"/>
						<String ID="P16_ST00273" HPOS="304" VPOS="3910" WIDTH="173" HEIGHT="66" CONTENT="doves," WC="1.00" CC="010004"/>
						<SP ID="P16_SP00221" HPOS="477" VPOS="3976" WIDTH="31"/>
						<String ID="P16_ST00274" HPOS="508" VPOS="3913" WIDTH="214" HEIGHT="72" CONTENT="English" WC="0.99" CC="6303500"/>
						<SP ID="P16_SP00222" HPOS="722" VPOS="3985" WIDTH="28"/>
						<String ID="P16_ST00275" HPOS="750" VPOS="3918" WIDTH="163" HEIGHT="63" CONTENT="silver," WC="1.00" CC="0020002"/>
						<SP ID="P16_SP00223" HPOS="913" VPOS="3985" WIDTH="30"/>
						<String ID="P16_ST00276" HPOS="943" VPOS="3919" WIDTH="257" HEIGHT="72" CONTENT="weighing" WC="0.99" CC="00600218"/>
						<SP ID="P16_SP00224" HPOS="1200" VPOS="3991" WIDTH="30"/>
						<String ID="P16_ST00277" HPOS="1230" VPOS="3921" WIDTH="143" HEIGHT="58" CONTENT="5290" WC="0.86" CC="5000"/>
						<SP ID="P16_SP00225" HPOS="1373" VPOS="3991" WIDTH="36"/>
						<String ID="P16_ST00278" HPOS="1409" VPOS="3946" WIDTH="68" HEIGHT="49" CONTENT="gr." WC="0.87" CC="003"/>
					</TextLine>
					<TextLine ID="P16_TL00054" HPOS="247" VPOS="3984" WIDTH="1234" HEIGHT="85">
						<String ID="P16_ST00279" HPOS="247" VPOS="3984" WIDTH="87" HEIGHT="56" CONTENT="94." WC="0.75" CC="033"/>
						<SP ID="P16_SP00226" HPOS="334" VPOS="4040" WIDTH="43"/>
						<String ID="P16_ST00280" HPOS="377" VPOS="3985" WIDTH="126" HEIGHT="57" CONTENT="Fine" WC="0.99" CC="0400"/>
						<SP ID="P16_SP00227" HPOS="503" VPOS="4042" WIDTH="19"/>
						<String ID="P16_ST00281" HPOS="522" VPOS="4001" WIDTH="82" HEIGHT="42" CONTENT="tea" WC="0.98" CC="230"/>
						<SP ID="P16_SP00228" HPOS="604" VPOS="4043" WIDTH="20"/>
						<String ID="P16_ST00282" HPOS="624" VPOS="3991" WIDTH="207" HEIGHT="63" CONTENT="service," WC="1.00" CC="00303002"/>
						<SP ID="P16_SP00229" HPOS="831" VPOS="4054" WIDTH="21"/>
						<String ID="P16_ST00283" HPOS="852" VPOS="3990" WIDTH="262" HEIGHT="67" CONTENT="d'Aucoc," WC="0.93" CC="01000003"/>
						<SP ID="P16_SP00230" HPOS="1114" VPOS="4057" WIDTH="23"/>
						<String ID="P16_ST00284" HPOS="1137" VPOS="4015" WIDTH="136" HEIGHT="50" CONTENT="gross" WC="0.98" CC="90003"/>
						<SP ID="P16_SP00231" HPOS="1273" VPOS="4065" WIDTH="19"/>
						<String ID="P16_ST00285" HPOS="1292" VPOS="3998" WIDTH="189" HEIGHT="71" CONTENT="weight" WC="0.99" CC="006701"/>
					</TextLine>
					<TextLine ID="P16_TL00055" HPOS="137" VPOS="4056" WIDTH="1339" HEIGHT="72">
						<String ID="P16_ST00286" HPOS="137" VPOS="4056" WIDTH="144" HEIGHT="56" CONTENT="6787" WC="0.87" CC="0050"/>
						<SP ID="P16_SP00232" HPOS="281" VPOS="4112" WIDTH="30"/>
						<String ID="P16_ST00287" HPOS="311" VPOS="4079" WIDTH="69" HEIGHT="49" CONTENT="gr." WC="0.85" CC="004"/>
						<SP ID="P16_SP00233" HPOS="380" VPOS="4128" WIDTH="77"/>
						<String ID="P16_ST00288" HPOS="457" VPOS="4059" WIDTH="130" HEIGHT="58" CONTENT="This" WC="0.99" CC="0040"/>
						<SP ID="P16_SP00234" HPOS="587" VPOS="4128" WIDTH="29"/>
						<String ID="P16_ST00289" HPOS="616" VPOS="4065" WIDTH="191" HEIGHT="55" CONTENT="service" WC="1.00" CC="0000200"/>
						<SP ID="P16_SP00235" HPOS="807" VPOS="4128" WIDTH="28"/>
						<String ID="P16_ST00290" HPOS="835" VPOS="4066" WIDTH="42" HEIGHT="54" CONTENT="is" WC="0.69" CC="50"/>
						<SP ID="P16_SP00236" HPOS="877" VPOS="4128" WIDTH="28"/>
						<String ID="P16_ST00291" HPOS="905" VPOS="4066" WIDTH="241" HEIGHT="59" CONTENT="enclosed" WC="1.00" CC="00030000"/>
						<SP ID="P16_SP00237" HPOS="1146" VPOS="4128" WIDTH="28"/>
						<String ID="P16_ST00292" HPOS="1174" VPOS="4070" WIDTH="52" HEIGHT="55" CONTENT="in" WC="0.74" CC="50"/>
						<SP ID="P16_SP00238" HPOS="1226" VPOS="4128" WIDTH="28"/>
						<String ID="P16_ST00293" HPOS="1254" VPOS="4070" WIDTH="61" HEIGHT="56" CONTENT="its" WC="0.98" CC="400"/>
						<SP ID="P16_SP00239" HPOS="1315" VPOS="4128" WIDTH="26"/>
						<String ID="P16_ST00294" HPOS="1341" VPOS="4094" WIDTH="135" HEIGHT="33" CONTENT="case." WC="1.00" CC="00003"/>
					</TextLine>
				</TextBlock>
				<TextBlock ID="P16_TB00003" HPOS="1520" VPOS="138" WIDTH="1365" HEIGHT="235" STYLEREFS="TXT_1 PAR_LEFT">
					<TextLine ID="P16_TL00056" HPOS="1630" VPOS="138" WIDTH="1255" HEIGHT="69">
						<String ID="P16_ST00295" HPOS="1630" VPOS="150" WIDTH="89" HEIGHT="57" CONTENT="95." WC="0.83" CC="005"/>
						<SP ID="P16_SP00240" HPOS="1719" VPOS="207" WIDTH="288"/>
						<String ID="P16_ST00296" HPOS="2007" VPOS="149" WIDTH="303" HEIGHT="56" CONTENT="Necessaire" WC="0.83" CC="9000600000" STYLEREFS="TXT_2"/>
						<SP ID="P16_SP00241" HPOS="2310" VPOS="207" WIDTH="383"/>
						<String ID="P16_ST00297" HPOS="2693" VPOS="144" WIDTH="62" HEIGHT="57" CONTENT="de" WC="0.71" CC="05" STYLEREFS="TXT_2"/>
						<SP ID="P16_SP00242" HPOS="2755" VPOS="207" WIDTH="-536"/>
						<String ID="P16_ST00298" HPOS="2219" VPOS="142" WIDTH="187" HEIGHT="58" CONTENT="toilette" WC="0.98" CC="60016466" STYLEREFS="TXT_2"/>
						<SP ID="P16_SP00243" HPOS="2755" VPOS="207" WIDTH="-299"/>
						<String ID="P16_ST00299" HPOS="2456" VPOS="144" WIDTH="53" HEIGHT="54" CONTENT="in" WC="0.65" CC="60"/>
						<SP ID="P16_SP00244" HPOS="2755" VPOS="207" WIDTH="-194"/>
						<String ID="P16_ST00300" HPOS="2561" VPOS="138" WIDTH="324" HEIGHT="69" CONTENT="palissandre" WC="0.69" CC="27030023904" STYLEREFS="TXT_2"/>
					</TextLine>
					<TextLine ID="P16_TL00057" HPOS="1520" VPOS="215" WIDTH="1363" HEIGHT="81">
						<String ID="P16_ST00301" HPOS="1520" VPOS="225" WIDTH="181" HEIGHT="71" CONTENT="(violet" WC="0.99" CC="0041406"/>
						<SP ID="P16_SP00245" HPOS="1701" VPOS="296" WIDTH="39"/>
						<String ID="P16_ST00302" HPOS="1740" VPOS="221" WIDTH="211" HEIGHT="74" CONTENT="ebony)," WC="0.98" CC="0626106"/>
						<SP ID="P16_SP00246" HPOS="1951" VPOS="296" WIDTH="41"/>
						<String ID="P16_ST00303" HPOS="1992" VPOS="221" WIDTH="265" HEIGHT="62" CONTENT="d'Aucoc," WC="0.61" CC="72005573"/>
						<SP ID="P16_SP00247" HPOS="2257" VPOS="296" WIDTH="42"/>
						<String ID="P16_ST00304" HPOS="2299" VPOS="216" WIDTH="126" HEIGHT="57" CONTENT="with" WC="0.96" CC="5707"/>
						<SP ID="P16_SP00248" HPOS="2425" VPOS="296" WIDTH="47"/>
						<String ID="P16_ST00305" HPOS="2472" VPOS="216" WIDTH="152" HEIGHT="56" CONTENT="silver" WC="0.99" CC="045301"/>
						<SP ID="P16_SP00249" HPOS="2624" VPOS="296" WIDTH="51"/>
						<String ID="P16_ST00306" HPOS="2675" VPOS="215" WIDTH="208" HEIGHT="71" CONTENT="fittings," WC="0.99" CC="000540504"/>
					</TextLine>
					<TextLine ID="P16_TL00058" HPOS="1520" VPOS="297" WIDTH="558" HEIGHT="75">
						<String ID="P16_ST00307" HPOS="1520" VPOS="300" WIDTH="261" HEIGHT="72" CONTENT="weighing" WC="0.98" CC="50457405"/>
						<SP ID="P16_SP00250" HPOS="1781" VPOS="372" WIDTH="38"/>
						<String ID="P16_ST00308" HPOS="1819" VPOS="297" WIDTH="149" HEIGHT="57" CONTENT="4930" WC="0.84" CC="0014"/>
						<SP ID="P16_SP00251" HPOS="1968" VPOS="372" WIDTH="39"/>
						<String ID="P16_ST00309" HPOS="2007" VPOS="319" WIDTH="71" HEIGHT="49" CONTENT="gr." WC="0.67" CC="054"/>
					</TextLine>
				</TextBlock>
				<TextBlock ID="P16_TB00004" HPOS="1502" VPOS="449" WIDTH="1384" HEIGHT="57" STYLEREFS="TXT_3 PAR_RIGHT">
					<TextLine ID="P16_TL00059" HPOS="1522" VPOS="451" WIDTH="1364" HEIGHT="55">
						<String ID="P16_ST00310" HPOS="1522" VPOS="457" WIDTH="658" HEIGHT="49" CONTENT="SILVER" WC="0.99" CC="050050"/>
						<SP ID="P16_SP00252" HPOS="2180" VPOS="506" WIDTH="167"/>
						<String ID="P16_ST00311" HPOS="2347" VPOS="451" WIDTH="539" HEIGHT="47" CONTENT="PLATE" WC="0.98" CC="52005"/>
					</TextLine>
				</TextBlock>
				<TextBlock ID="P16_TB00005" HPOS="1522" VPOS="591" WIDTH="1365" HEIGHT="966" STYLEREFS="TXT_1 PAR_LEFT">
					<TextLine ID="P16_TL00060" HPOS="1632" VPOS="591" WIDTH="931" HEIGHT="75">
						<String ID="P16_ST00312" HPOS="1632" VPOS="597" WIDTH="89" HEIGHT="58" CONTENT="96." WC="0.84" CC="022"/>
						<SP ID="P16_SP00253" HPOS="1721" VPOS="655" WIDTH="43"/>
						<String ID="P16_ST00313" HPOS="1764" VPOS="595" WIDTH="162" HEIGHT="57" CONTENT="Small" WC="0.98" CC="04055"/>
						<SP ID="P16_SP00254" HPOS="1926" VPOS="655" WIDTH="39"/>
						<String ID="P16_ST00314" HPOS="1965" VPOS="609" WIDTH="108" HEIGHT="57" CONTENT="tray" WC="1.00" CC="0000"/>
						<SP ID="P16_SP00255" HPOS="2073" VPOS="666" WIDTH="38"/>
						<String ID="P16_ST00315" HPOS="2111" VPOS="593" WIDTH="76" HEIGHT="56" CONTENT="for" WC="0.95" CC="605"/>
						<SP ID="P16_SP00256" HPOS="2187" VPOS="666" WIDTH="38"/>
						<String ID="P16_ST00316" HPOS="2225" VPOS="607" WIDTH="85" HEIGHT="42" CONTENT="tea" WC="0.96" CC="207"/>
						<SP ID="P16_SP00257" HPOS="2310" VPOS="666" WIDTH="40"/>
						<String ID="P16_ST00317" HPOS="2350" VPOS="591" WIDTH="213" HEIGHT="56" CONTENT="service." WC="0.99" CC="00007004"/>
					</TextLine>
					<TextLine ID="P16_TL00061" HPOS="1632" VPOS="660" WIDTH="1255" HEIGHT="71">
						<String ID="P16_ST00318" HPOS="1632" VPOS="672" WIDTH="89" HEIGHT="55" CONTENT="97." WC="0.85" CC="004"/>
						<SP ID="P16_SP00258" HPOS="1721" VPOS="727" WIDTH="42"/>
						<String ID="P16_ST00319" HPOS="1763" VPOS="669" WIDTH="137" HEIGHT="57" CONTENT="Two" WC="1.00" CC="000"/>
						<SP ID="P16_SP00259" HPOS="1900" VPOS="727" WIDTH="40"/>
						<String ID="P16_ST00320" HPOS="1940" VPOS="683" WIDTH="172" HEIGHT="42" CONTENT="entree" WC="0.99" CC="040103"/>
						<SP ID="P16_SP00260" HPOS="2112" VPOS="727" WIDTH="40"/>
						<String ID="P16_ST00321" HPOS="2152" VPOS="665" WIDTH="191" HEIGHT="66" CONTENT="dishes," WC="1.00" CC="0300003"/>
						<SP ID="P16_SP00261" HPOS="2343" VPOS="731" WIDTH="46"/>
						<String ID="P16_ST00322" HPOS="2389" VPOS="663" WIDTH="128" HEIGHT="58" CONTENT="with" WC="1.00" CC="0200"/>
						<SP ID="P16_SP00262" HPOS="2517" VPOS="731" WIDTH="51"/>
						<String ID="P16_ST00323" HPOS="2568" VPOS="660" WIDTH="212" HEIGHT="59" CONTENT="borders" WC="0.99" CC="7520006"/>
						<SP ID="P16_SP00263" HPOS="2780" VPOS="731" WIDTH="54"/>
						<String ID="P16_ST00324" HPOS="2834" VPOS="661" WIDTH="53" HEIGHT="56" CONTENT="of" WC="0.65" CC="07"/>
					</TextLine>
					<TextLine ID="P16_TL00062" HPOS="1523" VPOS="744" WIDTH="462" HEIGHT="75">
						<String ID="P16_ST00325" HPOS="1523" VPOS="745" WIDTH="255" HEIGHT="74" CONTENT="engraved" WC="0.99" CC="06038000"/>
						<SP ID="P16_SP00264" HPOS="1778" VPOS="819" WIDTH="40"/>
						<String ID="P16_ST00326" HPOS="1818" VPOS="744" WIDTH="167" HEIGHT="56" CONTENT="silver." WC="0.99" CC="0530034"/>
					</TextLine>
					<TextLine ID="P16_TL00063" HPOS="1632" VPOS="810" WIDTH="1255" HEIGHT="67">
						<String ID="P16_ST00327" HPOS="1632" VPOS="820" WIDTH="90" HEIGHT="57" CONTENT="98." WC="0.64" CC="064"/>
						<SP ID="P16_SP00265" HPOS="1722" VPOS="877" WIDTH="41"/>
						<String ID="P16_ST00328" HPOS="1763" VPOS="816" WIDTH="137" HEIGHT="59" CONTENT="Two" WC="1.00" CC="000"/>
						<SP ID="P16_SP00266" HPOS="1900" VPOS="877" WIDTH="41"/>
						<String ID="P16_ST00329" HPOS="1941" VPOS="832" WIDTH="171" HEIGHT="41" CONTENT="entree" WC="0.99" CC="040200"/>
						<SP ID="P16_SP00267" HPOS="2112" VPOS="877" WIDTH="51"/>
						<String ID="P16_ST00330" HPOS="2163" VPOS="814" WIDTH="174" HEIGHT="58" CONTENT="dishes" WC="0.99" CC="040600"/>
						<SP ID="P16_SP00268" HPOS="2337" VPOS="877" WIDTH="52"/>
						<String ID="P16_ST00331" HPOS="2389" VPOS="812" WIDTH="127" HEIGHT="58" CONTENT="with" WC="0.99" CC="0300"/>
						<SP ID="P16_SP00269" HPOS="2516" VPOS="877" WIDTH="52"/>
						<String ID="P16_ST00332" HPOS="2568" VPOS="810" WIDTH="212" HEIGHT="58" CONTENT="borders" WC="1.00" CC="7000000"/>
						<SP ID="P16_SP00270" HPOS="2780" VPOS="877" WIDTH="54"/>
						<String ID="P16_ST00333" HPOS="2834" VPOS="811" WIDTH="53" HEIGHT="56" CONTENT="of" WC="0.59" CC="16"/>
					</TextLine>
					<TextLine ID="P16_TL00064" HPOS="1524" VPOS="891" WIDTH="463" HEIGHT="75">
						<String ID="P16_ST00334" HPOS="1524" VPOS="891" WIDTH="254" HEIGHT="75" CONTENT="engraved" WC="1.00" CC="00000000"/>
						<SP ID="P16_SP00271" HPOS="1778" VPOS="966" WIDTH="40"/>
						<String ID="P16_ST00335" HPOS="1818" VPOS="891" WIDTH="169" HEIGHT="57" CONTENT="silver." WC="0.99" CC="0570033"/>
					</TextLine>
					<TextLine ID="P16_TL00065" HPOS="1632" VPOS="959" WIDTH="1252" HEIGHT="64">
						<String ID="P16_ST00336" HPOS="1632" VPOS="967" WIDTH="90" HEIGHT="56" CONTENT="99." WC="0.86" CC="004"/>
						<SP ID="P16_SP00272" HPOS="1722" VPOS="1023" WIDTH="41"/>
						<String ID="P16_ST00337" HPOS="1763" VPOS="965" WIDTH="137" HEIGHT="57" CONTENT="Two" WC="1.00" CC="000"/>
						<SP ID="P16_SP00273" HPOS="1900" VPOS="1023" WIDTH="38"/>
						<String ID="P16_ST00338" HPOS="1938" VPOS="964" WIDTH="174" HEIGHT="57" CONTENT="dishes" WC="0.98" CC="065700"/>
						<SP ID="P16_SP00274" HPOS="2112" VPOS="1023" WIDTH="40"/>
						<String ID="P16_ST00339" HPOS="2152" VPOS="962" WIDTH="76" HEIGHT="57" CONTENT="for" WC="0.95" CC="553"/>
						<SP ID="P16_SP00275" HPOS="2228" VPOS="1023" WIDTH="291"/>
						<String ID="P16_ST00340" HPOS="2519" VPOS="960" WIDTH="127" HEIGHT="57" CONTENT="with" WC="0.99" CC="0600"/>
						<SP ID="P16_SP00276" HPOS="2646" VPOS="1023" WIDTH="25"/>
						<String ID="P16_ST00341" HPOS="2671" VPOS="959" WIDTH="213" HEIGHT="58" CONTENT="borders" WC="0.99" CC="7020000"/>
					</TextLine>
					<TextLine ID="P16_TL00066" HPOS="1524" VPOS="1037" WIDTH="554" HEIGHT="74">
						<String ID="P16_ST00342" HPOS="1524" VPOS="1041" WIDTH="52" HEIGHT="56" CONTENT="of" WC="0.46" CC="46"/>
						<SP ID="P16_SP00277" HPOS="1576" VPOS="1097" WIDTH="37"/>
						<String ID="P16_ST00343" HPOS="1613" VPOS="1037" WIDTH="257" HEIGHT="74" CONTENT="engraved" WC="1.00" CC="10000020"/>
						<SP ID="P16_SP00278" HPOS="1870" VPOS="1111" WIDTH="40"/>
						<String ID="P16_ST00344" HPOS="1910" VPOS="1039" WIDTH="168" HEIGHT="55" CONTENT="silver." WC="1.00" CC="0040003"/>
					</TextLine>
					<TextLine ID="P16_TL00067" HPOS="1644" VPOS="1106" WIDTH="1240" HEIGHT="67">
						<String ID="P16_ST00345" HPOS="1644" VPOS="1115" WIDTH="115" HEIGHT="56" CONTENT="100." WC="0.53" CC="7424"/>
						<SP ID="P16_SP00279" HPOS="1759" VPOS="1171" WIDTH="41"/>
						<String ID="P16_ST00346" HPOS="1800" VPOS="1111" WIDTH="138" HEIGHT="58" CONTENT="Two" WC="1.00" CC="000"/>
						<SP ID="P16_SP00280" HPOS="1938" VPOS="1171" WIDTH="38"/>
						<String ID="P16_ST00347" HPOS="1976" VPOS="1111" WIDTH="174" HEIGHT="57" CONTENT="dishes" WC="0.99" CC="040700"/>
						<SP ID="P16_SP00281" HPOS="2150" VPOS="1171" WIDTH="27"/>
						<String ID="P16_ST00348" HPOS="2177" VPOS="1110" WIDTH="76" HEIGHT="57" CONTENT="for" WC="0.97" CC="700"/>
						<SP ID="P16_SP00282" HPOS="2253" VPOS="1171" WIDTH="27"/>
						<String ID="P16_ST00349" HPOS="2280" VPOS="1108" WIDTH="201" HEIGHT="65" CONTENT="releves," WC="0.90" CC="00006001" STYLEREFS="TXT_2"/>
						<SP ID="P16_SP00283" HPOS="2481" VPOS="1173" WIDTH="38"/>
						<String ID="P16_ST00350" HPOS="2519" VPOS="1108" WIDTH="127" HEIGHT="58" CONTENT="with" WC="1.00" CC="0000"/>
						<SP ID="P16_SP00284" HPOS="2646" VPOS="1173" WIDTH="25"/>
						<String ID="P16_ST00351" HPOS="2671" VPOS="1106" WIDTH="213" HEIGHT="60" CONTENT="borders" WC="0.99" CC="7010303"/>
					</TextLine>
					<TextLine ID="P16_TL00068" HPOS="1523" VPOS="1186" WIDTH="554" HEIGHT="72">
						<String ID="P16_ST00352" HPOS="1523" VPOS="1188" WIDTH="52" HEIGHT="56" CONTENT="of" WC="0.65" CC="07"/>
						<SP ID="P16_SP00285" HPOS="1575" VPOS="1244" WIDTH="38"/>
						<String ID="P16_ST00353" HPOS="1613" VPOS="1186" WIDTH="255" HEIGHT="72" CONTENT="engraved" WC="1.00" CC="00051000"/>
						<SP ID="P16_SP00286" HPOS="1868" VPOS="1258" WIDTH="41"/>
						<String ID="P16_ST00354" HPOS="1909" VPOS="1186" WIDTH="168" HEIGHT="56" CONTENT="silver." WC="0.99" CC="0350064"/>
					</TextLine>
					<TextLine ID="P16_TL00069" HPOS="1644" VPOS="1256" WIDTH="1242" HEIGHT="62">
						<String ID="P16_ST00355" HPOS="1644" VPOS="1262" WIDTH="115" HEIGHT="56" CONTENT="101." WC="0.60" CC="6450"/>
						<SP ID="P16_SP00287" HPOS="1759" VPOS="1318" WIDTH="42"/>
						<String ID="P16_ST00356" HPOS="1801" VPOS="1260" WIDTH="137" HEIGHT="57" CONTENT="Two" WC="1.00" CC="000"/>
						<SP ID="P16_SP00288" HPOS="1938" VPOS="1318" WIDTH="52"/>
						<String ID="P16_ST00357" HPOS="1990" VPOS="1260" WIDTH="113" HEIGHT="55" CONTENT="oval" WC="0.98" CC="0025"/>
						<SP ID="P16_SP00289" HPOS="2103" VPOS="1318" WIDTH="54"/>
						<String ID="P16_ST00358" HPOS="2157" VPOS="1257" WIDTH="172" HEIGHT="58" CONTENT="dishes" WC="0.99" CC="050700"/>
						<SP ID="P16_SP00290" HPOS="2329" VPOS="1318" WIDTH="53"/>
						<String ID="P16_ST00359" HPOS="2382" VPOS="1257" WIDTH="127" HEIGHT="57" CONTENT="with" WC="0.99" CC="0600"/>
						<SP ID="P16_SP00291" HPOS="2509" VPOS="1318" WIDTH="50"/>
						<String ID="P16_ST00360" HPOS="2559" VPOS="1256" WIDTH="212" HEIGHT="58" CONTENT="borders" WC="0.99" CC="7030000"/>
						<SP ID="P16_SP00292" HPOS="2771" VPOS="1318" WIDTH="61"/>
						<String ID="P16_ST00361" HPOS="2832" VPOS="1257" WIDTH="54" HEIGHT="57" CONTENT="of" WC="0.59" CC="16"/>
					</TextLine>
					<TextLine ID="P16_TL00070" HPOS="1523" VPOS="1333" WIDTH="462" HEIGHT="75">
						<String ID="P16_ST00362" HPOS="1523" VPOS="1333" WIDTH="255" HEIGHT="75" CONTENT="engraved" WC="1.00" CC="00012000"/>
						<SP ID="P16_SP00293" HPOS="1778" VPOS="1408" WIDTH="40"/>
						<String ID="P16_ST00363" HPOS="1818" VPOS="1333" WIDTH="167" HEIGHT="57" CONTENT="silver." WC="0.99" CC="2020004"/>
					</TextLine>
					<TextLine ID="P16_TL00071" HPOS="1641" VPOS="1403" WIDTH="1241" HEIGHT="76">
						<String ID="P16_ST00364" HPOS="1641" VPOS="1409" WIDTH="117" HEIGHT="56" CONTENT="102." WC="0.69" CC="7004"/>
						<SP ID="P16_SP00294" HPOS="1758" VPOS="1465" WIDTH="43"/>
						<String ID="P16_ST00365" HPOS="1801" VPOS="1407" WIDTH="165" HEIGHT="72" CONTENT="Large" WC="0.98" CC="60080"/>
						<SP ID="P16_SP00295" HPOS="1966" VPOS="1479" WIDTH="40"/>
						<String ID="P16_ST00366" HPOS="2006" VPOS="1406" WIDTH="109" HEIGHT="57" CONTENT="rich" WC="0.97" CC="3306"/>
						<SP ID="P16_SP00296" HPOS="2115" VPOS="1479" WIDTH="38"/>
						<String ID="P16_ST00367" HPOS="2153" VPOS="1420" WIDTH="107" HEIGHT="58" CONTENT="tray" WC="0.99" CC="0020"/>
						<SP ID="P16_SP00297" HPOS="2260" VPOS="1479" WIDTH="38"/>
						<String ID="P16_ST00368" HPOS="2298" VPOS="1404" WIDTH="127" HEIGHT="57" CONTENT="with" WC="0.99" CC="0300"/>
						<SP ID="P16_SP00298" HPOS="2425" VPOS="1479" WIDTH="38"/>
						<String ID="P16_ST00369" HPOS="2463" VPOS="1403" WIDTH="188" HEIGHT="60" CONTENT="border" WC="0.99" CC="700000"/>
						<SP ID="P16_SP00299" HPOS="2651" VPOS="1479" WIDTH="44"/>
						<String ID="P16_ST00370" HPOS="2695" VPOS="1404" WIDTH="54" HEIGHT="57" CONTENT="of" WC="0.50" CC="27"/>
						<SP ID="P16_SP00300" HPOS="2749" VPOS="1479" WIDTH="44"/>
						<String ID="P16_ST00371" HPOS="2793" VPOS="1427" WIDTH="60" HEIGHT="34" CONTENT="en" SUBS_TYPE="HypPart1" SUBS_CONTENT="engraved" WC="0.98" CC="00"/>
						<HYP HPOS="2853" VPOS="1427" WIDTH="29" CONTENT="-"/>
					</TextLine>
					<TextLine ID="P16_TL00072" HPOS="1523" VPOS="1482" WIDTH="392" HEIGHT="73">
						<String ID="P16_ST00372" HPOS="1523" VPOS="1482" WIDTH="185" HEIGHT="73" CONTENT="graved" SUBS_TYPE="HypPart2" SUBS_CONTENT="engraved" WC="1.00" CC="005000"/>
						<SP ID="P16_SP00301" HPOS="1708" VPOS="1555" WIDTH="41"/>
						<String ID="P16_ST00373" HPOS="1749" VPOS="1482" WIDTH="166" HEIGHT="57" CONTENT="silver." WC="0.99" CC="0050003"/>
					</TextLine>
				</TextBlock>
				<TextBlock ID="P16_TB00006" HPOS="1521" VPOS="1607" WIDTH="1366" HEIGHT="81" STYLEREFS="TXT_4 PAR_RIGHT">
					<TextLine ID="P16_TL00073" HPOS="1521" VPOS="1641" WIDTH="1366" HEIGHT="47">
						<String ID="P16_ST00374" HPOS="1521" VPOS="1641" WIDTH="559" HEIGHT="47" CONTENT="ARGENTURE" WC="0.96" CC="000000000" STYLEREFS="TXT_3"/>
						<SP ID="P16_SP00302" HPOS="2080" VPOS="1688" WIDTH="62"/>
						<String ID="P16_ST00375" HPOS="2142" VPOS="1641" WIDTH="745" HEIGHT="47" CONTENT="CHRISTOFELE." WC="0.96" CC="000000000000"/>
					</TextLine>
				</TextBlock>
				<TextBlock ID="P16_TB00007" HPOS="1643" VPOS="1777" WIDTH="802" HEIGHT="71" STYLEREFS="TXT_1 PAR_RIGHT">
					<TextLine ID="P16_TL00074" HPOS="1643" VPOS="1777" WIDTH="802" HEIGHT="71">
						<String ID="P16_ST00376" HPOS="1643" VPOS="1778" WIDTH="117" HEIGHT="56" CONTENT="103." WC="0.71" CC="6004"/>
						<SP ID="P16_SP00303" HPOS="1760" VPOS="1834" WIDTH="41"/>
						<String ID="P16_ST00377" HPOS="1801" VPOS="1777" WIDTH="97" HEIGHT="57" CONTENT="An" WC="1.00" CC="00"/>
						<SP ID="P16_SP00304" HPOS="1898" VPOS="1834" WIDTH="39"/>
						<String ID="P16_ST00378" HPOS="1937" VPOS="1777" WIDTH="310" HEIGHT="71" CONTENT="incomplete" WC="0.99" CC="5504005000"/>
						<SP ID="P16_SP00305" HPOS="2247" VPOS="1848" WIDTH="39"/>
						<String ID="P16_ST00379" HPOS="2286" VPOS="1777" WIDTH="159" HEIGHT="57" CONTENT="chest." WC="0.99" CC="070024"/>
					</TextLine>
				</TextBlock>
				<TextBlock ID="P16_TB00008" HPOS="1524" VPOS="1938" WIDTH="1360" HEIGHT="45" STYLEREFS="TXT_5 PAR_RIGHT">
					<TextLine ID="P16_TL00075" HPOS="1524" VPOS="1938" WIDTH="1360" HEIGHT="45">
						<String ID="P16_ST00380" HPOS="1524" VPOS="1938" WIDTH="680" HEIGHT="45" CONTENT="RUSSIAN" WC="0.98" CC="0000000"/>
						<SP ID="P16_SP00306" HPOS="2204" VPOS="1983" WIDTH="97"/>
						<String ID="P16_ST00381" HPOS="2301" VPOS="1938" WIDTH="583" HEIGHT="45" CONTENT="SILVER" WC="0.98" CC="000000"/>
					</TextLine>
				</TextBlock>
				<TextBlock ID="P16_TB00009" HPOS="1523" VPOS="2073" WIDTH="1368" HEIGHT="1617" STYLEREFS="TXT_1 PAR_LEFT">
					<TextLine ID="P16_TL00076" HPOS="1642" VPOS="2073" WIDTH="1242" HEIGHT="76">
						<String ID="P16_ST00382" HPOS="1642" VPOS="2075" WIDTH="117" HEIGHT="57" CONTENT="104." WC="0.62" CC="7024"/>
						<SP ID="P16_SP00307" HPOS="1759" VPOS="2132" WIDTH="41"/>
						<String ID="P16_ST00383" HPOS="1800" VPOS="2073" WIDTH="221" HEIGHT="59" CONTENT="Twelve" WC="0.98" CC="660330"/>
						<SP ID="P16_SP00308" HPOS="2021" VPOS="2132" WIDTH="28"/>
						<String ID="P16_ST00384" HPOS="2049" VPOS="2076" WIDTH="128" HEIGHT="56" CONTENT="little" WC="0.98" CC="370560"/>
						<SP ID="P16_SP00309" HPOS="2177" VPOS="2132" WIDTH="28"/>
						<String ID="P16_ST00385" HPOS="2205" VPOS="2075" WIDTH="227" HEIGHT="57" CONTENT="Russian" WC="0.99" CC="0004405"/>
						<SP ID="P16_SP00310" HPOS="2432" VPOS="2132" WIDTH="51"/>
						<String ID="P16_ST00386" HPOS="2483" VPOS="2075" WIDTH="401" HEIGHT="74" CONTENT="drinking-cups" WC="0.72" CC="8034034460010"/>
					</TextLine>
					<TextLine ID="P16_TL00077" HPOS="1523" VPOS="2147" WIDTH="838" HEIGHT="74">
						<String ID="P16_ST00387" HPOS="1523" VPOS="2150" WIDTH="52" HEIGHT="54" CONTENT="of" WC="0.42" CC="38"/>
						<SP ID="P16_SP00311" HPOS="1575" VPOS="2204" WIDTH="38"/>
						<String ID="P16_ST00388" HPOS="1613" VPOS="2147" WIDTH="187" HEIGHT="65" CONTENT="Toula," WC="0.86" CC="600000"/>
						<SP ID="P16_SP00312" HPOS="1800" VPOS="2212" WIDTH="41"/>
						<String ID="P16_ST00389" HPOS="1841" VPOS="2149" WIDTH="260" HEIGHT="72" CONTENT="weighing" WC="0.98" CC="60767636"/>
						<SP ID="P16_SP00313" HPOS="2101" VPOS="2221" WIDTH="39"/>
						<String ID="P16_ST00390" HPOS="2140" VPOS="2150" WIDTH="111" HEIGHT="56" CONTENT="378" WC="0.54" CC="607"/>
						<SP ID="P16_SP00314" HPOS="2251" VPOS="2221" WIDTH="40"/>
						<String ID="P16_ST00391" HPOS="2291" VPOS="2170" WIDTH="70" HEIGHT="51" CONTENT="gr." WC="0.98" CC="000"/>
					</TextLine>
					<TextLine ID="P16_TL00078" HPOS="1642" VPOS="2222" WIDTH="1242" HEIGHT="73">
						<String ID="P16_ST00392" HPOS="1642" VPOS="2223" WIDTH="117" HEIGHT="58" CONTENT="105." WC="0.60" CC="6242"/>
						<SP ID="P16_SP00315" HPOS="1759" VPOS="2281" WIDTH="43"/>
						<String ID="P16_ST00393" HPOS="1802" VPOS="2222" WIDTH="275" HEIGHT="73" CONTENT="Engraved" WC="0.99" CC="40050209"/>
						<SP ID="P16_SP00316" HPOS="2077" VPOS="2295" WIDTH="64"/>
						<String ID="P16_ST00394" HPOS="2141" VPOS="2223" WIDTH="263" HEIGHT="65" CONTENT="casserole," WC="0.99" CC="0020700073" STYLEREFS="TXT_2"/>
						<SP ID="P16_SP00317" HPOS="2404" VPOS="2295" WIDTH="72"/>
						<String ID="P16_ST00395" HPOS="2476" VPOS="2222" WIDTH="172" HEIGHT="59" CONTENT="Toula" WC="0.84" CC="20050"/>
						<SP ID="P16_SP00318" HPOS="2648" VPOS="2295" WIDTH="68"/>
						<String ID="P16_ST00396" HPOS="2716" VPOS="2225" WIDTH="168" HEIGHT="64" CONTENT="silver," WC="1.00" CC="0060001"/>
					</TextLine>
					<TextLine ID="P16_TL00079" HPOS="1523" VPOS="2297" WIDTH="518" HEIGHT="73">
						<String ID="P16_ST00397" HPOS="1523" VPOS="2297" WIDTH="258" HEIGHT="73" CONTENT="weighing" WC="0.99" CC="00307640"/>
						<SP ID="P16_SP00319" HPOS="1781" VPOS="2370" WIDTH="42"/>
						<String ID="P16_ST00398" HPOS="1823" VPOS="2297" WIDTH="106" HEIGHT="57" CONTENT="572" WC="0.82" CC="500"/>
						<SP ID="P16_SP00320" HPOS="1929" VPOS="2370" WIDTH="42"/>
						<String ID="P16_ST00399" HPOS="1971" VPOS="2320" WIDTH="70" HEIGHT="50" CONTENT="gr." WC="0.85" CC="004"/>
					</TextLine>
					<TextLine ID="P16_TL00080" HPOS="1644" VPOS="2372" WIDTH="1244" HEIGHT="72">
						<String ID="P16_ST00400" HPOS="1644" VPOS="2372" WIDTH="118" HEIGHT="57" CONTENT="106." WC="0.60" CC="6413"/>
						<SP ID="P16_SP00321" HPOS="1762" VPOS="2429" WIDTH="39"/>
						<String ID="P16_ST00401" HPOS="1801" VPOS="2372" WIDTH="305" HEIGHT="57" CONTENT="Necessaire" WC="1.00" CC="0000000000" STYLEREFS="TXT_2"/>
						<SP ID="P16_SP00322" HPOS="2106" VPOS="2429" WIDTH="39"/>
						<String ID="P16_ST00402" HPOS="2145" VPOS="2372" WIDTH="63" HEIGHT="56" CONTENT="de" WC="1.00" CC="00" STYLEREFS="TXT_2"/>
						<SP ID="P16_SP00323" HPOS="2208" VPOS="2429" WIDTH="40"/>
						<String ID="P16_ST00403" HPOS="2248" VPOS="2372" WIDTH="186" HEIGHT="56" CONTENT="toilette" WC="1.00" CC="02030000" STYLEREFS="TXT_2"/>
						<SP ID="P16_SP00324" HPOS="2434" VPOS="2429" WIDTH="25"/>
						<String ID="P16_ST00404" HPOS="2459" VPOS="2373" WIDTH="127" HEIGHT="56" CONTENT="with" WC="0.98" CC="0360"/>
						<SP ID="P16_SP00325" HPOS="2586" VPOS="2429" WIDTH="27"/>
						<String ID="P16_ST00405" HPOS="2613" VPOS="2373" WIDTH="186" HEIGHT="71" CONTENT="fittings" WC="0.99" CC="76004200"/>
						<SP ID="P16_SP00326" HPOS="2799" VPOS="2444" WIDTH="36"/>
						<String ID="P16_ST00406" HPOS="2835" VPOS="2373" WIDTH="53" HEIGHT="56" CONTENT="of" WC="0.65" CC="07"/>
					</TextLine>
					<TextLine ID="P16_TL00081" HPOS="1524" VPOS="2446" WIDTH="1364" HEIGHT="73">
						<String ID="P16_ST00407" HPOS="1524" VPOS="2446" WIDTH="160" HEIGHT="57" CONTENT="inlaid" WC="0.99" CC="406000"/>
						<SP ID="P16_SP00327" HPOS="1684" VPOS="2503" WIDTH="40"/>
						<String ID="P16_ST00408" HPOS="1724" VPOS="2447" WIDTH="167" HEIGHT="63" CONTENT="silver," WC="0.99" CC="1360002"/>
						<SP ID="P16_SP00328" HPOS="1891" VPOS="2510" WIDTH="28"/>
						<String ID="P16_ST00409" HPOS="1919" VPOS="2446" WIDTH="261" HEIGHT="72" CONTENT="weighing" WC="0.99" CC="00000457"/>
						<SP ID="P16_SP00329" HPOS="2180" VPOS="2518" WIDTH="26"/>
						<String ID="P16_ST00410" HPOS="2206" VPOS="2447" WIDTH="146" HEIGHT="57" CONTENT="4444" WC="0.90" CC="3000"/>
						<SP ID="P16_SP00330" HPOS="2352" VPOS="2518" WIDTH="30"/>
						<String ID="P16_ST00411" HPOS="2382" VPOS="2469" WIDTH="69" HEIGHT="50" CONTENT="gr." WC="0.52" CC="094"/>
						<SP ID="P16_SP00331" HPOS="2451" VPOS="2519" WIDTH="80"/>
						<String ID="P16_ST00412" HPOS="2531" VPOS="2446" WIDTH="157" HEIGHT="71" CONTENT="(This" WC="0.99" CC="10040"/>
						<SP ID="P16_SP00332" HPOS="2688" VPOS="2519" WIDTH="29"/>
						<String ID="P16_ST00413" HPOS="2717" VPOS="2470" WIDTH="143" HEIGHT="33" CONTENT="neces" SUBS_TYPE="HypPart1" SUBS_CONTENT="necessaire," WC="0.89" CC="20000" STYLEREFS="TXT_2"/>
						<HYP HPOS="2860" VPOS="2470" WIDTH="28" CONTENT="-"/>
					</TextLine>
					<TextLine ID="P16_TL00082" HPOS="1524" VPOS="2519" WIDTH="1360" HEIGHT="74">
						<String ID="P16_ST00414" HPOS="1524" VPOS="2527" WIDTH="144" HEIGHT="57" CONTENT="saire," SUBS_TYPE="HypPart2" SUBS_CONTENT="necessaire," WC="0.93" CC="040000" STYLEREFS="TXT_2"/>
						<SP ID="P16_SP00333" HPOS="1668" VPOS="2584" WIDTH="29"/>
						<String ID="P16_ST00415" HPOS="1697" VPOS="2543" WIDTH="29" HEIGHT="32" CONTENT="a" WC="1.00" CC="0"/>
						<SP ID="P16_SP00334" HPOS="1726" VPOS="2584" WIDTH="26"/>
						<String ID="P16_ST00416" HPOS="1752" VPOS="2519" WIDTH="315" HEIGHT="56" CONTENT="remarkable" WC="0.99" CC="4010501860"/>
						<SP ID="P16_SP00335" HPOS="2067" VPOS="2584" WIDTH="28"/>
						<String ID="P16_ST00417" HPOS="2095" VPOS="2522" WIDTH="148" HEIGHT="68" CONTENT="piece" WC="0.98" CC="06050"/>
						<SP ID="P16_SP00336" HPOS="2243" VPOS="2590" WIDTH="28"/>
						<String ID="P16_ST00418" HPOS="2271" VPOS="2521" WIDTH="52" HEIGHT="56" CONTENT="of" WC="0.63" CC="07"/>
						<SP ID="P16_SP00337" HPOS="2323" VPOS="2590" WIDTH="26"/>
						<String ID="P16_ST00419" HPOS="2349" VPOS="2521" WIDTH="158" HEIGHT="64" CONTENT="work," WC="0.98" CC="03404"/>
						<SP ID="P16_SP00338" HPOS="2507" VPOS="2590" WIDTH="28"/>
						<String ID="P16_ST00420" HPOS="2535" VPOS="2545" WIDTH="108" HEIGHT="32" CONTENT="was" WC="1.00" CC="000"/>
						<SP ID="P16_SP00339" HPOS="2643" VPOS="2590" WIDTH="29"/>
						<String ID="P16_ST00421" HPOS="2672" VPOS="2543" WIDTH="182" HEIGHT="50" CONTENT="presen" SUBS_TYPE="HypPart1" SUBS_CONTENT="presented" WC="0.99" CC="000205"/>
						<HYP HPOS="2854" VPOS="2543" WIDTH="30" CONTENT="-"/>
					</TextLine>
					<TextLine ID="P16_TL00083" HPOS="1523" VPOS="2592" WIDTH="1363" HEIGHT="73">
						<String ID="P16_ST00422" HPOS="1523" VPOS="2592" WIDTH="88" HEIGHT="58" CONTENT="ted" SUBS_TYPE="HypPart2" SUBS_CONTENT="presented" WC="0.98" CC="400"/>
						<SP ID="P16_SP00340" HPOS="1611" VPOS="2650" WIDTH="39"/>
						<String ID="P16_ST00423" HPOS="1650" VPOS="2607" WIDTH="52" HEIGHT="42" CONTENT="to" WC="0.86" CC="20"/>
						<SP ID="P16_SP00341" HPOS="1702" VPOS="2650" WIDTH="41"/>
						<String ID="P16_ST00424" HPOS="1743" VPOS="2593" WIDTH="400" HEIGHT="57" CONTENT="Mademoiselle" WC="1.00" CC="000030400550"/>
						<SP ID="P16_SP00342" HPOS="2143" VPOS="2650" WIDTH="42"/>
						<String ID="P16_ST00425" HPOS="2185" VPOS="2594" WIDTH="199" HEIGHT="56" CONTENT="Rachel" WC="0.99" CC="111005"/>
						<SP ID="P16_SP00343" HPOS="2384" VPOS="2650" WIDTH="41"/>
						<String ID="P16_ST00426" HPOS="2425" VPOS="2594" WIDTH="68" HEIGHT="71" CONTENT="by" WC="0.61" CC="70"/>
						<SP ID="P16_SP00344" HPOS="2493" VPOS="2665" WIDTH="49"/>
						<String ID="P16_ST00427" HPOS="2542" VPOS="2594" WIDTH="104" HEIGHT="57" CONTENT="His" WC="0.99" CC="020"/>
						<SP ID="P16_SP00345" HPOS="2646" VPOS="2665" WIDTH="49"/>
						<String ID="P16_ST00428" HPOS="2695" VPOS="2594" WIDTH="160" HEIGHT="59" CONTENT="Excel" SUBS_TYPE="HypPart1" SUBS_CONTENT="Excellency" WC="0.98" CC="40106"/>
						<HYP HPOS="2855" VPOS="2594" WIDTH="31" CONTENT="-"/>
					</TextLine>
					<TextLine ID="P16_TL00084" HPOS="1526" VPOS="2668" WIDTH="1360" HEIGHT="74">
						<String ID="P16_ST00429" HPOS="1526" VPOS="2668" WIDTH="147" HEIGHT="71" CONTENT="lency" SUBS_TYPE="HypPart2" SUBS_CONTENT="Excellency" WC="0.99" CC="60001"/>
						<SP ID="P16_SP00346" HPOS="1673" VPOS="2739" WIDTH="16"/>
						<String ID="P16_ST00430" HPOS="1689" VPOS="2668" WIDTH="185" HEIGHT="56" CONTENT="Prince" WC="0.99" CC="053000"/>
						<SP ID="P16_SP00347" HPOS="1874" VPOS="2739" WIDTH="15"/>
						<String ID="P16_ST00431" HPOS="1889" VPOS="2668" WIDTH="376" HEIGHT="66" CONTENT="Gortschakoff," WC="0.69" CC="3360007000862"/>
						<SP ID="P16_SP00348" HPOS="2265" VPOS="2739" WIDTH="11"/>
						<String ID="P16_ST00432" HPOS="2276" VPOS="2683" WIDTH="51" HEIGHT="42" CONTENT="at" WC="1.00" CC="00"/>
						<SP ID="P16_SP00349" HPOS="2327" VPOS="2739" WIDTH="23"/>
						<String ID="P16_ST00433" HPOS="2350" VPOS="2668" WIDTH="260" HEIGHT="67" CONTENT="Moscow," WC="1.00" CC="0000303"/>
						<SP ID="P16_SP00350" HPOS="2610" VPOS="2739" WIDTH="17"/>
						<String ID="P16_ST00434" HPOS="2627" VPOS="2672" WIDTH="53" HEIGHT="54" CONTENT="in" WC="0.69" CC="60"/>
						<SP ID="P16_SP00351" HPOS="2680" VPOS="2739" WIDTH="24"/>
						<String ID="P16_ST00435" HPOS="2704" VPOS="2670" WIDTH="182" HEIGHT="72" CONTENT="1854)." WC="0.99" CC="270004"/>
					</TextLine>
					<TextLine ID="P16_TL00085" HPOS="1646" VPOS="2742" WIDTH="1241" HEIGHT="73">
						<String ID="P16_ST00436" HPOS="1646" VPOS="2742" WIDTH="114" HEIGHT="55" CONTENT="107." WC="0.60" CC="8303"/>
						<SP ID="P16_SP00352" HPOS="1760" VPOS="2797" WIDTH="45"/>
						<String ID="P16_ST00437" HPOS="1805" VPOS="2742" WIDTH="225" HEIGHT="55" CONTENT="Russian" WC="1.00" CC="0040100"/>
						<SP ID="P16_SP00353" HPOS="2030" VPOS="2797" WIDTH="45"/>
						<String ID="P16_ST00438" HPOS="2075" VPOS="2742" WIDTH="384" HEIGHT="73" CONTENT="drinking-cup," WC="0.81" CC="0060020930003"/>
						<SP ID="P16_SP00354" HPOS="2459" VPOS="2815" WIDTH="55"/>
						<String ID="P16_ST00439" HPOS="2514" VPOS="2744" WIDTH="153" HEIGHT="57" CONTENT="silver" WC="1.00" CC="014000"/>
						<SP ID="P16_SP00355" HPOS="2667" VPOS="2815" WIDTH="50"/>
						<String ID="P16_ST00440" HPOS="2717" VPOS="2744" WIDTH="170" HEIGHT="59" CONTENT="boar's" WC="0.99" CC="030130"/>
					</TextLine>
					<TextLine ID="P16_TL00086" HPOS="1526" VPOS="2814" WIDTH="149" HEIGHT="57">
						<String ID="P16_ST00441" HPOS="1526" VPOS="2814" WIDTH="149" HEIGHT="57" CONTENT="head." WC="0.98" CC="60004"/>
					</TextLine>
					<TextLine ID="P16_TL00087" HPOS="1646" VPOS="2890" WIDTH="959" HEIGHT="73">
						<String ID="P16_ST00442" HPOS="1646" VPOS="2890" WIDTH="117" HEIGHT="56" CONTENT="108." WC="0.40" CC="8554"/>
						<SP ID="P16_SP00356" HPOS="1763" VPOS="2946" WIDTH="43"/>
						<String ID="P16_ST00443" HPOS="1806" VPOS="2890" WIDTH="225" HEIGHT="57" CONTENT="Russian" WC="1.00" CC="0000400"/>
						<SP ID="P16_SP00357" HPOS="2031" VPOS="2947" WIDTH="41"/>
						<String ID="P16_ST00444" HPOS="2072" VPOS="2890" WIDTH="189" HEIGHT="73" CONTENT="goblet," WC="0.98" CC="9175003"/>
						<SP ID="P16_SP00358" HPOS="2261" VPOS="2963" WIDTH="47"/>
						<String ID="P16_ST00445" HPOS="2308" VPOS="2893" WIDTH="297" HEIGHT="57" CONTENT="tree-trunk." WC="1.00" CC="00003100704"/>
					</TextLine>
					<TextLine ID="P16_TL00088" HPOS="1647" VPOS="2964" WIDTH="1241" HEIGHT="75">
						<String ID="P16_ST00446" HPOS="1647" VPOS="2965" WIDTH="116" HEIGHT="56" CONTENT="109." WC="0.68" CC="8004"/>
						<SP ID="P16_SP00359" HPOS="1763" VPOS="3021" WIDTH="43"/>
						<String ID="P16_ST00447" HPOS="1806" VPOS="2964" WIDTH="225" HEIGHT="57" CONTENT="Russian" WC="1.00" CC="0000080"/>
						<SP ID="P16_SP00360" HPOS="2031" VPOS="3021" WIDTH="41"/>
						<String ID="P16_ST00448" HPOS="2072" VPOS="2965" WIDTH="190" HEIGHT="73" CONTENT="goblet," WC="0.99" CC="9004003"/>
						<SP ID="P16_SP00361" HPOS="2262" VPOS="3038" WIDTH="42"/>
						<String ID="P16_ST00449" HPOS="2304" VPOS="2966" WIDTH="216" HEIGHT="73" CONTENT="episode" WC="1.00" CC="0020500"/>
						<SP ID="P16_SP00362" HPOS="2520" VPOS="3039" WIDTH="27"/>
						<String ID="P16_ST00450" HPOS="2547" VPOS="2968" WIDTH="53" HEIGHT="56" CONTENT="of" WC="0.52" CC="36"/>
						<SP ID="P16_SP00363" HPOS="2600" VPOS="3039" WIDTH="25"/>
						<String ID="P16_ST00451" HPOS="2625" VPOS="2968" WIDTH="87" HEIGHT="57" CONTENT="the" WC="0.98" CC="060"/>
						<SP ID="P16_SP00364" HPOS="2712" VPOS="3039" WIDTH="35"/>
						<String ID="P16_ST00452" HPOS="2747" VPOS="2969" WIDTH="106" HEIGHT="57" CONTENT="Cau" SUBS_TYPE="HypPart1" SUBS_CONTENT="Caucasian" WC="0.98" CC="005"/>
						<HYP HPOS="2853" VPOS="2969" WIDTH="35" CONTENT="-"/>
					</TextLine>
					<TextLine ID="P16_TL00089" HPOS="1527" VPOS="3039" WIDTH="943" HEIGHT="73">
						<String ID="P16_ST00453" HPOS="1527" VPOS="3040" WIDTH="171" HEIGHT="55" CONTENT="casian" SUBS_TYPE="HypPart2" SUBS_CONTENT="Caucasian" WC="1.00" CC="000500"/>
						<SP ID="P16_SP00365" HPOS="1698" VPOS="3095" WIDTH="40"/>
						<String ID="P16_ST00454" HPOS="1738" VPOS="3062" WIDTH="120" HEIGHT="40" CONTENT="war," WC="0.99" CC="0022"/>
						<SP ID="P16_SP00366" HPOS="1858" VPOS="3102" WIDTH="41"/>
						<String ID="P16_ST00455" HPOS="1899" VPOS="3039" WIDTH="127" HEIGHT="57" CONTENT="with" WC="0.98" CC="0520"/>
						<SP ID="P16_SP00367" HPOS="2026" VPOS="3102" WIDTH="38"/>
						<String ID="P16_ST00456" HPOS="2064" VPOS="3040" WIDTH="169" HEIGHT="57" CONTENT="raised" WC="0.99" CC="604000"/>
						<SP ID="P16_SP00368" HPOS="2233" VPOS="3102" WIDTH="39"/>
						<String ID="P16_ST00457" HPOS="2272" VPOS="3041" WIDTH="198" HEIGHT="71" CONTENT="figures." WC="0.99" CC="87000000"/>
					</TextLine>
					<TextLine ID="P16_TL00090" HPOS="1649" VPOS="3112" WIDTH="1239" HEIGHT="78">
						<String ID="P16_ST00458" HPOS="1649" VPOS="3112" WIDTH="115" HEIGHT="56" CONTENT="110." WC="0.59" CC="4514"/>
						<SP ID="P16_SP00369" HPOS="1764" VPOS="3168" WIDTH="43"/>
						<String ID="P16_ST00459" HPOS="1807" VPOS="3112" WIDTH="227" HEIGHT="58" CONTENT="Russian" WC="0.99" CC="0000514"/>
						<SP ID="P16_SP00370" HPOS="2034" VPOS="3170" WIDTH="41"/>
						<String ID="P16_ST00460" HPOS="2075" VPOS="3115" WIDTH="293" HEIGHT="63" CONTENT="salt-cellar," WC="0.99" CC="060240045043"/>
						<SP ID="P16_SP00371" HPOS="2368" VPOS="3178" WIDTH="47"/>
						<String ID="P16_ST00461" HPOS="2415" VPOS="3114" WIDTH="128" HEIGHT="57" CONTENT="with" WC="0.97" CC="0660"/>
						<SP ID="P16_SP00372" HPOS="2543" VPOS="3178" WIDTH="26"/>
						<String ID="P16_ST00462" HPOS="2569" VPOS="3118" WIDTH="319" HEIGHT="72" CONTENT="inscription." WC="1.00" CC="040006005004"/>
					</TextLine>
					<TextLine ID="P16_TL00091" HPOS="1647" VPOS="3186" WIDTH="1244" HEIGHT="79">
						<String ID="P16_ST00463" HPOS="1647" VPOS="3186" WIDTH="116" HEIGHT="57" CONTENT="111." WC="0.95" CC="5683"/>
						<SP ID="P16_SP00373" HPOS="1763" VPOS="3243" WIDTH="44"/>
						<String ID="P16_ST00464" HPOS="1807" VPOS="3187" WIDTH="225" HEIGHT="58" CONTENT="Russian" WC="1.00" CC="0010500"/>
						<SP ID="P16_SP00374" HPOS="2032" VPOS="3245" WIDTH="52"/>
						<String ID="P16_ST00465" HPOS="2084" VPOS="3189" WIDTH="277" HEIGHT="57" CONTENT="salt-cellar" WC="1.00" CC="10203000506"/>
						<SP ID="P16_SP00375" HPOS="2361" VPOS="3246" WIDTH="50"/>
						<String ID="P16_ST00466" HPOS="2411" VPOS="3190" WIDTH="127" HEIGHT="56" CONTENT="with" WC="1.00" CC="0100"/>
						<SP ID="P16_SP00376" HPOS="2538" VPOS="3246" WIDTH="51"/>
						<String ID="P16_ST00467" HPOS="2589" VPOS="3192" WIDTH="302" HEIGHT="73" CONTENT="inscription" WC="1.00" CC="00300000403"/>
					</TextLine>
					<TextLine ID="P16_TL00092" HPOS="1528" VPOS="3260" WIDTH="436" HEIGHT="75">
						<String ID="P16_ST00468" HPOS="1528" VPOS="3260" WIDTH="102" HEIGHT="56" CONTENT="and" WC="0.99" CC="030"/>
						<SP ID="P16_SP00377" HPOS="1630" VPOS="3316" WIDTH="40"/>
						<String ID="P16_ST00469" HPOS="1670" VPOS="3265" WIDTH="294" HEIGHT="70" CONTENT="engraving." WC="1.00" CC="0500001504"/>
					</TextLine>
					<TextLine ID="P16_TL00093" HPOS="1649" VPOS="3336" WIDTH="1241" HEIGHT="71">
						<String ID="P16_ST00470" HPOS="1649" VPOS="3336" WIDTH="115" HEIGHT="56" CONTENT="112." WC="0.47" CC="8804"/>
						<SP ID="P16_SP00378" HPOS="1764" VPOS="3392" WIDTH="43"/>
						<String ID="P16_ST00471" HPOS="1807" VPOS="3337" WIDTH="139" HEIGHT="55" CONTENT="Case" WC="1.00" CC="0000"/>
						<SP ID="P16_SP00379" HPOS="1946" VPOS="3392" WIDTH="41"/>
						<String ID="P16_ST00472" HPOS="1987" VPOS="3337" WIDTH="50" HEIGHT="56" CONTENT="of" WC="0.63" CC="07"/>
						<SP ID="P16_SP00380" HPOS="2037" VPOS="3393" WIDTH="54"/>
						<String ID="P16_ST00473" HPOS="2091" VPOS="3337" WIDTH="230" HEIGHT="57" CONTENT="Russian" WC="0.99" CC="0600600"/>
						<SP ID="P16_SP00381" HPOS="2321" VPOS="3394" WIDTH="58"/>
						<String ID="P16_ST00474" HPOS="2379" VPOS="3339" WIDTH="152" HEIGHT="57" CONTENT="silver" WC="0.99" CC="125300"/>
						<SP ID="P16_SP00382" HPOS="2531" VPOS="3396" WIDTH="58"/>
						<String ID="P16_ST00475" HPOS="2589" VPOS="3340" WIDTH="53" HEIGHT="56" CONTENT="of" WC="0.68" CC="06"/>
						<SP ID="P16_SP00383" HPOS="2642" VPOS="3396" WIDTH="56"/>
						<String ID="P16_ST00476" HPOS="2698" VPOS="3340" WIDTH="192" HEIGHT="67" CONTENT="Toula," WC="0.80" CC="000604"/>
					</TextLine>
					<TextLine ID="P16_TL00094" HPOS="1528" VPOS="3407" WIDTH="488" HEIGHT="75">
						<String ID="P16_ST00477" HPOS="1528" VPOS="3407" WIDTH="192" HEIGHT="72" CONTENT="weight" WC="1.00" CC="000002"/>
						<SP ID="P16_SP00384" HPOS="1720" VPOS="3479" WIDTH="40"/>
						<String ID="P16_ST00478" HPOS="1760" VPOS="3410" WIDTH="144" HEIGHT="57" CONTENT="2752" WC="0.92" CC="0300"/>
						<SP ID="P16_SP00385" HPOS="1904" VPOS="3479" WIDTH="42"/>
						<String ID="P16_ST00479" HPOS="1946" VPOS="3432" WIDTH="70" HEIGHT="50" CONTENT="gr." WC="0.74" CC="033"/>
					</TextLine>
					<TextLine ID="P16_TL00095" HPOS="1649" VPOS="3483" WIDTH="1242" HEIGHT="73">
						<String ID="P16_ST00480" HPOS="1649" VPOS="3483" WIDTH="115" HEIGHT="57" CONTENT="113." WC="0.56" CC="7504"/>
						<SP ID="P16_SP00386" HPOS="1764" VPOS="3540" WIDTH="43"/>
						<String ID="P16_ST00481" HPOS="1807" VPOS="3485" WIDTH="138" HEIGHT="55" CONTENT="Case" WC="1.00" CC="1000"/>
						<SP ID="P16_SP00387" HPOS="1945" VPOS="3540" WIDTH="40"/>
						<String ID="P16_ST00482" HPOS="1985" VPOS="3486" WIDTH="52" HEIGHT="56" CONTENT="of" WC="0.66" CC="06"/>
						<SP ID="P16_SP00388" HPOS="2037" VPOS="3542" WIDTH="40"/>
						<String ID="P16_ST00483" HPOS="2077" VPOS="3486" WIDTH="226" HEIGHT="58" CONTENT="Russian" WC="0.99" CC="0000305"/>
						<SP ID="P16_SP00389" HPOS="2303" VPOS="3544" WIDTH="59"/>
						<String ID="P16_ST00484" HPOS="2362" VPOS="3487" WIDTH="168" HEIGHT="66" CONTENT="silver," WC="1.00" CC="1230000"/>
						<SP ID="P16_SP00390" HPOS="2530" VPOS="3553" WIDTH="61"/>
						<String ID="P16_ST00485" HPOS="2591" VPOS="3488" WIDTH="52" HEIGHT="56" CONTENT="of" WC="0.66" CC="06"/>
						<SP ID="P16_SP00391" HPOS="2643" VPOS="3553" WIDTH="57"/>
						<String ID="P16_ST00486" HPOS="2700" VPOS="3487" WIDTH="191" HEIGHT="69" CONTENT="Toula," WC="0.84" CC="030500"/>
					</TextLine>
					<TextLine ID="P16_TL00096" HPOS="1527" VPOS="3557" WIDTH="1364" HEIGHT="76">
						<String ID="P16_ST00487" HPOS="1527" VPOS="3557" WIDTH="120" HEIGHT="56" CONTENT="total" WC="0.98" CC="05354"/>
						<SP ID="P16_SP00392" HPOS="1647" VPOS="3613" WIDTH="41"/>
						<String ID="P16_ST00488" HPOS="1688" VPOS="3558" WIDTH="192" HEIGHT="73" CONTENT="weight" WC="1.00" CC="001003"/>
						<SP ID="P16_SP00393" HPOS="1880" VPOS="3631" WIDTH="38"/>
						<String ID="P16_ST00489" HPOS="1918" VPOS="3559" WIDTH="147" HEIGHT="56" CONTENT="9220" WC="0.84" CC="0006"/>
						<SP ID="P16_SP00394" HPOS="2065" VPOS="3631" WIDTH="41"/>
						<String ID="P16_ST00490" HPOS="2106" VPOS="3582" WIDTH="71" HEIGHT="50" CONTENT="gr." WC="0.75" CC="043"/>
						<SP ID="P16_SP00395" HPOS="2177" VPOS="3632" WIDTH="79"/>
						<String ID="P16_ST00491" HPOS="2256" VPOS="3562" WIDTH="59" HEIGHT="56" CONTENT="A" WC="1.00" CC="0"/>
						<SP ID="P16_SP00396" HPOS="2315" VPOS="3632" WIDTH="40"/>
						<String ID="P16_ST00492" HPOS="2355" VPOS="3585" WIDTH="122" HEIGHT="48" CONTENT="very" WC="1.00" CC="0000"/>
						<SP ID="P16_SP00397" HPOS="2477" VPOS="3633" WIDTH="51"/>
						<String ID="P16_ST00493" HPOS="2528" VPOS="3562" WIDTH="110" HEIGHT="57" CONTENT="rich" WC="1.00" CC="0000"/>
						<SP ID="P16_SP00398" HPOS="2638" VPOS="3633" WIDTH="39"/>
						<String ID="P16_ST00494" HPOS="2677" VPOS="3567" WIDTH="214" HEIGHT="64" CONTENT="service," WC="1.00" CC="00200000"/>
					</TextLine>
					<TextLine ID="P16_TL00097" HPOS="1527" VPOS="3629" WIDTH="663" HEIGHT="61">
						<String ID="P16_ST00495" HPOS="1527" VPOS="3629" WIDTH="126" HEIGHT="57" CONTENT="with" WC="0.98" CC="0640"/>
						<SP ID="P16_SP00399" HPOS="1653" VPOS="3686" WIDTH="38"/>
						<String ID="P16_ST00496" HPOS="1691" VPOS="3633" WIDTH="158" HEIGHT="55" CONTENT="views" WC="0.99" CC="05000"/>
						<SP ID="P16_SP00400" HPOS="1849" VPOS="3688" WIDTH="42"/>
						<String ID="P16_ST00497" HPOS="1891" VPOS="3633" WIDTH="52" HEIGHT="56" CONTENT="of" WC="0.69" CC="06"/>
						<SP ID="P16_SP00401" HPOS="1943" VPOS="3689" WIDTH="41"/>
						<String ID="P16_ST00498" HPOS="1984" VPOS="3633" WIDTH="206" HEIGHT="57" CONTENT="Russia." WC="1.00" CC="0000204"/>
					</TextLine>
				</TextBlock>
				<TextBlock ID="P16_TB00010" HPOS="1527" VPOS="3790" WIDTH="1364" HEIGHT="55" STYLEREFS="TXT_5 PAR_RIGHT">
					<TextLine ID="P16_TL00098" HPOS="1527" VPOS="3790" WIDTH="1364" HEIGHT="55">
						<String ID="P16_ST00499" HPOS="1527" VPOS="3790" WIDTH="391" HEIGHT="53" CONTENT="JEWELS" WC="0.99" CC="312000"/>
						<SP ID="P16_SP00402" HPOS="1918" VPOS="3843" WIDTH="85"/>
						<String ID="P16_ST00500" HPOS="2003" VPOS="3795" WIDTH="198" HEIGHT="44" CONTENT="AND" WC="1.00" CC="000"/>
						<SP ID="P16_SP00403" HPOS="2201" VPOS="3843" WIDTH="85"/>
						<String ID="P16_ST00501" HPOS="2286" VPOS="3796" WIDTH="605" HEIGHT="49" CONTENT="DIAMONDS." WC="0.99" CC="460000004"/>
					</TextLine>
				</TextBlock>
				<TextBlock ID="P16_TB00011" HPOS="1528" VPOS="3926" WIDTH="1368" HEIGHT="222" STYLEREFS="TXT_1 PAR_LEFT">
					<TextLine ID="P16_TL00099" HPOS="1649" VPOS="3927" WIDTH="1030" HEIGHT="77">
						<String ID="P16_ST00502" HPOS="1649" VPOS="3927" WIDTH="115" HEIGHT="56" CONTENT="114." WC="0.59" CC="4803"/>
						<SP ID="P16_SP00404" HPOS="1764" VPOS="3983" WIDTH="42"/>
						<String ID="P16_ST00503" HPOS="1806" VPOS="3927" WIDTH="139" HEIGHT="58" CONTENT="Two" WC="1.00" CC="000"/>
						<SP ID="P16_SP00405" HPOS="1945" VPOS="3985" WIDTH="38"/>
						<String ID="P16_ST00504" HPOS="1983" VPOS="3930" WIDTH="268" HEIGHT="68" CONTENT="bracelets," WC="1.00" CC="7300040001"/>
						<SP ID="P16_SP00406" HPOS="2251" VPOS="3998" WIDTH="43"/>
						<String ID="P16_ST00505" HPOS="2294" VPOS="3932" WIDTH="176" HEIGHT="72" CONTENT="gilded" WC="0.99" CC="073000"/>
						<SP ID="P16_SP00407" HPOS="2470" VPOS="4004" WIDTH="41"/>
						<String ID="P16_ST00506" HPOS="2511" VPOS="3935" WIDTH="168" HEIGHT="58" CONTENT="silver." WC="0.99" CC="0630004"/>
					</TextLine>
					<TextLine ID="P16_TL00100" HPOS="1647" VPOS="4001" WIDTH="1249" HEIGHT="86">
						<String ID="P16_ST00507" HPOS="1647" VPOS="4001" WIDTH="117" HEIGHT="57" CONTENT="115." WC="0.58" CC="7404"/>
						<SP ID="P16_SP00408" HPOS="1764" VPOS="4058" WIDTH="43"/>
						<String ID="P16_ST00508" HPOS="1807" VPOS="4002" WIDTH="126" HEIGHT="58" CONTENT="Five" WC="0.97" CC="7400"/>
						<SP ID="P16_SP00409" HPOS="1933" VPOS="4060" WIDTH="40"/>
						<String ID="P16_ST00509" HPOS="1973" VPOS="4007" WIDTH="271" HEIGHT="71" CONTENT="triangular" WC="1.00" CC="0000000504"/>
						<SP ID="P16_SP00410" HPOS="2244" VPOS="4078" WIDTH="52"/>
						<String ID="P16_ST00510" HPOS="2296" VPOS="4008" WIDTH="268" HEIGHT="66" CONTENT="brooches," WC="0.99" CC="000177001"/>
						<SP ID="P16_SP00411" HPOS="2564" VPOS="4078" WIDTH="55"/>
						<String ID="P16_ST00511" HPOS="2619" VPOS="4011" WIDTH="123" HEIGHT="76" CONTENT="gold" WC="0.97" CC="7050"/>
						<SP ID="P16_SP00412" HPOS="2742" VPOS="4087" WIDTH="51"/>
						<String ID="P16_ST00512" HPOS="2793" VPOS="4013" WIDTH="103" HEIGHT="58" CONTENT="and" WC="0.99" CC="030"/>
					</TextLine>
					<TextLine ID="P16_TL00101" HPOS="1528" VPOS="4074" WIDTH="442" HEIGHT="74">
						<String ID="P16_ST00513" HPOS="1528" VPOS="4074" WIDTH="248" HEIGHT="57" CONTENT="imitation" WC="1.00" CC="505000000"/>
						<SP ID="P16_SP00413" HPOS="1776" VPOS="4131" WIDTH="45"/>
						<String ID="P16_ST00514" HPOS="1821" VPOS="4100" WIDTH="149" HEIGHT="48" CONTENT="onyx." WC="0.98" CC="20064"/>
					</TextLine>
				</TextBlock>
			</PrintSpace>
		</Page>
	</Layout>
</alto>
