2947 4264
127 52 55 43 88

126 178 150 43 over
330 164 63 54 to
449 142 105 75 the
609 141 168 75 Rev.
834 135 338 78 Frederick
1225 132 371 76 Robertson
1649 128 67 76 of
1770 127 331 95 Brighton,
2157 124 106 78 full
2329 124 67 75 of
2457 123 401 87 revelations,

125 246 358 93 judgments
538 241 128 76 and
720 244 243 72 curious
1017 235 318 79 attitudes.
1446 235 149 84 But,
1653 221 262 105 beyond
1969 264 83 42 an
2108 227 387 79 abundance
2539 226 70 75 of
2645 225 213 76 letters

128 347 127 76 and
422 344 367 76 disclosures
939 372 106 43 we
1099 339 196 75 know
1347 335 265 94 nothing
1667 334 66 76 of
1788 333 113 76 her
1954 333 240 75 effects.

279 448 192 74 Since
524 446 338 73 Actresses
901 443 83 75 be
1021 474 148 43 ever
1222 443 211 89 acting
1470 442 46 71 it
1551 437 251 76 follows
1857 436 138 76 that
2033 436 109 75 the
2194 437 220 75 wisest
2466 429 392 78 soul-reader

124 550 218 76 would
397 550 81 74 be
518 546 275 80 baulked
831 546 87 94 by
952 544 180 76 what
1169 544 153 94 they
1357 541 111 76 left
1507 540 263 77 behind.
1863 538 242 77 Effects
2144 538 131 75 and
2419 537 353 94 properties

128 653 188 91 being
370 650 156 75 their
580 649 176 75 stock
810 650 62 73 in
928 646 199 85 trade,
1183 645 79 76 all
1315 677 107 44 we
1476 677 122 43 can
1652 643 255 76 deduce
1960 641 164 77 from
2180 640 159 76 their
2392 639 128 76 lists
2593 636 68 78 of
2731 638 125 74 fine

126 754 167 75 linen
346 752 128 76 and
546 751 242 95 purple,
852 753 49 72 is
974 748 135 76 that
1165 748 151 94 they
1368 780 174 43 were
1612 778 154 63 very
1819 744 314 76 effective.

278 855 152 75 The
485 852 205 76 Ballet
742 851 140 76 Girl
935 853 50 73 is
1040 850 254 95 equally
1348 850 361 92 thwarting.

279 956 93 75 So
424 987 157 62 poor
636 954 193 92 Lady
882 952 215 94 Byron
1150 950 185 94 (who
1390 983 193 44 never
1638 947 225 94 acted)
1917 952 50 72 is
2021 947 113 77 left
2188 980 175 52 over,
2419 946 131 76 and
2605 980 40 44 a
2699 947 120 77 hun-

128 1059 157 76 dred
340 1090 148 62 eyes
542 1057 127 76 will
723 1088 150 42 now
927 1055 185 74 ferret
1165 1054 198 75 about
1418 1074 65 55 to
1537 1052 290 76 discover
1879 1052 180 76 what
2114 1049 257 94 exactly
2425 1050 113 75 her
2590 1050 267 94 reading

128 1181 223 55 matter
403 1191 149 61 may
604 1158 165 75 have
825 1157 185 75 been.

279 1261 103 75 At
408 1260 112 76 her
547 1260 128 75 sale
711 1292 136 43 was
885 1259 175 74 there
1097 1278 114 73 put
1263 1290 89 61 up
1405 1256 130 76 and
1588 1255 297 76 knocked
1940 1255 201 76 down
2194 1253 278 96 perhaps
2518 1288 39 43 a
2584 1288 173 62 copy
2792 1255 67 76 of

126 1364 342 93 Southey's
605 1361 146 77 Life
805 1361 67 75 of
925 1360 248 76 Nelson
1273 1369 31 67 ?

2667 1402 58 95 J.
2783 1402 71 78 S.
