2994 4310
157 89 58 42 98

160 182 145 53 Hants
343 179 101 56 and
483 177 185 63 rubies,
696 176 125 57 with
847 177 205 70 portrait
1077 174 51 56 of
1155 173 152 57 Mile.
1338 173 161 64 Mars,

159 256 66 69 by
263 253 164 57 Mme.
466 252 66 56 de
578 251 216 57 Michel.

277 327 113 56 167.
432 324 142 56 Gold
615 324 221 56 bracelet
874 322 93 68 (47
1009 322 96 72 gr.)
1145 322 213 56 enlaced
1399 345 75 31 ser-

158 416 161 56 pents,
371 399 194 56 enamel
606 398 100 56 and
746 398 264 54 brilliants.
1089 394 304 70 (Presented
1432 395 67 73 by

159 475 112 55 Her
310 473 224 71 Majesty
572 472 84 55 the
695 470 189 71 Queen
924 472 50 54 of
1015 470 278 71 England).

275 546 113 56 168.
431 544 313 63 Note-book,
774 546 51 53 in
854 544 118 71 gold
998 543 101 56 and
1133 544 215 63 enamel,
1376 543 123 56 with

156 623 277 59 miniature,
474 619 312 70 pencil-case
825 618 101 55 and
964 616 182 57 watch.

273 694 115 54 169.
431 692 194 55 Brooch
663 691 125 56 with
838 691 265 70 pendants,
1157 705 155 41 uncut
1362 714 102 32 eme-

154 767 132 56 ralds
325 766 102 56 and
465 790 112 32 rose
616 766 283 56 diamonds.

272 840 113 56 170.
428 839 196 55 Brooch
661 839 124 55 with
823 839 94 55 five
957 839 264 71 pendants,
1263 854 75 40 set
1374 837 125 57 with

154 913 245 56 emeralds
440 912 119 69 (one
600 913 134 72 large
772 912 102 56 and
913 913 141 55 other
1094 913 198 55 smaller
1331 912 165 70 ones),

153 987 179 70 pearls,
372 986 171 56 rubies
582 986 100 56 and
723 986 265 56 brilliants.

271 1061 113 54 171.
414 1058 205 68 Plaque
638 1062 51 52 in
711 1060 263 63 brilliants,
998 1058 315 73 (twenty-six
1335 1060 160 63 small,

151 1134 323 69 twenty-four
512 1133 180 71 larger)
732 1133 100 56 and
871 1159 30 29 a
939 1136 273 67 turquoise.

270 1208 113 53 172.
426 1206 142 55 Gold
607 1206 98 55 and
760 1207 119 54 blue
931 1208 196 55 enamel
1179 1207 207 65 brooch,
1423 1221 75 42 set

150 1280 125 56 with
314 1294 269 42 seventeen
623 1280 262 56 brilliants.

268 1355 12 54 1
299 1354 82 55 73.
427 1353 196 56 Brooch
661 1354 123 55 with
822 1354 264 71 pendants,
1117 1369 73 41 set
1217 1355 124 55 with
1374 1355 97 55 bril-

150 1428 163 62 liants,
353 1428 169 54 rubies
562 1428 100 54 and
701 1428 139 54 three
866 1429 181 69 pearls.
1054 1428 59 39 (l)
1189 1428 305 68 (Presented

149 1500 67 70 by
257 1500 101 55 His
400 1500 224 71 Majesty
663 1499 272 72 Napoleon
978 1500 107 70 III).

267 1576 11 52 1
297 1575 83 55 74.
423 1574 142 56 Gold
593 1575 221 56 bracelet
841 1578 51 53 in
918 1575 84 55 the
1029 1576 126 55 form
1181 1576 52 55 of
1258 1599 63 33 an
1355 1576 105 56 Ara-

148 1646 118 56 bian
306 1648 195 63 saddle,
543 1663 73 40 set
654 1649 125 54 with
817 1649 187 63 rubies,
1045 1649 277 71 sapphires,
1358 1674 102 32 eme-

145 1720 150 63 ralds,
336 1721 161 70 pearls
536 1720 102 56 and
677 1721 262 57 brilliants.

266 1795 114 54 175.
423 1794 238 71 Earrings
700 1795 126 56 with
863 1796 188 62 rubies,
1092 1796 248 56 emeralds
1392 1796 102 56 and

146 1867 262 56 brilliants.
504 1867 303 68 (Presented
858 1870 67 71 by
965 1870 103 56 His
1128 1870 225 72 Majesty
1410 1871 85 55 the

149 1940 242 72 Emperor
438 1941 262 58 Nicholas.
780 1943 98 56 St..
899 1943 315 73 Petersberg,
1265 1945 178 70 1854).

264 2015 115 55 176.
422 2013 142 56 Gold
605 2015 222 57 bracelet
866 2016 94 67 (98
1001 2017 97 71 gr.)
1136 2017 125 56 with
1299 2042 31 31 a
1355 2017 140 57 heart

144 2088 190 56 formed
375 2089 49 55 of
475 2105 269 40 seventeen
802 2091 167 56 rubies
1028 2092 100 55 and
1185 2093 309 70 forty-seven

145 2161 262 66 brilliants,
455 2162 298 58 medallions
805 2166 51 53 of
908 2166 259 70 sapphires
1219 2166 101 56 and
1372 2166 97 56 bril-

148 2234 161 56 liants.

263 2309 113 55 177.
419 2308 261 58 Diamond
719 2310 191 56 brooch
948 2312 125 54 with
1113 2312 232 71 garlands
1391 2313 100 56 and

144 2382 137 55 three
320 2384 162 69 pearls
525 2387 49 53 in
615 2385 264 70 pendants.

262 2457 113 54 178.
418 2457 260 57 Necklace
731 2459 52 55 of
840 2462 246 53 imitation
1145 2462 163 68 pearls
1367 2462 124 54 with

151 2528 188 68 plaque
366 2531 52 55 of
456 2547 153 40 uncut
648 2533 246 56 emeralds
935 2533 315 57 surrounded
1275 2534 69 71 by
1371 2535 95 56 thir-

143 2615 115 42 teen
297 2603 262 57 brilliants.

261 2676 113 56 179.
417 2676 227 59 Bracelet
684 2680 50 55 of
772 2683 232 68 sixty-six
1048 2683 164 69 pearls
1264 2681 225 57 adorned

141 2749 123 54 with
301 2774 111 32 rose
451 2751 266 57 diamonds
756 2754 100 54 and
897 2754 263 57 brilliants.

224 2824 113 54 180.
381 2824 196 57 Brooch
615 2829 52 52 in
706 2826 83 56 the
830 2827 124 56 form
1012 2829 53 54 of
1120 2853 30 32 a
1208 2831 145 61 snail,
1415 2845 75 41 set

141 2896 122 56 with
301 2897 184 65 rubies,
540 2900 245 56 brilliants
837 2902 101 55 and
990 2904 180 69 pearls.
1249 2902 210 70 (Presen-

140 2970 85 55 ted
266 2970 66 71 by
372 2971 102 56 His
517 2972 222 73 Majesty
778 2975 83 56 the
891 2976 245 71 Emperor
1164 2976 247 58 Nicholas
1438 2994 49 42 at

144 3042 75 56 St.
261 3043 315 74 Petersberg,
630 3048 172 68 1854).

259 3118 113 55 181.
416 3118 196 57 Brooch
651 3121 124 56 with
813 3122 225 70 pendant
1076 3127 52 52 in
1167 3126 160 70 opals,
1373 3150 113 33 rose

139 3189 265 57 diamonds
444 3193 100 56 and
598 3194 66 56 54
719 3194 264 59 brilliants.
1062 3198 304 68 (Presented
1419 3199 67 73 by

141 3263 101 56 His
283 3264 224 71 Majesty
545 3267 84 56 the
670 3268 246 67 Emperor
955 3271 264 64 Nicholas,
1263 3288 49 41 at
1364 3274 90 56 Ber-

140 3337 86 63 lin,
276 3338 175 70 1854).

257 3412 113 54 182.
412 3412 134 57 Two
586 3418 218 68 earrings
844 3418 125 55 with
1014 3419 265 70 pendants,
1333 3420 122 56 caho-

139 3483 151 56 chons
339 3486 101 55 and
492 3489 192 56 sixteen
734 3489 264 58 brilliants.
1076 3493 140 68 (Gift
1266 3495 53 55 of
1369 3495 116 58 Her

140 3555 227 72 Imperial
409 3559 262 72 Highness
710 3561 84 58 the
835 3565 398 70 grand-duchess
1275 3568 207 57 Helene

137 3630 53 55 of
228 3631 203 66 Russia,
474 3634 343 75 Hambourg).

257 3705 113 55 183.
416 3705 261 60 Necklace
717 3711 50 54 of
805 3710 249 58 brilliants
1081 3714 102 56 and
1209 3716 163 70 pearls
1409 3732 75 42 set

137 3777 51 55 in
228 3779 264 69 pendants.

256 3852 115 55 184.
412 3851 136 58 Two
586 3859 239 69 earrings,
865 3859 170 57 rubies
1075 3861 100 56 and
1233 3862 248 59 brilliants

135 3939 75 39 set
249 3926 51 53 in
338 3927 263 68 pendants.

224 4055 56 40 (I)
304 4055 76 37 The
402 4060 104 39 pearls
531 4076 53 20 are
607 4064 33 33 in
664 4063 81 36 each
768 4078 74 22 case
866 4066 168 37 described
1052 4083 33 21 as
1150 4071 102 39 pedes
1422 4080 30 30 ie

134 4113 139 26 genuine
295 4116 34 20 or
354 4104 108 35 native
485 4106 115 39 pearls.
1273 4116 205 39 Translator.

1668 172 117 56 185.
1827 169 199 59 Brooch
2063 168 127 58 with
2229 168 252 72 pendants
2522 168 54 53 in
2601 164 174 57 rubies
2811 164 102 57 and

1546 245 265 56 brilliants.

1667 319 115 57 186.
1839 317 512 63 Bracelet-bandeau,
2394 319 52 52 in
2493 314 85 56 the
2618 314 128 56 form
2785 314 52 56 of
2883 338 29 32 a

1545 393 191 56 wreath
1764 393 59 38 (l)
1862 393 227 56 adorned
2129 391 127 56 with
2294 389 267 57 brilliants.

1665 468 117 56 187.
1825 466 231 56 Bracelet
2083 466 217 69 forming
2327 489 29 31 a
2763 460 119 57 ador-

1546 541 100 56 ned
1686 541 125 56 with
1849 544 286 68 turquoises
2175 540 102 56 and
2318 539 267 56 brilliants.

1667 616 114 55 188.
1824 614 356 57 Demi-collier
2216 616 52 54 in
2308 612 173 58 rubies
2509 611 102 57 and
2639 611 270 56 brilliants.

1665 690 116 56 189.
1824 689 145 57 Gold
2009 689 240 63 bracelet,
2290 686 260 74 weighing
2591 687 71 55 88
2704 708 89 49 gr.,
2836 700 75 41 set

1545 762 125 56 with
1707 762 156 56 about
1903 764 70 54 89
2012 762 171 56 rubies
2224 761 102 56 and
2366 761 107 56 352
2515 761 268 56 brilliants.

1665 839 116 54 190.
1823 836 172 57 Three
2023 836 248 57 brooches
2299 836 103 56 and
2429 836 215 71 aigulets
2675 850 75 41 set
2784 832 127 57 with

1545 911 250 56 brilliants
1834 911 103 56 and
1978 912 217 70 forming
2234 936 29 31 a
2303 910 109 57 rich

1656 1006 136 48 sage.

1665 1061 115 53 191.
1821 1058 138 56 Two
1987 1060 247 54 brooches
2262 1058 127 56 with
2417 1058 250 55 brilliants

1543 1132 407 71 (pear-shaped),
1992 1132 242 56 mounted
2275 1136 52 52 in
2368 1131 238 56 fuchsias.

1664 1207 116 54 192.
1823 1204 137 57 Two
1999 1206 247 55 diamond
2286 1208 242 69 earrings,
2571 1204 245 56 mounted
2858 1207 52 52 in

1543 1280 85 56 the
1668 1280 127 55 form
1834 1282 52 53 of
1924 1280 143 56 bees.

1663 1354 117 56 193.
1821 1353 138 57 Two
1999 1354 228 71 pendant
2267 1357 240 68 earrings,
2557 1357 53 52 in
2637 1354 270 55 brilliants.

1663 1428 115 56 194.
1823 1428 212 56 Riviere
2063 1428 52 54 of
2141 1428 281 71 thirty-two
2464 1428 139 71 large
2638 1427 271 55 brilliants.

1663 1503 115 54 195.
1821 1501 169 56 Silver
2042 1503 192 71 filigree
2288 1503 243 65 bracelet,
2600 1503 127 56 with
2780 1503 129 56 little

1541 1576 166 55 chain.
1750 1575 98 69 (36
1889 1576 112 72 gr.).

1661 1650 117 56 196.
1819 1649 137 57 Two
1997 1651 150 56 silver
2186 1651 126 56 curb
2352 1651 268 65 bracelets,
2662 1667 88 40 not
2802 1653 79 54 clo-

1543 1722 107 65 sed,
1693 1722 130 69 (135
1867 1724 112 71 gr.).

1663 1799 115 54 197.
1821 1797 238 56 Bracelet
2097 1799 146 56 cable
2282 1799 174 68 (cable
2497 1800 268 70 bracelet),
2821 1816 86 41 not

1541 1871 195 65 closed,
1778 1871 97 69 (96
1915 1872 115 73 gr.).

1661 1946 117 55 198.
1837 1951 120 51 Iwo
1999 1947 151 56 silver
2191 1949 250 55 bracelets
2495 1950 125 54 with
2672 1949 234 59 rounded

1541 2022 185 66 points,
1769 2018 97 69 (88
1908 2020 96 72 gr.)
2157 2021 143 68 (The
2329 2025 77 53 six
2432 2023 266 73 foregoing
2726 2023 150 59 brace-

1542 2095 93 54 lets
1674 2117 137 32 were
1852 2095 217 72 brought
2107 2097 127 56 from
2274 2097 186 72 Upper
2501 2098 215 73 Egypt).

1661 2167 115 56 199.
1819 2168 162 56 Small
2022 2168 191 74 filigree
2256 2171 170 57 coffer.

1642 2242 134 56 *2OO.
1816 2241 139 58 Two
1995 2244 120 72 gold
2158 2244 178 58 Italian
2376 2250 239 68 earrings,
2644 2247 262 74 weighing

1541 2316 67 55 27
1651 2337 69 50 gr.

1651 2390 123 56 201.
1818 2389 240 73 Antique
2098 2393 121 71 gold
2261 2396 140 62 seal;
2442 2396 194 71 weight
2684 2396 61 55 17
2788 2417 70 51 gr.

1653 2464 123 55 202.
1819 2464 169 56 Silver
2028 2467 91 71 gilt
2172 2468 104 56 seal
2317 2469 103 56 and
2465 2470 251 72 amethyst
2768 2469 133 59 bust.

1651 2538 123 56 203.
2107 2538 46 57 Brochette
2154 2542 75 54 of
2230 2543 153 71 foreign
2411 2543 340 66 decorations,
2782 2545 120 72 gold

1536 2610 101 56 and
1679 2611 167 64 silver,
1886 2614 261 72 weighing
2186 2617 58 54 31
2298 2639 71 50 gr.

1650 2686 122 56 204.
1815 2686 222 73 Chaplet
2077 2691 52 54 in
2169 2690 152 59 silver
2359 2693 103 56 and
2509 2709 215 56 garnets.

1650 2760 122 55 205.
1815 2760 224 72 Chaplet
2077 2765 54 57 in
2171 2765 151 56 silver
2360 2766 103 56 and
2502 2783 189 57 agates.

1649 2832 122 58 206.
1814 2834 225 72 Chaplet
2078 2860 52 32 in
2171 2839 120 71 gold
2331 2840 101 56 and
2473 2841 123 56 blue
2637 2844 148 71 glass.

1647 2906 124 59 207.
1814 2907 228 60 Musical
2083 2911 141 73 harp,
2256 2914 136 71 gold,
2422 2918 200 54 enamel
2649 2919 102 56 and
2789 2945 123 40 ipse:

1534 2980 287 67 diamonds,
1862 2985 127 56 with
2027 2985 113 72 key.

1646 3056 125 56 208.
1814 3056 217 58 Portrait
2069 3061 53 55 of
2803 3060 52 56 la
2455 3064 61 39 (2)

1646 3130 125 55 209.
1814 3131 145 58 Gold
1998 3135 281 57 medallion
2318 3137 126 56 with
2484 3144 239 66 portrait..

1645 3205 124 55 210.
1813 3206 144 57 Gold
1998 3208 102 56 and
2140 3211 225 56 emerald
2406 3213 127 72 ring.

1644 3278 123 57 211.
1810 3279 311 60 Waist-belt
2159 3285 159 71 clasp,
2347 3286 158 66 mask,
2535 3290 52 54 in
2615 3291 140 70 gold,
2784 3316 116 35 rose

1532 3349 269 60 diamonds
1842 3354 101 58 and
1983 3357 188 65 rubies,
2213 3358 94 69 (15
2350 3361 114 71 gr.).

1644 3427 123 56 212.
1810 3428 145 58 Gold
1995 3431 150 57 chain
2185 3433 103 57 and
2328 3436 220 57 scarabs.

1644 3500 122 56 213.
1809 3502 146 58 Gold
1983 3504 260 74 Egyptian
2271 3508 243 66 bracelet,
2544 3512 128 56 with
2698 3516 165 57 medal-

1531 3572 129 57 hons
1702 3575 52 55 in
1795 3577 151 57 silver
1985 3582 102 54 and
2129 3582 120 71 gold
2274 3607 10 32 :
2326 3583 194 72 weight
2568 3586 98 55 177
2709 3611 71 49 gr.

1641 3648 123 57 214.
1807 3650 329 75 Seventy-six
2182 3657 121 71 gold
2356 3662 225 67 sequins,
2634 3664 262 75 weighing

1529 3720 70 56 83
1642 3743 69 51 gr.

1641 3798 123 56 215.
1807 3799 173 60 Seven
2021 3805 119 69 gold
2169 3807 320 66 medallions,

1528 3866 84 70 (31
1664 3871 113 70 gr.).

1617 4034 59 39 (1)
1744 4036 54 37 En
1823 4038 101 37 forme
1948 4041 42 36 de
2013 4057 165 23 couronne
2197 4046 7 9 '
2213 4046 8 9 *
2248 4060 77 27 may
2349 4046 85 38 have
2458 4048 85 37 been
2567 4050 103 37 either
2687 4053 35 34 in
2738 4052 56 38 the
2810 4054 81 38 form

1528 4085 33 27 t
1588 4092 17 20 a
1630 4085 127 31 wreath
1780 4096 34 21 or
1839 4098 19 20 a
1882 4096 143 27 coronet.
2681 4097 198 35 Translator

1621 4122 58 39 (2)
1706 4124 216 45 Presumably
1948 4130 151 38 Beatrice
2124 4134 119 38 Cenci.
2681 4142 208 40 Translator.
