3046 4416
2777 74 77 42 115

211 166 129 57 This
401 170 41 52 is
501 167 84 55 the
642 183 223 39 moment
923 167 150 56 when
1134 167 104 58 Mr.
1284 170 170 63 Hiler,

98 241 179 71 asking
305 265 55 32 us
390 256 50 40 to
467 242 153 55 allow
654 240 119 63 him,
815 241 147 56 offers
1004 265 56 32 us
1101 242 77 55 his
1218 244 237 54 valuable

98 313 137 58 book
273 315 126 56 with
437 315 85 56 the
556 313 168 56 whole
763 315 142 70 thing
946 315 149 56 made
1135 320 140 66 quite
1315 319 139 68 plain

98 388 104 55 that
241 411 250 47 everyone
532 390 42 53 is
613 407 175 50 wrong
814 387 103 56 and
945 411 66 32 no
1050 411 98 32 one
1187 388 197 58 knows.

212 462 104 55 Yet
357 486 54 31 so
452 461 265 71 infernally
758 461 114 70 silly
912 485 83 30 are
1035 485 81 32 we
1143 463 66 54 all
1246 462 104 56 that
1389 486 65 32 on

96 534 210 73 hearing
353 534 105 56 Mr.
520 534 196 56 Hiler's
774 534 277 55 revelation
1098 536 52 53 of
1188 536 84 54 the
1323 536 133 54 truth

96 632 82 32 we
218 631 65 50 go
322 609 68 55 off
428 608 101 56 and
587 623 85 41 cut
729 623 87 40 out
874 632 97 31 one
1023 632 138 32 more
1201 609 153 70 patch
1404 611 52 53 of

96 682 139 56 cloth
297 682 102 56 and
452 706 145 30 come
656 682 131 54 back
844 682 126 54 with
1028 684 39 52 it
1130 683 193 69 pinned
1388 706 66 32 on

98 758 176 67 saying
368 754 182 56 That's
590 754 104 55 that
733 755 100 55 and
875 778 56 31 so
989 754 151 56 much
1199 755 75 55 for
1331 778 124 49 your

98 832 229 67 opinion,
371 828 105 56 Mr.

197 901 184 72 Briefly
419 926 82 31 we
559 901 143 56 don't
754 901 169 63 know,
965 926 81 30 we
1086 903 158 54 won't
1285 903 166 62 listen,

96 998 82 30 we
217 974 108 56 will
353 995 170 50 argue,
551 974 102 56 and
679 998 82 32 we
800 998 85 32 are
924 974 204 72 driving
1168 974 106 56 Mr.
1300 975 154 55 Hiler

95 1072 161 47 crazy.
373 1049 111 54 We
522 1048 128 55 have
678 1046 319 57 determined
1049 1062 52 40 to
1148 1048 156 55 break
1346 1048 104 55 Mr.

98 1121 198 56 Hiler's
335 1121 155 56 heart.

209 1195 96 56 For
343 1195 66 56 he
447 1195 87 54 has
576 1194 223 57 devoted
838 1209 50 40 at
927 1195 127 54 least
1100 1209 85 40 ten
1224 1219 142 47 years
1402 1196 52 55 of

94 1269 78 54 his
212 1270 90 56 life
341 1284 52 40 to
432 1270 179 70 telling
656 1291 58 33 us
772 1269 85 54 the
908 1269 148 63 truth,
1100 1270 198 70 solving
1355 1269 98 55 this

94 1342 185 71 trifling
317 1345 236 68 question
665 1342 103 55 and
809 1366 54 31 so
890 1365 81 32 we
998 1342 281 56 determine
1307 1357 52 41 to
1387 1343 68 55 let

96 1415 154 57 Hiler
291 1439 62 48 go
393 1415 148 71 hang.

208 1488 99 56 For
321 1514 81 31 we
425 1490 153 54 know
604 1488 136 56 what
769 1488 105 56 Mr.
905 1490 155 54 Hiler
1087 1491 42 52 is
1154 1514 10 30 :
1194 1488 64 57 he
1286 1491 41 53 is
1368 1490 85 55 the

94 1562 381 71 unforgiveable
514 1562 142 71 thing
782 1562 64 55 he
886 1564 42 53 is
968 1586 64 31 an
1070 1563 174 55 artist:
1286 1562 102 56 and
1416 1564 38 54 if

92 1636 183 55 there's
315 1661 29 30 a
388 1637 144 70 thing
590 1660 65 31 on
714 1636 139 54 earth
910 1658 82 32 we
1050 1638 238 61 mistrust,
1336 1636 115 55 hate

91 1709 102 64 and
233 1733 94 32 can
368 1719 86 46 not
491 1712 210 67 forgive,
743 1712 38 52 it
839 1712 41 52 is
928 1709 84 55 the
1058 1712 156 61 artist,
1255 1712 76 53 for
1370 1733 81 32 we

94 1782 152 55 know
286 1783 63 54 he
376 1784 158 53 won't
560 1782 74 54 hit
660 1782 132 54 back
830 1783 77 53 for
945 1780 63 57 he
1035 1782 151 55 can't.
1266 1783 185 56 While

91 1857 38 53 it
169 1858 42 53 is
253 1855 287 71 permitted,
581 1855 131 70 legal
753 1855 101 55 and
894 1854 67 55 all
1003 1858 140 67 quite
1183 1878 268 50 necessary

90 1929 75 55 for
204 1930 229 70 political
481 1929 213 63 leaders,
754 1952 90 32 our
891 1951 287 48 governors,
1206 1943 54 41 to
1305 1929 145 56 shoot

89 2001 155 57 down
283 2004 102 56 and
425 2003 187 71 punish
650 2003 67 69 by
755 2003 86 55 the
867 2017 221 40 extreme
1125 2004 324 68 punishment

89 2076 143 56 those
272 2078 118 54 who
428 2076 176 56 would
644 2091 210 55 prevent
881 2076 135 70 good
1042 2079 204 68 coming
1285 2091 52 40 to
1365 2078 84 54 the

89 2152 230 69 majority
357 2150 101 56 and
498 2145 175 61 would
714 2149 270 56 substitute
1023 2150 102 55 evil
1166 2150 75 55 for
1280 2152 55 61 it,
1382 2174 67 32 no

89 2222 124 55 such
253 2225 317 67 permission,
612 2224 100 53 law
752 2246 54 31 or
847 2222 131 55 need
1020 2225 41 52 is
1102 2222 159 55 found
1295 2222 153 56 when

86 2320 65 32 an
179 2300 140 53 artist
355 2297 187 55 wishes
570 2311 51 40 to
649 2296 147 71 bring
835 2296 134 71 good
1009 2311 52 40 to
1088 2296 84 55 the
1200 2298 244 69 majority.

199 2370 183 71 Briefly
419 2371 138 54 what
597 2370 153 54 Hiler
791 2392 163 32 seems
993 2384 52 40 to
1086 2370 64 54 be
1191 2373 177 68 saying
1394 2373 52 52 in

85 2442 77 56 his
204 2442 137 57 book
382 2446 41 53 is
465 2442 133 56 this:
654 2442 133 56 Man
846 2442 198 55 dresses
1103 2466 54 31 as
1216 2442 64 56 he
1319 2442 127 56 does

85 2517 75 53 for
185 2540 68 32 no
292 2517 187 55 known
513 2540 195 32 reason.
788 2516 122 62 Sex,
951 2516 221 62 climate,
1211 2517 231 70 religion,

84 2613 284 32 commerce
407 2589 102 56 and
550 2613 56 32 so
645 2588 146 64 forth,
819 2588 142 56 these
1001 2588 101 56 and
1143 2612 137 32 more
1321 2591 124 54 such

85 2687 199 46 powers
325 2687 145 32 move
528 2664 121 62 him,
702 2663 103 55 first
844 2662 136 63 here,
1022 2662 121 54 then
1181 2662 156 64 there,
1392 2678 52 41 to

84 2737 141 56 dress
266 2762 56 31 so
360 2738 101 56 and
490 2762 72 39 so,
590 2737 92 56 but
710 2760 66 31 no
816 2737 135 69 good
978 2760 180 31 reason
1192 2735 88 56 has
1309 2737 133 56 been

84 2810 158 56 found
282 2810 117 71 why
438 2812 63 54 he
542 2826 221 40 etcetera
801 2809 118 70 why
959 2809 64 56 he
1055 2809 103 56 and
1199 2833 56 32 so
1294 2810 145 56 forth.

194 2884 117 56 The
349 2879 241 61 harmless
631 2906 265 47 necessary
942 2883 85 54 hat
1079 2885 41 52 is
1167 2898 88 41 not
1299 2907 141 33 worn

81 2959 191 70 always
313 2980 91 32 nor
442 2958 190 69 always
661 2960 41 51 is
731 2959 38 51 it
796 2979 98 31 one
932 2955 102 56 and
1061 2955 84 55 the
1173 2979 136 33 same
1336 2956 100 58 hat.

79 3033 99 54 All
221 3047 125 40 sorts
387 3031 52 55 of
477 3031 110 55 hats
627 3053 154 39 were,
823 3029 128 54 have
997 3029 133 56 been
1182 3030 102 56 and
1328 3031 107 55 will

80 3105 66 56 be
188 3151 66 11 ....
278 3105 60 55 A
377 3105 136 55 book
551 3105 52 53 of
642 3102 135 56 Hats
818 3101 175 56 would
1031 3101 136 71 help.

193 3179 18 54 I
253 3180 114 53 love
407 3179 129 54 little
583 3177 164 69 Pussy
797 3175 89 54 her
931 3190 113 41 coat
1084 3179 41 52 is
1167 3200 55 31 so
1261 3200 171 41 warm,

77 3252 93 56 but
207 3252 118 71 why
352 3251 144 56 don't
523 3251 89 56 she
640 3264 194 57 protect
872 3248 89 56 her
999 3248 122 56 dear
1150 3250 126 56 little
1304 3250 132 57 head

75 3326 131 56 with
244 3350 29 32 a
312 3326 99 55 hat.

190 3398 99 71 My
327 3412 82 42 cat
448 3398 95 55 last
583 3396 175 57 month
797 3396 96 54 lost
919 3417 98 33 one
1063 3396 52 53 of
1152 3395 89 57 her
1269 3397 165 70 lovely

76 3495 119 48 eyes
316 3496 98 33 one
453 3473 52 54 of
543 3472 77 55 his
660 3494 118 48 eyes
830 3492 55 32 as
942 3492 31 32 a
1028 3483 177 41 matter
1244 3471 51 53 of
1333 3471 101 54 fact

76 3546 192 71 though
307 3546 69 54 all
415 3558 105 42 cats
561 3568 85 32 are
692 3543 118 71 girls
870 3556 51 40 to
971 3541 85 55 the
1107 3541 123 57 dark
1380 3557 51 41 to

79 3622 271 68 ignorance
390 3618 171 56 which
603 3617 107 56 will
743 3631 87 42 not
870 3615 66 55 be
976 3614 266 57 illumined
1281 3640 150 47 every

76 3708 81 40 cat
197 3695 42 53 is
280 3692 166 71 surely
496 3716 30 30 a
584 3693 116 52 nice
740 3689 92 71 girl
872 3687 158 71 thing.
1108 3688 60 54 A
1208 3702 102 42 torn
1349 3703 81 42 cat

77 3768 41 52 is
159 3789 29 31 a
227 3767 117 62 fact,
388 3764 18 56 I
448 3764 168 64 know,
658 3763 92 56 but
795 3784 65 33 an
888 3760 386 56 inconceivable
1313 3784 113 33 one.

76 3839 132 56 And
253 3840 15 54 I
311 3842 169 68 grieve
519 3838 106 56 that
663 3861 82 47 my
802 3836 122 55 dear
983 3834 128 55 little
1162 3848 80 42 cat
1291 3849 138 42 went

76 3928 88 41 out
203 3914 95 55 last
338 3911 174 56 month
569 3934 98 33 one
724 3909 143 71 night
924 3906 102 56 and
1083 3908 236 55 returned
1371 3933 56 32 so

76 3986 143 71 sadly
259 3985 281 57 mutilated.
618 3984 148 71 Why
804 3979 169 59 didn't
1011 3979 89 57 she
1125 4004 136 33 wear
1288 4005 138 33 some

73 4051 294 80 head-gear,
484 4082 138 33 some
649 4057 188 56 helmet
962 4076 139 35 some
1139 4054 100 58 hat.
1319 4055 107 57 Not

1502 169 89 56 she
1615 192 10 33 :
1669 166 87 57 she
1797 170 40 53 is
1867 192 56 31 so
1949 166 154 57 brave
2131 166 143 57 she'd
2316 189 179 34 sooner
2537 166 107 56 lose
2671 189 63 33 an
2762 189 94 48 eye

1500 242 119 56 than
1658 241 105 57 that
1789 265 198 47 anyone
2028 241 182 56 should
2238 241 142 55 think
2408 240 87 56 she
2535 240 189 63 feared,
2754 240 101 56 and

1502 339 56 32 so
1596 317 117 52 vain
1755 315 143 54 she'd
1938 315 115 56 hate
2091 313 105 56 that
2235 313 88 56 her
2361 313 123 56 rival
2532 312 182 57 should
2749 313 108 55 lose

1501 413 30 30 a
1571 388 164 70 single
1774 387 122 56 flash
1934 388 52 55 of
2027 410 151 50 green
2305 411 56 32 so
2401 386 88 57 she
2528 410 144 32 came
2707 387 149 56 home

1500 461 128 56 hurt.
1730 461 116 54 Still
1895 461 87 56 her
2027 476 114 41 coat
2180 463 41 52 is
2263 485 56 32 so
2357 484 156 31 warm
2640 461 88 56 she
2767 461 88 56 has

1500 534 89 56 her
1628 550 114 39 coat
1783 534 118 64 still,
1942 534 101 56 and
2084 537 220 53 mittens.

1611 607 131 56 This
1783 608 203 56 volume
2027 608 172 56 issued
2258 608 67 71 by
2378 608 105 56 Mr.
2527 609 152 55 Hiler
2720 612 41 52 is
2800 634 53 31 as

1502 683 37 52 it
1577 703 136 33 were
1752 681 84 55 the
1890 681 341 55 introduction
2276 696 52 40 to
2378 706 30 30 a
2458 682 89 70 big
2599 684 153 54 series
2805 683 51 55 of

1500 754 228 56 volumes
1769 778 65 32 on
1874 754 84 56 the
2010 769 228 41 costume
2285 755 52 55 of
2373 755 68 55 all
2488 754 84 56 the
2617 777 136 48 ages.
2836 757 17 54 I

1498 827 135 69 hope
1672 827 144 55 those
1855 842 118 40 next
2011 828 228 54 volumes
2278 828 108 54 will
2427 827 66 55 be
2531 828 67 54 all
2634 830 219 68 pictures

1498 900 102 56 and
1660 900 128 56 little
1845 915 119 49 text,
2006 901 75 55 for
2137 900 149 55 that's
2344 899 136 57 what
2539 903 41 53 is
2632 901 220 56 needed.

1501 973 118 55 Ten
1658 974 228 56 volumes
1944 974 126 56 with
2130 974 143 54 2000
2333 974 207 72 designs
2606 975 52 57 in
2728 975 127 56 each

1498 1049 204 54 volume
1741 1048 102 55 and
1882 1072 98 31 one
2019 1048 203 55 volume
2260 1062 52 41 to
2352 1044 127 59 each
2517 1063 223 57 century.

1609 1120 132 57 This
1787 1121 176 56 would
2022 1121 119 56 then
2199 1120 215 57 become
2472 1121 84 56 the
2615 1122 238 56 standard

1498 1195 141 56 work
1754 1195 73 56 for
1868 1197 38 52 it
1945 1218 163 33 seems
2147 1195 138 56 clear
2324 1195 105 56 that
2470 1195 104 57 Mr.
2617 1195 154 57 Hiler
2810 1199 42 53 is

1498 1267 87 56 the
1624 1267 113 57 best
1777 1267 248 57 informed
2066 1269 52 55 of
2156 1269 205 55 editors.

1611 1342 121 56 Carl
1775 1342 240 56 Kohler's
2056 1342 135 55 book
2238 1345 41 53 is
2338 1342 126 56 after
2521 1343 66 55 all
2646 1369 30 30 a
2732 1368 120 47 very

1500 1415 142 54 small
1683 1415 115 55 dish
1923 1415 190 71 though
2160 1417 61 53 its
2268 1416 107 54 464
2417 1437 153 50 pages
2611 1417 74 56 for
2740 1420 110 64 18/-

1500 1491 40 52 is
1580 1511 29 32 a
1648 1488 286 56 wonderful
1975 1488 350 56 achievement
2363 1490 52 54 of
2452 1488 85 56 the
2564 1491 287 70 publishers

1501 1562 195 56 Messrs
1726 1563 70 55 G.
1826 1562 71 57 G.
1931 1563 205 70 Harrap
2164 1568 49 50 &
2243 1563 97 55 Co.
2366 1563 58 38 (i)
2453 1563 214 57 Messrs.
2696 1564 75 58 A.
2801 1572 50 50 &

1498 1636 65 57 C.
1594 1636 157 55 Black
1790 1637 129 56 have
1958 1636 173 55 issued
2155 1636 58 38 (2)
2305 1636 216 71 English
2549 1638 245 57 Costume

1498 1708 69 71 by
1606 1708 143 57 Dion
1794 1709 65 56 C.
1921 1709 248 70 Calthrop
2226 1709 125 56 with
2408 1710 110 55 four
2574 1712 92 54 full
2719 1735 129 49 page

1498 1782 325 57 illustrations
1864 1784 52 53 in
1975 1783 190 63 colour,
2212 1783 314 71 thirty-three
2584 1807 155 50 pages
2796 1788 54 55 of

1496 1854 151 57 black
1686 1857 102 55 and
1826 1855 156 56 white
2041 1857 179 69 plates,
2274 1857 94 54 lots
2427 1858 52 54 of
2528 1857 176 57 thumb
2744 1862 102 53 nail

1497 1929 249 56 sketches.
1826 1929 98 56 But
1950 1930 84 56 the
2061 1945 297 55 prospectus
2386 1933 52 53 in
2474 1931 174 56 colour
2674 1933 172 56 which

1498 2003 18 54 1
1544 2003 238 55 received
1829 2003 209 57 showed
2077 2003 106 55 that
2239 2004 84 56 the
2373 2005 192 71 rugged
2625 2008 221 70 strength

1496 2078 52 53 in
1613 2076 218 71 English
1896 2078 267 63 Costume,
2229 2078 100 55 and
2395 2080 61 52 its
2522 2078 323 72 sharp-faced

1495 2149 247 72 delicacy,
1796 2150 100 57 had
1935 2150 132 57 been
2121 2154 150 67 given
2328 2175 30 32 a
2414 2152 74 55 far
2544 2168 85 40 too
2687 2169 158 41 sweet

1494 2226 269 66 prettiness
1790 2224 68 71 by
1884 2222 84 57 the
1996 2226 311 69 interpreter.
2371 2225 126 67 12/6
2523 2226 42 55 is
2592 2225 85 57 the
2704 2230 138 67 price

1494 2296 54 55 of
1585 2296 98 56 this
1721 2296 219 57 volume.
2019 2296 117 57 The
2178 2297 153 56 Hiler
2371 2297 134 56 book
2558 2300 41 54 is
2658 2300 184 59 classic

1605 2370 97 55 this
1743 2373 41 54 is
1826 2385 173 42 sweet.

1581 2548 122 38 (DA
1728 2547 223 37 HISTORY
1974 2547 68 37 OF
2065 2547 245 37 COSTUME
2334 2549 43 41 by
2413 2549 80 36 Carl
2529 2549 138 38 Kohler.
2716 2551 124 36 Edited

1492 2591 66 35 and
1594 2592 195 40 augmented
1813 2593 44 38 by
1893 2592 120 35 Emma
2028 2607 64 20 von
2115 2593 129 35 Sichart
2263 2593 64 35 and
2355 2594 178 35 translated
2565 2594 44 40 by
2644 2595 196 37 Alexander

1491 2635 48 37 K.
1565 2635 120 36 Dallas
1709 2636 53 36 M.
1789 2636 51 37 A.
1858 2651 8 20 :
1894 2636 48 37 G.
1969 2637 48 36 G.
2044 2636 133 41 Harrap
2201 2641 32 30 &
2258 2638 64 35 Co.
2372 2638 95 35 Price
2496 2635 88 45 18/-.

1580 2680 59 39 (2)
1664 2679 219 37 ENGLISH
1909 2680 244 36 COSTUME
2178 2681 44 40 by
2247 2681 91 35 Dion
2362 2681 148 41 Clayton
2534 2683 173 40 Calthrop.
2727 2685 51 35 A.
2805 2688 32 31 &

1490 2724 44 36 C.
1562 2723 116 38 Black.
1729 2723 95 37 Price
1853 2721 97 44 12/6.
