2994 4310
178 77 77 42 122

168 848 292 76 BOOK
542 848 500 76 REVIEWS.

168 1005 373 49 EQUIPMENT
623 1005 124 41 FOR
852 1006 199 41 STAGE

168 1063 413 42 PRODUCTION
627 1064 50 49 by
722 1064 149 40 Arthur
900 1064 145 41 Edwin

169 1121 152 41 Krows.
385 1121 56 41 D.
489 1121 200 49 Appleton
742 1122 43 40 &
839 1122 71 41 Co.
945 1122 102 42 New

175 1179 103 49 York
309 1179 85 40 and
421 1180 183 46 London,
670 1179 117 42 Price
818 1180 70 56 5/-
920 1188 78 33 net.

510 1308 138 35 PART
680 1310 25 34 I.

195 1366 38 34 A
264 1359 296 41 BEGINNER'S
592 1367 151 35 POINT
776 1367 65 35 OF
872 1367 151 36 VIEW.

169 1449 211 47 DOOKS
409 1472 50 23 on
482 1454 70 40 this
567 1455 148 52 subject
731 1456 99 41 have
848 1457 195 52 appeared

271 1529 75 24 one
379 1513 95 40 after
506 1513 160 42 another
687 1516 102 39 since
812 1515 63 41 the
898 1515 146 41 middle

166 1571 39 40 of
238 1570 69 41 last
338 1581 158 41 century
538 1571 68 41 but
647 1590 100 23 none
778 1591 110 23 come
920 1590 53 35 up
1005 1585 38 29 to

165 1627 64 41 the
261 1629 175 51 originals
467 1629 58 41 for
572 1633 169 49 amusing
778 1631 156 52 reading
966 1631 76 41 and

165 1686 211 53 brilliancy.
439 1687 96 42 This
566 1689 102 40 book
690 1689 67 41 has
778 1689 156 52 nothing
956 1706 86 24 new

165 1755 39 30 to
235 1761 79 35 say.

222 1804 126 40 What
378 1804 64 42 the
465 1806 182 51 beginner
668 1808 108 39 waits
807 1807 58 40 for
896 1807 29 40 is
946 1806 93 46 this;

167 1862 41 39 A
239 1861 124 53 cheap
397 1862 144 43 edition
633 1882 21 23 a
690 1863 149 52 shilling
880 1881 42 24 or
967 1867 55 38 six-

166 1936 121 35 pence
376 1922 92 40 with
500 1939 74 23 one
610 1922 157 52 chapter
808 1940 50 23 on
890 1922 152 52 making

166 1978 128 40 model
339 1996 171 36 scenery,
557 1997 75 24 one
677 1980 159 52 chapter
881 1997 50 24 on
978 1980 63 41 the

165 2047 200 41 carpentry
411 2039 40 39 of
496 2038 234 51 elementary
776 2039 133 50 things,
948 2038 93 41 with

165 2095 199 40 measured
398 2096 188 51 drawings
622 2096 254 52 reproduced,
911 2096 75 41 and
1020 2115 21 22 a

164 2152 115 41 select
310 2153 163 52 glossary
518 2154 40 41 of
589 2154 187 41 technical
807 2166 112 29 terms
948 2154 92 41 such

165 2227 39 23 as
236 2210 143 48 braces,
414 2212 169 46 borders,
618 2213 89 46 flies,
732 2213 75 41 and
839 2230 41 23 so
912 2230 65 24 on.

223 2268 104 42 Now
357 2268 123 42 who's
503 2272 110 50 going
636 2281 38 30 to
697 2270 51 41 do
770 2273 108 40 it?...
941 2271 98 41 And

162 2326 92 41 with
287 2344 47 24 an
367 2328 119 41 Index
503 2334 17 36 ?

936 2330 38 40 h.
1007 2347 33 23 c.

496 2459 137 34 PART
666 2455 39 40 2.

211 2515 106 35 THE
347 2516 178 35 OTHER
558 2517 151 35 POINT
741 2517 64 34 OF
837 2518 149 40 VIEW.

171 2625 59 58 JT
261 2621 29 38 is
320 2618 92 52 only
444 2630 37 30 to
513 2620 63 41 the
609 2621 64 41 old
697 2638 68 34 pro
788 2622 81 40 that
891 2640 21 22 a
934 2622 103 40 book

164 2682 27 21 *
226 2676 74 41 like
333 2677 71 40 this
433 2695 72 24 can
552 2696 118 34 prove
716 2680 196 42 valuable.
1008 2681 30 40 It

161 2735 165 40 reminds
372 2735 77 41 him
496 2737 40 39 of
581 2738 105 40 what
733 2738 48 41 he
823 2738 134 42 knows
996 2756 41 24 so

158 2792 90 41 well
280 2793 82 41 that
393 2794 47 40 he
482 2796 29 40 is
557 2797 37 39 in
632 2798 159 50 positive
823 2796 144 53 danger
998 2797 40 40 of

160 2850 201 53 forgetting
391 2854 28 39 it
451 2853 62 42 all.

220 2909 66 40 He
318 2909 88 52 long
438 2910 78 42 also
538 2912 203 52 despaired
763 2914 212 51 cheerfully
997 2914 39 40 of

160 2983 90 25 ever
280 2970 129 50 seeing
456 2987 21 23 a
512 2970 182 41 standard
740 2973 106 39 work
887 2974 150 39 written

159 3042 50 23 on
242 3025 70 40 this
333 3027 159 50 subject.
556 3029 107 41 How
685 3030 106 40 often
813 3029 48 41 he
884 3029 151 41 needed

160 3100 21 23 a
230 3082 100 42 book
381 3085 41 40 of
482 3086 194 42 reference
738 3087 299 53 alphabetically

159 3140 168 52 planned
360 3142 129 53 telling
521 3144 76 40 him
635 3145 167 51 anyhow
848 3164 39 22 as
923 3146 114 41 much

159 3199 119 40 about
307 3199 57 41 his
401 3199 119 43 house
552 3202 63 41 the
647 3203 171 41 Theatre
851 3222 39 22 as
926 3222 20 22 a
978 3222 38 22 se-

160 3259 99 39 rious
290 3258 194 42 reference
520 3260 107 41 work
672 3261 58 41 for
763 3262 164 41 Doctors
957 3262 79 40 will

159 3315 64 40 tell
256 3315 102 41 them
392 3317 48 40 all
473 3317 82 41 that
585 3321 29 38 is
645 3319 153 41 needed
821 3321 119 40 about
973 3320 63 41 the

160 3373 192 51 Hospital,
387 3375 62 40 the
481 3376 114 41 home
627 3377 40 40 of
688 3377 64 41 the
783 3378 163 41 doctors.

219 3431 87 40 The
338 3444 114 29 worst
484 3434 40 40 of
553 3436 28 38 it
611 3437 29 39 is
672 3435 81 41 that
789 3447 38 30 to
864 3436 171 52 produce

158 3488 92 41 such
282 3507 21 23 a
334 3490 107 41 work
486 3508 60 23 we
593 3493 99 41 need
735 3493 64 40 the
830 3494 205 41 combined

160 3547 125 40 brains
331 3549 40 39 of
422 3567 21 22 a
485 3566 120 37 group
657 3552 40 40 of
741 3552 166 40 scholars
959 3552 75 40 and

158 3605 214 43 craftsmen.

219 3662 106 42 Such
372 3683 22 22 a
438 3665 148 42 scholar
628 3685 40 22 as
714 3667 71 42 Dr.
818 3667 217 52 Allardyce

159 3719 142 48 Nicoll,
353 3724 111 49 given
509 3725 182 41 sufficient
720 3725 115 41 funds
857 3737 38 29 to
926 3726 109 40 enlist

161 3778 64 40 the
256 3782 162 38 services
449 3782 39 39 of
510 3782 63 40 the
605 3784 82 40 best
719 3784 113 50 thirty
864 3783 171 41 students

160 3836 77 40 and
254 3837 200 42 craftsmen
471 3841 38 38 in
527 3839 169 53 Europe,
715 3841 115 41 could
863 3841 171 52 produce

159 3893 93 42 such
285 3912 21 23 a
338 3895 152 42 volume
591 3899 68 40 but
689 3902 38 38 in
769 3916 63 35 my
877 3902 158 49 opinion

160 3954 28 37 it
232 3953 132 40 would
411 3955 118 51 easily
575 3956 190 52 develope
812 3959 79 39 into
923 3975 21 23 a
975 3975 38 23 se-

161 4011 70 39 ries
253 4010 118 42 ...like
404 4012 62 41 the
500 4013 225 53 Dictionary
746 4016 40 40 of
818 4016 140 41 Music.

1152 174 30 40 It
1213 176 29 38 is
1272 170 184 53 certainly
1487 170 202 47 over-due,
1729 170 70 42 this
1844 172 120 40 work.

1150 232 130 41 There
1312 233 28 39 is
1371 249 50 22 no
1467 241 55 30 set
1567 231 41 40 of
1648 233 141 39 serious
1821 231 123 52 profes-

1090 290 120 42 sional
1239 289 179 47 workers,
1453 289 76 41 and
1578 289 13 41 I
1634 306 60 24 am
1727 289 169 52 thinking
1927 290 41 41 of

1092 350 63 41 the
1188 348 103 52 eight
1311 347 178 42 hundred
1508 348 82 40 best
1612 365 100 30 men,
1744 348 90 41 who
1856 348 110 41 stand

1091 425 105 24 more
1228 410 38 38 in
1300 407 99 40 need
1432 406 40 41 of
1501 423 106 24 some
1649 406 179 52 practical
1862 406 102 53 help,

1090 483 103 25 some
1225 465 206 41 education
1477 464 76 42 and
1594 482 104 24 some
1735 482 208 35 encourage-

1091 536 103 29 ment
1226 524 90 41 than
1364 523 51 41 do
1462 523 63 40 the
1558 523 196 42 theatrical
1785 525 179 45 workers,

1090 584 49 40 be
1186 582 91 52 they
1328 593 133 35 actors,
1513 581 183 48 students,
1745 581 219 53 producers,

1089 652 224 41 prompters,
1360 652 104 40 stage
1518 657 196 35 managers
1752 658 42 23 or
1836 641 112 41 crafts-

1091 717 99 23 men.
1226 717 7 11 4

1150 758 30 40 If
1214 757 12 40 I
1258 768 104 30 want
1409 768 38 30 to
1493 756 98 41 refer
1638 768 38 29 to
1722 774 104 24 some
1863 757 104 40 book

1091 815 127 42 which
1251 815 82 41 tells
1365 832 60 24 me
1448 814 89 42 how
1569 825 39 31 to
1645 814 111 42 make
1789 833 22 23 a
1843 814 123 42 raised

1090 873 110 47 solid,
1233 873 94 52 light
1359 873 76 41 and
1460 872 177 42 noiseless
1656 884 196 35 structure,
1875 889 92 24 over

1091 931 128 41 which
1270 931 189 41 Macbeth
1511 930 76 42 and
1634 931 55 41 his
1740 947 106 35 army
1895 947 73 24 can

1094 1007 96 35 pass,
1226 990 11 39 I
1285 1007 72 23 can
1389 989 173 42 discover
1602 991 28 38 it
1675 989 194 41 nowhere.
1954 988 12 40 I

1094 1063 89 36 may
1233 1048 53 51 by
1336 1047 196 52 searching
1578 1047 162 52 through
1801 1058 63 29 ten
1925 1063 43 24 or

1094 1106 138 41 twelve
1264 1105 121 41 books
1415 1122 110 25 come
1558 1122 123 24 across
1712 1105 64 40 the
1806 1121 90 35 way
1929 1115 38 30 to

1093 1165 111 40 make
1237 1181 21 23 a
1290 1175 159 30 rostrum
1479 1163 129 42 which
1658 1165 30 39 is
1733 1163 126 51 heavy
1891 1162 76 42 and

1093 1223 118 50 noisy,
1246 1223 68 40 but
1346 1221 81 42 that
1457 1223 29 40 is
1518 1222 49 41 all
1658 1221 76 42 and
1757 1221 80 41 that
1867 1223 29 39 is
1917 1238 50 23 no

1091 1298 67 23 use
1190 1291 39 30 to
1262 1297 42 24 us
1335 1282 39 39 in
1413 1280 121 42 1929.

1150 1338 31 41 If
1214 1338 11 40 I
1258 1349 106 30 want
1385 1349 38 30 to
1447 1338 173 41 discover
1652 1339 63 40 the
1747 1338 88 41 final
1857 1336 110 43 word

1091 1396 81 41 that
1201 1398 29 39 is
1262 1407 38 30 to
1346 1397 49 40 be
1441 1396 81 41 said
1569 1413 51 24 on
1665 1396 90 41 how
1792 1407 39 29 to
1863 1398 106 49 paint

1090 1454 64 41 the
1186 1455 97 46 face,
1335 1454 13 41 I
1395 1465 141 31 cannot
1583 1454 78 41 find
1707 1456 28 38 it
1781 1453 125 42 unless
1953 1454 13 40 I

1090 1513 97 40 refer
1220 1523 37 30 to
1305 1512 159 41 another
1510 1512 103 52 eight
1658 1529 42 24 or
1737 1523 63 30 ten
1832 1512 132 46 books,

1091 1570 75 41 and
1189 1587 97 24 even
1319 1570 90 41 then
1442 1571 12 40 I
1489 1588 60 23 am
1581 1581 39 30 at
1652 1588 21 23 a
1703 1569 73 42 loss
1807 1570 90 41 how
1929 1580 38 30 to

1089 1627 111 42 make
1233 1644 63 36 my
1327 1644 89 26 own
1463 1630 134 50 paints.
1676 1627 88 54 Buy
1795 1627 102 41 them
1930 1638 38 30 at

1089 1686 64 41 the
1184 1686 93 41 dear
1308 1687 65 40 old
1406 1687 175 41 German
1611 1686 82 41 firm
1724 1688 30 39 is
1785 1686 50 41 all
1868 1686 13 40 1
1905 1703 61 23 am

1088 1744 80 41 told
1201 1755 39 30 to
1272 1744 65 43 do.

1148 1802 77 42 But
1254 1802 116 42 while
1404 1804 12 40 I
1451 1804 219 51 appreciate
1712 1802 64 42 the
1821 1804 144 39 service

1087 1860 189 42 rendered
1324 1873 38 29 to
1409 1861 63 41 the
1518 1872 103 41 stage
1668 1862 53 51 by
1766 1861 63 42 the
1862 1870 104 42 great

1087 1919 99 41 firms
1206 1919 127 41 which
1370 1920 261 41 manufacture
1668 1936 129 36 grease
1830 1920 133 51 paints,

1086 1979 104 49 wigs,
1223 1988 188 31 costumes
1442 1977 76 42 and
1550 1978 64 41 the
1644 1989 85 35 rest,
1763 1978 13 40 I
1809 1978 106 41 think
1937 1980 28 39 it

1086 2037 30 39 is
1148 2038 89 38 time
1269 2036 81 41 that
1395 2036 64 41 the
1500 2037 203 40 craftsmen
1734 2035 91 42 who
1856 2036 107 41 work

1087 2095 37 39 in
1156 2094 164 41 theatres
1352 2094 76 41 and
1464 2094 91 41 who
1601 2112 64 23 are
1712 2106 66 29 not
1819 2096 38 39 in
1899 2094 63 41 the

1087 2152 106 40 trade
1211 2152 137 42 should
1371 2152 51 42 do
1445 2152 96 41 their
1571 2153 109 41 share
1712 2153 40 40 of
1781 2152 108 41 work

1086 2209 137 42 should
1254 2211 140 41 waken
1425 2210 96 43 their
1551 2210 231 52 slumbering
1813 2227 149 36 powers

1087 2268 75 40 and
1195 2268 138 42 should
1366 2272 250 49 experiment.

1145 2326 108 42 How
1284 2326 52 42 do
1368 2327 81 41 that
1484 2328 115 41 when
1646 2326 141 52 hardly
1817 2344 74 24 one
1922 2327 40 41 of

1089 2384 103 41 them
1232 2402 73 24 can
1346 2385 64 42 tell
1456 2402 77 35 you
1580 2385 90 42 how
1710 2396 39 30 to
1787 2385 111 42 make
1941 2402 21 23 a

1086 2444 106 50 paint
1223 2442 82 42 that
1350 2446 29 38 is
1420 2443 101 53 good
1567 2444 59 41 for
1672 2443 63 41 the
1767 2443 85 41 face
1884 2442 77 42 and

1086 2501 88 40 how
1206 2512 39 30 to
1277 2512 68 42 put
1375 2504 28 39 it
1424 2508 80 36 on?

1143 2559 89 40 The
1263 2577 74 24 one
1374 2560 76 41 and
1487 2561 91 51 only
1601 2560 220 42 Theatrical
1853 2559 81 42 Pub-

1083 2616 134 53 lishing
1247 2617 119 42 house
1397 2618 41 41 of
1475 2619 120 47 1877,
1628 2618 127 42 which
1783 2635 98 24 even
1923 2629 38 29 to

1084 2677 71 40 this
1178 2676 78 53 day
1277 2676 167 52 supplies
1476 2677 64 40 the
1571 2678 209 51 profession
1802 2677 93 41 with
1917 2679 44 38 its

1084 2735 133 47 books,
1250 2735 126 41 issued
1423 2753 23 23 a
1477 2736 104 40 book
1613 2735 125 42 called
1772 2745 23 14 44
1815 2735 146 41 HOW

1085 2793 80 41 TO
1189 2794 174 42 MAKE
1385 2794 75 40 UP
1554 2803 22 13 44
1597 2811 22 23 a
1643 2794 180 52 practical
1846 2793 115 53 guide

1084 2864 38 30 to
1149 2853 64 40 the
1237 2863 56 30 art
1308 2853 41 40 of
1366 2851 151 52 making
1531 2869 51 36 up
1644 2864 74 30 etc.
1740 2855 151 40 written
1909 2855 52 51 by

1084 2921 23 13 44
1127 2912 211 40 Haresfoot
1369 2910 76 41 and
1477 2910 137 53 Rouge
1739 2912 77 43 But
1837 2914 38 39 in
1896 2912 64 42 the

1083 2971 166 51 opening
1266 2970 93 40 lines
1380 2969 40 41 of
1436 2971 45 39 its
1503 2969 259 42 Introduction
1784 2987 61 24 we
1867 2971 92 41 read

1084 3046 38 23 as
1153 3027 174 42 follows:

1145 3095 22 14 44
1193 3086 41 40 In
1266 3086 151 52 placing
1464 3085 70 41 this
1581 3086 104 41 book
1731 3088 132 40 before
1896 3088 63 40 the

1085 3154 23 13 44
1127 3144 143 52 public,
1319 3144 63 40 the
1429 3144 136 41 author
1610 3144 137 42 wishes
1781 3147 28 38 it
1841 3156 37 30 to
1911 3146 48 40 be

1084 3211 24 14 44
1127 3201 234 42 understood
1380 3201 80 41 that
1476 3203 27 40 it
1519 3203 68 41 has
1608 3203 99 41 been
1728 3205 149 39 written
1895 3215 66 29 not

1084 3269 24 14 44
1126 3278 41 23 so
1214 3260 113 42 much
1373 3258 93 44 with
1514 3260 64 42 the
1609 3261 89 41 idea
1729 3262 40 40 of
1800 3262 159 50 offering

1084 3328 24 13 44
1127 3318 136 41 advice
1295 3329 39 30 to
1366 3317 272 44 Professionals
1675 3337 40 23 as
1750 3319 92 41 with
1880 3320 80 41 that

1084 3386 22 13 44
1126 3377 40 40 of
1195 3378 218 51 instructing
1444 3378 210 40 Amateurs

1141 3435 146 41 Rather
1319 3435 230 53 depressing,
1572 3435 86 42 isn't
1688 3438 27 39 it
1732 3441 18 37 ?

1857 3453 26 36 g
1888 3470 11 8 .
1925 3455 33 24 c.

1080 3559 264 42 ENGLISH
1354 3559 192 42 COMIC
1557 3560 190 41 DRAM
1748 3561 36 40 A
1808 3559 153 42 1700-1750,

1078 3559 71 42 by
1184 3559 71 42 F.
1290 3559 71 42 W.
1396 3559 282 42 Bateson.
1713 3559 248 42 Oxford,

1084 3675 221 41 Clarendon
1338 3676 130 41 Press.
1533 3676 116 41 Price
1681 3676 83 52 7/6
1797 3684 77 34 net.

1086 3777 148 69 IV/|R.
1269 3784 166 41 Bateson
1471 3784 67 41 has
1567 3786 150 39 written
1765 3804 22 21 a
1828 3784 128 46 model

1082 3850 21 18 *
1121 3846 62 23 **
1218 3844 172 49 critique.
1499 3842 81 41 Into
1613 3843 69 40 this
1786 3846 169 53 English

1083 3899 136 41 Comic
1248 3900 155 42 Drama
1500 3902 290 54 (1700-1750)
1811 3904 49 42 he
1889 3906 68 40 has

1079 3973 139 25 woven
1248 3958 372 47 character-studies,
1651 3961 204 47 criticisms,
1879 3963 76 40 and

1081 4033 20 22 a
1139 4015 156 53 glimpse
1336 4017 40 40 of
1416 4017 219 52 eighteenth
1676 4030 159 41 century
1875 4020 77 47 life,

2013 172 92 42 with
2139 189 109 35 grace
2281 175 76 41 and
2389 176 95 42 skill.
2547 179 63 40 As
2646 197 21 24 a
2709 181 115 47 book,
2867 184 27 40 it

2012 234 29 39 is
2072 235 171 50 amusing
2274 235 76 41 and
2382 236 112 47 brisk,
2608 238 188 55 scholarly
2818 242 75 41 and

2011 301 66 41 yet
2110 301 8 12 4
2134 292 98 41 alive
2255 293 75 41 and
2356 294 149 52 kicking
2522 296 8 9 '
2549 313 8 29 ;
2593 315 39 23 as
2654 315 22 23 a
2707 300 184 46 criticism,

2013 351 27 39 it
2070 351 29 40 is
2129 368 91 23 sane
2258 351 76 41 and
2376 363 248 42 competent;
2669 356 76 41 and
2792 359 28 39 it
2865 360 30 39 is

2013 419 66 30 not
2129 409 299 43 overburdened
2470 412 94 41 with
2596 413 204 44 footnotes.
2865 416 31 41 If

2013 467 63 40 the
2117 467 258 42 introduction
2406 470 30 40 is
2467 471 125 40 rather
2634 489 135 35 vague,
2809 474 80 43 Mr.

2015 524 199 42 Bateson's
2229 526 116 52 lively
2361 527 142 42 studies
2519 529 40 41 of
2576 529 93 52 Gay
2700 531 76 41 and
2799 533 71 40 Cib-

2013 584 68 39 ber
2113 583 111 41 make
2262 584 127 52 ample
2411 587 172 43 amends.
2644 589 44 40 A
2712 593 182 49 tempting

2012 641 181 41 selection
2236 642 40 40 of
2312 654 162 30 extracts
2508 645 98 41 from
2663 647 107 52 plays
2818 649 74 40 and

2013 698 186 42 dramatic
2220 701 193 41 criticisms
2446 701 66 42 has
2547 703 99 42 been
2678 704 154 44 chosen.

2100 758 118 40 Some
2241 759 165 41 remarks
2437 760 52 52 by
2520 762 174 42 William
2725 764 166 48 Archer,

2012 816 97 40 from
2147 816 82 40 The
2263 816 88 41 Old
2378 817 154 42 Drama
2565 821 85 40 and
2678 822 62 42 the
2770 822 118 48 New,

2013 890 50 23 on
2095 873 64 40 the
2192 883 7 13 *
2220 875 170 40 material
2422 877 195 42 condition
2638 879 8 11 '
2678 880 41 40 of
2747 880 124 52 perfor-

2014 948 152 24 mances
2196 934 38 38 in
2256 950 49 22 an
2326 933 219 51 eighteenth
2566 948 158 42 century
2747 939 145 40 theatre

2015 1006 62 23 are
2125 988 193 42 discussed
2366 993 37 38 in
2451 992 63 41 the
2545 994 143 53 closing
2719 997 171 52 chapter.

2016 1057 23 12 44
2052 1046 88 41 The
2158 1047 255 43 Elizabethan
2808 1071 86 35 says

2015 1105 78 41 Mr.
2116 1105 167 48 Archer,
2318 1116 24 13 44
2359 1110 178 40 survived
2568 1112 38 40 in
2629 1112 62 40 the
2713 1112 118 52 shape
2853 1113 40 40 of

2015 1180 20 23 a
2067 1163 102 51 large
2213 1172 9 14 4
2241 1181 120 35 apron
2380 1164 8 12 '
2430 1168 135 51 jutting
2605 1180 67 30 out
2713 1172 79 39 into
2829 1171 63 40 the

2014 1220 230 42 auditorium
2266 1222 156 52 beyond
2445 1225 63 40 the
2530 1228 145 40 curtain
2697 1227 87 47 line,
2816 1229 75 41 and

2013 1289 134 36 actors,
2180 1281 38 39 in
2249 1280 114 42 order
2394 1292 38 30 to
2465 1283 48 41 be
2545 1284 229 54 thoroughly
2804 1287 89 40 well

2012 1336 120 42 heard
2166 1338 75 41 and
2272 1356 103 30 seen,
2418 1340 212 54 habitually
2672 1344 139 41 moved
2855 1356 37 29 to

2013 1394 64 41 the
2108 1395 101 41 front
2249 1397 40 40 of
2331 1397 71 41 this
2444 1416 133 35 apron,
2620 1401 273 53 relinquishing

2014 1452 49 41 all
2095 1464 160 42 attempt
2287 1466 38 29 to
2357 1455 73 41 live
2478 1475 39 23 as
2548 1459 27 39 it
2615 1476 102 24 were
2758 1461 133 40 within

2014 1510 63 41 the
2124 1513 145 50 picture
2317 1545 9 9 .
2399 1514 87 41 This
2526 1518 28 38 is
2596 1517 178 42 dreadful
2816 1519 75 41 and

2013 1570 28 39 it
2064 1571 30 38 is
2114 1572 203 49 surprising
2350 1583 38 30 to
2410 1572 78 42 find
2511 1573 81 41 that
2614 1576 78 42 Mr.
2726 1576 165 42 Bateson

2012 1626 91 41 calls
2134 1629 28 39 it
2193 1630 236 42 reasonable.
2491 1632 56 41 So
2579 1633 114 42 much
2729 1635 58 40 for
2829 1635 62 41 the

2013 1685 115 47 book,
2163 1687 69 40 but
2261 1687 106 41 what
2397 1690 40 39 of
2469 1689 63 40 the
2566 1691 157 52 English
2754 1694 137 40 Comic

2013 1742 146 42 Drama
2189 1744 99 41 itself
2317 1745 98 42 from
2454 1748 243 42 1700-1750
2817 1756 17 36 ?

2102 1801 12 40 I
2146 1802 78 41 will
2256 1814 67 30 not
2354 1804 76 52 ally
2451 1807 136 49 myself
2610 1818 36 29 to
2669 1808 81 41 that
2771 1826 119 35 group

2011 1860 41 39 of
2073 1861 105 49 quite
2202 1860 87 41 able
2310 1863 277 53 nincompoops
2608 1865 102 48 who,
2735 1867 154 41 headed

2012 1918 51 50 by
2080 1917 157 48 Collier,
2258 1919 150 42 backed
2427 1938 51 35 up
2495 1922 52 51 by
2570 1923 222 53 Macaulay,
2813 1925 75 41 and

2010 1976 217 51 trumpeted
2260 1977 52 51 by
2344 1978 78 42 Mr.
2456 1979 170 43 Bernard
2656 1983 132 47 Shaw,
2822 1994 68 41 put

2009 2044 68 30 out
2122 2052 21 23 a
2190 2046 139 41 tongue
2377 2047 38 30 at
2460 2038 64 41 the
2570 2039 317 43 Restorationists.

2021 2091 78 40 The
2133 2096 195 49 propriety
2374 2095 40 39 of
2460 2096 106 41 those
2613 2100 122 39 comic
2782 2099 108 52 plays

2010 2148 110 42 don't
2151 2162 135 30 matter
2318 2169 21 23 a
2376 2152 47 52 fig
2566 2155 92 52 only
2704 2156 62 41 the
2814 2157 76 40 leaf

2008 2219 134 29 counts
2267 2210 76 41 and
2387 2211 63 40 the
2497 2212 76 41 leaf
2619 2214 81 40 tells
2747 2217 143 50 against

2008 2265 134 47 Shaw,
2176 2267 224 53 Macaulay,
2434 2270 76 40 and
2533 2271 144 41 Collier
2705 2272 91 41 who
2817 2290 72 24 can

2007 2341 105 23 wear
2141 2327 28 38 it
2201 2325 75 41 and
2307 2326 109 42 share
2438 2329 27 39 it
2497 2329 74 40 and
2604 2340 122 42 stamp
2749 2333 27 38 it
2796 2331 93 41 with

2009 2382 32 40 B
2074 2383 68 40 but
2187 2384 99 51 keep
2333 2384 63 41 the
2434 2385 115 42 damn
2579 2404 183 25 nonsense
2791 2390 96 40 from

2009 2439 112 53 Baby
2153 2441 76 41 and
2262 2459 73 25 me.
2399 2444 73 40 For
2503 2445 104 41 what
2647 2448 29 38 is
2716 2446 172 42 immoral

2008 2503 38 39 in
2078 2502 64 41 the
2174 2502 109 53 plays
2312 2506 30 38 is
2373 2505 69 41 but
2472 2522 73 25 one
2578 2505 104 53 thing
2799 2508 28 39 it
2858 2509 29 38 is

2008 2560 64 41 the
2103 2561 57 50 sly
2202 2561 167 54 thieving
2410 2581 50 23 on
2492 2564 63 40 the
2578 2576 83 40 part
2702 2565 39 40 of
2783 2565 103 40 these

2009 2618 155 53 English
2197 2622 137 40 Comic
2366 2621 198 42 Dramatic
2597 2623 153 40 authors
2791 2623 97 41 from

2008 2677 64 41 the
2115 2677 150 42 French
2307 2680 68 40 but
2415 2681 72 40 still
2531 2698 103 24 more
2676 2681 97 41 from
2824 2681 63 41 the

2009 2735 145 43 Italian.

2097 2796 107 40 Most
2236 2796 40 41 of
2307 2796 63 41 the
2403 2797 106 52 plays
2552 2815 108 24 came
2703 2809 38 30 to
2783 2799 77 39 Lon-

2008 2852 78 42 don
2131 2854 160 41 cribbed
2345 2855 97 41 from
2495 2856 206 47 Gherardi,
2756 2857 129 46 Scala,

2008 2914 157 46 Beolco,
2185 2913 187 48 Ganassa,
2392 2915 193 46 Grazzini,
2605 2915 184 46 Molire;
2810 2916 75 40 and

2008 2973 104 40 these
2145 2983 64 30 too
2240 2971 78 42 had
2350 2972 121 41 stolen
2503 2973 83 46 bits,
2621 2984 112 40 parts,
2758 2990 41 23 or
2822 2974 63 40 the

2006 3030 128 41 whole
2180 3030 97 40 from
2324 3030 134 41 earlier
2504 3048 99 24 men.
2690 3031 99 41 And
2835 3049 49 23 on

2006 3090 150 50 coming
2188 3100 37 29 to
2257 3088 166 41 London
2455 3089 104 41 these
2590 3090 72 39 bits
2684 3089 101 41 done
2806 3090 78 40 into

2007 3145 107 53 plays
2144 3164 102 23 were
2278 3147 201 40 successful
2498 3166 9 23 :
2542 3147 89 51 they
2671 3164 102 23 were
2814 3149 46 38 im-

2006 3215 151 42 portant
2187 3205 58 40 for
2276 3204 95 41 their
2401 3222 146 24 success
2578 3204 111 42 alone
2707 3223 9 23 :
2749 3206 44 39 its
2815 3206 46 38 im-

2007 3274 150 40 portant
2179 3264 58 39 for
2269 3281 22 23 a
2323 3263 89 51 play
2434 3275 38 29 to
2494 3263 176 42 succeed.
2733 3262 125 42 Shake-

2004 3338 136 35 speare
2196 3320 132 41 would
2379 3321 98 41 have
2530 3322 99 41 been
2680 3321 203 41 successful

2005 3381 37 39 in
2082 3378 245 41 1700-1750
2359 3380 70 40 but
2458 3379 49 41 he
2552 3396 79 26 was
2678 3378 103 42 dead

2006 3438 48 40 he
2100 3436 131 42 would
2265 3438 48 40 be
2344 3436 200 42 successful
2578 3437 117 51 today
2731 3438 69 39 but
2836 3438 47 40 he

2005 3497 30 39 is
2066 3495 117 40 dead.
2246 3495 74 40 Let
2350 3495 79 41 him
2462 3512 143 35 appear
2637 3497 37 38 in
2715 3495 168 41 London

2005 3555 38 39 in
2082 3553 108 41 1930
2223 3553 76 40 and
2333 3570 191 35 everyone
2554 3552 132 42 would
2717 3564 104 29 want
2843 3564 40 29 to

2005 3629 47 34 go
2091 3622 37 30 to
2164 3629 63 23 see
2274 3629 73 23 one
2394 3612 40 41 of
2478 3612 56 41 his
2579 3622 104 42 great
2728 3611 153 52 plays...

2005 3668 76 41 and
2098 3685 192 34 everyone
2311 3669 132 42 would
2465 3671 49 39 be
2537 3669 179 46 touched,
2735 3668 125 51 deligh-

2005 3726 77 47 ted,
2117 3727 75 40 and
2225 3744 91 24 rave
2348 3730 118 39 about
2498 3728 101 41 them
2630 3730 130 50 saying
2801 3728 81 42 that

2004 3785 91 51 they
2125 3802 103 24 were
2275 3785 57 41 far
2378 3804 104 23 more
2528 3785 215 42 wonderful
2791 3787 89 42 than

2003 3843 182 52 anything
2216 3843 81 42 that
2329 3845 186 40 Tchekov
2537 3844 76 41 had
2643 3862 90 23 ever
2764 3846 116 42 done.

2091 3902 107 40 Well
2231 3902 103 47 then,
2367 3904 101 40 since
2500 3902 103 42 these
2639 3902 94 42 little
2774 3904 107 51 plays

2003 3959 52 50 by
2085 3959 161 47 Cibber,
2281 3961 143 47 Steele,
2457 3961 208 47 Centlivre,
2700 3961 75 42 and
2817 3962 64 41 the

2005 4016 139 48 others,
2189 4018 76 41 had
2310 4036 147 24 success
2497 4019 113 41 while
2657 4019 90 53 they
2778 4036 103 24 were
