2654 4031
441 369 0 0 186

919 329 256 35 MERCURE
1211 329 235 35 MUSICAL
1480 329 67 34 ET
1585 326 47 36 S.
1679 325 41 34 I.
1767 325 61 34 M.

350 479 75 53 de
449 478 197 54 bonne
672 478 169 70 grâce
870 479 59 50 et
961 475 71 54 de
1062 474 221 56 finesse.
1317 474 145 55 Mais
1491 474 53 53 le
1574 469 297 70 voisinage
1903 468 71 53 de
2003 466 226 54 Franck
2260 465 151 55 n'est

347 576 111 53 pas
482 574 134 38 sans
648 557 245 68 dangers
924 559 61 48 et
1013 554 153 53 aussi
1196 573 113 36 une
1339 560 133 64 trop
1490 552 217 72 grande
1731 546 300 56 déférence
2050 563 75 37 au
2143 545 267 55 mauvais

348 639 143 70 goût
520 637 176 54 d'une
722 634 256 55 certaine
1002 633 188 70 partie
1221 635 77 54 du
1328 633 213 71 public.

461 717 89 52 M.
609 712 447 72 Crocé-Spinelli
1112 713 242 53 donnait
1408 729 114 37 une
1574 706 281 74 première
1911 704 265 56 audition
2232 705 71 52 de
2355 704 58 52 la

355 794 346 71 Symphonie
723 804 71 42 n°
827 809 31 37 2
891 811 66 34 en
987 793 46 52 si
1785 793 241 67 mineur,
1336 794 70 53 de
1770 788 80 52 Le
1879 784 198 71 public
2106 789 156 50 resta
2292 784 119 53 très

350 874 155 55 iioid
538 875 219 54 devant
795 877 155 49 cette
990 889 197 37 œuvre
1225 877 282 67 pourtant
1544 869 48 55 si
1630 868 404 63 intéressante,
2072 865 52 52 le
2162 863 138 54 titre

348 952 346 72 symphonie
845 950 109 55 mis
994 952 34 52 à
1067 955 150 65 part.
1263 952 49 52 Il
1350 952 92 52 fut
1483 948 241 56 dérouté
1763 962 106 53 par
1908 944 51 52 le
1999 943 293 53 caractère
2331 960 81 36 un

348 1051 116 52 peu
489 1034 237 69 étrange
754 1033 102 53 des
879 1032 264 69 rythmes
1168 1035 58 49 et
1254 1032 99 53 des
1380 1029 297 66 tonalités,
1702 1030 59 50 et
1787 1025 365 70 l'apparente
2177 1023 236 53 rudesse

351 1113 103 54 des
503 1110 348 56 harmonies.
910 1110 358 70 Cependant,
1324 1127 113 53 que
1493 1109 70 53 de
1618 1104 210 57 détails
1883 1119 327 37 savoureux
2267 1101 146 55 dans

348 1189 487 70 l'orchestration,
889 1189 187 71 quelle
1129 1190 254 54 habileté
1438 1189 145 53 dans
1635 1184 256 71 l'emploi
1945 1181 47 55 si
2045 1181 244 72 original
2342 1181 71 54 de

350 1272 228 53 thèmes
621 1275 59 49 et
728 1270 74 54 de
845 1269 276 55 mélodies
1165 1269 330 71 populaires
1541 1265 100 73 qui
1690 1265 193 54 donne
1928 1263 37 53 à
2008 1267 155 48 cette
2212 1278 200 37 œuvre

348 1367 119 37 une
506 1350 235 54 couleur
783 1349 291 53 vraiment
1118 1348 312 54 nationale.
1481 1345 145 56 Mais
1671 1362 72 37 en
1787 1341 163 72 dépit
1994 1341 71 54 de
2109 1340 303 69 l'alliance,

348 1430 83 54 les
477 1428 383 56 Toulousains
909 1429 337 53 demeurent
1293 1425 364 56 réfractaires
1705 1441 118 36 aux
1869 1420 243 56 beautés
2159 1419 224 71 particu-

350 1509 165 53 lières
539 1510 75 54 de
633 1509 198 53 l'école
858 1509 186 52 Russe
1070 1512 57 49 et
1154 1508 36 53 à
1213 1508 74 53 de
1298 1507 343 71 précédents
1659 1505 263 52 concerts

350 1606 77 36 ou
463 1588 38 53 Y
505 1588 274 71 Esquisse
1284 1604 98 37 sur
1559 1587 76 53 les
1784 1590 215 68 steppes
2290 1585 65 54 de
1911 1578 365 54 n'obtinrent
2309 1595 107 53 pas

351 1668 136 70 plus
514 1668 73 54 de
615 1668 215 67 succès,
863 1667 219 71 malgré
1109 1683 114 37 une
1254 1665 142 55 mise
1427 1682 75 37 au
1531 1663 167 71 point
1730 1667 59 48 et
1819 1678 114 37 une
1964 1658 451 71 interprétation

352 1747 362 53 excellentes.
759 1748 76 51 M.
878 1744 441 71 Crocé-Spinelli
1358 1761 72 36 ne
1471 1743 125 54 doit
1635 1758 105 55 pas
1781 1757 58 35 se
1881 1739 350 69 décourager
2270 1754 147 36 mais

351 1844 75 36 au
482 1825 287 55 contraire
823 1825 329 70 persévérer
1208 1825 145 52 dans
1409 1827 155 49 cette
1618 1819 256 56 branche
1932 1818 70 54 de
2060 1815 357 56 l'éducation

350 1905 274 55 musicale
657 1907 71 53 de
760 1923 91 36 ses
882 1904 315 55 auditeurs.

464 1985 84 52 Le
573 1984 243 53 Prélude
845 1988 47 48 et
921 1984 193 52 Danse
1143 1984 64 52 de
1237 1982 185 53 Daria
1453 1982 70 53 de
1555 1982 63 53 G.
1651 1980 197 68 Marty
1879 1983 58 48 et
1966 1978 59 53 la
2054 1976 161 55 Suite
2246 1976 137 69 Algé-

352 2064 195 55 rienne
588 2064 72 55 de
701 2063 374 54 Saint-Saëns
1117 2062 195 54 furent
1354 2062 239 71 goûtées
1636 2060 349 69 davantage.
2031 2058 164 53 Deux
2237 2056 180 70 pièces

365 2161 67 35 en
568 2144 175 67 forme
985 2143 64 53 de
1185 2161 181 35 canon
980 2143 69 53 de
1829 2142 329 54 Schumann
1556 2139 168 71 bijou
1759 2136 244 55 musical
2148 2135 240 55 délicate-

352 2227 163 49 ment
562 2222 353 54 orchestrées
962 2238 107 52 par
1895 2220 102 54 Th.
2199 2219 217 55 Dubois
1535 2224 58 48 et

354 2302 415 69 complétaient
802 2305 91 49 cet
926 2300 348 54 intéressant
1307 2316 385 54 programme.

467 2462 87 53 La
836 2459 210 56 Société
1331 2460 93 52 des
1597 2460 255 54 Concerts
2185 2459 63 52 de
2387 2477 32 34 m
2074 2473 36 36 a
2147 2455 272 54 retrouvé

355 2558 89 36 ses
488 2540 299 54 auditeurs
830 2539 197 53 fidèles
1072 2539 33 52 à
1149 2556 88 35 ses
1282 2538 283 54 matinées
1611 2539 80 52 du
1734 2537 179 69 jeudi,
1959 2535 139 54 salle
2144 2535 233 70 Rouget
2403 2556 14 47 ;

355 2619 40 52 il
427 2624 87 48 est
545 2618 350 72 regrettable
926 2618 184 68 qu'un
1141 2617 197 69 public
1370 2617 130 69 plus
1531 2617 326 53 nombreux
1889 2632 72 37 ne
1993 2614 163 53 suive
2187 2631 111 52 pas
2326 2631 93 35 ces

355 2699 296 55 auditions
698 2698 101 71 qui
846 2703 135 48 sont
1029 2698 363 66 excellentes,
1442 2697 147 53 mais
1636 2697 219 53 l'heure
1904 2699 88 50 est
2040 2694 118 53 mal
2206 2693 213 53 choisie

355 2794 148 54 pour
564 2778 306 68 beaucoup
935 2777 357 53 d'amateurs
1356 2780 233 49 retenus
1654 2792 107 53 par
1823 2775 152 52 leurs
2040 2771 379 70 occupations

356 2857 517 69 professionnelles.
925 2857 164 52 Dans
1137 2873 113 36 une
1301 2854 312 70 prochaine
1663 2853 317 70 chronique
2030 2869 151 37 nous
2228 2868 160 53 repar-

356 2938 189 53 lerons
583 2937 132 71 plus
754 2937 374 69 longuement
1170 2935 71 54 de
1282 2952 96 37 ces
1414 2937 236 53 séances
1690 2934 147 53 ainsi
1876 2952 115 52 que
2031 2934 75 53 de

357 3017 75 54 de
576 3015 374 69 Saint-Saëns,
951 3015 60 54 créé
1042 3018 132 49 tout
1207 3014 422 53 dernièrement
1662 3032 75 35 au

2104 3170 48 55 T.
2200 3172 67 52 B.
