2654 4031
287 1073 1054 135 FÉLICIEN
1522 1111 681 104 DAVID

592 1324 257 55 D'APRÈS
902 1338 70 42 SA
1020 1338 563 42 CORRESPONDANCE
1636 1326 255 54 INÉDITE

581 1497 80 39 ET
718 1497 192 42 CELLE
966 1498 85 41 DE
1114 1498 110 42 SES
1283 1498 153 42 AMIS
1494 1481 393 70 (1832-1864)

570 2051 193 42 AMAIS
801 2034 144 54 dans
987 2033 279 56 l'histoire
1299 2033 73 56 de
1414 2033 56 55 la
1513 2034 267 73 musique
1824 2034 445 73 symphonique,

613 2119 61 49 et
713 2113 531 71 particulièrement
1300 2131 71 37 en
1427 2114 239 68 France,
1723 2132 76 37 on
1852 2131 74 37 ne
1959 2114 90 55 vit
2076 2116 194 53 succès

613 2193 316 56 semblable
999 2196 34 52 à
1088 2192 146 56 celui
1268 2193 102 71 qui
1422 2193 305 70 accueillit,
1780 2194 52 55 le
1883 2194 34 55 8
1969 2194 301 55 décembre

617 2274 162 69 1844,
816 2272 58 54 la
907 2273 280 71 première
1221 2273 307 55 exécution
1565 2273 80 55 du
1916 2273 71 56 de
2021 2273 249 56 Félicien

614 2353 215 56 David.
865 2354 86 54 La
984 2352 168 56 veille
1187 2371 223 51 encore,
1446 2353 53 55 le
1532 2353 173 71 jeune
1748 2358 208 51 auteur
1991 2353 73 56 de
2115 2358 155 51 cette

202 2460 23 28 «
246 2433 484 76 ode-symphonie
768 2455 23 29 »
857 2433 147 56 était
1069 2451 81 38 un
1218 2433 254 56 inconnu
1538 2451 148 53 pour
1735 2433 54 55 le
1837 2433 187 73 grand
2072 2433 197 73 public

200 2517 254 72 parisien
505 2539 14 45 ;
598 2514 55 55 le
722 2513 350 69 lendemain,
1144 2512 52 55 le
1267 2512 116 56 soir
1453 2513 208 70 même,
1735 2531 106 37 son
1911 2531 140 37 nom
2122 2513 147 55 était

202 2598 147 54 dans
400 2601 197 49 toutes
646 2592 81 55 les
776 2592 254 55 bouches
1054 2614 15 46 ;
1121 2597 60 48 et
1229 2592 263 71 pendant
1543 2592 99 55 des
1691 2592 168 70 mois,
1910 2592 195 56 tandis
2156 2610 113 54 que

200 2678 244 54 l'œuvre
498 2672 266 57 nouvelle
819 2673 331 70 parcourait
1204 2672 514 71 triomphalement
1769 2673 58 55 la
1879 2672 276 72 province
2207 2677 62 51 et

199 2758 329 69 l'étranger,
579 2753 164 55 Paris
807 2770 75 37 ne
927 2770 61 37 se
1032 2752 201 56 lassait
1279 2770 105 54 pas
1432 2752 134 55 d'en
1615 2752 306 72 applaudir
1967 2770 114 37 une
2126 2751 143 56 série

202 2834 358 56 d'auditions
604 2833 377 55 fructueuses.

312 2914 200 56 David
560 2911 263 56 trouvait
871 2911 249 56 aussitôt
1167 2930 81 35 un
1296 2911 336 72 biographe,
1684 2912 146 55 dans
1878 2912 57 53 la
1984 2928 284 54 personne

200 2997 143 55 d'un
400 2996 73 53 de
524 3011 90 37 ses
679 2992 432 71 compatriotes,
1178 2992 221 57 Silvain
1439 2992 444 56 Saint-Etienne
1948 2991 320 56 marchand

200 3076 73 54 de
306 3075 268 69 musique
608 3073 36 52 à
687 3071 132 68 Aix,
875 3071 316 72 biographe
1242 3071 214 72 auquel
1507 3071 43 54 il
1583 3088 147 39 nous
1765 3072 130 53 faut
1929 3075 336 66 emprunter

199 3155 280 72 quelques
529 3152 207 55 détails
783 3151 343 56 nécessaires
1175 3153 35 54 à
1256 3151 404 72 l'intelligence
1709 3152 73 53 de
1829 3151 57 54 la
1933 3166 298 55 correspon-

199 3236 184 54 dance
421 3233 233 71 publiée
692 3231 74 54 ici
804 3249 147 53 pour
989 3229 59 56 la
1084 3229 280 73 première
1403 3232 128 67 fois,
1575 3231 227 71 d'après
1840 3231 83 54 les
1961 3229 303 73 originaux

199 3315 304 55 conservés
541 3311 204 72 depuis
781 3316 284 67 quarante
1081 3329 104 38 ans
1209 3311 105 56 àla
1329 3311 411 72 Bibliothèque
1761 3312 71 55 de
1851 3308 287 57 l'Arsenal
2159 3311 101 68 (i).

306 3497 58 44 (1)
385 3495 137 37 Fonds
543 3491 202 48 Enfantin
749 3520 8 14 ,
780 3494 226 33 contenant
1029 3495 94 33 tous
1142 3492 58 36 les
1219 3492 165 49 papiers
1404 3492 72 36 des
1495 3490 381 38 Saint-Simoniens.
1899 3490 116 37 Nous
2033 3500 54 26 ne
2106 3490 155 36 devons

196 3561 76 37 pas
291 3549 160 37 oublier
472 3559 84 27 non
578 3547 94 49 plus
693 3545 42 38 la
756 3544 243 49 biographie
1022 3544 51 40 de
1096 3546 153 44 D9vid>
1272 3545 165 50 publiée
1459 3556 76 40 par
1556 3546 211 39 AZEVEDO
1789 3556 51 27 en
1868 3544 98 49 1863
1993 3542 189 49 (Edition
2205 3543 56 39 du

196 3604 250 46 Ménestrel)*
