2654 4031
697 1297 870 97 PUBLICATIONS
1666 1300 637 96 RECENTES

456 1731 254 54 HECTOR
747 1732 271 55 BERLIOZ
1085 1732 104 54 Les
1227 1734 203 53 années
1466 1734 380 70 romantiques
1885 1736 365 71 (1819-1842)
2290 1739 192 54 Corres-

572 1812 306 68 pondance
907 1811 230 70 publiée
1166 1830 106 51 par
1302 1812 194 69 Julien
1524 1812 248 68 Tiersot;
1804 1815 181 70 Paris,
2016 1818 284 53 Calmann
2330 1819 181 70 Lévy.

452 1889 163 68 JEAN
649 1905 446 40 CHANTAVOINE.
1129 1891 323 69 Beethoven,
1488 1891 180 69 Paris,
1702 1892 202 56 Alcan.

455 1969 240 68 JAQUES
742 1971 344 54 DALCROZE.
1853 1971 403 71 Gymnastique

577 2049 182 68 portée
802 2049 288 53 musicale.
1248 2050 104 52 Les
1399 2068 242 52 gammes
1687 2056 47 47 et
1781 2051 76 54 les
1902 2054 278 68 tonalités,
2229 2055 56 53 la
2313 2056 202 69 phrase

710 2131 47 48 et
931 2127 77 52 les
1188 2145 158 36 nuances.
1347 2129 104 68 164
2167 2130 269 52 Ma
2437 2135 80 69 Neuchatel,

577 2206 248 69 Sandoz,
858 2206 217 53 Fabien
1107 2212 57 47 et
1195 2206 113 55 Cie.

560 2366 110 52 Les
708 2366 230 54 articles
976 2366 100 70 qui
1114 2366 244 55 traitent
1399 2369 70 53 de
1508 2369 56 52 la
1602 2369 268 70 musique
1910 2373 147 53 dans
2093 2373 82 53 les
2213 2390 207 38 revues
2458 2380 56 47 et

449 2444 385 69 périodiques,
892 2445 146 53 ainsi
1095 2463 112 52 que
1263 2446 81 52 les
1400 2465 283 52 ouvrages
1742 2450 69 52 de
1869 2450 373 71 musicologie
2299 2453 215 53 faisant

449 2524 134 69 déjà
628 2525 204 68 l'objet
882 2525 174 53 d'une
1103 2525 421 71 bibliographie
1574 2527 268 55 détaillée
1891 2530 145 53 dans
2084 2549 106 36 nos
2237 2533 277 53 bulletins

446 2602 479 55 internationaux
953 2625 13 47 ;
1014 2623 145 34 nous
1206 2605 246 55 n'avons
1512 2606 134 71 jugé
1707 2610 35 51 à
1800 2627 213 52 propos
2062 2611 69 52 de
2178 2613 336 68 reproduire

450 2680 72 53 ici
566 2699 69 34 en
694 2682 233 68 double,
967 2699 63 35 ce
1067 2682 337 69 répertoire,
1443 2685 102 69 qui
1582 2686 212 52 n'offre
1838 2704 107 52 pas
1980 2687 51 54 le
2070 2689 191 53 même
2294 2689 215 54 intérêt

450 2779 147 52 pour
638 2767 133 47 tous
812 2780 104 36 nos
957 2762 264 54 lecteurs.
1265 2764 162 53 Nous
1467 2783 148 35 nous
1655 2766 318 54 bornerons
2015 2769 149 53 donc
2205 2770 36 52 à
2280 2788 64 35 ce
2383 2770 129 53 bref

451 2842 203 52 accusé
680 2841 71 53 de
779 2841 296 70 réception
1108 2842 98 54 des
1237 2842 397 69 publications
1688 2845 101 71 qui
1843 2865 147 36 nous
2030 2854 133 47 sont
2201 2851 309 69 envoyées,

450 2938 71 35 en
576 2940 39 51 y
670 2922 271 69 ajoutant
973 2922 33 52 à
1071 2921 329 55 intervalles
1467 2924 269 70 réguliers
1790 2926 99 54 des
1973 2934 264 65 comptes
2298 2930 214 53 rendus

451 3000 141 53 d'un
640 3002 293 53 caractère
980 3001 250 71 général,
1275 3019 221 37 comme
1540 3004 143 53 celui
1720 3004 100 71 qui
1862 3006 192 69 parait
2098 3006 143 55 dans
2285 3009 52 52 le
2388 3009 93 68 pré-

451 3084 126 47 sent
629 3080 239 52 numéro
902 3096 133 37 sous
1074 3080 49 53 le
1154 3080 135 52 titre
1315 3105 10 32 :
2302 3081 212 55 Esthéti

449 3235 280 54 ANTOINE
775 3237 417 70 FRANCISQUE,
1236 3240 76 52 Le
1359 3240 196 55 Trésor
1599 3242 268 70 d'Orphée
1914 3244 210 68 (1600),
2170 3263 147 52 pour
2359 3245 148 69 luth,

559 3315 271 54 transcrit
874 3335 146 51 pour
1066 3317 174 70 piano
1281 3335 105 52 par
1428 3320 180 53 Henri
1648 3322 138 54 Ouït
1795 3322 146 54 tard.
1990 3324 178 67 Paris,
2205 3325 309 53 L.-Marcel

558 3396 201 52 Fortin
808 3401 57 48 et
915 3397 39 54 C
1082 3397 53 69 6,
1188 3397 286 56 Chaussée
1535 3400 261 56 d'Antin.
1860 3404 423 76 (Publications
2332 3405 69 52 de
2455 3405 56 52 la

675 3474 211 54 Société
1157 3476 451 55 Internationale
2138 3479 65 52 de
2351 3480 163 53 Musi
