2654 4031
674 279 250 58 FÉLICIEN
948 299 169 41 DAVID
1140 298 69 40 ET
1229 302 100 38 LES
1356 303 480 40 SAINT-SIMONIENS

2284 358 0 0 113

216 441 227 71 publiés
471 444 137 56 chez
636 445 358 75 Schlesinger
1021 454 59 51 et
1108 450 138 56 chez
1273 451 266 71 Benacci,
1571 453 34 54 à
1633 453 185 72 Lyon,
1847 453 82 55 lui
1955 453 328 57 fournirent

216 522 280 73 quelques
537 525 264 71 maigres,
845 530 117 53 très
1003 530 245 72 maigres
1289 549 335 38 ressources.
1668 534 199 70 Enfin,
1911 536 166 69 après
2121 536 162 54 avoir

216 602 162 70 copié
415 604 296 56 lui-même
748 611 195 52 toutes
979 610 80 55 les
1094 611 219 74 parties
1351 613 70 53 de
1458 613 57 54 la
1550 615 344 70 symphonie
1931 633 71 35 en
2136 633 147 53 pour

214 681 56 54 la
316 682 141 55 faire
504 685 269 53 exécuter
816 686 54 54 le
917 703 29 38 l
947 700 43 26 er
1037 690 301 55 décembre
1386 693 162 68 1843,
1596 710 75 37 au
1718 694 456 70 Conservatoire,
2223 700 58 50 et

213 765 208 52 trouvé
459 765 80 55 les
579 765 141 55 trois
758 766 156 56 mille
952 769 191 56 francs
1183 771 343 55 nécessaires
1564 774 209 70 auprès
1812 775 71 54 de
1921 793 88 37 ses
2048 776 233 54 anciens

212 842 515 72 coreligionnaires,
795 865 23 30 «
840 846 101 55 des
1005 850 488 70 empêchements,
1562 851 99 55 des
1726 854 551 71 embrouillements,

212 921 166 55 étant
412 942 301 52 survenus,
753 925 87 55 dit
876 928 289 71 Azevedo,
1201 930 52 53 le
1289 934 232 49 concert
1555 931 225 72 projeté
1817 934 91 53 fut
1944 934 171 56 remis
2151 936 36 53 à
2221 935 56 54 la

209 1003 189 54 même
452 1005 223 71 époque
730 1006 71 54 de
853 1008 224 55 l'année
1130 1010 268 53 suivante
1425 1032 10 31 :
1491 1028 72 35 ne
1615 1029 146 37 nous
1813 1014 304 72 plaignons
2169 1033 106 53 pas

209 1080 71 55 de
323 1099 64 37 ce
430 1089 438 67 contre-temps,
913 1086 40 54 il
995 1088 93 54 fut
1131 1088 207 54 fécond
1383 1090 99 67 (1).
1507 1109 22 29 »

282 1163 94 53 En
419 1165 143 53 trois
595 1183 76 35 ou
727 1171 211 65 quatre
962 1169 165 68 mois,
1154 1169 211 53 d'avril
1388 1170 34 51 à
1458 1169 189 70 juillet
1675 1171 164 70 1844,
1873 1190 98 37 sur
1992 1192 82 37 un
2095 1174 175 57 livret

207 1259 114 52 que
363 1243 81 54 lui
494 1244 224 54 fournit
772 1264 82 36 un
909 1248 208 53 ancien
1162 1248 513 71 Saint-Simonien,
1745 1251 265 72 Auguste
2081 1254 184 71 Colin,

205 1321 200 57 David
454 1325 207 53 écrivit
703 1326 71 59 1'«
795 1328 484 71 ode-symphonie
1301 1350 22 28 »
1380 1328 47 54 le
1472 1330 213 54 Désert.
1729 1331 162 55 Nous
1949 1350 183 39 avons
2178 1337 89 53 dit

203 1418 79 37 au
329 1403 185 54 début
550 1405 69 53 de
644 1423 91 35 ces
765 1411 171 49 notes
971 1408 135 69 quel
1129 1409 195 52 succès
1362 1406 357 71 instantané,
1766 1410 179 70 inouï,
1978 1414 290 55 accueillit

202 1480 57 55 la
301 1484 283 68 première
612 1486 219 69 grande
885 1504 199 37 œuvre
1127 1488 72 53 de
1221 1486 216 55 David.
1480 1488 112 53 Les
1614 1489 235 55 anciens
1886 1491 347 56 Saint-Simo-

204 1560 164 56 niens
407 1563 250 54 fêtèrent
697 1582 225 38 comme
960 1565 40 53 il
1038 1566 308 55 convenait
1385 1566 51 54 le
1475 1568 290 70 triomphe
1806 1570 69 54 de
1914 1570 123 55 leur
2074 1574 166 52 coreli-

202 1641 315 71 gionnaire,
562 1649 60 48 et
665 1644 302 56 l'aidèrent
1012 1646 35 52 à
1089 1663 59 37 se
1192 1645 342 55 débrouiller
1578 1648 145 53 dans
1765 1649 81 53 les
1870 1651 200 69 procès
2091 1651 145 55 inter-

200 1721 284 56 minables
536 1724 100 71 qui
687 1725 285 71 surgirent
1023 1731 160 49 entre
1233 1726 80 52 lui
1365 1731 57 49 et
1474 1744 121 51 son,
1634 1728 422 57 collaborateur
2084 1731 178 70 Colin,

202 1801 262 70 d'abord,
503 1804 130 70 puis
671 1823 143 35 avec
851 1823 88 37 ses
978 1805 269 69 éditeurs,
1287 1805 79 53 les
1404 1806 297 70 Escudier,
1741 1809 100 70 qui
1879 1828 59 36 se
1974 1810 291 71 justifient

199 1880 147 56 ainsi
386 1883 146 54 dans
570 1884 80 54 les
1202 1885 303 53 Souvenirs
1032 1885 70 53 de
1141 1885 121 53 l'un
1303 1885 172 55 d'eux
1502 1907 10 33 :

310 2022 21 30 «
355 2003 216 71 Malgré
621 2021 63 37 sa
734 2005 219 71 qualité
1018 2006 70 52 de
1152 2005 504 71 Saint-Simonien,
1708 2008 100 70 qui
1864 2011 100 53 eût
2034 2011 79 54 dû
2181 2012 81 55 lui

198 2097 225 38 assurer
449 2101 76 36 au
551 2083 189 54 moins
765 2083 191 70 l'aide,
984 2085 52 53 le
1064 2102 275 36 concours
1367 2086 72 53 de
1465 2104 88 35 ses
1580 2086 174 54 frères
1779 2088 483 70 phalanstériens,

195 2161 228 56 insinue
476 2163 160 54 Léon
691 2165 295 68 Escudier,
1046 2166 76 52 M.
1181 2165 249 54 Félicien
1484 2166 216 70 David,
1757 2168 101 70 qui
1914 2171 144 53 était
2114 2171 149 55 alors

194 2239 127 73 logé
378 2243 146 54 dans
580 2260 114 37 une
749 2243 326 69 mansarde,
1132 2261 60 37 se
1248 2245 262 54 trouvait
1566 2246 299 56 tellement
1920 2250 142 69 gêné
2119 2251 143 70 qu'il

193 2321 83 54 lui
317 2322 147 55 était
505 2322 335 72 impossible
884 2323 71 55 de
995 2341 181 55 payer
1215 2325 81 53 les
1338 2325 309 55 musiciens
1691 2327 70 53 de
1804 2346 104 36 son
1952 2330 308 71 orchestre,

193 2406 261 65 partant,
504 2402 72 53 de
622 2402 319 71 multiplier
984 2403 80 55 les
1112 2403 294 55 auditions
1454 2405 80 53 du
1841 2408 52 54 Il
1939 2426 203 55 essaya
2190 2411 72 53 de

191 2481 220 54 vendre
457 2499 66 36 sa
567 2482 149 53 belle
762 2482 283 70 partition
1068 2505 15 47 ;
1131 2483 41 54 il
1219 2483 208 71 frappa
1474 2502 117 36 aux
1637 2492 197 64 portes
1882 2487 71 55 de
2000 2493 133 50 tous
2179 2490 81 54 les

193 2560 254 54 éditeurs
478 2561 73 54 de
581 2562 267 71 musique
872 2584 14 47 ;
919 2563 146 54 mais
1097 2580 71 37 en
1200 2565 156 67 vain,
1389 2565 42 52 il
1461 2565 130 53 vint
1623 2566 150 54 alors
1804 2585 145 37 nous
1982 2572 236 51 trouver
2242 2593 14 45 ;

190 2657 149 37 nous
390 2642 82 53 lui
523 2642 258 53 offrîmes
834 2642 180 55 douze
1066 2648 162 50 cents
1280 2645 209 53 francs.
1544 2646 183 70 Après
1780 2648 165 54 avoir
1996 2650 260 53 consulté

189 2720 53 53 le
289 2721 142 54 Père
476 2721 306 70 Enfantin,
830 2727 60 48 et
936 2723 256 54 d'autres
1239 2725 164 67 amis,
1450 2723 41 54 il
1536 2741 60 37 se
1643 2725 203 54 décida
1892 2728 35 53 à
1973 2734 281 64 accepter.

188 2801 53 52 A
278 2800 186 71 partir
504 2800 72 54 de
614 2817 65 37 ce
717 2807 261 48 moment
1019 2803 49 52 le
1106 2803 193 54 Désert
1303 2849 14 23 ,
1359 2808 132 49 tout
1531 2821 70 36 en
1640 2811 224 48 restant
1902 2824 114 37 une
2057 2826 199 36 œuvre

189 2880 71 53 de
294 2881 187 70 grand
514 2881 224 70 mérite,
776 2881 202 54 devint
1013 2883 154 54 aussi
1200 2901 114 36 une
1350 2883 313 55 excellente
1698 2886 203 53 affaire
1936 2892 59 49 et
2030 2905 225 37 comme

186 2958 223 56 édition
449 2966 60 48 et
551 2977 225 37 comme
815 2962 321 53 exécution.
1181 2962 336 55 Excellente
1555 2980 149 53 pour
1742 2965 285 70 l'éditeur,
2070 2968 151 53 excel-

185 3038 156 56 lente
386 3057 150 54 pour
580 3041 52 53 le
678 3042 405 69 compositeur,
1131 3042 101 71 qui
1277 3047 195 48 toutes
1519 3042 80 55 les
1644 3043 108 55 fois
1799 3045 142 71 qu'il
1987 3046 267 71 dirigeait

183 3118 332 56 l'orchestre
565 3120 264 54 touchait
880 3139 113 36 une
1037 3122 186 70 prime
1271 3122 71 53 de
1389 3123 198 56 MILLE
1635 3123 265 59 FRANCS.
1943 3126 77 53 M.
2058 3126 197 56 David

288 3269 58 46 (I)
363 3269 223 41 AZEVEDO,
610 3269 25 35 l.
655 3280 30 24 c.
706 3268 54 36 M.
782 3268 58 47 J.-
858 3269 47 36 B.
925 3269 232 37 Weckerlin
1176 3282 50 24 en
1244 3282 24 24 a
1286 3271 136 35 donné
1440 3281 80 25 une
1538 3271 251 47 explication
1809 3276 92 32 tout
1919 3276 118 33 autre
2055 3278 41 31 et
2115 3278 93 33 tout
2227 3276 25 35 à

179 3320 41 37 la
238 3321 178 48 louange
435 3323 52 35 de
507 3322 152 41 David,
682 3322 83 46 qui,
789 3322 103 35 dans
912 3333 45 25 sa
976 3323 214 42 modestie,
1214 3325 77 34 dut
1311 3323 280 37 évidemment
1611 3325 39 35 la
1672 3325 102 36 taire
1794 3326 26 35 à
1838 3327 192 35 Azevedo
2075 3339 18 24 «
2111 3327 137 45 Taste,

178 3374 198 36 l'homme
401 3376 51 35 de
476 3375 156 42 lettres,
660 3379 118 31 avait
802 3375 103 36 écrit
929 3376 25 35 Y
958 3377 183 37 Histoire
1164 3379 67 35 des
1259 3381 190 43 quarante
1474 3378 195 44 fauteuils
1694 3380 44 34 de
1766 3380 25 34 V
1795 3380 213 36 Académie
2033 3381 215 45 française,

178 3428 106 36 mais
301 3428 30 35 il
349 3429 136 36 fallait
505 3429 100 35 trois
623 3428 113 35 mille
753 3429 136 35 francs
906 3440 106 36 pour
1030 3431 102 35 faire
1149 3430 213 47 imprimer
1380 3434 65 32 cet
1464 3441 180 37 ouvrage
1663 3442 9 33 ;
1692 3443 56 32 or,
1769 3433 112 35 voilà
1899 3443 8 26 :
1927 3433 178 36 l'auteur
2122 3446 52 23 ne
2190 3436 60 36 les

177 3480 117 37 avait
309 3492 147 37 pa5.....
475 3482 181 36 Félicien
673 3482 139 36 David
827 3483 82 35 alla
923 3483 58 35 lui
996 3483 117 35 offrir
1128 3494 63 25 ses
1207 3483 101 36 trois
1322 3483 113 35 mille
1449 3484 148 43 francs,
1616 3485 71 47 qui
1702 3485 138 37 furent
1857 3497 50 25 en
1923 3486 100 37 effet
2039 3488 210 47 employés

177 3535 26 35 à
228 3534 191 38 l'édition
445 3537 51 34 de
523 3536 25 35 Y
552 3536 180 35 Histoire
759 3537 66 34 des
854 3541 189 42 quarante
1069 3537 193 45 fauteuils
1289 3538 44 35 de
1362 3537 25 35 V
1392 3537 212 36 Académie
1630 3539 201 45 française
1850 3551 9 32 ;
1887 3544 148 44 quatre
2060 3541 187 38 volumes

176 3587 252 49 in-B°parus
445 3601 50 25 en
517 3591 111 44 1844.
647 3600 17 26 »
683 3589 55 47 (J.
757 3610 15 7 -
791 3589 47 36 B.
870 3590 288 44 WECKERLIN,
1176 3590 171 37 Dernier
1362 3590 240 38 Musiciana
1606 3621 8 14 ,
1632 3602 41 37 p.
1692 3593 152 46 68-69).
