2654 4031
652 304 249 51 FÉLICIEN
930 319 169 37 DAVID
1129 320 68 37 ET
1226 319 100 39 LES
1355 320 481 38 SAINT-SIMONIENS

2178 318 91 51 125

560 465 329 52 FELICIEN
931 468 223 52 DAVID
1196 470 95 50 AU
1336 470 186 50 PERE
1563 469 359 52 ENFANTIN

2133 569 126 62 1844

568 633 141 57 Père,

301 736 80 49 On
417 752 82 34 me
534 738 254 51 demande
822 741 47 48 le
904 743 213 51 nombre
1152 744 88 49 des
1275 744 170 63 places
1481 746 64 48 de
1579 744 183 50 balcon
1799 761 129 47 pour
1952 744 74 50 les
2060 742 229 61 Arabes,

202 804 32 47 à
257 804 189 48 retenir
471 807 87 59 (i).
584 805 44 47 Il
649 805 230 51 faudrait
901 824 54 32 se
974 811 150 48 hâter
1148 828 10 38 ;
1184 826 85 33 car
1291 826 67 31 on
1379 811 188 49 retient
1590 812 120 62 déjà
1729 812 72 48 les
1824 812 188 63 places.

302 870 242 61 Veuillez,
568 874 52 62 je
643 889 129 33 vous
797 875 107 63 prie
927 878 195 48 donner
1143 878 52 48 la
1217 894 216 49 réponse
1454 894 69 35 au
1546 885 225 58 porteur.

614 940 161 50 Votre
798 943 79 48 âls
901 945 198 47 dévoué

755 1009 35 48 f.
818 1010 197 48 DAVID.

346 1084 209 52 Adresse
730 1103 99 31 :
830 1090 156 48 Monsieur
1014 1091 268 57 Enfantin,

606 1155 113 48 Rue
747 1155 179 50 Neuve
954 1157 89 48 des
1070 1157 160 61 petits
1264 1157 231 64 champs,
1524 1172 62 49 39

1275 1225 159 49 Paris.

1866 1320 168 65 [même
2051 1321 225 65 époque),

567 1381 129 49 Cher
727 1397 136 47 pere,

301 1473 65 63 Je
386 1489 65 31 ne
473 1475 100 47 sais
598 1480 258 46 comment
879 1476 126 48 faire
1028 1479 240 58 parvenir
1291 1492 80 34 ces
1393 1477 179 49 lettres
1597 1485 52 42 et
1673 1480 175 47 envois
1872 1480 31 47 à
1923 1480 109 48 leur
2056 1480 219 49 adresse.

202 1541 291 58 Tirez-moi,
516 1542 52 62 je
590 1557 129 32 vous
742 1543 123 61 prie,
892 1543 330 49 d'embarras,

478 1625 32 31 a
535 1623 129 33 vous
691 1609 61 47 de
777 1623 155 42 cœur,

421 1688 199 50 felicien
654 1686 174 52 David,

1754 1786 328 65 [184..-185..]

565 1848 130 48 Cher
718 1863 136 49 pere,

301 1941 413 61 permettez-moi
756 1941 63 48 de
855 1957 128 33 vous
1019 1943 385 49 recommander
1420 1960 69 32 un
1532 1946 63 47 de
1631 1961 107 33 mes
1773 1946 206 48 anciens
2016 1947 260 53 choristes,

206 2007 51 47 M
259 2017 17 23 r
305 2008 278 64 Lavergne,
614 2008 35 47 il
678 2008 265 48 désirerait
971 2011 107 47 être
1108 2011 233 63 employé
1371 2012 128 48 dans
1526 2028 71 32 un
1627 2014 201 47 chemin
1856 2014 63 49 de
1947 2014 90 58 fer,
2069 2020 51 43 et
2148 2030 129 47 pour

205 2088 320 36 commencer
562 2074 35 47 il
637 2089 52 33 se
728 2077 344 47 contenterait
1113 2077 63 47 de
1216 2093 115 46 peu.
1373 2078 52 47 Si
1463 2094 130 32 vous
1633 2081 219 60 pouviez
1889 2081 128 48 faire
2056 2081 220 62 quelque

205 2140 151 50 chose
379 2155 129 50 pour
530 2140 89 56 lui,
643 2157 129 33 vous
794 2158 83 33 me
901 2144 151 48 feriez
1066 2144 183 62 .plaisir
1272 2149 52 43 et
1346 2161 130 31 vous
1498 2145 45 50 le
1567 2147 200 48 tireriez
1790 2148 330 52 d'embarras.

807 2227 30 31 a
863 2225 129 35 vous
1019 2210 63 50 de
1109 2225 156 43 cœur,

334 2288 196 49 felicien
569 2288 172 50 David

346 2456 63 63 (A
548 2455 95 48 suiv

1670 2462 137 61 J.-G.
1849 2463 360 51 Prodhomme.

315 2630 13 45 (
338 2639 13 26 i
361 2630 13 45 )
389 2629 84 37 Des
487 2629 113 37 chefs
614 2630 157 42 arabes,
788 2629 108 37 alors
911 2630 25 36 à
951 2629 130 43 Paris,
1099 2630 241 41 assistèrent
1358 2634 25 38 à
1397 2635 41 36 la
1454 2637 174 37 seconde
1644 2637 190 38 audition
1851 2638 56 36 du
2088 2635 37 39 le
2141 2646 50 36 29
2206 2635 46 36 dé-

205 2682 166 37 cembre
391 2684 112 44 1844,
522 2693 54 26 au
591 2682 364 39 Théâtre-Italien.
