2654 4031
991 283 256 36 MERCURE
1284 280 233 37 MUSICAL
1551 281 67 34 ET
1658 279 46 34 S.
1752 280 39 32 I.
1838 279 62 34 M.

434 292 94 50 154

428 437 172 39 théorie
630 432 210 42 musicale
870 431 76 39 des
977 428 148 39 Grecs.
1162 428 92 37 Soc.
1289 425 129 47 Lille,

436 499 122 48 1853,
582 507 44 40 p.
657 505 79 36 179
760 494 47 35 et
833 492 94 48 568.

485 555 65 39 LA
595 554 127 38 FAGE
769 550 69 48 (A.
887 549 95 46 DE).
1031 547 84 38 Les
1160 547 160 38 danses
1367 545 54 37 de

429 614 27 37 r
462 613 183 49 antique
689 611 194 49 Egypte.
938 609 47 39 S.
1035 607 49 38 L.
1127 607 56 39 B.
1190 635 11 19 f
1252 609 35 34 t.
1334 604 85 49 XI,

431 686 40 38 p.
516 682 126 29 LXIX.

489 733 66 36 LE
560 740 165 28 COMTE.
764 726 249 39 Différence
1049 725 54 38 de
1137 724 44 38 la
1214 723 207 50 musique

433 792 76 36 des
541 790 145 38 Celtes
716 790 47 35 et
795 787 76 38 des
903 785 135 39 Grecs
1070 795 109 28 avec
1209 783 41 38 le
1282 783 140 37 chant

433 848 269 40 ambroisien
726 849 46 35 et
795 844 332 51 mozarabique,
1152 843 56 38 de
1231 841 190 39 celles-ci

432 920 109 26 avec
570 907 41 38 le
641 907 140 37 chant
809 903 242 53 grégorien,
1083 905 47 36 et
1160 902 55 38 de
1245 913 49 26 ce
1325 901 72 37 der-

431 968 95 36 nier
562 978 109 26 avec
705 966 44 37 la
784 964 206 50 musique
1026 962 60 39 du
1122 972 164 39 moyen
1322 958 96 53 âge.

433 1027 186 49 Congrès
672 1025 97 38 hist.
822 1024 208 50 européen
1035 1052 10 16 ,
1100 1020 139 45 Paris,
1297 1020 122 50 1836,

431 1089 34 34 t.
494 1085 64 46 11,
582 1098 44 38 p.
654 1085 202 48 265-292.

488 1145 241 37 MAGNIEN.
772 1142 225 51 Quelques
1036 1142 120 36 mots
1195 1150 76 28 sur
1310 1137 88 40 l'an-

431 1204 155 38 cienne
613 1203 206 50 musique
847 1201 78 38 des
953 1199 150 40 Grecs.
1133 1199 37 38 A
1180 1199 54 38 th.
1265 1198 153 46 Beau.,

431 1266 34 36 t.
497 1263 77 46 IV,
600 1276 43 39 p.
674 1263 96 47 267.

490 1322 126 39 PARA
618 1332 104 27 VET.
789 1321 67 38 La
920 1319 205 50 musique
1186 1317 107 39 chez
1357 1316 62 38 les

435 1382 177 38 anciens
628 1380 262 52 Egyptiens.
903 1379 45 39 5.
961 1380 56 38 A.
1031 1378 70 45 R.,
1111 1376 146 40 année
1277 1376 140 51 13/14,

438 1443 120 47 1848,
585 1453 44 39 p.
658 1452 41 38 9,
732 1452 62 36 14.

491 1501 166 37 PROFF.
681 1500 68 37 De
769 1499 44 38 la
833 1498 205 51 musique
1059 1496 106 39 chez
1184 1496 64 37 les
1268 1494 148 39 Grecs.

433 1560 117 38 Ann.
580 1560 137 37 Tours
722 1589 10 15 ,
756 1561 33 36 t.
817 1557 174 44 XXIV,
1013 1569 46 39 p.
1090 1567 91 27 122.

491 1619 285 39 ROCHEFORT
813 1618 113 47 (DE).
956 1616 85 39 Sur
1075 1615 45 38 la
1153 1613 266 52 symphonie

431 1679 80 38 des
540 1679 192 38 anciens.
765 1677 96 39 Bel.
909 1676 87 38 Let.
1050 1673 187 50 (Mém.),
1291 1670 126 48 XLI,

438 1740 122 47 1780,
585 1750 43 39 p.
659 1738 94 49 365.

490 1797 198 38 RUELLE
746 1796 132 48 (CH.).
935 1794 208 51 Rapport
1204 1803 76 27 sur
1332 1803 87 27 une

434 1857 183 38 mission
647 1868 57 25 en
736 1856 207 50 Espagne
977 1854 122 48 (mss.
1146 1853 275 37 concernant

431 1916 218 38 l'histoire
672 1915 55 38 de
748 1915 44 37 la
813 1913 206 50 musique
1042 1911 217 50 antique).
1287 1909 130 40 Miss,

436 1975 97 45 litt.,
560 1987 22 37 3
586 1983 16 17 E
622 1974 124 45 série,
769 1977 34 34 t.
830 1973 62 45 11,
921 1974 122 46 1875,
1066 1984 45 38 p.
1134 1980 99 39 497.

491 2034 197 38 RUELLE
722 2033 132 48 (CH.).
888 2032 119 38 Note
1037 2041 77 27 sur
1141 2030 45 37 la
1216 2028 205 51 musique

433 2093 111 38 d'un
564 2104 188 40 passage
777 2090 277 52 d'Euripide.
1080 2089 120 39 Ann.
1226 2088 49 38 de
1301 2088 117 38 Vass.

433 2157 112 45 pour
565 2152 384 49 Vencouragement
969 2149 71 39 des
1051 2148 141 39 études
1209 2158 212 40 grecques,

432 2214 34 36 t.
494 2211 126 46 XVI,
644 2224 43 38 p.
713 2211 68 47 96.

491 2269 185 40 SUTTER
718 2270 106 48 (D.).
866 2269 66 38 La
970 2267 206 51 musique
1214 2265 108 39 chez
1359 2264 63 40 les

435 2330 180 38 anciens
647 2332 47 36 et
727 2341 57 26 au
818 2338 165 41 moyen
1015 2338 93 39 âge.
1145 2326 83 37 1nv
1298 2326 123 47 1874,

434 2402 44 38 p.
503 2399 189 40 229-320
713 2403 10 31 ;
750 2389 122 47 1878,
897 2399 44 39 p.
968 2389 39 46 8,
1033 2387 50 37 88
1108 2387 47 36 et
1177 2394 96 39 297.

492 2446 230 40 VINCENT.
751 2447 67 38 De
842 2446 45 39 la
910 2446 205 49 musique
1140 2444 77 38 des
1242 2443 179 38 anciens

435 2507 147 39 Grecs.
610 2507 188 49 Congrès
832 2506 48 38 de
915 2506 73 39 Fr.
1017 2504 186 48 (Arras),
1227 2506 36 35 t.
1287 2502 132 45 XXI,

439 2568 123 48 1854,
591 2579 44 39 p.
669 2568 94 48 378.

491 2626 231 38 VINCENT.
764 2624 206 52 Réponse
1007 2623 27 39 à
1070 2621 58 39 M.
1169 2621 121 38 Fétis
1330 2622 91 46 (sur

432 2685 263 39 l'harmonie
718 2685 106 38 chez
846 2685 62 37 les
932 2682 212 48 anciens).
1171 2681 92 38 Soc.
1289 2679 130 46 Lille,

438 2747 122 47 1859,
584 2757 45 39 p.
660 2753 36 41 5.

488 2805 232 37 VINCENT.
767 2803 162 38 Notice
979 2812 75 28 sur
1108 2800 151 39 divers
1315 2809 103 27 mss.

433 2875 122 39 grecs
616 2863 172 39 relatifs
850 2862 28 38 à
935 2862 45 37 la
1040 2859 219 50 musique.
1324 2857 94 38 Bel.

433 2924 87 37 Let.
576 2923 200 49 (Notices
823 2924 47 36 et
920 2921 190 38 extraits
1153 2919 79 37 des
1262 2917 137 39 biblio-

432 2983 223 51 thèques),
678 2985 33 35 t.
736 2982 100 45 XV,
866 2982 122 44 1861,
1012 2992 44 40 p.
1085 2979 140 38 1-600.

646 3137 246 55 Musique
936 3134 262 55 Exotique

488 3279 211 39 BROWNE
756 3278 195 50 (Lloyd).
1010 3276 127 38 L'art
1190 3274 206 52 chorégra-

429 3339 169 51 phique
656 3339 107 38 chez
823 3339 62 37 les
946 3336 228 52 Javanais.
1236 3335 185 38 Athénée

1503 422 184 39 oriental
1717 421 282 49 (mémoires),
2031 421 138 45 Paris,
2204 423 122 46 1871,
2355 420 136 48 in-4°,

1500 494 42 39 P-
1578 494 91 38 133-

1558 541 214 39 CASARES
1821 541 94 50 (J.).
1965 540 206 50 Musique
2219 552 58 26 au
2327 540 163 50 japon.

1501 601 198 40 Annales
1728 602 48 37 de
1818 601 26 38 V
1851 599 187 39 alliance
2047 599 266 51 scientifique
2323 599 145 38 univer-

1503 660 118 46 selle,
1645 663 33 36 t.
1703 661 80 46 VI,
1812 661 122 47 1897,
1958 672 42 38 p.
2027 667 144 40 25-45.

1559 719 283 40 COMETTANT
1898 718 104 49 (O.).
2059 719 65 37 La
2178 717 206 51 musique
2435 728 58 26 en

1501 779 255 51 Amérique,
1799 781 143 36 avant
1981 777 268 51 Christophe
2290 776 199 39 Colomb.

1504 839 187 50 Congrès
1718 837 313 40 international
2058 837 69 37 des
2157 835 334 46 américanistes,

1504 898 138 45 Paris,
1669 901 34 36 t.
1731 898 61 44 11,
1824 900 122 46 1875,
1970 897 135 44 in-B°,
2129 908 44 39 p.
2200 906 96 37 274.

1560 959 169 37 HUART
1767 957 108 49 (U.).
1915 955 150 39 Etude
2101 967 75 26 sur
2209 955 112 38 trois
2357 954 109 38 musi-

1503 1017 177 39 ciennes
1751 1017 170 38 arabes.
2000 1014 194 51 Journal
2261 1013 231 52 asiatique,

1507 1079 121 45 1884,
1654 1089 44 39 p.
1732 1077 198 48 141-187.

1558 1136 278 38 MARCERON.
1871 1132 195 40 Théâtre
2098 1145 56 26 en
2185 1132 139 39 Chine
2357 1135 47 36 et
2433 1144 60 27 au

1503 1195 163 52 Japon.
1692 1196 69 38 Et.
1787 1195 94 51 Jap
1887 1225 25 14 .,
1937 1197 34 35 t.
1997 1193 79 46 VI,
2100 1206 45 37 p.
2170 1204 69 37 42.

1559 1256 220 37 PILINSKI
1833 1253 178 49 (Stan.).
2064 1253 66 37 La
2179 1251 207 51 musique
2435 1263 58 26 au

1503 1314 162 52 Japon.
1706 1315 99 37 Rev.
1850 1312 206 39 orientale
2119 1315 38 34 et
2218 1310 275 45 américaine,

1501 1374 139 44 Paris,
1685 1375 123 47 1878,
1847 1373 135 44 in-B°,
2021 1383 44 40 p.
2110 1381 78 40 317
2213 1385 11 31 ;
2262 1371 63 37 id.
2372 1371 121 47 1879,

1498 1434 134 45 in-B°,
1662 1445 43 39 p.
1738 1441 94 42 335.

1901 1587 179 43 Danse

1563 1731 256 38 ANONYME.
1852 1730 62 37 Le
1945 1729 167 38 Blason
2142 1728 77 38 des
2250 1727 161 39 danses
2438 1728 57 36 de

1504 1790 51 39 G.
1616 1790 209 37 Paradin.
1884 1787 251 39 Archives...
2195 1787 59 38 du
2307 1787 165 49 départe-

1503 1853 116 35 ment
1642 1849 59 38 du
1725 1848 152 38 Rhône
1881 1879 10 14 ,
1917 1851 33 35 t.
1990 1848 136 45 XIII,
2164 1848 123 49 1830,
2318 1858 44 40 p.
2396 1855 97 40 259.

1562 1909 256 37 ANONYME.
1884 1908 83 37 Les
2032 1907 161 38 danses
2253 1905 216 52 languedo-

1501 1968 192 38 ciennes.
1720 1968 45 50 J.
1792 1968 49 37 L.
1868 1968 38 36 8
1913 1997 25 14 .,
1970 1968 121 49 1835,
2117 1978 42 39 p.
2192 1966 198 47 160-190.

1558 2027 290 39 CHABANEAU
1892 2027 96 47 (C.).
2032 2025 120 39 Aire.
2205 2025 132 37 Deux
2393 2034 103 27 vers

1503 2087 54 38 de
1625 2087 138 38 danse
1838 2085 282 52 provençale.
2169 2084 101 39 Rev.
2326 2084 49 38 L.
2424 2084 40 37 R

1502 2149 34 36 t.
1567 2146 125 46 XVI,
1725 2147 122 47 1879,
1873 2158 43 38 p.
1950 2147 92 37 180.

1562 2206 326 37 DESMICHELS.
1935 2205 161 38 Notice
2139 2215 75 27 sur
2256 2203 46 38 la
2345 2202 151 39 Danse

1504 2265 77 39 des
1609 2264 234 39 Olivettes.
1872 2264 104 38 Ant.
2006 2264 40 48 fr
2051 2293 25 16 .,
2102 2266 36 36 t.
2167 2263 131 45 VIII,
2324 2274 44 40 p.
2397 2272 96 38 217.

1562 2324 323 39 DIOULOUFET.
1916 2323 236 38 Mémoires
2182 2333 75 27 sur
2284 2323 45 38 la
2359 2321 138 38 danse

1503 2384 225 45 candiote,
1753 2384 264 38 farandoule
2049 2383 77 37 des
2160 2382 334 38 Provenceaux.

1504 2443 135 38 Acad.
1670 2443 90 38 Aix
1765 2474 9 14 ,
1802 2445 34 36 t.
1868 2443 37 45 I,
1939 2445 122 46 1819,
2089 2454 44 39 p.
2169 2451 92 37 124.

1560 2502 77 39 Du
1673 2503 228 37 LAURENS
1938 2512 64 28 DE
2037 2512 57 27 LA
2129 2501 178 38 BARRE.
2345 2499 151 39 Etude

1503 2573 76 28 sur
1623 2562 63 38 les
1732 2563 162 37 danses
1939 2561 258 39 bretonnes.
2246 2559 101 39 Ass.
2381 2559 113 39 Bref.

1507 2624 123 45 1879,
1657 2634 42 39 p.
1730 2631 96 38 271.

1560 2679 267 40 GUICHARD.
1855 2681 63 37 Le
1945 2680 252 51 Rigaudon.
2222 2679 78 38 Ac.
2320 2678 143 50 Deiph

1505 2751 20 39 3
1531 2748 15 17 E
1595 2740 127 46 série,
1772 2743 35 36 t.
1856 2740 226 45 XXVIII,
2139 2740 124 43 1886,
2314 2749 43 40 p.
2398 2749 96 37 244.

1561 2800 229 38 LALANNE
1863 2800 101 48 (L.).
2040 2799 149 38 Ballet
2260 2797 149 39 donné
2468 2796 29 38 à

1502 2859 218 45 Munster,
1778 2871 56 26 en
1895 2860 121 47 1645.
2076 2858 172 39 Notices
2304 2856 193 51 publiées

1503 2922 112 47 pour
1656 2918 43 39 la
1740 2919 93 38 Soc.
1877 2920 48 36 de
1968 2918 207 38 l'histoire
2216 2918 48 37 de
2313 2916 181 50 France,

1504 2978 140 45 Paris,
1679 2979 123 47 1884,
1831 2979 134 44 in-B°,
1994 2990 44 39 p.
2071 2988 201 39 331-340.

1561 3037 316 38 MAGNEVILLE
1926 3038 113 47 (DE).
2089 3036 85 38 Sur
2219 3036 64 38 les
2320 3035 177 38 branles

1505 3097 55 37 de
1597 3097 163 51 village
1791 3109 56 26 en
1869 3097 131 38 basse
2022 3095 291 40 Normandie.
2340 3094 156 50 Antiq.

1503 3168 122 26 norm
1630 3187 25 14 .,
1680 3156 109 44 vol.,
1817 3155 115 50 XII,
1951 3158 121 47 1840,
2097 3167 42 40 p.
2166 3156 99 47 416.

1562 3216 172 38 ROBIN.
1779 3216 84 38 Sur
1903 3216 193 38 certains
2136 3215 87 38 airs
2265 3214 55 38 de
2360 3214 137 38 danse

1505 3274 60 39 du
1577 3275 164 39 Poitou
1755 3288 56 26 au
1822 3286 84 28 xvi
1908 3283 16 19 e
1947 3275 142 38 siècle.
2118 3274 44 39 S.
2189 3273 117 40 A.O.
2324 3272 173 49 (Bull.),

1510 3336 256 48 1859-1860,
1797 3348 43 38 p.
1872 3344 204 40 457-471.
