2654 4031
895 265 311 49 CHRONIQUE
1258 256 246 58 TCHÈQUE

2146 257 90 41 201

164 430 62 37 se
261 411 224 56 croient
520 411 269 56 offensés.
823 414 82 53 Le
939 414 148 53 VIII
1091 426 21 23 e
1146 415 264 55 contient
1443 431 81 37 un
1559 412 184 58 rondo
1778 414 36 53 à
1847 412 154 56 deux
2035 411 207 71 pianos

168 509 150 55 pour
365 491 132 55 huit
545 491 208 54 mains.
808 492 51 53 Il
906 492 110 55 fait
1066 494 189 71 partie
1305 496 71 52 de
1424 499 155 49 cette
1641 494 142 53 série
1846 490 397 57 considérable

171 572 53 55 d'
234 590 249 50 œuvres,
534 578 439 64 arrangements
1023 580 58 47 et
1129 575 418 71 compositions
1595 574 304 71 originales
1946 589 149 55 pour
2140 590 102 50 un,

171 654 156 52 deux
379 656 59 50 et
492 651 190 54 même
734 658 211 64 quatre
997 654 226 71 pianos,
1270 673 113 52 que
1435 656 282 54 Smetana
1764 670 281 55 composa
2096 668 151 56 pour

169 732 83 53 les
289 731 190 54 élèves
517 732 103 53 des
656 731 186 54 écoles
880 734 72 52 de
988 734 289 70 musique,
1317 734 144 71 qu'il
1498 734 118 53 tint
1654 735 34 52 à
1726 735 224 69 Prague
1988 734 71 53 de
2100 731 146 69 1848

172 812 34 53 à
240 811 164 68 1856,
438 812 36 53 à
506 810 298 71 Gôteborg
836 812 72 54 de
943 812 143 69 1856
1119 815 36 52 à
1188 814 162 68 1861,
1385 814 130 71 puis
1548 816 70 52 de
1650 832 271 35 nouveau
1954 815 34 51 à
2021 814 223 68 Prague

171 892 72 53 de
281 890 144 67 1863
464 891 35 52 à
538 890 162 53 1866.
739 890 174 71 Teige
949 891 52 54 le
1037 892 165 70 place
1237 910 74 36 en
1339 894 162 67 1851,
1526 894 52 52 le
1602 892 302 54 numérote
1928 905 69 56 57
2022 896 59 50 et
2101 892 115 69 l'ap-

169 970 150 71 pelle
550 971 197 52 Rondo
1020 976 146 65 pour
1391 971 56 54 la
1160 971 428 70 jeunesse,
1589 974 131 70 probablement
1721 990 90 36 sur
1812 992 77 34 une
1926 971 300 56 indication-

172 1050 298 70 originale,
520 1050 256 70 quoique
825 1050 52 53 le
924 1051 322 54 manuscrit
1293 1069 73 36 ne
1413 1058 167 64 porte
1621 1070 112 51 que
1767 1051 52 54 le
1852 1053 138 52 titre

172 1131 273 52 L'œuvre
472 1136 88 47 est
593 1130 136 70 jolie
762 1135 59 48 et
855 1133 117 50 très
1006 1131 309 54 accessible
1348 1133 34 52 à
1415 1134 100 52 des
1548 1133 338 53 débutants.
1923 1133 125 53 Elle
2081 1130 136 56 méri-

173 1209 178 54 terait
397 1209 184 54 d'être
626 1228 228 35 connue
899 1215 59 48 et
1002 1210 235 53 inscrite
1284 1229 75 34 au
1404 1211 313 70 répertoire
1763 1213 100 52 des
1908 1213 184 52 écoles
2136 1215 72 52 de
2251 1209 2 72 .

173 1290 271 70 musique
479 1289 219 71 privée,
734 1308 150 52 pour
920 1290 101 70 qui
1057 1308 93 34 ces
1185 1295 186 48 sortes
1409 1291 292 52 d'œuvres
1736 1309 73 34 ne
1844 1295 135 50 sont
2016 1293 201 69 aujour-

173 1367 165 56 d'hui
369 1387 115 52 que
516 1374 135 65 trop
684 1387 174 35 rares.

286 1450 86 52 La
405 1449 367 70 publication
809 1450 71 53 de
915 1449 57 52 la
1597 1449 317 53 Umelecka
1915 1451 141 52 commencée
2057 1469 70 36 en
2128 1468 122 54 1903

177 1529 138 52 s'est
337 1527 222 54 arrêtée
582 1527 57 54 là
662 1545 71 36 en
760 1527 161 70 1906.
948 1527 437 70 L'importance
1407 1529 72 52 de
1503 1529 280 53 Smetana
1806 1530 146 52 dans
1970 1530 281 55 l'histoire

174 1609 73 53 de
289 1608 57 53 la
386 1608 270 69 musique
698 1608 252 69 tchèque
992 1613 88 47 est
1123 1606 135 54 telle
1301 1608 143 68 qu'il
1486 1606 259 55 faudrait
1786 1625 60 36 se
1888 1610 185 67 hâter,
2117 1615 135 48 tant

176 1688 144 71 qu'il
369 1693 152 48 reste
571 1705 205 36 encore
826 1689 34 51 à
910 1688 226 69 Prague
1185 1688 73 53 de
1306 1704 89 36 ses
1444 1689 491 68 contemporains,
1985 1691 73 52 de
2105 1708 150 35 nous

176 1770 222 52 donner
446 1784 114 37 une
611 1768 217 69 grande
882 1766 222 55 édition
1153 1765 248 71 critique
1452 1768 70 53 de
1573 1784 88 36 ses
1712 1785 229 37 œuvres
1989 1769 100 70 qui
2139 1770 114 53 soit

174 1865 82 36 un
305 1851 348 51 monument
703 1846 282 54 national.
1037 1848 80 52 Le
1178 1848 157 50 Bach
1341 1892 13 22 ,
1405 1846 52 52 le
1521 1848 241 67 Mozart,
1811 1848 52 53 le
1926 1849 329 68 Beethoven,

176 1928 52 52 le
361 1926 211 54 Berlioz
573 1928 17 52 de
621 1926 58 54 la
710 1926 226 54 Maison
971 1925 311 71 Breitkopf
1314 1930 59 48 et
1407 1926 210 52 Hartel
1649 1933 133 47 sont
1805 1928 56 52 là
1893 1945 147 52 pour
2072 1929 185 54 servir

177 2008 72 53 de
277 2006 245 54 modèle.
555 2008 85 52 La
667 2005 206 55 nation
903 2005 217 53 entière
1150 2005 351 55 souscrirait.
1541 2006 93 54 On
1669 2011 210 49 trouve
1908 2009 70 52 de
2006 2009 252 70 l'argent

176 2104 148 53 pour
362 2086 102 54 des
501 2085 139 55 buts
677 2085 189 53 moins
905 2085 375 70 importants.
1320 2085 388 70 L'entreprise
1748 2088 70 52 de
1855 2086 57 54 la

191 2165 217 53 Beseda
447 2183 36 35 a
536 2165 52 52 le
644 2165 206 52 mérite
906 2164 185 54 d'être
1145 2164 358 71 magnifique
1559 2170 58 47 et
1672 2165 410 55 relativement
2136 2169 120 52 bon

177 2245 254 53 marché.
468 2244 357 56 Souhaitons
858 2245 34 52 à
925 2262 89 35 ses
1048 2249 239 48 auteurs
1321 2245 71 53 de
1424 2263 74 35 ne
1531 2262 105 53 pas
1669 2246 219 54 reculer
1921 2248 221 53 devant
2173 2248 83 53 les

178 2343 231 37 œuvres
468 2325 401 70 incomplètes,
929 2325 269 52 mutilées
1256 2343 77 35 ou
1391 2324 363 70 inachevées,
1815 2333 59 47 et
1933 2328 71 53 de
2062 2329 198 52 savoir

177 2423 150 37 nous
366 2405 224 53 donner
628 2410 198 48 foutes
864 2405 81 53 les
983 2404 317 53 variantes.
1343 2405 75 53 Ce
1458 2405 99 62 qui
1597 2405 251 58 importe
1886 2406 92 61 ici,
2018 2408 141 53 c'est
2199 2408 58 53 la

1477 2458 19 16 i-
1679 2463 19 12 À
1964 2464 12 10 J

178 2485 212 70 pensée
430 2485 71 52 de
539 2485 282 53 Smetana
859 2484 129 70 plus
1026 2502 115 52 que
1178 2484 344 70 l'agrément
1560 2484 35 52 à
1632 2485 203 53 retirer
1874 2486 69 52 de
1982 2504 104 34 son
2124 2488 97 52 exé-

178 2563 222 54 cution.
454 2564 59 53 Si
563 2582 107 52 par
718 2564 265 70 exemple
1033 2563 134 53 telle
1204 2563 186 71 petite
1423 2564 178 70 polka
2004 2566 70 54 de
2110 2565 142 69 1840

177 2644 250 53 n'existe
474 2644 141 70 qu'à
659 2644 169 52 l'état
877 2644 71 53 de
995 2644 247 53 mélodie
1296 2644 179 70 qu'on
1522 2644 57 52 la
1625 2644 198 70 publie
1870 2645 150 53 donc
2067 2645 144 53 ainsi
2238 2667 15 45 ;

179 2725 228 52 chacun
428 2724 57 53 la
506 2724 336 53 travaillera
865 2724 225 53 ensuite
1114 2725 33 51 à
1169 2742 65 34 sa
1255 2724 433 53 manière.Mais
1705 2743 111 52 que
1833 2743 145 35 nous
2001 2726 249 69 l'ayons!

179 2805 110 52 Les
315 2803 209 71 polkas
552 2804 71 53 de
651 2804 282 53 Smetana
958 2809 135 48 sont
1119 2822 150 52 pour
1294 2804 58 53 la
1378 2804 259 53 Bohème
1665 2804 358 54 renaissante
2050 2805 71 53 de
2148 2823 105 35 son

179 2889 195 65 temps
409 2900 65 36 ce
510 2902 114 50 que
659 2884 80 53 les
776 2884 311 53 mazurkas
1124 2884 70 52 de
1231 2883 226 71 Chopin
1494 2902 148 52 pour
1677 2884 57 53 la
1769 2885 253 70 Pologne
2059 2884 162 71 agoni-

179 2968 187 48 sante.
408 2963 80 52 Et
525 2964 52 51 le
614 2961 165 71 génie
817 2964 71 52 de
927 2963 281 55 Smetana
1246 2961 126 55 doit
1409 2961 81 55 lui
1528 2961 122 55 être
1688 2964 135 53 cher
1858 2964 271 71 jusqu'en
2167 2980 89 40 ses

177 3041 481 55 balbutiements.

1530 3182 282 53 William
1846 3182 253 53 Ritter.
