2654 4031
972 308 254 38 MERCURE
1261 302 234 38 MUSICAL
1529 301 68 35 ET
1635 297 48 38 S.
1727 296 44 39 I.
1814 296 62 35 M.

501 363 0 0 120

409 489 64 33 en
509 465 293 55 souffrirait,
842 477 56 31 ce
936 459 89 62 qui
1062 472 63 31 ne
1165 454 269 62 déplairait
1473 464 92 47 pas
1604 464 31 29 a
1673 460 106 32 mes
1818 444 184 47 braves
2041 437 296 64 prolétaires
2362 472 11 17 ,
2412 431 51 47 la

410 553 176 34 guerre
625 536 173 45 contre
836 527 72 47 les
946 526 195 46 fausses
1180 525 147 42 notes
1367 516 153 50 serait
1561 513 164 50 moins
1766 510 265 47 acharnee.
2073 506 300 57 Cependant
2413 513 51 46 je

412 620 81 36 me
521 602 103 49 suis
652 599 118 47 bien
798 590 306 50 transformé
1134 587 178 56 depuis
1343 599 119 31 mon
1494 582 180 64 départ
1698 595 12 39 ;
1739 577 47 47 le
1816 577 117 51 père
1965 568 240 50 Barrault
2238 569 70 59 (i)
2352 568 111 43 doit

410 685 129 33 vous
563 665 180 49 l'avoir
771 661 93 47 dit.
1894 706 10 9 .
2446 696 12 30 ,

509 736 69 45 Le
611 733 158 45 brave
805 727 166 59 Roger
1005 727 183 43 tourne
1219 722 52 45 la
1305 732 121 34 roue
1461 728 197 34 comme
1691 726 72 33 un
1797 723 111 32 vrai
1943 714 201 45 démon,
2182 714 125 33 avec
2342 710 121 50 quel

412 799 171 55 plaisir
614 797 48 57 je
691 793 88 48 l'ai
810 789 253 50 embrassé
1096 803 55 32 ce
1181 788 104 45 bon
1317 783 102 49 ami
1444 788 10 42 !
1489 781 68 47 Le
1588 776 331 51 mouvement
1950 767 212 51 musical
2194 781 52 33 se
2276 770 184 42 trouve

410 883 72 32 un
504 879 98 41 peu
628 860 179 56 arrêté,
832 874 84 32 car
940 870 215 50 presque
1176 859 118 42 tous
1316 853 72 45 les
1411 849 273 47 chanteurs
1708 840 295 49 travaillent
2027 837 179 61 depuis
2227 835 47 44 le
2298 835 167 43 matin

412 930 240 55 iusqu'au
687 927 134 55 soir;
857 924 35 47 il
925 939 65 32 ne
1023 922 115 46 faut
1172 934 93 48 pas
1301 930 179 48 songer
1515 913 32 46 à
1580 911 127 47 faire
1741 907 246 64 quelques
2021 903 317 60 répétitions,
2376 910 89 48 qui

412 1013 128 33 nous
572 999 117 44 sont
719 988 453 65 indispensables...
1207 986 141 46 Nous
1379 995 160 34 avons
1571 976 164 49 arrêté
1767 988 128 49 pour
1927 967 270 52 dimanche
2228 980 99 31 une
2359 977 72 34 ma-

413 1063 136 49 tinée
579 1058 242 52 musicale
866 1057 122 47 chez
1030 1056 50 45 M
1084 1060 41 16 rae
1913 1049 333 63 Montgolfier,
1524 1043 220 65 pianiste
1777 1042 30 45 à
1838 1040 162 60 Lyon,
2033 1037 35 44 il
2107 1037 109 43 doit
2257 1047 36 46 y
2323 1043 144 33 avoir

413 1128 248 60 plusieurs
686 1124 204 49 artistes
916 1127 51 42 et
993 1124 273 50 amateurs,
1294 1122 52 42 et
1371 1115 88 47 des
1484 1113 175 47 dames
1684 1126 10 39 ;
1720 1121 129 34 nous
1873 1115 209 36 verrons
2106 1104 16 41 1
2144 1104 136 41 ettet.

512 1194 69 47 Ils
611 1207 128 33 vous
770 1194 91 43 ont
892 1190 131 47 donc
1053 1187 95 49 mis
1179 1185 128 49 dans
1336 1197 101 31 une
1467 1178 187 49 vilaine
1683 1175 173 62 prison
1886 1174 146 43 toute
2061 1170 226 51 humide,
2321 1170 147 39 toute

414 1260 261 55 malsaine,
708 1272 143 40 vous,
887 1256 138 55 Père,
1058 1267 128 33 vous
1218 1249 88 63 qui
1338 1263 125 33 avez
1492 1241 230 51 annoncé
1753 1254 66 32 au
1851 1235 182 65 peuple
2063 1234 51 45 la
2129 1245 145 33 ruine
2304 1232 65 45 de
2390 1241 79 36 ses

416 1328 128 47 sales
572 1339 241 41 masures,
844 1336 128 46 pour
1000 1320 72 47 lui
1103 1319 190 47 donner
1322 1315 89 47 des
1440 1314 262 47 demeures
2130 1301 61 43 ils
2219 1310 129 33 vous
2378 1308 66 32 on

417 1394 174 59 séparé
620 1392 62 47 de
709 1405 93 33 vos
845 1388 195 56 enfans,
1070 1400 129 33 vous
1233 1382 152 62 qu'ils
1411 1380 193 47 aiment
1632 1378 132 52 tant,
1793 1386 130 33 vous
1950 1382 89 48 qui
2065 1378 71 35 les
2164 1377 162 33 aimez
2351 1363 119 45 bien

417 1461 306 57 davantage,
755 1456 61 47 ils
846 1457 173 45 seront
1048 1452 118 48 bien
1198 1451 236 45 contents
1465 1458 92 33 vos
1586 1443 160 61 juges,
1779 1434 177 65 quand
1985 1447 130 32 vous
2145 1443 151 33 aurez
2326 1441 144 33 réuni

417 1528 32 45 à
480 1531 148 42 votre
659 1522 207 56 famille,
902 1526 171 42 toutes
1108 1533 80 32 ces
1222 1517 132 45 têtes
1388 1513 237 47 ardentes
1659 1507 62 48 de
1753 1502 340 64 républicains
2127 1500 51 45 et
2213 1500 63 43 de
2308 1500 139 55 légiti-

418 1593 191 56 mistes,
633 1590 61 47 ils
715 1593 117 43 sont
855 1603 117 32 sans
992 1587 47 47 le
1062 1584 166 48 savoir
1250 1583 72 46 les
1344 1582 310 45 instrumens
1675 1574 64 47 de
1758 1573 52 45 la
1833 1566 329 50 Providence.

482 1687 15 11 ...
517 1656 80 49 Oh
621 1662 9 41 !
672 1656 52 46 la
765 1655 202 55 femme,
1009 1654 50 44 la
1100 1651 203 54 femme,
1348 1644 175 63 quand
1564 1655 128 33 vous
1725 1634 514 64 comprendra-t-elle,
2276 1634 196 39 ,Fere....

426 1722 255 49 T'attends
705 1738 10 40 ;
748 1720 129 47 mais
908 1722 219 44 souvent
1158 1730 124 32 avec
1313 1711 306 62 impatience
1644 1722 10 41 ;
1687 1705 35 47 il
1754 1719 80 31 me
1866 1714 147 49 passe
2045 1698 88 46 des
2166 1698 157 44 désirs
2359 1698 86 41 bru-

417 1791 183 46 lans....
640 1789 89 58 j'ai
767 1787 96 47 soif
901 1786 249 53 d'amour,
1191 1782 140 54 Père,
1371 1777 90 62 j'ai
1498 1776 118 47 bien
1654 1771 166 48 soif....
1849 1764 186 65 Quand
2070 1761 280 64 pourrai-je
2388 1772 82 34 me

421 1856 271 48 désaltérer
719 1853 18 47 ?
770 1852 131 47 Celle
930 1867 98 46 que
1057 1849 89 63 j'ai
1172 1847 177 48 laissée
1379 1846 30 44 à
1439 1842 141 47 Paris
1608 1837 183 49 n'était
1820 1849 92 47 pas
1940 1833 154 60 digne
2124 1828 34 47 d
2177 1842 71 32 un
2277 1828 196 58 apotre.

422 1923 48 55 je
498 1937 64 32 ne
590 1921 161 47 boirai
780 1935 91 43 pas
901 1918 29 46 à
953 1932 56 32 sa
1031 1931 230 45 coupe....
1292 1913 65 46 oh
1382 1916 10 41 !
1423 1924 99 47 que
1550 1907 89 62 j'ai
1666 1903 177 48 besoin
1872 1900 62 47 de
1964 1910 169 50 puiser
2163 1909 61 32 en
2253 1905 128 33 vous
2409 1896 65 41 de

422 1990 49 45 la
497 1988 249 62 patience,
774 1987 71 45 du
870 1984 175 56 calme,
1073 1983 117 47 bien
1216 1982 233 52 souvent,
1480 1976 138 53 Père,
1647 1973 127 47 dans
1801 1970 88 46 des
1915 1966 225 47 émeutes
2166 1965 102 42 très
2294 1970 180 50 graves

423 2055 88 60 qui
536 2051 296 49 s'élevaient
866 2051 121 45 chez
1020 2049 118 46 moi.
1174 2060 129 33 vous
1338 2058 124 33 avez
1495 2040 80 46 été
1609 2039 47 45 le
1689 2035 402 63 pacificateur....
2120 2030 61 57 Je
2205 2037 203 50 pensais
2444 2037 30 30 a

423 2135 144 41 vous,
602 2120 29 44 à
662 2133 128 31 vous
822 2116 121 56 seul,
977 2131 62 32 en
1070 2115 188 61 prison,
1292 2117 51 41 et
1376 2123 105 33 mes
1513 2121 113 32 sens
1659 2119 51 31 se
1734 2097 383 51 consolaient....
2144 2098 22 55 J
2197 2096 276 48 attendrai,

426 2187 138 55 Père,
601 2199 107 33 mes
743 2183 191 56 efforts,
969 2187 244 42 soutenus
1247 2194 92 45 par
1374 2180 146 43 votre
1555 2170 245 62 exemple,
1837 2182 63 31 ne
1936 2166 171 45 seront
2143 2175 91 47 pas
2270 2162 205 42 munies

424 2252 326 62 peut-être....
777 2248 188 49 Tandis
991 2264 98 45 que
1122 2247 48 61 je
1203 2242 244 51 donnerai
1480 2255 103 31 aux
1616 2234 320 50 travailleurs
1970 2229 88 47 des
2092 2228 182 46 chants
2307 2228 168 49 rudes,

424 2318 129 48 mais
590 2317 335 53 entraînansf,
957 2314 48 61 je
1038 2310 255 50 chanterai
1329 2307 216 63 quelque
1576 2304 150 47 chose
1759 2300 61 46 de
1852 2298 155 53 doux,
2040 2294 179 58 rempli
2251 2294 62 42 de
2345 2294 132 41 désir

427 2389 51 42 et
518 2383 254 47 d'attente
812 2380 30 46 à
880 2382 51 45 la
969 2380 186 46 femme
1180 2394 10 40 ;
1232 2377 92 47 elle
1363 2387 150 34 saura
1553 2385 61 32 en
1655 2366 232 60 musique
1928 2366 147 41 votre
2115 2359 316 45 devouemen
2464 2389 11 19 ,

426 2454 146 43 votre
597 2463 193 41 amour,
817 2448 48 59 je
888 2446 70 47 lui
986 2444 127 48 dirai
1136 2459 99 46 que
1259 2455 127 33 vous
1410 2436 262 64 l'appelez,
1698 2448 99 47 que
1821 2444 129 33 vous
1973 2425 294 53 l'attendez,
2294 2435 70 47 qu
2385 2425 92 40 elle

426 2531 53 32 se
507 2516 137 55 hâte,
676 2528 151 48 parce
856 2529 99 46 que
984 2526 129 33 vous
1142 2510 231 54 souffrez,
1406 2506 139 55 Père,
1578 2507 50 44 et
1660 2515 99 47 que
1788 2511 129 34 vous
1947 2493 216 49 souffrez
2191 2492 283 55 beaucoup,

426 2596 128 33 vous
582 2581 161 48 aimez
770 2584 117 41 tant
912 2584 83 41 !....
2013 2625 9 9 .
2432 2622 8 2 .

526 2648 70 46 Le
626 2648 118 60 père
777 2646 238 45 Barrault
1047 2645 103 45 m'a
1181 2641 167 48 donné
1381 2639 61 47 de
1472 2638 50 46 la
1553 2639 168 59 poésie
1753 2647 84 32 sur
1867 2629 51 47 la
1948 2627 173 62 prison
2153 2627 71 43 du
2257 2634 138 41 rere,
2428 2633 50 46 ]e

428 2714 111 46 vais
570 2727 83 32 me
685 2716 186 42 mettre
903 2726 68 32 au
1004 2709 201 56 travail,
1238 2722 72 32 un
1344 2705 61 47 de
1438 2718 80 31 ces
1551 2703 140 60 jours
1727 2700 141 58 (2)....
1893 2695 33 46 il
1956 2697 76 43 est
2065 2691 103 46 fort
2202 2698 276 48 ennuyeux

428 2779 280 47 seulement
746 2778 62 47 de
842 2793 62 31 ne
940 2792 93 47 pas
1068 2774 214 64 pouvoir
1318 2769 258 48 travailler
1613 2768 31 45 à
1675 2765 195 47 l'aise...
1909 2760 50 47 M
1964 2770 15 23 r
2013 2759 64 47 de
2112 2756 363 50 Saint-Didier,

429 2846 102 46 m'a
568 2845 149 47 offert
753 2846 63 46 de
851 2858 260 47 composer
1148 2843 121 45 chez
1301 2840 72 46 lui
1397 2854 10 41 ;
1444 2836 128 46 mais
1608 2834 107 45 cela
1749 2846 64 31 ne
1848 2844 81 30 me
1964 2841 68 32 va
2067 2838 107 48 pas.
2312 2830 165 34 crains

429 2915 233 60 toujours
694 2911 161 47 d'être
887 2910 216 61 dérangé
1134 2906 342 48 moi-même...
1509 2902 48 61 je
1589 2897 226 50 tâcherai
1847 2896 62 46 de
1941 2907 80 32 me
2053 2890 124 48 faire
2209 2888 167 61 prêter
2407 2897 71 31 un

429 2979 171 62 piano,
630 2982 52 41 et
711 2977 131 46 alors
871 2977 50 60 je
949 2991 80 31 me
1058 2972 222 48 laisserai
1310 2970 172 47 aller...
1513 2968 49 61 je
1592 2965 163 48 verrai
1783 2976 93 33 vos
1904 2973 137 33 veux
2069 2954 125 47 fixés
2223 2967 85 32 sur
2337 2963 104 33 moi
2467 2986 11 19 ,

431 3048 51 42 et
507 3045 75 61 j'y
606 3043 220 61 puiserai
850 3043 87 47 des
964 3039 327 65 inspirations
1315 3050 205 33 neuves.

527 3111 179 55 Adieu,
741 3109 138 57 Père,
910 3109 49 58 je
988 3109 140 46 n'ose
1157 3122 92 43 pas
1279 3118 179 35 encore
1487 3116 51 31 m
1543 3098 267 53 "'épancher
1840 3089 293 53 tout-à-fait
2162 3100 125 35 avec
2315 3097 163 39 vous,

540 3245 57 44 (1)
612 3243 134 36 Emile
762 3243 205 41 Barrault,
983 3243 52 35 né
1051 3243 25 35 à
1090 3242 114 36 Paris
1221 3251 48 24 en
1291 3248 107 28 1802,
1416 3237 148 34 avocat
1581 3237 41 32 et
1637 3231 234 49 publiciste,
1889 3224 155 40 fournit
2059 3223 25 36 à
2101 3221 137 36 David
2252 3219 58 35 les
2324 3222 159 42 paroles

434 3297 50 34 de
499 3297 204 45 plusieurs
718 3295 208 36 mélodies.
946 3297 33 33 Il
996 3295 63 36 fut
1076 3294 151 47 député
1244 3293 48 34 de
1307 3289 191 46 l'Algérie
1514 3298 50 24 en
1585 3288 98 43 1850
1702 3297 8 30 ;
1727 3284 52 34 fit
1796 3294 50 24 en
1867 3283 93 43 1855
1980 3289 56 24 un
2053 3285 189 27 nouveau
2258 3279 159 38 voyage
2435 3279 48 24 en

435 3349 147 35 Orient
598 3359 101 24 avec
715 3349 51 34 de
781 3349 183 46 Lesseps.
986 3349 34 33 Il
1035 3348 144 47 publia
1197 3356 49 25 en
1268 3346 95 42 1833
1382 3342 25 35 à
1423 3342 116 45 Lyon
1559 3350 7 25 :
1590 3340 109 43 1833,
1720 3349 51 23 ou
1791 3335 165 35 l'Année
1974 3332 43 35 de
2037 3330 40 34 la
2094 3330 124 33 Mere.

543 3403 57 44 (2)
617 3402 191 34 Barrault
824 3402 101 34 écrit
941 3412 52 24 au
1011 3402 99 34 Père
1127 3398 213 40 Enfantin,
1359 3397 50 33 de
1424 3406 16 23 «
1454 3395 130 45 Lyon,
1603 3402 48 26 22
1668 3389 147 37 février
1837 3389 95 42 1833
1950 3397 17 23 »
2134 3383 29 33 f.
2185 3388 85 36 123,
2286 3383 69 37 v)
2375 3386 9 25 :

540 3466 18 22 «
572 3454 136 36 David
723 3464 103 26 vous
840 3464 24 24 a
879 3454 100 34 écrit
996 3454 108 34 deux
1118 3452 79 36 fois
1211 3449 144 48 depuis
1369 3448 130 46 Lyon,
1518 3447 37 44 je
1567 3444 59 36 lui
1640 3443 40 37 ai
1694 3443 78 35 fait
1787 3444 94 44 part
1896 3440 55 33 du
1966 3445 170 40 passage
2152 3435 49 33 de
2215 3441 55 26 vo
2291 3440 43 27 re
2364 3439 20 24 e
2426 3436 58 26 re.

437 3508 57 34 Le
509 3508 125 34 chant
647 3506 100 47 qu'il
765 3518 25 24 a
807 3508 189 45 composé
1014 3518 67 24 sur
1099 3510 117 32 votre
1232 3502 139 49 prison
1390 3511 24 24 a
1430 3497 168 50 produit
1614 3509 56 24 un
1689 3495 129 47 grand
1835 3492 99 36 effet
1952 3500 69 25 sur
2039 3491 135 32 toutes
2191 3486 57 34 les
2265 3490 221 35 personnes

437 3560 70 48 qui
523 3561 102 34 l'ont
644 3561 179 34 entendu
840 3570 28 25 ».
888 3560 58 35 Cf.
965 3561 37 34 le
1019 3563 240 45 prospectus
1275 3557 70 34 des
1363 3552 194 38 Mélodies
1575 3551 51 35 de
1642 3549 117 51 1833,
1783 3557 19 37 3
1804 3553 15 18 e
1835 3543 207 39 livraison.
