2654 4031
448 344 0 0 224

947 293 260 35 MERCURE
1244 293 237 35 MUSICAL
1516 293 68 34 ET
1624 294 39 33 S.
1704 293 34 34 I.
1777 294 55 33 M.

460 444 87 52 La
590 440 385 54 candidature
1022 440 69 53 de
1137 440 155 53 Mme
1339 440 391 53 WIENER-NE
1735 452 198 55 WTON,
1978 437 303 71 présentée
2325 454 105 53 par

347 522 139 52 MM.
536 522 257 52 BOUVET
837 524 59 48 et
944 518 478 55 ECORCHEYILLE
1470 524 88 49 est
1589 518 145 54 mise
1766 537 118 36 aux
1914 517 141 55 voix
2087 522 60 49 et
2180 517 250 70 adoptée

343 601 37 52 à
420 597 387 56 l'unanimité.

459 680 76 51 M.
589 680 166 52 PAUL
803 678 257 53 MASSON
1109 678 271 70 présente
1427 696 113 36 une
1589 676 499 56 communication
2137 694 99 37 sur
2281 675 91 53 YA
2384 681 46 48 rt

365 758 65 53 de
582 758 56 54 la
773 758 186 70 poésie
1222 757 290 69 française
1883 764 48 47 et
2066 758 174 54 latine
1409 760 80 53 du
1530 758 165 55 Sieur
1734 772 84 40 DE
1859 772 76 40 LA
1975 758 214 68 CROIX,
2231 756 199 71 publié

342 855 75 34 en
453 836 163 71 1692,
653 838 35 53 à
721 838 186 69 Lyon.
944 838 104 54 Cet
1083 855 256 53 ouvrage
1373 837 359 71 didactique,
1767 855 114 53 peu
1916 855 210 50 connu,
2163 835 267 54 contient

341 916 479 55 d'intéressantes
844 917 357 54 indications
1226 935 98 36 sur
1347 918 57 54 la
1428 918 180 54 danse
1634 922 58 50 et
1715 917 83 54 les
1823 918 290 53 chansons
2138 916 34 52 à
2196 916 229 53 danser.

340 996 92 53 En
470 997 52 52 le
561 997 294 71 signalant
895 1016 118 35 aux
1051 999 363 67 chercheurs,
1456 1000 76 52 M.
1574 1000 257 52 MASSON
1870 997 237 54 soulève
2146 995 281 71 quelques

340 1076 330 70 problèmes
713 1077 301 55 d'histoire
1058 1082 58 49 et
1160 1079 71 52 de
1274 1079 358 69 rythmique,
1660 1077 103 71 qui
1789 1077 129 55 font
1946 1076 249 55 aussitôt
2219 1075 210 71 l'objet

336 1155 178 53 d'une
558 1156 340 55 discussion.

449 1236 77 52 M.
581 1237 284 54 CHARLES
917 1237 257 54 BOUVET
1225 1237 193 54 donne
1467 1237 220 54 lecture
1739 1237 177 54 d'une
1965 1235 195 54 notice
2210 1253 98 35 sur
2344 1235 81 54 les

351 1313 133 54 Fils
663 1315 65 53 de
782 1316 109 53 Bach.
892 1317 91 54 Cette
984 1316 487 55 communication
1495 1322 88 49 est
1606 1317 259 54 illustrée
1888 1334 106 52 par
2016 1334 114 35 une
2156 1313 269 56 audition

338 1393 295 56 d'oeuvres
675 1397 71 54 de
787 1396 163 69 JEAN
994 1396 360 70 CHRISTIAN,
1398 1397 71 54 de
1511 1397 295 52 PHILIPPE
1848 1399 364 52 EMMANUEL
2252 1400 61 48 et
2354 1395 72 57 de

333 1473 313 56 WILHELM
672 1477 383 52 FRIEDMANN
1081 1477 195 68 BACH,
1302 1495 141 36 avec
1471 1477 51 54 le
1549 1494 280 38 concours
1869 1479 72 52 de

332 1557 61 50 et
524 1555 334 71 Delgrange,
859 1556 11 53 de
1480 1556 189 53 Mmes
1916 1556 188 53 Lasne
1337 1562 58 49 et

446 1635 220 54 Séance
714 1636 162 53 levée
926 1636 35 52 à
1014 1653 65 35 11
1133 1636 207 53 heures
1535 1637 85 52 La
1671 1635 316 72 prochaine
2038 1635 243 54 réunion
2332 1637 90 52 est

328 1712 149 56 fixée
511 1734 74 35 au
616 1716 166 54 lundi
816 1716 68 53 18
917 1716 229 53 février.

304 3610 87 37 ïmp.
414 3613 75 29 Art.
514 3613 102 29 L.-M.
640 3614 173 30 FORTIN
835 3617 33 27 et
892 3614 68 37 Cie,
976 3617 31 34 6,
1032 3615 162 30 Chaussée
1216 3617 86 28 d'An
1309 3616 64 37 tin,
1399 3617 100 30 Paris.

1825 3621 42 29 Le
1891 3621 119 31 Gérant
2029 3632 10 20 :
2065 3623 150 29 MARCEL
2242 3622 158 32 FREKET
