2654 4031
577 318 0 0 216

1076 289 259 35 MERCURE
1371 290 238 36 MUSICAL
1644 291 68 33 ET
1751 290 41 36 S.
1831 290 33 34 I.
1905 292 59 34 M.

1332 501 271 54 ARTICLE
1662 500 84 54 IV

589 670 84 52 La
707 669 221 55 section
964 677 87 47 est
1087 673 373 54 administrée
1493 691 108 54 par
1634 692 82 34 un
1750 673 215 56 comité
1998 694 76 36 on
2108 675 241 72 bureau,
2389 696 112 39 com-

475 750 138 69 posé
644 749 71 53 de
743 753 131 66 sept
903 752 306 68 membres,
1239 754 265 54 nommés
1533 772 71 34 en
1634 753 318 55 assemblée
1980 755 283 72 générale.

587 830 76 52 Ce
692 828 212 54 comité
935 848 34 34 a
996 830 184 71 pleins
1208 834 276 70 pouvoirs
1512 849 149 55 pour
1690 832 122 71 agir
1841 852 77 36 au
1945 853 140 36 nom
2114 837 71 53 de
2212 837 59 53 la
2299 837 238 72 section,

472 905 59 55 la
570 926 352 53 convoquer,
966 910 273 56 défendre
1279 932 89 36 ses
1407 913 263 66 intérêts,
1713 918 269 66 accepter
2022 915 146 54 dons
2208 935 77 35 ou
2323 917 120 71 legs
2483 926 55 48 et

472 988 430 70 généralement
931 994 226 51 statuer
1183 1011 98 35 sur
1309 998 132 50 tout
1470 1011 64 35 ce
1563 993 102 70 qui
1693 1009 280 37 concerne
2000 994 535 59 l'administration.

587 1067 49 52 Il
663 1072 288 48 transmet
979 1069 80 55 les
1088 1070 228 55 articles
1346 1074 99 52 des
1473 1072 288 53 membres
1791 1072 171 53 actifs
1990 1074 71 54 de
2088 1074 57 54 la
2172 1074 223 55 section
2423 1095 113 38 aux

470 1142 334 59 rédacteurs
832 1152 400 67 responsables
1261 1153 99 53 des
1387 1152 395 71 publications
1810 1152 72 53 de
1909 1153 57 53 la
1992 1154 244 55 Société.

1319 1351 271 55 ARTICLE
1628 1351 53 55 V

576 1520 388 55 L'assemblée
1009 1521 263 70 générale
1317 1540 233 37 nomme
1596 1524 52 53 le
1694 1525 224 53 bureau
1963 1543 149 54 pour
2156 1545 80 36 un
2283 1547 94 35 an.
2424 1529 107 54 Les

463 1600 287 53 membres
790 1601 79 54 du
904 1600 221 55 bureau
1162 1608 134 48 sont
1332 1603 338 71 rééligibles.

1266 1801 269 54 ARTICLE
1599 1802 82 53 VI

570 1970 80 52 Le
681 1970 222 53 bureau
932 1987 60 37 se
1022 1989 271 53 compose
1324 1973 72 54 de
1423 1992 11 33 :

569 2050 96 53 Un
698 2048 315 71 président.

568 2130 96 53 Un
698 2128 466 71 vice-président.

565 2208 98 54 Un
695 2207 322 55 secrétaire.

564 2287 97 55 Un
695 2287 796 58 archiviste-bibliothécaire.

562 2367 97 55 Un
700 2367 284 55 trésorier.

560 2447 173 53 Deux
763 2447 288 55 membres
1081 2448 193 56 actifs.

1265 2654 270 55 ARTICLE
1576 2655 114 54 VII

555 2823 81 53 Le
675 2823 298 71 président
1013 2824 169 55 veille
1223 2828 35 51 à
1280 2827 57 53 la
1363 2828 199 53 stricte
1604 2828 377 55 observation
2024 2829 102 55 des
2169 2836 222 52 statuts
2417 2855 14 48 ;
2473 2833 36 53 i!

443 2920 305 54 convoque
777 2904 53 54 le
862 2904 214 55 comité
1109 2908 200 69 quand
1340 2907 39 54 il
1410 2908 53 53 le
1493 2908 135 71 juge
1661 2908 145 55 utile
1838 2927 148 53 pour
2018 2909 81 55 les
2163 2911 245 57 intérêts
2441 2916 67 53 de

439 2980 59 55 la
543 2983 224 55 section
814 3002 77 36 ou
940 2984 69 54 de
1058 2984 57 55 la
1162 2986 244 69 Société,
1457 2988 242 53 conduit
1746 2988 83 55 les
1877 2993 274 66 travaux,
2202 2992 182 72 dirige
2429 2993 78 55 les

441 3062 346 56 assemblées
820 3069 60 49 et
913 3066 329 69 représente
1274 3066 57 54 la
1363 3068 226 55 Société
1623 3086 71 37 en
1727 3073 197 50 toutes
1957 3068 447 60 circonstances.

1233 3280 272 56 ARTICLE
1557 3283 150 56 VIII

547 3445 81 54 Le
664 3447 306 54 secrétaire
1006 3452 87 48 est
1131 3448 209 71 chargé
1377 3449 72 56 de
1483 3449 59 55 la
1577 3453 498 71 correspondance
2111 3453 283 72 générale,
2433 3453 69 55 de

434 3521 59 55 la
521 3524 299 55 rédaction
849 3530 59 51 et
936 3525 58 55 la
1021 3528 408 56 conservation
1459 3529 100 56 des
1587 3532 516 69 procès-verbaux*
