2654 4031
393 371 91 49 170

956 373 256 36 MERCURE
1250 375 235 37 MUSICAL
1520 379 66 33 ET
1627 378 47 34 S.
1721 378 39 33 I.
1809 379 61 33 M.

390 518 292 69 musiques
739 518 323 68 modernes,
1113 520 232 68 qu'elles
1399 522 186 55 soient
1658 540 208 51 russes,
1926 524 330 71 françaises,
2324 526 109 55 alle-

388 596 241 55 mandes
662 614 76 37 ou
769 596 71 55 de
878 597 310 70 n'importe
1219 602 187 69 quelle
1451 609 166 48 autre
1649 602 171 54 école.
1867 604 145 53 Mais
2040 605 142 54 c'est
2227 611 233 50 surtout

389 692 70 37 en
497 676 204 53 faveur
728 676 71 55 de
837 677 288 71 Debussy,
1166 680 71 53 de
1273 681 203 70 Ravel,
1523 682 71 54 de
1630 684 265 68 Séverac,
1955 684 71 54 de
2060 685 294 54 Borodine
2401 692 59 49 et

391 756 72 52 de
490 755 295 54 Balakiref
809 774 115 53 que
963 759 137 52 s'est
1142 762 197 54 exercé
1377 779 105 37 son
1518 762 307 55 inlassable
1860 766 389 69 propagande.
2294 765 165 54 Cette

389 833 128 65 fois,
539 833 143 56 c'est
724 852 71 36 en
833 836 336 72 Allemagne
1208 840 144 70 qu'il
1385 846 86 48 est
1506 842 108 54 allé
1659 846 198 66 porter
1905 841 56 53 la
2009 842 192 55 bonne
2260 845 198 71 parole

389 919 58 48 et
485 931 73 37 en
591 913 75 56 de
701 915 337 56 solennelles
1075 917 439 59 circonstances.
1562 922 116 54 Son
1736 921 290 71 triomphe
2073 940 35 37 a
2154 925 93 53 été
2291 943 134 36 cons-

389 995 127 52 taté
554 1010 108 53 par
697 993 56 55 la
785 1011 193 54 presse
1015 999 373 69 germanique
1429 1018 142 36 avec
1608 1018 113 36 une
1763 1000 136 54 bien
1937 1019 128 37 rare
2096 1002 324 56 unanimité
2439 1029 14 47 ;

389 1072 156 56 aussi
578 1073 100 54 nul
714 1075 180 53 doute
926 1094 114 53 que
1072 1077 363 56 dorénavant
1487 1080 41 53 il
1580 1080 145 54 n'ait
1771 1080 428 72 fréquemment
2249 1084 181 54 l'occa

386 1152 125 54 sion
550 1153 74 55 de
676 1153 142 54 faire
864 1156 310 71 applaudir
1230 1175 71 36 en
1349 1160 338 71 Allemagne
1746 1160 479 72 l'incomparable
2270 1165 159 70 réper-

384 1232 145 55 toire
568 1233 276 55 moderne
879 1235 144 71 qu'il
1062 1239 243 67 possède
1332 1239 134 71 déjà
1499 1245 58 48 et
1593 1241 214 53 accroît
1849 1241 228 72 chaque
2114 1242 148 71 jour.

2061 1401 56 68 J.
2157 1401 71 55 E.

506 1710 110 54 Les
652 1709 71 55 26
761 1710 226 72 février,
1031 1728 65 38 12
1143 1731 173 52 mars,
1352 1731 71 52 24
1456 1716 144 53 avril
1656 1722 60 48 et
1768 1733 71 54 14
1895 1718 136 69 mai,
2070 1726 212 50 auront
2336 1721 117 54 lieu

385 1789 34 54 à
483 1789 58 54 la
607 1789 136 55 salle
807 1792 213 71 Pleyel,
1084 1799 207 63 quatre
1346 1801 262 49 concerts
1660 1796 349 71 historiques
2065 1799 221 55 donnés
2345 1818 108 54 par

384 1869 57 52 M
445 1868 37 29 Ue
529 1868 248 56 Blanche
800 1870 172 55 Selva
992 1888 97 37 sur
1109 1890 93 36 ces
1236 1873 183 70 sujets
1443 1874 91 54 :la
1570 1876 305 55 Variation
1900 1900 23 42 ;
1951 1877 142 56 —la
2107 1879 302 56 Fantaisie
2436 1902 15 48 ;

381 1947 56 53 la
610 1948 207 53 Sonate
1141 1950 259 55 moderne
1416 1973 24 41 ;
1219 1953 56 52 la
2268 1953 188 55 Sonate

493 2107 81 53 Le
625 2122 32 39 2
705 2126 175 51 mars,
931 2109 413 71 inauguration
1383 2113 101 53 des
1545 2119 266 49 concerts
1849 2116 80 53 du

386 2185 186 54 tional
826 2187 94 53 des
1089 2188 153 69 Arts,
926 2190 114 69 (97,
1078 2190 323 55 boulevard
1440 2193 286 70 Raspail),
1767 2194 101 70 qui
1908 2202 213 48 auront
2161 2198 114 55 lieu
2313 2204 135 50 tous

377 2264 83 53 les
498 2265 272 55 samedis.
812 2268 266 71 Musique
1119 2271 73 53 de
1231 2271 277 54 chambre
1548 2272 286 70 classique
1873 2278 61 51 et
1975 2277 295 54 moderne.
2312 2279 136 54 Aux

377 2361 398 54 programmes
802 2367 11 33 :
842 2347 319 70 Chausson,
1192 2349 288 73 Debussy,
1506 2352 70 53 V.
1606 2352 237 72 d'lndy,
1871 2356 77 52 M.
1970 2356 206 68 Ravel,
2194 2358 257 69 Strauss,

379 2424 312 69 Borodine,
729 2425 255 69 Cretani,
1023 2433 110 48 etc.
1175 2429 305 55 Directeur
1508 2451 10 33 :
1560 2432 273 54 Clarence
1870 2434 383 73 Amelungen.
2294 2438 117 71 Qua-

377 2508 135 48 tuor
540 2505 37 53 à
605 2505 203 54 cordes
836 2526 10 33 :
899 2508 140 52 MM.
1071 2508 155 55 Sven
1259 2509 397 70 Kjellestrôm,
1701 2512 235 72 Szigeti,
1985 2516 466 71 Derenaucourt,

376 2583 266 56 Choinet.

496 2743 82 53 Le
620 2758 36 54 4
713 2759 174 54 mars,
929 2745 34 53 à
992 2745 56 53 la
1085 2745 137 54 salle
1275 2747 242 71 Berlioz,
1565 2758 232 48 concert
1838 2754 71 54 de
1964 2756 268 71 musique
2286 2776 160 37 russe

379 2820 188 55 donné
606 2839 105 54 par
744 2824 77 52 M.
855 2824 292 70 Stéphane
1172 2827 232 70 Austin,
1440 2846 141 37 avec
1603 2834 50 51 le
1670 2848 277 40 concours
1966 2834 71 54 de
2053 2837 77 52 M.
2150 2837 71 53 R.
2249 2838 193 70 Vinès,

377 2907 60 47 et
469 2919 112 36 une
633 2903 251 53 causerie
920 2904 72 55 de
1023 2906 76 52 M.
1139 2906 174 53 Louis
1353 2908 202 71 Laloy.
