2654 4031
2149 263 89 48 161

1090 272 66 37 LE
1199 273 125 36 MOIS

164 416 59 52 la
252 413 307 71 puissante
591 416 349 71 symphonie
972 418 71 55 de
1075 420 312 69 Borodine,
1420 426 59 49 et
1509 422 56 53 la
1593 421 114 71 joie
1739 441 113 52 que
1882 440 148 37 nous
2060 440 184 37 avons

169 511 71 36 eu
291 494 34 53 à
375 500 307 48 retrouver
733 496 269 71 toujours
1052 500 131 68 plus
1231 500 173 69 jeune
1454 506 60 48 et
1564 502 131 70 plus
1745 502 393 53 éblouissante
2187 501 59 54 la

171 590 279 37 nerveuse
487 574 269 70 rapsodie
794 576 71 53 de
903 577 294 55 Chabrier.

282 653 123 52 «M.
450 653 256 55 Edward
747 654 197 72 Elgar,
986 675 147 37 nous
1175 658 184 55 confie
1400 661 52 52 le
1485 679 387 53 programme,
1903 667 87 48 est
2034 680 81 35 un
2144 662 100 53 des

171 732 421 71 compositeurs
639 734 83 53 les
769 734 132 70 plus
948 737 236 70 réputés
1234 738 71 54 de
1352 740 198 53 l'école
1597 742 275 53 moderne
1921 742 255 71 anglaise
2205 761 38 33 ».

173 812 179 55 Hélas
379 813 9 52 !
441 813 144 52 trois
632 813 110 54 fois
789 814 160 55 hélas
976 817 10 52 !
1038 835 149 52 pour
1231 818 199 54 l'école
1477 821 276 53 moderne
1802 821 254 71 anglaise
2083 823 10 52 !
2147 839 97 35 car

172 893 39 52 il
251 897 88 48 est
380 892 339 71 impossible
761 894 348 73 d'imaginer
1150 898 249 70 quelque
1441 900 170 53 chose
1654 902 70 52 de
1764 902 131 70 plus
1936 902 308 53 somnifère

172 990 112 53 que
320 990 65 35 ce
423 973 409 54 Mendelssohn
869 977 260 69 gourmé,
1151 977 303 71 dépourvu
1476 978 189 55 même
1683 982 70 52 de
1771 986 165 48 toute
1952 982 201 70 espèce
2173 982 70 53 de

173 1051 479 70 sentimentalité,
680 1058 157 49 cette
864 1055 321 53 caricature
1213 1057 71 52 de
1311 1057 56 52 la
1394 1057 335 55 sensibilité.
1762 1060 113 52 Par
1903 1061 247 53 surcroît
2187 1061 57 52 la

190 1132 275 53 Sérénade
488 1132 71 53 de
578 1151 64 36 ce
662 1133 231 54 sinistre
908 1152 199 36 raseur
1124 1137 355 70 comportait
1495 1137 291 70 plusieurs
1813 1146 426 62 mouvements,

174 1212 33 52 à
244 1211 229 54 l'instar
499 1213 453 54 naturellement
985 1215 69 53 de
1084 1215 279 71 l'exquise
1401 1216 375 54 nachtmusik
1814 1218 71 54 de
1923 1220 243 53 Mozart.

277 1289 202 55 Avant
532 1291 70 54 de
654 1310 148 35 nous
853 1292 223 71 infliger
1128 1311 62 36 ce
1242 1311 247 53 pensum
1532 1296 371 54 absolument
1931 1298 312 69 immérité,

171 1369 334 55 Chevillard
557 1389 147 36 nous
757 1390 35 35 a
845 1373 189 54 donné
1089 1373 153 54 deux
1296 1375 321 69 fragments
1670 1377 101 52 des
1824 1377 296 70 Musiques
2173 1378 70 54 de

169 1449 155 72 plein
364 1451 86 53 air
488 1451 71 53 de
597 1451 240 54 Florent
877 1452 255 55 Schmitt
1170 1452 135 70 déjà
1341 1455 287 52 entendus
1665 1455 56 52 la
1759 1456 192 53 saison
1982 1457 262 53 dernière

172 1546 73 36 au
276 1536 235 47 concert
544 1531 354 53 d'orchestre
930 1532 71 53 de
1032 1531 57 53 la
1119 1532 330 53 Nationale.
1484 1533 166 54 Cette
1682 1533 207 69 fois-ci,
1928 1535 59 52 la

171 1610 125 53 sion
337 1610 142 53 dans
524 1611 57 52 la
620 1616 297 65 montagne
958 1617 58 47 et
1058 1611 56 52 la
1153 1612 194 52 Danse
1386 1611 216 54 désuète
1642 1613 221 55 étaient
1921 1617 202 52 ornées
2173 1616 71 53 de

172 1690 447 53 commentaires
714 1691 111 52 dûs
912 1709 75 35 au
1084 1691 308 53 charmant
1496 1693 172 69 poète
1761 1693 146 55 Paul
1998 1695 245 71 Fargue.

172 1768 184 54 Entre
380 1786 94 36 ces
498 1771 118 51 très
642 1768 242 54 délicats
908 1768 254 71 poèmes,
1189 1770 206 69 exquis
1421 1771 279 71 d'images
1725 1780 60 45 et
1811 1772 435 71 d'impressions

173 1853 58 49 et
271 1848 57 52 la
367 1850 118 52 très
526 1848 407 55 substantielle
972 1848 245 55 matière
1256 1850 384 71 harmonique
1681 1853 69 52 de
1791 1870 95 37 ces
1926 1853 318 71 musiques,

172 1927 39 52 il
240 1945 40 52 y
310 1927 163 53 avait
505 1928 361 54 assurément
897 1945 80 37 un
1007 1928 221 54 certain
1273 1930 330 68 désaccord,
1635 1931 280 70 quelques
1946 1932 300 55 auditeurs

174 2007 155 52 m'en
360 2012 105 48 ont
496 2025 148 52 paru
673 2007 352 70 légèrement
1057 2007 217 71 surpris
1301 2029 14 47 ;
1345 2008 40 52 il
1415 2026 71 37 ne
1517 2010 274 54 convient
1823 2017 283 65 pourtant
2138 2027 108 56 pas

176 2087 100 70 d'y
329 2087 270 53 attacher
651 2105 114 37 une
817 2087 368 71 importance
1239 2090 294 68 exagérée,
1589 2091 142 53 c'est
1786 2092 166 69 après
2007 2097 132 50 tout
2192 2092 54 52 le

174 2166 249 54 résultat
458 2167 229 53 naturel
723 2172 58 47 et
816 2168 118 52 très
967 2167 350 53 intéressant
1353 2168 71 54 de
1472 2168 57 54 la
1565 2168 340 71 divergence
1952 2171 262 70 d'expres-

176 2246 125 52 sion
370 2246 71 54 de
510 2247 155 52 deux
717 2251 240 48 natures
1011 2246 154 54 aussi
1217 2247 417 55 foncièrement
1686 2251 406 68 personnelles.
2148 2252 96 52 Du

176 2331 151 48 reste
352 2326 263 54 l'accueil
642 2326 108 53 fait
779 2345 118 34 aux
925 2327 156 53 deux
1108 2327 284 70 esquisses
1420 2328 71 54 de
1521 2330 255 54 Schmitt
1806 2347 33 36 a
1867 2331 92 53 été
1987 2331 100 53 des
2114 2331 130 70 plus

176 2406 350 53 chaleureux
555 2426 10 33 :
633 2406 105 54 Ces
803 2407 155 53 deux
1023 2424 228 36 œuvres
1315 2407 175 53 d'une
1554 2408 301 70 puissante
1919 2410 327 54 musicalité

178 2485 250 54 classent
473 2502 72 37 en
590 2485 143 53 effet
776 2486 125 52 leur
945 2491 208 47 auteur
1195 2486 188 70 parmi
1428 2487 80 53 les
1551 2487 202 70 jeunes
1796 2488 309 55 musiciens
2148 2507 98 36 sur

177 2565 246 71 lesquels
456 2582 148 37 nous
637 2582 184 37 avons
854 2566 52 53 le
938 2566 132 70 plus
1101 2566 52 53 le
1188 2566 152 53 droit
1376 2567 70 53 de
1480 2573 264 65 compter
1776 2586 147 52 pour
1955 2570 246 53 l'avenir
2234 2591 12 46 ;

179 2643 134 55 elles
376 2650 301 48 montrent
741 2662 113 36 une
919 2645 412 53 connaissance
1396 2646 370 54 absolument
1828 2648 251 70 parfaite
2144 2648 102 54 des

179 2741 243 53 moyens
451 2725 71 52 de
552 2725 353 67 l'orchestre,
936 2742 113 36 une
1080 2725 291 69 souplesse
1401 2731 59 47 et
1489 2744 113 35 une
1631 2726 276 54 diversité
1937 2727 307 55 d'écriture

182 2820 133 37 sans
338 2803 285 71 pareilles,
649 2821 113 37 une
788 2803 316 55 sensibilité
1123 2805 118 53 très
1265 2805 113 53 fine
1397 2811 59 48 et
1480 2824 113 35 une
1612 2806 283 54 véritable
1919 2807 324 71 puissance.

183 2882 290 55 Pourtant
503 2885 78 52 M.
612 2883 256 54 Schmitt
898 2901 71 36 ne
1000 2885 138 52 s'est
1167 2885 294 69 peut-être
1490 2902 105 52 pas
1626 2904 204 36 encore
1861 2886 383 54 entièrement

181 2961 175 54 libéré
395 2963 102 54 des
535 2962 314 55 influences
887 2963 100 70 qui
1026 2968 105 49 ont
1170 2965 241 52 entouré
1451 2981 104 37 son
1595 2966 312 53 éducation
1945 2966 299 68 musicale,

182 3041 60 53 ni
295 3042 71 55 de
418 3060 90 37 ses
560 3043 365 70 sympathies
974 3043 458 55 intellectuelles.
1488 3045 290 54 Pourtant
1830 3046 179 70 qu'on
2060 3064 74 35 ne
2185 3062 62 37 se

183 3122 313 70 méprenne
520 3139 106 53 pas
649 3139 99 35 sur
772 3127 168 48 notre
964 3123 210 69 pensée
1200 3144 14 47 ;
1240 3122 40 53 il
1305 3123 102 70 n'y
1432 3140 35 35 a
1493 3123 144 55 dans
1663 3141 92 37 ces
1782 3125 154 53 deux
1960 3123 284 71 esquisses

186 3217 223 38 aucune
456 3201 318 68 imitation,
825 3219 223 36 aucune
1095 3201 409 54 réminiscence
1529 3224 16 47 ;
1593 3221 63 36 ce
1705 3208 134 49 sont
1886 3203 82 54 les
2017 3221 230 37 œuvres

187 3281 138 54 d'un
358 3282 190 53 talent
579 3282 117 52 très
728 3281 146 68 sain,
908 3283 117 51 très
1058 3282 198 70 probe,
1291 3283 116 52 très
1439 3282 399 71 indépendant
1871 3282 100 71 qui
2002 3285 244 53 cherche

186 3376 63 36 sa
273 3361 150 68 voie,
450 3366 60 48 et
536 3360 101 71 qui
662 3361 151 52 n'est
839 3377 105 52 pas
969 3360 118 53 loin
1115 3362 72 53 de
1212 3361 57 53 la
1294 3366 256 49 trouver.
1578 3362 160 53 Avec
1762 3361 82 53 les
1870 3362 377 55 merveilleux

187 3440 145 54 dons
367 3441 306 54 musicaux
712 3440 143 71 qu'il
892 3442 260 69 possède,
1193 3442 76 52 M.
1311 3441 254 54 Schmitt
1603 3459 36 35 a
1674 3441 292 71 peut-être
2003 3446 135 67 trop
2176 3445 71 52 de

187 3520 236 54 volonté
449 3542 14 47 ;
497 3520 145 71 qu'il
673 3536 60 37 se
765 3518 169 55 laisse
967 3520 138 53 aller
1137 3521 34 52 à
1204 3536 65 37 sa
1301 3526 208 47 nature
1543 3521 178 70 qu'on
1755 3520 125 54 voit
1914 3521 134 71 déjà
2079 3523 168 70 géné-
