3538 4376
1793 156 106 49 286

416 295 30 48 2
453 333 8 10 .
489 291 219 52 Litaniae
733 292 297 51 Lauretanae
1070 310 82 35 von
1197 296 352 57 Palestrina,
1590 296 192 49 vierstim-

300 374 93 61 mig
422 371 75 46 für
525 371 193 64 Sopran,
747 371 93 55 Alt,
870 372 151 47 Tenor
1052 371 86 48 und
1171 372 125 58 Bass,
1503 372 59 65 (in
1585 371 79 50 der
1687 374 90 47 Ton-

300 447 118 47 höhe
446 461 84 32 von
849 446 86 65 B),
686 441 15 31 4
702 442 206 64 /j-Tact,
950 447 317 49 abwechselnd
1305 463 99 34 vom
1437 450 122 47 Chor
1597 447 91 49 und
1717 450 91 47 vier

298 524 318 48 Solostimmen
648 540 249 48 gesungen,
929 524 108 48 270
1067 525 151 48 Tacte.

413 597 47 50 3.
491 597 100 51 Ave
616 597 168 52 Maria
823 616 82 32 von
945 601 41 46 J.
1018 601 48 47 ß.
1098 601 183 48 Casali
1326 601 305 65 (Giovanni
1673 604 100 47 Bat-

299 675 167 56 tista,
516 676 141 48 1759
693 676 334 65 Capellmeister
1066 676 43 48 in
1140 677 63 49 St.
1231 679 180 47 Johann
1443 679 60 47 im
1529 680 197 47 Lateran
1756 696 50 30 zu

298 753 137 56 Rom,
464 752 240 62 gestorben
743 752 135 48 1792
897 751 57 65 *j)
997 755 41 44 in
1265 756 75 46 für
1381 755 107 47 zwei
1518 756 290 62 vollständige

300 828 166 56 Chöre,
497 825 16 29 4
514 830 186 54 /4-Tact
727 828 93 49 alla
846 828 130 50 breve
1016 831 80 47 mit
1128 832 144 47 einem
1303 830 201 66 Älleluja
1531 832 42 48 in
1604 833 201 58 74-Tact

388 920 258 32 zusammen
682 903 101 49 127
817 905 152 48 Tacte.

558 981 46 45 4.
713 980 263 49 Adoramus
1292 982 57 60 te,
1471 980 171 62 Christe,
1643 999 29 34 von
1705 986 69 47 Or-

296 1054 200 49 landus
536 1057 229 58 Lassus,
803 1058 43 47 in
874 1057 60 58 F,
973 1060 74 45 für
1075 1058 91 49 vier
1194 1060 415 49 Männerstimmen.
1736 1060 63 50 31

296 1133 151 47 Tacte.

414 1209 46 49 5.
489 1207 285 68 Magnificat
795 1207 159 52 anima
978 1226 103 33 mea
1108 1209 259 52 Dominum
1404 1230 84 31 von
1514 1214 294 49 Zachariis

296 1283 187 64 (Caesar
507 1284 56 50 de
587 1283 240 51 Zaccariis
855 1286 111 48 oder
995 1286 230 61 Zachriis,
1254 1306 145 48 gegen
1423 1289 129 50 Ende
1583 1291 77 47 des
1679 1292 126 48 XVI.

290 1362 334 48 Jahrhunderts
652 1380 71 31 am
757 1363 277 50 baierischen
1065 1367 119 47 Hofe
1211 1385 52 29 zu
1293 1368 247 57 München,
1569 1385 96 31 war
1693 1368 113 50 aber

290 1453 84 32 von
406 1438 224 48 Cremona
660 1441 228 63 gebürtig.
920 1441 237 58 Gerber,
1187 1443 53 47 N.
1272 1443 412 67 Tonk.-Lexikon),
1729 1446 76 47 für

286 1514 92 48 vier
404 1515 403 50 Männerstimmen
917 1517 125 58 kurz,
1071 1518 90 48 vier
1188 1521 154 47 Zeilen
1372 1521 98 48 4to.

402 1621 274 48 Ausserdem
709 1621 199 49 befindet
935 1623 90 47 sich
1063 1625 117 47 noch
1209 1623 42 50 in
1282 1625 103 48 dem
1415 1626 137 48 Hefte
1580 1626 71 48 ein
1695 1625 113 52 Veni

303 1698 175 47 creator
693 1695 78 69 Spiritus
772 1715 90 32 aus
863 1698 61 49 dem
954 1700 210 49 lütticher
1185 1702 402 65 Antiphonarium,
1618 1705 152 49 harmo-

282 1772 126 50 nisirt
437 1773 75 49 für
540 1776 93 46 vier
660 1776 401 48 Männerstimmen
1090 1794 84 31 von
1204 1780 267 64 Toepler.

399 1877 100 49 Von
531 1876 167 52 bereits
727 1877 280 65 gedruckten
1038 1880 199 51 Stücken
1268 1882 189 50 wurden
1488 1900 83 32 von
1602 1885 165 48 Orlan-

282 1951 99 50 dus
422 1955 213 47 Lassus
680 1955 117 48 noch
840 1973 259 48 gesungen:
1152 1960 90 56 „Es
1270 1960 98 48 sind
1397 1960 116 49 doch
1545 1962 110 64 selig
1682 1962 118 58 Alle,

282 2029 71 49 die
384 2031 57 47 im
473 2032 184 47 rechten
689 2032 208 50 Glauben
936 2035 209 49 wandeln
1354 2037 319 68 fünfstimmig,
1724 2041 77 47 für

281 2106 194 65 Sopran,
520 2107 29 47 2
581 2109 92 55 Alt,
717 2110 152 47 Tenor
906 2110 93 48 und
1041 2112 113 49 Bass
1273 2114 90 48 und
1406 2114 82 49 der
1514 2116 151 48 Psalm
1696 2117 104 49 III.:

313 2183 208 56 „Beatus
781 2181 74 52 vir
981 2182 80 66 qid
938 2187 77 47 für
1037 2189 92 47 vier
1152 2189 98 64 (der
1281 2191 128 48 letzte
1432 2192 103 47 Satz
1566 2194 76 47 für
1673 2194 124 64 fünf)

280 2261 406 48 Männerstimmen
736 2262 109 65 (Soli
889 2263 92 49 und
1021 2265 157 66 Chor).
1232 2267 140 50 Beide
1418 2285 80 33 aus
1549 2270 251 49 Commer's

277 2333 189 54 Musiea
492 2354 136 33 saera
656 2356 288 46 genommen.

389 2449 66 46 Zu
486 2448 83 48 den
602 2450 291 50 lateinischen
922 2454 369 65 Messgesängen,
1334 2459 173 48 welche
1550 2459 98 65 (mit
1678 2462 88 48 Aus-

276 2524 166 48 nahme
483 2525 77 48 des
590 2525 169 67 Kyrie)
803 2529 290 66 einstimmig,
1143 2533 130 48 meist
1321 2534 319 51 abwechselnd
1693 2554 101 32 vom

276 2601 286 50 Kinderchor
585 2604 88 48 und
700 2622 97 31 vom
820 2608 304 48 Männerchor
1145 2611 275 64 ausgeführt
1442 2615 207 59 wurden,
1674 2617 123 48 halte

275 2677 123 49 Herr
427 2680 194 64 Toepler
649 2680 70 50 die
751 2684 250 48 Harmonie
1046 2685 76 47 für
1162 2685 70 50 die
1263 2688 413 68 Orgelbegleitung
1719 2711 51 45 ge-

276 2761 122 42 setzt.
428 2758 97 45 Auf
548 2758 78 46 der
656 2760 141 64 Orgel
827 2769 106 56 trug
957 2763 120 47 Herr
1099 2764 363 51 Seminarlehrer
1493 2769 301 48 Hoffmann

276 2831 69 47 ein
375 2832 138 47 Stück
546 2850 83 32 von
667 2836 291 49 Prescobaldi
1002 2839 91 47 und
1124 2840 145 66 einige
1300 2844 127 47 recht
1453 2846 341 64 ansprechende

273 2909 240 48 Präludien
546 2928 92 40 vor,
673 2914 84 47 wie
787 2930 49 31 er
865 2914 117 48 denn
1014 2918 112 47 auch
1159 2918 69 48 die
1264 2920 267 66 Begleitung
1562 2923 80 48 der
1674 2925 89 47 Cho-

272 2986 267 64 ralgesänge
567 2989 105 47 sehr
700 2996 83 57 gut
811 2991 255 50 ausführte.
1107 2994 298 68 Ueberhaupt
1433 2999 209 49 machten
1673 3000 121 50 diese

275 3061 232 50 einfachen
530 3066 316 65 Messgesänge
869 3069 128 47 einen
1029 3071 315 64 ergreifenden
1368 3075 248 57 Eindruck,
1645 3079 146 47 zumal

275 3155 133 33 wenn
436 3141 62 47 sie
526 3158 98 33 vom
657 3144 302 59 Kinderchor,
990 3147 81 47 der
1094 3147 112 50 240
1230 3150 195 51 Knaben
1456 3154 90 47 und
1570 3155 221 50 Mädchen

271 3216 161 58 zählte,
463 3220 288 62 angestimmt
779 3222 203 50 wurden.

390 3312 159 65 Bringt
588 3330 106 33 man
736 3315 110 50 aber
874 3316 71 50 die
986 3319 297 51 unendlichen
1314 3323 403 67 Schwierigkeiten
1749 3328 43 49 in

272 3389 245 64 Anschlag,
543 3393 170 48 welche
743 3394 70 47 die
841 3403 236 56 getrennte
1100 3398 249 67 Einübung
1378 3401 42 47 in
1451 3401 86 50 den
1569 3405 197 48 verschie-

273 3462 163 60 denen,
458 3466 63 48 oft
544 3467 108 50 viele
675 3469 204 49 Stunden
903 3471 106 49 weit
1028 3489 84 32 von
1134 3474 216 51 einander
1372 3478 254 50 entfernten
1644 3481 145 48 Schu-

362 3634 13 44 )
480 3647 73 22 Weil
585 3638 92 33 zwei
696 3638 118 36 Jahre
841 3638 92 48 läng
962 3640 143 36 Gretr
1113 3654 25 33 y
1162 3653 17 24 s
1201 3643 141 37 Lehrer
1367 3647 80 35 und
1472 3648 74 45 gab
1574 3649 77 36 ilim
1681 3650 111 37 einen

399 3695 376 48 Empfehlungabrief
799 3710 47 24 an
877 3701 110 33 einen
1015 3701 154 36 Freund
1195 3704 40 34 in
1264 3705 103 35 Genf
1390 3709 79 43 mit,
1499 3709 66 35 des
1592 3710 195 50 Anfangs:

403 3754 90 47 „Ich
520 3756 155 35 schicke
701 3758 120 35 Ihnen
849 3760 152 35 hiermit
1028 3762 112 34 einen
1166 3763 146 36 meiner
1339 3766 170 49 Schüler,
1551 3770 111 35 einen
1689 3774 77 34 wäh-

399 3826 66 22 len
493 3814 89 37 Esel
607 3815 41 35 in
676 3817 61 34 dei
767 3818 141 47 Musik,
950 3819 65 35 der
1051 3820 124 37 nichts
1211 3824 177 50 versteht,
1430 3827 89 37 aber
1547 3832 111 35 einen
1686 3833 106 36 recht

399 3875 343 50 liebenswürdigen
773 3879 148 46 jungen
948 3880 117 36 Mann
1099 3893 77 24 von
1212 3889 118 42 guten
1358 3888 156 39 Sitten.«
1573 3893 127 35 Casali
1724 3894 68 36 hat

403 3935 96 35 auch
540 3936 84 36 eine
653 3937 111 47 Oper,
1286 3937 218 47 Campaspe,
1070 3941 59 36 für
1156 3944 173 48 Venedig
1357 3945 131 51 (1740)
1523 3953 267 45 geschrieben;

402 3996 54 33 sie
494 3997 50 34 ist
581 3998 251 49 verschollen,
875 4001 178 35 während
1096 4002 61 37 die
1187 4005 127 47 Opern
1358 4007 64 36 des
1452 4011 175 44 „wahren

400 4053 99 35 noch
520 4055 95 45 jetzt
642 4057 139 35 wieder
806 4058 40 34 in
873 4058 108 37 Paris
1007 4061 40 34 in
1075 4062 122 37 Scene
1222 4069 147 41 gesetzt
1396 4068 160 41 werden.

1880 296 70 47 len
1982 296 129 47 allein
2142 296 137 49 schon
2311 298 80 48 mit
2417 298 90 48 sich
2542 296 167 64 bringt,
2751 296 258 66 abgesehen
3050 315 83 33 von
3165 300 80 48 der
3274 303 100 64 poly-

1880 372 178 64 phonen
2090 372 374 66 Stimmführung
2506 375 42 47 in
2591 375 85 46 den
2721 375 390 65 mehrstimmigen
3144 378 259 64 Gesängen,

1881 450 172 47 welche
2077 450 278 62 keineswegs
2379 452 133 47 leicht
2533 451 66 47 ins
2622 451 101 48 Ohr
2754 451 114 57 fällt,
2895 452 195 47 sondern
3122 455 278 65 rhythmisch

1883 525 91 47 und
2006 526 242 48 melodisch
2289 530 105 46 sehr
2435 527 237 65 sorgfältig
2714 527 163 49 studirt
2916 529 93 47 sein
3053 530 107 57 will,
3201 546 51 32 so
3283 548 120 31 muss

1883 619 102 32 man
2029 610 259 49 erstaunen,
2331 605 100 47 dass
2473 604 71 48 die
2585 604 366 64 Ausführungen
2993 621 49 32 so
3086 606 312 66 befriedigend

1883 677 87 47 und
2004 679 69 47 bei
2105 680 226 48 einzelnen
2364 680 216 58 Stücken,
2608 699 34 29 z.
2676 682 46 46 B.
2754 680 101 48 dem
2887 681 386 66 doppelchörigen

1900 751 168 51 Maria
2068 756 80 46 mit
2170 756 100 47 dem
2730 753 214 68 AUeluja,
2540 757 144 47 einem
2711 757 345 64 ausgezeichnet
3078 760 199 48 schönen
3301 761 67 47 Mu-

1880 831 244 57 sikslücke,
2156 833 202 47 wirklich
2401 835 105 45 sehr
2547 833 307 49 lobenswerth
2897 835 42 47 in
2972 836 151 65 Bezug
3158 836 82 48 auf
3262 839 110 47 Rein-

1883 908 91 47 heit
1998 908 88 47 und
2114 910 223 48 Präcision
2363 911 232 55 ausfielen,
2627 927 92 31 was
2746 911 73 55 jJie
2849 915 174 59 grösste
3051 915 349 63 Anerkennung

1881 985 80 47 der
1985 986 339 49 musicalischen
2349 988 195 64 Bildung
2570 988 88 47 und
2683 987 76 50 des
2782 988 241 49 amtlichen
3050 990 143 48 Eifers
3215 995 155 44 sämmt-

1880 1061 138 48 licher
2048 1062 175 48 Lehrer
2251 1063 77 49 des
2358 1065 180 48 Kreises
2584 1066 91 47 und
2718 1066 85 48 den
2845 1066 330 65 erfolgreichen
3206 1067 197 48 Einiluss

1880 1137 76 48 des
1985 1138 256 50 trefflichen
2275 1142 264 64 Dirigenten
2584 1143 81 47 auf
2699 1143 104 49 sehr
2834 1141 268 51 erfreuliche
3136 1145 157 48 Weise
3324 1146 53 47 be-

1879 1214 212 50 kundete.

1993 1292 61 48 Es
2082 1293 55 47 ist
2167 1293 128 47 keine
2327 1294 165 64 Frage,
2534 1292 100 49 dass
2678 1294 81 49 der
2798 1293 245 52 kirchliche
3084 1298 201 65 Gesang,
3325 1301 78 46 auf

1876 1383 50 32 so
1955 1377 150 39 ernste
2137 1369 156 50 Weise
2336 1371 43 47 in
2418 1371 87 48 den
2533 1371 197 49 Schulen
2764 1371 251 58 betrieben,
3056 1374 124 49 nicht
3207 1392 89 31 nur
3327 1376 76 47 für

1876 1444 73 49 die
1978 1446 259 66 würdigere
2266 1448 133 47 Feier
2438 1447 77 49 des
2545 1448 371 57 Gottesdienstes,
2956 1451 198 48 sondern
3198 1452 78 52 für
3319 1452 81 49 das

1876 1521 155 48 Leben
2063 1523 263 65 überhaupt
2365 1524 99 49 eine
2501 1541 156 48 grosse
2697 1524 271 65 Bedeutung
3012 1527 95 57 hat,
3149 1527 118 49 denn
3299 1529 100 47 eine

1876 1597 182 51 bessere
2088 1602 101 56 Art,
2219 1601 85 48 den
2336 1602 316 65 Volksgesang
2688 1620 53 30 zu
2780 1603 228 60 veredeln,
3050 1604 122 49 kann
3201 1622 47 32 es
3274 1607 125 47 nicht

1875 1675 164 64 geben.
2093 1678 131 48 Auch
2256 1677 71 49 die
2356 1678 285 66 Streitfrage,
2671 1679 170 50 welche
2871 1682 313 65 gegenwärtig
3213 1682 73 48 die
3315 1683 54 48 ka-

1874 1752 217 49 tholische
2117 1754 167 48 Kirche
2312 1755 43 47 in
2387 1757 152 63 Bezug
2567 1757 83 48 auf
2671 1755 87 50 den
2789 1758 342 48 musicalischen
3160 1759 130 49 Theil
3320 1758 78 51 des

1875 1830 354 50 Gottesdienstes
2260 1830 198 66 bewegt,
2502 1833 149 49 dürfte
2679 1834 143 48 durch
2852 1834 153 50 solche
3033 1837 239 65 Beispiele,
3313 1839 85 47 wie

1872 1907 64 47 sie
1966 1907 80 48 der
2074 1909 375 64 sieg-rheinische
2481 1910 164 49 Verein
2675 1910 113 65 gibt,
2830 1912 84 49 auf
2944 1912 103 48 dem
3080 1913 180 66 Wege
3304 1914 95 48 der

1874 1984 332 66 Erfahrung
2251 2003 72 31 am
2369 1984 156 52 besten
2563 1989 242 48 vermittelt
2832 1988 201 51 werden.
3090 1989 157 51 Wenn
3286 1990 113 50 aber

1872 2060 82 49 der
1984 2062 172 49 höhere
2181 2064 157 47 Cierus
2365 2064 92 48 sich
2485 2067 74 47 für
2581 2065 123 50 diese
2728 2068 150 62 Frage
2906 2083 114 48 ganz
3050 2067 249 50 besonders
3328 2069 44 48 in-

1872 2139 215 57 teressirt,
2128 2157 49 32 so
2219 2140 55 49 ist
2314 2157 46 32 es
2403 2143 116 47 auch
2561 2158 56 33 an
2658 2143 111 58 ihm,
2811 2144 72 48 die
2918 2144 349 66 Bestrebungen
3311 2162 83 32 von

1875 2214 241 58 Vereinen,
2154 2216 87 49 wie
2270 2216 81 49 der
2379 2218 42 47 in
2451 2218 127 48 Rede
2615 2219 235 57 stehende,
2892 2219 93 48 und
3027 2219 72 48 die
3137 2222 258 64 Gründung

1872 2290 233 50 ähnlicher
2130 2310 54 30 zu
2217 2298 304 45 unterstützen
2549 2294 89 48 und
2660 2313 52 30 zu
2739 2296 207 59 fördern,
2970 2296 91 49 und
3084 2296 170 50 darauf
3267 2299 129 48 einen

1872 2369 130 47 Theil
2031 2371 147 46 seiner
2208 2370 246 50 Einkünfte
2483 2390 54 30 zu
2566 2374 288 56 verwenden,
2885 2374 116 47 denn
3031 2375 119 48 ohne
3174 2375 194 50 Geldmit-

1871 2445 57 47 tel
1961 2446 103 47 lässt
2091 2446 90 47 sich
2213 2446 72 49 die
2313 2449 274 65 Steigerung
2629 2449 89 48 und
2765 2450 184 48 weitere
2981 2450 309 67 Verbreitung
3319 2453 79 48 des

1875 2523 217 48 Wirkens
2121 2525 177 47 solcher
2327 2526 370 65 Vereinigungen
2736 2528 122 48 nicht
2900 2528 251 49 erreichen.
3206 2531 63 47 Es
3300 2548 96 32 war

1870 2599 143 49 daher
2029 2603 100 47 eine
2143 2603 104 47 sehr
2264 2601 208 50 dankbar
2488 2604 393 49 aufzunehmende
2897 2606 306 65 Mittheilung,
3222 2609 173 47 welche

1870 2675 81 48 der
1993 2677 122 47 Herr
2154 2677 198 65 Delegat
2393 2679 78 48 des
2515 2679 151 49 Herrn
2708 2681 236 49 Cardinais
2985 2683 93 47 und
3107 2684 288 49 Erzbischofs

1869 2769 83 32 von
1983 2755 121 47 Köln
2148 2754 85 49 den
2279 2756 70 47 bei
2394 2756 101 48 dem
2529 2758 296 64 Gesangfeste
2854 2760 301 65 Betheiligten
3198 2763 196 54 machte,

1869 2830 100 48 dass
2018 2832 73 47 Se.
2140 2834 216 47 Eminenz
2406 2834 103 49 dem
2556 2836 195 49 Vereine
2797 2854 80 31 zur
2925 2838 276 67 Förderung
3247 2843 148 45 seiner

1867 2909 193 48 Zwecke
2090 2910 99 48 eine
2218 2911 291 50 ansehnliche
2539 2914 235 48 Beisteuer
2803 2914 271 50 übersende.

1866 3177 88 56 Die
1997 3180 147 72 Orgel
2184 3181 52 55 in
2276 3182 91 56 der
2406 3186 343 59 Neuenkirche
2787 3209 62 37 zu
2882 3191 238 57 Arnstadt
3158 3196 101 55 und
3300 3198 58 55 de-

1928 3293 89 37 ren
2059 3276 515 78 Wiederherstellung
2613 3284 75 55 als
2729 3286 81 55 ein
2848 3288 243 57 Denkmal
3129 3292 198 57 Johann

2392 3375 255 58 Sebastian
2688 3379 188 57 Bach’s.

1980 3516 72 48 Da
2095 3533 45 32 es
2184 3518 70 48 ein
2296 3520 193 49 schöner
2522 3523 344 69 Charakterzug
2894 3528 78 49 des
3009 3535 375 65 gegenwärtigen

1866 3589 317 54 Geschlechtes
2210 3596 70 58 ist,
2310 3597 86 49 den
2419 3599 216 51 Meistern
2665 3602 81 49 der
2768 3604 150 50 Kunst
2938 3607 153 66 innige
3113 3610 273 67 Verehrung

1865 3668 90 48 und
1988 3672 316 49 Dankbarkeit
2332 3673 143 51 durch
2497 3678 282 67 Errichtung
2802 3697 85 33 von
2911 3683 225 51 Vereinen
3163 3688 93 49 und
3279 3691 84 47 Stif-

1862 3752 190 58 tungen,
2094 3751 240 64 Weihung
2374 3768 85 33 von
2500 3756 312 50 Denkmälern
2854 3759 93 49 und
2976 3763 380 68 Erinnerungszei-

1864 3822 113 49 chen
2006 3842 43 32 u.
2078 3842 33 33 s.
2143 3845 55 30 w.
2227 3828 354 67 darzubringen,
2616 3850 49 31 so
2696 3850 97 33 war
2829 3838 117 48 auch
2986 3857 55 31 zu
3072 3841 170 59 hoffen,
3286 3843 102 50 dass

1862 3898 80 49 das
1959 3900 267 63 Vorhaben,
2249 3905 102 49 dem
2377 3911 207 61 grössten
2604 3911 255 50 Herrscher
2880 3914 61 49 im
2965 3917 170 49 Reiche
3155 3919 82 49 der
3259 3921 129 49 Töne

1864 3977 92 48 und
1998 3977 102 52 dem
2144 3983 319 49 unerreichten
2492 3987 185 49 Meister
2718 3989 83 49 auf
2835 3991 82 49 der
2952 3993 161 65 Orgel,
3155 3997 233 51 Johann

1862 4054 300 55 Sebastian
2214 4060 177 61 Bach,
2442 4062 144 50 durch
2633 4065 609 74 Wiederherstellung
3289 4074 99 50 der
