3319 4572
1129 457 233 52 Norßert
1374 459 236 61 Jacques
1636 483 9 10 •
1664 457 119 51 Das
2531 456 166 64 Vogefn
2124 462 52 44 in
2210 456 96 50 der
2332 455 207 51 Marien
2541 455 156 51 Brone

752 457 96 49 208

753 651 241 63 Frauen
1035 676 123 38 von
1202 651 197 63 hinten
1444 651 123 63 und
1606 661 207 70 gingen
1856 648 122 65 und
2019 671 290 58 sprangen
2350 657 359 71 truppweise
2751 657 101 53 mit
2895 647 170 66 ihnen

754 773 78 36 zu
884 757 181 54 seiten
1117 747 103 64 der
1263 747 425 65 Straßenbahn,
1751 747 117 62 Die
1908 745 340 81 Aprilnacht
2296 743 199 64 flutete
2537 752 114 54 wie
2702 752 93 54 ein
2848 743 186 64 feucht-

755 869 254 39 warmes
1045 846 178 62 Meer
1248 846 285 62 zwischen
1568 845 112 62 den
1715 845 265 61 Dächern
2014 841 213 64 nieder.
2274 841 127 62 Der
2436 841 273 80 mächtige
2743 840 324 65 Kirchturm

755 967 130 37 war
926 952 57 53 in
1026 952 166 53 einen
1237 943 200 73 leisen,
1489 941 287 80 goldenen
1820 941 199 61 Dunst
2069 938 267 80 gebadet,
2396 936 103 64 der
2540 962 141 38 vom
2731 936 336 82 steigenden

762 1038 202 63 Mond
1006 1038 144 63 über
1192 1038 97 63 ihn
1332 1039 131 62 floß.

837 1134 108 63 An
1000 1145 158 53 einer
1201 1134 230 64 Station
1483 1143 220 70 stiegen
1755 1132 72 62 all
1872 1131 91 63 die
2004 1131 258 62 Männer
2303 1129 220 64 wieder
2574 1128 91 65 ab.
2728 1129 116 63 Die
2886 1129 183 64 Hand

763 1231 152 63 löste
957 1232 109 62 sich
1110 1241 113 53 wie
1266 1230 357 80 widerwillig
1663 1254 140 38 vom
1844 1228 141 64 Leib
2037 1228 101 63 der
2179 1227 245 64 Nonne.
2477 1227 117 62 Die
2645 1227 231 62 schaute
2927 1228 144 61 nicht

760 1353 101 37 um
905 1326 120 64 und
1068 1326 136 62 hielt
1246 1326 92 62 die
1379 1326 223 79 Augen
1646 1325 378 80 geschlossen.
2069 1322 105 64 All
2216 1322 120 64 ihre
2381 1322 458 80 Vorstellungen
2881 1347 188 55 zogen

759 1433 56 53 in
843 1433 187 53 einem
1059 1423 254 72 dünnen,
1348 1421 174 81 heftig
1555 1421 111 64 sich
1700 1419 515 81 verflüchtigenden
2249 1420 140 79 Zug
2422 1444 108 37 aus
2566 1418 85 63 ihr
2686 1419 228 72 hinaus,
2949 1419 123 63 und

758 1529 85 55 sie
877 1519 197 64 dachte
1108 1543 75 39 an
1219 1519 91 63 die
1345 1518 224 64 kleinen
1605 1528 241 70 spitzen,
1882 1527 324 55 steinernen
2240 1517 210 62 Brüste
2484 1514 103 65 der
2618 1515 453 73 Marienstatue,

765 1617 84 64 als
894 1617 103 62 der
1036 1616 357 63 Liebeslärm
1437 1615 103 62 der
1581 1616 200 79 Vögel
1826 1615 356 80 ungebärdig
2223 1639 100 38 um
2366 1622 85 53 sie
2491 1612 262 80 geschah.
2799 1612 100 65 Sie
2938 1622 134 71 ging

758 1714 171 62 durch
983 1712 105 64 das
1133 1707 125 68 Tor
1301 1711 221 64 wieder
1573 1720 56 53 in
1675 1711 113 62 den
1831 1711 420 80 Beguinenhof.
2314 1710 97 63 Sie
2470 1710 120 62 traf
2640 1707 273 65 niemand
2971 1710 110 62 auf

763 1810 132 62 dem
929 1810 178 79 Weg,
1162 1810 195 61 Bevor
1399 1818 85 53 sie
1535 1808 85 62 ihr
1662 1809 177 61 Haus
1883 1808 301 72 aufnahm,
2226 1808 157 62 warf
2418 1816 84 54 sie
2554 1815 167 54 einen
2772 1805 300 64 zärtlichen

755 1907 149 62 Blick
947 1907 111 62 auf
1092 1905 93 64 die
1227 1905 205 64 Krone
1475 1922 169 46 unter
1688 1904 133 62 dem
1863 1904 324 64 Baldachin.
2232 1904 99 64 Sie
2372 1903 338 81 verriegelte
2753 1902 156 62 dann
2952 1903 121 62 ihre

754 1999 145 77 Tür,
942 2003 189 62 schloß
1167 2002 93 63 die
1293 2002 204 62 Läden
1541 2001 122 63 und
1696 2011 116 52 wie
1854 2011 85 52 sie
1975 2001 92 62 die
2100 2002 221 79 Lampe
2356 1999 369 80 angezündet
2758 1998 159 65 hatte
2952 2001 121 62 und

754 2101 107 62 das
898 2100 415 81 Spitzenhemd
1356 2098 122 64 und
1521 2098 93 63 die
1647 2098 275 63 Höschen
1958 2098 113 63 auf
2098 2097 132 64 dem
2265 2093 202 68 Tische
2502 2098 182 79 liegen
2711 2098 128 73 sah,
2872 2098 201 63 wußte

755 2205 83 55 sie
872 2196 113 62 auf
1011 2196 228 73 einmal,
1273 2220 181 38 wozu
1491 2195 160 62 diese
1684 2194 387 63 verfeinerten
2105 2194 397 63 Kunstwerke
2536 2194 292 63 bestimmt
2852 2218 219 38 waren.

755 2294 101 61 Da
905 2317 114 56 zog
1069 2294 112 62 sich
1242 2291 326 65 Schwester
1618 2290 183 64 Klara
1859 2316 150 54 ganz
2060 2293 163 59 nackt
2273 2316 109 38 aus
2436 2290 121 62 und
2616 2291 232 63 lächelte
2900 2290 171 62 dazu.

760 2389 98 65 Sie
900 2389 107 64 sah
1051 2415 75 36 an
1171 2389 181 64 ihrem
1397 2391 259 71 nackten,
1699 2388 227 62 weißen
1953 2387 143 63 Leib
2140 2387 174 63 hinab
2358 2387 121 63 und
2530 2387 149 81 legte
2721 2387 93 64 die
2856 2387 220 63 Hände

752 2487 114 62 auf
900 2486 94 63 die
1045 2486 194 63 leichte
1284 2484 315 80 Wölbung
1641 2484 147 63 ihrer
1831 2483 274 65 Schenkel
2150 2483 120 64 und
2321 2483 118 64 hob
2490 2493 85 54 sie
2626 2483 155 64 dann
2832 2510 77 37 zu
2961 2484 113 63 den

754 2584 245 72 kleinen,
1044 2584 189 62 festen
1275 2584 269 61 Brüsten,
1597 2582 107 63 An
1756 2581 178 64 ihrem
1975 2581 143 64 Leib
2161 2582 271 63 wuchsen
2484 2591 84 54 sie
2620 2581 124 72 auf,
2786 2582 126 63 steil
2955 2580 122 63 und

753 2680 319 74 rätselhaft,
1122 2689 115 53 wie
1290 2679 198 80 Hügel
1540 2688 155 53 einer
1745 2678 513 81 geheimnisvollen
2307 2678 454 73 Fruchtbarkeit,
2813 2679 122 62 und
2992 2688 84 53 sie

755 2777 231 63 drückte
1030 2787 85 53 sie
1158 2801 70 39 so
1281 2777 114 62 fest
1437 2784 55 54 in
1536 2774 159 64 ihren
1737 2775 278 71 Händen,
2058 2774 115 64 daß
2217 2798 62 40 es
2323 2784 85 54 sie
2458 2775 402 63 schmerzte...
2905 2775 172 63 Aber

754 2883 131 54 eine
919 2873 175 64 wilde
1126 2873 150 64 Lust
1309 2872 135 63 kam
1479 2872 85 62 ihr
1590 2896 109 38 aus
1736 2871 218 63 diesem
1982 2872 282 63 Schmerz.
2301 2871 142 63 Alle
2476 2872 277 62 Brunnen
2787 2895 289 57 sprangen

755 2981 57 53 in
856 2971 85 63 ihr
983 2971 119 63 auf.
1164 2970 94 63 Ihr
1301 2970 138 62 Blut
1479 2986 156 47 raste
1677 2994 110 38 vor
1830 2968 338 80 Ungeduld,
2223 2968 91 63 Es
2357 2994 127 38 war
2536 2968 103 73 ihr,
2682 2970 85 61 als
2811 2968 266 64 schnellte

760 3067 87 64 ihr
887 3067 148 64 Leib
1078 3076 56 55 in
1176 3065 442 82 geheimnisvoll
1663 3065 430 80 ungebärdigen
2136 3065 357 63 Wünschen,

843 3165 194 62 »Herr
1072 3164 121 63 und
1235 3164 251 63 Erlöser
1526 3163 262 63 komm!«
1832 3163 215 77 jubelte
2090 3172 99 54 sie,
2240 3161 312 64 »Vollzieh
2597 3163 193 62 Deine
2836 3160 242 65 Gewalt

754 3287 78 38 an
873 3272 126 62 mir,
1041 3260 291 82 göttlicher
1376 3258 367 66 Geliebter!«
1807 3258 147 63 Und
2004 3268 84 53 sie
2131 3259 232 62 drückte
2405 3258 86 63 ihr
2535 3258 237 63 Gesicht
2814 3268 56 52 in
2916 3268 158 53 eines

757 3358 102 64 der
908 3358 293 64 Höschen.
1265 3358 130 62 Das
1447 3357 225 62 Linnen
1723 3380 126 38 war
1897 3354 136 64 kühl
2085 3356 122 62 und
2259 3354 240 73 duftete,
2551 3354 133 64 halb
2728 3365 115 53 wie
2900 3354 176 64 reifes

757 3456 143 62 Heu
942 3455 122 63 und
1106 3453 133 64 halb
1273 3464 115 53 wie
1422 3455 504 61 Brunnenwasser
1968 3478 74 36 an
2079 3462 185 54 einem
2298 3451 290 65 schwülen
2624 3447 146 85 Tag.
2817 3451 99 65 Sie
2959 3450 118 63 hob

758 3561 93 54 ein
903 3554 226 61 nacktes
1172 3553 145 62 Bein
1362 3550 122 64 und
1536 3574 115 55 zog
1701 3547 114 64 den
1858 3549 226 62 weißen
2128 3549 159 63 Stoff
2331 3549 252 62 darüber
2634 3549 122 62 und
2804 3573 114 56 zog
2970 3547 104 63 das

758 3672 184 56 ganze
992 3648 172 65 Stück
1216 3673 94 48 an,
1365 3648 249 63 kleidete
1668 3647 110 63 sich
1822 3654 56 53 in
1930 3644 104 63 das
2079 3645 444 82 Spitzenhemd/
2575 3644 156 63 dann
2775 3644 175 63 nahm
2993 3653 83 54 sie

759 3746 111 62 das
913 3746 307 80 festtägige
1263 3746 176 62 Kleid
1482 3768 109 40 aus
1635 3743 134 64 dem
1812 3742 265 65 Schrank.

840 3842 116 62 Als
1007 3852 82 54 sie
1140 3842 106 64 das
1289 3842 315 62 Häuschen
1656 3865 106 38 zur
1802 3840 405 62 Mutterschaft
2256 3840 200 62 Mariä
2507 3838 237 73 verließ,
2795 3864 128 37 war
2974 3836 103 62 der

763 3946 170 54 weite
975 3939 136 62 Hof
1155 3939 129 72 still,
1336 3939 194 62 finster
1581 3936 123 64 und
1754 3936 132 64 leer.
1949 3936 127 62 Der
2117 3936 198 62 Mond
2366 3945 144 70 stieg
2561 3935 144 63 über
2756 3935 104 62 das
2916 3932 158 64 Dach

759 4031 107 64 der
906 4034 218 63 Kirche,
1186 4035 128 62 Das
1359 4033 356 64 Marienbild
1757 4033 173 63 stand
1972 4042 100 53 mit
2114 4033 132 62 dem
2291 4033 172 80 Kopf
2498 4031 122 63 und
2670 4031 114 63 den
2825 4031 251 63 Brüsten
