3338 4572
735 387 98 50 240

1306 384 139 51 Max
1640 383 10 52 Brock
1651 408 151 10 *
1869 383 191 52 JCvcko
2061 383 117 49 Brakes
2179 388 39 47 Weg
2251 395 69 32 zu
2356 383 131 44 Gott

739 605 76 38 zu
859 588 249 64 meinen,
1159 578 113 64 daß
1314 577 165 63 Hudi
1531 576 109 63 alle
1682 574 167 64 Eure
1892 572 193 63 Gäste
2126 593 100 38 um
2267 567 368 63 Problemata
2683 564 354 64 bestehlen.«

740 676 149 63 Und
923 701 63 40 er
1021 676 200 63 drehte
1265 676 130 71 sich,
1437 673 170 64 beide
1640 672 192 64 Arme
1865 668 277 70 erhoben,
2176 673 75 54 im
2286 664 210 63 Kreise
2529 662 223 72 herum,
2794 671 113 53 wie
2941 686 99 38 um

741 798 79 38 zu
852 781 225 73 zeigen,
1120 772 113 63 daß
1268 795 74 38 an
1378 779 188 54 seiner
1597 765 435 84 spindeldürren
2067 760 236 64 Gestalt
2336 758 166 64 keine
2535 758 261 80 geheime
2820 752 223 67 Tasdie

743 871 110 63 sidi
898 869 368 63 ausbauchte.

824 967 391 62 Erschrocken
1257 960 104 68 sah
1404 963 108 63 sich
1554 957 200 83 Tycho
1795 982 121 38 von
1958 955 208 64 beiden
2211 954 198 64 Seiten
2449 951 263 64 bedroht
2776 950 155 64 Nun
2973 958 71 53 ist

745 1087 64 38 es
852 1065 145 60 nicht
1037 1063 196 79 länger
1276 1056 458 71 aufzuschieben,
1778 1053 197 62 dachte
2016 1076 82 48 er,
2150 1051 122 63 und
2312 1049 273 64 nachdem
2627 1072 63 38 er
2731 1047 115 62 den
2886 1045 158 63 Arzt

745 1169 103 53 mit
889 1169 91 53 ein
1022 1183 142 57 paar
1197 1156 256 63 Worten
1493 1179 76 37 zu
1602 1153 308 78 begütigen
1943 1150 233 78 gesucht
2217 1147 172 72 hatte,
2430 1146 103 62 lud
2574 1169 62 39 er
2669 1145 97 62 ihn
2801 1152 112 64 ein,
2955 1151 89 53 ins

745 1255 459 65 Nebenzimmer
1244 1261 371 54 einzutreten.
1661 1249 179 61 Dann
1882 1245 101 63 bat
2025 1269 61 39 er
2112 1244 238 82 Kepler,
2392 1242 111 64 sich
2537 1251 127 54 eine
2697 1240 186 62 kleine
2908 1237 137 64 Zeit

746 1378 78 37 zu
865 1350 306 80 gedulden,
1215 1348 119 62 und
1379 1346 176 79 folgte
1600 1344 132 63 dem
1773 1344 208 61 Arzte,

826 1448 91 62 Es
959 1447 238 62 dauerte
1238 1444 184 80 lange.
1469 1440 272 80 Unruhig
1783 1449 133 70 ging
1949 1439 220 81 Kepler
2209 1438 112 63 auf
2354 1435 122 65 und
2518 1434 92 64 ab.
2654 1434 90 62 Er
2785 1433 260 63 blätterte

746 1553 56 54 in
845 1543 112 63 den
999 1539 466 82 Manuskripten,
1507 1538 214 62 konnte
1762 1536 141 63 aber
1944 1536 165 63 keine
2152 1533 338 79 Sammlung
2532 1531 208 63 finden.
2785 1528 148 64 Und
2974 1552 71 38 so

746 1640 145 62 wird
932 1664 62 38 es
1037 1639 120 62 hier
1199 1647 199 53 immer
1439 1645 143 63 sein,
1625 1633 198 64 dachte
1867 1658 81 48 er,
1988 1632 196 80 täglich
2227 1654 153 39 neue
2411 1628 453 80 Aufregungen,
2904 1626 142 62 Ab«

749 1736 326 79 haltungen.
1146 1734 147 62 Und
1342 1741 102 54 mit
1486 1731 113 64 den
1642 1731 278 64 Schriften
1971 1730 138 62 mich
2160 1727 168 64 allein
2377 1726 193 64 lassen
2601 1776 53 12 ..
2688 1776 10 12 ,
2753 1724 107 62 das
2902 1722 148 63 wird

746 1828 199 84 Tycho
988 1840 91 54 nie
1112 1829 282 80 zugeben.
1441 1829 85 64 So
1562 1828 151 62 habe
1748 1828 78 61 ich
1870 1851 63 38 es
1969 1834 107 53 mir
2115 1835 56 69 ja
2204 1824 176 62 heute
2422 1846 240 55 morgen
2695 1818 350 81 vorgestellt.

746 1928 135 81 Jede
914 1927 211 63 Arbeit
1158 1927 147 62 wird
1341 1926 319 78 unmöglich
1687 1933 145 62 sein,
1874 1947 149 56 ganz
2058 1920 337 81 unmöglich.
2439 1918 257 80 Ehrgeiz
2729 1917 123 62 und
2883 1915 123 64 Ver-

746 2026 298 80 bitterung,
1072 2025 104 62 das
1204 2023 130 64 sind
1359 2022 287 65 schlimme
1670 2021 538 79 Arbeitsgenossen
2239 2068 11 13 .
2283 2068 10 13 ,
2328 2068 10 13 .
2375 2017 90 62 Er
2489 2014 197 64 redete
2712 2014 110 63 sich
2850 2022 200 53 immer

746 2121 163 65 tiefer
950 2131 54 52 in
1047 2121 93 62 die
1181 2121 157 62 Wut
1380 2120 212 71 hinein,
1644 2143 63 38 er
1747 2143 127 37 war
1924 2117 113 63 fest
2079 2115 410 71 entschlossen,
2540 2112 139 62 noch
2723 2110 176 63 heute
2940 2108 110 63 ab«

748 2229 280 52 zureisen.

823 2314 261 64 Plötzlich
1135 2313 207 63 wurde
1393 2312 93 62 die
1527 2307 163 66 Türe
1740 2309 375 80 aufgerissen.
2169 2308 221 61 Zuerst
2438 2305 248 64 erschien
2729 2305 324 77 Hagecius,

746 2412 209 63 dessen
1007 2411 236 63 Gesicht
1291 2434 112 38 vor
1460 2408 188 62 lauter
1698 2406 208 63 Falten
1966 2406 122 61 und
2137 2403 272 62 Fältchen
2469 2426 107 38 nur
2634 2425 68 39 so
2762 2399 289 64 schillerte.

746 2510 177 62 Dann
975 2507 234 64 wankte
1258 2503 203 84 Tycho
1513 2505 216 71 herein,
1788 2502 94 64 die
1934 2503 279 78 Wangen
2272 2525 150 55 ganz
2479 2498 217 63 farblos
2745 2521 165 56 grau,
2961 2496 93 62 die

746 2606 220 79 Augen
1000 2614 139 53 weit
1173 2604 466 78 aufgerissen,..
1677 2601 117 62 Die
1828 2599 207 63 beiden
2070 2599 260 62 schienen
2364 2596 173 62 schon
2571 2592 296 65 Abschied
2900 2616 155 39 von«

749 2702 272 63 einander
1054 2724 349 58 genommen
1437 2724 76 37 zu
1549 2698 220 73 haben,*
1799 2693 202 83 Tycho
2037 2694 170 65 stand
2240 2693 288 81 sprachlos
2565 2691 94 73 da,
2695 2714 61 38 er
2790 2690 267 78 bewegte

749 2798 126 64 kein
925 2797 196 65 Glied.
1176 2797 388 65 Gravitätisch
1614 2796 202 60 reichte
1858 2794 303 79 Hagecius
2213 2790 217 80 Kepler
2481 2788 92 63 die
2623 2787 200 63 Hand.
2876 2785 181 63 Dann

750 2895 234 62 wandte
1027 2919 61 38 er
1130 2895 109 62 sich
1284 2892 288 64 nochmals
1616 2915 74 38 an
1733 2886 226 84 Tycho:
2010 2887 338 65 »Vielleicht
2389 2884 151 64 habe
2582 2884 77 63 ich
2695 2883 141 62 doch
2871 2898 184 46 etwas

751 2991 378 62 übertrieben.
1173 2991 174 62 Auch
1389 3013 150 56 ganz
1580 2987 477 79 vernachlässigte
2090 2983 173 64 Mala
2303 2982 191 64 haben
2537 2981 92 62 bei
2669 2996 168 64 guter
2869 2978 190 79 Pflege

751 3090 138 61 noch
924 3099 128 52 eine
1087 3088 327 78 Wendung
1447 3095 87 54 ins
1569 3086 247 63 Bessere
1849 3107 364 57 genommen.
2259 3081 85 63 Ich
2387 3079 230 62 komme
2651 3076 136 64 bald
2820 3075 239 71 wieder,

753 3184 336 74 nachsehen,
1132 3184 79 64 ob
1246 3184 92 62 Ihr
1380 3193 188 53 meine
1602 3183 299 61 Mixturas
1935 3182 191 77 richtig
2159 3185 405 73 introcipieret.
2611 3174 85 63 So
2730 3174 118 62 lebt
2880 3170 179 74 wohl,

753 3279 357 65 Professor.«
1157 3276 200 83 Tycho
1402 3278 195 64 rührte
1639 3278 109 62 sich
1793 3278 141 61 noch
1977 3286 201 52 immer
2218 3273 163 71 nicht,
2424 3296 109 38 nur
2575 3279 159 54 seine
2768 3269 291 62 schweren

755 3376 361 81 Augenlider
1158 3376 306 80 bewegten
1506 3376 109 62 sich
1660 3375 260 78 langsam
1962 3372 273 62 abwärts.
2288 3367 262 65 Hierauf
2589 3366 319 78 verbeugte
2950 3364 109 63 sich

758 3471 300 80 Hagecius
1102 3474 121 62 und
1263 3484 149 70 ging.

835 3569 198 62 Kaum
1075 3570 151 64 hatte
1270 3594 61 40 er
1373 3570 94 62 die
1500 3566 161 65 Türe
1695 3568 184 62 hinter
1914 3568 109 62 sich
2057 3564 384 82 geschlossen,
2483 3587 69 38 so
2587 3571 218 53 stürzte
2838 3554 223 84 Tycho,

760 3672 112 53 wie
919 3688 120 38 von
1091 3676 184 53 einem
1328 3665 417 64 fürchterlichen
1788 3664 166 61 Bann
2005 3662 197 71 erlöst,
2245 3683 75 38 an
2371 3658 105 62 das
2519 3654 542 80 Manuskripttisch«

765 3758 150 73 dien,
956 3761 88 62 fiel
1084 3771 56 52 in
1182 3772 166 53 einen
1384 3761 215 73 Sessel,
1642 3761 157 62 warf
1834 3759 113 63 den
1980 3757 174 81 Kopf
2187 3766 57 53 in
2287 3756 93 61 die
2411 3752 219 63 Hände
2672 3751 122 62 und
2834 3749 227 82 begann

765 3852 121 62 laut
918 3879 74 37 zu
1026 3859 428 62 schluchzen...
1491 3859 273 62 Entsetzt
1789 3879 212 57 sprang
2027 3851 219 82 Kepler
2272 3851 174 62 hinzu
2474 3848 120 63 und
2627 3846 434 63 umklammerte

769 3958 156 53 seine
975 3950 306 66 Schultern,
1334 3955 101 61 Da
1483 3954 107 62 sah
1639 3950 202 82 Tycho
1893 3951 112 62 auf
2048 3950 122 62 und
2221 3947 107 64 sah
2377 3945 249 81 Keplers
2669 3945 221 79 Augen
2940 3968 121 38 von
