3277 4572
692 476 90 51 198

1054 477 230 53 Norßert
1302 477 234 63 Jacques
1560 502 11 12 •
1589 476 119 51 Das
1750 473 267 65 Vogefnest
2044 480 52 44 in
2129 473 95 50 der
2251 472 361 51 Marienßrone

692 679 91 53 ein
819 670 532 62 schmiedeeiserner
1375 668 304 63 Baldachin
1720 668 192 61 wuchs
1955 665 120 62 und
2117 674 90 52 ein
2250 663 183 63 hohes
2469 663 365 63 Steinbildnis
2879 664 101 62 der

692 767 226 61 Mutter
937 765 211 64 Gottes
1176 777 54 51 in
1256 767 109 61 sich
1392 764 298 64 einschloß.
1728 764 114 61 Die
1870 762 231 63 Gestalt
2126 760 199 61 Mariä
2359 783 123 38 war
2517 758 308 79 hochleibig
2860 760 119 61 und

694 862 129 62 fest.
871 861 96 63 Sie
995 861 135 63 hielt
1155 861 177 62 ihrem
1359 863 233 60 nackten
1619 857 287 65 Knäblein
1934 856 90 62 die
2049 864 183 72 spitze
2267 856 190 61 offene
2484 854 174 61 Brust
2684 853 296 79 drängend

697 957 117 73 hin,
865 958 121 61 und
1036 981 70 38 so
1155 966 113 53 wie
1319 956 93 63 die
1453 956 228 79 Heilige
1732 955 112 61 den
1886 951 279 63 schmalen
2208 950 224 62 stolzen
2475 948 183 80 Kopf,
2702 948 111 63 auf
2851 948 129 63 dem

698 1063 128 53 eine
859 1071 125 45 zart
1017 1064 56 52 in
1107 1063 323 52 steinernen
1458 1052 243 61 Blumen
1728 1050 119 62 und
1874 1049 400 62 Ornamenten
2301 1044 451 63 durchbrochene
2778 1045 205 62 Krone

698 1150 125 70 saß,
866 1150 221 61 zärtlich
1122 1174 75 36 zu
1233 1149 131 61 dem
1398 1146 349 79 Säugenden
1781 1144 402 79 niederneigte,
2226 1165 124 39 war
2383 1149 83 53 sie
2500 1150 101 52 mit
2634 1149 156 52 einer
2823 1149 161 52 sinn*

698 1244 174 62 liehen
917 1243 120 62 und
1077 1242 425 80 verlangenden
1527 1239 381 65 Weltlichkeit
1949 1263 108 37 aus
2100 1238 131 61 dem
2274 1235 309 64 Sandstein
2623 1234 280 79 gehauen.

782 1339 116 63 Oft
946 1338 204 62 kamen
1192 1337 253 62 Fremde
1496 1347 54 52 in
1595 1337 112 62 den
1748 1334 136 64 Hof
1920 1334 119 63 und
2079 1332 224 62 blieben
2347 1347 260 46 erstaunt
2646 1355 111 37 vor
2799 1331 188 61 dieser

701 1436 195 62 irdisch
939 1435 223 62 stolzen
1187 1433 224 63 Mutter
1451 1432 202 64 stehen
1689 1432 120 62 und
1842 1430 179 63 sahen
2057 1428 145 64 stille
2237 1427 343 62 freundliche
2606 1426 236 61 Frauen
2876 1450 109 37 aus

701 1531 111 62 den
871 1531 308 61 Häusdien
1246 1545 181 45 treten
1494 1527 121 63 und
1681 1527 170 61 ihnen
1910 1525 235 63 herzlich
2202 1525 289 61 zunicken.
2563 1522 116 61 Die
2745 1521 239 61 Frauen

702 1626 189 63 hatten
934 1635 172 52 weite
1148 1624 171 62 blaue
1360 1624 192 61 Röcke
1602 1648 75 37 an
1719 1633 102 52 mit
1861 1624 253 61 schwarz
2150 1618 512 80 aufgeschlagenen
2696 1616 292 71 Rändern,

703 1739 167 45 unter
927 1720 185 63 denen
1163 1720 185 61 weiße
1400 1718 296 80 Strümpfe
1747 1718 332 62 leuchteten.
2140 1715 135 61 Den
2326 1713 173 80 Kopf
2541 1710 278 64 umhüllte
2862 1720 127 53 eine

702 1818 185 61 weiße
928 1817 178 61 breite
1146 1814 234 63 Haube,
1427 1814 97 63 Sie
1566 1813 268 62 huschten
1877 1812 172 62 dahin
2085 1811 121 62 und
2237 1833 134 39 man
2406 1808 165 62 hörte
2606 1807 119 62 ihre
2761 1807 229 62 Schritte

702 1915 157 62 nicht.
920 1913 169 61 Aber
1148 1911 118 62 ihre
1324 1910 236 62 Kleider
1618 1910 298 61 rauschten
1976 1908 153 61 leise.
2193 1906 99 63 Sie
2349 1903 189 63 hatten
2588 1903 223 61 Bündel
2870 1926 120 38 von

703 2009 233 80 Spitzen
986 2009 145 61 oder
1172 2007 214 61 Kissen
1439 2014 100 53 mit
1587 2004 381 80 begonnenen
2011 2000 510 81 Klöppelarbeiten
2563 2007 55 53 in
2663 1997 112 63 den
2817 1999 176 61 Hän*

703 2104 131 71 den,
885 2103 119 63 und
1055 2104 232 61 Damen
1338 2100 102 62 der
1491 2099 167 65 Stadt
1700 2099 208 62 hielten
1954 2107 84 53 sie
2081 2122 74 37 an
2199 2095 120 62 und
2361 2095 182 61 ließen
2585 2094 110 62 sich
2738 2093 92 62 die
2863 2093 131 62 Ar*

702 2200 188 61 beiten
933 2208 198 69 zeigen
1174 2197 122 62 und
1345 2195 232 63 kauften
1627 2204 100 54 sie.
1789 2194 116 61 Die
1954 2193 238 61 Frauen
2241 2213 198 40 waren
2489 2190 314 78 Beguinen.
2857 2188 136 80 Jede

703 2320 120 38 von
867 2294 170 63 ihnen
1079 2293 153 62 lebte
1272 2316 121 38 von
1436 2291 157 62 ihren
1637 2288 443 64 Handarbeiten
2123 2296 55 53 in
2221 2294 259 70 eigenem
2522 2286 311 61 Häuschen
2876 2282 121 63 und

703 2390 322 71 Haushalt,
1084 2388 121 63 und
1253 2413 126 36 was
1430 2411 139 38 vom
1611 2381 130 84 Tag
1792 2383 176 71 blieb,
2019 2382 196 62 teilten
2267 2390 83 53 sie
2401 2380 93 62 für
2537 2378 147 64 Gott
2726 2380 118 61 auf.
2905 2378 91 63 Es

703 2510 200 38 waren
938 2494 244 53 zumeist
1223 2484 133 71 alte,
1398 2481 298 79 beruhigte
1740 2480 120 62 und
1902 2477 437 82 anspruchslose
2381 2476 254 61 Frauen.

786 2583 171 62 Aber
1000 2592 126 52 eine
1168 2604 126 38 war
1336 2590 138 68 jung
1516 2595 166 45 unter
1724 2576 187 63 ihnen.
1966 2575 128 62 Das
2136 2598 124 37 war
2303 2573 319 63 Schwester
2664 2570 198 70 Klara,
2907 2569 92 62 die

706 2688 75 54 im
815 2678 310 62 Häuschen
1168 2701 74 37 an
1286 2675 102 61 der
1420 2673 401 63 Mariensäule
1855 2670 254 63 wohnte.
2155 2668 98 63 Sie
2287 2692 124 38 war
2443 2691 120 38 von
2599 2675 184 53 einem
2827 2665 171 61 fetten

707 2773 121 62 und
870 2772 255 79 bigotten
1159 2771 263 61 Hofaus
1459 2768 378 64 Ostflandern
1872 2766 372 78 gekommen,-
2284 2772 83 53 sie
2401 2786 125 38 war
2559 2769 76 54 im
2670 2758 329 65 Gedanken

707 2870 319 62 Schwester
1074 2893 76 36 zu
1193 2865 243 63 werden
1487 2888 247 54 erzogen
1784 2861 244 63 worden
2089 2860 120 62 und
2260 2860 158 61 hatte
2469 2857 157 61 ihren
2668 2856 227 61 Eintritt
2944 2863 55 54 in

707 2965 105 62 das
856 2962 448 82 Beguinenhaus
1364 2961 142 62 über
1555 2961 108 61 sich
1714 2982 344 57 genommen
2100 2966 113 52 wie
2264 2956 105 61 das
2419 2954 232 78 tägliche
2692 2952 156 63 Brot,
2903 2951 98 62 Sie

707 3062 151 62 hatte
885 3069 90 52 nie
1009 3084 74 37 an
1119 3058 214 62 andere
1351 3056 397 78 Wendungen
1775 3054 149 62 ihres
1958 3053 227 62 Lebens
2228 3050 234 80 gedacht
2496 3049 120 61 und
2650 3072 125 37 war
2809 3048 193 61 frische

707 3180 132 54 weg
891 3154 121 62 und
1063 3153 152 63 ohne
1265 3150 318 80 Übergang
1633 3175 108 38 aus
1793 3149 132 62 dem
1978 3148 444 61 feuchtwarmen
2472 3144 378 78 Keimgeruch
2902 3140 100 63 der

708 3252 179 64 Ställe
931 3250 120 62 und
1093 3250 131 62 dem
1279 3258 199 52 immer
1520 3270 211 40 nassen
1774 3244 120 64 und
1938 3243 250 62 dunkeln
2230 3242 198 62 Leben
2480 3239 102 63 der
2630 3237 368 63 Flachlands*
2998 3267 5 10 1

710 3350 161 60 äcker
912 3356 54 52 in
1009 3346 106 62 das
1157 3345 177 80 große
1376 3343 402 79 Stadtgewese
1821 3340 103 62 des
1968 3338 239 63 Ordens
2250 3347 367 69 eingetreten.
2664 3335 99 61 Da
2804 3342 84 52 sie
2927 3354 76 39 zu

710 3443 172 61 Haus
925 3451 91 53 ein
1059 3449 189 70 wenig
1276 3436 526 65 Weißschneiderei
1844 3435 292 62 betrieben
2179 3432 157 61 hatte
2380 3430 120 63 und
2533 3430 110 62 sich
2678 3429 160 61 darin
2872 3425 132 63 sehr

711 3538 267 77 geschickt
1009 3545 203 70 zeigte,
1247 3535 329 62 verbrachte
1609 3543 84 53 sie
1728 3533 112 62 den
1858 3528 148 82 Tag,
2043 3529 184 63 soviel
2264 3528 91 62 die
2392 3526 282 63 frommen
2709 3523 294 77 Übungen

715 3632 81 61 ihr
838 3633 194 61 davon
1078 3632 308 70 freiließen,
1428 3641 101 50 mit
1569 3629 226 62 solchen
1837 3628 305 62 Arbeiten.
2197 3624 99 64 Sie
2336 3647 126 37 war
2512 3622 174 61 kaum
2730 3620 142 61 über
2914 3624 89 55 ein

716 3726 196 63 halbes
953 3728 129 79 Jahr
1124 3737 55 52 in
1223 3727 177 62 ihrem
1442 3726 314 62 Häuschen
1799 3723 120 62 und
1961 3746 124 38 war
2126 3728 263 69 zwanzig
2428 3716 165 81 Jahre
2635 3716 90 62 alt.

795 3821 162 62 Vom
999 3818 128 83 Tag
1169 3822 148 63 ihres
1352 3822 264 61 Eintritts
1670 3820 73 62 ab
1785 3836 131 62 trug
1964 3827 84 54 sie
2098 3817 119 61 ihre
2259 3813 218 82 Jugend
2519 3812 120 62 und
2679 3811 85 61 ihr
2805 3807 198 64 Leben

721 3923 112 53 wie
868 3933 179 45 etwas
1082 3918 451 71 Verdunkeltes,
1567 3925 114 52 wie
1715 3924 127 53 eine
1886 3912 273 64 feierliche
2192 3911 217 69 Macht,
2447 3907 143 61 über
2625 3906 90 61 die
2749 3914 83 53 sie
2865 3901 141 62 nicht

720 4009 148 61 recht
901 4010 184 62 selber
1117 4012 285 77 verfugte,
1435 4020 114 52 wie
1590 4028 205 53 etwas,
1837 4008 106 62 das
1986 4006 85 63 ihr
2103 4029 119 40 von
2268 4003 355 81 irgendeiner
2663 3999 345 80 geheimnis*
