3241 4572
748 418 230 52 Norßert
996 420 237 64 Jacques
1257 447 9 10 •
1285 423 121 50 Das
1449 425 268 65 Vogefnest
1746 438 52 43 in
1831 433 95 49 der
1953 434 362 57 Marienßrone

2581 451 96 52 205

380 609 203 65 wurde
617 608 212 64 dunkel
866 612 121 62 und
1012 614 194 63 sudite
1232 625 101 53 mit
1360 616 392 83 feindseligem
1779 623 139 65 Haß
1944 626 104 65 das
2076 647 157 61 gute,
2267 637 108 60 sidi
2401 637 273 70 freuende

380 707 233 65 Gesicht
655 706 103 62 der
790 707 155 64 alten
979 710 260 80 Beguine
1272 738 78 36 zu
1384 715 278 80 sdilagen,
1708 719 93 63 Ihr
1835 722 161 64 Herz
2029 750 125 38 war
2187 730 110 62 auf
2323 736 204 63 einmal
2559 740 115 62 voll

376 804 442 78 Enttäuschung
867 805 122 62 und
1037 806 307 65 Bitterkeit.
1399 810 99 63 Sie
1539 830 184 49 setzte
1764 818 109 61 sich
1916 843 75 39 an
2034 821 121 65 ihre
2203 825 214 66 Arbeit
2464 834 208 65 nieder.

377 900 97 64 Sie
508 898 165 62 hörte
707 901 145 60 nicht
885 909 114 53 wie
1034 901 85 63 ihr
1153 903 93 63 die
1280 904 116 65 alte
1430 906 228 67 Nonne
1692 914 205 64 zurief:
1935 917 122 63 »So
2092 917 269 68 kommen
2387 924 97 65 Sie
2518 928 156 75 doch,

373 1004 150 54 mein
566 995 187 72 Kind,
796 997 248 63 schauen
1088 998 101 65 Sie
1238 1002 109 62 sich
1401 1003 95 64 die
1537 1007 213 73 süßen,
1784 1008 250 78 kleinen,
2085 1018 235 62 nackten
2362 1020 312 82 Spätzchen

373 1093 139 61 an!«
559 1091 99 63 Sie
700 1092 200 63 verbiß
943 1096 111 61 sich
1098 1105 55 53 in
1197 1097 93 63 die
1331 1098 236 76 Arbeit,
1609 1103 85 64 riß
1738 1105 106 64 das
1878 1107 225 66 Bündel
2139 1112 256 82 Spitzen,
2438 1117 103 66 das
2584 1122 90 64 die

371 1187 143 62 Alte
555 1187 132 64 aufs
722 1188 397 66 Fensterbrett
1159 1194 169 80 legte,
1364 1220 75 38 an
1474 1199 131 73 sich,
1639 1204 214 80 stopfte
1881 1229 62 39 es
1979 1227 185 62 erregt
2197 1219 55 55 in
2287 1213 112 63 den
2433 1215 239 66 Haufen

369 1309 119 37 von
529 1285 223 62 Linnen
805 1286 122 64 und
976 1287 111 65 ließ
1130 1290 267 81 Spitzen,
1439 1294 207 66 Zwirn
1699 1300 122 62 und
1862 1303 202 64 Nadel
2112 1317 101 53 mit
2253 1308 225 66 bitterer
2517 1314 156 64 Hast

371 1379 119 63 und
532 1379 498 84 Gleichgültigkeit
1072 1385 170 65 durch
1285 1388 122 65 ihre
1448 1390 216 83 Finger
1703 1397 227 78 gleiten,
1973 1403 281 65 während
2295 1408 216 64 schwer
2551 1412 120 62 und

368 1477 295 63 brennend
706 1478 93 63 die
841 1475 237 70 Tränen
1121 1493 56 54 in
1222 1484 158 65 ihren
1422 1488 215 66 blauen
1678 1493 222 83 Augen
1943 1498 340 83 aufstiegen.

444 1573 135 61 Den
622 1597 224 55 ganzen
881 1572 132 85 Tag
1055 1578 145 65 über
1241 1581 208 66 kamen
1487 1585 154 64 dann
1676 1588 93 64 die
1801 1591 312 81 Beguinen,
2156 1597 115 64 alte
2313 1600 119 62 und
2471 1611 195 71 Junge,

364 1694 108 37 vor
521 1670 85 62 ihr
646 1671 250 65 Fenster
946 1676 122 62 und
1111 1679 269 63 schauten
1422 1707 78 38 zu
1543 1684 132 64 dem
1718 1686 159 65 Nest
1918 1690 209 65 hinauf
2160 1695 120 62 und
2329 1702 334 62 entzückten

366 1765 123 64 sich.
535 1765 322 66 Schwester
898 1770 181 64 Klara
1124 1773 79 63 litt
1246 1779 284 79 unsäglich
1576 1798 166 47 unter
1783 1784 102 64 der
1926 1787 248 66 dunkeln
2217 1792 445 83 Feindseligkeit

366 1862 116 62 und
524 1862 465 77 Verlassenheit,
1032 1879 102 54 mit
1176 1870 101 64 der
1319 1883 85 53 sie
1445 1877 109 62 sich
1598 1879 110 61 auf
1741 1882 206 62 einmal
1990 1887 282 79 umgeben
2316 1889 197 65 fühlte.
2560 1892 99 65 Sie

364 1958 200 64 sehnte
622 1962 109 61 sich
783 1964 138 61 nach
973 1964 113 64 den
1138 1977 315 66 einsamen,
1511 1973 259 65 braunen
1813 1976 226 67 Äckern
2085 1981 149 65 ihres
2282 1986 373 67 Heimathofs

363 2055 118 62 und
523 2069 198 68 spürte
764 2060 113 63 den
921 2062 232 65 starken
1197 2065 230 66 Geruch
1472 2070 147 63 ihrer
1651 2072 568 83 Frühlingsschollen,
2264 2081 90 64 Es
2398 2108 124 39 war
2564 2096 89 53 ein

361 2149 260 83 Sonntag
662 2164 76 53 im
778 2156 193 83 April.
1017 2160 131 63 Das
1184 2161 229 65 Wetter
1454 2190 126 39 war
1618 2193 119 38 von
1780 2180 155 54 einer
1968 2173 367 82 drängenden
2368 2179 280 66 Klarheit,

357 2246 113 64 Die
510 2249 136 63 Luft
696 2278 124 38 war
869 2265 139 70 jung
1059 2258 121 62 und
1229 2260 155 63 stark
1435 2263 119 62 und
1604 2274 113 55 wie
1765 2287 281 62 gespannt
2085 2296 118 38 von
2245 2277 248 62 tausend
2535 2303 115 37 un«

355 2344 310 66 sichtbaren
709 2349 252 81 Dingen.
1016 2353 62 64 In
1130 2364 187 55 einem
1359 2358 366 66 Durchbruch
1777 2363 142 64 über
1967 2366 130 63 dem
2139 2363 123 69 Tor
2310 2372 170 62 stand
2522 2375 125 63 fern

354 2447 55 52 in
451 2439 99 64 der
593 2442 171 66 Stadt
806 2457 92 52 ein
941 2451 319 80 mächtiger,
1302 2455 275 77 gotischer
1618 2457 320 66 Kirchturm
1980 2471 99 53 mit
2118 2462 184 65 klarer
2343 2466 304 67 Schwärze

353 2544 72 53 im
467 2536 235 67 dünnen
744 2542 276 66 Himmel,
1068 2546 198 81 Vögel
1317 2551 212 64 schrien
1565 2561 74 55 im
1681 2555 139 62 Hof
1853 2557 119 63 und
2014 2559 161 63 fielen
2217 2585 118 39 von
2379 2563 265 67 Dächern

352 2632 116 61 und
502 2632 193 68 Ästen
739 2641 112 61 auf
885 2641 93 64 die
1011 2644 152 75 Luft,
1208 2645 360 83 überstiegen
1604 2651 108 61 sich
1746 2653 244 80 balgend
2024 2655 121 63 und
2177 2658 199 73 riefen,
2419 2662 222 63 warfen

349 2728 104 61 sich
496 2729 139 66 hoch
679 2735 145 64 über
875 2739 91 62 die
1008 2740 228 64 Dächer
1276 2743 103 63 des
1421 2744 268 65 Klosters
1732 2757 55 53 in
1831 2749 92 62 die
1965 2749 168 65 Stadt
2174 2753 206 65 hinein.
2432 2756 63 62 In
2539 2757 102 65 der

348 2822 165 66 Stadt
673 2856 128 41 was
861 2834 154 65 hätte
1065 2837 319 65 Schwester
1432 2841 182 64 Klara
1670 2845 88 62 bis
1808 2845 171 63 dahin
2031 2847 186 64 ferner
2264 2851 238 81 gelegen
2553 2855 85 63 als

347 2918 153 66 diese
535 2925 189 76 Stadt,
767 2931 94 63 die
904 2932 94 64 für
1039 2944 84 53 sie
1166 2944 199 54 immer
1398 2961 109 38 nur
1540 2947 91 54 ein
1665 2940 350 82 gleichgültig
2046 2944 345 66 brodelnder
2422 2949 216 66 Kessel

343 3038 268 55 gewesen
761 3027 237 65 feierten
1043 3030 91 65 die
1167 3032 317 64 Menschen
1526 3034 176 65 heute
1742 3046 90 54 ein
1868 3038 321 66 Volksfest.
2233 3043 189 64 Laute
2456 3045 182 65 Stirne

343 3134 146 53 men,
523 3118 268 78 Schüsse,
827 3124 550 84 Wagengeknatter,
1416 3130 207 64 Lieder
1656 3133 263 80 schlugen
1953 3144 136 54 wirr
2119 3158 299 62 vermengt
2451 3151 56 53 in
2544 3144 92 64 die

340 3209 139 65 stille
519 3214 150 66 Insel
703 3219 105 65 des
842 3223 469 80 Beguinenhofes
1352 3226 262 64 herüber.
1652 3228 146 65 Und
1824 3231 104 63 das
1954 3232 139 63 alles
2121 3232 165 66 hörte
2313 3236 323 67 Schwester

340 3302 177 70 Klara
541 3314 112 63 auf
670 3319 225 63 einmal.
926 3321 105 62 All
1058 3321 92 63 die
1192 3322 199 64 fernen
1418 3322 356 76 Geräusche,
1801 3326 104 63 das
1938 3353 185 54 ganze
2147 3331 197 63 Leben
2372 3333 262 66 draußen

339 3399 175 86 drang
554 3408 86 65 bis
683 3438 76 38 an
801 3425 84 55 sie
919 3416 197 75 heran,
1158 3419 269 63 berührte
1460 3419 158 63 ihren
1652 3422 141 63 Leib
1827 3433 113 53 wie
1975 3434 127 54 eine
2135 3426 217 75 Welle,
2395 3430 93 65 die
2523 3435 110 61 sich

336 3501 73 57 im
442 3499 174 68 Meer
656 3507 139 75 hob,
838 3523 146 70 stieg
1026 3515 152 62 sacht
1211 3514 120 63 und
1364 3516 214 63 schwer
1619 3542 74 38 an
1728 3518 158 64 ihren
1921 3520 280 65 Gliedern
2236 3523 192 67 hinan.
2474 3528 159 65 Was

334 3613 122 43 war
496 3599 138 66 das?
669 3605 99 65 Sie
803 3633 213 57 sprang
1049 3612 121 71 auf,
1205 3612 121 62 und
1359 3612 72 62 all
1467 3612 119 63 ihre
1627 3614 249 64 Nerven
1910 3617 288 64 lauschten
2234 3619 226 68 hinaus.
2507 3626 128 63 Der

334 3685 315 78 Kirchturm
691 3706 172 62 stand
905 3707 211 65 dunkel
1159 3708 120 62 und
1319 3709 268 80 gewaltig
1620 3720 56 53 in
1709 3711 103 63 der
1844 3713 136 62 Luft
2022 3714 120 64 und
2184 3717 144 63 über
2370 3720 103 64 der
2514 3722 121 64 lär«

333 3789 240 66 menden
608 3797 191 75 Stadt,
833 3814 114 53 wie
982 3805 104 63 das
1114 3805 357 63 Monument
1504 3816 156 53 eines
1695 3808 428 77 unbekannten,
2159 3814 190 64 nahen
2376 3817 254 66 Landes.

408 3882 95 66 Sie
543 3894 215 66 verließ
801 3899 85 63 ihr
918 3901 337 64 Häuschen:
1299 3927 105 38 zur
1436 3902 398 66 Mutterschaft
1865 3906 216 66 Mariä.
2128 3909 99 65 Sie
2269 3915 160 62 warf
2464 3925 167 55 einen

330 3971 363 83 trennenden
735 3994 150 65 Blick
936 3998 112 62 auf
1090 3999 91 62 die
1222 3998 431 67 Marienkrone.
1699 4001 118 64 Ein
1859 4003 202 63 Kranz
2103 4009 227 64 nackter
2371 4010 260 82 Vöglein
