3319 4572
683 443 96 50 228

1257 446 139 51 Max
1594 446 9 51 Brod
1604 472 46 11 •
1651 444 140 65 Ügcßo
1825 445 196 52 Braßes
2210 463 68 31 zu

687 638 166 80 gäbe.

688 735 248 63 danken.
983 735 99 65 Sie
1115 736 105 62 sah
1256 737 141 63 noch
1431 736 201 64 keinen
1658 736 173 80 Weg,
1873 735 215 63 konnte
2122 734 107 62 sich
2264 732 145 64 nicht
2443 735 208 61 einmal
2686 735 94 62 die
2813 735 189 82 Mög«

688 830 216 64 lichkeit
946 833 328 73 vorstellen,
1318 833 112 62 daß
1473 833 156 62 diese
1672 831 179 64 Sache
1892 848 102 62 gut
2036 829 290 80 ausgehen
2371 829 204 63 könne.
2620 829 146 62 Und
2809 831 190 64 indem

689 937 85 53 sie
815 947 151 44 trotz
1011 929 165 62 allem
1220 938 126 53 eine
1388 928 368 63 unbestimmt
1799 927 445 63 anschwellende
2287 924 306 81 Hoffnung
2643 927 205 73 fühlte,
2899 937 103 54 mit

691 1024 364 80 Leichtigkeit
1097 1026 121 62 und
1260 1026 152 62 ohne
1446 1024 323 80 eigentliche
1801 1023 373 80 Überlegung
2206 1046 67 39 so
2309 1022 331 80 mühselige,
2686 1041 316 63 entgegen«

692 1140 254 61 gesetzte
973 1121 500 80 Verpflichtungen
1510 1122 341 74 übernahm,
1886 1120 171 62 deren
2085 1118 446 80 Durchführung
2564 1120 244 62 nachher
2841 1121 158 63 ihren

693 1242 225 55 ganzen
961 1219 433 62 vermittelnden
1437 1217 325 64 Scharfsinn
1815 1226 55 54 in
1914 1217 332 79 Bewegung
2295 1233 194 45 setzen
2542 1217 214 74 mußte,
2808 1219 193 63 indem

693 1324 84 52 sie
820 1315 144 61 eben
1008 1315 146 61 ihrer
1196 1313 267 63 obenauf
1496 1313 296 80 liegenden
1836 1314 273 79 Klugheit
2151 1330 278 63 entgegen
2481 1322 167 54 einen
2700 1314 299 79 geheimen

694 1410 120 63 und
854 1410 172 63 tiefen
1070 1409 273 62 Glauben
1387 1433 74 38 an
1506 1410 91 61 die
1630 1409 290 62 Allmacht
1961 1410 147 61 ihres
2150 1408 503 75 Herzenswillens,
2698 1410 87 61 ihr
2825 1410 177 64 selbst

693 1507 174 62 kaum
901 1504 252 75 bewußt,
1197 1515 102 52 mit
1342 1506 274 62 frommer
1658 1506 275 80 Innigkeit
1972 1506 85 62 als
2100 1504 104 64 das
2231 1504 226 64 Wesen
2491 1506 149 62 ihrer
2673 1507 175 64 selbst
2890 1517 112 55 wie

694 1602 135 62 aller
862 1602 192 79 Dinge
1097 1601 291 80 empfand,
1432 1612 315 52 vermeinte
1789 1611 100 65 sie,
1933 1611 127 53 eine
2099 1626 150 56 ganz
2288 1626 150 38 neue
2480 1604 330 78 ungeahnte
2836 1605 165 62 Bahn

693 1699 147 61 ihres
882 1699 230 62 Lebens
1153 1722 76 38 zu
1271 1698 287 74 betreten,*
1614 1699 267 62 indessen
1933 1708 204 53 erwies
2178 1708 81 53 sie
2301 1700 108 61 sich
2460 1700 213 79 gerade
2718 1700 166 62 durch
2930 1701 73 64 all

694 1795 105 63 das
842 1795 82 61 als
967 1797 92 61 die
1101 1795 153 63 echte
1295 1791 247 67 Tochter
1583 1798 149 61 ihres
1774 1795 227 64 Vaters.

1832 1967 31 26 *

772 2082 215 82 Kepler
1026 2084 230 78 begann
1299 2092 103 54 mit
1444 2091 156 55 einer
1642 2084 495 80 Entschuldigung
2178 2084 120 63 und
2347 2084 224 63 brachte
2621 2094 83 54 sie
2745 2110 69 38 so
2865 2085 138 63 frei«

691 2190 179 70 mütig
913 2181 119 61 und
1074 2180 215 64 schlicht
1329 2204 129 50 vor,
1502 2180 113 64 daß
1666 2206 175 55 sogar
1876 2180 321 75 Elisabeth,
2240 2183 93 61 die
2373 2192 243 53 zumeist
2658 2183 344 73 Betroffene,
3019 2232 12 8 ,

691 2287 156 53 seine
893 2278 201 62 Worte
1153 2287 103 53 mit
1296 2277 437 80 Wohlgefallen
1794 2278 256 62 anhörte.
2110 2278 88 62 Er
2246 2278 261 80 beklagte
2559 2303 79 50 es,
2690 2279 113 62 daß
2845 2289 158 54 seine

689 2373 273 62 Ankunft
1004 2383 76 52 im
1122 2373 210 62 Hause
1384 2373 91 62 die
1528 2374 349 79 ungewollte
1921 2373 256 64 Ursache
2226 2374 297 80 peinlicher
2564 2374 284 64 Auftritte
2898 2400 105 56 ge«

691 2470 240 62 worden
974 2495 142 48 war,
1162 2470 176 63 deren
1365 2470 226 80 Folgen
1635 2470 174 62 leider
1850 2471 141 62 noch
2036 2470 143 63 nicht
2213 2471 331 62 abzusehen
2587 2482 174 52 seien.
2805 2472 194 74 Denn,

688 2592 69 38 so
799 2567 297 63 berichtete
1138 2592 77 49 er,
1260 2564 369 82 Tengnagels
1663 2567 449 63 Wohnzimmer
2151 2576 84 55 sei
2269 2592 94 38 am
2406 2567 256 82 Morgen
2705 2570 115 62 leer
2861 2594 142 38 vor«

688 2664 288 79 gefunden
1018 2664 244 62 worden
1305 2663 123 63 und
1469 2673 197 53 seinen
1710 2664 219 62 Diener
1971 2664 151 62 habe
2174 2688 136 38 man
2361 2664 142 63 noch
2554 2674 58 52 in
2664 2665 102 62 der
2806 2665 199 64 Nacht

691 2761 290 62 fortreiten
1025 2762 193 62 sehen.

772 2856 159 63 »Um
973 2881 68 40 so
1092 2857 256 74 besser«,
1394 2856 111 63 rief
1540 2852 200 82 Tycho
1792 2857 120 62 und
1954 2856 151 63 warf
2146 2857 94 64 die
2290 2881 184 56 ganze
2518 2857 333 64 Geschichte
2900 2867 103 54 mit

689 2962 151 54 einer
882 2955 512 81 Handbewegung
1436 2979 149 56 weg.
1647 2955 178 62 Dann
1878 2955 140 62 aber
2069 2955 156 62 faßte
2268 2979 61 38 er
2371 2955 216 80 Kepler
2627 2954 245 64 schärfer
2913 2964 89 53 ins

688 3050 179 80 Auge
909 3051 119 63 und
1073 3060 89 55 ein
1205 3053 368 62 namenloses
1616 3051 337 64 Erstaunen
1996 3061 184 70 zeigte
2222 3053 108 62 sich
2375 3061 56 53 in
2475 3060 213 55 seinem
2737 3051 261 64 Gesicht:

691 3148 163 61 »Das
898 3172 123 38 war
1061 3148 240 62 wirklich
1345 3148 148 62 recht
1534 3172 119 38 von
1696 3149 98 70 dir,
1840 3148 112 62 daß
1995 3148 81 62 du
2118 3166 226 62 gestern
2380 3148 223 62 Abend
2645 3147 186 63 dieser
2864 3149 137 61 Phi«

688 3242 343 65 listermeute
1072 3244 203 64 keinen
1318 3239 381 85 Trinkspruch
1752 3246 346 78 ausbringen
2141 3246 262 62 wolltest.
2462 3244 85 63 Ich
2598 3244 252 80 begreife
2898 3270 104 56 gar

689 3341 168 71 nicht,
908 3350 113 54 wie
1070 3342 79 61 ich
1199 3366 109 38 vor
1359 3342 171 62 ihnen
1581 3366 121 38 von
1752 3351 247 53 meinem
2051 3341 348 80 Heiligsten,
2450 3366 119 38 von
2622 3342 231 74 Hveen,
2907 3366 95 38 er«

689 3437 200 61 zählen
933 3437 230 66 konnte.
1207 3440 86 62 Ich
1327 3464 126 38 war
1486 3439 251 63 förmlich
1773 3439 392 63 verblendet.«
2206 3439 260 63 Plötzlich
2503 3439 256 62 erschrak
2794 3463 77 49 er,
2917 3440 84 61 als

691 3533 199 62 würde
915 3534 115 62 ihm
1065 3553 113 44 erst
1214 3545 136 69 jetzt
1384 3535 136 75 klar,
1558 3545 112 52 wie
1705 3535 108 64 tief
1840 3559 61 38 er
1935 3536 109 63 sich
2079 3553 227 61 gestern
2343 3534 442 80 herabgelassen
2820 3534 176 63 hatte.

693 3625 88 64 Es
830 3653 121 38 war
1000 3632 138 72 dies,
1190 3633 238 61 obwohl
1479 3657 61 38 er
1582 3633 220 80 Kepler
1853 3632 136 62 nach
2033 3632 339 62 Meisterart
2420 3630 268 79 billigend
2747 3632 109 61 auf
2907 3632 92 62 die

696 3722 245 65 Schulter
981 3727 230 80 klopfte,
1256 3730 104 62 das
1403 3747 149 45 erste
1585 3728 151 74 Mal,
1780 3728 113 64 daß
1928 3726 203 81 Tycho
2164 3737 159 70 jenes
2366 3726 407 78 unbegreiflich
2800 3724 199 65 Über«

694 3817 196 79 legene
931 3825 118 58 und
1091 3825 212 62 einfach
1350 3826 320 79 »Richtige«
1718 3825 197 73 fühlte,
1959 3826 107 61 das
2109 3849 120 38 von
2273 3822 217 80 Kepler
2535 3832 256 70 ausging.
2837 3823 159 63 Zum

694 3917 299 61 erstenmal
1034 3917 224 82 begann
1303 3945 61 39 er
1404 3947 75 37 zu
1522 3924 209 72 ahnen,
1775 3923 113 62 daß
1925 3921 187 63 dieser
2145 3919 292 65 scheinbar
2472 3919 306 73 harmlose,
2823 3921 173 61 nichts

694 4013 364 63 verhüllende
1091 4015 238 65 Mensch
1373 4020 311 76 irgendwie
1726 4043 106 38 aus
1869 4018 401 72 unbewußter,
2298 4017 218 63 tiefster
2541 4017 290 63 Weisheit
2865 4018 134 61 her«
