3369 4572
1776 417 225 50 Gfossen

708 422 97 50 258

2571 2839 213 65 Gustaf
2819 2839 207 65 Kauder

710 616 354 63 respondenten
1097 622 62 45 ist
1192 634 51 33 er
1267 614 76 51 bei
1365 632 91 32 uns
1482 613 122 51 Gott
1628 616 70 47 sei
1718 609 146 51 Dank

713 697 99 50 fast
844 696 120 51 noch
995 696 296 51 unbekannt.

778 858 100 50 Ein
923 858 174 61 großes
1139 857 244 51 deutsches
1416 855 123 50 Blatt
1571 852 92 52 soll
1696 849 173 54 einmal

716 943 140 46 einen
914 938 124 51 recht
1093 937 269 51 bekannten
1412 932 320 53 Schriftsteller
1780 950 92 32 nur

718 1018 197 52 deshalb
972 1018 87 50 auf
1111 1023 136 45 einen
1305 1016 248 61 wichtigen

718 1111 174 51 posten
937 1110 181 52 gesetzt
1160 1097 172 57 haben,
1374 1096 106 49 weil
1524 1114 49 31 er
1615 1093 83 51 der
1729 1092 145 51 Neffe

721 1185 132 44 eines
873 1177 445 62 Großkapitalisten
1343 1194 120 39 war,
1485 1175 171 48 dessen
1673 1169 202 53 Tochter

722 1258 262 51 wiederum
1026 1257 90 50 den
1159 1257 340 50 entferntesten
1544 1249 330 54 Verwandten

723 1345 129 45 eines
871 1337 352 52 ausländischen
1242 1333 527 63 Ministerpräsidenten
1788 1349 56 44 ge-

723 1420 199 49 heiratet
964 1418 139 50 hatte.
1153 1416 117 51 Auf
1305 1415 179 49 diesem
1520 1413 357 60 Vetternwege,

727 1500 146 50 hoffte
906 1498 87 50 das
1016 1498 134 56 Blatt,
1186 1496 141 51 sollte
1348 1500 103 44 sein
1478 1491 400 63 Korrespondent

726 1599 64 30 zu
825 1575 569 53 »Allein~Nachrichten«
1430 1572 249 51 kommen!

788 1660 144 49 Denn
976 1658 89 49 auf
1102 1656 117 49 alles
1259 1653 234 52 verfallen
1527 1670 173 33 unsere
1734 1652 112 50 deut-

725 1740 134 51 schen
895 1738 274 61 Zeitungen
1210 1735 241 62 vorläufig
1484 1732 118 51 noch
1637 1732 127 57 eher,
1807 1731 70 49 als

726 1820 192 51 darauf:
953 1817 94 51 daß
1082 1816 71 51 ihr
1183 1815 267 64 politischer
1478 1812 401 51 Auslandkorre*»

725 1900 236 62 spondent
986 1897 124 50 nicht
1134 1915 91 32 nur
1249 1901 75 46 ein
1351 1893 308 64 pünktlicher,
1685 1891 163 51 verläß-

730 1980 134 49 licher
897 1975 333 64 Telegraphist
1265 1973 99 51 und
1395 1971 331 65 Telephonist,
1760 1971 123 49 nicht

726 2079 89 30 nur
824 2065 72 46 ein
905 2057 343 64 journalistisch
1259 2053 421 56 betriebssicherer,
1690 2051 162 62 sprach-

725 2138 230 63 kundiger
994 2138 250 61 Reporter,
1286 2135 122 49 nicht
1450 2151 90 32 nur
1573 2132 165 57 (schon
1773 2149 110 30 zum

725 2219 251 57 Überfluß)
1011 2224 76 44 ein
1110 2215 293 64 geistreicher
1428 2212 337 52 Feuilletonist
1785 2208 99 51 und

727 2301 252 60 Essayist,
1021 2297 103 51 und
1165 2297 72 50 als
1280 2295 180 51 solcher
1502 2292 262 51 wiederum
1806 2295 76 45 ein

729 2381 196 51 Kenner
947 2379 84 50 der
1049 2380 254 56 Literatur,
1338 2376 84 50 der
1446 2371 437 66 gesellschaftlichen

729 2460 246 57 Struktur,
1016 2459 83 50 des
1132 2456 327 52 Volkslebens
1503 2453 99 50 und
1644 2451 83 51 der
1769 2450 115 50 Na*»

732 2539 459 63 tionalpsychologie
1226 2542 65 45 im
1325 2535 166 51 Lande
1513 2539 155 45 seiner
1691 2530 193 58 Arbeit,

732 2624 120 48 nicht
884 2640 90 31 nur
1007 2619 178 52 endlich
1219 2624 76 44 ein
1318 2616 188 50 wahrer
1529 2613 251 51 Professor
1802 2610 84 52 der

734 2702 257 51 modernen
1032 2700 277 63 politischen
1346 2695 277 52 Geschichte
1656 2693 230 63 Europas

731 2789 102 44 sein
866 2781 90 51 soll
1087 2780 87 51 das
1210 2779 114 49 alles
1360 2776 103 64 gibt
1496 2794 50 33 es
1582 2773 142 51 schon
1747 2786 141 37 unter

734 2862 91 51 den
866 2861 252 51 deutschen
1162 2856 464 65 Korrespondenten
1767 2871 121 32 son*»

735 2944 131 59 dem,
899 2942 91 51 daß
1026 2961 49 32 er
1108 2960 93 32 vor
1235 2940 141 51 allem
1400 2944 85 43 mit
1507 2941 156 47 einem
1685 2934 206 50 sicheren

737 3024 270 62 politischen
1042 3021 203 51 Instinkt
1278 3019 178 62 begabt
1488 3021 102 47 sein
1623 3015 128 51 muß.

1292 3118 32 28 ’k

804 3186 52 49 In
878 3182 327 53 Deutschland
1237 3180 152 52 strebt
1422 3176 241 66 eigentlich
1698 3194 90 32 nur
1818 3174 75 50 die

745 3266 267 61 freisinnige
1054 3265 165 50 Presse
1262 3262 114 50 nach
1418 3261 108 48 dem
1559 3259 201 49 Niveau
1794 3254 100 50 und

745 3344 464 51 Nachrichtendienst
1225 3348 128 44 einer
1374 3340 381 61 »Weltpresse«.
1774 3335 120 49 Fast

745 3424 89 51 alle
856 3424 205 51 anderen
1082 3424 290 61 Zeitungen,
1405 3426 45 45 in
1475 3419 129 63 jeder
1626 3415 270 52 Einzelheit

745 3505 342 60 provinzieller,
1115 3504 166 51 stellen
1308 3500 269 62 überhaupt
1599 3499 134 49 keine
1751 3496 106 51 Aus-

748 3584 546 63 landkorrespondenten
1350 3602 85 39 an,
1493 3581 252 62 begnügen
1803 3576 94 50 sich

753 3664 143 49 selbst
929 3683 87 32 aus
1041 3665 131 50 Paris
1205 3662 99 51 und
1325 3661 207 52 London
1567 3666 84 42 mit
1681 3657 93 50 den
1797 3674 100 32 von

754 3744 173 49 Reuter
966 3744 99 51 und
1096 3745 171 48 Havas
1301 3741 352 64 hergestellten,
1693 3745 116 56 jetzt
1841 3755 57 32 so

758 3823 320 60 geschmähten
1111 3824 312 62 Meldungen.

820 3901 116 50 Dies
961 3900 83 53 hat
1070 3903 229 60 praktisch
1322 3904 89 48 den
1437 3900 238 57 Nachteil,
1698 3899 92 49 daß
1813 3901 88 46 wir

760 3991 137 40 unter
937 3980 90 51 den
1059 3983 200 48 wirklich
1295 3988 227 54 »eigenen
1555 3979 345 52 Nachrichten«

1915 627 87 32 aus
2020 607 108 51 dem
2138 602 229 53 Ausland
2383 603 96 50 fast
2495 620 93 31 nur
2603 604 216 57 einseitig
2839 599 221 51 »liberal«

1916 686 231 64 gesehene
2165 682 370 62 Darstellungen
2560 679 82 51 des
2668 678 274 62 politischen
2969 679 64 51 Le-

1916 768 118 51 bens
2062 786 62 30 zu
2142 766 127 49 lesen
2287 763 298 51 bekommen,
2609 761 116 55 (Die
2743 763 170 59 geistig
2929 766 136 44 meist

1919 849 316 50 konservativ
2277 847 271 47 orientierte
2582 838 316 62 Betrachtung
2929 838 136 51 durch

1920 928 308 61 Diplomaten
2263 922 146 51 bleibt
2442 928 47 56 ja
2523 921 221 63 geheim.)

1983 1008 96 50 Ein
2090 1016 136 51 guter
2234 997 607 65 Auslandkorrespondent
2857 997 83 49 hat
2956 997 112 52 aber

1922 1086 267 61 überhaupt
2230 1082 122 51 nicht
2392 1081 165 50 liberal
2599 1078 117 52 oder
2758 1078 311 50 konservativ

1922 1187 63 32 zu
2018 1172 115 44 sein.
2169 1164 71 50 Er
2273 1163 84 50 hat
2390 1162 123 49 nicht
2538 1161 84 49 der
2646 1157 423 65 parteipolitischen

1926 1248 287 59 Gesinnung
2253 1248 155 46 seines
2457 1241 177 50 Blattes
2682 1237 225 65 parallele
2956 1237 114 51 oder

1924 1326 275 52 verwandte
2241 1324 321 60 Strömungen
2604 1326 49 43 in
2696 1318 106 51 dem
2843 1336 100 32 von
2978 1316 94 50 ihm

1925 1407 319 52 bearbeiteten
2277 1402 228 52 Ausland
2538 1421 64 30 zu
2635 1401 330 61 begünstigen.
3001 1398 71 48 Er

1926 1490 98 57 hat,
2065 1493 63 45 im
2161 1486 145 51 Sinne
2347 1490 153 45 seiner
2542 1479 351 64 eigentlichsten
2936 1477 137 51 Auf*

1927 1568 136 62 gäbe,
2105 1567 74 50 die
2222 1582 149 46 ganze
2414 1561 330 63 Komplexität
2785 1558 84 50 des
2910 1556 164 63 politi*

1927 1648 138 51 sehen
2098 1647 181 51 Lebens
2322 1650 47 44 in
2404 1643 133 50 Paris
2571 1639 117 52 oder
2721 1637 206 52 London
2961 1634 113 54 oder

1927 1740 218 39 sonstwo
2185 1724 323 51 vollkommen
2550 1721 237 62 objektiv,
2836 1716 100 50 und
2976 1716 97 52 dies

1929 1808 258 52 besonders
2214 1826 63 31 an
2293 1806 92 49 den
2402 1799 413 55 Friktionsstellen
2833 1798 84 51 der
2935 1797 141 51 deut*

1930 1890 136 52 sehen
2100 1887 101 51 und
2232 1883 357 54 ausländischen
2623 1879 276 65 politischen
2923 1879 153 49 Inter*

1931 1989 155 39 essen,
2119 1968 78 50 für
2218 1967 90 50 den
2331 1965 275 63 politischen
2632 1959 270 52 Leserkreis
2927 1963 151 45 seines

1931 2051 174 49 Blattes
2140 2066 63 31 zu
2237 2045 220 52 erhellen.

1996 2130 182 49 Soweit
2201 2126 106 51 sind
2329 2131 68 44 sie
2420 2123 115 51 aber
2557 2122 118 51 noch
2702 2121 137 49 nicht.
2874 2118 78 51 Sie
2976 2118 106 50 sind

1934 2208 167 52 ehrlich
2249 2206 114 49 aber
2405 2203 119 51 nicht
2565 2201 317 61 unbefangen.
2932 2197 151 49 Meist

1934 2291 189 49 dürften
2165 2293 69 45 sie
2268 2305 51 32 es
2353 2285 114 50 auch
2503 2301 84 43 gar
2620 2281 120 51 nicht
2773 2286 116 44 sein.
2941 2279 142 47 Denn

1930 2389 144 31 wenn
2108 2373 76 45 ein
2217 2365 245 52 deutsches
2488 2362 124 51 Blatt
2642 2371 96 41 erst
2772 2357 173 53 einmal
2969 2358 114 48 frei*

1930 2455 157 56 sinnig
2122 2453 75 53 ist,
2232 2446 127 49 dann
2396 2451 61 43 ist
2490 2461 51 32 es
2576 2441 116 52 auch
2724 2438 176 54 wieder
2933 2455 146 33 uner*

1934 2531 170 51 bittlich
2138 2530 257 59 freisinnig.

1997 2608 217 52 Deshalb
2242 2606 205 63 gleichen
2465 2605 76 50 die
2557 2602 256 51 deutschen
2829 2596 258 54 Ausland*

1935 2687 441 65 korrespondenten
2419 2682 328 67 Jagdhunden,
2789 2680 153 50 denen
2978 2695 110 33 man

1936 2771 141 51 durch
2100 2768 323 52 Beschmieren
2447 2766 81 49 der
2550 2763 139 51 Nase
2715 2762 75 51 die
2816 2761 275 58 Witterung

1939 2867 283 47 genommen
2255 2847 97 51 hat.

2211 3042 146 61 Der
2592 3035 231 65 Ferndrucker

2008 3174 73 49 Er
2106 3178 62 44 ist
2192 3170 110 51 kein
2318 3167 278 51 Phänomen
2618 3169 94 44 wie
2735 3179 172 33 unsere
2925 3164 170 45 trium»

1945 3250 288 67 phierenden
2275 3250 66 48 42
2371 3265 80 32 cm
2460 3246 258 55 »Mörser,
2761 3241 74 50 die
2878 3250 97 39 erst
3017 3236 81 50 der

1946 3335 218 51 Sommer
2178 3330 124 52 1914
2324 3346 89 32 aus
2440 3322 439 66 geheimnisvollem
2896 3321 202 50 Hinter»

1949 3413 153 64 grund
2128 3411 284 59 hervorzog.
2437 3406 153 51 Schon
2611 3402 246 65 jahrelang
2879 3419 92 32 vor
2994 3397 105 50 dem

1949 3490 336 56 vulkanischen
2297 3486 198 52 Tumult
2505 3477 594 57 losdonnernderVölker»

1950 3571 246 54 Schicksale
2232 3569 92 63 gab
2360 3587 51 31 es
2446 3567 129 49 diese
2608 3560 264 53 surrenden
2906 3559 194 62 Papier»

1950 3654 268 61 schlangen,
2252 3650 75 50 die
2351 3647 133 50 ihren
2509 3641 354 55 blütenweißen
2882 3639 116 50 Leib
3022 3640 82 46 mit

1951 3735 92 50 den
2078 3731 323 61 Neuigkeiten
2436 3725 83 51 der
2552 3722 141 51 Welt
2724 3719 244 52 bedecken.
3004 3717 101 50 Der

1951 3810 323 55 Ferndrucker
2308 3814 61 44 ist
2402 3806 76 50 bei
2502 3804 140 49 allem
2667 3801 158 57 Geist,
2848 3799 84 50 der
2954 3804 47 44 in
3025 3795 80 49 der

1951 3891 269 60 Erfindung
2239 3886 159 59 steckt,
2421 3886 76 48 für
2520 3884 76 49 die
2614 3881 180 51 Kultur
2816 3885 105 46 eine
2943 3877 162 51 barm»

1954 3975 102 50 lose
2088 3970 355 57 Bereicherung.
2487 3961 263 65 Eigentlich
2792 3966 62 45 ist
2895 3978 52 31 er
2987 3955 119 52 nicht
