3260 4572
1245 397 144 53 Carf
1403 398 292 52 Sternßeim
1716 424 9 11 •
1746 405 134 52 1913

2608 411 88 49 163

402 604 187 65 haben
633 622 111 41 uns
778 597 87 62 bis
900 605 89 53 ins
1032 594 173 64 letzte
1239 602 103 53 mit
1384 593 117 62 ihm
1528 593 372 65 identifiziert.
1945 597 89 62 Er
2060 598 147 62 wird
2246 598 97 63 ihn
2376 600 126 64 also
2536 621 164 47 unter

401 701 146 63 allen
590 692 375 67 Umständen
1007 688 486 65 kontrekarieren.

482 796 200 63 Otto:
724 791 103 62 Zu
861 800 148 70 spät.
1056 788 106 63 Du
1197 787 183 72 hörst,
1416 796 115 53 wie
1566 787 478 81 durchschlagend
2077 790 131 64 dein
2235 788 163 68 Trick
2431 805 76 52 im
2531 797 171 80 Haag

401 891 238 83 gewirkt
679 889 117 61 hat.

481 986 224 67 Sofie;
759 984 90 62 Er
890 983 155 62 kann
1097 1007 109 37 aus
1252 992 190 53 seiner
1483 981 123 63 Art
1648 1007 109 38 uns
1802 981 113 64 den
1942 979 282 88 Triumph
2267 988 142 61 nicht
2457 998 245 71 gönnen,

401 1097 72 52 ist
505 1108 136 40 zum
666 1082 152 62 Hals
862 1089 103 52 mit
990 1079 159 64 Wut
1182 1102 188 56 gegen
1404 1079 139 61 mich
1577 1079 273 81 gestopft.
1897 1080 183 64 Diese
2114 1106 120 39 von
2260 1084 108 63 sich
2395 1084 309 65 besessene

401 1181 205 63 Natur
644 1187 259 70 verträgt
943 1177 176 61 nichts
1162 1174 415 64 Bedeutendes
1620 1174 189 64 neben
1853 1178 109 61 sich
2006 1178 121 62 und
2169 1180 147 62 wird
2358 1205 130 49 uns,
2531 1199 173 47 coute

404 1287 92 72 qui
523 1294 197 54 coute,
745 1274 443 63 niederwerfen.
1234 1272 334 64 Nahendes
1596 1274 178 62 Ende
1806 1275 452 65 verzehnfachen
2292 1287 159 54 seine
2476 1279 222 64 Kräfte.

484 1374 203 62 Otto:
734 1371 105 63 Du
881 1370 183 64 siehst
1107 1369 386 82 Gespenster.
1555 1370 120 64 Ein
1717 1366 346 87 Tapergreis
2094 1423 10 12 ,
2137 1425 12 11 .
2182 1423 11 13 .

481 1469 219 65 Sofie:
762 1468 208 63 Wann
1021 1477 166 53 wirst
1238 1467 83 63 du
1371 1468 216 63 endlich
1637 1493 122 38 von
1811 1468 219 63 diesem
2080 1469 136 62 Blut
2274 1479 168 54 einen
2494 1472 216 80 Begriff

404 1567 221 62 haben?
665 1566 121 62 Mit
816 1564 256 64 Zähnen
1115 1564 124 64 und
1271 1564 241 63 Krallen
1554 1564 131 64 sind
1718 1576 107 52 wir
1865 1566 85 62 bis
1985 1591 136 38 zum
2164 1567 211 63 letzten
2400 1568 304 80 Atemzug

404 1674 55 53 in
504 1672 127 54 eine
666 1662 181 64 Sache
882 1661 306 80 verhängt,
1233 1661 122 63 und
1390 1662 270 62 unlöslich
1703 1662 202 64 stehen
1947 1662 143 64 oder
2124 1662 171 65 fallen
2329 1674 107 52 wir
2467 1674 101 53 mit
2598 1663 100 64 ihr.

482 1759 204 63 Otto:
731 1757 327 64 Verrückte
1097 1757 224 64 Bande.
1382 1759 82 62 Im
1509 1757 250 65 Grunde
1801 1759 146 62 eben
1987 1760 598 80 Heraufkömmlinge.

482 1855 223 64 Sofie:
752 1855 120 62 Mit
917 1854 260 63 frischem
1220 1854 134 65 Saft
1393 1855 268 80 lebendig
1702 1855 146 64 eben
1882 1865 75 52 im
2001 1855 266 64 Grunde.

485 1952 202 63 Otto:
731 1952 205 63 Macht
976 1976 144 39 eure
1159 1952 739 81 Auseinandersetzungen
1948 1956 283 59 zwischen
2272 1954 137 61 euch
2460 1953 75 62 ab
2578 1954 120 61 und

406 2058 314 70 menagiert
760 2051 157 61 euch.

482 2145 220 65 Sofie:
748 2146 91 64 Es
881 2146 122 80 gibt
1036 2146 168 64 keine
1238 2146 311 80 Schonung
1582 2146 259 72 diesmal,
1884 2146 152 62 denn
2070 2145 286 63 hinterher
2399 2145 169 63 fallen
2603 2145 93 63 die

401 2237 158 68 Tore
608 2268 94 37 zu.
764 2244 162 62 Hast
966 2243 83 63 du
1089 2244 220 79 Angst,
1362 2253 150 53 reise
1562 2244 93 62 ab.
1716 2243 83 62 Ich
1841 2243 137 63 muß
2029 2241 92 64 die
2161 2241 219 64 Hände
2427 2241 87 62 bis
2558 2267 135 36 zum

402 2338 290 81 Ellbogen
736 2340 106 63 frei
884 2340 208 64 haben.

482 2436 201 63 Otto:
727 2437 86 62 Ich
857 2438 137 71 will,
1039 2437 81 63 du
1166 2437 175 63 hältst
1382 2437 119 62 dich
1542 2438 232 70 zurück,
1816 2434 378 64 verstanden?

481 2531 219 65 Sofie:
744 2533 91 64 Es
871 2533 287 80 geschieht
1182 2535 93 62 für
1308 2533 137 73 dich,
1473 2532 168 72 Otto,
1677 2532 93 62 für
1796 2532 130 62 dein
1952 2531 303 71 Ansehen,
2291 2530 167 63 deine
2485 2530 210 63 Größe

401 2627 135 63 nach
570 2637 218 55 seinem
814 2625 192 68 Tode.
1053 2630 153 62 Dein
1241 2627 365 82 schlagender
1630 2626 211 81 Erfolg
1882 2626 119 64 und
2042 2635 122 53 sein
2198 2626 198 80 platter
2436 2625 259 80 Abgang

401 2734 235 53 müssen
677 2751 111 38 vor
832 2725 102 64 der
976 2726 171 64 Welt
1186 2724 535 65 zusammenfallen.
1782 2723 147 63 Läßt
1978 2747 61 38 er
2080 2721 144 63 über
2264 2721 197 63 deiner
2500 2721 195 63 Kata«

401 2822 235 80 Strophe
677 2832 129 54 eine
842 2823 272 65 Gloriole
1153 2848 121 38 von
1315 2824 110 61 sich
1468 2832 56 53 in
1559 2820 102 64 der
1694 2820 166 64 Welt
1900 2822 227 68 zurück,
2168 2818 285 62 wandelst
2485 2817 81 63 du
2602 2818 94 61 für

401 2914 109 64 den
551 2917 142 65 Rest
734 2918 105 64 der
870 2916 166 83 Tage
1078 2928 91 55 ein
1204 2919 274 64 Schemen
1520 2926 56 53 in
1618 2926 217 53 seinem
1876 2916 167 62 Licht,
2089 2916 129 61 Das
2253 2913 115 62 will
2403 2914 78 61 ich
2526 2913 162 61 nicht.

481 3013 201 65 Otto:
729 3016 275 63 Wirklich
1047 3016 192 63 hatten
1282 3024 107 53 wir
1431 3015 93 62 die
1566 3013 179 64 Sache
1789 3012 112 62 fein
1944 3010 360 81 eingefädelt,

480 3109 218 66 Sofie:
745 3112 148 64 Und
936 3112 184 64 sollen
1164 3111 136 73 ihm,
1345 3110 142 62 dicht
1528 3133 108 38 vor
1677 3107 131 64 dem
1853 3107 153 79 Sieg,
2050 3106 104 62 das
2197 3105 148 63 Feld
2386 3105 227 63 lassen?

480 3205 203 66 Otto:
727 3210 162 62 Also
933 3210 113 64 auf
1081 3209 113 63 ihn.
1256 3209 171 62 Aber
1468 3215 100 54 mit
1610 3205 290 79 Haltung!

480 3302 218 66 Sofie:
744 3307 174 62 Auch
960 3332 110 38 vor
1112 3306 112 63 den
1267 3303 206 63 beiden
1507 3302 262 62 Kindern
1802 3300 137 63 muß
1983 3308 91 53 ein
2100 3298 289 80 Exempel
2431 3306 267 53 statuiert

400 3399 250 65 werden.
680 3402 197 64 Durch
895 3403 313 79 Verträge,
1227 3399 105 64 das
1359 3398 129 64 sind
1506 3408 105 52 wir
1637 3397 192 72 sicher,
1856 3396 98 61 hat
1978 3419 64 38 er
2066 3393 171 64 ihnen
2259 3393 93 62 für
2370 3402 195 71 später
2584 3392 116 63 den

399 3492 229 68 Rücken
660 3502 241 77 gesteift.
942 3501 100 64 Sie
1075 3510 237 52 müssen
1346 3497 204 63 darum
1583 3493 213 64 vorher
1829 3492 207 64 einmal
2070 3490 199 72 sehen,
2304 3515 127 38 was
2466 3499 108 53 wir
2608 3490 94 62 für

401 3599 125 54 eine
542 3593 373 67 Handschrift
941 3595 303 65 schreiben.
1275 3594 123 62 Um
1416 3591 217 80 Philipp
1651 3590 183 62 Ernst
1859 3589 192 61 mache
2076 3587 79 61 ich
2182 3595 106 52 mir
2307 3585 167 63 keine
2494 3585 204 80 Sorge.

479 3687 205 67 Otto:
730 3693 121 63 Die
900 3693 403 80 mitgebrachte
1345 3688 282 65 Uhrkette
1677 3685 347 82 paralysiert
2074 3683 114 63 ihn.
2249 3683 121 62 Ein
2420 3683 284 63 schlichter

400 3779 321 70 Bindfaden
753 3814 143 38 vom
929 3788 334 83 Knopfloch
1307 3786 86 62 bis
1427 3808 106 39 zur
1566 3780 152 74 Uhr,
1761 3780 106 63 das
1902 3779 156 64 wirft
2099 3778 98 63 ihn
2234 3778 94 62 für
2361 3778 171 80 lange
2566 3778 139 63 Zeit

402 3885 54 53 in
498 3878 355 70 Entzücken.

481 3974 219 68 Sofie:
747 3981 128 62 Der
915 3981 265 72 Mensch,
1224 3979 102 62 der
1368 3976 120 64 hier
1530 3974 268 69 schleicht,
1841 3972 101 64 hat
1982 3982 102 52 mit
2126 3971 203 63 Ottilie
2371 3972 193 62 Pläne.
