<?xml version="1.0" encoding="UTF-8"?>
<alto xmlns:xsi="http://www.w3.org/2001/XMLSchema-instance" xmlns="http://www.loc.gov/standards/alto/ns-v2#" xsi:schemaLocation="http://www.loc.gov/standards/alto/ns-v2# http://www.loc.gov/standards/alto/v2/alto-2-0.xsd" xmlns:xlink="http://www.w3.org/1999/xlink">
	<Description>
		<MeasurementUnit>mm10</MeasurementUnit>
		<sourceImageInformation>
			<fileName>./bmtnabr_1915-02_01_0102.jp2</fileName>
		</sourceImageInformation>
		<OCRProcessing ID="OCRPROCESSING_1">
			<preProcessingStep>
				<processingSoftware>
					<softwareCreator>CCS Content Conversion Specialists GmbH, Germany</softwareCreator>
					<softwareName>CCS docWorks</softwareName>
					<softwareVersion>6.8-1.27</softwareVersion>
				</processingSoftware>
			</preProcessingStep>
			<ocrProcessingStep>
				<processingSoftware>
					<softwareCreator>ABBYY (BIT Software), Russia</softwareCreator>
					<softwareName>FineReader</softwareName>
					<softwareVersion>11.0</softwareVersion>
				</processingSoftware>
			</ocrProcessingStep>
			<postProcessingStep>
				<processingSoftware>
					<softwareCreator>CCS Content Conversion Specialists GmbH, Germany</softwareCreator>
					<softwareName>CCS docWorks</softwareName>
					<softwareVersion>6.8-1.27</softwareVersion>
					<applicationDescription>docWorks: Text modified manually, or automatically replaced</applicationDescription>
				</processingSoftware>
			</postProcessingStep>
		</OCRProcessing>
	</Description>
	<Styles>
		<TextStyle ID="TXT_0" FONTSIZE="19" FONTFAMILY="Times New Roman" FONTSTYLE="italics"/>
		<TextStyle ID="TXT_1" FONTSIZE="27" FONTFAMILY="Times New Roman"/>
		<TextStyle ID="TXT_2" FONTSIZE="22" FONTFAMILY="Times New Roman"/>
		<TextStyle ID="TXT_3" FONTSIZE="22" FONTFAMILY="Times New Roman" FONTSTYLE="italics"/>
		<ParagraphStyle ID="PAR_RIGHT" ALIGN="Right"/>
		<ParagraphStyle ID="PAR_LEFT" ALIGN="Left"/>
		<ParagraphStyle ID="PAR_BLOCK" ALIGN="Block"/>
	</Styles>
	<Layout>
		<Page ID="P102" PHYSICAL_IMG_NR="102" HEIGHT="4572" WIDTH="3338" PRINTED_IMG_NR="238" PC="0.932">
			<TopMargin ID="P102_TM00001" HPOS="0" VPOS="0" WIDTH="3338" HEIGHT="457">
				<TextBlock ID="P102_TB00001" HPOS="1269" VPOS="387" WIDTH="1193" HEIGHT="67" STYLEREFS="TXT_0 PAR_RIGHT">
					<TextLine ID="P102_TL00001" HPOS="1274" VPOS="388" WIDTH="1188" HEIGHT="66">
						<String ID="P102_ST00001" HPOS="1274" VPOS="390" WIDTH="140" HEIGHT="51" CONTENT="Max" WC="0.95" CC="660"/>
						<SP ID="P102_SP00001" HPOS="1414" VPOS="441" WIDTH="194"/>
						<String ID="P102_ST00002" HPOS="1608" VPOS="390" WIDTH="8" HEIGHT="51" CONTENT="Brod" WC="0.66" CC="3009"/>
						<SP ID="P102_SP00002" HPOS="1616" VPOS="441" WIDTH="1"/>
						<String ID="P102_ST00003" HPOS="1617" VPOS="416" WIDTH="151" HEIGHT="10" CONTENT="•" WC="0.20" CC="8"/>
						<SP ID="P102_SP00003" HPOS="1768" VPOS="441" WIDTH="253"/>
						<String ID="P102_ST00004" HPOS="2021" VPOS="388" WIDTH="162" HEIGHT="66" CONTENT="Hgcßo" WC="0.44" CC="89180"/>
						<SP ID="P102_SP00004" HPOS="2183" VPOS="454" WIDTH="146"/>
						<String ID="P102_ST00005" HPOS="2329" VPOS="390" WIDTH="99" HEIGHT="50" CONTENT="Br" WC="0.93" CC="10"/>
						<SP ID="P102_SP00005" HPOS="2428" VPOS="454" WIDTH="1"/>
						<String ID="P102_ST00006" HPOS="2429" VPOS="388" WIDTH="33" HEIGHT="51" CONTENT="Gott" WC="0.99" CC="0400"/>
					</TextLine>
				</TextBlock>
				<TextBlock ID="P102_TB00002" HPOS="705" VPOS="389" WIDTH="96" HEIGHT="49" STYLEREFS="TXT_1 PAR_LEFT">
					<TextLine ID="P102_TL00002" HPOS="705" VPOS="389" WIDTH="96" HEIGHT="49">
						<String ID="P102_ST00007" HPOS="705" VPOS="389" WIDTH="96" HEIGHT="49" CONTENT="238" WC="1.00" CC="000"/>
					</TextLine>
				</TextBlock>
			</TopMargin>
			<LeftMargin ID="P102_LM00001" HPOS="0" VPOS="457" WIDTH="705" HEIGHT="3581"/>
			<RightMargin ID="P102_RM00001" HPOS="3023" VPOS="457" WIDTH="315" HEIGHT="3581"/>
			<BottomMargin ID="P102_BM00001" HPOS="0" VPOS="4038" WIDTH="3338" HEIGHT="534"/>
			<PrintSpace ID="P102_PS00001" HPOS="705" VPOS="457" WIDTH="2318" HEIGHT="3581">
				<TextBlock ID="P102_TB00003" HPOS="707" VPOS="574" WIDTH="2316" HEIGHT="3464" STYLEREFS="TXT_2 PAR_BLOCK">
					<TextLine ID="P102_TL00003" HPOS="708" VPOS="576" WIDTH="2311" HEIGHT="87">
						<String ID="P102_ST00008" HPOS="708" VPOS="583" WIDTH="216" HEIGHT="64" CONTENT="vorher" WC="0.97" CC="016757"/>
						<SP ID="P102_SP00006" HPOS="924" VPOS="647" WIDTH="43"/>
						<String ID="P102_ST00009" HPOS="967" VPOS="585" WIDTH="138" HEIGHT="62" CONTENT="aber" WC="0.95" CC="5767"/>
						<SP ID="P102_SP00007" HPOS="1105" VPOS="647" WIDTH="35"/>
						<String ID="P102_ST00010" HPOS="1140" VPOS="583" WIDTH="141" HEIGHT="64" CONTENT="noch" WC="0.96" CC="5117"/>
						<SP ID="P102_SP00008" HPOS="1281" VPOS="647" WIDTH="35"/>
						<String ID="P102_ST00011" HPOS="1316" VPOS="583" WIDTH="315" HEIGHT="80" CONTENT="unbedingt" WC="0.98" CC="667074665"/>
						<SP ID="P102_SP00009" HPOS="1631" VPOS="663" WIDTH="24"/>
						<String ID="P102_ST00012" HPOS="1655" VPOS="582" WIDTH="203" HEIGHT="81" CONTENT="Tycho" WC="0.42" CC="46772"/>
						<SP ID="P102_SP00010" HPOS="1858" VPOS="663" WIDTH="42"/>
						<String ID="P102_ST00013" HPOS="1900" VPOS="581" WIDTH="372" HEIGHT="63" CONTENT="untersuchen" WC="0.99" CC="50605037700"/>
						<SP ID="P102_SP00011" HPOS="2272" VPOS="663" WIDTH="35"/>
						<String ID="P102_ST00014" HPOS="2307" VPOS="580" WIDTH="211" HEIGHT="63" CONTENT="wollte," WC="0.98" CC="7577602"/>
						<SP ID="P102_SP00012" HPOS="2518" VPOS="663" WIDTH="132"/>
						<String ID="P102_ST00015" HPOS="2650" VPOS="576" WIDTH="203" HEIGHT="84" CONTENT="Tycho" WC="0.57" CC="67070"/>
						<SP ID="P102_SP00013" HPOS="2853" VPOS="663" WIDTH="33"/>
						<String ID="P102_ST00016" HPOS="2886" VPOS="592" WIDTH="133" HEIGHT="71" CONTENT="ging" WC="0.97" CC="6107"/>
					</TextLine>
					<TextLine ID="P102_TL00004" HPOS="712" VPOS="675" WIDTH="2307" HEIGHT="85">
						<String ID="P102_ST00017" HPOS="712" VPOS="680" WIDTH="119" HEIGHT="62" CONTENT="ihm" WC="0.96" CC="470"/>
						<SP ID="P102_SP00014" HPOS="831" VPOS="742" WIDTH="41"/>
						<String ID="P102_ST00018" HPOS="872" VPOS="681" WIDTH="87" HEIGHT="62" CONTENT="bis" WC="0.97" CC="710"/>
						<SP ID="P102_SP00015" HPOS="959" VPOS="743" WIDTH="42"/>
						<String ID="P102_ST00019" HPOS="1001" VPOS="705" WIDTH="104" HEIGHT="38" CONTENT="zur" WC="0.96" CC="506"/>
						<SP ID="P102_SP00016" HPOS="1105" VPOS="743" WIDTH="26"/>
						<String ID="P102_ST00020" HPOS="1131" VPOS="677" WIDTH="127" HEIGHT="65" CONTENT="Tür" WC="0.95" CC="506"/>
						<SP ID="P102_SP00017" HPOS="1258" VPOS="743" WIDTH="43"/>
						<String ID="P102_ST00021" HPOS="1301" VPOS="696" WIDTH="278" HEIGHT="64" CONTENT="entgegen" WC="0.99" CC="50506000"/>
						<SP ID="P102_SP00018" HPOS="1579" VPOS="760" WIDTH="43"/>
						<String ID="P102_ST00022" HPOS="1622" VPOS="680" WIDTH="121" HEIGHT="62" CONTENT="und" WC="0.95" CC="607"/>
						<SP ID="P102_SP00019" HPOS="1743" VPOS="760" WIDTH="32"/>
						<String ID="P102_ST00023" HPOS="1775" VPOS="677" WIDTH="340" HEIGHT="64" CONTENT="behandelte" WC="0.99" CC="0075000705"/>
						<SP ID="P102_SP00020" HPOS="2115" VPOS="760" WIDTH="33"/>
						<String ID="P102_ST00024" HPOS="2148" VPOS="675" WIDTH="96" HEIGHT="63" CONTENT="ihn" WC="0.98" CC="400"/>
						<SP ID="P102_SP00021" HPOS="2244" VPOS="760" WIDTH="35"/>
						<String ID="P102_ST00025" HPOS="2279" VPOS="676" WIDTH="324" HEIGHT="80" CONTENT="überhaupt" WC="0.98" CC="076604605"/>
						<SP ID="P102_SP00022" HPOS="2603" VPOS="760" WIDTH="31"/>
						<String ID="P102_ST00026" HPOS="2634" VPOS="677" WIDTH="112" HEIGHT="63" CONTENT="viel" WC="0.98" CC="0007"/>
						<SP ID="P102_SP00023" HPOS="2746" VPOS="760" WIDTH="34"/>
						<String ID="P102_ST00027" HPOS="2780" VPOS="677" WIDTH="239" HEIGHT="64" CONTENT="freund*" WC="0.99" CC="2606600"/>
					</TextLine>
					<TextLine ID="P102_TL00005" HPOS="712" VPOS="771" WIDTH="2306" HEIGHT="85">
						<String ID="P102_ST00028" HPOS="712" VPOS="776" WIDTH="165" HEIGHT="63" CONTENT="lieber" WC="0.98" CC="550700"/>
						<SP ID="P102_SP00024" HPOS="877" VPOS="839" WIDTH="43"/>
						<String ID="P102_ST00029" HPOS="920" VPOS="776" WIDTH="84" HEIGHT="64" CONTENT="als" WC="1.00" CC="000"/>
						<SP ID="P102_SP00025" HPOS="1004" VPOS="840" WIDTH="43"/>
						<String ID="P102_ST00030" HPOS="1047" VPOS="794" WIDTH="127" HEIGHT="62" CONTENT="tags" WC="0.98" CC="3400"/>
						<SP ID="P102_SP00026" HPOS="1174" VPOS="856" WIDTH="42"/>
						<String ID="P102_ST00031" HPOS="1216" VPOS="802" WIDTH="214" HEIGHT="48" CONTENT="zuvor/" WC="0.98" CC="600069"/>
						<SP ID="P102_SP00027" HPOS="1430" VPOS="856" WIDTH="41"/>
						<String ID="P102_ST00032" HPOS="1471" VPOS="776" WIDTH="262" HEIGHT="63" CONTENT="offenbar" WC="0.98" CC="15750706"/>
						<SP ID="P102_SP00028" HPOS="1733" VPOS="856" WIDTH="40"/>
						<String ID="P102_ST00033" HPOS="1773" VPOS="775" WIDTH="270" HEIGHT="61" CONTENT="fürchtete" WC="0.98" CC="404973060"/>
						<SP ID="P102_SP00029" HPOS="2043" VPOS="856" WIDTH="41"/>
						<String ID="P102_ST00034" HPOS="2084" VPOS="797" WIDTH="79" HEIGHT="47" CONTENT="er," WC="0.96" CC="064"/>
						<SP ID="P102_SP00030" HPOS="2163" VPOS="856" WIDTH="52"/>
						<String ID="P102_ST00035" HPOS="2215" VPOS="771" WIDTH="93" HEIGHT="63" CONTENT="die" WC="0.97" CC="070"/>
						<SP ID="P102_SP00031" HPOS="2308" VPOS="856" WIDTH="41"/>
						<String ID="P102_ST00036" HPOS="2349" VPOS="782" WIDTH="245" HEIGHT="71" CONTENT="gestrige" WC="0.99" CC="00006600"/>
						<SP ID="P102_SP00032" HPOS="2594" VPOS="856" WIDTH="43"/>
						<String ID="P102_ST00037" HPOS="2637" VPOS="773" WIDTH="189" HEIGHT="62" CONTENT="Szene" WC="0.97" CC="55066"/>
						<SP ID="P102_SP00033" HPOS="2826" VPOS="856" WIDTH="41"/>
						<String ID="P102_ST00038" HPOS="2867" VPOS="774" WIDTH="151" HEIGHT="63" CONTENT="beim" WC="0.99" CC="0040"/>
					</TextLine>
					<TextLine ID="P102_TL00006" HPOS="712" VPOS="867" WIDTH="2308" HEIGHT="81">
						<String ID="P102_ST00039" HPOS="712" VPOS="872" WIDTH="393" HEIGHT="64" CONTENT="Abendessen" WC="1.00" CC="0007000000"/>
						<SP ID="P102_SP00034" HPOS="1105" VPOS="936" WIDTH="36"/>
						<String ID="P102_ST00040" HPOS="1141" VPOS="872" WIDTH="214" HEIGHT="63" CONTENT="könnte" WC="0.99" CC="640000"/>
						<SP ID="P102_SP00035" HPOS="1355" VPOS="936" WIDTH="34"/>
						<String ID="P102_ST00041" HPOS="1389" VPOS="872" WIDTH="167" HEIGHT="62" CONTENT="durch" WC="0.97" CC="07607"/>
						<SP ID="P102_SP00036" HPOS="1556" VPOS="936" WIDTH="37"/>
						<String ID="P102_ST00042" HPOS="1593" VPOS="872" WIDTH="99" HEIGHT="61" CONTENT="des" WC="0.98" CC="050"/>
						<SP ID="P102_SP00037" HPOS="1692" VPOS="936" WIDTH="34"/>
						<String ID="P102_ST00043" HPOS="1726" VPOS="870" WIDTH="216" HEIGHT="63" CONTENT="Arztes" WC="0.99" CC="270500"/>
						<SP ID="P102_SP00038" HPOS="1942" VPOS="936" WIDTH="35"/>
						<String ID="P102_ST00044" HPOS="1977" VPOS="867" WIDTH="557" HEIGHT="81" CONTENT="Schwatzhaftigkeit" WC="0.99" CC="50790307000505043"/>
						<SP ID="P102_SP00039" HPOS="2534" VPOS="948" WIDTH="32"/>
						<String ID="P102_ST00045" HPOS="2566" VPOS="877" WIDTH="56" HEIGHT="53" CONTENT="in" WC="0.44" CC="56"/>
						<SP ID="P102_SP00040" HPOS="2622" VPOS="948" WIDTH="35"/>
						<String ID="P102_ST00046" HPOS="2657" VPOS="868" WIDTH="92" HEIGHT="63" CONTENT="die" WC="0.99" CC="030"/>
						<SP ID="P102_SP00041" HPOS="2749" VPOS="948" WIDTH="34"/>
						<String ID="P102_ST00047" HPOS="2783" VPOS="869" WIDTH="237" HEIGHT="64" CONTENT="Mäuler" WC="0.98" CC="406706"/>
					</TextLine>
					<TextLine ID="P102_TL00007" HPOS="713" VPOS="963" WIDTH="2307" HEIGHT="81">
						<String ID="P102_ST00048" HPOS="713" VPOS="969" WIDTH="104" HEIGHT="63" CONTENT="der" WC="0.98" CC="006"/>
						<SP ID="P102_SP00042" HPOS="817" VPOS="1032" WIDTH="32"/>
						<String ID="P102_ST00049" HPOS="849" VPOS="968" WIDTH="188" HEIGHT="64" CONTENT="Leute" WC="0.99" CC="50050"/>
						<SP ID="P102_SP00043" HPOS="1037" VPOS="1032" WIDTH="35"/>
						<String ID="P102_ST00050" HPOS="1072" VPOS="969" WIDTH="286" HEIGHT="63" CONTENT="kommen." WC="1.00" CC="0000002"/>
						<SP ID="P102_SP00044" HPOS="1358" VPOS="1032" WIDTH="44"/>
						<String ID="P102_ST00051" HPOS="1402" VPOS="967" WIDTH="169" HEIGHT="62" CONTENT="Auch" WC="0.97" CC="5007"/>
						<SP ID="P102_SP00045" HPOS="1571" VPOS="1032" WIDTH="35"/>
						<String ID="P102_ST00052" HPOS="1606" VPOS="990" WIDTH="108" HEIGHT="39" CONTENT="vor" WC="1.00" CC="000"/>
						<SP ID="P102_SP00046" HPOS="1714" VPOS="1032" WIDTH="34"/>
						<String ID="P102_ST00053" HPOS="1748" VPOS="964" WIDTH="100" HEIGHT="63" CONTENT="der" WC="0.97" CC="006"/>
						<SP ID="P102_SP00047" HPOS="1848" VPOS="1032" WIDTH="26"/>
						<String ID="P102_ST00054" HPOS="1874" VPOS="963" WIDTH="448" HEIGHT="80" CONTENT="Untersuchung" WC="0.99" CC="750060007300"/>
						<SP ID="P102_SP00048" HPOS="2322" VPOS="1043" WIDTH="34"/>
						<String ID="P102_ST00055" HPOS="2356" VPOS="963" WIDTH="153" HEIGHT="64" CONTENT="hatte" WC="0.99" CC="00050"/>
						<SP ID="P102_SP00049" HPOS="2509" VPOS="1043" WIDTH="35"/>
						<String ID="P102_ST00056" HPOS="2544" VPOS="989" WIDTH="61" HEIGHT="38" CONTENT="er" WC="0.68" CC="06"/>
						<SP ID="P102_SP00050" HPOS="2605" VPOS="1043" WIDTH="31"/>
						<String ID="P102_ST00057" HPOS="2636" VPOS="964" WIDTH="218" HEIGHT="80" CONTENT="Angst," WC="0.98" CC="560064"/>
						<SP ID="P102_SP00051" HPOS="2854" VPOS="1044" WIDTH="45"/>
						<String ID="P102_ST00058" HPOS="2899" VPOS="967" WIDTH="121" HEIGHT="62" CONTENT="und" WC="1.00" CC="000"/>
					</TextLine>
					<TextLine ID="P102_TL00008" HPOS="714" VPOS="1061" WIDTH="2305" HEIGHT="76">
						<String ID="P102_ST00059" HPOS="714" VPOS="1066" WIDTH="78" HEIGHT="62" CONTENT="da" WC="0.75" CC="05"/>
						<SP ID="P102_SP00052" HPOS="792" VPOS="1128" WIDTH="50"/>
						<String ID="P102_ST00060" HPOS="842" VPOS="1090" WIDTH="61" HEIGHT="38" CONTENT="er" WC="0.67" CC="06"/>
						<SP ID="P102_SP00053" HPOS="903" VPOS="1128" WIDTH="51"/>
						<String ID="P102_ST00061" HPOS="954" VPOS="1091" WIDTH="121" HEIGHT="37" CONTENT="nun" WC="1.00" CC="000"/>
						<SP ID="P102_SP00054" HPOS="1075" VPOS="1128" WIDTH="52"/>
						<String ID="P102_ST00062" HPOS="1127" VPOS="1063" WIDTH="223" HEIGHT="74" CONTENT="einsah," WC="0.99" CC="6500004"/>
						<SP ID="P102_SP00055" HPOS="1350" VPOS="1137" WIDTH="50"/>
						<String ID="P102_ST00063" HPOS="1400" VPOS="1063" WIDTH="112" HEIGHT="63" CONTENT="daß" WC="0.96" CC="064"/>
						<SP ID="P102_SP00056" HPOS="1512" VPOS="1137" WIDTH="52"/>
						<String ID="P102_ST00064" HPOS="1564" VPOS="1086" WIDTH="61" HEIGHT="38" CONTENT="er" WC="0.40" CC="56"/>
						<SP ID="P102_SP00057" HPOS="1625" VPOS="1137" WIDTH="49"/>
						<String ID="P102_ST00065" HPOS="1674" VPOS="1062" WIDTH="130" HEIGHT="62" CONTENT="dem" WC="0.98" CC="060"/>
						<SP ID="P102_SP00058" HPOS="1804" VPOS="1137" WIDTH="42"/>
						<String ID="P102_ST00066" HPOS="1846" VPOS="1061" WIDTH="189" HEIGHT="62" CONTENT="Arzte" WC="0.97" CC="56600"/>
						<SP ID="P102_SP00059" HPOS="2035" VPOS="1137" WIDTH="48"/>
						<String ID="P102_ST00067" HPOS="2083" VPOS="1061" WIDTH="197" HEIGHT="62" CONTENT="werde" WC="0.99" CC="00600"/>
						<SP ID="P102_SP00060" HPOS="2280" VPOS="1137" WIDTH="42"/>
						<String ID="P102_ST00068" HPOS="2322" VPOS="1070" WIDTH="197" HEIGHT="53" CONTENT="seinen" WC="0.99" CC="100506"/>
						<SP ID="P102_SP00061" HPOS="2519" VPOS="1137" WIDTH="51"/>
						<String ID="P102_ST00069" HPOS="2570" VPOS="1061" WIDTH="209" HEIGHT="63" CONTENT="Willen" WC="0.99" CC="700000"/>
						<SP ID="P102_SP00062" HPOS="2779" VPOS="1137" WIDTH="51"/>
						<String ID="P102_ST00070" HPOS="2830" VPOS="1062" WIDTH="189" HEIGHT="64" CONTENT="lassen" WC="0.98" CC="030266"/>
					</TextLine>
					<TextLine ID="P102_TL00009" HPOS="715" VPOS="1156" WIDTH="2305" HEIGHT="81">
						<String ID="P102_ST00071" HPOS="715" VPOS="1174" WIDTH="254" HEIGHT="62" CONTENT="müssen," WC="0.99" CC="0000554"/>
						<SP ID="P102_SP00063" HPOS="969" VPOS="1236" WIDTH="44"/>
						<String ID="P102_ST00072" HPOS="1013" VPOS="1187" WIDTH="97" HEIGHT="38" CONTENT="um" WC="1.00" CC="00"/>
						<SP ID="P102_SP00064" HPOS="1110" VPOS="1236" WIDTH="42"/>
						<String ID="P102_ST00073" HPOS="1152" VPOS="1161" WIDTH="96" HEIGHT="62" CONTENT="ihn" WC="1.00" CC="000"/>
						<SP ID="P102_SP00065" HPOS="1248" VPOS="1236" WIDTH="41"/>
						<String ID="P102_ST00074" HPOS="1289" VPOS="1160" WIDTH="144" HEIGHT="62" CONTENT="nicht" WC="0.97" CC="66074"/>
						<SP ID="P102_SP00066" HPOS="1433" VPOS="1236" WIDTH="39"/>
						<String ID="P102_ST00075" HPOS="1472" VPOS="1183" WIDTH="181" HEIGHT="54" CONTENT="gegen" WC="0.99" CC="07000"/>
						<SP ID="P102_SP00067" HPOS="1653" VPOS="1237" WIDTH="35"/>
						<String ID="P102_ST00076" HPOS="1688" VPOS="1157" WIDTH="107" HEIGHT="63" CONTENT="sich" WC="0.96" CC="0297"/>
						<SP ID="P102_SP00068" HPOS="1795" VPOS="1237" WIDTH="37"/>
						<String ID="P102_ST00077" HPOS="1832" VPOS="1156" WIDTH="437" HEIGHT="81" CONTENT="aufzubringen," WC="0.99" CC="0596077350004"/>
						<SP ID="P102_SP00069" HPOS="2269" VPOS="1237" WIDTH="34"/>
						<String ID="P102_ST00078" HPOS="2303" VPOS="1182" WIDTH="126" HEIGHT="38" CONTENT="war" WC="0.96" CC="045"/>
						<SP ID="P102_SP00070" HPOS="2429" VPOS="1237" WIDTH="33"/>
						<String ID="P102_ST00079" HPOS="2462" VPOS="1182" WIDTH="61" HEIGHT="38" CONTENT="er" WC="0.69" CC="06"/>
						<SP ID="P102_SP00071" HPOS="2523" VPOS="1237" WIDTH="30"/>
						<String ID="P102_ST00080" HPOS="2553" VPOS="1183" WIDTH="121" HEIGHT="38" CONTENT="von" WC="0.99" CC="030"/>
						<SP ID="P102_SP00072" HPOS="2674" VPOS="1237" WIDTH="35"/>
						<String ID="P102_ST00081" HPOS="2709" VPOS="1168" WIDTH="155" HEIGHT="53" CONTENT="einer" WC="0.99" CC="02007"/>
						<SP ID="P102_SP00073" HPOS="2864" VPOS="1237" WIDTH="31"/>
						<String ID="P102_ST00082" HPOS="2895" VPOS="1159" WIDTH="125" HEIGHT="62" CONTENT="bei*" WC="0.97" CC="0067"/>
					</TextLine>
					<TextLine ID="P102_TL00010" HPOS="715" VPOS="1254" WIDTH="2307" HEIGHT="80">
						<String ID="P102_ST00083" HPOS="715" VPOS="1258" WIDTH="154" HEIGHT="63" CONTENT="nahe" WC="0.98" CC="0070"/>
						<SP ID="P102_SP00074" HPOS="869" VPOS="1321" WIDTH="56"/>
						<String ID="P102_ST00084" HPOS="925" VPOS="1257" WIDTH="420" HEIGHT="63" CONTENT="kriecherischen" WC="0.99" CC="00530766600700"/>
						<SP ID="P102_SP00075" HPOS="1345" VPOS="1321" WIDTH="57"/>
						<String ID="P102_ST00085" HPOS="1402" VPOS="1254" WIDTH="346" HEIGHT="62" CONTENT="Höflichkeit" WC="0.99" CC="62461070043"/>
						<SP ID="P102_SP00076" HPOS="1748" VPOS="1321" WIDTH="56"/>
						<String ID="P102_ST00086" HPOS="1804" VPOS="1278" WIDTH="184" HEIGHT="56" CONTENT="gegen" WC="0.99" CC="04000"/>
						<SP ID="P102_SP00077" HPOS="1988" VPOS="1334" WIDTH="58"/>
						<String ID="P102_ST00087" HPOS="2046" VPOS="1254" WIDTH="115" HEIGHT="62" CONTENT="ihn." WC="0.99" CC="1004"/>
						<SP ID="P102_SP00078" HPOS="2161" VPOS="1334" WIDTH="64"/>
						<String ID="P102_ST00088" HPOS="2225" VPOS="1254" WIDTH="202" HEIGHT="63" CONTENT="Sofort" WC="0.98" CC="006361"/>
						<SP ID="P102_SP00079" HPOS="2427" VPOS="1334" WIDTH="58"/>
						<String ID="P102_ST00089" HPOS="2485" VPOS="1254" WIDTH="176" HEIGHT="62" CONTENT="nahm" WC="0.99" CC="6000"/>
						<SP ID="P102_SP00080" HPOS="2661" VPOS="1334" WIDTH="56"/>
						<String ID="P102_ST00090" HPOS="2717" VPOS="1254" WIDTH="305" HEIGHT="80" CONTENT="Hagecius" WC="0.86" CC="50050000"/>
					</TextLine>
					<TextLine ID="P102_TL00011" HPOS="715" VPOS="1349" WIDTH="2307" HEIGHT="82">
						<String ID="P102_ST00091" HPOS="715" VPOS="1363" WIDTH="187" HEIGHT="54" CONTENT="seines" WC="0.98" CC="056050"/>
						<SP ID="P102_SP00081" HPOS="902" VPOS="1417" WIDTH="42"/>
						<String ID="P102_ST00092" HPOS="944" VPOS="1352" WIDTH="257" HEIGHT="65" CONTENT="Vorteils" WC="0.98" CC="25756600"/>
						<SP ID="P102_SP00082" HPOS="1201" VPOS="1417" WIDTH="52"/>
						<String ID="P102_ST00093" HPOS="1253" VPOS="1350" WIDTH="163" HEIGHT="63" CONTENT="wahr" WC="0.99" CC="0006"/>
						<SP ID="P102_SP00083" HPOS="1416" VPOS="1417" WIDTH="49"/>
						<String ID="P102_ST00094" HPOS="1465" VPOS="1350" WIDTH="120" HEIGHT="63" CONTENT="und" WC="0.97" CC="700"/>
						<SP ID="P102_SP00084" HPOS="1585" VPOS="1417" WIDTH="49"/>
						<String ID="P102_ST00095" HPOS="1634" VPOS="1350" WIDTH="181" HEIGHT="63" CONTENT="stellte" WC="0.99" CC="0006640"/>
						<SP ID="P102_SP00085" HPOS="1815" VPOS="1417" WIDTH="51"/>
						<String ID="P102_ST00096" HPOS="1866" VPOS="1349" WIDTH="109" HEIGHT="64" CONTENT="sich" WC="0.98" CC="0007"/>
						<SP ID="P102_SP00086" HPOS="1975" VPOS="1417" WIDTH="52"/>
						<String ID="P102_ST00097" HPOS="2027" VPOS="1359" WIDTH="102" HEIGHT="54" CONTENT="mit" WC="0.97" CC="034"/>
						<SP ID="P102_SP00087" HPOS="2129" VPOS="1417" WIDTH="42"/>
						<String ID="P102_ST00098" HPOS="2171" VPOS="1359" WIDTH="156" HEIGHT="55" CONTENT="einer" WC="0.98" CC="01607"/>
						<SP ID="P102_SP00088" HPOS="2327" VPOS="1417" WIDTH="43"/>
						<String ID="P102_ST00099" HPOS="2370" VPOS="1350" WIDTH="271" HEIGHT="64" CONTENT="düsteren" WC="1.00" CC="00010500"/>
						<SP ID="P102_SP00089" HPOS="2641" VPOS="1417" WIDTH="42"/>
						<String ID="P102_ST00100" HPOS="2683" VPOS="1350" WIDTH="166" HEIGHT="81" CONTENT="Rüge" WC="1.00" CC="0100"/>
						<SP ID="P102_SP00090" HPOS="2849" VPOS="1431" WIDTH="52"/>
						<String ID="P102_ST00101" HPOS="2901" VPOS="1376" WIDTH="121" HEIGHT="39" CONTENT="von" WC="0.97" CC="006"/>
					</TextLine>
					<TextLine ID="P102_TL00012" HPOS="714" VPOS="1446" WIDTH="2308" HEIGHT="84">
						<String ID="P102_ST00102" HPOS="714" VPOS="1447" WIDTH="231" HEIGHT="83" CONTENT="Tychos" WC="0.76" CC="600700"/>
						<SP ID="P102_SP00091" HPOS="945" VPOS="1530" WIDTH="37"/>
						<String ID="P102_ST00103" HPOS="982" VPOS="1447" WIDTH="424" HEIGHT="65" CONTENT="Gesichtsfarbe" WC="0.99" CC="4305870060470"/>
						<SP ID="P102_SP00092" HPOS="1406" VPOS="1530" WIDTH="42"/>
						<String ID="P102_ST00104" HPOS="1448" VPOS="1456" WIDTH="56" HEIGHT="52" CONTENT="in" WC="0.86" CC="20"/>
						<SP ID="P102_SP00093" HPOS="1504" VPOS="1530" WIDTH="46"/>
						<String ID="P102_ST00105" HPOS="1550" VPOS="1446" WIDTH="110" HEIGHT="63" CONTENT="den" WC="1.00" CC="000"/>
						<SP ID="P102_SP00094" HPOS="1660" VPOS="1530" WIDTH="28"/>
						<String ID="P102_ST00106" HPOS="1688" VPOS="1447" WIDTH="432" HEIGHT="80" CONTENT="Vordergrund" WC="0.99" CC="05705506600"/>
						<SP ID="P102_SP00095" HPOS="2120" VPOS="1530" WIDTH="42"/>
						<String ID="P102_ST00107" HPOS="2162" VPOS="1447" WIDTH="102" HEIGHT="64" CONTENT="des" WC="1.00" CC="000"/>
						<SP ID="P102_SP00096" HPOS="2264" VPOS="1530" WIDTH="35"/>
						<String ID="P102_ST00108" HPOS="2299" VPOS="1447" WIDTH="379" HEIGHT="80" CONTENT="Gespräches," WC="0.99" CC="00027007503"/>
						<SP ID="P102_SP00097" HPOS="2678" VPOS="1530" WIDTH="43"/>
						<String ID="P102_ST00109" HPOS="2721" VPOS="1447" WIDTH="87" HEIGHT="62" CONTENT="Er" WC="0.31" CC="66"/>
						<SP ID="P102_SP00098" HPOS="2808" VPOS="1530" WIDTH="33"/>
						<String ID="P102_ST00110" HPOS="2841" VPOS="1447" WIDTH="181" HEIGHT="64" CONTENT="fühlte" WC="0.98" CC="407040"/>
					</TextLine>
					<TextLine ID="P102_TL00013" HPOS="714" VPOS="1542" WIDTH="2309" HEIGHT="82">
						<String ID="P102_ST00111" HPOS="714" VPOS="1546" WIDTH="117" HEIGHT="61" CONTENT="ihm" WC="0.98" CC="500"/>
						<SP ID="P102_SP00099" HPOS="831" VPOS="1607" WIDTH="42"/>
						<String ID="P102_ST00112" HPOS="873" VPOS="1546" WIDTH="109" HEIGHT="61" CONTENT="den" WC="1.00" CC="000"/>
						<SP ID="P102_SP00100" HPOS="982" VPOS="1607" WIDTH="45"/>
						<String ID="P102_ST00113" HPOS="1027" VPOS="1544" WIDTH="147" HEIGHT="72" CONTENT="Puls," WC="0.98" CC="02604"/>
						<SP ID="P102_SP00101" HPOS="1174" VPOS="1616" WIDTH="43"/>
						<String ID="P102_ST00114" HPOS="1217" VPOS="1545" WIDTH="137" HEIGHT="59" CONTENT="auch" WC="0.97" CC="0407"/>
						<SP ID="P102_SP00102" HPOS="1354" VPOS="1616" WIDTH="42"/>
						<String ID="P102_ST00115" HPOS="1396" VPOS="1544" WIDTH="186" HEIGHT="62" CONTENT="dieser" WC="0.99" CC="000006"/>
						<SP ID="P102_SP00103" HPOS="1582" VPOS="1616" WIDTH="39"/>
						<String ID="P102_ST00116" HPOS="1621" VPOS="1542" WIDTH="184" HEIGHT="64" CONTENT="schien" WC="0.99" CC="007600"/>
						<SP ID="P102_SP00104" HPOS="1805" VPOS="1616" WIDTH="45"/>
						<String ID="P102_ST00117" HPOS="1850" VPOS="1544" WIDTH="174" HEIGHT="62" CONTENT="nichts" WC="0.99" CC="000700"/>
						<SP ID="P102_SP00105" HPOS="2024" VPOS="1616" WIDTH="43"/>
						<String ID="P102_ST00118" HPOS="2067" VPOS="1544" WIDTH="194" HEIGHT="63" CONTENT="Gutes" WC="0.98" CC="40560"/>
						<SP ID="P102_SP00106" HPOS="2261" VPOS="1616" WIDTH="42"/>
						<String ID="P102_ST00119" HPOS="2303" VPOS="1569" WIDTH="76" HEIGHT="37" CONTENT="zu" WC="0.64" CC="70"/>
						<SP ID="P102_SP00107" HPOS="2379" VPOS="1616" WIDTH="42"/>
						<String ID="P102_ST00120" HPOS="2421" VPOS="1552" WIDTH="339" HEIGHT="72" CONTENT="weissagen." WC="1.00" CC="0030000004"/>
						<SP ID="P102_SP00108" HPOS="2760" VPOS="1624" WIDTH="48"/>
						<String ID="P102_ST00121" HPOS="2808" VPOS="1544" WIDTH="215" HEIGHT="63" CONTENT="»Mehr" WC="0.97" CC="59007"/>
					</TextLine>
					<TextLine ID="P102_TL00014" HPOS="715" VPOS="1639" WIDTH="2308" HEIGHT="81">
						<String ID="P102_ST00122" HPOS="715" VPOS="1641" WIDTH="324" HEIGHT="79" CONTENT="Schonung," WC="0.99" CC="607300094"/>
						<SP ID="P102_SP00109" HPOS="1039" VPOS="1720" WIDTH="43"/>
						<String ID="P102_ST00123" HPOS="1082" VPOS="1664" WIDTH="172" HEIGHT="38" CONTENT="wenn" WC="0.99" CC="0300"/>
						<SP ID="P102_SP00110" HPOS="1254" VPOS="1720" WIDTH="42"/>
						<String ID="P102_ST00124" HPOS="1296" VPOS="1639" WIDTH="79" HEIGHT="62" CONTENT="ich" WC="0.95" CC="507"/>
						<SP ID="P102_SP00111" HPOS="1375" VPOS="1720" WIDTH="40"/>
						<String ID="P102_ST00125" HPOS="1415" VPOS="1639" WIDTH="173" HEIGHT="62" CONTENT="bitten" WC="0.99" CC="760000"/>
						<SP ID="P102_SP00112" HPOS="1588" VPOS="1720" WIDTH="44"/>
						<String ID="P102_ST00126" HPOS="1632" VPOS="1639" WIDTH="145" HEIGHT="76" CONTENT="darf," WC="0.98" CC="00663"/>
						<SP ID="P102_SP00113" HPOS="1777" VPOS="1720" WIDTH="45"/>
						<String ID="P102_ST00127" HPOS="1822" VPOS="1640" WIDTH="555" HEIGHT="80" CONTENT="vernunftmäßigere" WC="1.00" CC="0070055500340060"/>
						<SP ID="P102_SP00114" HPOS="2377" VPOS="1720" WIDTH="40"/>
						<String ID="P102_ST00128" HPOS="2417" VPOS="1640" WIDTH="431" HEIGHT="72" CONTENT="Lebensweise," WC="1.00" CC="040060002004"/>
						<SP ID="P102_SP00115" HPOS="2848" VPOS="1720" WIDTH="43"/>
						<String ID="P102_ST00129" HPOS="2891" VPOS="1640" WIDTH="132" HEIGHT="64" CONTENT="De*" WC="0.98" CC="004"/>
					</TextLine>
					<TextLine ID="P102_TL00015" HPOS="713" VPOS="1735" WIDTH="2310" HEIGHT="82">
						<String ID="P102_ST00130" HPOS="713" VPOS="1745" WIDTH="359" HEIGHT="55" CONTENT="termination" WC="0.77" CC="50506000340"/>
						<SP ID="P102_SP00116" HPOS="1072" VPOS="1800" WIDTH="60"/>
						<String ID="P102_ST00131" HPOS="1132" VPOS="1737" WIDTH="100" HEIGHT="61" CONTENT="der" WC="0.98" CC="006"/>
						<SP ID="P102_SP00117" HPOS="1232" VPOS="1800" WIDTH="41"/>
						<String ID="P102_ST00132" HPOS="1273" VPOS="1735" WIDTH="269" HEIGHT="73" CONTENT="Arbeit,«" WC="0.99" CC="46001543"/>
						<SP ID="P102_SP00118" HPOS="1542" VPOS="1808" WIDTH="55"/>
						<String ID="P102_ST00133" HPOS="1597" VPOS="1735" WIDTH="132" HEIGHT="63" CONTENT="kam" WC="1.00" CC="000"/>
						<SP ID="P102_SP00119" HPOS="1729" VPOS="1808" WIDTH="61"/>
						<String ID="P102_ST00134" HPOS="1790" VPOS="1761" WIDTH="62" HEIGHT="38" CONTENT="es" WC="1.00" CC="00"/>
						<SP ID="P102_SP00120" HPOS="1852" VPOS="1808" WIDTH="50"/>
						<String ID="P102_ST00135" HPOS="1902" VPOS="1761" WIDTH="120" HEIGHT="38" CONTENT="von" WC="0.97" CC="042"/>
						<SP ID="P102_SP00121" HPOS="2022" VPOS="1808" WIDTH="59"/>
						<String ID="P102_ST00136" HPOS="2081" VPOS="1747" WIDTH="197" HEIGHT="53" CONTENT="seinen" WC="1.00" CC="004000"/>
						<SP ID="P102_SP00122" HPOS="2278" VPOS="1808" WIDTH="49"/>
						<String ID="P102_ST00137" HPOS="2327" VPOS="1737" WIDTH="240" HEIGHT="80" CONTENT="Lippen." WC="0.99" CC="0400004"/>
						<SP ID="P102_SP00123" HPOS="2567" VPOS="1817" WIDTH="61"/>
						<String ID="P102_ST00138" HPOS="2628" VPOS="1737" WIDTH="84" HEIGHT="62" CONTENT="Im" WC="1.00" CC="00"/>
						<SP ID="P102_SP00124" HPOS="2712" VPOS="1817" WIDTH="49"/>
						<String ID="P102_ST00139" HPOS="2761" VPOS="1738" WIDTH="262" HEIGHT="62" CONTENT="Zimmer" WC="0.98" CC="900207"/>
					</TextLine>
					<TextLine ID="P102_TL00016" HPOS="713" VPOS="1832" WIDTH="2310" HEIGHT="81">
						<String ID="P102_ST00140" HPOS="713" VPOS="1833" WIDTH="261" HEIGHT="64" CONTENT="nebenan" WC="0.99" CC="6600000"/>
						<SP ID="P102_SP00125" HPOS="974" VPOS="1897" WIDTH="35"/>
						<String ID="P102_ST00141" HPOS="1009" VPOS="1832" WIDTH="164" HEIGHT="63" CONTENT="sollte" WC="1.00" CC="000020"/>
						<SP ID="P102_SP00126" HPOS="1173" VPOS="1897" WIDTH="34"/>
						<String ID="P102_ST00142" HPOS="1207" VPOS="1857" WIDTH="119" HEIGHT="37" CONTENT="nun" WC="1.00" CC="000"/>
						<SP ID="P102_SP00127" HPOS="1326" VPOS="1897" WIDTH="35"/>
						<String ID="P102_ST00143" HPOS="1361" VPOS="1832" WIDTH="188" HEIGHT="63" CONTENT="sofort" WC="0.98" CC="026662"/>
						<SP ID="P102_SP00128" HPOS="1549" VPOS="1897" WIDTH="34"/>
						<String ID="P102_ST00144" HPOS="1583" VPOS="1857" WIDTH="76" HEIGHT="37" CONTENT="an" WC="1.00" CC="00"/>
						<SP ID="P102_SP00129" HPOS="1659" VPOS="1897" WIDTH="36"/>
						<String ID="P102_ST00145" HPOS="1695" VPOS="1842" WIDTH="90" HEIGHT="53" CONTENT="ein" WC="0.98" CC="040"/>
						<SP ID="P102_SP00130" HPOS="1785" VPOS="1897" WIDTH="35"/>
						<String ID="P102_ST00146" HPOS="1820" VPOS="1833" WIDTH="245" HEIGHT="62" CONTENT="näheres" WC="0.99" CC="0070600"/>
						<SP ID="P102_SP00131" HPOS="2065" VPOS="1897" WIDTH="35"/>
						<String ID="P102_ST00147" HPOS="2100" VPOS="1833" WIDTH="271" HEIGHT="64" CONTENT="Examen" WC="0.99" CC="600060"/>
						<SP ID="P102_SP00132" HPOS="2371" VPOS="1897" WIDTH="34"/>
						<String ID="P102_ST00148" HPOS="2405" VPOS="1834" WIDTH="326" HEIGHT="79" CONTENT="geschritten" WC="1.00" CC="00007040000"/>
						<SP ID="P102_SP00133" HPOS="2731" VPOS="1913" WIDTH="34"/>
						<String ID="P102_ST00149" HPOS="2765" VPOS="1833" WIDTH="258" HEIGHT="74" CONTENT="werden," WC="0.99" CC="0560004"/>
					</TextLine>
					<TextLine ID="P102_TL00017" HPOS="713" VPOS="1928" WIDTH="2309" HEIGHT="82">
						<String ID="P102_ST00150" HPOS="713" VPOS="1931" WIDTH="203" HEIGHT="62" CONTENT="dessen" WC="1.00" CC="000060"/>
						<SP ID="P102_SP00134" HPOS="916" VPOS="1993" WIDTH="39"/>
						<String ID="P102_ST00151" HPOS="955" VPOS="1928" WIDTH="374" HEIGHT="74" CONTENT="Aussichten," WC="0.99" CC="47003075054"/>
						<SP ID="P102_SP00135" HPOS="1329" VPOS="2002" WIDTH="56"/>
						<String ID="P102_ST00152" HPOS="1385" VPOS="1937" WIDTH="114" HEIGHT="54" CONTENT="wie" WC="0.99" CC="020"/>
						<SP ID="P102_SP00136" HPOS="1499" VPOS="2002" WIDTH="43"/>
						<String ID="P102_ST00153" HPOS="1542" VPOS="1954" WIDTH="62" HEIGHT="37" CONTENT="es" WC="0.76" CC="40"/>
						<SP ID="P102_SP00137" HPOS="1604" VPOS="2002" WIDTH="42"/>
						<String ID="P102_ST00154" HPOS="1646" VPOS="1930" WIDTH="214" HEIGHT="73" CONTENT="schien," WC="0.98" CC="0074074"/>
						<SP ID="P102_SP00138" HPOS="1860" VPOS="2003" WIDTH="44"/>
						<String ID="P102_ST00155" HPOS="1904" VPOS="1928" WIDTH="93" HEIGHT="64" CONTENT="die" WC="1.00" CC="000"/>
						<SP ID="P102_SP00139" HPOS="1997" VPOS="2003" WIDTH="42"/>
						<String ID="P102_ST00156" HPOS="2039" VPOS="1940" WIDTH="345" HEIGHT="70" CONTENT="traurigsten" WC="0.99" CC="27506590400"/>
						<SP ID="P102_SP00140" HPOS="2384" VPOS="2010" WIDTH="43"/>
						<String ID="P102_ST00157" HPOS="2427" VPOS="1954" WIDTH="214" HEIGHT="39" CONTENT="waren." WC="0.99" CC="006002"/>
						<SP ID="P102_SP00141" HPOS="2641" VPOS="2010" WIDTH="44"/>
						<String ID="P102_ST00158" HPOS="2685" VPOS="1930" WIDTH="182" HEIGHT="63" CONTENT="Ohne" WC="0.99" CC="0050"/>
						<SP ID="P102_SP00142" HPOS="2867" VPOS="2010" WIDTH="40"/>
						<String ID="P102_ST00159" HPOS="2907" VPOS="1931" WIDTH="115" HEIGHT="62" CONTENT="daß" WC="0.97" CC="008"/>
					</TextLine>
					<TextLine ID="P102_TL00018" HPOS="713" VPOS="2025" WIDTH="2309" HEIGHT="80">
						<String ID="P102_ST00160" HPOS="713" VPOS="2050" WIDTH="61" HEIGHT="38" CONTENT="er" WC="0.52" CC="36"/>
						<SP ID="P102_SP00143" HPOS="774" VPOS="2088" WIDTH="49"/>
						<String ID="P102_ST00161" HPOS="823" VPOS="2026" WIDTH="257" HEIGHT="79" CONTENT="dagegen" WC="1.00" CC="0400003"/>
						<SP ID="P102_SP00144" HPOS="1080" VPOS="2105" WIDTH="53"/>
						<String ID="P102_ST00162" HPOS="1133" VPOS="2025" WIDTH="362" HEIGHT="80" CONTENT="ankämpfte," WC="1.00" CC="0000006504"/>
						<SP ID="P102_SP00145" HPOS="1495" VPOS="2105" WIDTH="51"/>
						<String ID="P102_ST00163" HPOS="1546" VPOS="2025" WIDTH="204" HEIGHT="63" CONTENT="wurde" WC="0.98" CC="05600"/>
						<SP ID="P102_SP00146" HPOS="1750" VPOS="2105" WIDTH="53"/>
						<String ID="P102_ST00164" HPOS="1803" VPOS="2035" WIDTH="90" HEIGHT="53" CONTENT="ein" WC="0.99" CC="020"/>
						<SP ID="P102_SP00147" HPOS="1893" VPOS="2105" WIDTH="49"/>
						<String ID="P102_ST00165" HPOS="1942" VPOS="2027" WIDTH="177" HEIGHT="61" CONTENT="böses" WC="0.99" CC="70000"/>
						<SP ID="P102_SP00148" HPOS="2119" VPOS="2105" WIDTH="51"/>
						<String ID="P102_ST00166" HPOS="2170" VPOS="2026" WIDTH="444" HEIGHT="64" CONTENT="schadenfrohes" WC="0.99" CC="0972066753700"/>
						<SP ID="P102_SP00149" HPOS="2614" VPOS="2105" WIDTH="41"/>
						<String ID="P102_ST00167" HPOS="2655" VPOS="2026" WIDTH="247" HEIGHT="62" CONTENT="Lächeln" WC="1.00" CC="0007000"/>
						<SP ID="P102_SP00150" HPOS="2902" VPOS="2105" WIDTH="42"/>
						<String ID="P102_ST00168" HPOS="2944" VPOS="2036" WIDTH="78" HEIGHT="52" CONTENT="im" WC="0.75" CC="50"/>
					</TextLine>
					<TextLine ID="P102_TL00019" HPOS="713" VPOS="2118" WIDTH="2307" HEIGHT="83">
						<String ID="P102_ST00169" HPOS="713" VPOS="2121" WIDTH="228" HEIGHT="64" CONTENT="Gesicht" WC="0.99" CC="3004071"/>
						<SP ID="P102_SP00151" HPOS="941" VPOS="2185" WIDTH="58"/>
						<String ID="P102_ST00170" HPOS="999" VPOS="2123" WIDTH="101" HEIGHT="61" CONTENT="des" WC="0.98" CC="050"/>
						<SP ID="P102_SP00152" HPOS="1100" VPOS="2185" WIDTH="57"/>
						<String ID="P102_ST00171" HPOS="1157" VPOS="2121" WIDTH="219" HEIGHT="63" CONTENT="Arztes" WC="0.98" CC="265400"/>
						<SP ID="P102_SP00153" HPOS="1376" VPOS="2185" WIDTH="60"/>
						<String ID="P102_ST00172" HPOS="1436" VPOS="2132" WIDTH="200" HEIGHT="52" CONTENT="immer" WC="0.99" CC="00005"/>
						<SP ID="P102_SP00154" HPOS="1636" VPOS="2185" WIDTH="59"/>
						<String ID="P102_ST00173" HPOS="1695" VPOS="2121" WIDTH="316" HEIGHT="64" CONTENT="deutlicher." WC="0.99" CC="00040007064"/>
						<SP ID="P102_SP00155" HPOS="2011" VPOS="2185" WIDTH="164"/>
						<String ID="P102_ST00174" HPOS="2175" VPOS="2118" WIDTH="203" HEIGHT="83" CONTENT="Tycho" WC="0.63" CC="40075"/>
						<SP ID="P102_SP00156" HPOS="2378" VPOS="2201" WIDTH="58"/>
						<String ID="P102_ST00175" HPOS="2436" VPOS="2124" WIDTH="101" HEIGHT="62" CONTENT="bat" WC="0.96" CC="710"/>
						<SP ID="P102_SP00157" HPOS="2537" VPOS="2201" WIDTH="49"/>
						<String ID="P102_ST00176" HPOS="2586" VPOS="2123" WIDTH="125" HEIGHT="73" CONTENT="ihn," WC="0.97" CC="0704"/>
						<SP ID="P102_SP00158" HPOS="2711" VPOS="2201" WIDTH="50"/>
						<String ID="P102_ST00177" HPOS="2761" VPOS="2147" WIDTH="110" HEIGHT="38" CONTENT="nur" WC="0.97" CC="006"/>
						<SP ID="P102_SP00159" HPOS="2871" VPOS="2201" WIDTH="58"/>
						<String ID="P102_ST00178" HPOS="2929" VPOS="2132" WIDTH="91" HEIGHT="53" CONTENT="ein" WC="0.98" CC="006"/>
					</TextLine>
					<TextLine ID="P102_TL00020" HPOS="713" VPOS="2217" WIDTH="2310" HEIGHT="82">
						<String ID="P102_ST00179" HPOS="713" VPOS="2218" WIDTH="286" HEIGHT="63" CONTENT="Weilchen" WC="0.99" CC="90000737"/>
						<SP ID="P102_SP00160" HPOS="999" VPOS="2281" WIDTH="53"/>
						<String ID="P102_ST00180" HPOS="1052" VPOS="2218" WIDTH="141" HEIGHT="62" CONTENT="noch" WC="0.97" CC="0507"/>
						<SP ID="P102_SP00161" HPOS="1193" VPOS="2281" WIDTH="52"/>
						<String ID="P102_ST00181" HPOS="1245" VPOS="2218" WIDTH="109" HEIGHT="62" CONTENT="sich" WC="0.98" CC="0107"/>
						<SP ID="P102_SP00162" HPOS="1354" VPOS="2281" WIDTH="51"/>
						<String ID="P102_ST00182" HPOS="1405" VPOS="2243" WIDTH="76" HEIGHT="37" CONTENT="zu" WC="0.34" CC="76"/>
						<SP ID="P102_SP00163" HPOS="1481" VPOS="2281" WIDTH="51"/>
						<String ID="P102_ST00183" HPOS="1532" VPOS="2218" WIDTH="306" HEIGHT="80" CONTENT="gedulden." WC="0.99" CC="000270504"/>
						<SP ID="P102_SP00164" HPOS="1838" VPOS="2298" WIDTH="53"/>
						<String ID="P102_ST00184" HPOS="1891" VPOS="2217" WIDTH="365" HEIGHT="64" CONTENT="Schmerzlich" WC="0.99" CC="60701677007"/>
						<SP ID="P102_SP00165" HPOS="2256" VPOS="2298" WIDTH="53"/>
						<String ID="P102_ST00185" HPOS="2309" VPOS="2219" WIDTH="275" HEIGHT="80" CONTENT="empfand" WC="1.00" CC="0005000"/>
						<SP ID="P102_SP00166" HPOS="2584" VPOS="2299" WIDTH="41"/>
						<String ID="P102_ST00186" HPOS="2625" VPOS="2243" WIDTH="61" HEIGHT="38" CONTENT="er" WC="0.64" CC="07"/>
						<SP ID="P102_SP00167" HPOS="2686" VPOS="2299" WIDTH="42"/>
						<String ID="P102_ST00187" HPOS="2728" VPOS="2243" WIDTH="80" HEIGHT="51" CONTENT="es," WC="0.98" CC="004"/>
						<SP ID="P102_SP00168" HPOS="2808" VPOS="2299" WIDTH="44"/>
						<String ID="P102_ST00188" HPOS="2852" VPOS="2219" WIDTH="171" HEIGHT="65" CONTENT="schon" WC="0.98" CC="00730"/>
					</TextLine>
					<TextLine ID="P102_TL00021" HPOS="712" VPOS="2314" WIDTH="2311" HEIGHT="82">
						<String ID="P102_ST00189" HPOS="712" VPOS="2314" WIDTH="132" HEIGHT="63" CONTENT="nach" WC="1.00" CC="0000"/>
						<SP ID="P102_SP00169" HPOS="844" VPOS="2377" WIDTH="45"/>
						<String ID="P102_ST00190" HPOS="889" VPOS="2314" WIDTH="111" HEIGHT="63" CONTENT="den" WC="1.00" CC="000"/>
						<SP ID="P102_SP00170" HPOS="1000" VPOS="2377" WIDTH="35"/>
						<String ID="P102_ST00191" HPOS="1035" VPOS="2332" WIDTH="188" HEIGHT="45" CONTENT="ersten" WC="0.98" CC="270304"/>
						<SP ID="P102_SP00171" HPOS="1223" VPOS="2377" WIDTH="26"/>
						<String ID="P102_ST00192" HPOS="1249" VPOS="2314" WIDTH="256" HEIGHT="64" CONTENT="Worten" WC="0.99" CC="027100"/>
						<SP ID="P102_SP00172" HPOS="1505" VPOS="2378" WIDTH="45"/>
						<String ID="P102_ST00193" HPOS="1550" VPOS="2316" WIDTH="103" HEIGHT="62" CONTENT="der" WC="0.97" CC="026"/>
						<SP ID="P102_SP00173" HPOS="1653" VPOS="2378" WIDTH="31"/>
						<String ID="P102_ST00194" HPOS="1684" VPOS="2340" WIDTH="70" HEIGHT="38" CONTENT="so" WC="0.90" CC="02"/>
						<SP ID="P102_SP00174" HPOS="1754" VPOS="2378" WIDTH="36"/>
						<String ID="P102_ST00195" HPOS="1790" VPOS="2314" WIDTH="235" HEIGHT="64" CONTENT="herzlich" WC="0.99" CC="04600007"/>
						<SP ID="P102_SP00175" HPOS="2025" VPOS="2378" WIDTH="33"/>
						<String ID="P102_ST00196" HPOS="2058" VPOS="2316" WIDTH="110" HEIGHT="62" CONTENT="sich" WC="0.98" CC="0307"/>
						<SP ID="P102_SP00176" HPOS="2168" VPOS="2378" WIDTH="35"/>
						<String ID="P102_ST00197" HPOS="2203" VPOS="2317" WIDTH="381" HEIGHT="62" CONTENT="anlassenden" WC="1.00" CC="30040000000"/>
						<SP ID="P102_SP00177" HPOS="2584" VPOS="2379" WIDTH="25"/>
						<String ID="P102_ST00198" HPOS="2609" VPOS="2317" WIDTH="414" HEIGHT="79" CONTENT="Unterredung" WC="0.99" CC="70107700000"/>
					</TextLine>
					<TextLine ID="P102_TL00022" HPOS="712" VPOS="2410" WIDTH="2311" HEIGHT="82">
						<String ID="P102_ST00199" HPOS="712" VPOS="2410" WIDTH="307" HEIGHT="63" CONTENT="abbrechen" WC="0.98" CC="077630736"/>
						<SP ID="P102_SP00178" HPOS="1019" VPOS="2473" WIDTH="36"/>
						<String ID="P102_ST00200" HPOS="1055" VPOS="2436" WIDTH="74" HEIGHT="37" CONTENT="zu" WC="0.70" CC="50"/>
						<SP ID="P102_SP00179" HPOS="1129" VPOS="2473" WIDTH="35"/>
						<String ID="P102_ST00201" HPOS="1164" VPOS="2422" WIDTH="251" HEIGHT="51" CONTENT="müssen." WC="0.99" CC="0020074"/>
						<SP ID="P102_SP00180" HPOS="1415" VPOS="2473" WIDTH="38"/>
						<String ID="P102_ST00202" HPOS="1453" VPOS="2411" WIDTH="173" HEIGHT="63" CONTENT="Auch" WC="0.95" CC="6097"/>
						<SP ID="P102_SP00181" HPOS="1626" VPOS="2474" WIDTH="36"/>
						<String ID="P102_ST00203" HPOS="1662" VPOS="2411" WIDTH="152" HEIGHT="63" CONTENT="hatte" WC="0.99" CC="70000"/>
						<SP ID="P102_SP00182" HPOS="1814" VPOS="2474" WIDTH="42"/>
						<String ID="P102_ST00204" HPOS="1856" VPOS="2436" WIDTH="61" HEIGHT="38" CONTENT="er" WC="0.46" CC="37"/>
						<SP ID="P102_SP00183" HPOS="1917" VPOS="2474" WIDTH="30"/>
						<String ID="P102_ST00205" HPOS="1947" VPOS="2421" WIDTH="59" HEIGHT="70" CONTENT="ja" WC="0.63" CC="24" STYLEREFS="TXT_3"/>
						<SP ID="P102_SP00184" HPOS="2006" VPOS="2491" WIDTH="33"/>
						<String ID="P102_ST00206" HPOS="2039" VPOS="2412" WIDTH="142" HEIGHT="62" CONTENT="noch" WC="0.97" CC="4407"/>
						<SP ID="P102_SP00185" HPOS="2181" VPOS="2491" WIDTH="25"/>
						<String ID="P102_ST00207" HPOS="2206" VPOS="2412" WIDTH="218" HEIGHT="80" CONTENT="Kepler" WC="0.99" CC="000700"/>
						<SP ID="P102_SP00186" HPOS="2424" VPOS="2492" WIDTH="31"/>
						<String ID="P102_ST00208" HPOS="2455" VPOS="2438" WIDTH="78" HEIGHT="38" CONTENT="zu" WC="1.00" CC="00"/>
						<SP ID="P102_SP00187" HPOS="2533" VPOS="2492" WIDTH="25"/>
						<String ID="P102_ST00209" HPOS="2558" VPOS="2422" WIDTH="235" HEIGHT="55" CONTENT="trösten." WC="0.99" CC="50004004"/>
						<SP ID="P102_SP00188" HPOS="2793" VPOS="2492" WIDTH="38"/>
						<String ID="P102_ST00210" HPOS="2831" VPOS="2412" WIDTH="192" HEIGHT="64" CONTENT="Sehn*" WC="0.99" CC="10004"/>
					</TextLine>
					<TextLine ID="P102_TL00023" HPOS="710" VPOS="2507" WIDTH="1394" HEIGHT="67">
						<String ID="P102_ST00211" HPOS="710" VPOS="2507" WIDTH="306" HEIGHT="64" CONTENT="suchtsvoll" WC="1.00" CC="0507000100"/>
						<SP ID="P102_SP00189" HPOS="1016" VPOS="2571" WIDTH="41"/>
						<String ID="P102_ST00212" HPOS="1057" VPOS="2509" WIDTH="238" HEIGHT="62" CONTENT="wandte" WC="1.00" CC="002000"/>
						<SP ID="P102_SP00190" HPOS="1295" VPOS="2571" WIDTH="44"/>
						<String ID="P102_ST00213" HPOS="1339" VPOS="2532" WIDTH="61" HEIGHT="39" CONTENT="er" WC="0.65" CC="07"/>
						<SP ID="P102_SP00191" HPOS="1400" VPOS="2571" WIDTH="42"/>
						<String ID="P102_ST00214" HPOS="1442" VPOS="2509" WIDTH="109" HEIGHT="62" CONTENT="sich" WC="0.97" CC="0607"/>
						<SP ID="P102_SP00192" HPOS="1551" VPOS="2571" WIDTH="45"/>
						<String ID="P102_ST00215" HPOS="1596" VPOS="2510" WIDTH="115" HEIGHT="61" CONTENT="ihm" WC="0.98" CC="400"/>
						<SP ID="P102_SP00193" HPOS="1711" VPOS="2571" WIDTH="41"/>
						<String ID="P102_ST00216" HPOS="1752" VPOS="2509" WIDTH="218" HEIGHT="62" CONTENT="wieder" WC="0.99" CC="010067"/>
						<SP ID="P102_SP00194" HPOS="1970" VPOS="2571" WIDTH="41"/>
						<String ID="P102_ST00217" HPOS="2011" VPOS="2534" WIDTH="93" HEIGHT="40" CONTENT="zu." WC="0.93" CC="764"/>
					</TextLine>
					<TextLine ID="P102_TL00024" HPOS="790" VPOS="2600" WIDTH="2233" HEIGHT="85">
						<String ID="P102_ST00218" HPOS="790" VPOS="2603" WIDTH="218" HEIGHT="81" CONTENT="Kepler" WC="0.98" CC="050766"/>
						<SP ID="P102_SP00195" HPOS="1008" VPOS="2684" WIDTH="24"/>
						<String ID="P102_ST00219" HPOS="1032" VPOS="2604" WIDTH="141" HEIGHT="62" CONTENT="aber" WC="0.95" CC="6747"/>
						<SP ID="P102_SP00196" HPOS="1173" VPOS="2684" WIDTH="24"/>
						<String ID="P102_ST00220" HPOS="1197" VPOS="2629" WIDTH="128" HEIGHT="37" CONTENT="war" WC="0.98" CC="005"/>
						<SP ID="P102_SP00197" HPOS="1325" VPOS="2684" WIDTH="33"/>
						<String ID="P102_ST00221" HPOS="1358" VPOS="2605" WIDTH="174" HEIGHT="61" CONTENT="schon" WC="0.99" CC="00710"/>
						<SP ID="P102_SP00198" HPOS="1532" VPOS="2684" WIDTH="34"/>
						<String ID="P102_ST00222" HPOS="1566" VPOS="2604" WIDTH="196" HEIGHT="63" CONTENT="keines" WC="0.99" CC="024000"/>
						<SP ID="P102_SP00199" HPOS="1762" VPOS="2684" WIDTH="27"/>
						<String ID="P102_ST00223" HPOS="1789" VPOS="2600" WIDTH="245" HEIGHT="67" CONTENT="Trostes" WC="0.99" CC="0550160"/>
						<SP ID="P102_SP00200" HPOS="2034" VPOS="2684" WIDTH="35"/>
						<String ID="P102_ST00224" HPOS="2069" VPOS="2605" WIDTH="162" HEIGHT="64" CONTENT="mehr" WC="0.96" CC="0576"/>
						<SP ID="P102_SP00201" HPOS="2231" VPOS="2684" WIDTH="25"/>
						<String ID="P102_ST00225" HPOS="2256" VPOS="2605" WIDTH="306" HEIGHT="80" CONTENT="bedürftig." WC="0.99" CC="0600616702"/>
						<SP ID="P102_SP00202" HPOS="2562" VPOS="2685" WIDTH="37"/>
						<String ID="P102_ST00226" HPOS="2599" VPOS="2607" WIDTH="90" HEIGHT="62" CONTENT="Er" WC="0.29" CC="77"/>
						<SP ID="P102_SP00203" HPOS="2689" VPOS="2685" WIDTH="24"/>
						<String ID="P102_ST00227" HPOS="2713" VPOS="2608" WIDTH="310" HEIGHT="62" CONTENT="schwamm" WC="0.99" CC="0070500"/>
					</TextLine>
					<TextLine ID="P102_TL00025" HPOS="712" VPOS="2699" WIDTH="2311" HEIGHT="84">
						<String ID="P102_ST00228" HPOS="712" VPOS="2699" WIDTH="169" HEIGHT="62" CONTENT="schon" WC="0.99" CC="00730"/>
						<SP ID="P102_SP00204" HPOS="881" VPOS="2761" WIDTH="34"/>
						<String ID="P102_ST00229" HPOS="915" VPOS="2699" WIDTH="217" HEIGHT="64" CONTENT="wieder" WC="0.99" CC="004016"/>
						<SP ID="P102_SP00205" HPOS="1132" VPOS="2763" WIDTH="33"/>
						<String ID="P102_ST00230" HPOS="1165" VPOS="2711" WIDTH="55" HEIGHT="52" CONTENT="in" WC="0.64" CC="07"/>
						<SP ID="P102_SP00206" HPOS="1220" VPOS="2763" WIDTH="48"/>
						<String ID="P102_ST00231" HPOS="1268" VPOS="2711" WIDTH="221" HEIGHT="53" CONTENT="seinem" WC="0.99" CC="055000"/>
						<SP ID="P102_SP00207" HPOS="1489" VPOS="2764" WIDTH="25"/>
						<String ID="P102_ST00232" HPOS="1514" VPOS="2702" WIDTH="414" HEIGHT="62" CONTENT="Ziffernozean" WC="0.99" CC="913656536600"/>
						<SP ID="P102_SP00208" HPOS="1928" VPOS="2764" WIDTH="43"/>
						<String ID="P102_ST00233" HPOS="1971" VPOS="2702" WIDTH="122" HEIGHT="62" CONTENT="und" WC="0.98" CC="600"/>
						<SP ID="P102_SP00209" HPOS="2093" VPOS="2764" WIDTH="35"/>
						<String ID="P102_ST00234" HPOS="2128" VPOS="2702" WIDTH="153" HEIGHT="63" CONTENT="hatte" WC="0.99" CC="70003"/>
						<SP ID="P102_SP00210" HPOS="2281" VPOS="2765" WIDTH="35"/>
						<String ID="P102_ST00235" HPOS="2316" VPOS="2702" WIDTH="110" HEIGHT="63" CONTENT="alle" WC="0.96" CC="0765"/>
						<SP ID="P102_SP00211" HPOS="2426" VPOS="2765" WIDTH="34"/>
						<String ID="P102_ST00236" HPOS="2460" VPOS="2702" WIDTH="275" HEIGHT="63" CONTENT="irdischen" WC="0.99" CC="270400740"/>
						<SP ID="P102_SP00212" HPOS="2735" VPOS="2765" WIDTH="28"/>
						<String ID="P102_ST00237" HPOS="2763" VPOS="2703" WIDTH="260" HEIGHT="80" CONTENT="Sorgen*" WC="0.98" CC="5440560"/>
					</TextLine>
					<TextLine ID="P102_TL00026" HPOS="715" VPOS="2794" WIDTH="2308" HEIGHT="86">
						<String ID="P102_ST00238" HPOS="715" VPOS="2794" WIDTH="214" HEIGHT="64" CONTENT="kleider" WC="0.67" CC="0055056"/>
						<SP ID="P102_SP00213" HPOS="929" VPOS="2858" WIDTH="39"/>
						<String ID="P102_ST00239" HPOS="968" VPOS="2821" WIDTH="122" HEIGHT="37" CONTENT="von" WC="1.00" CC="010"/>
						<SP ID="P102_SP00214" HPOS="1090" VPOS="2858" WIDTH="43"/>
						<String ID="P102_ST00240" HPOS="1133" VPOS="2797" WIDTH="109" HEIGHT="62" CONTENT="sich" WC="0.98" CC="0007"/>
						<SP ID="P102_SP00215" HPOS="1242" VPOS="2859" WIDTH="44"/>
						<String ID="P102_ST00241" HPOS="1286" VPOS="2797" WIDTH="382" HEIGHT="80" CONTENT="abgeworfen" WC="0.99" CC="0702005640"/>
						<SP ID="P102_SP00216" HPOS="1668" VPOS="2877" WIDTH="32"/>
						<String ID="P102_ST00242" HPOS="1700" VPOS="2848" WIDTH="10" HEIGHT="11" CONTENT="." WC="0.55" CC="4"/>
						<SP ID="P102_SP00217" HPOS="1710" VPOS="2877" WIDTH="33"/>
						<String ID="P102_ST00243" HPOS="1743" VPOS="2848" WIDTH="11" HEIGHT="14" CONTENT="." WC="0.59" CC="4"/>
						<SP ID="P102_SP00218" HPOS="1754" VPOS="2877" WIDTH="33"/>
						<String ID="P102_ST00244" HPOS="1787" VPOS="2849" WIDTH="10" HEIGHT="12" CONTENT="," WC="0.67" CC="3"/>
						<SP ID="P102_SP00219" HPOS="1797" VPOS="2877" WIDTH="59"/>
						<String ID="P102_ST00245" HPOS="1856" VPOS="2798" WIDTH="90" HEIGHT="63" CONTENT="Es" WC="0.64" CC="70"/>
						<SP ID="P102_SP00220" HPOS="1946" VPOS="2877" WIDTH="44"/>
						<String ID="P102_ST00246" HPOS="1990" VPOS="2824" WIDTH="127" HEIGHT="38" CONTENT="war" WC="0.97" CC="006"/>
						<SP ID="P102_SP00221" HPOS="2117" VPOS="2877" WIDTH="42"/>
						<String ID="P102_ST00247" HPOS="2159" VPOS="2794" WIDTH="202" HEIGHT="84" CONTENT="Tycho" WC="0.79" CC="00072"/>
						<SP ID="P102_SP00222" HPOS="2361" VPOS="2878" WIDTH="54"/>
						<String ID="P102_ST00248" HPOS="2415" VPOS="2801" WIDTH="144" HEIGHT="61" CONTENT="nicht" WC="0.99" CC="00072"/>
						<SP ID="P102_SP00223" HPOS="2559" VPOS="2878" WIDTH="40"/>
						<String ID="P102_ST00249" HPOS="2599" VPOS="2825" WIDTH="77" HEIGHT="37" CONTENT="zu" WC="1.00" CC="00"/>
						<SP ID="P102_SP00224" HPOS="2676" VPOS="2878" WIDTH="43"/>
						<String ID="P102_ST00250" HPOS="2719" VPOS="2824" WIDTH="304" HEIGHT="56" CONTENT="verargen," WC="0.99" CC="007050304"/>
					</TextLine>
					<TextLine ID="P102_TL00027" HPOS="715" VPOS="2891" WIDTH="2308" HEIGHT="86">
						<String ID="P102_ST00251" HPOS="715" VPOS="2891" WIDTH="111" HEIGHT="64" CONTENT="daß" WC="1.00" CC="000"/>
						<SP ID="P102_SP00225" HPOS="826" VPOS="2955" WIDTH="44"/>
						<String ID="P102_ST00252" HPOS="870" VPOS="2916" WIDTH="60" HEIGHT="39" CONTENT="er" WC="0.45" CC="46"/>
						<SP ID="P102_SP00226" HPOS="930" VPOS="2955" WIDTH="41"/>
						<String ID="P102_ST00253" HPOS="971" VPOS="2894" WIDTH="274" HEIGHT="62" CONTENT="zunächst" WC="0.99" CC="70050700"/>
						<SP ID="P102_SP00227" HPOS="1245" VPOS="2956" WIDTH="51"/>
						<String ID="P102_ST00254" HPOS="1296" VPOS="2894" WIDTH="123" HEIGHT="62" CONTENT="und" WC="0.97" CC="600"/>
						<SP ID="P102_SP00228" HPOS="1419" VPOS="2956" WIDTH="50"/>
						<String ID="P102_ST00255" HPOS="1469" VPOS="2894" WIDTH="140" HEIGHT="62" CONTENT="noch" WC="0.98" CC="0107"/>
						<SP ID="P102_SP00229" HPOS="1609" VPOS="2956" WIDTH="44"/>
						<String ID="P102_ST00256" HPOS="1653" VPOS="2894" WIDTH="150" HEIGHT="63" CONTENT="viele" WC="0.99" CC="02205"/>
						<SP ID="P102_SP00230" HPOS="1803" VPOS="2957" WIDTH="50"/>
						<String ID="P102_ST00257" HPOS="1853" VPOS="2894" WIDTH="273" HEIGHT="81" CONTENT="folgende" WC="0.98" CC="50795004"/>
						<SP ID="P102_SP00231" HPOS="2126" VPOS="2975" WIDTH="42"/>
						<String ID="P102_ST00258" HPOS="2168" VPOS="2891" WIDTH="167" HEIGHT="84" CONTENT="Tage" WC="0.98" CC="0502"/>
						<SP ID="P102_SP00232" HPOS="2335" VPOS="2975" WIDTH="49"/>
						<String ID="P102_ST00259" HPOS="2384" VPOS="2896" WIDTH="135" HEIGHT="80" CONTENT="lang" WC="0.97" CC="7060"/>
						<SP ID="P102_SP00233" HPOS="2519" VPOS="2976" WIDTH="40"/>
						<String ID="P102_ST00260" HPOS="2559" VPOS="2896" WIDTH="249" HEIGHT="81" CONTENT="Keplers" WC="0.99" CC="0400460"/>
						<SP ID="P102_SP00234" HPOS="2808" VPOS="2977" WIDTH="44"/>
						<String ID="P102_ST00261" HPOS="2852" VPOS="2896" WIDTH="171" HEIGHT="64" CONTENT="Seele" WC="0.99" CC="50004"/>
					</TextLine>
					<TextLine ID="P102_TL00028" HPOS="714" VPOS="2990" WIDTH="2309" HEIGHT="83">
						<String ID="P102_ST00262" HPOS="714" VPOS="3012" WIDTH="69" HEIGHT="38" CONTENT="so" WC="0.96" CC="00"/>
						<SP ID="P102_SP00235" HPOS="783" VPOS="3050" WIDTH="49"/>
						<String ID="P102_ST00263" HPOS="832" VPOS="2990" WIDTH="249" HEIGHT="78" CONTENT="gänzlich" WC="0.99" CC="00067607"/>
						<SP ID="P102_SP00236" HPOS="1081" VPOS="3068" WIDTH="52"/>
						<String ID="P102_ST00264" HPOS="1133" VPOS="2990" WIDTH="416" HEIGHT="72" CONTENT="mißverstand," WC="1.00" CC="020006040004"/>
						<SP ID="P102_SP00237" HPOS="1549" VPOS="3068" WIDTH="50"/>
						<String ID="P102_ST00265" HPOS="1599" VPOS="2990" WIDTH="193" HEIGHT="64" CONTENT="indem" WC="0.99" CC="60040"/>
						<SP ID="P102_SP00238" HPOS="1792" VPOS="3068" WIDTH="51"/>
						<String ID="P102_ST00266" HPOS="1843" VPOS="3015" WIDTH="62" HEIGHT="39" CONTENT="er" WC="0.41" CC="65"/>
						<SP ID="P102_SP00239" HPOS="1905" VPOS="3068" WIDTH="51"/>
						<String ID="P102_ST00267" HPOS="1956" VPOS="3001" WIDTH="84" HEIGHT="54" CONTENT="sie" WC="0.99" CC="003"/>
						<SP ID="P102_SP00240" HPOS="2040" VPOS="3068" WIDTH="52"/>
						<String ID="P102_ST00268" HPOS="2092" VPOS="2993" WIDTH="137" HEIGHT="62" CONTENT="nach" WC="0.98" CC="0007"/>
						<SP ID="P102_SP00241" HPOS="2229" VPOS="3068" WIDTH="52"/>
						<String ID="P102_ST00269" HPOS="2281" VPOS="2991" WIDTH="113" HEIGHT="64" CONTENT="den" WC="0.98" CC="050"/>
						<SP ID="P102_SP00242" HPOS="2394" VPOS="3068" WIDTH="60"/>
						<String ID="P102_ST00270" HPOS="2454" VPOS="3003" WIDTH="241" HEIGHT="70" CONTENT="eigenen" WC="0.99" CC="6606000"/>
						<SP ID="P102_SP00243" HPOS="2695" VPOS="3073" WIDTH="51"/>
						<String ID="P102_ST00271" HPOS="2746" VPOS="2993" WIDTH="277" HEIGHT="63" CONTENT="Freuden" WC="0.98" CC="4660066"/>
					</TextLine>
					<TextLine ID="P102_TL00029" HPOS="717" VPOS="3085" WIDTH="2306" HEIGHT="69">
						<String ID="P102_ST00272" HPOS="717" VPOS="3085" WIDTH="119" HEIGHT="61" CONTENT="und" WC="1.00" CC="000"/>
						<SP ID="P102_SP00244" HPOS="836" VPOS="3146" WIDTH="39"/>
						<String ID="P102_ST00273" HPOS="875" VPOS="3085" WIDTH="416" HEIGHT="65" CONTENT="Bedürfnissen" WC="1.00" CC="030070000040"/>
						<SP ID="P102_SP00245" HPOS="1291" VPOS="3150" WIDTH="43"/>
						<String ID="P102_ST00274" HPOS="1334" VPOS="3088" WIDTH="319" HEIGHT="63" CONTENT="beurteilte." WC="0.99" CC="05561507424"/>
						<SP ID="P102_SP00246" HPOS="1653" VPOS="3151" WIDTH="61"/>
						<String ID="P102_ST00275" HPOS="1714" VPOS="3089" WIDTH="63" HEIGHT="62" CONTENT="In" WC="0.69" CC="06"/>
						<SP ID="P102_SP00247" HPOS="1777" VPOS="3151" WIDTH="45"/>
						<String ID="P102_ST00276" HPOS="1822" VPOS="3089" WIDTH="102" HEIGHT="64" CONTENT="der" WC="0.98" CC="005"/>
						<SP ID="P102_SP00248" HPOS="1924" VPOS="3153" WIDTH="32"/>
						<String ID="P102_ST00277" HPOS="1956" VPOS="3085" WIDTH="118" HEIGHT="66" CONTENT="Tat" WC="1.00" CC="000"/>
						<SP ID="P102_SP00249" HPOS="2074" VPOS="3153" WIDTH="41"/>
						<String ID="P102_ST00278" HPOS="2115" VPOS="3089" WIDTH="152" HEIGHT="64" CONTENT="hatte" WC="0.99" CC="70003"/>
						<SP ID="P102_SP00250" HPOS="2267" VPOS="3153" WIDTH="44"/>
						<String ID="P102_ST00279" HPOS="2311" VPOS="3115" WIDTH="62" HEIGHT="38" CONTENT="er" WC="0.68" CC="24"/>
						<SP ID="P102_SP00251" HPOS="2373" VPOS="3153" WIDTH="42"/>
						<String ID="P102_ST00280" HPOS="2415" VPOS="3090" WIDTH="113" HEIGHT="63" CONTENT="den" WC="0.97" CC="035"/>
						<SP ID="P102_SP00252" HPOS="2528" VPOS="3153" WIDTH="43"/>
						<String ID="P102_ST00281" HPOS="2571" VPOS="3090" WIDTH="203" HEIGHT="64" CONTENT="besten" WC="0.98" CC="750014"/>
						<SP ID="P102_SP00253" HPOS="2774" VPOS="3154" WIDTH="25"/>
						<String ID="P102_ST00282" HPOS="2799" VPOS="3090" WIDTH="224" HEIGHT="64" CONTENT="Willen" WC="0.98" CC="007406"/>
					</TextLine>
					<TextLine ID="P102_TL00030" HPOS="713" VPOS="3183" WIDTH="2309" HEIGHT="84">
						<String ID="P102_ST00283" HPOS="713" VPOS="3183" WIDTH="409" HEIGHT="79" CONTENT="einzugreifen," WC="0.99" CC="6006305445654"/>
						<SP ID="P102_SP00254" HPOS="1122" VPOS="3262" WIDTH="35"/>
						<String ID="P102_ST00284" HPOS="1157" VPOS="3209" WIDTH="78" HEIGHT="38" CONTENT="zu" WC="0.34" CC="66"/>
						<SP ID="P102_SP00255" HPOS="1235" VPOS="3262" WIDTH="35"/>
						<String ID="P102_ST00285" HPOS="1270" VPOS="3183" WIDTH="210" HEIGHT="64" CONTENT="helfen." WC="0.98" CC="7366604"/>
						<SP ID="P102_SP00256" HPOS="1480" VPOS="3262" WIDTH="47"/>
						<String ID="P102_ST00286" HPOS="1527" VPOS="3184" WIDTH="173" HEIGHT="64" CONTENT="Aber" WC="0.96" CC="3736"/>
						<SP ID="P102_SP00257" HPOS="1700" VPOS="3262" WIDTH="33"/>
						<String ID="P102_ST00287" HPOS="1733" VPOS="3186" WIDTH="249" HEIGHT="81" CONTENT="Keplers" WC="0.99" CC="0500040"/>
						<SP ID="P102_SP00258" HPOS="1982" VPOS="3267" WIDTH="35"/>
						<String ID="P102_ST00288" HPOS="2017" VPOS="3196" WIDTH="321" HEIGHT="53" CONTENT="zerrissene" WC="0.99" CC="6573000403"/>
						<SP ID="P102_SP00259" HPOS="2338" VPOS="3267" WIDTH="37"/>
						<String ID="P102_ST00289" HPOS="2375" VPOS="3187" WIDTH="405" HEIGHT="80" CONTENT="Stimmungen" WC="1.00" CC="4230050000"/>
						<SP ID="P102_SP00260" HPOS="2780" VPOS="3267" WIDTH="36"/>
						<String ID="P102_ST00290" HPOS="2816" VPOS="3187" WIDTH="206" HEIGHT="63" CONTENT="hörten" WC="0.98" CC="705500"/>
					</TextLine>
					<TextLine ID="P102_TL00031" HPOS="715" VPOS="3276" WIDTH="2308" HEIGHT="87">
						<String ID="P102_ST00291" HPOS="715" VPOS="3276" WIDTH="216" HEIGHT="65" CONTENT="ebenso" WC="0.99" CC="570001"/>
						<SP ID="P102_SP00261" HPOS="931" VPOS="3341" WIDTH="42"/>
						<String ID="P102_ST00292" HPOS="973" VPOS="3278" WIDTH="278" HEIGHT="82" CONTENT="grundlos" WC="0.99" CC="93500060"/>
						<SP ID="P102_SP00262" HPOS="1251" VPOS="3360" WIDTH="46"/>
						<String ID="P102_ST00293" HPOS="1297" VPOS="3280" WIDTH="122" HEIGHT="63" CONTENT="und" WC="0.95" CC="650"/>
						<SP ID="P102_SP00263" HPOS="1419" VPOS="3360" WIDTH="42"/>
						<String ID="P102_ST00294" HPOS="1461" VPOS="3281" WIDTH="259" HEIGHT="81" CONTENT="plötzlich" WC="1.00" CC="000000007"/>
						<SP ID="P102_SP00264" HPOS="1720" VPOS="3362" WIDTH="44"/>
						<String ID="P102_ST00295" HPOS="1764" VPOS="3282" WIDTH="124" HEIGHT="73" CONTENT="auf," WC="0.98" CC="0044"/>
						<SP ID="P102_SP00265" HPOS="1888" VPOS="3362" WIDTH="53"/>
						<String ID="P102_ST00296" HPOS="1941" VPOS="3291" WIDTH="114" HEIGHT="53" CONTENT="wie" WC="0.98" CC="014"/>
						<SP ID="P102_SP00266" HPOS="2055" VPOS="3362" WIDTH="42"/>
						<String ID="P102_ST00297" HPOS="2097" VPOS="3292" WIDTH="85" HEIGHT="52" CONTENT="sie" WC="0.98" CC="005"/>
						<SP ID="P102_SP00267" HPOS="2182" VPOS="3362" WIDTH="42"/>
						<String ID="P102_ST00298" HPOS="2224" VPOS="3282" WIDTH="296" HEIGHT="64" CONTENT="scheinbar" WC="0.99" CC="007014025"/>
						<SP ID="P102_SP00268" HPOS="2520" VPOS="3362" WIDTH="51"/>
						<String ID="P102_ST00299" HPOS="2571" VPOS="3283" WIDTH="281" HEIGHT="80" CONTENT="grundlos" WC="1.00" CC="06000000"/>
						<SP ID="P102_SP00269" HPOS="2852" VPOS="3363" WIDTH="44"/>
						<String ID="P102_ST00300" HPOS="2896" VPOS="3294" WIDTH="127" HEIGHT="52" CONTENT="ein*" WC="0.97" CC="4404"/>
					</TextLine>
					<TextLine ID="P102_TL00032" HPOS="715" VPOS="3375" WIDTH="2308" HEIGHT="84">
						<String ID="P102_ST00301" HPOS="715" VPOS="3389" WIDTH="234" HEIGHT="48" CONTENT="setzten." WC="0.99" CC="05060500"/>
						<SP ID="P102_SP00270" HPOS="949" VPOS="3437" WIDTH="69"/>
						<String ID="P102_ST00302" HPOS="1018" VPOS="3375" WIDTH="153" HEIGHT="63" CONTENT="Man" WC="1.00" CC="000"/>
						<SP ID="P102_SP00271" HPOS="1171" VPOS="3438" WIDTH="60"/>
						<String ID="P102_ST00303" HPOS="1231" VPOS="3376" WIDTH="216" HEIGHT="64" CONTENT="konnte" WC="0.97" CC="055455"/>
						<SP ID="P102_SP00272" HPOS="1447" VPOS="3440" WIDTH="60"/>
						<String ID="P102_ST00304" HPOS="1507" VPOS="3376" WIDTH="115" HEIGHT="64" CONTENT="ihm" WC="0.96" CC="470"/>
						<SP ID="P102_SP00273" HPOS="1622" VPOS="3440" WIDTH="60"/>
						<String ID="P102_ST00305" HPOS="1682" VPOS="3377" WIDTH="415" HEIGHT="82" CONTENT="ebensowenig" WC="1.00" CC="37400000040"/>
						<SP ID="P102_SP00274" HPOS="2097" VPOS="3459" WIDTH="66"/>
						<String ID="P102_ST00306" HPOS="2163" VPOS="3379" WIDTH="431" HEIGHT="73" CONTENT="heraushelfen," WC="0.99" CC="7662407005504"/>
						<SP ID="P102_SP00275" HPOS="2594" VPOS="3459" WIDTH="58"/>
						<String ID="P102_ST00307" HPOS="2652" VPOS="3389" WIDTH="113" HEIGHT="53" CONTENT="wie" WC="1.00" CC="000"/>
						<SP ID="P102_SP00276" HPOS="2765" VPOS="3459" WIDTH="61"/>
						<String ID="P102_ST00308" HPOS="2826" VPOS="3404" WIDTH="61" HEIGHT="39" CONTENT="er" WC="0.76" CC="04"/>
						<SP ID="P102_SP00277" HPOS="2887" VPOS="3459" WIDTH="60"/>
						<String ID="P102_ST00309" HPOS="2947" VPOS="3390" WIDTH="76" HEIGHT="53" CONTENT="im" WC="1.00" CC="00"/>
					</TextLine>
					<TextLine ID="P102_TL00033" HPOS="717" VPOS="3473" WIDTH="2306" HEIGHT="73">
						<String ID="P102_ST00310" HPOS="717" VPOS="3492" WIDTH="218" HEIGHT="54" CONTENT="ganzen" WC="0.99" CC="020620"/>
						<SP ID="P102_SP00278" HPOS="935" VPOS="3546" WIDTH="42"/>
						<String ID="P102_ST00311" HPOS="977" VPOS="3474" WIDTH="138" HEIGHT="60" CONTENT="auch" WC="0.97" CC="0707"/>
						<SP ID="P102_SP00279" HPOS="1115" VPOS="3546" WIDTH="44"/>
						<String ID="P102_ST00312" HPOS="1159" VPOS="3473" WIDTH="109" HEIGHT="63" CONTENT="auf" WC="0.94" CC="069"/>
						<SP ID="P102_SP00280" HPOS="1268" VPOS="3546" WIDTH="35"/>
						<String ID="P102_ST00313" HPOS="1303" VPOS="3473" WIDTH="206" HEIGHT="64" CONTENT="keinen" WC="0.99" CC="040040"/>
						<SP ID="P102_SP00281" HPOS="1509" VPOS="3546" WIDTH="43"/>
						<String ID="P102_ST00314" HPOS="1552" VPOS="3475" WIDTH="257" HEIGHT="64" CONTENT="äußeren" WC="0.99" CC="0500400"/>
						<SP ID="P102_SP00282" HPOS="1809" VPOS="3546" WIDTH="33"/>
						<String ID="P102_ST00315" HPOS="1842" VPOS="3475" WIDTH="203" HEIGHT="64" CONTENT="Anlaß" WC="0.99" CC="54000"/>
						<SP ID="P102_SP00283" HPOS="2045" VPOS="3546" WIDTH="45"/>
						<String ID="P102_ST00316" HPOS="2090" VPOS="3475" WIDTH="95" HEIGHT="64" CONTENT="hin" WC="0.99" CC="003"/>
						<SP ID="P102_SP00284" HPOS="2185" VPOS="3546" WIDTH="43"/>
						<String ID="P102_ST00317" HPOS="2228" VPOS="3485" WIDTH="56" HEIGHT="54" CONTENT="in" WC="0.96" CC="00"/>
						<SP ID="P102_SP00285" HPOS="2284" VPOS="3546" WIDTH="44"/>
						<String ID="P102_ST00318" HPOS="2328" VPOS="3478" WIDTH="151" HEIGHT="61" CONTENT="solch" WC="0.99" CC="00007"/>
						<SP ID="P102_SP00286" HPOS="2479" VPOS="3546" WIDTH="36"/>
						<String ID="P102_ST00319" HPOS="2515" VPOS="3487" WIDTH="127" HEIGHT="53" CONTENT="eine" WC="0.98" CC="6040"/>
						<SP ID="P102_SP00287" HPOS="2642" VPOS="3546" WIDTH="34"/>
						<String ID="P102_ST00320" HPOS="2676" VPOS="3476" WIDTH="176" HEIGHT="64" CONTENT="Krise" WC="0.98" CC="06306"/>
						<SP ID="P102_SP00288" HPOS="2852" VPOS="3546" WIDTH="40"/>
						<String ID="P102_ST00321" HPOS="2892" VPOS="3478" WIDTH="131" HEIGHT="62" CONTENT="hin*" WC="0.97" CC="0654"/>
					</TextLine>
					<TextLine ID="P102_TL00034" HPOS="719" VPOS="3568" WIDTH="2303" HEIGHT="85">
						<String ID="P102_ST00322" HPOS="719" VPOS="3573" WIDTH="282" HEIGHT="70" CONTENT="eingeriet." WC="0.99" CC="6400304334"/>
						<SP ID="P102_SP00289" HPOS="1001" VPOS="3643" WIDTH="45"/>
						<String ID="P102_ST00323" HPOS="1046" VPOS="3568" WIDTH="127" HEIGHT="63" CONTENT="Der" WC="0.97" CC="106"/>
						<SP ID="P102_SP00290" HPOS="1173" VPOS="3643" WIDTH="40"/>
						<String ID="P102_ST00324" HPOS="1213" VPOS="3570" WIDTH="244" HEIGHT="79" CONTENT="größere" WC="0.99" CC="0600065"/>
						<SP ID="P102_SP00291" HPOS="1457" VPOS="3649" WIDTH="33"/>
						<String ID="P102_ST00325" HPOS="1490" VPOS="3573" WIDTH="321" HEIGHT="79" CONTENT="wichtigere" WC="0.98" CC="0607417466"/>
						<SP ID="P102_SP00292" HPOS="1811" VPOS="3652" WIDTH="35"/>
						<String ID="P102_ST00326" HPOS="1846" VPOS="3568" WIDTH="128" HEIGHT="67" CONTENT="Teil" WC="0.99" CC="0030"/>
						<SP ID="P102_SP00293" HPOS="1974" VPOS="3652" WIDTH="34"/>
						<String ID="P102_ST00327" HPOS="2008" VPOS="3582" WIDTH="192" HEIGHT="53" CONTENT="seines" WC="0.99" CC="062060"/>
						<SP ID="P102_SP00294" HPOS="2200" VPOS="3652" WIDTH="25"/>
						<String ID="P102_ST00328" HPOS="2225" VPOS="3573" WIDTH="232" HEIGHT="63" CONTENT="Lebens" WC="0.98" CC="057050"/>
						<SP ID="P102_SP00295" HPOS="2457" VPOS="3652" WIDTH="35"/>
						<String ID="P102_ST00329" HPOS="2492" VPOS="3573" WIDTH="203" HEIGHT="80" CONTENT="spielte" WC="0.99" CC="0006704"/>
						<SP ID="P102_SP00296" HPOS="2695" VPOS="3653" WIDTH="36"/>
						<String ID="P102_ST00330" HPOS="2731" VPOS="3574" WIDTH="109" HEIGHT="61" CONTENT="sich" WC="0.97" CC="0507"/>
						<SP ID="P102_SP00297" HPOS="2840" VPOS="3653" WIDTH="34"/>
						<String ID="P102_ST00331" HPOS="2874" VPOS="3573" WIDTH="148" HEIGHT="63" CONTENT="eben" WC="0.97" CC="4007"/>
					</TextLine>
					<TextLine ID="P102_TL00035" HPOS="722" VPOS="3659" WIDTH="2301" HEIGHT="91">
						<String ID="P102_ST00332" HPOS="722" VPOS="3659" WIDTH="316" HEIGHT="65" CONTENT="unbewußt" WC="0.99" CC="00030643"/>
						<SP ID="P102_SP00298" HPOS="1038" VPOS="3724" WIDTH="50"/>
						<String ID="P102_ST00333" HPOS="1088" VPOS="3663" WIDTH="73" HEIGHT="62" CONTENT="ab" WC="0.72" CC="50"/>
						<SP ID="P102_SP00299" HPOS="1161" VPOS="3725" WIDTH="43"/>
						<String ID="P102_ST00334" HPOS="1204" VPOS="3666" WIDTH="122" HEIGHT="61" CONTENT="und" WC="0.98" CC="060"/>
						<SP ID="P102_SP00300" HPOS="1326" VPOS="3727" WIDTH="42"/>
						<String ID="P102_ST00335" HPOS="1368" VPOS="3691" WIDTH="126" HEIGHT="38" CONTENT="war" WC="0.99" CC="002"/>
						<SP ID="P102_SP00301" HPOS="1494" VPOS="3729" WIDTH="51"/>
						<String ID="P102_ST00336" HPOS="1545" VPOS="3677" WIDTH="76" HEIGHT="52" CONTENT="im" WC="1.00" CC="00"/>
						<SP ID="P102_SP00302" HPOS="1621" VPOS="3729" WIDTH="43"/>
						<String ID="P102_ST00337" HPOS="1664" VPOS="3667" WIDTH="296" HEIGHT="63" CONTENT="wahrsten" WC="0.99" CC="00760540"/>
						<SP ID="P102_SP00303" HPOS="1960" VPOS="3730" WIDTH="44"/>
						<String ID="P102_ST00338" HPOS="2004" VPOS="3668" WIDTH="180" HEIGHT="62" CONTENT="Sinne" WC="0.99" CC="00004"/>
						<SP ID="P102_SP00304" HPOS="2184" VPOS="3730" WIDTH="52"/>
						<String ID="P102_ST00339" HPOS="2236" VPOS="3668" WIDTH="102" HEIGHT="62" CONTENT="des" WC="0.97" CC="060"/>
						<SP ID="P102_SP00305" HPOS="2338" VPOS="3730" WIDTH="46"/>
						<String ID="P102_ST00340" HPOS="2384" VPOS="3668" WIDTH="250" HEIGHT="62" CONTENT="Wortes" WC="0.98" CC="024650"/>
						<SP ID="P102_SP00306" HPOS="2634" VPOS="3730" WIDTH="42"/>
						<String ID="P102_ST00341" HPOS="2676" VPOS="3680" WIDTH="347" HEIGHT="70" CONTENT="unzugäng*" WC="0.89" CC="000000504"/>
					</TextLine>
					<TextLine ID="P102_TL00036" HPOS="722" VPOS="3752" WIDTH="2301" HEIGHT="86">
						<String ID="P102_ST00342" HPOS="722" VPOS="3752" WIDTH="98" HEIGHT="62" CONTENT="lieh" WC="0.96" CC="6407"/>
						<SP ID="P102_SP00307" HPOS="820" VPOS="3814" WIDTH="43"/>
						<String ID="P102_ST00343" HPOS="863" VPOS="3756" WIDTH="90" HEIGHT="62" CONTENT="für" WC="0.97" CC="106"/>
						<SP ID="P102_SP00308" HPOS="953" VPOS="3818" WIDTH="42"/>
						<String ID="P102_ST00344" HPOS="995" VPOS="3760" WIDTH="212" HEIGHT="64" CONTENT="andere" WC="0.98" CC="070450"/>
						<SP ID="P102_SP00309" HPOS="1207" VPOS="3824" WIDTH="41"/>
						<String ID="P102_ST00345" HPOS="1248" VPOS="3772" WIDTH="114" HEIGHT="52" CONTENT="wie" WC="0.99" CC="020"/>
						<SP ID="P102_SP00310" HPOS="1362" VPOS="3824" WIDTH="42"/>
						<String ID="P102_ST00346" HPOS="1404" VPOS="3763" WIDTH="94" HEIGHT="63" CONTENT="für" WC="0.96" CC="605"/>
						<SP ID="P102_SP00311" HPOS="1498" VPOS="3826" WIDTH="43"/>
						<String ID="P102_ST00347" HPOS="1541" VPOS="3763" WIDTH="94" HEIGHT="64" CONTENT="ihn" WC="0.98" CC="004"/>
						<SP ID="P102_SP00312" HPOS="1635" VPOS="3827" WIDTH="44"/>
						<String ID="P102_ST00348" HPOS="1679" VPOS="3765" WIDTH="198" HEIGHT="73" CONTENT="selbst," WC="0.99" CC="0007004"/>
						<SP ID="P102_SP00313" HPOS="1877" VPOS="3838" WIDTH="46"/>
						<String ID="P102_ST00349" HPOS="1923" VPOS="3766" WIDTH="93" HEIGHT="61" CONTENT="für" WC="0.96" CC="404"/>
						<SP ID="P102_SP00314" HPOS="2016" VPOS="3838" WIDTH="42"/>
						<String ID="P102_ST00350" HPOS="2058" VPOS="3765" WIDTH="409" HEIGHT="63" CONTENT="Freundliches" WC="0.99" CC="560000600700"/>
						<SP ID="P102_SP00315" HPOS="2467" VPOS="3838" WIDTH="44"/>
						<String ID="P102_ST00351" HPOS="2511" VPOS="3774" WIDTH="114" HEIGHT="53" CONTENT="wie" WC="1.00" CC="000"/>
						<SP ID="P102_SP00316" HPOS="2625" VPOS="3838" WIDTH="44"/>
						<String ID="P102_ST00352" HPOS="2669" VPOS="3765" WIDTH="91" HEIGHT="62" CONTENT="für" WC="0.96" CC="605"/>
						<SP ID="P102_SP00317" HPOS="2760" VPOS="3838" WIDTH="43"/>
						<String ID="P102_ST00353" HPOS="2803" VPOS="3766" WIDTH="220" HEIGHT="64" CONTENT="Schäd*" WC="0.80" CC="007004"/>
					</TextLine>
					<TextLine ID="P102_TL00037" HPOS="724" VPOS="3847" WIDTH="2299" HEIGHT="94">
						<String ID="P102_ST00354" HPOS="724" VPOS="3847" WIDTH="162" HEIGHT="65" CONTENT="liebes" WC="0.98" CC="030760"/>
						<SP ID="P102_SP00318" HPOS="886" VPOS="3912" WIDTH="30"/>
						<String ID="P102_ST00355" HPOS="916" VPOS="3901" WIDTH="52" HEIGHT="12" CONTENT="~" WC="0.55" CC="4"/>
						<SP ID="P102_SP00319" HPOS="968" VPOS="3913" WIDTH="33"/>
						<String ID="P102_ST00356" HPOS="1001" VPOS="3903" WIDTH="10" HEIGHT="13" CONTENT="," WC="0.63" CC="3"/>
						<SP ID="P102_SP00320" HPOS="1011" VPOS="3916" WIDTH="63"/>
						<String ID="P102_ST00357" HPOS="1074" VPOS="3856" WIDTH="114" HEIGHT="62" CONTENT="Als" WC="0.98" CC="400"/>
						<SP ID="P102_SP00321" HPOS="1188" VPOS="3918" WIDTH="43"/>
						<String ID="P102_ST00358" HPOS="1231" VPOS="3857" WIDTH="116" HEIGHT="63" CONTENT="ihm" WC="0.97" CC="060"/>
						<SP ID="P102_SP00322" HPOS="1347" VPOS="3920" WIDTH="43"/>
						<String ID="P102_ST00359" HPOS="1390" VPOS="3859" WIDTH="180" HEIGHT="63" CONTENT="daher" WC="0.98" CC="05600"/>
						<SP ID="P102_SP00323" HPOS="1570" VPOS="3922" WIDTH="41"/>
						<String ID="P102_ST00360" HPOS="1611" VPOS="3856" WIDTH="202" HEIGHT="85" CONTENT="Tycho" WC="0.58" CC="00775"/>
						<SP ID="P102_SP00324" HPOS="1813" VPOS="3941" WIDTH="53"/>
						<String ID="P102_ST00361" HPOS="1866" VPOS="3861" WIDTH="310" HEIGHT="64" CONTENT="freundlich" WC="0.99" CC="5500507400"/>
						<SP ID="P102_SP00325" HPOS="2176" VPOS="3941" WIDTH="42"/>
						<String ID="P102_ST00362" HPOS="2218" VPOS="3864" WIDTH="286" HEIGHT="60" CONTENT="zunickte:" WC="0.99" CC="000007605"/>
						<SP ID="P102_SP00326" HPOS="2504" VPOS="3941" WIDTH="55"/>
						<String ID="P102_ST00363" HPOS="2559" VPOS="3885" WIDTH="173" HEIGHT="39" CONTENT="wenn" WC="0.99" CC="0005"/>
						<SP ID="P102_SP00327" HPOS="2732" VPOS="3941" WIDTH="43"/>
						<String ID="P102_ST00364" HPOS="2775" VPOS="3887" WIDTH="63" HEIGHT="38" CONTENT="er" WC="0.77" CC="04"/>
						<SP ID="P102_SP00328" HPOS="2838" VPOS="3941" WIDTH="41"/>
						<String ID="P102_ST00365" HPOS="2879" VPOS="3865" WIDTH="144" HEIGHT="61" CONTENT="nicht" WC="1.00" CC="00000"/>
					</TextLine>
					<TextLine ID="P102_TL00038" HPOS="726" VPOS="3941" WIDTH="2297" HEIGHT="97">
						<String ID="P102_ST00366" HPOS="726" VPOS="3941" WIDTH="134" HEIGHT="64" CONTENT="bald" WC="0.98" CC="7300"/>
						<SP ID="P102_SP00329" HPOS="860" VPOS="4005" WIDTH="33"/>
						<String ID="P102_ST00367" HPOS="893" VPOS="3944" WIDTH="195" HEIGHT="66" CONTENT="besser" WC="0.99" CC="000015"/>
						<SP ID="P102_SP00330" HPOS="1088" VPOS="4010" WIDTH="33"/>
						<String ID="P102_ST00368" HPOS="1121" VPOS="3976" WIDTH="119" HEIGHT="36" CONTENT="von" WC="0.98" CC="040"/>
						<SP ID="P102_SP00331" HPOS="1240" VPOS="4012" WIDTH="34"/>
						<String ID="P102_ST00369" HPOS="1274" VPOS="3955" WIDTH="108" HEIGHT="60" CONTENT="sich" WC="0.98" CC="0307"/>
						<SP ID="P102_SP00332" HPOS="1382" VPOS="4015" WIDTH="34"/>
						<String ID="P102_ST00370" HPOS="1416" VPOS="3981" WIDTH="75" HEIGHT="35" CONTENT="zu" WC="0.47" CC="55"/>
						<SP ID="P102_SP00333" HPOS="1491" VPOS="4016" WIDTH="35"/>
						<String ID="P102_ST00371" HPOS="1526" VPOS="3957" WIDTH="177" HEIGHT="62" CONTENT="reden" WC="0.98" CC="60060"/>
						<SP ID="P102_SP00334" HPOS="1703" VPOS="4019" WIDTH="36"/>
						<String ID="P102_ST00372" HPOS="1739" VPOS="3957" WIDTH="215" HEIGHT="80" CONTENT="gewillt" WC="0.99" CC="0500005"/>
						<SP ID="P102_SP00335" HPOS="1954" VPOS="4037" WIDTH="33"/>
						<String ID="P102_ST00373" HPOS="1987" VPOS="3967" WIDTH="104" HEIGHT="62" CONTENT="sei," WC="0.97" CC="0264"/>
						<SP ID="P102_SP00336" HPOS="2091" VPOS="4037" WIDTH="35"/>
						<String ID="P102_ST00374" HPOS="2126" VPOS="3957" WIDTH="201" HEIGHT="62" CONTENT="werde" WC="1.00" CC="00300"/>
						<SP ID="P102_SP00337" HPOS="2327" VPOS="4037" WIDTH="34"/>
						<String ID="P102_ST00375" HPOS="2361" VPOS="3981" WIDTH="63" HEIGHT="38" CONTENT="er" WC="0.46" CC="55"/>
						<SP ID="P102_SP00338" HPOS="2424" VPOS="4037" WIDTH="33"/>
						<String ID="P102_ST00376" HPOS="2457" VPOS="3981" WIDTH="106" HEIGHT="38" CONTENT="zur" WC="0.95" CC="705"/>
						<SP ID="P102_SP00339" HPOS="2563" VPOS="4037" WIDTH="26"/>
						<String ID="P102_ST00377" HPOS="2589" VPOS="3957" WIDTH="193" HEIGHT="64" CONTENT="Strafe" WC="0.98" CC="434065"/>
						<SP ID="P102_SP00340" HPOS="2782" VPOS="4037" WIDTH="33"/>
						<String ID="P102_ST00378" HPOS="2815" VPOS="3959" WIDTH="208" HEIGHT="79" CONTENT="gleich*" WC="0.99" CC="0066004"/>
					</TextLine>
				</TextBlock>
			</PrintSpace>
		</Page>
	</Layout>
</alto>
