3232 4572
572 406 92 49 164

1415 410 143 51 CarC
1574 412 289 50 Sternßeim
1882 437 12 11 •
1915 417 134 51 IQI3

651 600 205 65 Otto:
899 602 472 75 Donnerwetter,
1415 614 113 53 wie
1569 605 253 62 kommst
1863 604 81 63 du
1986 604 241 62 darauf?

654 698 223 64 Sofie:
922 700 131 64 Das
1100 700 312 81 Gegenteil
1454 712 162 52 wäre
1649 701 271 64 Mirakel.
1957 701 62 63 In
2053 700 230 64 solchen
2318 700 326 80 gebildeten
2678 703 167 64 Habe-

575 795 254 63 nichtsen
872 797 202 63 schläft
1115 816 143 44 stets
1303 797 103 63 der
1445 797 204 73 Wille,
1693 807 56 53 in
1792 821 211 40 unsere
2044 797 263 63 Assiette
2348 822 79 37 zu
2462 807 286 71 springen.

656 891 206 64 Otto:
905 893 149 64 Und
1094 903 86 54 sie
1223 903 72 55 ist
1337 905 128 53 eine
1497 894 424 82 Platzpatrone,

656 988 225 65 Sofie:
927 990 197 63 Durch
1167 991 295 80 irgendein
1501 991 353 63 Phantasma
1895 988 233 65 blendet
2177 988 102 64 der
2321 990 251 63 Bursche
2615 991 94 63 die
2753 992 139 64 Un=

574 1085 293 80 mündige.

658 1181 207 65 Otto:
909 1185 128 62 Der
1078 1184 128 62 also
1251 1184 147 62 wird
1440 1184 171 62 durch
1655 1194 168 53 einen
1867 1184 330 65 Seitenhieb
2239 1183 358 81 miterledigt.

656 1278 223 65 Sofie:
922 1281 209 62 Nimm
1175 1279 80 64 du
1299 1281 93 62 die
1425 1279 227 65 Kinder
1693 1282 113 61 auf
1840 1281 118 63 dich
2001 1282 122 62 und
2156 1281 94 63 laß
2284 1289 106 54 mir
2423 1279 123 64 hier
2580 1279 108 64 das
2723 1281 167 64 Feld.

659 1374 208 65 Otto:
913 1377 159 62 Was
1115 1378 194 61 mache
1352 1377 78 61 ich
1474 1386 102 53 mit
1618 1377 233 64 Ottilie?

658 1471 223 64 Sofie:
928 1472 169 64 Oels,

659 1568 203 63 Otto:
905 1569 195 63 Einen
1143 1569 146 63 Flirt
1329 1571 253 61 starten?

658 1664 219 64 Sofie:
922 1664 161 64 Zum
1124 1665 265 80 Anfang.
1435 1667 90 62 Er
1566 1675 73 54 ist
1680 1667 156 63 blöd.
1884 1665 122 65 Gib
2050 1675 185 73 einige
2276 1667 534 80 Renseignements,

659 1762 203 63 Otto:
909 1763 89 62 Er
1040 1763 108 62 soll
1191 1772 76 53 im
1309 1762 165 65 Bilde
1516 1773 142 55 sein,

659 1857 220 65 Sofie:
924 1860 155 62 Wer
1121 1869 74 54 ist
1342 1860 94 63 bei
1478 1860 150 62 ihm?

658 1954 202 63 Otto;
903 1955 105 62 Du
1050 1956 216 62 machst
1308 1966 108 52 mir
1455 1956 220 80 Angst.

658 2051 218 64 Sofie:
921 2053 177 63 Denn
1141 2053 78 62 da
1260 2053 135 80 liegt
1430 2053 103 63 der
1568 2051 304 66 Schlüssel,
1910 2051 166 65 Steck
2112 2051 106 64 das
2253 2053 205 63 Reiten
2494 2054 122 71 auf,
2652 2051 91 82 leg
2777 2051 118 64 dich

578 2149 111 62 auf
722 2149 94 64 die
856 2149 213 65 Lauer.

659 2247 203 62 Otto:
907 2247 247 63 Kommt
1196 2247 192 63 dieser
1429 2246 415 64 vermaledeite
1877 2244 387 82 siebenzigste
2298 2244 367 82 Geburtstag
2701 2246 196 73 hinzu,

578 2344 111 62 den
733 2368 62 38 er
835 2369 78 37 zu
956 2354 158 53 einer
1155 2345 176 62 Feier
1374 2345 94 62 für
1509 2345 110 62 sich
1662 2360 330 47 ausnutzen
2036 2342 165 64 wird.

658 2439 223 65 Sofie:
943 2440 102 64 Zu
1098 2450 158 54 einer
1299 2440 536 80 überwältigenden
1879 2440 508 71 Demonstration,
2438 2439 202 63 duldet
2690 2440 204 62 man's.

576 2537 106 62 Du
725 2547 162 53 wirst
922 2537 270 63 Witman
1227 2538 191 63 sofort
1451 2548 168 52 einen
1653 2537 165 63 Brief
1844 2537 325 72 hinfeuern,
2204 2535 103 64 der
2331 2535 148 64 Alte
2512 2535 242 64 verbäte
2787 2537 111 62 sich

578 2643 55 52 in
677 2634 362 63 Anbetracht
1081 2644 190 54 seines
1318 2633 729 65 Gesundheitszustandes
2098 2633 131 80 jede
2271 2632 407 81 Erwähnung,
2724 2633 173 62 Auch

579 2730 91 63 die
713 2732 208 62 Presse
962 2731 111 65 soll
1116 2742 293 52 instruiert
1450 2732 257 62 werden,

659 2829 202 63 Otto:
904 2830 107 62 Du
1053 2829 210 81 glühst.
1309 2830 126 62 Laß
1478 2829 118 62 dich
1639 2830 145 61 nicht
1826 2827 312 64 hinreißen.

659 2926 223 63 Sofie:
927 2926 98 64 Bis
1069 2952 139 37 zum
1249 2926 234 73 letzten,
1526 2925 117 64 ihm
1684 2926 341 79 gewachsen
2067 2949 79 38 zu
2188 2933 141 54 sein,

660 3023 203 63 Otto:
910 3023 91 62 Er
1042 3023 102 62 hat
1185 3023 241 63 Messer
1468 3022 340 81 geschliffen.

659 3119 221 64 Sofie:
923 3119 85 63 Ich
1051 3119 273 64 flankiere
1368 3119 135 73 ihm,
1545 3119 80 63 ich
1669 3128 85 54 sei
1796 3119 350 79 schwanger,

661 3217 206 64 Otto:
914 3217 132 62 Das
1092 3227 265 54 entetiert
1398 3217 132 62 ihm,

661 3313 197 64 Sofie
894 3328 81 52 <an
1013 3328 179 45 seinem
1228 3321 197 58 Halse):
1469 3314 84 62 Ich
1596 3313 151 63 bin's
1790 3313 159 62 auch.
1995 3311 386 80 Wenigstens
2433 3319 103 54 mit
2585 3319 158 54 einer
2792 3309 71 62 ab-

583 3412 304 78 göttischen
929 3410 185 64 Liebe
1155 3437 77 37 zu
1276 3412 102 62 dir,

665 3507 175 63 Otto
877 3516 139 57 <küßt
1050 3522 112 51 sie):
1205 3508 243 64 Kleines
1491 3507 319 62 Frauchen,

667 3605 196 63 Sofie
896 3614 361 63 dungegeben):
1299 3606 173 63 Mein
1514 3606 193 80 Jesus!

1309 3772 374 60 ÄCHTER
1727 3768 450 61 AUFTRITT

672 3894 359 64 Christian
1067 3911 115 50 (tritt
1215 3906 131 57 auf):
1383 3895 175 65 Grüß
1594 3895 169 72 Gott,
1797 3903 189 53 meine
2020 3892 244 63 Lieben!
2301 3901 366 59 (Umarmung.)
2704 3887 157 63 Char-

590 4007 179 56 mant,
814 3991 112 62 daß
967 3992 92 61 Ihr
1101 3992 344 80 gekommen
1497 3992 141 63 seid.
1695 3991 167 64 Geht
1912 4015 63 38 es
2027 3991 136 78 gut?
2207 3988 160 65 Sofie
2418 3987 150 63 sieht
2615 3979 289 69 blendend
