3251 4572
860 421 140 51 Max
1028 423 156 50 Brod
1198 447 9 12 •
1233 425 38 49 2
1430 425 143 49 Braß
1574 444 53 31 es
1664 426 120 63 Weg
1817 446 70 31 zu
1924 427 131 52 Gott

2515 432 91 52 231

299 613 551 78 vertrauensseligen
902 613 214 73 Mann,
1167 614 106 62 sah
1334 624 82 52 sie
1466 624 77 53 im
1595 615 278 64 Glauben
1934 643 75 37 an
2068 629 122 52 sein
2243 621 188 63 Glück
2482 625 132 64 dem

299 709 260 64 Schlosse
602 710 366 71 zuschreiten,
1014 719 55 52 in
1115 710 207 63 dessen
1359 721 187 52 einem
1574 713 324 62 Kirchturm
1942 715 312 79 insgeheim
2280 713 335 86 Tengnagel

297 806 322 77 verborgen
662 828 142 49 war,
968 814 112 54 wie
1124 807 337 74 Zündstoff,
1506 808 111 62 auf
1651 809 92 63 die
1784 809 190 64 Lunte
2016 813 278 62 wartend.
2356 813 143 64 Und
2543 841 72 38 an

297 902 107 61 sich
448 902 176 61 selbst
666 901 195 61 blickte
903 910 83 53 sie
1030 903 286 78 angstvoll
1360 905 207 73 herab,*
1617 903 119 64 ihre
1779 906 138 62 Zeit
1957 931 127 38 war
2134 910 139 61 noch
2327 911 145 61 nicht
2513 936 102 54 ge=

296 999 288 72 kommen,
622 999 138 61 aber
795 999 136 61 auch
968 999 76 62 da
1080 1000 214 62 lauerte
1331 1000 105 62 das
1471 1000 217 63 Unheil
1724 1001 92 64 für
1849 1004 159 62 ihren
2038 1005 188 62 Vater
2259 1008 121 60 und
2417 1009 198 62 würde

295 1094 133 61 bald
474 1094 466 79 erbarmungslos
989 1095 242 62 sichtbar
1274 1096 235 63 werden
1547 1147 11 13 .
1602 1147 10 12 .
1651 1147 10 13 .
1708 1098 172 63 Eben
1932 1118 112 44 trat
2094 1119 177 45 unten
2325 1127 107 38 aus
2484 1104 131 62 dem

297 1189 204 64 Schloß
545 1192 100 59 der
671 1190 155 63 Arzt
861 1192 301 78 Hagecius
1205 1202 102 53 mit
1349 1193 189 62 scharf
1571 1194 460 65 beobachtender
2066 1201 309 77 arglistiger
2412 1201 203 63 Miene

295 1297 92 61 <so
431 1287 183 61 schien
658 1311 62 38 es
763 1288 327 69 Elisabeth)
1134 1289 108 61 auf
1269 1284 195 87 Tycho
1506 1315 78 38 zu
1617 1342 11 12 .
1668 1342 10 12 ,
1720 1340 11 13 .
1779 1292 146 64 Gibt
1967 1319 61 38 es
2070 1296 151 61 denn
2266 1297 165 61 keine
2473 1297 142 64 Refc*

293 1399 157 62 tung,
497 1385 174 61 schrie
713 1408 61 38 es
818 1394 56 52 in
917 1386 132 61 dem
1095 1386 306 62 Mädchen.
1449 1387 98 62 Sie
1589 1389 217 62 machte
1849 1399 89 53 ein
1981 1416 141 55 paar
2164 1391 236 65 Schritte
2442 1394 173 80 berg*

296 1480 93 71 ab,
433 1479 149 63 blieb
625 1483 201 60 stehen
864 1532 111 14 ...
1022 1483 86 62 Ich
1149 1484 138 62 muß
1330 1484 141 63 doch
1514 1510 184 55 gegen
1732 1486 196 64 diesen
1964 1489 214 80 Kepler
2212 1490 106 62 auf
2348 1491 102 63 der
2483 1493 131 62 Hut

293 1584 140 64 sein,
479 1578 192 61 blitzte
721 1602 61 38 es
833 1587 56 53 in
932 1580 88 61 ihr
1062 1579 118 71 auf,
1224 1583 145 60 nicht
1412 1606 99 37 um
1553 1578 367 85 Tengnagels
1962 1585 207 74 willen,
2214 1589 252 61 sondern
2512 1613 99 37 um

295 1673 100 62 des
431 1673 219 64 Vaters
694 1676 205 62 willen.
944 1676 84 62 Ich
1072 1678 137 61 muß
1254 1678 108 62 den
1393 1679 184 63 Vater
1619 1705 258 49 warnen,
1923 1706 169 38 wenn
2136 1707 61 40 es
2240 1693 162 71 nötig
2444 1686 162 64 wird.

293 1768 127 62 Ach
467 1768 167 73 Gott,
678 1773 145 60 wird
866 1796 62 38 es
979 1775 144 59 nicht
1166 1776 317 79 unmöglich
1537 1785 140 65 sein,
1731 1778 107 61 alle
1889 1776 181 65 bösen
2116 1778 347 75 Gedanken,
2516 1781 94 63 die

293 1867 78 60 ich
415 1867 102 61 des
563 1867 307 65 Geliebten
923 1894 207 55 wegen
1182 1894 183 57 gegen
1410 1872 217 80 Kepler
1678 1874 161 80 hege,
1890 1899 76 38 zu
2016 1877 429 73 unterdrücken,
2498 1879 111 62 alle

293 1960 505 85 Übertreibungen
842 1991 76 38 zu
960 1969 357 72 vermeiden,
1364 1970 89 61 die
1497 1970 108 61 sich
1649 1970 227 81 gefällig
1918 1973 388 63 einschleichen
2348 1975 258 73 werden,

293 2062 107 61 alle
443 2060 543 83 Vorspiegelungen
1038 2088 76 38 zu
1166 2065 436 77 durchschauen,
1654 2071 92 60 die
1797 2086 167 45 unter
2012 2071 131 60 dem
2186 2071 198 63 Schein
2436 2072 171 62 kincb*

292 2156 162 63 lieber
494 2158 310 81 Besorgnis
847 2185 109 38 nur
998 2171 218 53 meiner
1249 2163 397 64 Leidenschaft
1688 2166 105 62 das
1835 2166 181 62 Wort
2056 2167 191 74 reden,
2291 2168 121 61 und
2455 2168 150 63 dem*

291 2256 138 60 noch
480 2279 192 54 genau
732 2265 54 53 in
840 2258 133 61 dem
1025 2257 204 76 Maße,
1288 2269 55 52 in
1396 2261 132 61 dem
1579 2262 92 61 die
1721 2261 179 64 Sache
1950 2286 61 39 es
2061 2262 292 75 erfordert,
2406 2265 196 62 diesen

288 2351 389 64 schrecklichen
716 2354 158 63 Gast
907 2380 118 37 von
1071 2365 246 54 meinem
1344 2358 192 63 Vater
1571 2359 385 63 abzuwehren
1984 2411 10 13 ,
2032 2410 12 14 .
2082 2411 10 11 .
2135 2360 180 74 Nein,
2361 2385 61 39 es
2456 2363 148 62 wird

290 2448 142 62 nicht
475 2452 318 77 unmöglich
835 2453 142 62 sein!
1021 2453 177 62 Denn
1241 2455 79 60 ich
1355 2455 207 63 nehme
1598 2479 61 40 es
1694 2457 110 62 auf
1838 2457 134 62 mich
2016 2457 119 63 und
2177 2482 61 38 es
2280 2459 134 62 muß
2456 2483 141 40 sein.

1397 2709 104 64 VI.

367 2834 216 81 Kepler
634 2836 156 63 hatte
833 2836 112 64 den
988 2838 639 83 Morgenspaziergang
1677 2850 55 54 in
1783 2841 160 64 übler
1993 2843 200 62 Laune
2244 2860 351 63 angetreten.

287 2930 210 65 Dieses
540 2933 275 72 Benatek,
859 2960 75 36 zu
977 2935 132 63 dem
1153 2961 60 38 er
1256 2961 107 38 aus
1407 2938 131 62 dem
1581 2939 385 71 stürmischen,
1993 2938 391 80 gefahrvollen
2430 2939 165 64 Graz

287 3028 81 62 als
403 3055 75 37 zu
513 3040 155 53 einer
694 3031 237 80 ruhigen
959 3032 417 65 Arbeitsstätte
1409 3034 293 80 geflüchtet
1736 3060 139 48 war,
1913 3038 346 60 enttäuschte
2294 3037 94 61 ihn
2426 3037 169 62 durch

287 3123 104 65 das
419 3126 348 80 aufgeregte,
805 3147 334 61 gespannte,
1177 3131 496 63 leidenschaftliche
1692 3132 213 74 Leben,
1942 3134 103 60 das
2065 3156 60 38 er
2152 3132 118 62 hier
2287 3132 207 62 antraf.

285 3219 61 63 In
400 3234 184 51 einem
630 3224 160 62 Brief
833 3249 73 38 an
960 3235 158 53 seine
1169 3227 179 73 Frau,
1402 3227 111 63 den
1566 3252 61 38 er
1674 3229 170 79 gleich
1898 3227 135 63 nach
2085 3229 131 61 dem
2268 3227 327 65 Erwachen

286 3319 264 75 entwarf,
594 3321 289 63 schilderte
927 3347 60 38 er
1029 3325 395 61 unverhohlen
1467 3333 156 53 seine
1660 3325 452 79 Mißstimmung.
2157 3325 88 63 Er
2287 3327 150 62 habe
2482 3328 113 62 den

286 3412 312 80 Eindruck,
641 3435 167 44 unter
859 3421 184 60 lauter
1085 3415 166 68 Tolle
1301 3438 232 63 geraten
1576 3445 75 36 zu
1692 3429 138 63 sein,
1875 3421 142 62 nicht
2059 3429 54 54 in
2159 3422 90 62 die
2301 3423 287 80 würdige,

283 3508 346 85 friedfertige
663 3515 241 63 Familie
941 3525 154 54 eines
1133 3517 333 71 Gelehrten,
1508 3517 210 62 schrieb
1754 3540 71 38 er.
1886 3516 178 62 Dann
2110 3516 138 63 fand
2284 3542 59 39 er
2376 3520 219 64 scharfe

282 3605 215 67 Worte
544 3610 89 62 für
666 3606 232 86 Tychos
940 3614 282 62 sinnloses
1256 3612 396 63 Bankettieren
1697 3614 119 61 und
1849 3614 249 72 Zechen,
2143 3615 90 61 für
2267 3625 122 53 sein
2425 3616 170 64 Zeit*

283 3708 118 58 und
437 3706 521 82 Kraftvergeuden.
1011 3709 344 81 Überhaupt
1398 3710 146 62 habe
1589 3734 60 38 er
1689 3711 108 61 sich
1840 3710 111 62 den
1985 3710 196 64 Mann
2224 3713 146 63 nicht
2412 3739 68 38 so
2517 3716 78 63 alt

282 3807 357 75 vorgestellt,*
680 3805 283 80 vorläufig
1006 3808 147 61 habe
1196 3831 60 38 er
1298 3808 111 61 den
1447 3807 306 75 Eindruck,
1796 3808 84 61 als
1923 3807 75 63 ob
2040 3804 203 84 Tycho
2285 3809 145 64 über
2473 3822 122 53 sein

282 3901 353 76 eigentliches
687 3903 154 62 Fach
894 3907 144 60 nicht
1087 3904 174 63 reden
1315 3904 188 73 wolle,
1556 3904 82 63 als
1689 3904 78 63 ob
1828 3929 61 39 er
1938 3915 102 53 mit
2096 3916 218 53 seinem
2357 3908 238 65 Wissen

281 3991 173 84 karge
497 3998 122 61 und
662 4000 91 62 die
796 4000 230 62 Schüler
1077 4001 174 62 lieber
1292 4009 99 53 mit
1442 4001 373 80 allgemeinen
1857 4002 399 65 Redensarten
2308 4005 287 81 abspeise.
