3338 4572
1766 428 224 51 GCossen

699 433 95 50 248

704 626 84 51 des
815 626 370 63 pommerischen
1207 625 328 52 Musketiers«
1560 621 298 66 gelegentlich

703 705 85 52 der
835 707 334 62 projektierten
1222 704 109 52 Ehe
1373 704 83 51 des
1498 704 207 51 Fürsten
1759 722 101 31 von

703 787 258 63 Bulgarien
992 792 88 45 mit
1100 792 129 45 einer
1251 785 304 64 preußischen
1579 784 279 51 Prinzessin,

705 869 96 50 Die
817 868 219 51 Umkehr
1052 867 83 52 der
1159 867 270 52 Gewichts*
1452 865 100 51 und
1577 865 83 52 der
1683 882 149 45 gegen-

705 953 202 58 seitigen
956 948 358 62 Abhängigkeit
1363 964 101 33 von
1518 944 346 52 Kontinental*

710 1028 101 51 und
853 1028 365 62 »Weltpolitik«
1269 1033 61 44 ist
1377 1027 78 49 für
1502 1025 75 52 die
1620 1024 245 64 Folgezeit

709 1108 343 52 offensichtlich.
1094 1109 83 50 Bei
1217 1107 123 52 allen
1381 1113 163 44 seinen
1584 1104 249 52 Unterneh-

709 1207 211 44 mungen
945 1194 49 45 in
1019 1188 84 51 der
1118 1187 196 59 Türkei,
1335 1193 47 43 in
1400 1187 208 57 Persien,
1630 1192 48 43 in
1705 1184 162 51 China

710 1269 266 62 begegnete
1018 1268 85 51 das
1137 1267 238 50 Deutsche
1406 1267 140 49 Reich
1587 1267 277 57 russischen,

712 1354 48 45 in
784 1349 391 62 Mesopotamien
1210 1345 262 64 englischen
1498 1345 283 59 Interessen,
1803 1350 64 45 im

712 1428 382 62 Bagdadprojekt
1142 1427 264 50 russischen
1455 1425 100 51 und
1604 1425 263 63 englischen

712 1508 221 62 zugleich,
968 1513 47 44 in
1038 1507 459 61 Marokko-Kongo
1521 1505 348 51 französischen

713 1588 100 49 und
829 1587 275 63 belgischen,
1123 1585 457 59 Zusammenstöße,
1599 1585 75 51 die
1691 1585 90 50 auf
1794 1584 75 52 die

714 1667 322 52 kontinentale
1069 1667 519 62 Mächtegruppierung
1621 1664 123 51 nicht
1777 1684 92 31 nur

713 1748 132 51 mehr
878 1747 368 62 mitbedingend,
1287 1745 208 51 sondern
1531 1744 208 64 gradezu
1772 1764 64 44 po-

713 1833 110 44 sitiv
865 1825 266 64 gestaltend
1171 1825 173 51 zurück
1347 1825 217 52 wirkten.
1616 1825 143 50 Auch
1795 1825 76 50 für

715 1907 75 50 die
822 1907 203 62 engliche
1058 1905 172 51 Politik
1270 1905 130 50 kann
1442 1923 113 32 man
1588 1905 180 63 fragen,
1805 1905 65 50 ob

715 1988 77 51 die
841 1988 188 49 deutsch
1047 2013 28 16 -
1094 1987 231 63 englische
1368 1985 503 64 Seemachtspannung

714 2068 183 51 stärker
930 2068 88 49 auf
1046 2072 131 45 seine
1198 2065 403 63 Verständigung
1624 2072 86 44 mit
1731 2067 105 49 Ruß-

715 2147 111 50 land
848 2147 238 63 bezüglich
1114 2153 154 46 seiner
1287 2147 345 62 Orientpolitik
1650 2152 65 44 im
1731 2147 140 63 Jahre

719 2228 123 49 1907
883 2227 247 50 hinwirkte
1173 2227 118 50 oder
1331 2227 65 50 ob
1429 2227 281 62 umgekehrt
1743 2225 128 52 diese

717 2307 392 64 Verständigung
1152 2309 136 56 (nach
1331 2326 199 32 unserer
1570 2307 301 63 Ablehnung

715 2393 129 46 eines
878 2387 486 64 deutsch-englischen
1389 2388 481 62 Zusammengehens

718 2486 150 44 gegen
909 2468 242 58 Rußland)
1194 2487 51 33 es
1284 2486 121 42 war,
1447 2467 76 51 die
1556 2468 226 62 England
1824 2474 47 45 in

718 2554 104 46 eine
862 2549 360 64 Abhängigkeit
1272 2567 117 33 vom
1437 2549 435 51 frankorussischen

719 2628 211 52 Bündnis
971 2628 212 61 brachte,
1223 2628 75 52 die
1339 2634 131 46 seine
1511 2629 364 64 Feindseligkeit

719 2726 151 46 gegen
896 2728 90 32 uns
1010 2721 97 40 erst
1128 2709 240 52 bewirkte,
1392 2709 282 51 Ruedorffer
1692 2709 183 52 kommt

719 2789 250 52 schließlich
1011 2810 63 30 zu
1114 2791 108 50 dem
1257 2791 259 62 Ergebnis;
1571 2792 84 48 »In
1700 2791 174 50 diesem

721 2871 426 63 Zusammenhang
1168 2871 232 50 zwischen
1419 2869 168 51 Welt-
1610 2871 99 50 und
1730 2872 109 49 Kon-

722 2951 364 62 tinentalpolitik
1136 2952 127 61 liegt,
1312 2970 141 31 wenn
1504 2968 112 32 man
1664 2970 57 31 so
1762 2951 113 59 will,

723 3029 81 52 der
829 3032 232 51 Circulus
1095 3038 206 45 vitiosus
1326 3031 83 52 der
1431 3037 322 57 auswärtigen
1776 3033 66 50 Po-

724 3109 99 51 litik
855 3111 81 50 des
972 3112 272 51 Deutschen
1278 3111 180 52 Reichs.
1494 3111 382 62 Weltpolitische

726 3191 456 63 Unternehmungen
1192 3192 157 52 haben
1370 3191 406 64 Rückwirkungen
1794 3194 87 50 auf

727 3269 74 52 die
823 3273 497 62 Kontinentalpolitik,
1353 3286 140 38 unter
1519 3273 143 52 deren
1685 3274 191 50 Einfluß

728 3351 85 50 das
845 3353 236 51 Deutsche
1113 3354 138 51 Reich
1292 3354 93 51 sich
1427 3353 329 62 weltpolitisch
1789 3353 60 51 be-

729 3431 251 50 schränken
1014 3433 160 51 muß.«

793 3511 121 52 Nun
947 3513 113 51 aber
1091 3514 132 64 frage
1248 3516 87 49 ich:
1372 3516 128 51 Muß
1524 3535 51 30 es
1599 3514 75 51 bei
1700 3514 179 51 diesem

733 3589 239 63 »Zirkel«,
1005 3593 43 51 d.
1074 3594 43 53 h,
1152 3596 74 51 bei
1260 3596 151 51 dieser
1447 3594 404 64 anarchoeuropäi-

735 3669 132 51 schen
889 3672 150 52 Phase
1072 3674 83 51 der
1187 3674 251 54 deutschen
1474 3676 123 51 nicht
1629 3694 106 40 nur,
1770 3680 109 47 nein

736 3748 82 50 der
835 3751 300 63 Weltpolitik
1151 3756 114 51 aller
1282 3756 338 63 europäischen
1629 3756 250 51 Nationen

738 3826 278 67 überhaupt,
1057 3836 86 47 auf
1179 3835 74 50 die
1293 3836 168 51 Dauer
1500 3836 214 51 bleiben?
1763 3836 119 49 Und

741 3906 126 49 kann
898 3927 50 31 es
982 3909 95 61 das,
1103 3912 123 52 ohne
1249 3915 91 50 daß
1364 3915 87 50 das
1470 3916 412 62 Gesamtprestige

742 3984 224 63 Europas
1008 3995 47 44 in
1094 3997 151 46 einem
1277 3995 152 49 Maße
1470 3995 141 50 leidet
1650 3995 101 50 und
1791 3995 91 50 sich

1909 620 282 64 gleichzeitig
2232 616 76 51 die
2358 615 334 64 europäischen
2736 614 323 52 Großmächte

1909 700 146 52 selbst
2088 703 286 58 gegenseitig
2408 714 58 32 so
2499 695 109 51 sehr
2641 693 284 59 schwächen,
2967 694 92 51 daß

1908 779 251 55 schließlich
2209 776 114 52 alle
2375 774 367 63 »Weltpolitik«
2793 774 267 62 unmöglich

1909 860 146 52 wird?
2105 858 185 50 Weder
2340 856 81 51 der
2476 855 299 51 reaktionäre
2828 853 233 52 Gedanke

1912 947 126 44 einer
2046 938 240 52 Rückkehr
2295 955 87 32 zur
2388 934 390 53 Bismärckischen
2787 934 274 51 nationalen

1912 1018 494 64 Kontinentalpolitik,
2424 1016 92 52 den
2525 1016 144 51 schon
2679 1033 173 33 unsere
2874 1014 188 62 jährlich

1913 1123 83 31 um
2029 1100 293 51 B—9ooooo
2354 1096 261 52 Menschen
2657 1094 280 52 wachsende
2968 1095 96 51 Be*

1914 1183 263 61 völkerung
2210 1178 297 58 ausschließt,
2540 1178 120 50 noch
2702 1175 84 52 der
2829 1175 236 52 Gedanke

1914 1264 83 51 des
2031 1259 508 67 pangermanistischen
2563 1256 384 64 Imperialismus,
2981 1255 84 52 der

1916 1344 76 51 die
2025 1340 306 64 Weltpolitik
2373 1338 114 52 aller
2520 1336 338 65 europäischen
2894 1335 171 52 Groß*

1917 1425 178 50 machte
2137 1428 45 44 in
2217 1420 203 52 einfache
2452 1418 363 63 Abhängigkeit
2855 1435 98 32 von
2988 1416 82 51 der

1917 1504 250 52 deutschen
2201 1500 305 62 Weltpolitik
2548 1499 197 61 bringen
2786 1496 124 61 will,
2951 1498 117 49 noch

1918 1585 175 51 endlich
2128 1583 75 51 die
2234 1589 49 45 in
2316 1582 81 52 der
2429 1579 445 63 vielbesprochenen
2906 1578 163 51 Schrift

1921 1663 336 63 »Weltpolitik
2290 1662 99 50 und
2422 1662 107 49 kein
2553 1660 181 61 Krieg«
2759 1656 311 64 nahegelegte

1918 1744 320 53 schwächliche
2290 1739 595 66 Opportunitätshaltung,
2942 1738 126 49 kann

1919 1825 298 64 irgendeinen
2261 1822 238 52 dauerden
2532 1820 175 63 Erfolg
2746 1818 322 63 versprechen.

1982 1907 160 49 Einen
2193 1904 185 51 solchen
2427 1902 174 62 Erfolg
2648 1902 127 49 kann
2826 1918 92 32 nur
2957 1917 85 33 ver-

1919 1987 223 62 sprechen
2175 1992 104 44 eine
2312 2002 137 39 neue,
2482 1982 135 52 dritte
2642 1982 152 49 Phase
2828 1982 121 49 nicht
2982 1997 91 32 nur

1918 2067 84 52 der
2044 2065 276 58 deutschen,
2360 2063 208 52 sondern
2612 2062 82 52 der
2737 2059 334 64 europäischen

1919 2145 305 64 Weltpolitik
2257 2145 292 61 überhaupt,
2591 2142 75 52 die
2701 2142 66 49 ich
2801 2140 272 64 gegenüber

1918 2228 93 51 den
2034 2228 185 49 Phasen
2238 2227 82 49 der
2344 2223 428 65 »überwiegenden
2796 2223 248 49 Kontinen-

1918 2307 264 64 talpolitik«
2226 2305 100 51 und
2374 2305 83 51 der
2509 2302 565 62 »anarchoeuropäischen

1921 2387 334 63 Weltpolitik«
2280 2385 70 51 als
2374 2385 75 51 die
2471 2385 152 50 Phase
2648 2383 83 52 der
2755 2382 320 63 »geordneten

1921 2468 334 63 europäischen
2259 2468 73 50 W
2333 2465 538 64 eltpolitik«bezeichnen
2880 2463 195 51 möchte.

1983 2551 102 48 Der
2118 2549 193 49 Eintritt
2342 2552 49 46 in
2425 2545 127 51 diese
2586 2545 154 51 Phase
2773 2544 128 51 kann
2935 2543 140 51 durch

1923 2629 160 52 diesen
2109 2631 150 61 Krieg
2281 2628 192 52 erreicht
2506 2627 207 51 werden.
2749 2627 72 49 Er
2850 2624 122 52 wird
2996 2642 55 33 er-

1922 2711 141 50 reicht
2095 2708 209 60 werden,
2345 2727 143 32 wenn
2530 2707 115 49 nach
2688 2711 127 47 einer
2855 2704 224 62 baldigen

1923 2788 607 62 Friedensverständigung
2553 2788 89 50 auf
2660 2787 107 52 dem
2794 2787 285 57 Kontinent,

1923 2872 226 52 zunächst
2193 2876 83 44 mit
2308 2868 238 58 Rußland,
2587 2868 127 51 dann
2759 2873 85 45 mit
2887 2867 192 51 Frank*

1923 2953 120 51 reich
2088 2951 87 50 das
2229 2948 405 52 fundamentalste
2689 2948 253 50 Hemmnis
2991 2947 85 51 des

1923 3034 220 50 Eintritts
2177 3031 154 49 dieser
2363 3029 170 57 Phase,
2575 3028 84 52 der
2693 3027 231 63 englische
2958 3027 124 51 All*

1925 3111 535 66 seegeltungsanspruch
2510 3111 99 49 und
2660 3109 86 50 das
2796 3108 255 62 weltpoliti-

1926 3194 104 51 sche
2055 3191 291 64 prinzipielle
2373 3191 434 50 Außenseitertum
2828 3188 251 62 Englands

1927 3273 272 64 gegenüber
2241 3272 91 49 den
2373 3271 388 62 weltpolitischen
2815 3271 265 50 Interessen

1926 3354 82 51 der
2017 3352 416 52 Kolonialmächte
2450 3351 214 52 dauernd
2674 3351 260 62 gebrochen
2943 3348 133 59 wird,

1927 3452 141 33 wenn
2101 3432 225 63 England
2361 3447 295 47 gezwungen
2689 3429 132 60 wird,
2847 3431 77 48 für
2946 3429 134 63 jeden

1926 3514 105 53 Teil
2064 3521 154 44 seines
2242 3518 199 57 jetzigen
2464 3513 286 50 Besitztums
2768 3531 61 29 zu
2853 3511 229 57 scheiden,

1927 3614 103 33 was
2081 3612 52 32 es
2181 3612 116 32 vom
2346 3591 306 52 moralischen
2694 3589 353 63 Zusammenge-

1927 3672 422 65 hörigkeitsgefühl
2384 3677 153 44 seiner
2570 3671 383 49 unterworfenen
2988 3671 63 48 Be-

1928 3755 327 62 völkerungen
2279 3760 84 43 mit
2388 3752 108 51 dem
2518 3749 325 52 Mutterlande
2864 3749 99 51 und
2980 3768 102 32 was

1931 3855 51 32 es
2016 3835 343 52 ausschließlich
2394 3832 83 51 der
2502 3831 393 62 Zwangsgewalt
2928 3837 154 45 seines

1932 3916 393 51 Allmarinismus
2359 3911 248 59 verdankt,
2647 3930 142 32 wenn
2822 3930 51 32 es
2909 3911 149 62 gleich-

1933 4001 143 55 zeitig
2116 4011 296 45 gezwungen
2447 3991 134 59 wird,
2619 4010 87 33 zur
2744 3991 338 52 bundesstaat*
