3188 4572
1379 461 224 50 Gfossen

2558 463 92 49 251

309 659 216 63 Belgiern
559 654 288 65 gesprochen
870 654 132 49 wird.
1029 655 94 50 Die
1144 651 187 64 Belgier
1354 650 107 51 sind

310 739 268 62 überhaupt
617 754 92 32 nur
751 734 291 58 Freibeuter,
1085 734 99 51 und
1232 731 109 51 weil
1392 738 69 44 sie

309 821 99 51 ihre
440 816 301 52 Neutralität
780 814 122 51 nicht
941 814 281 63 preisgeben
1263 811 198 51 wollten

309 899 115 52 oder
474 896 115 51 aber
638 894 110 52 weil
798 899 70 46 sie
918 894 92 49 sich
1053 913 88 30 aus
1185 891 276 65 politischen

311 978 237 53 Gründen
582 976 89 50 auf
697 974 77 51 die
795 974 127 51 Seite
953 973 82 52 der
1057 974 282 49 Franzosen
1362 970 100 51 und

309 1056 278 65 Engländer
605 1054 277 65 geschlagen
901 1054 174 60 hatten,
1085 1051 105 52 sind
1209 1058 69 44 sie
1288 1050 173 52 Schur«

310 1143 103 49 ken.
473 1138 125 51 Man
648 1136 128 50 kann
826 1135 115 51 aber
996 1133 223 52 niemand
1277 1131 184 51 zuliebe

311 1224 233 56 zwingen,
586 1215 100 52 und
727 1233 50 33 es
821 1220 62 45 ist
922 1213 87 52 das
1050 1227 117 49 gute
1200 1211 144 52 Recht
1376 1211 85 51 der

310 1299 184 62 Belgier
517 1314 236 46 gewesen,
779 1295 91 51 sich
894 1294 270 62 ebensogut
1180 1293 113 50 nach
1312 1293 147 50 rechts

309 1387 90 44 wie
432 1379 113 50 nach
581 1378 120 51 links
734 1396 64 31 zu
831 1375 231 62 schlagen.
1097 1374 98 51 Als
1230 1373 229 52 Soldaten

311 1460 112 52 aber
446 1467 194 43 müssen
662 1463 90 44 wir
786 1456 314 59 anerkennen,
1138 1455 94 51 daß
1269 1454 91 51 sich
1384 1454 74 51 die

310 1540 182 63 Belgier
523 1550 127 39 trotz
685 1536 84 51 des
803 1536 237 51 notorisch
1063 1534 396 52 unmilitärischen

311 1619 296 52 Charakters
659 1618 84 51 des
793 1616 188 51 Landes
1035 1614 426 62 verhältnismäßig

311 1699 106 52 sehr
459 1710 85 51 gut
586 1697 277 64 geschlagen
904 1697 168 50 haben.
1108 1697 116 49 Wir
1265 1702 196 43 müssen

310 1787 67 44 sie
410 1797 145 44 sogar
587 1778 217 58 rühmen,
846 1777 91 52 daß
979 1782 69 44 sie
1081 1774 132 52 ihren
1246 1775 215 51 Pflichten

310 1859 271 65 gegenüber
614 1858 284 52 Frankreich
941 1858 99 51 und
1072 1857 227 63 England
1343 1857 116 49 noch

310 1947 46 45 in
390 1945 151 46 einem
574 1938 304 65 Augenblick
910 1951 105 38 treu
1047 1938 202 58 blieben,
1289 1937 62 49 da
1392 1943 69 43 sie

310 2022 74 50 die
417 2028 164 56 eigene
614 2020 146 51 Sache
799 2020 175 50 bereits
1016 2018 330 63 unweigerlich
1390 2018 69 49 als

310 2100 217 51 verloren
560 2100 239 51 erkennen
833 2100 209 51 mußten.
1086 2099 80 51 Sie
1207 2098 156 51 haben

311 2201 139 30 wenn
484 2182 114 49 auch
642 2182 156 61 gewiß
838 2192 141 39 unter
1021 2179 280 62 englischem
1332 2179 127 50 Ein«

311 2262 108 58 fluß,
452 2260 87 51 der
579 2262 116 49 aber
737 2259 253 52 schließlich
1033 2259 114 51 doch
1190 2259 122 50 nicht
1353 2258 106 49 dik«

310 2348 144 46 tieren
487 2343 179 49 konnte
763 2342 100 49 ihre
897 2340 249 51 schönsten
1180 2339 166 51 Städte
1368 2339 91 50 den

311 2422 367 63 Kriegsgreueln
713 2433 273 51 ausgesetzt
1019 2420 99 52 und
1150 2441 109 30 zum
1291 2419 168 51 Schluß

314 2502 301 63 Antwerpen
664 2502 119 52 noch
833 2500 238 64 gehalten,
1114 2500 71 51 als
1227 2500 85 51 der
1351 2499 108 51 Fall

313 2582 81 52 der
424 2584 218 62 Festung
675 2602 91 32 nur
798 2582 132 52 mehr
953 2582 75 50 die
1053 2582 157 62 Frage
1232 2599 100 32 von
1355 2598 68 32 we-

314 2668 136 56 nigen
483 2660 170 65 Tagen
686 2669 102 45 sein
822 2664 193 50 konnte.
1040 2660 143 53 Aber
1216 2679 82 32 um
1331 2660 130 50 diese

313 2748 212 57 wenigen
558 2742 137 64 Tage
728 2743 222 51 handelte
992 2761 50 32 es
1086 2742 93 49 sich
1221 2740 120 51 eben
1383 2742 78 49 für

314 2822 72 51 die
402 2824 361 52 Verbündeten,
800 2824 110 64 Jede
943 2823 198 60 Stunde,
1174 2842 81 31 um
1289 2822 75 52 die
1387 2823 75 50 die

314 2902 249 54 deutsdien
612 2906 333 62 Armeekorps
986 2903 100 52 und
1127 2903 86 51 das
1257 2903 205 50 schwere

315 2983 240 52 Geschütz
587 3005 93 31 vor
694 2987 304 61 Antwerpen
1031 2989 162 58 später
1217 2984 86 50 frei
1326 3001 135 32 wur«

315 3063 104 60 den,
451 3085 104 31 war
587 3066 93 52 den
713 3067 274 49 Franzosen
1010 3085 101 31 von
1129 3066 160 49 Wert,
1317 3064 145 50 Denn

314 3142 74 52 die
441 3146 279 52 Franzosen
777 3147 160 51 hatten
992 3144 470 64 begreiflicherweise

314 3242 98 32 von
433 3223 108 65 Tag
563 3246 62 32 zu
648 3224 108 66 Tag
779 3227 76 51 die
876 3228 268 61 Hoffnung,
1167 3226 93 50 den
1278 3224 184 51 rechten

314 3303 166 65 Flügel
512 3306 84 52 der
617 3308 271 51 Deutschen
913 3327 63 31 zu
998 3307 259 57 umfassen,
1280 3304 85 51 ehe
1388 3304 74 51 die

316 3402 150 33 neuen
499 3387 399 65 Verstärkungen
948 3387 139 51 durch
1137 3386 73 50 die
1260 3386 202 62 Belage«

315 3466 292 62 tungskorps
624 3487 94 31 vor
725 3469 305 61 Antwerpen
1048 3466 246 50 eintrafen.
1315 3466 147 48 Diese

316 3542 249 67 Hoffnung
605 3548 84 50 der
730 3551 282 48 Franzosen
1053 3565 103 31 war
1198 3543 263 64 vergeblich

321 3647 50 9 ~
399 3623 93 52 daß
525 3627 78 49 die
636 3628 185 65 Belgier
855 3629 114 50 aber
1010 3647 84 32 um
1127 3627 155 51 dieser
1313 3626 148 49 Hoff«

318 3720 128 45 nung
478 3707 158 52 willen
668 3709 306 64 Antwerpen
1016 3708 117 51 noch
1167 3707 188 58 hielten,
1390 3706 71 50 als

318 3779 71 52 die
422 3784 268 55 Deutschen
742 3789 173 53 bereits
967 3789 92 51 den
1101 3789 207 51 äußeren
1351 3805 111 31 mo«

318 3858 172 55 dernen
506 3866 278 63 Fortgürtel
803 3869 344 53 durchbrochen
1170 3869 174 56 hatten,
1365 3866 97 50 und

319 3938 89 53 daß
442 3948 69 45 sie
544 3946 75 50 die
653 3947 225 53 kostbare
906 3949 94 51 alte
1021 3949 139 53 Stadt
1183 3948 108 51 dem
1312 3949 150 49 Bom«

316 4018 276 57 bardement
640 4027 83 51 der
763 4028 253 53 deutschen
1052 4031 252 50 Granaten
1348 4047 114 32 aus«

1508 662 202 48 setzten,
1743 671 92 30 nur
1866 670 170 44 wegen
2069 652 154 51 dieses
2247 652 185 52 kleinen
2456 654 201 64 Zeitge«

1509 737 184 46 winnes
1728 732 77 49 für
1838 732 75 51 die
1948 732 291 59 Franzosen,
2275 732 86 51 das
2384 733 180 51 fordert
2585 736 75 50 die

1509 811 231 62 Achtung
1773 811 84 52 des
1893 811 223 63 Gegners
2150 811 187 52 heraus.

1574 891 145 52 Nicht
1752 891 181 52 minder
1965 891 323 64 widerwärtig
2328 897 62 46 ist
2422 892 83 52 der
2536 891 126 63 Ton,

1509 972 93 52 den
1636 991 173 33 unsere
1842 972 167 51 Presse
2044 973 272 62 gegenüber
2349 972 90 52 den
2476 974 187 51 Russen

1510 1052 253 63 anscblägt.
1808 1053 93 50 Die
1945 1053 443 51 »moskowitisdien
2430 1053 232 52 Horden«

1509 1132 108 52 sind
1642 1138 47 45 in
1714 1133 327 51 Wirklichkeit
2063 1133 217 51 Armeen
2313 1133 190 59 braver,
2530 1134 134 51 tüdh«

1509 1218 122 57 tiger
1653 1212 247 60 Soldaten,
1933 1212 78 51 die
2042 1212 84 51 der
2148 1212 361 63 Überzeugung
2542 1213 122 61 sind,

1509 1293 92 51 daß
1644 1294 75 50 die
1752 1292 144 52 Sache
1937 1293 84 51 des
2055 1293 164 51 Zaren
2261 1293 142 64 heilig
2444 1293 99 51 und
2577 1311 87 46 ge«

1508 1372 124 52 recht
1670 1378 83 46 sei.
1799 1373 114 51 Wir
1952 1372 228 51 natürlich
2229 1373 106 51 sind
2376 1373 84 51 der
2500 1373 164 52 Über«

1509 1471 240 44 zeugung,
1782 1452 93 52 daß
1908 1453 75 51 die
2008 1452 146 52 Sache
2187 1453 84 51 des
2305 1453 167 52 Zaren
2503 1454 160 51 weder

1509 1533 183 64 gerecht
1740 1534 117 51 noch
1907 1534 142 61 heilig
2100 1540 76 52 ist,
2218 1534 100 51 und
2357 1541 91 44 wir
2496 1547 167 51 tragen

1508 1634 174 31 unsere
1714 1616 139 49 Haut
1893 1621 62 43 im
1989 1614 201 51 Dienste
2223 1614 152 53 dieser
2407 1616 257 51 Qberzeu«

1509 1712 131 46 gung
1681 1715 63 32 zu
1785 1696 208 51 Markte.
2039 1696 113 51 Wir
2191 1696 314 62 beschimpfen
2547 1696 115 51 des«

1508 1792 170 46 wegen
1701 1774 114 53 aber
1839 1774 121 51 nicht
1984 1774 74 51 die
2084 1795 89 30 uns
2194 1776 468 62 gegenüberstehen«

1509 1856 92 51 den
1636 1856 281 63 gewaltigen
1938 1857 176 57 Heere,
2139 1862 88 45 wir
2251 1857 225 62 gestehen
2501 1875 162 44 sogar,

1509 1936 93 51 daß
1642 1936 129 52 diese
1811 1937 217 51 Armeen
2079 1948 88 51 gut
2208 1936 205 63 geführt,
2463 1937 199 51 trefflich

1509 2023 318 56 ausgerüstet,
1848 2017 271 62 vorzüglich
2142 2017 252 51 bewaffnet
2426 2018 122 57 sind,
2575 2023 89 46 wir

1509 2097 193 51 merken
1753 2115 86 44 gar
1880 2096 143 52 nichts
2074 2115 99 33 von
2224 2097 92 50 den
2360 2097 303 62 angeblichen

1509 2176 314 52 Diebstählen
1872 2177 84 51 der
2007 2177 258 57 Generale,
2316 2177 208 51 sondern
2573 2178 90 51 be«

1509 2258 193 50 merken
1724 2256 269 61 höchstens,
2020 2257 91 51 daß
2135 2257 74 51 die
2225 2258 331 63 Ausstattung
2577 2257 86 52 der

1509 2337 263 51 russischen
1804 2338 285 50 Divisionen
2122 2343 84 45 mit
2230 2337 303 51 Geschützen
2566 2338 98 51 und

1509 2417 536 64 Maschinengewehren
2063 2417 126 51 ohne
2205 2417 244 51 Rücksicht
2470 2420 88 48 auf
2572 2418 91 51 den

1509 2498 315 51 Unverstand
1842 2497 466 65 parlamentarischer
2317 2500 346 62 Körperschaf«

1509 2590 81 38 ten
1631 2578 174 63 erfolgt
1846 2585 75 44 ist.
1971 2578 71 50 Im
2083 2577 246 51 einzelnen
2370 2578 166 52 wurde
2576 2580 87 49 das

1509 2661 125 49 Rote
1658 2660 167 50 Kreuz
1858 2660 264 57 mißachtet,
2157 2677 112 32 man
2302 2660 109 49 hört
2443 2679 100 31 von
2577 2677 87 45 ge«

1509 2738 307 65 legentlichen
1838 2740 366 62 Plünderungen
2233 2745 130 43 —in
2389 2738 83 51 der
2495 2740 168 49 Mehr«

1510 2820 98 50 heit
1647 2821 115 51 aber
1802 2820 154 50 haben
1997 2827 91 43 wir
2128 2826 135 44 einen
2307 2818 224 52 ehrlichen
2564 2820 99 50 und

1510 2901 273 52 ritterlichen
1818 2901 198 62 Gegner
2045 2920 91 32 vor
2169 2920 103 30 uns.
2303 2901 113 48 Wir
2437 2898 224 52 Soldaten

1608 2982 99 51 und
1740 2989 89 43 wir
1861 2982 155 50 haben
2050 2981 175 50 hierbei
2260 2981 94 48 fast
2385 2980 84 49 das
2503 2980 158 62 Emp«

1510 3061 176 61 finden,
1719 3069 63 43 im
1815 3061 194 51 Namen
2045 3061 62 50 all
2142 3061 82 50 der
2257 3058 253 51 Millionen
2545 3058 115 50 Sol«

1512 3144 143 49 daten
1689 3161 124 43 ganz
1835 3142 228 62 Europas
2097 3160 62 31 zu
2181 3140 236 63 sprechen,
2450 3138 75 51 die
2545 3145 117 57 jetzt

1513 3224 131 50 ihren
1677 3224 363 49 beschworenen
2064 3221 155 51 Eiden
2252 3232 166 50 getreu
2439 3220 222 62 kämpfen

1512 3302 99 51 und
1628 3302 164 51 bluten
1874 3307 87 45 wir
1975 3301 227 51 Soldaten
2220 3300 215 51 erklären
2446 3298 216 59 feierlich,

1512 3384 92 50 daß
1646 3389 88 44 wir
1774 3382 72 50 bis
1888 3401 110 31 zum
2039 3381 172 51 letzten
2244 3380 248 61 Atemzug
2531 3380 131 61 jeder

1509 3465 79 49 für
1608 3470 131 44 seine
1763 3462 144 51 Sache
1927 3462 239 63 kämpfen,
2190 3461 136 51 leben
2350 3460 98 51 und
2470 3461 191 51 sterben

1509 3542 210 57 werden,
1752 3542 92 51 daß
1880 3547 89 45 wir
2002 3541 113 51 aber
2148 3546 85 45 mit
2263 3546 155 56 jenem
2451 3540 212 51 anderen

1510 3624 163 61 Krieg,
1692 3622 82 51 der
1792 3621 63 51 da
1872 3627 84 45 mit
1973 3620 152 52 Dreck
2142 3620 99 51 und
2249 3619 415 54 Tintenschwärze

1512 3704 188 63 geführt
1707 3704 134 58 wird,
1851 3721 84 45 gar
1943 3701 144 51 nichts
2106 3707 182 58 gemein
2304 3701 158 51 haben
2469 3701 194 52 wollen.

1575 3785 170 49 Dieser
1763 3782 367 63 Zeitungskrieg
2164 3786 63 46 ist
2244 3781 115 50 auch
2378 3780 125 52 ohne
2526 3781 138 65 jeden

1513 3866 159 50 Wert.
1722 3865 168 49 Wenn
1924 3864 74 50 die
2031 3862 472 63 Zeitungsschreiber
2536 3875 128 39 etwa

1514 3964 85 46 gar
1632 3945 223 63 glauben,
1888 3945 92 51 daß
2003 3950 70 44 sie
2095 3963 91 30 uns
2210 3944 142 50 durch
2375 3944 76 50 die
2468 3944 196 52 Herab«

1513 4038 203 49 Setzung
1749 4025 83 51 des
1866 4024 204 52 Feindes
2105 4024 118 52 Mut
2256 4024 100 50 und
2380 4024 284 52 Zuversicht
