3319 4572
1326 461 137 51 Max
1491 458 155 52 Brod
1660 482 9 11 *
1697 454 160 65 Hycfao
1889 453 78 50 Bf
1968 452 65 49 ah
2034 468 51 33 cs
2122 448 117 63 Wcff
2272 465 70 30 zu
2379 444 131 52 Gott

762 467 97 51 234

848 662 218 81 Kepler
1108 657 240 82 gestand
1391 653 305 76 aufrichtig,
1738 647 112 63 daß
1894 670 60 38 er
1994 642 143 62 über
2177 639 155 62 diese
2374 635 255 63 höheren
2671 634 395 61 Zusammen«

769 764 192 77 hänge
1011 755 285 82 eigentlich
1340 751 140 63 noch
1532 757 92 54 nie
1673 739 373 83 nachgedacht
2096 736 164 63 habe.
2335 733 62 62 In
2441 741 185 53 seiner
2675 729 234 80 kargen,
2957 729 108 63 sich

771 853 487 68 herabsetzenden
1300 850 136 71 J\rt,
1493 846 90 61 die
1622 866 120 40 von
1784 835 229 82 Tychos
2058 832 265 73 Stieben,
2373 839 200 53 immer
2622 827 110 62 sich
2775 825 173 63 selbst
2989 850 75 37 zu

773 954 383 78 rechtfertigen
1198 946 121 64 und
1358 945 141 62 über
1540 939 203 63 allerlei
1775 931 442 78 Anfechtungen
2260 952 75 38 zu
2378 925 265 72 erheben,
2686 948 69 38 so
2796 922 132 63 sehr
2960 921 72 62 ab-

773 1051 171 71 stach,
989 1047 137 63 fand
1168 1068 78 50 er,
1281 1040 110 64 daß
1433 1062 60 39 er
1532 1035 107 64 sich
1681 1030 188 65 bisher
1909 1026 146 64 recht
2095 1021 466 84 pfahlbürgerlich
2604 1044 109 38 nur
2754 1028 100 53 mit
2886 1018 183 62 Rech«

774 1155 226 56 nereien
1044 1140 327 82 abgegeben
1414 1133 147 65 habe
1602 1129 119 64 und
1763 1127 112 62 daß
1926 1124 95 63 ihn
2067 1123 84 61 als
2195 1129 165 55 einen
2394 1118 313 79 Anfänger
2756 1117 92 62 die
2897 1114 170 64 bloße

773 1241 250 70 Freude,
1057 1239 90 61 die
1182 1259 59 39 er
1273 1242 56 52 in
1363 1231 99 61 der
1493 1223 405 78 Beobachtung
1932 1220 102 63 der
2059 1218 206 64 Sterne
2298 1216 122 62 und
2452 1223 55 54 in
2543 1213 102 62 der
2662 1212 408 79 Annäherung

776 1363 73 39 an
901 1338 118 62 ihre
1061 1324 597 81 Gesetzmäßigkeiten
1710 1317 303 82 empfinde,
2064 1340 121 38 von
2236 1338 68 38 so
2355 1312 173 62 tiefen
2579 1308 487 82 philosophischen

773 1433 442 76 Betrachtungen
1260 1421 336 82 abgehalten
1648 1416 165 63 habe.
1866 1413 147 63 Und
2055 1435 126 40 was
2218 1410 152 64 Gott
2413 1407 266 79 anlange,
2735 1430 68 38 so
2855 1405 211 80 glaube

774 1557 60 38 er
874 1556 73 37 an
989 1527 93 63 ihn
1124 1523 138 64 nach
1303 1522 111 61 den
1456 1515 353 65 Lehrsätzen
1852 1512 102 63 der
1993 1510 281 79 Religion,

854 1625 156 62 »Mir
1052 1632 306 51 antwortet
1400 1615 151 63 Gott
1593 1612 163 74 nicht,
1805 1632 174 38 wenn
2032 1607 80 61 ich
2163 1604 97 64 ihn
2304 1603 214 79 frage,«
2573 1601 112 63 rief
2717 1597 203 84 Tycho
2970 1607 100 53 mit

771 1717 407 70 verzweifelter
1193 1714 220 63 Miene.
1457 1711 179 62 Dann
1672 1724 112 45 trat
1818 1729 61 39 er
1913 1729 104 37 ans
2036 1703 245 61 Fenster
2305 1700 122 63 und
2452 1698 105 64 sah
2585 1722 75 37 zu
2680 1697 111 62 den
2808 1695 257 63 Wolken

773 1841 218 58 empor:
1038 1813 150 63 »Ein
1231 1809 206 81 großes
1479 1806 151 63 Buch
1794 1802 184 63 dieser
2018 1797 268 64 Himmel,
2352 1796 173 80 Jeden
2567 1794 222 62 Abend
2838 1792 228 63 blättert

773 1942 59 38 es
865 1914 107 64 sich
1006 1909 117 73 auf,
1157 1917 101 53 mit
1298 1903 366 66 leuchtenden
1698 1898 388 72 Buchstaben,-
2125 1895 79 64 ich
2248 1894 136 62 aber
2425 1891 152 64 kann
2612 1915 61 39 es
2707 1889 143 63 nicht
2892 1889 175 71 lesen,

771 2012 158 71 oder,
971 2030 123 40 was
1128 2003 140 65 noch
1302 2002 313 63 schlimmer
1648 2007 89 63 ist,
1780 1996 78 63 ich
1894 1996 116 62 lese
2034 1992 270 72 sinnlose,
2346 1988 431 82 phantastische,
2820 1984 247 64 häßliche

771 2110 172 62 Sätze
983 2105 207 62 heraus
1364 2097 86 65 So
1499 2093 334 66 bescheiden
1876 2101 113 53 wie
2031 2087 368 81 Kopernikus
2441 2086 94 62 bin
2580 2086 79 62 ich
2700 2109 120 38 nun
2863 2081 203 63 freilich

770 2205 154 64 nicht.
981 2201 126 64 Der
1147 2214 164 62 sagte
1354 2192 228 74 einmal,
1634 2215 61 40 er
1735 2189 174 63 wolle
1950 2187 108 64 sich
2109 2183 260 83 glücklich
2410 2183 283 73 schätzen,
2742 2204 174 38 wenn
2970 2178 100 61 der

769 2298 274 66 wirkliche
1060 2294 163 65 Lauf
1244 2293 100 62 der
1371 2291 204 63 Sterne
1610 2312 121 39 von
1764 2294 218 56 seinem
2008 2281 295 64 Kalender
2330 2304 99 38 um
2455 2279 143 62 nicht
2623 2277 160 63 mehr
2812 2276 83 62 als
2919 2275 147 62 zehn

769 2398 456 78 Bogenminuten
1262 2389 73 62 ab
1339 2387 226 63 weiche.
1626 2385 132 61 Das
1792 2383 210 62 scheint
2035 2388 105 53 mir
2175 2377 299 78 allerdings
2510 2375 147 62 allzu
2690 2384 376 69 genügsam.«

848 2492 88 62 Er
977 2488 132 64 hielt
1150 2511 118 38 nun
1311 2495 152 62 inne,
1513 2496 243 48 wartete
1799 2478 108 62 auf
1941 2486 126 53 eine
2109 2476 311 69 Antwort,-
2466 2481 113 53 wie
2628 2481 217 61 immer,
2896 2492 173 38 wenn

773 2615 58 37 er
863 2613 118 39 von
1014 2582 369 83 Kopernikus
1425 2578 215 83 sprach,
1682 2577 184 64 schien
1909 2599 61 38 er
2012 2582 126 54 eine
2172 2571 327 79 Erklärung
2530 2567 247 80 Keplers
2819 2590 75 38 zu
2934 2589 137 39 ver«

770 2686 222 79 langen,
1035 2681 114 64 daß
1192 2704 61 40 er
1293 2703 121 39 nun
1458 2677 93 61 die
1592 2675 268 62 Irrtümer
1902 2671 101 62 des
2045 2667 396 82 gegnerischen
2483 2665 418 79 Weltsystems
2943 2670 126 53 ein«

770 2782 150 62 sehe.
996 2778 169 63 Aber
1207 2774 216 81 Kepler
1463 2796 126 39 war
1630 2770 171 62 schon
1843 2766 216 64 wieder
2100 2773 101 54 mit
2243 2764 111 62 den
2397 2760 274 65 Schriften
2722 2758 344 78 beschäftigt,

771 2902 108 38 nur
919 2876 227 63 Zahlen
1189 2873 208 62 kamen
1441 2893 120 38 von
1603 2876 196 54 seinen
1842 2865 240 79 Lippen.

854 2973 121 63 »Ich
1016 2971 174 74 hoffe,
1241 2967 113 64 daß
1397 2975 107 53 wir
1545 2965 167 62 deine
1753 2959 518 78 Aufzeichnungen
2321 2980 192 56 genau
2553 2962 102 55 mit
2704 2953 195 61 diesen
2951 2951 119 62 hier

774 3069 343 81 vergleichen
1152 3065 292 71 werden,«
1484 3061 331 64 unterbrach
1851 3058 95 63 ihn
1965 3053 203 83 Tycho
2212 3053 320 64 endlich,...
2568 3051 171 63 Aber
2780 3050 75 61 da
2888 3056 185 71 zeigte

775 3191 60 38 es
875 3166 126 73 sich,
1157 3172 99 53 mit
1298 3159 458 77 Zerknirschung
1796 3152 243 83 gestand
2074 3177 61 38 es
2162 3150 216 80 Kepler
2507 3147 115 63 daß
2665 3169 61 39 er
2767 3168 102 57 gar
2909 3144 164 62 keine

775 3260 371 64 ordentlichen
1180 3257 517 77 Aufzeichnungen
1740 3250 177 65 besaß
1960 3249 122 62 und
2124 3248 113 62 daß
2280 3271 60 38 er
2380 3244 145 63 nicht
2566 3244 93 61 die
2684 3241 174 64 Kraft
2899 3240 176 71 hatte,

775 3368 154 54 seine
959 3356 405 78 Manuskripte
1397 3348 638 67 beisammenzuhalten.
2078 3346 99 63 Sie
2210 3353 206 71 gingen
2452 3342 115 62 ihm
2600 3339 283 73 verloren,
2925 3359 150 58 ganz

778 3479 66 37 so
886 3464 109 52 wie
1037 3453 91 63 die
1169 3451 206 63 Briefe.
1531 3445 203 83 Tycho
1778 3460 307 48 erstaunte.
2144 3441 64 62 In
2251 3439 101 63 der
2392 3433 118 67 Tat
2551 3460 125 39 war
2718 3459 61 38 es
2822 3433 251 71 seltsam,

781 3550 111 63 daß
925 3551 155 61 diese
1113 3549 185 73 Seele,
1334 3547 91 63 die
1460 3546 104 62 das
1582 3544 212 63 Fieber
1820 3542 101 61 der
1937 3539 212 63 Arbeit
2184 3561 101 56 gar
2318 3536 144 62 nicht
2496 3531 311 65 entbehren
2841 3530 233 71 konnte,

784 3645 277 79 eigentlich
1104 3645 108 62 auf
1245 3645 91 61 die
1377 3643 354 80 Ergebnisse
1781 3639 149 62 ihrer
1970 3635 212 64 Arbeit
2231 3657 69 40 so
2342 3639 191 70 wenig
2572 3629 168 62 Wert
2789 3652 77 36 zu
2915 3626 161 79 legen

785 3740 299 73 schien,,,.
1110 3740 279 63 während
1413 3735 203 85 Tycho
1657 3735 157 80 jedes
1848 3732 347 72 Zettelchen,
2239 3728 167 80 jeden
2443 3727 273 60 kleinsten
2742 3724 229 77 Beitrag
3004 3746 75 38 zu

787 3845 179 53 seiner
1004 3833 249 66 Theorie
1293 3837 292 79 sorgfältig
1629 3832 238 65 aufhob.
2024 3829 125 63 Für
2190 3826 217 78 Kepler
2455 3822 305 63 bedeutete
2802 3819 144 62 eben
2990 3818 91 61 die

792 3932 435 62 astronomische
1259 3932 211 62 Arbeit
1504 3949 182 44 etwas
1721 3928 281 63 durchaus
2038 3925 241 62 anderes
2316 3920 81 63 als
2439 3918 93 63 für
2563 3913 219 83 Tycho.
2827 3914 98 65 Sie
2957 3936 126 39 war

790 4025 91 62 bei
906 4025 211 80 Kepler
1157 4038 111 52 wie
1310 4036 89 54 ein
1425 4028 243 72 Rausch,
1711 4049 76 38 an
1833 4025 131 61 dem
2008 4047 61 36 er
2093 4020 108 63 sich
2227 4017 244 79 vollsog,
2516 4038 104 39 aus
2656 4014 130 62 dem
2822 4034 60 40 er
2907 4011 177 62 über-
