3251 4572
908 443 139 51 Max
1243 444 8 50 Brod
1252 468 44 12 •
1297 442 145 63 ‘JCycßo
1475 444 200 51 Brakes
1861 465 69 31 zu

2553 452 97 49 229

339 660 128 49 vor,
510 636 91 62 die
645 636 132 62 dem
812 636 295 79 Klügeren
1150 636 389 63 verschlossen
1573 660 141 49 war,
1760 637 194 64 redete
1996 638 122 63 und
2159 638 279 65 handelte,
2486 645 165 63 »Das

337 756 127 40 war
506 731 244 62 wirklich
795 731 148 62 recht
984 755 120 38 von
1149 731 145 74 dir,«
1339 731 375 64 wiederholte
1738 727 205 85 Tycho
1986 732 470 83 kopfschüttelnd,
2500 739 154 63 dann

339 829 138 62 aber
534 828 394 63 verscheuchte
986 852 61 38 er
1103 836 103 54 mit
1264 836 186 54 einem
1510 829 422 81 Fußstampfen
1996 830 112 64 den
2167 831 488 83 beängstigenden

339 924 306 65 Eindruck.

419 1022 170 61 Auch
633 1021 304 63 Elisabeth
980 1045 127 38 war
1148 1031 351 71 geängstigt,-
1548 1031 256 71 weniger
1855 1023 170 64 durch
2076 1024 107 64 das
2227 1024 429 83 Gesprochene,

337 1118 84 63 als
464 1117 169 62 durch
687 1117 111 62 den
842 1117 439 64 verschiedenen
1324 1113 236 69 Tonfall
1619 1120 101 62 der
1778 1120 224 63 beiden.
2065 1121 218 80 Kepler
2340 1126 196 77 sprach
2588 1150 68 40 so

337 1215 256 65 leichthin
655 1215 120 62 und
833 1214 571 75 selbstverständlich,
1465 1216 283 64 während
1789 1214 204 85 Tycho
2049 1221 160 76 jedes
2251 1220 174 62 Wort
2484 1223 172 60 nach*

337 1311 271 64 drüddich
642 1311 257 74 betonte,
942 1336 138 55 gern
1126 1311 140 63 auch
1301 1313 257 62 einzelne
1595 1313 175 63 Sätze
1812 1314 391 75 wiederholte,
2250 1315 83 65 als
2367 1317 195 63 könne
2598 1343 58 38 er

337 1435 75 36 an
452 1410 105 60 das
590 1408 145 62 stille
762 1408 365 62 Fortwirken
1164 1417 158 53 eines
1356 1408 173 63 fallen
1564 1410 337 79 gelassenen
1929 1410 245 64 Wortes
2208 1414 145 61 nicht
2386 1414 269 78 glauben,

337 1507 84 62 als
463 1517 196 52 müsse
701 1530 62 38 er
803 1506 139 62 nach
984 1515 217 53 seinem
1230 1504 346 65 Grundsatz
1619 1508 138 61 auch
1802 1508 118 63 hier
1957 1510 212 63 »selbst
2200 1520 103 53 mit
2329 1511 183 63 Hand
2547 1536 109 38 an*

336 1604 201 78 legen«
593 1602 120 64 und
768 1604 300 80 gleichsam
1121 1602 112 62 den
1277 1602 142 64 Sinn
1473 1604 101 62 der
1616 1604 209 64 Worte
1874 1630 136 38 zum
2052 1605 274 63 Zuhörer
2377 1609 278 63 hinüber*

336 1700 264 79 geleiten,
643 1701 79 61 da
764 1723 62 39 er
869 1699 148 63 eben
1061 1709 56 52 in
1163 1700 167 62 allem
1375 1700 105 64 das
1524 1700 308 64 Zutrauen
1874 1727 105 37 zur
2019 1701 208 64 bloßen
2272 1704 204 63 Natur
2517 1731 138 38 ver*

336 1797 159 62 loren
548 1797 174 62 hatte.
890 1795 303 63 Elisabeth
1247 1795 216 64 konnte
1504 1798 110 62 sich
1658 1798 194 62 diesen
1896 1798 374 63 Unterschied
2312 1802 142 61 nicht
2499 1802 156 62 klar*

336 1893 254 72 machen,
645 1893 137 62 aber
831 1911 284 62 gespannt
1165 1893 249 64 lauschte
1471 1903 84 54 sie
1614 1894 132 64 dem
1799 1894 313 82 Gespräch,
2171 1896 84 62 als
2313 1908 196 54 müsse
2560 1899 94 64 die

335 1991 230 62 nächste
608 1990 314 81 Wendung
965 2001 124 53 eine
1132 1991 329 81 Erklärung
1503 1993 252 79 bringen.

416 2087 117 63 Die
576 2087 118 63 drei
739 2087 251 63 nahmen
1035 2087 105 64 das
1184 2089 323 62 Frühstück
1550 2098 56 53 in
1653 2099 184 53 einem
1880 2091 305 62 heizbaren
2227 2091 424 74 Laubenhaus,

335 2184 105 63 das
483 2185 140 62 nach
666 2180 234 85 Tychos
943 2185 133 64 Idee
1121 2185 107 64 auf
1266 2195 186 54 einem
1498 2186 102 64 der
1649 2188 299 63 schönsten
1990 2189 513 80 Aufsichtspunkte
2546 2192 105 61 des

339 2280 260 64 Gartens
657 2282 206 62 erbaut
913 2282 242 63 worden
1206 2307 138 38 war.
1404 2284 147 62 Hier
1600 2308 120 38 nun
1771 2284 214 62 konnte
2025 2279 202 85 Tycho
2278 2287 217 61 wieder
2547 2294 104 54 mit

337 2376 164 64 Stolz
544 2378 120 62 und
708 2377 528 81 Ungebundenheit
1283 2390 55 52 in
1384 2381 91 62 die
1510 2381 191 62 Ferne
1743 2382 231 72 deuten,
2018 2382 91 62 die
2142 2382 215 62 Dörfer
2399 2406 250 50 nennen,

337 2475 93 62 die
472 2499 104 38 zur
618 2476 334 62 Herrschaft
993 2477 299 79 gehörten,
1343 2503 121 37 von
1507 2477 518 82 Verbesserungen
2077 2479 101 63 der
2222 2479 429 63 Gemüsezucht

337 2571 195 73 reden,
576 2573 93 62 die
712 2597 62 38 er
807 2573 285 72 vorhatte,
1137 2574 121 63 und
1301 2599 74 37 an
1421 2575 105 62 das
1560 2574 221 75 Schloß,
1827 2576 105 61 das
1965 2575 211 81 gerade
2209 2576 303 63 unterhalb
2547 2575 104 64 der

335 2668 211 63 Laube
588 2669 116 79 lag,
749 2678 101 53 mit
894 2669 132 64 dem
1069 2670 216 80 Finger
1325 2670 322 64 Zubauten
1691 2672 122 62 und
1854 2672 640 63 Sternwartetürmchen
2540 2697 110 37 an*

340 2763 192 81 fügen.
595 2764 494 65 Seltsamerweise
1131 2768 186 61 schien
1360 2768 122 62 dies
1526 2768 216 80 Kepler
1784 2780 189 68 wenig
2014 2794 75 36 zu
2131 2777 414 65 interessieren,
2589 2794 62 38 er

337 2862 158 64 hatte
538 2862 264 64 offenbar
843 2874 159 53 seine
1045 2863 329 65 Gedanken
1418 2865 111 63 auf
1563 2866 213 62 andere
1818 2866 192 79 Dinge
2051 2866 260 79 gerichtet
2353 2865 120 62 und
2517 2882 134 46 ant*

336 2976 245 46 wertete
624 2984 111 37 nur
777 2960 269 81 einsilbig.
1212 2961 101 62 Da
1356 2970 279 55 erinnerte
1678 2961 108 64 sich
1813 2957 222 85 Tycho,
2076 2979 140 46 stets
2256 2960 229 80 gefällig
2528 2960 125 63 und

337 3054 209 63 höflich
590 3055 269 75 bestrebt,
904 3056 112 64 den
1054 3055 156 65 Gast
1250 3082 77 38 zu
1361 3058 378 72 unterhalten,
1783 3059 196 71 daran,
2024 3058 112 62 daß
2179 3082 61 38 er
2280 3058 141 62 doch
2466 3075 187 46 etwas

336 3150 92 65 bei
486 3153 109 62 sich
656 3153 166 75 habe,
867 3178 124 40 was
1051 3154 207 64 dessen
1300 3154 533 64 Aufmerksamkeit
1891 3154 161 62 mehr
2103 3154 276 62 anziehen
2432 3154 215 64 mußte.

336 3247 118 63 Ein
482 3249 160 64 Brief
670 3275 125 38 war
835 3252 170 62 schon
1041 3269 241 62 gestern,
1325 3275 108 39 vor
1460 3252 243 79 Keplers
1729 3249 290 75 Ankunft,
2062 3275 118 38 von
2225 3260 186 53 einem
2446 3251 208 62 durch*

337 3347 300 62 reisenden
684 3347 229 64 Grazer
955 3349 341 62 Kaufmann
1341 3349 92 60 für
1474 3347 95 62 ihn
1611 3347 263 80 gebracht
1916 3347 270 74 worden,-
2227 3356 76 52 im
2340 3346 166 63 Eifer
2548 3347 105 64 des

339 3460 185 46 ersten
555 3442 360 83 Gespräches
958 3446 158 61 hatte
1140 3440 202 84 Tycho
1385 3444 92 62 die
1502 3441 312 84 Übergabe
1856 3468 108 38 aus
2007 3444 132 62 dem
2166 3442 174 81 Kopf
2366 3444 285 63 verloren.

336 3536 121 67 Mit
500 3549 220 71 einigen
765 3542 430 63 Scherzworten
1247 3543 141 60 über
1428 3549 158 54 seine
1626 3540 381 79 greisenhafte
2049 3540 449 79 Vergeßlichkeit
2540 3566 115 56 zog

339 3658 61 40 er
440 3662 121 38 nun
605 3638 106 64 das
754 3638 301 64 Schreiben
1098 3638 225 64 hervor.
1386 3637 171 63 Noch
1592 3638 279 62 während
1913 3638 216 80 Kepler
2171 3637 112 63 den
2326 3638 161 62 Brief
2524 3657 132 46 ent*

337 3731 197 65 faltete
576 3736 122 61 und
750 3735 104 72 las,
905 3736 196 80 sprach
1154 3759 60 38 er
1263 3742 219 54 weiter:
1537 3733 247 63 »Leider
1832 3742 71 55 ist
1953 3733 174 64 nichts
2169 3733 487 80 Angenehmeres

339 3826 119 65 hier
501 3831 92 62 für
642 3831 120 62 dich
805 3834 346 62 vorbereitet
1207 3854 287 56 gewesen.
1557 3830 187 63 Briefe
1803 3830 289 81 übergebe
2151 3831 81 64 ich
2283 3857 245 55 ungern,
2580 3834 76 62 da

339 3925 151 64 steht
529 3937 57 68 ja
629 3937 201 54 immer
880 3954 108 37 nur
1029 3929 183 62 Böses
1257 3926 175 65 darin.
1490 3928 172 62 Aber
1704 3928 104 62 das
1851 3926 221 65 kommt
2114 3929 147 63 eben
2305 3954 110 38 nur
2457 3930 199 75 daher,

340 4020 113 65 daß
495 4034 108 52 wir
645 4025 317 65 Menschen
1007 4027 325 81 überhaupt
1371 4050 135 39 zum
1546 4024 267 81 Unglück
1854 4024 255 81 geboren
2151 4025 180 65 sind.«
