<?xml version="1.0" encoding="UTF-8"?>
<alto xmlns:xsi="http://www.w3.org/2001/XMLSchema-instance" xmlns="http://www.loc.gov/standards/alto/ns-v2#" xsi:schemaLocation="http://www.loc.gov/standards/alto/ns-v2# http://www.loc.gov/standards/alto/v2/alto-2-0.xsd" xmlns:xlink="http://www.w3.org/1999/xlink">
	<Description>
		<MeasurementUnit>mm10</MeasurementUnit>
		<sourceImageInformation>
			<fileName>./bmtnabr_1915-02_01_0086.jp2</fileName>
		</sourceImageInformation>
		<OCRProcessing ID="OCRPROCESSING_1">
			<preProcessingStep>
				<processingSoftware>
					<softwareCreator>CCS Content Conversion Specialists GmbH, Germany</softwareCreator>
					<softwareName>CCS docWorks</softwareName>
					<softwareVersion>6.8-1.27</softwareVersion>
				</processingSoftware>
			</preProcessingStep>
			<ocrProcessingStep>
				<processingSoftware>
					<softwareCreator>ABBYY (BIT Software), Russia</softwareCreator>
					<softwareName>FineReader</softwareName>
					<softwareVersion>11.0</softwareVersion>
				</processingSoftware>
			</ocrProcessingStep>
			<postProcessingStep>
				<processingSoftware>
					<softwareCreator>CCS Content Conversion Specialists GmbH, Germany</softwareCreator>
					<softwareName>CCS docWorks</softwareName>
					<softwareVersion>6.8-1.27</softwareVersion>
					<applicationDescription>docWorks: Text modified manually, or automatically replaced</applicationDescription>
				</processingSoftware>
			</postProcessingStep>
		</OCRProcessing>
	</Description>
	<Styles>
		<TextStyle ID="TXT_0" FONTSIZE="27" FONTFAMILY="Times New Roman"/>
		<TextStyle ID="TXT_1" FONTSIZE="19" FONTFAMILY="Times New Roman" FONTSTYLE="bold italics"/>
		<TextStyle ID="TXT_2" FONTSIZE="21" FONTFAMILY="Times New Roman"/>
		<TextStyle ID="TXT_3" FONTSIZE="21" FONTFAMILY="Times New Roman" FONTSTYLE="italics"/>
		<ParagraphStyle ID="PAR_LEFT" ALIGN="Left"/>
		<ParagraphStyle ID="PAR_RIGHT" ALIGN="Right"/>
		<ParagraphStyle ID="PAR_BLOCK" ALIGN="Block"/>
	</Styles>
	<Layout>
		<Page ID="P86" PHYSICAL_IMG_NR="86" HEIGHT="4572" WIDTH="3319" PRINTED_IMG_NR="222" PC="0.949">
			<TopMargin ID="P86_TM00001" HPOS="0" VPOS="0" WIDTH="3319" HEIGHT="487">
				<TextBlock ID="P86_TB00001" HPOS="694" VPOS="424" WIDTH="100" HEIGHT="51" STYLEREFS="TXT_0 PAR_LEFT">
					<TextLine ID="P86_TL00001" HPOS="694" VPOS="424" WIDTH="100" HEIGHT="51">
						<String ID="P86_ST00001" HPOS="694" VPOS="424" WIDTH="100" HEIGHT="51" CONTENT="222" WC="1.00" CC="000"/>
					</TextLine>
				</TextBlock>
				<TextBlock ID="P86_TB00002" HPOS="1266" VPOS="432" WIDTH="1186" HEIGHT="53" STYLEREFS="TXT_1 PAR_RIGHT">
					<TextLine ID="P86_TL00002" HPOS="1266" VPOS="432" WIDTH="1186" HEIGHT="53">
						<String ID="P86_ST00002" HPOS="1266" VPOS="432" WIDTH="140" HEIGHT="52" CONTENT="Max" WC="0.95" CC="462"/>
						<SP ID="P86_SP00001" HPOS="1406" VPOS="484" WIDTH="29"/>
						<String ID="P86_ST00003" HPOS="1435" VPOS="433" WIDTH="159" HEIGHT="51" CONTENT="Brocf" WC="0.60" CC="50166"/>
						<SP ID="P86_SP00002" HPOS="1594" VPOS="484" WIDTH="10"/>
						<String ID="P86_ST00004" HPOS="1604" VPOS="457" WIDTH="9" HEIGHT="12" CONTENT="•" WC="0.20" CC="8"/>
						<SP ID="P86_SP00003" HPOS="1613" VPOS="484" WIDTH="221"/>
						<String ID="P86_ST00005" HPOS="1834" VPOS="433" WIDTH="197" HEIGHT="51" CONTENT="Braßes" WC="0.65" CC="003960"/>
						<SP ID="P86_SP00004" HPOS="2031" VPOS="484" WIDTH="185"/>
						<String ID="P86_ST00006" HPOS="2216" VPOS="452" WIDTH="70" HEIGHT="32" CONTENT="zu" WC="0.54" CC="35"/>
						<SP ID="P86_SP00005" HPOS="2286" VPOS="484" WIDTH="36"/>
						<String ID="P86_ST00007" HPOS="2322" VPOS="433" WIDTH="130" HEIGHT="52" CONTENT="Gott" WC="1.00" CC="0000"/>
					</TextLine>
				</TextBlock>
			</TopMargin>
			<LeftMargin ID="P86_LM00001" HPOS="0" VPOS="487" WIDTH="693" HEIGHT="3578"/>
			<RightMargin ID="P86_RM00001" HPOS="3005" VPOS="487" WIDTH="314" HEIGHT="3578"/>
			<BottomMargin ID="P86_BM00001" HPOS="0" VPOS="4065" WIDTH="3319" HEIGHT="507"/>
			<PrintSpace ID="P86_PS00001" HPOS="693" VPOS="487" WIDTH="2312" HEIGHT="3578">
				<TextBlock ID="P86_TB00003" HPOS="693" VPOS="621" WIDTH="2311" HEIGHT="3444" STYLEREFS="TXT_2 PAR_BLOCK">
					<TextLine ID="P86_TL00003" HPOS="698" VPOS="623" WIDTH="2306" HEIGHT="82">
						<String ID="P86_ST00008" HPOS="698" VPOS="623" WIDTH="134" HEIGHT="63" CONTENT="viel!" WC="0.97" CC="06671"/>
						<SP ID="P86_SP00006" HPOS="832" VPOS="686" WIDTH="36"/>
						<String ID="P86_ST00009" HPOS="868" VPOS="624" WIDTH="117" HEIGHT="64" CONTENT="Die" WC="0.97" CC="042"/>
						<SP ID="P86_SP00007" HPOS="985" VPOS="688" WIDTH="31"/>
						<String ID="P86_ST00010" HPOS="1016" VPOS="624" WIDTH="430" HEIGHT="81" CONTENT="Unglücksfälle" WC="0.99" CC="7677079050775"/>
						<SP ID="P86_SP00008" HPOS="1446" VPOS="705" WIDTH="33"/>
						<String ID="P86_ST00011" HPOS="1479" VPOS="625" WIDTH="188" HEIGHT="65" CONTENT="lassen" WC="0.99" CC="750002"/>
						<SP ID="P86_SP00009" HPOS="1667" VPOS="705" WIDTH="34"/>
						<String ID="P86_ST00012" HPOS="1701" VPOS="627" WIDTH="138" HEIGHT="62" CONTENT="midi" WC="0.95" CC="1676"/>
						<SP ID="P86_SP00010" HPOS="1839" VPOS="705" WIDTH="33"/>
						<String ID="P86_ST00013" HPOS="1872" VPOS="649" WIDTH="104" HEIGHT="56" CONTENT="gar" WC="0.92" CC="965"/>
						<SP ID="P86_SP00011" HPOS="1976" VPOS="705" WIDTH="32"/>
						<String ID="P86_ST00014" HPOS="2008" VPOS="625" WIDTH="142" HEIGHT="63" CONTENT="nickt" WC="0.98" CC="05114"/>
						<SP ID="P86_SP00012" HPOS="2150" VPOS="705" WIDTH="34"/>
						<String ID="P86_ST00015" HPOS="2184" VPOS="625" WIDTH="161" HEIGHT="63" CONTENT="mehr" WC="0.95" CC="9076"/>
						<SP ID="P86_SP00013" HPOS="2345" VPOS="705" WIDTH="34"/>
						<String ID="P86_ST00016" HPOS="2379" VPOS="625" WIDTH="314" HEIGHT="77" CONTENT="aufatmen," WC="0.82" CC="050310004"/>
						<SP ID="P86_SP00014" HPOS="2693" VPOS="705" WIDTH="35"/>
						<String ID="P86_ST00017" HPOS="2728" VPOS="638" WIDTH="83" HEIGHT="53" CONTENT="sie" WC="0.98" CC="060"/>
						<SP ID="P86_SP00015" HPOS="2811" VPOS="705" WIDTH="33"/>
						<String ID="P86_ST00018" HPOS="2844" VPOS="630" WIDTH="160" HEIGHT="66" CONTENT="lösen" WC="0.98" CC="50005"/>
					</TextLine>
					<TextLine ID="P86_TL00004" HPOS="701" VPOS="721" WIDTH="2303" HEIGHT="80">
						<String ID="P86_ST00019" HPOS="701" VPOS="721" WIDTH="277" HEIGHT="62" CONTENT="einander" WC="0.99" CC="06043600"/>
						<SP ID="P86_SP00016" HPOS="978" VPOS="783" WIDTH="56"/>
						<String ID="P86_ST00020" HPOS="1034" VPOS="723" WIDTH="172" HEIGHT="61" CONTENT="schon" WC="0.98" CC="06900"/>
						<SP ID="P86_SP00017" HPOS="1206" VPOS="784" WIDTH="61"/>
						<String ID="P86_ST00021" HPOS="1267" VPOS="722" WIDTH="72" HEIGHT="62" CONTENT="ab" WC="0.63" CC="07"/>
						<SP ID="P86_SP00018" HPOS="1339" VPOS="784" WIDTH="38"/>
						<String ID="P86_ST00022" HPOS="1377" VPOS="771" WIDTH="13" HEIGHT="16" CONTENT="." WC="0.64" CC="3"/>
						<SP ID="P86_SP00019" HPOS="1390" VPOS="787" WIDTH="39"/>
						<String ID="P86_ST00023" HPOS="1429" VPOS="771" WIDTH="13" HEIGHT="14" CONTENT="." WC="0.85" CC="1"/>
						<SP ID="P86_SP00020" HPOS="1442" VPOS="787" WIDTH="39"/>
						<String ID="P86_ST00024" HPOS="1481" VPOS="773" WIDTH="12" HEIGHT="14" CONTENT="." WC="0.67" CC="3"/>
						<SP ID="P86_SP00021" HPOS="1493" VPOS="787" WIDTH="54"/>
						<String ID="P86_ST00025" HPOS="1547" VPOS="722" WIDTH="84" HEIGHT="63" CONTENT="So" WC="0.87" CC="20"/>
						<SP ID="P86_SP00022" HPOS="1631" VPOS="787" WIDTH="60"/>
						<String ID="P86_ST00026" HPOS="1691" VPOS="722" WIDTH="136" HEIGHT="62" CONTENT="auch" WC="0.95" CC="0597"/>
						<SP ID="P86_SP00023" HPOS="1827" VPOS="787" WIDTH="58"/>
						<String ID="P86_ST00027" HPOS="1885" VPOS="738" WIDTH="240" HEIGHT="63" CONTENT="gestern." WC="0.99" CC="00053403"/>
						<SP ID="P86_SP00024" HPOS="2125" VPOS="801" WIDTH="59"/>
						<String ID="P86_ST00028" HPOS="2184" VPOS="721" WIDTH="130" HEIGHT="62" CONTENT="Das" WC="0.99" CC="110"/>
						<SP ID="P86_SP00025" HPOS="2314" VPOS="801" WIDTH="49"/>
						<String ID="P86_ST00029" HPOS="2363" VPOS="746" WIDTH="125" HEIGHT="38" CONTENT="war" WC="0.94" CC="726"/>
						<SP ID="P86_SP00026" HPOS="2488" VPOS="801" WIDTH="42"/>
						<String ID="P86_ST00030" HPOS="2530" VPOS="724" WIDTH="136" HEIGHT="61" CONTENT="nach" WC="0.97" CC="0390"/>
						<SP ID="P86_SP00027" HPOS="2666" VPOS="801" WIDTH="43"/>
						<String ID="P86_ST00031" HPOS="2709" VPOS="749" WIDTH="69" HEIGHT="38" CONTENT="so" WC="0.86" CC="02"/>
						<SP ID="P86_SP00028" HPOS="2778" VPOS="801" WIDTH="43"/>
						<String ID="P86_ST00032" HPOS="2821" VPOS="728" WIDTH="183" HEIGHT="65" CONTENT="vielen" WC="0.98" CC="043705"/>
					</TextLine>
					<TextLine ID="P86_TL00005" HPOS="699" VPOS="815" WIDTH="2305" HEIGHT="91">
						<String ID="P86_ST00033" HPOS="699" VPOS="815" WIDTH="204" HEIGHT="80" CONTENT="Jahren" WC="0.98" CC="206501"/>
						<SP ID="P86_SP00029" HPOS="903" VPOS="895" WIDTH="54"/>
						<String ID="P86_ST00034" HPOS="957" VPOS="818" WIDTH="209" HEIGHT="63" CONTENT="endlich" WC="0.98" CC="0097107"/>
						<SP ID="P86_SP00030" HPOS="1166" VPOS="895" WIDTH="42"/>
						<String ID="P86_ST00035" HPOS="1208" VPOS="818" WIDTH="215" HEIGHT="64" CONTENT="wieder" WC="0.97" CC="955905"/>
						<SP ID="P86_SP00031" HPOS="1423" VPOS="895" WIDTH="40"/>
						<String ID="P86_ST00036" HPOS="1463" VPOS="818" WIDTH="205" HEIGHT="64" CONTENT="einmal" WC="1.00" CC="040010"/>
						<SP ID="P86_SP00032" HPOS="1668" VPOS="895" WIDTH="43"/>
						<String ID="P86_ST00037" HPOS="1711" VPOS="827" WIDTH="86" HEIGHT="54" CONTENT="ein" WC="0.97" CC="060"/>
						<SP ID="P86_SP00033" HPOS="1797" VPOS="895" WIDTH="28"/>
						<String ID="P86_ST00038" HPOS="1825" VPOS="815" WIDTH="146" HEIGHT="82" CONTENT="Tag," WC="0.98" CC="6003"/>
						<SP ID="P86_SP00034" HPOS="1971" VPOS="897" WIDTH="45"/>
						<String ID="P86_ST00039" HPOS="2016" VPOS="843" WIDTH="74" HEIGHT="36" CONTENT="an" WC="0.75" CC="05"/>
						<SP ID="P86_SP00035" HPOS="2090" VPOS="897" WIDTH="44"/>
						<String ID="P86_ST00040" HPOS="2134" VPOS="817" WIDTH="132" HEIGHT="62" CONTENT="dem" WC="0.96" CC="900"/>
						<SP ID="P86_SP00036" HPOS="2266" VPOS="897" WIDTH="41"/>
						<String ID="P86_ST00041" HPOS="2307" VPOS="827" WIDTH="106" HEIGHT="54" CONTENT="mir" WC="0.95" CC="066"/>
						<SP ID="P86_SP00037" HPOS="2413" VPOS="897" WIDTH="42"/>
						<String ID="P86_ST00042" HPOS="2455" VPOS="837" WIDTH="183" HEIGHT="46" CONTENT="etwas" WC="0.98" CC="24050"/>
						<SP ID="P86_SP00038" HPOS="2638" VPOS="897" WIDTH="43"/>
						<String ID="P86_ST00043" HPOS="2681" VPOS="823" WIDTH="148" HEIGHT="61" CONTENT="recht" WC="0.98" CC="65003"/>
						<SP ID="P86_SP00039" HPOS="2829" VPOS="897" WIDTH="25"/>
						<String ID="P86_ST00044" HPOS="2854" VPOS="832" WIDTH="150" HEIGHT="74" CONTENT="innig" WC="0.99" CC="02050"/>
					</TextLine>
					<TextLine ID="P86_TL00006" HPOS="701" VPOS="911" WIDTH="2303" HEIGHT="84">
						<String ID="P86_ST00045" HPOS="701" VPOS="911" WIDTH="412" HEIGHT="66" CONTENT="Erwünschtes" WC="0.99" CC="75000080100"/>
						<SP ID="P86_SP00040" HPOS="1113" VPOS="977" WIDTH="41"/>
						<String ID="P86_ST00046" HPOS="1154" VPOS="940" WIDTH="149" HEIGHT="55" CONTENT="ganz" WC="0.98" CC="0505"/>
						<SP ID="P86_SP00041" HPOS="1303" VPOS="995" WIDTH="41"/>
						<String ID="P86_ST00047" HPOS="1344" VPOS="916" WIDTH="137" HEIGHT="61" CONTENT="nach" WC="1.00" CC="0000"/>
						<SP ID="P86_SP00042" HPOS="1481" VPOS="995" WIDTH="36"/>
						<String ID="P86_ST00048" HPOS="1517" VPOS="924" WIDTH="241" HEIGHT="54" CONTENT="meinem" WC="1.00" CC="003000"/>
						<SP ID="P86_SP00043" HPOS="1758" VPOS="995" WIDTH="36"/>
						<String ID="P86_ST00049" HPOS="1794" VPOS="914" WIDTH="141" HEIGHT="63" CONTENT="Sinn" WC="0.98" CC="2500"/>
						<SP ID="P86_SP00044" HPOS="1935" VPOS="995" WIDTH="50"/>
						<String ID="P86_ST00050" HPOS="1985" VPOS="914" WIDTH="262" HEIGHT="80" CONTENT="geschah," WC="1.00" CC="00000003"/>
						<SP ID="P86_SP00045" HPOS="2247" VPOS="995" WIDTH="43"/>
						<String ID="P86_ST00051" HPOS="2290" VPOS="915" WIDTH="103" HEIGHT="62" CONTENT="der" WC="0.94" CC="906"/>
						<SP ID="P86_SP00046" HPOS="2393" VPOS="995" WIDTH="41"/>
						<String ID="P86_ST00052" HPOS="2434" VPOS="924" WIDTH="54" HEIGHT="53" CONTENT="in" WC="0.64" CC="70"/>
						<SP ID="P86_SP00047" HPOS="2488" VPOS="995" WIDTH="36"/>
						<String ID="P86_ST00053" HPOS="2524" VPOS="917" WIDTH="289" HEIGHT="64" CONTENT="schönster" WC="1.00" CC="000010405"/>
						<SP ID="P86_SP00048" HPOS="2813" VPOS="995" WIDTH="33"/>
						<String ID="P86_ST00054" HPOS="2846" VPOS="920" WIDTH="158" HEIGHT="63" CONTENT="Vor*" WC="0.97" CC="0364"/>
					</TextLine>
					<TextLine ID="P86_TL00007" HPOS="703" VPOS="1009" WIDTH="2300" HEIGHT="84">
						<String ID="P86_ST00055" HPOS="703" VPOS="1009" WIDTH="334" HEIGHT="82" CONTENT="bedeutung" WC="0.54" CC="769355300"/>
						<SP ID="P86_SP00049" HPOS="1037" VPOS="1091" WIDTH="34"/>
						<String ID="P86_ST00056" HPOS="1071" VPOS="1013" WIDTH="189" HEIGHT="78" CONTENT="anfing" WC="0.98" CC="407660"/>
						<SP ID="P86_SP00050" HPOS="1260" VPOS="1091" WIDTH="33"/>
						<String ID="P86_ST00057" HPOS="1293" VPOS="1011" WIDTH="120" HEIGHT="63" CONTENT="und" WC="0.94" CC="609"/>
						<SP ID="P86_SP00051" HPOS="1413" VPOS="1091" WIDTH="33"/>
						<String ID="P86_ST00058" HPOS="1446" VPOS="1011" WIDTH="275" HEIGHT="80" CONTENT="glücklich," WC="0.99" CC="0000770073"/>
						<SP ID="P86_SP00052" HPOS="1721" VPOS="1091" WIDTH="43"/>
						<String ID="P86_ST00059" HPOS="1764" VPOS="1010" WIDTH="317" HEIGHT="62" CONTENT="wolkenlos" WC="0.99" CC="047306030"/>
						<SP ID="P86_SP00053" HPOS="2081" VPOS="1091" WIDTH="34"/>
						<String ID="P86_ST00060" HPOS="2115" VPOS="1011" WIDTH="152" HEIGHT="63" CONTENT="hätte" WC="0.98" CC="60060"/>
						<SP ID="P86_SP00054" HPOS="2267" VPOS="1091" WIDTH="35"/>
						<String ID="P86_ST00061" HPOS="2302" VPOS="1014" WIDTH="293" HEIGHT="79" CONTENT="ausgehen" WC="1.00" CC="04000003"/>
						<SP ID="P86_SP00055" HPOS="2595" VPOS="1093" WIDTH="34"/>
						<String ID="P86_ST00062" HPOS="2629" VPOS="1014" WIDTH="250" HEIGHT="75" CONTENT="können," WC="0.99" CC="5000044"/>
						<SP ID="P86_SP00056" HPOS="2879" VPOS="1093" WIDTH="36"/>
						<String ID="P86_ST00063" HPOS="2915" VPOS="1028" WIDTH="88" HEIGHT="53" CONTENT="ein" WC="1.00" CC="000"/>
					</TextLine>
					<TextLine ID="P86_TL00008" HPOS="704" VPOS="1105" WIDTH="1792" HEIGHT="83">
						<String ID="P86_ST00064" HPOS="704" VPOS="1105" WIDTH="227" HEIGHT="64" CONTENT="wahrer" WC="0.99" CC="000507"/>
						<SP ID="P86_SP00057" HPOS="931" VPOS="1169" WIDTH="33"/>
						<String ID="P86_ST00065" HPOS="964" VPOS="1107" WIDTH="239" HEIGHT="78" CONTENT="Festtag" WC="0.99" CC="6004420"/>
						<SP ID="P86_SP00058" HPOS="1203" VPOS="1185" WIDTH="33"/>
						<String ID="P86_ST00066" HPOS="1236" VPOS="1107" WIDTH="100" HEIGHT="62" CONTENT="der" WC="0.91" CC="966"/>
						<SP ID="P86_SP00059" HPOS="1336" VPOS="1185" WIDTH="33"/>
						<String ID="P86_ST00067" HPOS="1369" VPOS="1107" WIDTH="181" HEIGHT="64" CONTENT="Seele." WC="0.98" CC="400574"/>
						<SP ID="P86_SP00060" HPOS="1550" VPOS="1185" WIDTH="38"/>
						<String ID="P86_ST00068" HPOS="1588" VPOS="1107" WIDTH="142" HEIGHT="62" CONTENT="Und" WC="0.94" CC="708"/>
						<SP ID="P86_SP00061" HPOS="1730" VPOS="1185" WIDTH="42"/>
						<String ID="P86_ST00069" HPOS="1772" VPOS="1114" WIDTH="112" HEIGHT="54" CONTENT="wie" WC="0.99" CC="030"/>
						<SP ID="P86_SP00062" HPOS="1884" VPOS="1185" WIDTH="43"/>
						<String ID="P86_ST00070" HPOS="1927" VPOS="1107" WIDTH="99" HEIGHT="61" CONTENT="hat" WC="0.98" CC="004"/>
						<SP ID="P86_SP00063" HPOS="2026" VPOS="1185" WIDTH="42"/>
						<String ID="P86_ST00071" HPOS="2068" VPOS="1131" WIDTH="60" HEIGHT="38" CONTENT="er" WC="0.72" CC="05"/>
						<SP ID="P86_SP00064" HPOS="2128" VPOS="1185" WIDTH="40"/>
						<String ID="P86_ST00072" HPOS="2168" VPOS="1109" WIDTH="328" HEIGHT="79" CONTENT="geendigt!«" WC="0.99" CC="0004600443"/>
					</TextLine>
					<TextLine ID="P86_TL00009" HPOS="789" VPOS="1202" WIDTH="2215" HEIGHT="86">
						<String ID="P86_ST00073" HPOS="789" VPOS="1202" WIDTH="246" HEIGHT="65" CONTENT="»Etwas" WC="0.99" CC="561000"/>
						<SP ID="P86_SP00065" HPOS="1035" VPOS="1267" WIDTH="59"/>
						<String ID="P86_ST00074" HPOS="1094" VPOS="1204" WIDTH="146" HEIGHT="61" CONTENT="recht" WC="0.99" CC="40005"/>
						<SP ID="P86_SP00066" HPOS="1240" VPOS="1267" WIDTH="49"/>
						<String ID="P86_ST00075" HPOS="1289" VPOS="1213" WIDTH="153" HEIGHT="70" CONTENT="innig" WC="0.99" CC="00050"/>
						<SP ID="P86_SP00067" HPOS="1442" VPOS="1283" WIDTH="49"/>
						<String ID="P86_ST00076" HPOS="1491" VPOS="1203" WIDTH="442" HEIGHT="62" CONTENT="Erwünschtes?" WC="0.99" CC="750000073006"/>
						<SP ID="P86_SP00068" HPOS="1933" VPOS="1283" WIDTH="57"/>
						<String ID="P86_ST00077" HPOS="1990" VPOS="1203" WIDTH="158" HEIGHT="64" CONTENT="Was" WC="0.97" CC="700"/>
						<SP ID="P86_SP00069" HPOS="2148" VPOS="1283" WIDTH="57"/>
						<String ID="P86_ST00078" HPOS="2205" VPOS="1230" WIDTH="126" HEIGHT="37" CONTENT="war" WC="0.95" CC="076"/>
						<SP ID="P86_SP00070" HPOS="2331" VPOS="1283" WIDTH="52"/>
						<String ID="P86_ST00079" HPOS="2383" VPOS="1206" WIDTH="151" HEIGHT="63" CONTENT="denn" WC="0.95" CC="9465"/>
						<SP ID="P86_SP00071" HPOS="2534" VPOS="1283" WIDTH="53"/>
						<String ID="P86_ST00080" HPOS="2587" VPOS="1207" WIDTH="173" HEIGHT="63" CONTENT="das?«" WC="0.98" CC="00092"/>
						<SP ID="P86_SP00072" HPOS="2760" VPOS="1283" WIDTH="65"/>
						<String ID="P86_ST00081" HPOS="2825" VPOS="1207" WIDTH="179" HEIGHT="81" CONTENT="fragte" WC="0.99" CC="500000"/>
					</TextLine>
					<TextLine ID="P86_TL00010" HPOS="705" VPOS="1297" WIDTH="1715" HEIGHT="84">
						<String ID="P86_ST00082" HPOS="705" VPOS="1297" WIDTH="319" HEIGHT="75" CONTENT="Elisabeth," WC="0.98" CC="7730676504"/>
						<SP ID="P86_SP00073" HPOS="1024" VPOS="1372" WIDTH="44"/>
						<String ID="P86_ST00083" HPOS="1068" VPOS="1298" WIDTH="252" HEIGHT="79" CONTENT="plötzlich" WC="0.98" CC="070577407"/>
						<SP ID="P86_SP00074" HPOS="1320" VPOS="1377" WIDTH="42"/>
						<String ID="P86_ST00084" HPOS="1362" VPOS="1324" WIDTH="119" HEIGHT="38" CONTENT="von" WC="0.98" CC="040"/>
						<SP ID="P86_SP00075" HPOS="1481" VPOS="1377" WIDTH="42"/>
						<String ID="P86_ST00085" HPOS="1523" VPOS="1300" WIDTH="172" HEIGHT="61" CONTENT="böser" WC="0.98" CC="70006"/>
						<SP ID="P86_SP00076" HPOS="1695" VPOS="1377" WIDTH="41"/>
						<String ID="P86_ST00086" HPOS="1736" VPOS="1298" WIDTH="367" HEIGHT="83" CONTENT="Vorahnung" WC="0.98" CC="046466430"/>
						<SP ID="P86_SP00077" HPOS="2103" VPOS="1381" WIDTH="42"/>
						<String ID="P86_ST00087" HPOS="2145" VPOS="1301" WIDTH="275" HEIGHT="79" CONTENT="ergriffen." WC="0.99" CC="0605026042"/>
					</TextLine>
					<TextLine ID="P86_TL00011" HPOS="788" VPOS="1394" WIDTH="2216" HEIGHT="82">
						<String ID="P86_ST00088" HPOS="788" VPOS="1394" WIDTH="206" HEIGHT="72" CONTENT="»Nun," WC="0.97" CC="21634"/>
						<SP ID="P86_SP00078" HPOS="994" VPOS="1466" WIDTH="34"/>
						<String ID="P86_ST00089" HPOS="1028" VPOS="1394" WIDTH="214" HEIGHT="80" CONTENT="Kepler" WC="1.00" CC="001003"/>
						<SP ID="P86_SP00079" HPOS="1242" VPOS="1474" WIDTH="32"/>
						<String ID="P86_ST00090" HPOS="1274" VPOS="1404" WIDTH="70" HEIGHT="53" CONTENT="ist" WC="0.98" CC="501"/>
						<SP ID="P86_SP00080" HPOS="1344" VPOS="1474" WIDTH="34"/>
						<String ID="P86_ST00091" HPOS="1378" VPOS="1395" WIDTH="139" HEIGHT="62" CONTENT="doch" WC="0.95" CC="0497"/>
						<SP ID="P86_SP00081" HPOS="1517" VPOS="1474" WIDTH="33"/>
						<String ID="P86_ST00092" HPOS="1550" VPOS="1396" WIDTH="364" HEIGHT="79" CONTENT="gekommen!" WC="1.00" CC="000200002"/>
						<SP ID="P86_SP00082" HPOS="1914" VPOS="1475" WIDTH="35"/>
						<String ID="P86_ST00093" HPOS="1949" VPOS="1396" WIDTH="246" HEIGHT="80" CONTENT="Begreift" WC="0.99" CC="20060060"/>
						<SP ID="P86_SP00083" HPOS="2195" VPOS="1476" WIDTH="34"/>
						<String ID="P86_ST00094" HPOS="2229" VPOS="1397" WIDTH="84" HEIGHT="64" CONTENT="ihr" WC="0.98" CC="006"/>
						<SP ID="P86_SP00084" HPOS="2313" VPOS="1476" WIDTH="33"/>
						<String ID="P86_ST00095" HPOS="2346" VPOS="1399" WIDTH="152" HEIGHT="63" CONTENT="denn" WC="1.00" CC="0000"/>
						<SP ID="P86_SP00085" HPOS="2498" VPOS="1476" WIDTH="37"/>
						<String ID="P86_ST00096" HPOS="2535" VPOS="1400" WIDTH="104" HEIGHT="62" CONTENT="das" WC="0.98" CC="040"/>
						<SP ID="P86_SP00086" HPOS="2639" VPOS="1476" WIDTH="35"/>
						<String ID="P86_ST00097" HPOS="2674" VPOS="1400" WIDTH="175" HEIGHT="64" CONTENT="nicht?" WC="1.00" CC="010000"/>
						<SP ID="P86_SP00087" HPOS="2849" VPOS="1476" WIDTH="41"/>
						<String ID="P86_ST00098" HPOS="2890" VPOS="1401" WIDTH="114" HEIGHT="63" CONTENT="Be*" WC="0.98" CC="004"/>
					</TextLine>
					<TextLine ID="P86_TL00012" HPOS="703" VPOS="1490" WIDTH="2301" HEIGHT="79">
						<String ID="P86_ST00099" HPOS="703" VPOS="1490" WIDTH="194" HEIGHT="79" CONTENT="greifst" WC="0.99" CC="0613004"/>
						<SP ID="P86_SP00088" HPOS="897" VPOS="1569" WIDTH="50"/>
						<String ID="P86_ST00100" HPOS="947" VPOS="1491" WIDTH="137" HEIGHT="61" CONTENT="auch" WC="0.97" CC="5600"/>
						<SP ID="P86_SP00089" HPOS="1084" VPOS="1569" WIDTH="50"/>
						<String ID="P86_ST00101" HPOS="1134" VPOS="1493" WIDTH="79" HEIGHT="59" CONTENT="du" WC="0.81" CC="03"/>
						<SP ID="P86_SP00090" HPOS="1213" VPOS="1569" WIDTH="51"/>
						<String ID="P86_ST00102" HPOS="1264" VPOS="1491" WIDTH="105" HEIGHT="64" CONTENT="das" WC="1.00" CC="000"/>
						<SP ID="P86_SP00091" HPOS="1369" VPOS="1569" WIDTH="50"/>
						<String ID="P86_ST00103" HPOS="1419" VPOS="1493" WIDTH="168" HEIGHT="73" CONTENT="nicht," WC="0.99" CC="000034"/>
						<SP ID="P86_SP00092" HPOS="1587" VPOS="1569" WIDTH="61"/>
						<String ID="P86_ST00104" HPOS="1648" VPOS="1493" WIDTH="92" HEIGHT="62" CONTENT="die" WC="0.99" CC="020"/>
						<SP ID="P86_SP00093" HPOS="1740" VPOS="1569" WIDTH="49"/>
						<String ID="P86_ST00105" HPOS="1789" VPOS="1494" WIDTH="138" HEIGHT="61" CONTENT="mich" WC="0.97" CC="0390"/>
						<SP ID="P86_SP00094" HPOS="1927" VPOS="1569" WIDTH="55"/>
						<String ID="P86_ST00106" HPOS="1982" VPOS="1493" WIDTH="141" HEIGHT="63" CONTENT="doch" WC="0.98" CC="0307"/>
						<SP ID="P86_SP00095" HPOS="2123" VPOS="1569" WIDTH="50"/>
						<String ID="P86_ST00107" HPOS="2173" VPOS="1513" WIDTH="164" HEIGHT="46" CONTENT="sonst" WC="0.99" CC="00006"/>
						<SP ID="P86_SP00096" HPOS="2337" VPOS="1569" WIDTH="41"/>
						<String ID="P86_ST00108" HPOS="2378" VPOS="1497" WIDTH="145" HEIGHT="62" CONTENT="nicht" WC="0.98" CC="02074"/>
						<SP ID="P86_SP00097" HPOS="2523" VPOS="1569" WIDTH="40"/>
						<String ID="P86_ST00109" HPOS="2563" VPOS="1507" WIDTH="101" HEIGHT="53" CONTENT="mit" WC="0.95" CC="056"/>
						<SP ID="P86_SP00098" HPOS="2664" VPOS="1569" WIDTH="40"/>
						<String ID="P86_ST00110" HPOS="2704" VPOS="1522" WIDTH="70" HEIGHT="38" CONTENT="so" WC="1.00" CC="00"/>
						<SP ID="P86_SP00099" HPOS="2774" VPOS="1569" WIDTH="42"/>
						<String ID="P86_ST00111" HPOS="2816" VPOS="1498" WIDTH="188" HEIGHT="63" CONTENT="leeren" WC="0.98" CC="704500"/>
					</TextLine>
					<TextLine ID="P86_TL00013" HPOS="703" VPOS="1585" WIDTH="1387" HEIGHT="84">
						<String ID="P86_ST00112" HPOS="703" VPOS="1585" WIDTH="216" HEIGHT="79" CONTENT="Äugen" WC="0.98" CC="26070"/>
						<SP ID="P86_SP00100" HPOS="919" VPOS="1664" WIDTH="43"/>
						<String ID="P86_ST00113" HPOS="962" VPOS="1605" WIDTH="369" HEIGHT="45" CONTENT="anzustarren" WC="0.99" CC="64070504600"/>
						<SP ID="P86_SP00101" HPOS="1331" VPOS="1664" WIDTH="42"/>
						<String ID="P86_ST00114" HPOS="1373" VPOS="1588" WIDTH="224" HEIGHT="81" CONTENT="pflegte," WC="0.99" CC="03350454"/>
						<SP ID="P86_SP00102" HPOS="1597" VPOS="1669" WIDTH="42"/>
						<String ID="P86_ST00115" HPOS="1639" VPOS="1598" WIDTH="111" HEIGHT="53" CONTENT="wie" WC="0.99" CC="030"/>
						<SP ID="P86_SP00103" HPOS="1750" VPOS="1669" WIDTH="41"/>
						<String ID="P86_ST00116" HPOS="1791" VPOS="1601" WIDTH="136" HEIGHT="66" CONTENT="jetzt" WC="0.98" CC="17102" STYLEREFS="TXT_3"/>
						<String ID="P86_ST00117" HPOS="1954" VPOS="1641" WIDTH="12" HEIGHT="12" CONTENT="." WC="0.56" CC="4"/>
						<SP ID="P86_SP00104" HPOS="1966" VPOS="1669" WIDTH="32"/>
						<String ID="P86_ST00118" HPOS="1998" VPOS="1617" WIDTH="92" HEIGHT="37" CONTENT="..«" WC="0.75" CC="330"/>
					</TextLine>
					<TextLine ID="P86_TL00014" HPOS="784" VPOS="1682" WIDTH="2220" HEIGHT="81">
						<String ID="P86_ST00119" HPOS="784" VPOS="1682" WIDTH="113" HEIGHT="62" CONTENT="»Ist" WC="0.97" CC="4602"/>
						<SP ID="P86_SP00105" HPOS="897" VPOS="1744" WIDTH="33"/>
						<String ID="P86_ST00120" HPOS="930" VPOS="1682" WIDTH="84" HEIGHT="62" CONTENT="dir" WC="0.98" CC="040"/>
						<SP ID="P86_SP00106" HPOS="1014" VPOS="1744" WIDTH="33"/>
						<String ID="P86_ST00121" HPOS="1047" VPOS="1683" WIDTH="214" HEIGHT="80" CONTENT="Kepler" WC="0.98" CC="400705"/>
						<SP ID="P86_SP00107" HPOS="1261" VPOS="1763" WIDTH="144"/>
						<String ID="P86_ST00122" HPOS="1405" VPOS="1710" WIDTH="69" HEIGHT="38" CONTENT="so" WC="0.88" CC="02"/>
						<SP ID="P86_SP00108" HPOS="1474" VPOS="1763" WIDTH="40"/>
						<String ID="P86_ST00123" HPOS="1514" VPOS="1686" WIDTH="214" HEIGHT="62" CONTENT="wert?«" WC="0.99" CC="066000"/>
						<SP ID="P86_SP00109" HPOS="1728" VPOS="1763" WIDTH="45"/>
						<String ID="P86_ST00124" HPOS="1773" VPOS="1687" WIDTH="323" HEIGHT="62" CONTENT="stammelte" WC="0.99" CC="000002750"/>
						<SP ID="P86_SP00110" HPOS="2096" VPOS="1763" WIDTH="34"/>
						<String ID="P86_ST00125" HPOS="2130" VPOS="1687" WIDTH="300" HEIGHT="65" CONTENT="Elisabeth" WC="0.99" CC="004007440"/>
						<SP ID="P86_SP00111" HPOS="2430" VPOS="1763" WIDTH="37"/>
						<String ID="P86_ST00126" HPOS="2467" VPOS="1706" WIDTH="258" HEIGHT="57" CONTENT="entsetzt," WC="0.98" CC="606063644"/>
						<SP ID="P86_SP00112" HPOS="2725" VPOS="1763" WIDTH="35"/>
						<String ID="P86_ST00127" HPOS="2760" VPOS="1690" WIDTH="244" HEIGHT="64" CONTENT="beinahe" WC="0.99" CC="7060400"/>
					</TextLine>
					<TextLine ID="P86_TL00015" HPOS="701" VPOS="1778" WIDTH="1517" HEIGHT="74">
						<String ID="P86_ST00128" HPOS="701" VPOS="1778" WIDTH="279" HEIGHT="74" CONTENT="weinend," WC="0.98" CC="05363503"/>
						<SP ID="P86_SP00113" HPOS="980" VPOS="1852" WIDTH="45"/>
						<String ID="P86_ST00129" HPOS="1025" VPOS="1780" WIDTH="189" HEIGHT="62" CONTENT="indem" WC="0.99" CC="30050"/>
						<SP ID="P86_SP00114" HPOS="1214" VPOS="1852" WIDTH="44"/>
						<String ID="P86_ST00130" HPOS="1258" VPOS="1789" WIDTH="80" HEIGHT="54" CONTENT="sie" WC="0.99" CC="020"/>
						<SP ID="P86_SP00115" HPOS="1338" VPOS="1852" WIDTH="43"/>
						<String ID="P86_ST00131" HPOS="1381" VPOS="1781" WIDTH="110" HEIGHT="62" CONTENT="den" WC="1.00" CC="000"/>
						<SP ID="P86_SP00116" HPOS="1491" VPOS="1852" WIDTH="44"/>
						<String ID="P86_ST00132" HPOS="1535" VPOS="1781" WIDTH="191" HEIGHT="65" CONTENT="Vater" WC="0.98" CC="01256"/>
						<SP ID="P86_SP00117" HPOS="1726" VPOS="1852" WIDTH="42"/>
						<String ID="P86_ST00133" HPOS="1768" VPOS="1782" WIDTH="450" HEIGHT="65" CONTENT="umklammerte." WC="0.99" CC="400700006404"/>
					</TextLine>
					<TextLine ID="P86_TL00016" HPOS="784" VPOS="1874" WIDTH="2220" HEIGHT="86">
						<String ID="P86_ST00134" HPOS="784" VPOS="1874" WIDTH="269" HEIGHT="81" CONTENT="»Kepler!" WC="0.99" CC="40007050"/>
						<SP ID="P86_SP00118" HPOS="1053" VPOS="1955" WIDTH="60"/>
						<String ID="P86_ST00135" HPOS="1113" VPOS="1876" WIDTH="103" HEIGHT="63" CONTENT="Ob" WC="0.63" CC="07"/>
						<SP ID="P86_SP00119" HPOS="1216" VPOS="1955" WIDTH="58"/>
						<String ID="P86_ST00136" HPOS="1274" VPOS="1878" WIDTH="217" HEIGHT="78" CONTENT="Kepler" WC="0.99" CC="000056"/>
						<SP ID="P86_SP00120" HPOS="1491" VPOS="1956" WIDTH="28"/>
						<String ID="P86_ST00137" HPOS="1519" VPOS="1928" WIDTH="10" HEIGHT="13" CONTENT="." WC="0.59" CC="4"/>
						<SP ID="P86_SP00121" HPOS="1529" VPOS="1956" WIDTH="35"/>
						<String ID="P86_ST00138" HPOS="1564" VPOS="1931" WIDTH="11" HEIGHT="11" CONTENT="," WC="0.61" CC="3"/>
						<SP ID="P86_SP00122" HPOS="1575" VPOS="1956" WIDTH="31"/>
						<String ID="P86_ST00139" HPOS="1606" VPOS="1905" WIDTH="48" HEIGHT="36" CONTENT=",«" WC="0.69" CC="32"/>
						<SP ID="P86_SP00123" HPOS="1654" VPOS="1956" WIDTH="61"/>
						<String ID="P86_ST00140" HPOS="1715" VPOS="1875" WIDTH="203" HEIGHT="85" CONTENT="Tycho" WC="0.46" CC="66075"/>
						<SP ID="P86_SP00124" HPOS="1918" VPOS="1960" WIDTH="58"/>
						<String ID="P86_ST00141" HPOS="1976" VPOS="1881" WIDTH="172" HEIGHT="63" CONTENT="schrie" WC="0.98" CC="007660"/>
						<SP ID="P86_SP00125" HPOS="2148" VPOS="1960" WIDTH="51"/>
						<String ID="P86_ST00142" HPOS="2199" VPOS="1881" WIDTH="120" HEIGHT="64" CONTENT="laut" WC="0.96" CC="7063"/>
						<SP ID="P86_SP00126" HPOS="2319" VPOS="1960" WIDTH="50"/>
						<String ID="P86_ST00143" HPOS="2369" VPOS="1883" WIDTH="108" HEIGHT="62" CONTENT="auf" WC="0.96" CC="045"/>
						<SP ID="P86_SP00127" HPOS="2477" VPOS="1960" WIDTH="49"/>
						<String ID="P86_ST00144" HPOS="2526" VPOS="1881" WIDTH="121" HEIGHT="64" CONTENT="und" WC="0.97" CC="700"/>
						<SP ID="P86_SP00128" HPOS="2647" VPOS="1960" WIDTH="50"/>
						<String ID="P86_ST00145" HPOS="2697" VPOS="1884" WIDTH="143" HEIGHT="62" CONTENT="stieß" WC="0.98" CC="00625"/>
						<SP ID="P86_SP00129" HPOS="2840" VPOS="1960" WIDTH="59"/>
						<String ID="P86_ST00146" HPOS="2899" VPOS="1884" WIDTH="105" HEIGHT="65" CONTENT="das" WC="1.00" CC="000"/>
					</TextLine>
					<TextLine ID="P86_TL00017" HPOS="700" VPOS="1972" WIDTH="2303" HEIGHT="87">
						<String ID="P86_ST00147" HPOS="700" VPOS="1972" WIDTH="286" HEIGHT="62" CONTENT="Mädchen" WC="0.99" CC="2000750"/>
						<SP ID="P86_SP00130" HPOS="986" VPOS="2034" WIDTH="43"/>
						<String ID="P86_ST00148" HPOS="1029" VPOS="1983" WIDTH="99" HEIGHT="52" CONTENT="mit" WC="0.96" CC="054"/>
						<SP ID="P86_SP00131" HPOS="1128" VPOS="2035" WIDTH="42"/>
						<String ID="P86_ST00149" HPOS="1170" VPOS="1984" WIDTH="155" HEIGHT="52" CONTENT="einer" WC="0.99" CC="01005"/>
						<SP ID="P86_SP00132" HPOS="1325" VPOS="2036" WIDTH="41"/>
						<String ID="P86_ST00150" HPOS="1366" VPOS="1984" WIDTH="273" HEIGHT="71" CONTENT="zornigen" WC="0.99" CC="05554060"/>
						<SP ID="P86_SP00133" HPOS="1639" VPOS="2055" WIDTH="38"/>
						<String ID="P86_ST00151" HPOS="1677" VPOS="1977" WIDTH="335" HEIGHT="80" CONTENT="Bewegung" WC="0.99" CC="00050560"/>
						<SP ID="P86_SP00134" HPOS="2012" VPOS="2057" WIDTH="33"/>
						<String ID="P86_ST00152" HPOS="2045" VPOS="2003" WIDTH="118" HEIGHT="38" CONTENT="von" WC="1.00" CC="000"/>
						<SP ID="P86_SP00135" HPOS="2163" VPOS="2057" WIDTH="36"/>
						<String ID="P86_ST00153" HPOS="2199" VPOS="1979" WIDTH="131" HEIGHT="62" CONTENT="sich;" WC="0.98" CC="03077"/>
						<SP ID="P86_SP00136" HPOS="2330" VPOS="2057" WIDTH="47"/>
						<String ID="P86_ST00154" HPOS="2377" VPOS="1979" WIDTH="115" HEIGHT="80" CONTENT="»Ja," WC="0.98" CC="3304"/>
						<SP ID="P86_SP00137" HPOS="2492" VPOS="2059" WIDTH="36"/>
						<String ID="P86_ST00155" HPOS="2528" VPOS="1982" WIDTH="172" HEIGHT="62" CONTENT="weißt" WC="0.99" CC="00115"/>
						<SP ID="P86_SP00138" HPOS="2700" VPOS="2059" WIDTH="35"/>
						<String ID="P86_ST00156" HPOS="2735" VPOS="1980" WIDTH="78" HEIGHT="63" CONTENT="du" WC="0.73" CC="05"/>
						<SP ID="P86_SP00139" HPOS="2813" VPOS="2059" WIDTH="39"/>
						<String ID="P86_ST00157" HPOS="2852" VPOS="1982" WIDTH="151" HEIGHT="63" CONTENT="denn" WC="0.99" CC="0400"/>
					</TextLine>
					<TextLine ID="P86_TL00018" HPOS="699" VPOS="2069" WIDTH="2305" HEIGHT="82">
						<String ID="P86_ST00158" HPOS="699" VPOS="2069" WIDTH="165" HEIGHT="74" CONTENT="nicht," WC="0.98" CC="040744"/>
						<SP ID="P86_SP00140" HPOS="864" VPOS="2143" WIDTH="52"/>
						<String ID="P86_ST00159" HPOS="916" VPOS="2093" WIDTH="121" HEIGHT="40" CONTENT="wer" WC="0.97" CC="007"/>
						<SP ID="P86_SP00141" HPOS="1037" VPOS="2143" WIDTH="48"/>
						<String ID="P86_ST00160" HPOS="1085" VPOS="2071" WIDTH="218" HEIGHT="80" CONTENT="Kepler" WC="0.98" CC="040656"/>
						<SP ID="P86_SP00142" HPOS="1303" VPOS="2151" WIDTH="50"/>
						<String ID="P86_ST00161" HPOS="1353" VPOS="2072" WIDTH="104" HEIGHT="62" CONTENT="ist?" WC="0.99" CC="4000"/>
						<SP ID="P86_SP00143" HPOS="1457" VPOS="2151" WIDTH="50"/>
						<String ID="P86_ST00162" HPOS="1507" VPOS="2073" WIDTH="242" HEIGHT="64" CONTENT="Schläfst" WC="0.99" CC="50760403"/>
						<SP ID="P86_SP00144" HPOS="1749" VPOS="2151" WIDTH="51"/>
						<String ID="P86_ST00163" HPOS="1800" VPOS="2074" WIDTH="80" HEIGHT="63" CONTENT="du" WC="1.00" CC="00"/>
						<SP ID="P86_SP00145" HPOS="1880" VPOS="2151" WIDTH="51"/>
						<String ID="P86_ST00164" HPOS="1931" VPOS="2074" WIDTH="156" HEIGHT="63" CONTENT="denn" WC="0.99" CC="0030"/>
						<SP ID="P86_SP00146" HPOS="2087" VPOS="2151" WIDTH="51"/>
						<String ID="P86_ST00165" HPOS="2138" VPOS="2076" WIDTH="160" HEIGHT="73" CONTENT="noch," WC="0.98" CC="64004"/>
						<SP ID="P86_SP00147" HPOS="2298" VPOS="2151" WIDTH="42"/>
						<String ID="P86_ST00166" HPOS="2340" VPOS="2076" WIDTH="191" HEIGHT="63" CONTENT="schlaft" WC="0.99" CC="0006062"/>
						<SP ID="P86_SP00148" HPOS="2531" VPOS="2151" WIDTH="42"/>
						<String ID="P86_ST00167" HPOS="2573" VPOS="2077" WIDTH="85" HEIGHT="62" CONTENT="ihr" WC="0.95" CC="067"/>
						<SP ID="P86_SP00149" HPOS="2658" VPOS="2151" WIDTH="42"/>
						<String ID="P86_ST00168" HPOS="2700" VPOS="2077" WIDTH="152" HEIGHT="63" CONTENT="denn" WC="0.99" CC="0006"/>
						<SP ID="P86_SP00150" HPOS="2852" VPOS="2151" WIDTH="44"/>
						<String ID="P86_ST00169" HPOS="2896" VPOS="2077" WIDTH="108" HEIGHT="65" CONTENT="alle" WC="1.00" CC="0000"/>
					</TextLine>
					<TextLine ID="P86_TL00019" HPOS="699" VPOS="2167" WIDTH="2302" HEIGHT="84">
						<String ID="P86_ST00170" HPOS="699" VPOS="2173" WIDTH="150" HEIGHT="72" CONTENT="rings" WC="0.98" CC="70400"/>
						<SP ID="P86_SP00151" HPOS="849" VPOS="2245" WIDTH="34"/>
						<String ID="P86_ST00171" HPOS="883" VPOS="2190" WIDTH="97" HEIGHT="38" CONTENT="um" WC="0.69" CC="60"/>
						<SP ID="P86_SP00152" HPOS="980" VPOS="2245" WIDTH="35"/>
						<String ID="P86_ST00172" HPOS="1015" VPOS="2167" WIDTH="139" HEIGHT="61" CONTENT="mich" WC="0.98" CC="0407"/>
						<SP ID="P86_SP00153" HPOS="1154" VPOS="2245" WIDTH="34"/>
						<String ID="P86_ST00173" HPOS="1188" VPOS="2167" WIDTH="120" HEIGHT="62" CONTENT="und" WC="1.00" CC="000"/>
						<SP ID="P86_SP00154" HPOS="1308" VPOS="2245" WIDTH="33"/>
						<String ID="P86_ST00174" HPOS="1341" VPOS="2168" WIDTH="197" HEIGHT="64" CONTENT="nehmt" WC="1.00" CC="00000"/>
						<SP ID="P86_SP00155" HPOS="1538" VPOS="2245" WIDTH="35"/>
						<String ID="P86_ST00175" HPOS="1573" VPOS="2171" WIDTH="143" HEIGHT="61" CONTENT="nicht" WC="0.98" CC="63005"/>
						<SP ID="P86_SP00156" HPOS="1716" VPOS="2245" WIDTH="45"/>
						<String ID="P86_ST00176" HPOS="1761" VPOS="2171" WIDTH="110" HEIGHT="62" CONTENT="den" WC="1.00" CC="000"/>
						<SP ID="P86_SP00157" HPOS="1871" VPOS="2245" WIDTH="36"/>
						<String ID="P86_ST00177" HPOS="1907" VPOS="2181" WIDTH="323" HEIGHT="70" CONTENT="geringsten" WC="0.99" CC="9064000100"/>
						<SP ID="P86_SP00158" HPOS="2230" VPOS="2251" WIDTH="36"/>
						<String ID="P86_ST00178" HPOS="2266" VPOS="2172" WIDTH="439" HEIGHT="64" CONTENT="Herzensanteil" WC="1.00" CC="2077030004003"/>
						<SP ID="P86_SP00159" HPOS="2705" VPOS="2251" WIDTH="37"/>
						<String ID="P86_ST00179" HPOS="2742" VPOS="2198" WIDTH="73" HEIGHT="38" CONTENT="an" WC="0.91" CC="01"/>
						<SP ID="P86_SP00160" HPOS="2815" VPOS="2251" WIDTH="37"/>
						<String ID="P86_ST00180" HPOS="2852" VPOS="2175" WIDTH="149" HEIGHT="72" CONTENT="dem," WC="0.99" CC="0004"/>
					</TextLine>
					<TextLine ID="P86_TL00020" HPOS="696" VPOS="2265" WIDTH="2308" HEIGHT="85">
						<String ID="P86_ST00181" HPOS="696" VPOS="2286" WIDTH="125" HEIGHT="39" CONTENT="was" WC="0.98" CC="060"/>
						<SP ID="P86_SP00161" HPOS="821" VPOS="2325" WIDTH="42"/>
						<String ID="P86_ST00182" HPOS="863" VPOS="2265" WIDTH="77" HEIGHT="60" CONTENT="ich" WC="0.95" CC="507"/>
						<SP ID="P86_SP00162" HPOS="940" VPOS="2325" WIDTH="45"/>
						<String ID="P86_ST00183" HPOS="985" VPOS="2265" WIDTH="237" HEIGHT="62" CONTENT="ersehne" WC="0.99" CC="0504000"/>
						<SP ID="P86_SP00163" HPOS="1222" VPOS="2327" WIDTH="42"/>
						<String ID="P86_ST00184" HPOS="1264" VPOS="2265" WIDTH="123" HEIGHT="62" CONTENT="und" WC="0.97" CC="620"/>
						<SP ID="P86_SP00164" HPOS="1387" VPOS="2327" WIDTH="43"/>
						<String ID="P86_ST00185" HPOS="1430" VPOS="2266" WIDTH="310" HEIGHT="64" CONTENT="erarbeite?" WC="0.99" CC="0602704300"/>
						<SP ID="P86_SP00165" HPOS="1740" VPOS="2330" WIDTH="144"/>
						<String ID="P86_ST00186" HPOS="1884" VPOS="2267" WIDTH="170" HEIGHT="74" CONTENT="Nun," WC="0.97" CC="5314"/>
						<SP ID="P86_SP00166" HPOS="2054" VPOS="2341" WIDTH="46"/>
						<String ID="P86_ST00187" HPOS="2100" VPOS="2293" WIDTH="139" HEIGHT="48" CONTENT="nun," WC="0.98" CC="0404"/>
						<SP ID="P86_SP00167" HPOS="2239" VPOS="2341" WIDTH="42"/>
						<String ID="P86_ST00188" HPOS="2281" VPOS="2294" WIDTH="110" HEIGHT="38" CONTENT="nur" WC="0.96" CC="056"/>
						<SP ID="P86_SP00168" HPOS="2391" VPOS="2341" WIDTH="40"/>
						<String ID="P86_ST00189" HPOS="2431" VPOS="2270" WIDTH="177" HEIGHT="80" CONTENT="ruhig." WC="0.98" CC="037604"/>
						<SP ID="P86_SP00169" HPOS="2608" VPOS="2350" WIDTH="43"/>
						<String ID="P86_ST00190" HPOS="2651" VPOS="2271" WIDTH="178" HEIGHT="62" CONTENT="Mußt" WC="0.99" CC="2003"/>
						<SP ID="P86_SP00170" HPOS="2829" VPOS="2350" WIDTH="33"/>
						<String ID="P86_ST00191" HPOS="2862" VPOS="2271" WIDTH="142" HEIGHT="62" CONTENT="nicht" WC="0.98" CC="03075"/>
					</TextLine>
					<TextLine ID="P86_TL00021" HPOS="694" VPOS="2360" WIDTH="2310" HEIGHT="87">
						<String ID="P86_ST00192" HPOS="694" VPOS="2361" WIDTH="246" HEIGHT="61" CONTENT="weinen!" WC="0.99" CC="0540000"/>
						<SP ID="P86_SP00171" HPOS="940" VPOS="2422" WIDTH="45"/>
						<String ID="P86_ST00193" HPOS="985" VPOS="2360" WIDTH="83" HEIGHT="64" CONTENT="So" WC="0.79" CC="04"/>
						<SP ID="P86_SP00172" HPOS="1068" VPOS="2424" WIDTH="42"/>
						<String ID="P86_ST00194" HPOS="1110" VPOS="2370" WIDTH="70" HEIGHT="54" CONTENT="ist" WC="0.98" CC="500"/>
						<SP ID="P86_SP00173" HPOS="1180" VPOS="2424" WIDTH="42"/>
						<String ID="P86_ST00195" HPOS="1222" VPOS="2386" WIDTH="61" HEIGHT="38" CONTENT="es" WC="1.00" CC="00"/>
						<SP ID="P86_SP00174" HPOS="1283" VPOS="2424" WIDTH="43"/>
						<String ID="P86_ST00196" HPOS="1326" VPOS="2361" WIDTH="148" HEIGHT="63" CONTENT="eben" WC="0.98" CC="0700"/>
						<SP ID="P86_SP00175" HPOS="1474" VPOS="2424" WIDTH="44"/>
						<String ID="P86_ST00197" HPOS="1518" VPOS="2363" WIDTH="102" HEIGHT="62" CONTENT="der" WC="0.95" CC="065"/>
						<SP ID="P86_SP00176" HPOS="1620" VPOS="2425" WIDTH="42"/>
						<String ID="P86_ST00198" HPOS="1662" VPOS="2363" WIDTH="304" HEIGHT="73" CONTENT="Weltlauf," WC="0.98" CC="707273554"/>
						<SP ID="P86_SP00177" HPOS="1966" VPOS="2436" WIDTH="45"/>
						<String ID="P86_ST00199" HPOS="2011" VPOS="2365" WIDTH="105" HEIGHT="61" CONTENT="das" WC="0.99" CC="030"/>
						<SP ID="P86_SP00178" HPOS="2116" VPOS="2436" WIDTH="43"/>
						<String ID="P86_ST00200" HPOS="2159" VPOS="2364" WIDTH="149" HEIGHT="63" CONTENT="habe" WC="0.99" CC="6000"/>
						<SP ID="P86_SP00179" HPOS="2308" VPOS="2436" WIDTH="42"/>
						<String ID="P86_ST00201" HPOS="2350" VPOS="2365" WIDTH="79" HEIGHT="62" CONTENT="ich" WC="0.94" CC="707"/>
						<SP ID="P86_SP00180" HPOS="2429" VPOS="2436" WIDTH="40"/>
						<String ID="P86_ST00202" HPOS="2469" VPOS="2375" WIDTH="59" HEIGHT="69" CONTENT="ja" WC="0.63" CC="70"/>
						<SP ID="P86_SP00181" HPOS="2528" VPOS="2444" WIDTH="31"/>
						<String ID="P86_ST00203" HPOS="2559" VPOS="2391" WIDTH="317" HEIGHT="56" CONTENT="genugsam" WC="1.00" CC="00000000"/>
						<SP ID="P86_SP00182" HPOS="2876" VPOS="2447" WIDTH="35"/>
						<String ID="P86_ST00204" HPOS="2911" VPOS="2391" WIDTH="93" HEIGHT="38" CONTENT="er*" WC="0.96" CC="044"/>
					</TextLine>
					<TextLine ID="P86_TL00022" HPOS="698" VPOS="2454" WIDTH="2306" HEIGHT="89">
						<String ID="P86_ST00205" HPOS="698" VPOS="2454" WIDTH="213" HEIGHT="65" CONTENT="fahren." WC="0.98" CC="5275064"/>
						<SP ID="P86_SP00183" HPOS="911" VPOS="2519" WIDTH="44"/>
						<String ID="P86_ST00206" HPOS="955" VPOS="2457" WIDTH="163" HEIGHT="80" CONTENT="Jeder" WC="0.98" CC="25007"/>
						<SP ID="P86_SP00184" HPOS="1118" VPOS="2537" WIDTH="42"/>
						<String ID="P86_ST00207" HPOS="1160" VPOS="2458" WIDTH="98" HEIGHT="62" CONTENT="hat" WC="1.00" CC="000"/>
						<SP ID="P86_SP00185" HPOS="1258" VPOS="2537" WIDTH="42"/>
						<String ID="P86_ST00208" HPOS="1300" VPOS="2483" WIDTH="110" HEIGHT="38" CONTENT="nur" WC="0.96" CC="074"/>
						<SP ID="P86_SP00186" HPOS="1410" VPOS="2537" WIDTH="42"/>
						<String ID="P86_ST00209" HPOS="1452" VPOS="2459" WIDTH="90" HEIGHT="62" CONTENT="für" WC="0.95" CC="606"/>
						<SP ID="P86_SP00187" HPOS="1542" VPOS="2537" WIDTH="34"/>
						<String ID="P86_ST00210" HPOS="1576" VPOS="2469" WIDTH="196" HEIGHT="52" CONTENT="seinen" WC="0.98" CC="033444"/>
						<SP ID="P86_SP00188" HPOS="1772" VPOS="2537" WIDTH="36"/>
						<String ID="P86_ST00211" HPOS="1808" VPOS="2469" WIDTH="236" HEIGHT="71" CONTENT="eigenen" WC="1.00" CC="0300000"/>
						<SP ID="P86_SP00189" HPOS="2044" VPOS="2540" WIDTH="28"/>
						<String ID="P86_ST00212" HPOS="2072" VPOS="2460" WIDTH="161" HEIGHT="82" CONTENT="Weg" WC="1.00" CC="000"/>
						<SP ID="P86_SP00190" HPOS="2233" VPOS="2542" WIDTH="33"/>
						<String ID="P86_ST00213" HPOS="2266" VPOS="2462" WIDTH="90" HEIGHT="62" CONTENT="die" WC="1.00" CC="000"/>
						<SP ID="P86_SP00191" HPOS="2356" VPOS="2542" WIDTH="36"/>
						<String ID="P86_ST00214" HPOS="2392" VPOS="2462" WIDTH="217" HEIGHT="81" CONTENT="Augen" WC="0.97" CC="07065"/>
						<SP ID="P86_SP00192" HPOS="2609" VPOS="2543" WIDTH="44"/>
						<String ID="P86_ST00215" HPOS="2653" VPOS="2464" WIDTH="173" HEIGHT="64" CONTENT="offen." WC="0.99" CC="500504"/>
						<SP ID="P86_SP00193" HPOS="2826" VPOS="2543" WIDTH="46"/>
						<String ID="P86_ST00216" HPOS="2872" VPOS="2464" WIDTH="132" HEIGHT="61" CONTENT="Da*" WC="0.97" CC="044"/>
					</TextLine>
					<TextLine ID="P86_TL00023" HPOS="695" VPOS="2553" WIDTH="2308" HEIGHT="87">
						<String ID="P86_ST00217" HPOS="695" VPOS="2561" WIDTH="99" HEIGHT="54" CONTENT="mit" WC="0.96" CC="054"/>
						<SP ID="P86_SP00194" HPOS="794" VPOS="2615" WIDTH="47"/>
						<String ID="P86_ST00218" HPOS="841" VPOS="2553" WIDTH="78" HEIGHT="62" CONTENT="du" WC="0.68" CC="06"/>
						<SP ID="P86_SP00195" HPOS="919" VPOS="2615" WIDTH="41"/>
						<String ID="P86_ST00219" HPOS="960" VPOS="2579" WIDTH="61" HEIGHT="38" CONTENT="es" WC="0.80" CC="40"/>
						<SP ID="P86_SP00196" HPOS="1021" VPOS="2617" WIDTH="33"/>
						<String ID="P86_ST00220" HPOS="1054" VPOS="2580" WIDTH="119" HEIGHT="37" CONTENT="nun" WC="0.97" CC="600"/>
						<SP ID="P86_SP00197" HPOS="1173" VPOS="2617" WIDTH="38"/>
						<String ID="P86_ST00221" HPOS="1211" VPOS="2556" WIDTH="139" HEIGHT="63" CONTENT="aber" WC="0.97" CC="0706"/>
						<SP ID="P86_SP00198" HPOS="1350" VPOS="2619" WIDTH="32"/>
						<String ID="P86_ST00222" HPOS="1382" VPOS="2557" WIDTH="175" HEIGHT="62" CONTENT="weißt" WC="1.00" CC="00004"/>
						<SP ID="P86_SP00199" HPOS="1557" VPOS="2619" WIDTH="33"/>
						<String ID="P86_ST00223" HPOS="1590" VPOS="2557" WIDTH="121" HEIGHT="62" CONTENT="und" WC="0.94" CC="690"/>
						<SP ID="P86_SP00200" HPOS="1711" VPOS="2619" WIDTH="34"/>
						<String ID="P86_ST00224" HPOS="1745" VPOS="2557" WIDTH="85" HEIGHT="62" CONTENT="dir" WC="0.97" CC="026"/>
						<SP ID="P86_SP00201" HPOS="1830" VPOS="2619" WIDTH="33"/>
						<String ID="P86_ST00225" HPOS="1863" VPOS="2557" WIDTH="92" HEIGHT="64" CONTENT="für" WC="0.98" CC="004"/>
						<SP ID="P86_SP00202" HPOS="1955" VPOS="2621" WIDTH="33"/>
						<String ID="P86_ST00226" HPOS="1988" VPOS="2566" WIDTH="199" HEIGHT="56" CONTENT="immer" WC="0.98" CC="50006"/>
						<SP ID="P86_SP00203" HPOS="2187" VPOS="2622" WIDTH="32"/>
						<String ID="P86_ST00227" HPOS="2219" VPOS="2558" WIDTH="235" HEIGHT="65" CONTENT="merkst:" WC="0.99" CC="0050024"/>
						<SP ID="P86_SP00204" HPOS="2454" VPOS="2623" WIDTH="44"/>
						<String ID="P86_ST00228" HPOS="2498" VPOS="2561" WIDTH="216" HEIGHT="79" CONTENT="Kepler" WC="0.99" CC="000006"/>
						<SP ID="P86_SP00205" HPOS="2714" VPOS="2640" WIDTH="32"/>
						<String ID="P86_ST00229" HPOS="2746" VPOS="2570" WIDTH="70" HEIGHT="53" CONTENT="ist" WC="0.95" CC="606"/>
						<SP ID="P86_SP00206" HPOS="2816" VPOS="2640" WIDTH="33"/>
						<String ID="P86_ST00230" HPOS="2849" VPOS="2570" WIDTH="154" HEIGHT="68" CONTENT="jetzt," WC="0.97" CC="761623"/>
					</TextLine>
					<TextLine ID="P86_TL00024" HPOS="694" VPOS="2651" WIDTH="2305" HEIGHT="86">
						<String ID="P86_ST00231" HPOS="694" VPOS="2659" WIDTH="100" HEIGHT="53" CONTENT="mit" WC="0.97" CC="024"/>
						<SP ID="P86_SP00207" HPOS="794" VPOS="2712" WIDTH="42"/>
						<String ID="P86_ST00232" HPOS="836" VPOS="2660" WIDTH="183" HEIGHT="53" CONTENT="einem" WC="0.98" CC="05050"/>
						<SP ID="P86_SP00208" HPOS="1019" VPOS="2713" WIDTH="27"/>
						<String ID="P86_ST00233" HPOS="1046" VPOS="2651" WIDTH="198" HEIGHT="76" CONTENT="Wort," WC="0.98" CC="00734"/>
						<SP ID="P86_SP00209" HPOS="1244" VPOS="2727" WIDTH="44"/>
						<String ID="P86_ST00234" HPOS="1288" VPOS="2654" WIDTH="103" HEIGHT="62" CONTENT="der" WC="0.95" CC="057"/>
						<SP ID="P86_SP00210" HPOS="1391" VPOS="2727" WIDTH="33"/>
						<String ID="P86_ST00235" HPOS="1424" VPOS="2654" WIDTH="307" HEIGHT="80" CONTENT="wichtigste" WC="0.99" CC="0007460060"/>
						<SP ID="P86_SP00211" HPOS="1731" VPOS="2734" WIDTH="35"/>
						<String ID="P86_ST00236" HPOS="1766" VPOS="2654" WIDTH="241" HEIGHT="63" CONTENT="Mensch" WC="0.99" CC="000007"/>
						<SP ID="P86_SP00212" HPOS="2007" VPOS="2734" WIDTH="44"/>
						<String ID="P86_ST00237" HPOS="2051" VPOS="2656" WIDTH="91" HEIGHT="62" CONTENT="für" WC="0.96" CC="406"/>
						<SP ID="P86_SP00213" HPOS="2142" VPOS="2734" WIDTH="34"/>
						<String ID="P86_ST00238" HPOS="2176" VPOS="2657" WIDTH="138" HEIGHT="63" CONTENT="mich" WC="0.99" CC="0400"/>
						<SP ID="P86_SP00214" HPOS="2314" VPOS="2734" WIDTH="37"/>
						<String ID="P86_ST00239" HPOS="2351" VPOS="2667" WIDTH="56" HEIGHT="53" CONTENT="in" WC="0.78" CC="40"/>
						<SP ID="P86_SP00215" HPOS="2407" VPOS="2734" WIDTH="36"/>
						<String ID="P86_ST00240" HPOS="2443" VPOS="2657" WIDTH="100" HEIGHT="63" CONTENT="der" WC="0.98" CC="006"/>
						<SP ID="P86_SP00216" HPOS="2543" VPOS="2734" WIDTH="33"/>
						<String ID="P86_ST00241" HPOS="2576" VPOS="2681" WIDTH="223" HEIGHT="56" CONTENT="ganzen" WC="0.98" CC="045640"/>
						<SP ID="P86_SP00217" HPOS="2799" VPOS="2737" WIDTH="27"/>
						<String ID="P86_ST00242" HPOS="2826" VPOS="2659" WIDTH="173" HEIGHT="62" CONTENT="Welt." WC="0.99" CC="00404"/>
					</TextLine>
					<TextLine ID="P86_TL00025" HPOS="694" VPOS="2746" WIDTH="2309" HEIGHT="89">
						<String ID="P86_ST00243" HPOS="694" VPOS="2746" WIDTH="115" HEIGHT="64" CONTENT="Ein" WC="0.97" CC="520"/>
						<SP ID="P86_SP00218" HPOS="809" VPOS="2810" WIDTH="45"/>
						<String ID="P86_ST00244" HPOS="854" VPOS="2749" WIDTH="192" HEIGHT="62" CONTENT="Mann" WC="0.99" CC="0060"/>
						<SP ID="P86_SP00219" HPOS="1046" VPOS="2811" WIDTH="43"/>
						<String ID="P86_ST00245" HPOS="1089" VPOS="2773" WIDTH="119" HEIGHT="39" CONTENT="von" WC="0.98" CC="050"/>
						<SP ID="P86_SP00220" HPOS="1208" VPOS="2812" WIDTH="43"/>
						<String ID="P86_ST00246" HPOS="1251" VPOS="2773" WIDTH="151" HEIGHT="57" CONTENT="ganz" WC="0.99" CC="0006"/>
						<SP ID="P86_SP00221" HPOS="1402" VPOS="2830" WIDTH="44"/>
						<String ID="P86_ST00247" HPOS="1446" VPOS="2753" WIDTH="456" HEIGHT="73" CONTENT="umstürzender," WC="0.99" CC="6006065000054"/>
						<SP ID="P86_SP00222" HPOS="1902" VPOS="2830" WIDTH="41"/>
						<String ID="P86_ST00248" HPOS="1943" VPOS="2751" WIDTH="434" HEIGHT="83" CONTENT="selbständiger," WC="1.00" CC="05070000070064"/>
						<SP ID="P86_SP00223" HPOS="2377" VPOS="2834" WIDTH="43"/>
						<String ID="P86_ST00249" HPOS="2420" VPOS="2754" WIDTH="245" HEIGHT="63" CONTENT="beinahe" WC="0.99" CC="0341160"/>
						<SP ID="P86_SP00224" HPOS="2665" VPOS="2834" WIDTH="40"/>
						<String ID="P86_ST00250" HPOS="2705" VPOS="2756" WIDTH="298" HEIGHT="79" CONTENT="propheti*" WC="0.86" CC="032000204"/>
					</TextLine>
					<TextLine ID="P86_TL00026" HPOS="694" VPOS="2844" WIDTH="2309" HEIGHT="88">
						<String ID="P86_ST00251" HPOS="694" VPOS="2844" WIDTH="151" HEIGHT="62" CONTENT="scher" WC="0.98" CC="00705"/>
						<SP ID="P86_SP00225" HPOS="845" VPOS="2906" WIDTH="34"/>
						<String ID="P86_ST00252" HPOS="879" VPOS="2845" WIDTH="290" HEIGHT="74" CONTENT="Denkart,-" WC="0.99" CC="006006544"/>
						<SP ID="P86_SP00226" HPOS="1169" VPOS="2919" WIDTH="40"/>
						<String ID="P86_ST00253" HPOS="1209" VPOS="2848" WIDTH="122" HEIGHT="61" CONTENT="und" WC="0.95" CC="570"/>
						<SP ID="P86_SP00227" HPOS="1331" VPOS="2919" WIDTH="42"/>
						<String ID="P86_ST00254" HPOS="1373" VPOS="2872" WIDTH="118" HEIGHT="37" CONTENT="nun" WC="0.98" CC="060"/>
						<SP ID="P86_SP00228" HPOS="1491" VPOS="2919" WIDTH="44"/>
						<String ID="P86_ST00255" HPOS="1535" VPOS="2848" WIDTH="114" HEIGHT="61" CONTENT="will" WC="1.00" CC="0000"/>
						<SP ID="P86_SP00229" HPOS="1649" VPOS="2919" WIDTH="35"/>
						<String ID="P86_ST00256" HPOS="1684" VPOS="2872" WIDTH="61" HEIGHT="38" CONTENT="er" WC="0.38" CC="66"/>
						<SP ID="P86_SP00230" HPOS="1745" VPOS="2919" WIDTH="33"/>
						<String ID="P86_ST00257" HPOS="1778" VPOS="2849" WIDTH="108" HEIGHT="61" CONTENT="sich" WC="0.98" CC="0007"/>
						<SP ID="P86_SP00231" HPOS="1886" VPOS="2919" WIDTH="37"/>
						<String ID="P86_ST00258" HPOS="1923" VPOS="2868" WIDTH="167" HEIGHT="45" CONTENT="unter" WC="0.99" CC="00206"/>
						<SP ID="P86_SP00232" HPOS="2090" VPOS="2919" WIDTH="34"/>
						<String ID="P86_ST00259" HPOS="2124" VPOS="2859" WIDTH="187" HEIGHT="54" CONTENT="meine" WC="1.00" CC="00000"/>
						<SP ID="P86_SP00233" HPOS="2311" VPOS="2919" WIDTH="35"/>
						<String ID="P86_ST00260" HPOS="2346" VPOS="2850" WIDTH="210" HEIGHT="64" CONTENT="Obhut" WC="0.98" CC="07034"/>
						<SP ID="P86_SP00234" HPOS="2556" VPOS="2919" WIDTH="33"/>
						<String ID="P86_ST00261" HPOS="2589" VPOS="2852" WIDTH="276" HEIGHT="80" CONTENT="begeben," WC="0.99" CC="76007004"/>
						<SP ID="P86_SP00235" HPOS="2865" VPOS="2932" WIDTH="36"/>
						<String ID="P86_ST00262" HPOS="2901" VPOS="2862" WIDTH="102" HEIGHT="53" CONTENT="mit" WC="0.96" CC="055"/>
					</TextLine>
					<TextLine ID="P86_TL00027" HPOS="694" VPOS="2942" WIDTH="2306" HEIGHT="85">
						<String ID="P86_ST00263" HPOS="694" VPOS="2949" WIDTH="104" HEIGHT="54" CONTENT="mir" WC="0.96" CC="046"/>
						<SP ID="P86_SP00236" HPOS="798" VPOS="3003" WIDTH="41"/>
						<String ID="P86_ST00264" HPOS="839" VPOS="2942" WIDTH="320" HEIGHT="63" CONTENT="verbündet" WC="0.99" CC="077005000"/>
						<SP ID="P86_SP00237" HPOS="1159" VPOS="3005" WIDTH="42"/>
						<String ID="P86_ST00265" HPOS="1201" VPOS="2952" WIDTH="140" HEIGHT="65" CONTENT="sein," WC="0.99" CC="00004"/>
						<SP ID="P86_SP00238" HPOS="1341" VPOS="3017" WIDTH="53"/>
						<String ID="P86_ST00266" HPOS="1394" VPOS="2968" WIDTH="119" HEIGHT="39" CONTENT="von" WC="0.98" CC="005"/>
						<SP ID="P86_SP00239" HPOS="1513" VPOS="3017" WIDTH="44"/>
						<String ID="P86_ST00267" HPOS="1557" VPOS="2953" WIDTH="107" HEIGHT="54" CONTENT="mir" WC="0.95" CC="056"/>
						<SP ID="P86_SP00240" HPOS="1664" VPOS="3017" WIDTH="41"/>
						<String ID="P86_ST00268" HPOS="1705" VPOS="2946" WIDTH="213" HEIGHT="72" CONTENT="lernen," WC="0.99" CC="0250504"/>
						<SP ID="P86_SP00241" HPOS="1918" VPOS="3018" WIDTH="164"/>
						<String ID="P86_ST00269" HPOS="2082" VPOS="2947" WIDTH="215" HEIGHT="63" CONTENT="konnte" WC="0.99" CC="026000"/>
						<SP ID="P86_SP00242" HPOS="2297" VPOS="3018" WIDTH="41"/>
						<String ID="P86_ST00270" HPOS="2338" VPOS="2957" WIDTH="106" HEIGHT="52" CONTENT="mir" WC="0.96" CC="037"/>
						<SP ID="P86_SP00243" HPOS="2444" VPOS="3018" WIDTH="40"/>
						<String ID="P86_ST00271" HPOS="2484" VPOS="2948" WIDTH="141" HEIGHT="62" CONTENT="noch" WC="0.97" CC="7007"/>
						<SP ID="P86_SP00244" HPOS="2625" VPOS="3018" WIDTH="42"/>
						<String ID="P86_ST00272" HPOS="2667" VPOS="2949" WIDTH="200" HEIGHT="78" CONTENT="jemals" WC="0.99" CC="060070"/>
						<SP ID="P86_SP00245" HPOS="2867" VPOS="3027" WIDTH="43"/>
						<String ID="P86_ST00273" HPOS="2910" VPOS="2958" WIDTH="90" HEIGHT="54" CONTENT="ein" WC="0.97" CC="034"/>
					</TextLine>
					<TextLine ID="P86_TL00028" HPOS="694" VPOS="3038" WIDTH="2307" HEIGHT="84">
						<String ID="P86_ST00274" HPOS="694" VPOS="3038" WIDTH="263" HEIGHT="79" CONTENT="größeres" WC="0.99" CC="05050260"/>
						<SP ID="P86_SP00246" HPOS="957" VPOS="3117" WIDTH="37"/>
						<String ID="P86_ST00275" HPOS="994" VPOS="3038" WIDTH="185" HEIGHT="64" CONTENT="Glück" WC="0.99" CC="07000"/>
						<SP ID="P86_SP00247" HPOS="1179" VPOS="3117" WIDTH="34"/>
						<String ID="P86_ST00276" HPOS="1213" VPOS="3041" WIDTH="315" HEIGHT="62" CONTENT="zustoßen?" WC="0.99" CC="740510500"/>
						<SP ID="P86_SP00248" HPOS="1528" VPOS="3117" WIDTH="43"/>
						<String ID="P86_ST00277" HPOS="1571" VPOS="3041" WIDTH="89" HEIGHT="62" CONTENT="Er" WC="0.30" CC="76"/>
						<SP ID="P86_SP00249" HPOS="1660" VPOS="3117" WIDTH="41"/>
						<String ID="P86_ST00278" HPOS="1701" VPOS="3050" WIDTH="71" HEIGHT="54" CONTENT="ist" WC="0.97" CC="502"/>
						<SP ID="P86_SP00250" HPOS="1772" VPOS="3117" WIDTH="43"/>
						<String ID="P86_ST00279" HPOS="1815" VPOS="3042" WIDTH="101" HEIGHT="62" CONTENT="der" WC="0.98" CC="006"/>
						<SP ID="P86_SP00251" HPOS="1916" VPOS="3117" WIDTH="41"/>
						<String ID="P86_ST00280" HPOS="1957" VPOS="3052" WIDTH="235" HEIGHT="70" CONTENT="einzige," WC="0.98" CC="03665044"/>
						<SP ID="P86_SP00252" HPOS="2192" VPOS="3122" WIDTH="46"/>
						<String ID="P86_ST00281" HPOS="2238" VPOS="3069" WIDTH="75" HEIGHT="37" CONTENT="an" WC="1.00" CC="00"/>
						<SP ID="P86_SP00253" HPOS="2313" VPOS="3122" WIDTH="43"/>
						<String ID="P86_ST00282" HPOS="2356" VPOS="3045" WIDTH="111" HEIGHT="63" CONTENT="den" WC="1.00" CC="000"/>
						<SP ID="P86_SP00254" HPOS="2467" VPOS="3122" WIDTH="37"/>
						<String ID="P86_ST00283" HPOS="2504" VPOS="3046" WIDTH="77" HEIGHT="61" CONTENT="ich" WC="0.97" CC="007"/>
						<SP ID="P86_SP00255" HPOS="2581" VPOS="3122" WIDTH="36"/>
						<String ID="P86_ST00284" HPOS="2617" VPOS="3046" WIDTH="139" HEIGHT="62" CONTENT="noch" WC="0.98" CC="0007"/>
						<SP ID="P86_SP00256" HPOS="2756" VPOS="3122" WIDTH="37"/>
						<String ID="P86_ST00285" HPOS="2793" VPOS="3046" WIDTH="208" HEIGHT="62" CONTENT="einmal" WC="1.00" CC="000000"/>
					</TextLine>
					<TextLine ID="P86_TL00029" HPOS="694" VPOS="3137" WIDTH="2305" HEIGHT="80">
						<String ID="P86_ST00286" HPOS="694" VPOS="3144" WIDTH="183" HEIGHT="53" CONTENT="meine" WC="1.00" CC="00100"/>
						<SP ID="P86_SP00257" HPOS="877" VPOS="3197" WIDTH="25"/>
						<String ID="P86_ST00287" HPOS="902" VPOS="3160" WIDTH="183" HEIGHT="55" CONTENT="ganze" WC="0.97" CC="96060"/>
						<SP ID="P86_SP00258" HPOS="1085" VPOS="3215" WIDTH="25"/>
						<String ID="P86_ST00288" HPOS="1110" VPOS="3137" WIDTH="323" HEIGHT="80" CONTENT="Hoffnung," WC="0.99" CC="357630404"/>
						<SP ID="P86_SP00259" HPOS="1433" VPOS="3217" WIDTH="29"/>
						<String ID="P86_ST00289" HPOS="1462" VPOS="3146" WIDTH="149" HEIGHT="54" CONTENT="mein" WC="0.98" CC="0064"/>
						<SP ID="P86_SP00260" HPOS="1611" VPOS="3217" WIDTH="28"/>
						<String ID="P86_ST00290" HPOS="1639" VPOS="3139" WIDTH="288" HEIGHT="62" CONTENT="Forschen" WC="0.99" CC="30500760"/>
						<SP ID="P86_SP00261" HPOS="1927" VPOS="3217" WIDTH="28"/>
						<String ID="P86_ST00291" HPOS="1955" VPOS="3141" WIDTH="119" HEIGHT="61" CONTENT="und" WC="0.98" CC="600"/>
						<SP ID="P86_SP00262" HPOS="2074" VPOS="3217" WIDTH="28"/>
						<String ID="P86_ST00292" HPOS="2102" VPOS="3140" WIDTH="273" HEIGHT="75" CONTENT="Können," WC="1.00" CC="0000004"/>
						<SP ID="P86_SP00263" HPOS="2375" VPOS="3217" WIDTH="29"/>
						<String ID="P86_ST00293" HPOS="2404" VPOS="3151" WIDTH="152" HEIGHT="54" CONTENT="mein" WC="0.99" CC="0060"/>
						<SP ID="P86_SP00264" HPOS="2556" VPOS="3217" WIDTH="26"/>
						<String ID="P86_ST00294" HPOS="2582" VPOS="3142" WIDTH="162" HEIGHT="63" CONTENT="Herz" WC="0.97" CC="5006"/>
						<SP ID="P86_SP00265" HPOS="2744" VPOS="3217" WIDTH="34"/>
						<String ID="P86_ST00295" HPOS="2778" VPOS="3142" WIDTH="221" HEIGHT="64" CONTENT="wende." WC="0.99" CC="062004"/>
					</TextLine>
					<TextLine ID="P86_TL00030" HPOS="694" VPOS="3230" WIDTH="2307" HEIGHT="83">
						<String ID="P86_ST00296" HPOS="694" VPOS="3230" WIDTH="123" HEIGHT="62" CONTENT="Der" WC="0.96" CC="054"/>
						<SP ID="P86_SP00266" HPOS="817" VPOS="3292" WIDTH="39"/>
						<String ID="P86_ST00297" HPOS="856" VPOS="3231" WIDTH="168" HEIGHT="64" CONTENT="letzte" WC="0.99" CC="700610"/>
						<SP ID="P86_SP00267" HPOS="1024" VPOS="3295" WIDTH="42"/>
						<String ID="P86_ST00298" HPOS="1066" VPOS="3231" WIDTH="348" HEIGHT="82" CONTENT="Stützpunkt" WC="1.00" CC="0002604001"/>
						<SP ID="P86_SP00268" HPOS="1414" VPOS="3313" WIDTH="51"/>
						<String ID="P86_ST00299" HPOS="1465" VPOS="3244" WIDTH="216" HEIGHT="53" CONTENT="meines" WC="0.99" CC="042000"/>
						<SP ID="P86_SP00269" HPOS="1681" VPOS="3313" WIDTH="43"/>
						<String ID="P86_ST00300" HPOS="1724" VPOS="3235" WIDTH="242" HEIGHT="62" CONTENT="Lebens," WC="0.99" CC="0076003"/>
						<SP ID="P86_SP00270" HPOS="1966" VPOS="3313" WIDTH="54"/>
						<String ID="P86_ST00301" HPOS="2020" VPOS="3236" WIDTH="89" HEIGHT="61" CONTENT="Er" WC="0.35" CC="66"/>
						<SP ID="P86_SP00271" HPOS="2109" VPOS="3313" WIDTH="49"/>
						<String ID="P86_ST00302" HPOS="2158" VPOS="3245" WIDTH="71" HEIGHT="54" CONTENT="ist" WC="0.98" CC="400"/>
						<SP ID="P86_SP00272" HPOS="2229" VPOS="3313" WIDTH="42"/>
						<String ID="P86_ST00303" HPOS="2271" VPOS="3247" WIDTH="151" HEIGHT="52" CONTENT="mein" WC="1.00" CC="0000"/>
						<SP ID="P86_SP00273" HPOS="2422" VPOS="3313" WIDTH="43"/>
						<String ID="P86_ST00304" HPOS="2465" VPOS="3238" WIDTH="365" HEIGHT="62" CONTENT="Mitarbeiter" WC="0.99" CC="03062000154"/>
						<SP ID="P86_SP00274" HPOS="2830" VPOS="3313" WIDTH="49"/>
						<String ID="P86_ST00305" HPOS="2879" VPOS="3239" WIDTH="122" HEIGHT="62" CONTENT="und" WC="0.95" CC="039"/>
					</TextLine>
					<TextLine ID="P86_TL00031" HPOS="694" VPOS="3327" WIDTH="2306" HEIGHT="77">
						<String ID="P86_ST00306" HPOS="694" VPOS="3327" WIDTH="124" HEIGHT="62" CONTENT="kein" WC="0.98" CC="0330"/>
						<SP ID="P86_SP00275" HPOS="818" VPOS="3389" WIDTH="41"/>
						<String ID="P86_ST00307" HPOS="859" VPOS="3329" WIDTH="195" HEIGHT="62" CONTENT="bloßer" WC="0.98" CC="065066"/>
						<SP ID="P86_SP00276" HPOS="1054" VPOS="3391" WIDTH="33"/>
						<String ID="P86_ST00308" HPOS="1087" VPOS="3329" WIDTH="247" HEIGHT="75" CONTENT="Schüler," WC="0.99" CC="30700004"/>
						<SP ID="P86_SP00277" HPOS="1334" VPOS="3404" WIDTH="44"/>
						<String ID="P86_ST00309" HPOS="1378" VPOS="3341" WIDTH="150" HEIGHT="53" CONTENT="mein" WC="0.97" CC="0057"/>
						<SP ID="P86_SP00278" HPOS="1528" VPOS="3404" WIDTH="34"/>
						<String ID="P86_ST00310" HPOS="1562" VPOS="3332" WIDTH="192" HEIGHT="62" CONTENT="Retter" WC="0.98" CC="500605"/>
						<SP ID="P86_SP00279" HPOS="1754" VPOS="3404" WIDTH="42"/>
						<String ID="P86_ST00311" HPOS="1796" VPOS="3334" WIDTH="121" HEIGHT="61" CONTENT="und" WC="0.96" CC="740"/>
						<SP ID="P86_SP00280" HPOS="1917" VPOS="3404" WIDTH="32"/>
						<String ID="P86_ST00312" HPOS="1949" VPOS="3333" WIDTH="127" HEIGHT="62" CONTENT="kein" WC="0.99" CC="0004"/>
						<SP ID="P86_SP00281" HPOS="2076" VPOS="3404" WIDTH="35"/>
						<String ID="P86_ST00313" HPOS="2111" VPOS="3333" WIDTH="198" HEIGHT="63" CONTENT="bloßer" WC="0.98" CC="762005"/>
						<SP ID="P86_SP00282" HPOS="2309" VPOS="3404" WIDTH="33"/>
						<String ID="P86_ST00314" HPOS="2342" VPOS="3334" WIDTH="256" HEIGHT="62" CONTENT="Freund." WC="0.99" CC="4105404"/>
						<SP ID="P86_SP00283" HPOS="2598" VPOS="3404" WIDTH="36"/>
						<String ID="P86_ST00315" HPOS="2634" VPOS="3336" WIDTH="146" HEIGHT="62" CONTENT="Von" WC="0.99" CC="030"/>
						<SP ID="P86_SP00284" HPOS="2780" VPOS="3404" WIDTH="35"/>
						<String ID="P86_ST00316" HPOS="2815" VPOS="3346" WIDTH="185" HEIGHT="53" CONTENT="seiner" WC="0.98" CC="006665"/>
					</TextLine>
					<TextLine ID="P86_TL00032" HPOS="695" VPOS="3422" WIDTH="2305" HEIGHT="80">
						<String ID="P86_ST00317" HPOS="695" VPOS="3422" WIDTH="264" HEIGHT="65" CONTENT="Ankunft" WC="0.98" CC="5006465"/>
						<SP ID="P86_SP00285" HPOS="959" VPOS="3487" WIDTH="42"/>
						<String ID="P86_ST00318" HPOS="1001" VPOS="3450" WIDTH="74" HEIGHT="38" CONTENT="an" WC="1.00" CC="00"/>
						<SP ID="P86_SP00286" HPOS="1075" VPOS="3488" WIDTH="44"/>
						<String ID="P86_ST00319" HPOS="1119" VPOS="3426" WIDTH="151" HEIGHT="62" CONTENT="hätte" WC="0.97" CC="70670"/>
						<SP ID="P86_SP00287" HPOS="1270" VPOS="3488" WIDTH="44"/>
						<String ID="P86_ST00320" HPOS="1314" VPOS="3436" WIDTH="88" HEIGHT="53" CONTENT="ein" WC="0.98" CC="040"/>
						<SP ID="P86_SP00288" HPOS="1402" VPOS="3489" WIDTH="37"/>
						<String ID="P86_ST00321" HPOS="1439" VPOS="3452" WIDTH="198" HEIGHT="50" CONTENT="neues," WC="0.99" CC="504003"/>
						<SP ID="P86_SP00289" HPOS="1637" VPOS="3502" WIDTH="45"/>
						<String ID="P86_ST00322" HPOS="1682" VPOS="3428" WIDTH="312" HEIGHT="74" CONTENT="fröhliches," WC="0.99" CC="22000407004"/>
						<SP ID="P86_SP00290" HPOS="1994" VPOS="3502" WIDTH="43"/>
						<String ID="P86_ST00323" HPOS="2037" VPOS="3429" WIDTH="206" HEIGHT="63" CONTENT="reiches" WC="1.00" CC="7000000"/>
						<SP ID="P86_SP00291" HPOS="2243" VPOS="3502" WIDTH="34"/>
						<String ID="P86_ST00324" HPOS="2277" VPOS="3429" WIDTH="404" HEIGHT="64" CONTENT="Arbeitsleben" WC="0.99" CC="677040064705"/>
						<SP ID="P86_SP00292" HPOS="2681" VPOS="3502" WIDTH="49"/>
						<String ID="P86_ST00325" HPOS="2730" VPOS="3431" WIDTH="90" HEIGHT="62" CONTENT="für" WC="0.96" CC="504"/>
						<SP ID="P86_SP00293" HPOS="2820" VPOS="3502" WIDTH="40"/>
						<String ID="P86_ST00326" HPOS="2860" VPOS="3432" WIDTH="140" HEIGHT="62" CONTENT="mich" WC="0.97" CC="1307"/>
					</TextLine>
					<TextLine ID="P86_TL00033" HPOS="696" VPOS="3518" WIDTH="2303" HEIGHT="88">
						<String ID="P86_ST00327" HPOS="696" VPOS="3518" WIDTH="277" HEIGHT="80" CONTENT="beginnen" WC="0.99" CC="76030450"/>
						<SP ID="P86_SP00294" HPOS="973" VPOS="3598" WIDTH="51"/>
						<String ID="P86_ST00328" HPOS="1024" VPOS="3522" WIDTH="243" HEIGHT="65" CONTENT="können." WC="1.00" CC="0000004"/>
						<SP ID="P86_SP00295" HPOS="1267" VPOS="3598" WIDTH="50"/>
						<String ID="P86_ST00329" HPOS="1317" VPOS="3523" WIDTH="171" HEIGHT="64" CONTENT="Aber" WC="0.97" CC="6006"/>
						<SP ID="P86_SP00296" HPOS="1488" VPOS="3598" WIDTH="49"/>
						<String ID="P86_ST00330" HPOS="1537" VPOS="3526" WIDTH="102" HEIGHT="62" CONTENT="der" WC="0.98" CC="006"/>
						<SP ID="P86_SP00297" HPOS="1639" VPOS="3598" WIDTH="49"/>
						<String ID="P86_ST00331" HPOS="1688" VPOS="3526" WIDTH="240" HEIGHT="62" CONTENT="Dämon" WC="1.00" CC="00000"/>
						<SP ID="P86_SP00298" HPOS="1928" VPOS="3598" WIDTH="52"/>
						<String ID="P86_ST00332" HPOS="1980" VPOS="3527" WIDTH="134" HEIGHT="61" CONTENT="ruht" WC="0.95" CC="6675"/>
						<SP ID="P86_SP00299" HPOS="2114" VPOS="3598" WIDTH="49"/>
						<String ID="P86_ST00333" HPOS="2163" VPOS="3527" WIDTH="170" HEIGHT="73" CONTENT="nicht," WC="0.98" CC="020734"/>
						<SP ID="P86_SP00300" HPOS="2333" VPOS="3600" WIDTH="51"/>
						<String ID="P86_ST00334" HPOS="2384" VPOS="3527" WIDTH="170" HEIGHT="79" CONTENT="gleich" WC="0.97" CC="860407"/>
						<SP ID="P86_SP00301" HPOS="2554" VPOS="3606" WIDTH="54"/>
						<String ID="P86_ST00335" HPOS="2608" VPOS="3529" WIDTH="153" HEIGHT="61" CONTENT="hetzt" WC="0.98" CC="05065"/>
						<SP ID="P86_SP00302" HPOS="2761" VPOS="3606" WIDTH="42"/>
						<String ID="P86_ST00336" HPOS="2803" VPOS="3553" WIDTH="61" HEIGHT="38" CONTENT="er" WC="0.72" CC="05"/>
						<SP ID="P86_SP00303" HPOS="2864" VPOS="3606" WIDTH="42"/>
						<String ID="P86_ST00337" HPOS="2906" VPOS="3530" WIDTH="93" HEIGHT="61" CONTENT="die" WC="0.98" CC="050"/>
					</TextLine>
					<TextLine ID="P86_TL00034" HPOS="696" VPOS="3614" WIDTH="2302" HEIGHT="82">
						<String ID="P86_ST00338" HPOS="696" VPOS="3614" WIDTH="219" HEIGHT="63" CONTENT="Mutter" WC="0.98" CC="040606"/>
						<SP ID="P86_SP00304" HPOS="915" VPOS="3677" WIDTH="39"/>
						<String ID="P86_ST00339" HPOS="954" VPOS="3619" WIDTH="118" HEIGHT="62" CONTENT="und" WC="1.00" CC="000"/>
						<SP ID="P86_SP00305" HPOS="1072" VPOS="3681" WIDTH="42"/>
						<String ID="P86_ST00340" HPOS="1114" VPOS="3619" WIDTH="92" HEIGHT="63" CONTENT="die" WC="0.99" CC="002"/>
						<SP ID="P86_SP00306" HPOS="1206" VPOS="3682" WIDTH="34"/>
						<String ID="P86_ST00341" HPOS="1240" VPOS="3621" WIDTH="253" HEIGHT="62" CONTENT="anderen" WC="0.99" CC="0606500"/>
						<SP ID="P86_SP00307" HPOS="1493" VPOS="3683" WIDTH="36"/>
						<String ID="P86_ST00342" HPOS="1529" VPOS="3623" WIDTH="107" HEIGHT="60" CONTENT="auf" WC="0.94" CC="474"/>
						<SP ID="P86_SP00308" HPOS="1636" VPOS="3683" WIDTH="28"/>
						<String ID="P86_ST00343" HPOS="1664" VPOS="3623" WIDTH="119" HEIGHT="60" CONTENT="und" WC="0.99" CC="020"/>
						<SP ID="P86_SP00309" HPOS="1783" VPOS="3683" WIDTH="36"/>
						<String ID="P86_ST00344" HPOS="1819" VPOS="3623" WIDTH="182" HEIGHT="62" CONTENT="macht" WC="0.99" CC="03001"/>
						<SP ID="P86_SP00310" HPOS="2001" VPOS="3685" WIDTH="34"/>
						<String ID="P86_ST00345" HPOS="2035" VPOS="3633" WIDTH="105" HEIGHT="52" CONTENT="mir" WC="0.95" CC="056"/>
						<SP ID="P86_SP00311" HPOS="2140" VPOS="3685" WIDTH="35"/>
						<String ID="P86_ST00346" HPOS="2175" VPOS="3623" WIDTH="279" HEIGHT="73" CONTENT="Schande," WC="0.98" CC="29760004"/>
						<SP ID="P86_SP00312" HPOS="2454" VPOS="3696" WIDTH="28"/>
						<String ID="P86_ST00347" HPOS="2482" VPOS="3624" WIDTH="284" HEIGHT="72" CONTENT="Verdruß," WC="0.99" CC="00707004"/>
						<SP ID="P86_SP00313" HPOS="2766" VPOS="3696" WIDTH="37"/>
						<String ID="P86_ST00348" HPOS="2803" VPOS="3625" WIDTH="195" HEIGHT="62" CONTENT="Herz*" WC="0.98" CC="60504"/>
					</TextLine>
					<TextLine ID="P86_TL00035" HPOS="699" VPOS="3709" WIDTH="2299" HEIGHT="90">
						<String ID="P86_ST00349" HPOS="699" VPOS="3709" WIDTH="109" HEIGHT="62" CONTENT="leid" WC="0.99" CC="0050"/>
						<SP ID="P86_SP00314" HPOS="808" VPOS="3771" WIDTH="46"/>
						<String ID="P86_ST00350" HPOS="854" VPOS="3711" WIDTH="84" HEIGHT="63" CONTENT="bis" WC="0.95" CC="740"/>
						<SP ID="P86_SP00315" HPOS="938" VPOS="3774" WIDTH="40"/>
						<String ID="P86_ST00351" HPOS="978" VPOS="3738" WIDTH="132" HEIGHT="38" CONTENT="zum" WC="0.97" CC="700"/>
						<SP ID="P86_SP00316" HPOS="1110" VPOS="3776" WIDTH="45"/>
						<String ID="P86_ST00352" HPOS="1155" VPOS="3717" WIDTH="311" HEIGHT="64" CONTENT="Ersticken." WC="0.99" CC="6506600604"/>
						<SP ID="P86_SP00317" HPOS="1466" VPOS="3781" WIDTH="55"/>
						<String ID="P86_ST00353" HPOS="1521" VPOS="3718" WIDTH="152" HEIGHT="63" CONTENT="Nun" WC="0.97" CC="007"/>
						<SP ID="P86_SP00318" HPOS="1673" VPOS="3781" WIDTH="44"/>
						<String ID="P86_ST00354" HPOS="1717" VPOS="3719" WIDTH="121" HEIGHT="62" CONTENT="und" WC="0.98" CC="060"/>
						<SP ID="P86_SP00319" HPOS="1838" VPOS="3781" WIDTH="42"/>
						<String ID="P86_ST00355" HPOS="1880" VPOS="3720" WIDTH="302" HEIGHT="74" CONTENT="trotzdem," WC="0.99" CC="524260604"/>
						<SP ID="P86_SP00320" HPOS="2182" VPOS="3794" WIDTH="52"/>
						<String ID="P86_ST00356" HPOS="2234" VPOS="3744" WIDTH="70" HEIGHT="39" CONTENT="so" WC="0.93" CC="01"/>
						<SP ID="P86_SP00321" HPOS="2304" VPOS="3794" WIDTH="43"/>
						<String ID="P86_ST00357" HPOS="2347" VPOS="3744" WIDTH="140" HEIGHT="55" CONTENT="sage" WC="0.98" CC="0800"/>
						<SP ID="P86_SP00322" HPOS="2487" VPOS="3799" WIDTH="42"/>
						<String ID="P86_ST00358" HPOS="2529" VPOS="3722" WIDTH="76" HEIGHT="59" CONTENT="ich" WC="0.97" CC="007"/>
						<SP ID="P86_SP00323" HPOS="2605" VPOS="3799" WIDTH="46"/>
						<String ID="P86_ST00359" HPOS="2651" VPOS="3720" WIDTH="104" HEIGHT="73" CONTENT="dir," WC="0.96" CC="0654"/>
						<SP ID="P86_SP00324" HPOS="2755" VPOS="3799" WIDTH="43"/>
						<String ID="P86_ST00360" HPOS="2798" VPOS="3722" WIDTH="200" HEIGHT="62" CONTENT="Elisa*" WC="0.99" CC="035004"/>
					</TextLine>
					<TextLine ID="P86_TL00036" HPOS="699" VPOS="3804" WIDTH="2297" HEIGHT="92">
						<String ID="P86_ST00361" HPOS="699" VPOS="3804" WIDTH="151" HEIGHT="73" CONTENT="beth," WC="0.76" CC="00074"/>
						<SP ID="P86_SP00325" HPOS="850" VPOS="3877" WIDTH="42"/>
						<String ID="P86_ST00362" HPOS="892" VPOS="3809" WIDTH="117" HEIGHT="61" CONTENT="und" WC="0.97" CC="600"/>
						<SP ID="P86_SP00326" HPOS="1009" VPOS="3877" WIDTH="42"/>
						<String ID="P86_ST00363" HPOS="1051" VPOS="3812" WIDTH="143" HEIGHT="61" CONTENT="allen" WC="0.99" CC="00060"/>
						<SP ID="P86_SP00327" HPOS="1194" VPOS="3877" WIDTH="36"/>
						<String ID="P86_ST00364" HPOS="1230" VPOS="3837" WIDTH="137" HEIGHT="55" CONTENT="sage" WC="1.00" CC="0000"/>
						<SP ID="P86_SP00328" HPOS="1367" VPOS="3892" WIDTH="35"/>
						<String ID="P86_ST00365" HPOS="1402" VPOS="3814" WIDTH="78" HEIGHT="61" CONTENT="ich" WC="0.96" CC="207"/>
						<SP ID="P86_SP00329" HPOS="1480" VPOS="3892" WIDTH="35"/>
						<String ID="P86_ST00366" HPOS="1515" VPOS="3838" WIDTH="80" HEIGHT="50" CONTENT="es," WC="0.98" CC="004"/>
						<SP ID="P86_SP00330" HPOS="1595" VPOS="3892" WIDTH="36"/>
						<String ID="P86_ST00367" HPOS="1631" VPOS="3817" WIDTH="283" HEIGHT="61" CONTENT="trotzdem" WC="0.98" CC="66356040"/>
						<SP ID="P86_SP00331" HPOS="1914" VPOS="3892" WIDTH="37"/>
						<String ID="P86_ST00368" HPOS="1951" VPOS="3817" WIDTH="169" HEIGHT="61" CONTENT="wird" WC="0.99" CC="0070"/>
						<SP ID="P86_SP00332" HPOS="2120" VPOS="3892" WIDTH="34"/>
						<String ID="P86_ST00369" HPOS="2154" VPOS="3816" WIDTH="240" HEIGHT="63" CONTENT="wirklich" WC="0.99" CC="04604207"/>
						<SP ID="P86_SP00333" HPOS="2394" VPOS="3892" WIDTH="36"/>
						<String ID="P86_ST00370" HPOS="2430" VPOS="3824" WIDTH="101" HEIGHT="54" CONTENT="mit" WC="0.97" CC="063"/>
						<SP ID="P86_SP00334" HPOS="2531" VPOS="3892" WIDTH="34"/>
						<String ID="P86_ST00371" HPOS="2565" VPOS="3817" WIDTH="243" HEIGHT="79" CONTENT="Keplers" WC="0.99" CC="0007050"/>
						<SP ID="P86_SP00335" HPOS="2808" VPOS="3896" WIDTH="37"/>
						<String ID="P86_ST00372" HPOS="2845" VPOS="3818" WIDTH="151" HEIGHT="62" CONTENT="Ein*" WC="0.97" CC="7304"/>
					</TextLine>
					<TextLine ID="P86_TL00037" HPOS="699" VPOS="3907" WIDTH="2297" HEIGHT="85">
						<String ID="P86_ST00373" HPOS="699" VPOS="3908" WIDTH="109" HEIGHT="52" CONTENT="tritt" WC="0.97" CC="07607"/>
						<SP ID="P86_SP00336" HPOS="808" VPOS="3960" WIDTH="50"/>
						<String ID="P86_ST00374" HPOS="858" VPOS="3911" WIDTH="87" HEIGHT="52" CONTENT="ein" WC="0.97" CC="420"/>
						<SP ID="P86_SP00337" HPOS="945" VPOS="3963" WIDTH="42"/>
						<String ID="P86_ST00375" HPOS="987" VPOS="3929" WIDTH="174" HEIGHT="39" CONTENT="neues" WC="0.99" CC="06000"/>
						<SP ID="P86_SP00338" HPOS="1161" VPOS="3968" WIDTH="42"/>
						<String ID="P86_ST00376" HPOS="1203" VPOS="3907" WIDTH="198" HEIGHT="64" CONTENT="Leben" WC="0.99" CC="00700"/>
						<SP ID="P86_SP00339" HPOS="1401" VPOS="3971" WIDTH="54"/>
						<String ID="P86_ST00377" HPOS="1455" VPOS="3910" WIDTH="90" HEIGHT="62" CONTENT="für" WC="0.96" CC="406"/>
						<SP ID="P86_SP00340" HPOS="1545" VPOS="3972" WIDTH="40"/>
						<String ID="P86_ST00378" HPOS="1585" VPOS="3912" WIDTH="139" HEIGHT="61" CONTENT="mich" WC="0.97" CC="0607"/>
						<SP ID="P86_SP00341" HPOS="1724" VPOS="3973" WIDTH="43"/>
						<String ID="P86_ST00379" HPOS="1767" VPOS="3912" WIDTH="311" HEIGHT="80" CONTENT="beginnen," WC="0.98" CC="750567064"/>
						<SP ID="P86_SP00342" HPOS="2078" VPOS="3992" WIDTH="47"/>
						<String ID="P86_ST00380" HPOS="2125" VPOS="3921" WIDTH="89" HEIGHT="53" CONTENT="ein" WC="0.99" CC="020"/>
						<SP ID="P86_SP00343" HPOS="2214" VPOS="3992" WIDTH="43"/>
						<String ID="P86_ST00381" HPOS="2257" VPOS="3912" WIDTH="306" HEIGHT="80" CONTENT="Frühling," WC="0.99" CC="260770004"/>
						<SP ID="P86_SP00344" HPOS="2563" VPOS="3992" WIDTH="45"/>
						<String ID="P86_ST00382" HPOS="2608" VPOS="3913" WIDTH="110" HEIGHT="61" CONTENT="den" WC="1.00" CC="000"/>
						<SP ID="P86_SP00345" HPOS="2718" VPOS="3992" WIDTH="43"/>
						<String ID="P86_ST00383" HPOS="2761" VPOS="3915" WIDTH="85" HEIGHT="61" CONTENT="ihr" WC="0.96" CC="406"/>
						<SP ID="P86_SP00346" HPOS="2846" VPOS="3992" WIDTH="42"/>
						<String ID="P86_ST00384" HPOS="2888" VPOS="3915" WIDTH="108" HEIGHT="62" CONTENT="alle" WC="0.97" CC="0660"/>
					</TextLine>
					<TextLine ID="P86_TL00038" HPOS="699" VPOS="3996" WIDTH="754" HEIGHT="69">
						<String ID="P86_ST00385" HPOS="699" VPOS="3996" WIDTH="142" HEIGHT="62" CONTENT="nicht" WC="0.98" CC="72070"/>
						<SP ID="P86_SP00347" HPOS="841" VPOS="4058" WIDTH="42"/>
						<String ID="P86_ST00386" HPOS="883" VPOS="4000" WIDTH="295" HEIGHT="64" CONTENT="aufhalten" WC="0.99" CC="656036100"/>
						<SP ID="P86_SP00348" HPOS="1178" VPOS="4064" WIDTH="43"/>
						<String ID="P86_ST00387" HPOS="1221" VPOS="4004" WIDTH="232" HEIGHT="61" CONTENT="könnt.«" WC="0.99" CC="0000522"/>
					</TextLine>
				</TextBlock>
			</PrintSpace>
		</Page>
	</Layout>
</alto>
