3210 4572
1076 413 172 52 Tranz
1281 416 123 50 Bfei
1421 441 8 11 •
1455 408 149 60 ÜBer
1632 427 112 44 eine
1776 423 262 52 Literatur

2615 438 91 52 195

392 628 107 40 zur
540 603 383 79 Bourgeoisie
968 605 379 75 formulierte,
1389 609 239 79 glaubte
1670 622 128 54 eine
1840 614 371 69 bedeutende
2253 623 453 84 philosopbisdie

392 702 290 61 Literatur
715 723 77 37 zu
832 702 249 62 schaffen
1117 703 122 62 und
1274 703 101 64 hat
1408 704 106 65 das
1550 709 346 65 schwächste
1921 712 475 84 Philosophieren
2431 723 274 78 geleistet,

392 797 106 61 das
533 803 106 53 wir
674 793 247 75 kennen,
965 807 187 52 worin
1188 798 88 63 ihr
1309 825 112 37 nur
1454 803 141 61 noch
1632 803 104 64 der
1769 805 363 77 Monismus,
2177 812 119 64 ihre
2330 839 150 41 neue
2508 819 197 76 Form,

391 892 113 63 den
555 891 170 80 Rang
776 891 237 65 abläuft.
1077 895 119 63 Die
1247 896 211 75 Kritik,
1519 900 94 63 die
1666 901 354 68 Condorcet
2071 933 75 37 an
2197 909 207 66 Pascal
2457 915 120 71 übt,
2636 928 71 53 ist

390 988 503 64 charakteristisch:
960 990 189 64 »Man
1202 993 178 64 findet
1431 1005 56 54 in
1540 996 113 64 den
1703 999 395 69 Provinciales
2151 1016 127 53 eine
2326 1010 179 78 große
2555 1013 151 65 Zahl

391 1085 307 63 familiärer
731 1084 355 66 Ausdrücke
1122 1089 122 62 und
1277 1093 425 77 gewöhnlicher
1733 1096 423 77 Redensarten,
2201 1102 188 65 denen
2424 1108 136 62 nach
2594 1134 75 39 un-

390 1206 185 38 serem
606 1181 353 63 Geschmack
989 1183 94 64 die
1110 1184 308 66 Noblesse
1448 1190 196 64 fehlt.«
1691 1192 119 64 Die
1836 1204 76 53 im
1942 1196 180 65 Salon
2150 1219 291 45 verarmte
2460 1204 246 81 Sprache

388 1286 73 55 ist
493 1277 171 62 schon
693 1278 145 61 nicht
871 1278 164 64 mehr
1060 1284 306 73 imstande,
1403 1285 272 65 früheren
1705 1287 176 66 Geist
1906 1317 76 38 zu
2010 1294 308 75 erkennen,
2353 1301 352 80 geschweige

388 1372 179 65 selbst
602 1372 176 64 Geist
819 1399 77 38 zu
938 1376 408 80 produzieren,
1392 1381 103 64 der
1529 1384 161 63 mehr
1732 1386 85 64 als
1851 1388 374 81 polemischer
2262 1393 443 70 Geistreichtum

388 1480 176 52 wäre.
628 1470 119 62 Die
781 1470 138 64 Zeit
961 1497 127 38 war
1122 1484 204 55 weiter
1359 1502 120 39 von
1524 1479 150 65 ihrer
1717 1482 392 68 dichterischen
2145 1489 349 84 Bedeutung
2528 1496 177 62 über*

387 1585 173 62 zeugt
603 1567 118 62 und
766 1567 189 81 begab
997 1572 110 61 sich
1150 1572 140 63 aller
1324 1573 103 65 der
1462 1576 589 86 Voraussetzungen,
2094 1585 91 63 die
2229 1596 90 55 ein
2356 1588 346 78 Dichtwerk,

386 1689 138 36 vom
552 1663 201 64 Zufall
788 1666 105 63 des
923 1666 226 67 Genies
1186 1671 354 81 abgesehen,
1583 1677 237 80 möglich
1855 1682 248 64 machen.
2151 1684 117 63 Die
2302 1685 136 65 Zeit
2472 1687 229 82 begann

387 1770 75 53 im
505 1761 379 64 literarischen
927 1764 663 81 Insurgentenaufstand
1639 1798 184 56 gegen
1864 1778 150 77 jede,
2065 1804 70 38 so
2178 1783 138 61 auch
2370 1784 91 62 die
2503 1785 198 64 litera*

385 1858 174 62 rische
593 1852 325 80 Tradition,
961 1865 324 62 verachtete
1319 1866 93 64 die
1448 1868 269 81 übrigens
1751 1897 109 37 nur
1901 1874 321 66 lateinische
2248 1878 223 66 Antike
2503 1906 194 54 genau

385 1976 88 48 so,
518 1962 114 53 wie
674 1963 86 55 sie
804 1955 92 64 die
932 1957 234 66 Dichter
1206 1986 122 38 von
1378 1964 155 62 1660
1573 1969 343 73 verachtete,
1961 1971 137 64 aber
2138 1982 87 53 sie
2267 1974 184 64 beließ
2495 2001 64 39 es
2602 1978 93 64 bei

385 2049 188 64 dieser
614 2052 327 80 Negation,
993 2057 133 62 weil
1168 2068 84 54 sie
1303 2062 143 62 nicht
1488 2062 161 65 diese
1691 2065 144 63 oder
1873 2077 149 69 jene,
2074 2071 252 63 sondern
2380 2073 94 63 die
2517 2075 178 62 Dich*

385 2162 141 64 tung
569 2148 332 84 überhaupt
941 2155 331 63 verächtlich
1317 2157 120 63 und
1488 2159 219 64 absurd
1751 2161 158 75 fand,
1961 2165 119 63 und
2122 2169 128 71 sich,
2295 2193 172 39 wenn
2519 2171 173 62 schon

379 2242 228 74 welche,
651 2269 70 39 so
772 2256 57 52 in
871 2247 337 68 Benserade
1260 2254 120 62 und
1421 2254 345 67 Pouretiere
1807 2259 220 65 Ahnen
2069 2263 130 80 gab,
2244 2274 54 52 in
2342 2265 343 82 beiläufigen

377 2349 286 69 gezierten
691 2343 293 66 Realisten
1020 2357 158 54 einer
1202 2349 139 65 Zeit
1371 2376 112 38 vor
1506 2353 245 66 Racine:
1787 2357 92 63 die
1905 2358 298 66 Resultate
2239 2360 188 65 dieser
2462 2362 225 81 Oppo*

382 2444 169 55 sition
587 2439 130 62 sind
762 2440 106 64 das
903 2443 303 83 Pamphlet
1248 2447 103 63 der
1383 2449 221 65 Lettres
1638 2452 302 75 Persanes,
1984 2456 101 62 der
2130 2456 100 63 Gil
2264 2458 135 62 Blas
2436 2458 122 64 und
2592 2470 93 53 ein

376 2555 141 56 paar
557 2534 360 68 Komödien,
979 2541 301 66 Voltaires
1323 2546 113 62 viel
1479 2547 383 66 schwächeres
1905 2547 209 67 Talent
2164 2570 113 47 trat
2316 2556 174 61 schon
2532 2555 154 63 kon*

376 2641 255 52 servativ
672 2635 124 72 auf,
848 2636 78 62 da
968 2661 63 39 er
1073 2641 110 61 sich
1227 2642 174 63 nichts
1445 2654 255 70 weniger
1741 2647 85 63 als
1879 2656 91 54 ein
2013 2649 278 63 Neuerer
2333 2650 184 64 fühlte
2560 2651 123 64 und

374 2747 108 39 nur
523 2750 109 40 aus
678 2729 434 82 Opportunität
1154 2736 121 63 und
1317 2739 260 62 innerlich
1620 2766 151 54 ganz
1815 2744 332 80 unbeteiligt
2188 2755 202 54 mittat.
2445 2748 88 61 Er
2575 2748 110 62 be*

373 2819 210 66 kannte
632 2828 112 61 sich
796 2829 138 62 bald
979 2830 93 64 für
1112 2832 245 64 Boileau
1409 2835 122 64 und
1572 2837 225 63 Racine
1848 2839 120 62 und
2018 2841 253 80 glaubte,
2323 2852 85 53 sie
2451 2843 232 64 fortzu*

373 2936 216 58 setzen,
625 2947 174 41 wenn
834 2928 146 61 nicht
1012 2954 77 36 zu
1125 2929 367 75 übertreffen,
1535 2935 191 62 indem
1763 2959 62 39 er
1857 2946 83 52 sie
1975 2946 275 56 imitierte.
2295 2940 224 63 Racine
2546 2941 139 63 hielt

373 3016 104 59 sich
522 3041 75 38 an
641 3020 94 63 die
777 3022 326 66 lateinische
1144 3027 243 73 Antike,
1439 3053 70 38 so
1550 3048 105 61 gut
1696 3055 61 38 er
1799 3041 84 54 sie
1925 3034 274 62 vielleicht
2240 3037 140 60 auch
2424 3037 259 63 mißver*

372 3112 188 74 stand,
603 3115 276 67 Voltaire
928 3121 236 80 glaubte
1216 3124 270 63 dasselbe
1535 3150 76 39 zu
1655 3144 124 56 tun,
1830 3129 192 62 indem
2066 3155 61 37 er
2175 3133 109 61 sich
2337 3157 74 38 an
2455 3133 227 64 Racine

371 3204 147 67 hielt.
565 3210 84 65 So
684 3216 131 63 sind
851 3216 91 64 die
984 3219 218 79 großen
1230 3220 225 64 Werke
1498 3222 188 63 dieser
1727 3225 108 61 sich
1881 3224 94 64 für
2017 3225 318 65 dichterisch
2378 3230 305 63 schätzen*

371 3302 109 64 den
513 3307 291 67 Literatur
837 3316 172 62 nichts
1053 3316 85 63 als
1173 3317 285 79 gebildete
1493 3318 427 65 Schularbeiten
1954 3346 150 56 ganz
2140 3323 307 81 unfähiger
2471 3327 211 74 Leute,

369 3398 91 64 die
487 3406 135 61 nach
653 3416 188 54 einem
870 3409 241 65 Schema
1136 3412 219 64 dichten
1392 3415 119 62 und
1539 3415 179 63 damit
1752 3426 92 53 ein
1872 3417 291 65 lernbares
2192 3420 219 63 Metier
2441 3422 237 65 treiben.

446 3496 115 65 Die
594 3502 357 84 Leistungen
995 3507 191 65 dieser
1225 3510 157 72 Zeit,
1426 3510 91 62 die
1552 3514 466 63 weiterwirkend
2058 3516 152 73 sind,
2255 3517 186 79 liegen
2479 3528 57 53 in
2579 3519 106 63 der

369 3587 280 90 Gattung,
694 3601 92 62 die
829 3613 102 53 mit
962 3615 293 70 geringem
1289 3606 310 80 Anspruch
1636 3608 241 73 auftritt,
1920 3609 141 63 aber
2103 3611 113 64 den
2254 3613 429 66 französischen

367 3683 226 72 Roman
636 3697 258 78 geboren
940 3700 128 77 hat,-
1110 3703 184 80 liegen
1338 3712 55 53 in
1437 3703 103 63 der
1575 3704 203 74 Prosa,
1822 3705 92 64 die
1957 3709 110 61 sich
2112 3712 287 62 zwischen
2434 3713 251 64 Prevost

367 3785 118 61 und
526 3788 215 70 Laclos
783 3799 358 80 mannigfach
1185 3798 122 64 und
1347 3799 301 64 bisweilen
1690 3801 338 66 bedeutend
2072 3806 284 75 entfaltet,
2401 3834 71 38 so
2511 3811 171 62 falsch

367 3881 118 61 und
528 3884 133 68 fade
703 3895 141 61 auch
880 3897 84 60 oft
1007 3896 101 63 der
1141 3896 326 63 Realismus
1511 3897 103 62 der
1647 3897 413 84 Beobachtung
2094 3904 168 72 wird,
2307 3905 78 63 da
2420 3907 98 64 ihn
2554 3917 131 54 eine

367 3968 354 82 Sensibilität
778 3989 193 75 bricht,
1035 3992 93 63 die
1187 4017 135 38 man
1380 3992 163 64 mehr
1592 3994 132 63 weil
1784 4005 84 53 sie
1917 3996 214 66 beliebt
2182 4009 72 55 ist
2304 4003 241 81 mitgibt,
2597 4003 88 63 als
