3254 4572
1033 434 172 51 7ranz
1239 436 124 50 BCei
1378 462 9 10 •
1413 427 93 60 ÜB
1507 458 56 29 er
1590 446 112 44 eine
1733 441 266 52 Literatur

2567 455 93 52 187

430 627 116 62 Die
589 625 371 63 Zivilisation
1006 627 104 64 des
1163 628 376 64 achtzehnten
1592 632 413 79 Jahrhunderts
2057 661 126 40 war
2232 640 239 67 bewußt
2522 646 106 66 kos-

349 721 356 83 mopolitisch
731 730 102 52 mit
861 721 414 66 französischer
1291 725 395 81 Aussprache.
1714 730 136 61 Daß
1879 730 92 64 die
1999 731 381 69 französische
2400 739 263 81 Sprache,

350 819 121 65 und
521 819 144 62 nicht
715 843 112 37 nur
875 828 103 63 sie,
1031 820 105 62 das
1187 823 574 66 außerfranzösische
1812 827 252 82 Europa
2112 829 374 79 beherrschte,
2530 863 137 40 ver«

353 915 216 65 stärkte
627 915 142 63 noch
830 914 94 64 die
985 912 577 87 Teilnahmlosigkeit
1620 922 103 62 der
1783 924 345 65 Franzosen
2188 928 179 65 ihrem
2427 943 237 70 eigenen

349 1013 202 64 Lande
593 1012 353 79 gegenüber,
989 1013 113 79 gab
1147 1015 172 63 ihnen
1363 1026 55 53 in
1463 1018 160 63 ihren
1666 1020 225 80 Augen
1935 1023 165 73 recht,
2146 1023 113 65 den
2301 1027 220 82 Begriff
2563 1032 101 65 des

349 1107 395 65 Vaterlandes
788 1107 285 65 lächerlich
1117 1136 78 37 zu
1247 1112 211 74 finden,
1512 1114 75 63 da
1638 1140 135 38 man
1822 1128 59 68 ja
1931 1117 219 66 überall
2314 1149 119 38 von
2479 1129 188 63 unbe«

349 1206 272 63 kanntem
655 1204 203 65 Volke
900 1215 56 54 in
985 1206 281 65 Wäldern
1310 1210 121 62 und
1476 1210 285 83 Sümpfen
1806 1214 348 81 abgesehen,
2320 1220 344 69 französisch

349 1303 212 80 sprach.
607 1302 155 62 Man
805 1327 126 38 war
973 1313 57 52 in
1073 1303 103 63 der
1201 1305 169 64 Welt
1396 1307 240 81 Bürger,
1680 1309 75 64 da
1789 1336 134 38 man
1958 1316 142 60 nicht
2133 1316 221 81 Bürger
2387 1328 56 54 in
2479 1331 187 56 einem

349 1398 203 64 Staate
595 1422 150 38 war;
792 1407 76 55 im
904 1399 205 64 Staate
1150 1425 127 38 war
1318 1427 135 38 man
1497 1429 112 38 nur
1651 1415 185 54 einem
1873 1408 358 66 Monarchen
2267 1415 260 75 tributär,
2564 1418 103 65 der

350 1495 196 63 feudal
589 1503 130 54 eine
763 1495 385 64 Gesellschaft
1191 1507 55 54 in
1290 1498 147 65 Eins
1493 1502 120 62 und
1657 1502 211 65 Steuer
1919 1506 193 75 nahm,
2165 1510 94 63 die
2310 1514 143 62 nicht
2503 1516 163 64 mehr

350 1591 196 64 feudal
588 1615 142 38 war.
777 1591 100 64 Zu
921 1594 250 80 Anfang
1213 1595 104 63 des
1360 1597 373 65 achtzehnten
1777 1601 412 80 Jahrhunderts
2230 1608 229 80 begann
2503 1611 161 65 diese

349 1686 436 65 fundamentale
835 1686 333 84 Änderung
1227 1702 54 52 in
1342 1693 103 63 der
1503 1695 667 87 Reichtumsverteilung,
2230 1704 212 65 welche
2502 1718 158 55 eines

349 1784 102 62 der
491 1785 352 79 wichtigsten
886 1787 314 64 Momente
1244 1789 93 62 für
1379 1791 113 63 den
1537 1792 330 66 Charakter
1909 1797 100 63 der
2050 1798 289 66 Literatur
2382 1802 102 65 der
2525 1806 138 65 Zeit

349 1879 291 65 bedeutet.
686 1882 90 63 Es
822 1892 73 53 ist
936 1884 339 72 auffallend,
1322 1887 113 64 daß
1487 1888 160 64 diese
1689 1890 136 64 Zeit
1873 1892 92 64 bei
2014 1897 381 65 tatsächlicher
2443 1902 219 62 äußere

349 1976 373 65 ordentlicher
773 1980 322 80 politischer
1145 1982 550 83 Interesselosigkeit
1754 1998 125 53 eine
1938 1989 367 68 bedeutende
2354 1996 303 80 allgemein

349 2074 290 78 politische
696 2075 293 63 Literatur
1039 2080 321 78 geschaffen
1412 2080 116 65 hat.
1582 2083 116 63 Die
1749 2108 190 41 neuen
1990 2086 264 77 Reichen,
2306 2090 93 64 die
2442 2103 56 52 in
2542 2094 113 65 den

350 2187 188 45 ersten
580 2170 382 80 Jahrzehnten
1007 2174 103 64 des
1145 2175 412 80 Jahrhunderts
1592 2188 56 53 in
1684 2179 93 65 die
1812 2180 377 68 Gesellschaft
2221 2205 206 55 traten,
2464 2189 190 66 hatten

352 2267 137 61 noch
547 2267 130 63 kein
729 2269 324 80 politisches
1103 2272 191 63 Mittel
1345 2274 360 80 ausgebildet
1754 2277 143 63 oder
1945 2281 258 63 mochten
2254 2282 196 66 keines
2511 2311 147 40 aus«

350 2362 209 75 bilden,
595 2363 77 64 da
707 2390 62 38 es
806 2366 172 66 ihnen
1015 2368 185 64 hinter
1236 2370 130 63 dem
1393 2371 448 66 Absolutismus
1878 2377 137 61 noch
2051 2377 198 64 besser
2282 2405 75 38 zu
2392 2382 263 82 gelingen

350 2460 204 73 schien,
598 2461 160 65 ihren
802 2489 192 39 neuen
1037 2466 317 74 Reichtum,
1404 2467 105 64 der
1549 2470 145 62 nicht
1733 2494 150 56 ganz
1924 2471 185 65 solide
2160 2478 304 62 erworben
2508 2506 147 48 war,

349 2579 76 38 zu
475 2558 255 64 mehren.
786 2560 185 65 Diese
1023 2587 193 39 neuen
1267 2564 266 74 Reichen,
1592 2565 93 64 die
1735 2568 199 62 weder
1984 2569 168 64 durch
2203 2572 264 74 Familie,
2512 2578 142 62 noch

352 2650 166 64 durch
562 2649 308 70 Tradition
931 2668 167 53 einen
1142 2659 488 65 Zusammenhalt
1683 2662 210 75 hatten,
1952 2674 112 54 wie
2113 2666 95 63 ihn
2268 2668 103 62 der
2422 2671 233 66 frühere

349 2747 159 63 Adel
551 2749 201 77 besaß,
796 2763 264 71 eigneten
1105 2756 171 62 dafür
1309 2757 109 62 alle
1454 2757 189 63 feinen
1679 2758 178 65 Sinne
1891 2760 101 64 des
2027 2762 505 80 Freigelassenen:
2569 2779 88 54 sie

348 2867 199 42 waren
589 2860 315 71 neugierig,
949 2861 208 71 gingen
1200 2853 112 63 auf
1345 2853 249 81 Bildung
1636 2880 129 48 aus,
1801 2881 197 39 waren
2033 2884 75 37 an
2151 2860 102 62 der
2296 2864 359 64 öffentlichen

349 2939 290 85 Meinung
785 2946 122 64 ihre
941 2947 334 83 Schöpfung
1316 2959 101 53 mit
1450 2950 161 62 Hilfe
1647 2951 102 63 der
1780 2953 291 63 Literaten
2219 2956 214 64 lebhaft
2475 2969 180 55 inter«

350 3048 219 65 essiert,
628 3041 199 64 liberal
886 3053 56 53 in
995 3045 180 62 Sitten
1227 3045 118 62 und
1388 3047 477 81 Anschauungen
1909 3074 108 39 aus
2062 3050 400 68 Unsicherheit
2504 3057 151 63 ihrer

349 3142 236 71 eigenen
620 3139 282 74 Position,
937 3142 122 62 und
1093 3152 83 53 sie
1211 3167 199 38 waren
1445 3153 113 54 wie
1594 3144 108 63 alle
1737 3170 189 38 neuen
1961 3148 244 62 Reichen
2240 3149 220 65 Snobs:
2488 3153 167 65 Ver«

349 3232 187 62 sailles
573 3243 341 73 imponierte
951 3238 170 63 ihnen
1157 3256 150 46 trotz
1342 3238 264 74 alledem,
1642 3241 121 61 und
1804 3242 159 64 diese
2005 3266 191 41 neuen
2241 3245 414 80 Schriftsteller,

350 3325 91 63 die
481 3331 108 61 sich
634 3342 101 54 mit
778 3335 172 62 ihnen
993 3345 223 70 gemein
1269 3337 274 71 machten,
1592 3337 286 64 trotzdem
1929 3349 85 53 sie
2061 3365 141 38 vom
2244 3342 183 75 Adel,
2479 3372 178 39 wenn

348 3424 137 62 auch
528 3428 84 60 oft
645 3454 140 38 vom
820 3431 301 73 kleinsten,
1157 3455 219 49 waren,
1420 3442 378 71 imponierten
1841 3434 172 65 ihnen
2048 3439 160 71 auch,
2245 3463 69 38 so
2351 3442 152 73 sehr,
2540 3444 117 65 daß

349 3525 81 55 sie
486 3532 85 53 sie
630 3524 325 67 bezahlten.
1020 3528 99 63 Sie
1176 3528 234 63 kauften
1470 3530 93 61 die
1620 3530 237 73 Bücher,
1918 3533 123 62 und
2099 3533 103 63 der
2260 3535 398 70 Schriftsteller

348 3610 263 73 brauchte
653 3622 129 63 kein
825 3624 154 64 Amt
1020 3624 180 74 mehr,
1243 3650 99 38 um
1387 3624 197 64 davon
1625 3651 77 38 zu
1745 3627 186 72 leben,
1984 3628 271 66 brauchte
2306 3633 168 66 keine
2521 3638 137 65 Ge«

349 3708 363 74 lehrsamkeit
771 3721 183 74 mehr,
1015 3748 99 36 um
1172 3722 109 62 sich
1341 3732 432 64 auszuweisen,
1831 3725 268 64 brauchte
2159 3729 207 66 keinen
2427 3735 231 81 adligen

348 3802 207 71 Patron
598 3815 182 74 mehr,
824 3843 99 38 um
966 3820 144 61 nicht
1150 3843 77 38 zu
1269 3817 389 82 verhungern:
1705 3820 103 62 der
1849 3823 368 66 schreibende
2252 3826 245 68 Mensch
2533 3858 129 39 war

349 3897 102 68 frei
491 3911 320 74 geworden
856 3914 123 62 und
1021 3914 192 63 diente
1262 3924 197 53 seinen
1501 3915 315 75 Befreiern,
1868 3918 133 63 dem
2052 3944 193 41 neuen
2288 3924 371 83 Bürgertum,

349 3994 207 71 dessen
592 4007 393 82 Optimismus
1030 4036 61 39 er
1124 4010 174 74 teilte,
1333 4012 211 63 dessen
1580 4013 364 81 Meinungen
1981 4040 62 39 er
2075 4023 335 77 aussprach,
2447 4024 212 66 dessen
