3675 4465
1904 190 0 0 256

289 264 72 40 Als
390 263 277 53 Neuigkeiten,
712 266 151 41 welche
895 268 139 41 diesen
1068 269 159 41 Winter
1255 270 180 52 gegeben
1464 268 165 42 werden
1659 272 138 46 sollen,

207 331 124 36 nennt
359 339 89 27 man
480 328 58 35 La
570 328 132 37 Nonne
731 316 200 63 sangfante
973 344 76 27 von
1089 332 181 39 Scribe
1318 332 79 38 und
1430 331 239 48 Gounod,
1712 335 81 37 und

207 389 87 41 eine
323 401 135 38 grosse
490 389 111 53 Oper
631 391 39 39 in
703 393 92 39 fünf
818 395 131 39 Acten
980 407 76 28 von
1086 395 181 39 Scribe
1298 395 82 41 und
1493 395 185 39 Verdi!
1717 396 53 39 Da-

205 452 132 37 neben
380 452 73 38 soll
496 453 97 39 aber
625 453 168 42 Gluck
823 454 150 43 wieder
1000 456 237 41 erscheinen
1287 455 131 51 (Wird
1452 456 124 40 Verdi
1608 457 78 40 den
1711 459 57 38 An-

204 511 105 40 blick
339 512 132 41 dieser
493 514 461 56 Geister-Erscheinung
983 517 237 52 ertragen?),
1252 518 80 37 und
1362 530 93 27 man
1485 519 165 41 rechnet
1679 521 117 39 dabei

203 576 70 38 auf
297 575 65 41 die
392 577 198 53 Sängerin
621 581 194 48 Stoltz;
845 582 107 39 anlik
983 581 47 38 ist
1060 579 56 39 sie
1147 579 242 52 wenigstens
1418 581 115 40 auch.
1573 583 224 53 Uebrigens

201 638 67 39 hat
298 638 57 40 sie
380 639 85 40 sich
496 642 301 52 ausbedungen,
828 643 40 38 in
894 642 228 38 Donizctti's
1426 644 260 41 aufzutreten.

279 701 90 40 Auf
394 703 93 40 dem
517 704 174 40 Theater
720 705 70 38 der
820 703 231 39 komischen
1074 702 109 51 Oper
1211 703 102 40 wird
1346 706 194 40 ebenfalls
1571 708 89 40 eine
1690 722 103 27 neue

202 762 111 52 Oper
343 767 167 49 probirt,
540 767 131 40 Musik
703 778 75 27 von
809 765 86 39 Ad.
925 766 174 45 Adam,
1130 767 133 38 Text?
1291 768 49 38 Ei
1371 781 96 34 nun,
1496 782 77 27 von
1598 772 195 44 Scribe,

201 825 72 39 der
301 827 78 40 wie
410 828 84 39 sein
524 828 195 40 Bertrand
749 828 48 38 de
816 826 165 40 Ranzau
1011 826 40 39 in
1082 828 91 39 dem
1194 828 199 52 Lustspiel
1423 832 194 38 Bertrand
1644 843 32 28 et
1706 836 58 35 Ra-

200 897 65 28 ton
310 891 71 38 mit
424 889 230 40 lächelnder
700 889 135 39 Miene
882 896 108 45 sagt:
1046 892 90 44 „Eh
1166 892 82 37 bien
1278 896 89 33 oui!
1408 895 108 37 Vami
1563 899 45 35 de
1644 905 78 30 tont
1761 899 31 36 le

200 953 134 36 monde
406 952 115 38 oder:
553 953 42 34 de
623 958 118 30 toutes
771 953 52 35 les
853 953 128 45 ecoles,
1014 954 43 35 de
1086 961 83 29 tous
1198 955 51 36 les
1274 969 142 35 genres.
1446 957 105 48 Nun,
1582 958 69 40 das
1681 972 110 26 muss

202 1025 93 26 man
325 1013 81 38 ihm
438 1013 96 39 aber
562 1013 143 46 lassen,
737 1026 42 26 er
805 1013 107 40 kann
942 1020 207 35 zusetzen:
1185 1025 148 41 excepte
1361 1019 31 35 le
1418 1032 116 34 genre
1562 1024 232 46 ennuyeux!

279 1076 81 38 Der
388 1075 162 40 Pfarrer
579 1076 72 39 der
680 1078 214 37 Madelaine
933 1078 68 39 hat
1041 1078 89 40 eine
1159 1080 271 42 Seelenmesse
1460 1084 65 38 für
1552 1084 65 40 die
1649 1084 141 41 Gräfin

199 1138 395 54 Rossi-Sontag
636 1141 173 51 gelesen,
853 1141 151 40 welche
1048 1142 102 40 einst
1191 1143 64 39 bei
1296 1145 108 39 ihrer
1432 1145 289 43 Anwesenheit
1751 1149 41 39 in

195 1202 115 38 Paris
337 1202 65 39 für
432 1202 62 40 die
526 1204 155 38 Armen
711 1204 132 40 seiner
873 1204 223 40 Gemeinde
1125 1218 206 40 gesungen
1362 1207 119 41 hatte.
1535 1209 74 40 Die
1639 1211 151 40 Kirche

198 1275 84 28 war
312 1277 101 39 ganz
446 1266 151 49 gefüllt.

273 1329 89 38 Am
393 1328 63 40 22.
486 1329 81 38 Juli
612 1327 49 40 ist
703 1329 202 51 Halevy
948 1342 51 27 an
1028 1331 130 38 Raoul
1188 1331 226 42 Rochette's
1444 1334 121 40 Stelle
1594 1348 92 27 zum
1717 1336 49 40 im-

198 1391 338 39 merwährenden
566 1391 182 39 Secretär
776 1391 71 39 der
875 1393 206 37 Academie
1110 1395 62 36 des
1202 1396 251 38 Beaux-Arts
1484 1404 170 34 ernannt
1683 1412 77 28 wor-

200 1452 91 40 den.
321 1453 119 40 Diese
475 1453 118 39 Wahl
623 1453 49 39 ist
701 1453 93 39 sehr
823 1453 227 49 ehrenvoll;
1095 1456 158 53 Halevy
1283 1457 50 41 ist
1362 1459 72 40 der
1463 1466 103 35 erste
1596 1463 193 49 Musiker,

199 1515 174 38 welcher
402 1515 107 39 diese
539 1515 120 39 Stelle
687 1515 212 47 bekleidet,
947 1517 64 39 die
1056 1518 138 41 bisher
1230 1520 146 40 immer
1405 1524 126 39 durch
1564 1525 118 40 einen
1714 1526 51 40 Ge-

202 1577 155 38 lehrten
388 1588 71 28 aus
490 1577 71 39 der
589 1578 205 36 Academie
823 1579 62 36 des
914 1579 250 54 lnscriplions
1194 1591 31 28 et
1255 1585 62 35 des
1335 1586 119 36 Beiles
1474 1587 141 38 Lettres
1643 1588 151 40 besetzt

199 1640 152 40 wurde.
404 1640 125 40 Unter
559 1640 78 40 den
667 1642 368 53 vorgeschlagenen
1067 1644 302 43 Concurrenten
1401 1649 146 40 befand
1577 1651 81 40 sich
1690 1653 101 38 auch

198 1701 224 42 liittorf.
858 1707 89 34 üöt>
1090 1698 105 52 flsif
1302 1693 168 54 ihifliä
1510 1713 115 37 wwj

280 1765 248 41 Wilhelm
542 1766 82 45 ine
670 1767 278 42 Claussist
990 1771 102 40 nach
1138 1773 265 53 Beendigung
1449 1775 71 39 der
1562 1776 141 40 Saison
1746 1778 44 39 in

202 1827 164 40 London
397 1830 103 38 nach
532 1830 242 40 Frankreich
821 1833 321 51 zurückgekehrt
1182 1835 83 38 und
1312 1836 99 39 wird
1462 1837 76 39 den
1578 1839 98 39 Rest
1718 1840 70 39 des

198 1891 204 40 Sommers
433 1893 71 39 auf
529 1893 92 40 dem
651 1894 137 39 Lande
819 1894 66 40 bei
915 1895 150 40 Paris
1096 1897 237 52 zubringen.

275 2018 165 41 Mario
472 2020 81 38 und
584 2020 66 39 die
675 2020 142 40 Grisi
863 2022 131 39 haben
1025 2023 84 38 sich
1141 2037 83 26 nun
1257 2025 178 40 wirklich
1467 2040 63 25 am
1561 2028 36 39 9.
1628 2029 38 39 d.
1695 2029 94 41 Mts.

199 2081 71 38 auf
295 2081 91 38 dem
418 2082 289 51 Dampfschiffe
744 2086 69 34 The
842 2086 131 36 Baltic
1001 2086 101 38 nach
1133 2087 250 40 America
1415 2089 264 51 eingeschifft.
1726 2093 66 39 Sie

194 2142 179 39 erhalten
407 2143 142 47 17,000
580 2145 132 38 Pfund
741 2145 115 50 (über
889 2147 171 45 110,000
1091 2147 125 52 Thlr.)
1258 2148 63 39 für
1364 2151 154 39 sechs
1564 2153 227 41 Monate.

195 2205 137 38 Davon
376 2205 90 39 sind
516 2207 141 45 11,600
687 2208 133 38 Pfund
865 2209 64 39 bei
961 2209 133 40 einem
1126 2211 205 50 Banquier
1361 2212 40 38 in
1430 2213 171 40 London
1630 2215 135 40 nieder-

192 2268 142 51 gelegt,
382 2268 69 39 das
498 2268 143 53 übrige
672 2269 144 41 Gehalt
857 2272 102 38 wird
1002 2273 217 39 monatlich
1263 2275 72 37 mit
1379 2275 103 39 circa
1524 2277 103 39 1000
1657 2278 132 39 Pfund

193 2330 315 39 vorausbezahlt.
540 2331 149 40 Sobald
719 2333 90 39 eine
840 2333 131 40 dieser
1001 2335 236 51 Zahlungen
1267 2348 62 27 am
1355 2337 145 40 Ersten
1529 2339 70 39 des
1628 2341 160 39 Monats

193 2390 111 40 nicht
332 2392 180 50 geleistet
542 2394 112 48 wird,
684 2395 50 39 ist
763 2395 64 40 die
857 2396 297 53 niedergelegte
1177 2399 166 39 Summe
1366 2399 78 39 den
1472 2401 148 40 beiden
1638 2403 126 39 Künst-

195 2464 88 37 lern
328 2454 189 41 verfallen
561 2456 79 39 und
685 2458 72 38 der
787 2458 187 40 Contract
1013 2461 149 49 gelös't.
1272 2461 106 46 Nun,
1425 2462 73 40 wir
1528 2464 140 39 rathen
1698 2465 91 40 dem

199 2516 305 49 Unternehmer,
534 2519 70 40 das
635 2521 289 52 Künstlerpaar
956 2522 241 52 wenigstens
1238 2524 109 40 nicht
1376 2525 54 39 im
1461 2526 331 52 Krystall-Palast

193 2577 42 40 in
264 2578 234 43 New-York
528 2581 142 52 singen
700 2596 48 26 zu
777 2584 143 46 lassen,
962 2584 50 38 da
1054 2585 143 39 würde
1241 2599 92 26 man
1378 2587 129 40 nichts
1549 2601 78 27 von
1674 2590 118 40 ihren

194 2641 198 40 Stimmen
423 2642 139 44 hören.
620 2645 54 39 Es
707 2646 165 46 scheint,
904 2647 57 39 als
990 2646 138 40 hätten
1158 2648 64 40 die
1251 2649 265 42 Americaner
1545 2651 89 40 eine
1665 2665 100 40 unge-

202 2704 126 40 heure
359 2705 194 40 Vorliebe
583 2707 65 40 für
677 2709 184 39 Ruinen!

275 2825 76 41 Die
380 2825 496 54 Opern-Unternehmung
905 2828 56 40 im
992 2829 570 52 Drurylane-Theater
1592 2846 47 26 zu
1669 2835 93 40 Lon-

198 2888 98 40 don
326 2889 48 39 ist
404 2889 289 53 eingegangen.
746 2891 66 39 Sie
844 2891 66 38 hat
940 2891 84 38 sich
1056 2891 193 47 dadurch,
1292 2893 90 40 dass
1427 2895 55 40 sie
1522 2910 48 25 zu
1601 2898 75 39 viel
1705 2912 58 27 um-

201 2951 130 39 fassen
360 2952 146 45 wollte,
538 2953 143 39 ruinirt
786 2954 194 39 während
1011 2954 64 38 die
1105 2954 254 41 deutsche
1406 2957 138 52 Oper
1574 2959 84 51 (mit
1688 2962 105 39 Frau

200 3013 345 47 Rudersdorf,
595 3014 176 52 Agnes
811 3015 152 45 Burv,
1021 3016 125 39 Karl
1190 3017 148 39 Form
1353 3031 49 27 es
1448 3022 193 50 u.s.w.)
1691 3025 103 39 volle

200 3076 162 39 Häuser
391 3077 168 45 machte,
602 3089 74 39 zog
720 3077 64 40 die
815 3078 249 39 italiänische
1103 3080 176 51 weniger
1309 3093 62 35 an,
1415 3083 83 37 und
1529 3083 49 38 da
1609 3096 84 27 nun
1722 3098 71 38 gar

202 3137 103 40 auch
335 3138 105 39 noch
469 3138 88 41 eine
586 3140 202 51 englische
819 3141 253 39 dazwischen
1102 3143 198 50 gepfropft
1329 3146 165 37 werden
1526 3147 114 38 sollte
1670 3147 51 51 (d.
1753 3149 38 39 h.

201 3199 91 41 eine
322 3199 40 39 in
384 3201 224 50 englischer
625 3203 176 50 Sprache
821 3215 245 39 gesungene,
1095 3205 94 38 z.B.
1219 3205 77 39 Fra
1315 3206 181 47 Diavolo,
1527 3208 64 40 die
1613 3210 181 41 Stumme

201 3272 78 27 von
308 3262 162 47 Porlici,
516 3262 116 40 beide
676 3264 71 39 mit
791 3265 92 39 dem
927 3266 135 38 Tenor
1101 3266 401 53 Sims-Reeves),
1533 3283 43 26 so
1607 3285 73 39 zog
1710 3274 82 39 sich

200 3324 149 39 Form
364 3336 62 35 es,
458 3323 68 40 die
553 3324 361 51 hauptsächlichste
944 3328 135 38 Stütze
1109 3328 69 38 des
1210 3328 176 48 Ganzen,
1416 3333 160 46 zurück,
1615 3335 83 38 und
1728 3337 45 38 da-

200 3386 74 39 mit
313 3399 84 26 war
438 3387 66 38 die
534 3387 128 39 Sache
692 3399 83 28 aus.
832 3389 222 52 Uebrigens
1086 3403 135 26 waren
1265 3392 66 38 die
1382 3392 302 51 Unternehmer,
1731 3398 64 39 die

200 3449 162 39 Herren
391 3449 180 39 Jarrct
600 3451 82 38 und
715 3450 25 39 S
757 3451 260 51 eager-O.s
1034 3453 142 46 wal.d,
1206 3453 102 42 auch
1330 3454 108 41 nicht
1456 3456 63 39 die
1540 3457 124 41 Leute
1683 3460 112 42 dazu,

228 3511 7 6 #
1787 3493 8 8 *

202 3523 89 28 eine
319 3512 161 39 Anstalt
510 3524 48 28 zu
588 3512 136 47 leiten,
764 3512 64 40 die
858 3514 71 38 der
959 3514 437 52 Coventgarden-Oper
1427 3516 254 43 Concurrenz
1711 3535 57 26 ma-

203 3573 101 40 chen
334 3575 125 39 sollte.
512 3574 65 40 Ob
609 3574 248 41 namentlich
903 3576 71 39 der
1003 3577 108 39 Herr
1141 3577 194 51 Seager
1378 3579 63 39 die
1472 3580 245 44 Kenntnisse
1748 3598 48 26 zu

204 3634 110 41 einer
343 3636 589 53 Theater-Geschäftsführung
962 3638 148 50 gehabt
1140 3639 116 46 habe,
1300 3641 129 39 dürfte
1470 3655 49 26 zu
1562 3645 234 41 bezweifeln

205 3697 106 47 sein;
355 3698 64 40 die
449 3700 101 39 dazu
580 3700 317 52 notwendigen
930 3701 133 38 Fonds
1105 3701 106 43 hatte
1241 3715 42 27 er
1312 3703 209 41 sicherlich
1552 3707 119 47 nicht,
1715 3722 54 32 wo-

207 3761 62 37 für
298 3759 87 42 hier
414 3761 40 40 in
485 3763 134 39 Köln
650 3763 182 40 Beweise
863 3761 205 50 existiren,
1111 3764 151 40 welche
1305 3765 82 41 ihm
1427 3766 246 57 keineswegs
1703 3785 92 28 zum

207 3821 161 41 Ruhme
399 3824 224 50 gereichen.

664 3960 287 37 Deutsche
987 3960 322 37 Tonhalle.

292 4038 134 38 Durch
458 4038 64 40 ein
553 4039 386 54 Ycrcins-Mitglied,
983 4043 78 40 den
1092 4043 136 40 Herrn
1260 4044 210 41 Verfasser
1514 4046 279 53 beigehenden

217 4097 225 50 Gedichtes,
490 4101 88 40 sind
620 4102 72 40 wir
721 4102 41 40 in
794 4103 122 41 Stand
955 4111 159 45 gesetzt,
1163 4107 64 39 für
1268 4107 64 40 die
1377 4108 111 39 beste
1519 4108 273 53 Composition

215 4159 211 42 desselben
467 4162 63 41 für
573 4164 116 41 eine
731 4166 344 52 Singstimme
1121 4170 83 40 und
1234 4169 158 42 Ciavier
1437 4172 78 40 den
1559 4172 113 43 Preis
1717 4187 76 29 von

1895 275 186 41 sieben
2138 279 239 40 Ducaten
2436 278 159 41 hiermit
2651 282 338 45 auszuschreiben
3047 285 105 41 ohne
3196 285 287 54 Eigentums-

1895 336 231 52 Anspruch.

1975 400 76 41 Die
2081 402 320 54 Bewerbungen,
2432 405 70 39 mit
2532 405 130 41 einem
2693 407 219 42 deutschen
2942 411 182 51 Spruche
3153 413 206 45 versehen,
3387 414 72 39 wol-

1894 462 62 37 len
1988 475 74 27 uns
2093 465 56 39 im
2179 467 138 39 Monat
2347 468 228 39 November
2604 469 39 38 d.
2671 469 34 39 J.
2753 470 100 40 frei
2897 474 255 50 zugeschickt
3195 477 175 43 werden,
3414 477 45 38 be-

1892 523 135 50 gleitet
2053 539 77 27 von
2161 528 132 41 einem
2323 529 259 53 versiegelten
2613 530 135 48 Zettel,
2779 533 71 39 der
2878 533 156 41 Namen
3066 538 80 38 und
3181 538 201 40 Wohnort
3411 539 70 39 des

1892 585 25 37 \
1935 590 186 38 erlassers
2168 591 163 48 enthält,
2377 606 186 27 aussen
2607 595 217 41 denselben
2874 596 156 51 Spruch
3076 600 110 41 führt
3230 601 83 38 und
3361 600 120 41 einen

1890 647 194 42 Künstler
2114 658 136 41 nennt,
2281 656 179 38 welchen
2491 657 70 39 der
2591 656 225 41 Einsender
2845 659 55 39 als
2932 659 263 42 Preisrichter
3225 663 134 40 wählt.

1970 711 76 39 Die
2076 713 228 52 Satzungen
2334 718 71 38 der
2436 719 195 40 Tonhaie
2662 719 88 39 sind
2782 734 48 25 zu
2862 720 192 40 beziehen
3086 735 98 27 von:

1969 772 138 40 Herrn
2136 776 431 51 Magistrats-Secrctär
2596 781 153 41 Becker
2778 783 40 39 in
2852 785 243 50 Würzburg,

2025 865 22 17 „
2130 837 273 42 Musiklehrer
2432 842 155 40 Deland
2619 844 39 38 in
2689 846 187 45 Rostock,

2023 927 21 17 „
2130 898 302 47 Grützmacher,
2465 905 153 39 Lehrer
2647 919 63 26 am
2740 908 345 42 Musik-Conserv.
3115 908 41 40 in
3185 909 178 52 Leipzig,
3392 912 83 38 und

2022 991 22 15 „
2127 961 185 39 Musik-\
2326 964 155 51 erleger
2512 966 47 39 G.
2594 968 63 39 W.
2690 969 160 40 Körner
2883 971 38 39 in
2952 971 148 47 Erfurt,

1888 1021 101 39 auch
2021 1023 65 39 bei
2117 1023 93 40 dem
2241 1025 357 42 Lntcrzeichnetcn
2646 1031 80 37 und
2773 1032 76 38 den
2881 1033 160 40 Herren
3072 1035 62 39 Fr.
3166 1034 101 40 Götz
3311 1035 80 39 und
3422 1035 54 39 K.

1888 1086 43 38 F.
1961 1085 155 40 Meckel
2145 1087 98 41 hier.
2263 1112 45 4 —
2330 1089 247 40 Demnächst
2605 1092 100 39 wird
2736 1094 71 39 der
2833 1095 20 38 V
2869 1097 110 38 erein
3010 1098 64 38 ein
3106 1098 348 40 Preis-Ausschrei-

1888 1148 80 39 ben
1999 1148 100 39 über
2129 1149 89 39 eine
2248 1150 242 41 Sinfonie
2521 1154 188 39 erlassen.

1973 1210 250 50 Mannheim,
2252 1213 161 52 August
2447 1214 114 41 1854.

2705 1281 101 40 Der
2849 1282 552 43 Vereins-Vorstand.

2237 1359 77 38 An
2359 1359 120 40 eine
2523 1361 177 40 Blume
2744 1387 45 4 —
2836 1364 90 39 das
2973 1364 157 39 Herz.

2149 1437 33 39 1.
2212 1437 150 42 Blätter
2391 1440 182 49 wanken,
2605 1442 174 39 Wolken
2811 1443 129 48 zieho,

2213 1500 131 41 Keine
2373 1502 137 40 Dauer
2539 1503 122 40 kennt
2688 1505 68 38 das
2787 1507 152 43 Leben.

2212 1564 74 39 Mit
2316 1565 90 39 dem
2439 1565 99 51 Flug
2568 1566 71 39 der
2669 1567 181 39 Stunden
2880 1566 124 44 fliehri

2211 1625 122 40 Gram
2364 1627 83 39 und
2476 1629 106 46 Lust,
2615 1640 75 28 von
2719 1630 82 39 ihm
2832 1633 196 50 gegeben.

2208 1689 203 40 Welkend
2441 1692 102 39 steht
2573 1693 64 38 die
2668 1694 250 46 Sommerau,

2212 1756 132 36 Wenn
2374 1754 83 38 sich
2488 1756 97 38 mild
2615 1756 69 40 das
2716 1755 109 42 Grab
2855 1759 230 47 bernoos'te,

2212 1815 222 40 Wehmuth
2466 1816 48 40 ist
2544 1818 92 40 dein
2666 1820 284 49 Blüthenthau,

2321 1879 98 39 Leid
2450 1879 54 40 im
2535 1881 163 41 Tröste!

2145 1956 36 40 2.
2214 1957 191 41 Dennoch
2437 1962 51 38 ob
2519 1963 71 38 der
2621 1964 43 37 W
2665 1964 9 10 T
2678 1964 242 47 olkenbahn,

2213 2019 64 41 Ob
2307 2021 91 40 dem
2427 2023 259 49 Zeitenkreis,
2715 2027 71 39 der
2815 2027 205 48 Schwüle,

2212 2083 91 38 Und
2333 2084 90 39 dem
2454 2086 152 40 bunten
2635 2088 260 41 Erdenwahn

2215 2145 157 39 Walten
2404 2149 126 50 ewige
2561 2149 195 41 Gefühle!

2210 2205 66 39 Sei
2308 2207 63 39 die
2401 2208 135 41 Sonne
2566 2213 103 40 noch
2700 2224 44 27 so
2773 2213 99 47 fern,

2210 2266 184 42 iSimmer
2423 2271 100 39 wird
2552 2272 63 39 ihr
2643 2275 154 39 Abbild
2828 2277 191 39 scheiden
3037 2291 13 33 ;

2210 2330 210 54 Hoffnung
2450 2333 48 39 ist
2528 2335 93 39 dein
2654 2337 295 49 Blüthenstern,

2321 2394 116 40 Trost
2466 2396 54 40 im
2552 2398 174 41 Leiden!
3063 2420 15 24 *

2143 2476 36 37 3.
2211 2474 89 39 Und
2331 2475 65 41 ein
2427 2478 156 48 Hauch,
2613 2491 44 28 so
2685 2481 316 52 frühlingsmikL

2214 2537 124 40 Weht
2362 2538 124 40 herab
2517 2553 70 31 aus
2616 2542 149 41 lichten
2794 2545 198 47 Räumen,
3089 2571 10 22 s

2213 2600 113 41 Lässt
2356 2601 53 40 im
2440 2603 150 48 Leben,
2619 2605 95 40 lasst
2743 2606 53 40 im
2827 2608 91 40 Bild

2214 2664 83 38 Uns
2327 2676 90 28 vom
2448 2667 103 51 ewig
2579 2667 186 41 Schönen
2794 2674 197 38 träumen.

2213 2727 205 40 Trinkend
2451 2730 107 40 diese
2587 2732 287 47 Himmelsluft,

2212 2790 132 40 Einen
2374 2791 82 42 sich
2489 2793 63 39 die
2584 2794 280 44 Gottestriebe.

2211 2851 119 47 Herz,
2361 2865 40 27 es
2432 2853 48 41 ist
2509 2855 92 39 dein
2631 2856 266 43 Blüthenduft

2319 2916 142 40 Glaub'
2491 2918 84 38 und
2604 2918 136 42 Liebe.

2978 2987 224 40 Friedr.
3234 2987 160 40 Götz.

2084 3603 111 35 IMe
2227 3606 539 39 Maederrkeinische

1887 3662 199 36 erscheint
2108 3665 120 45 jeden
2257 3665 185 49 Samstag
2470 3669 42 34 in
2549 3669 244 38 mindestens
2833 3673 128 36 einem
2997 3686 155 35 ganzen
3191 3675 156 48 Bogen;
3399 3679 54 37 all-

1890 3717 217 37 monatlich
2136 3719 98 36 wird
2261 3720 63 36 ihr
2352 3722 64 34 ein
2443 3722 334 38 Literatur-Blatt
2808 3725 257 49 beigegeben.
3096 3749 51 4 —-
3176 3729 81 36 Der
3284 3730 162 38 Abonne-

1887 3771 241 46 mentspreis'
2152 3771 159 49 beträgt
2328 3775 62 35 für
2415 3775 69 35 das
2501 3776 199 47 Halbjahr
2732 3781 19 32 2
2772 3779 123 43 Thlr.,
2924 3780 65 35 bei
3015 3780 74 35 den
3117 3782 48 33 K.
3187 3793 151 34 preuss.
3358 3784 113 38 Post-

1888 3823 214 37 Anstalten
2133 3827 19 33 2
2172 3825 106 35 Thlr.
2310 3829 21 33 5
2357 3828 86 48 Sgl*.
2472 3830 98 35 Eine
2600 3832 179 38 einzelne
2797 3832 188 40 Nummer
3009 3837 23 32 4
3052 3833 85 48 Sgr.
3168 3835 304 52 Einrückungs-

1891 3876 215 38 Grebühren
2134 3889 72 48 per
2233 3879 206 38 Petitzeile
2475 3886 18 31 2
2526 3883 87 48 Sgr.

1940 3930 128 36 Briefe
2095 3932 83 34 und
2206 3933 293 51 Zusendungen
2530 3937 99 36 aller
2665 3938 74 35 Art
2769 3938 158 35 werden
2953 3943 116 32 unter
3104 3940 69 37 der
3198 3942 175 39 Adresse
3403 3945 69 37 der

1886 3984 54 36 M.
1969 3985 571 52 DuMont-Schauberg'schen
2568 3991 328 47 Buchhandlung
2931 3993 42 34 in
3000 3993 106 36 Köln
3135 3995 174 39 erbeten.

2006 4072 379 46 Verantwortlicher
2413 4079 304 53 Herausgeber:
2756 4081 107 38 Prof.
2892 4081 44 41 L.
2966 4081 182 43 Bischoff
3171 4085 42 39 in
3243 4087 122 39 Köln.

1954 4125 214 54 Verleger:
2196 4130 55 39 M.
2281 4132 541 52 DuMont-Schauberg'sche
2853 4134 322 56 Buchhandlung
3204 4139 41 39 in
3272 4140 126 40 Köln.

1928 4179 203 41 Drucker:
2159 4182 55 40 M.
2248 4184 432 53 DuMont-Schauberg
2710 4187 45 39 in
2780 4186 121 51 Köln,
2933 4187 254 45 Breitstrassc
3219 4192 49 41 76
3299 4205 39 29 u.

2463 3265 41 17 4iJ
2545 3260 42 23 *JÜ

1940 3340 83 44 Alle
2050 3350 41 34 in
2121 3348 120 36 dieser
2267 3349 315 51 Musik-Zeitung
2625 3354 274 49 besprochenen
2938 3359 81 34 Und
3054 3361 300 49 angekündigten
3382 3365 92 36 Mu-

1886 3402 158 35 sicalien
2072 3410 67 29 etc.
2170 3403 87 35 sind
2284 3418 47 21 zu
2359 3406 168 35 erhallen
2557 3420 38 22 in
2626 3408 64 36 der
2718 3417 87 29 stets
2829 3411 229 49 vollständig
3097 3418 223 35 ctssovlirten
3347 3418 126 37 yiusi—

1887 3455 355 50 calien-Handlung
2279 3459 104 36 nebst
2418 3459 237 39 Leihanstalt
2696 3476 74 22 von
2813 3464 300 39 BERNHARD
3161 3470 223 37 BREUER
3433 3473 40 36 in

1889 3509 141 45 Köln,
2061 3510 248 37 Ilochstrasse
2332 3514 73 34 'Nr.
2435 3513 64 36 97.
