2585 4033
1300 195 79 72 24

296 334 228 79 pleuré
544 337 375 75 d'angoisse
948 338 61 57 et
1037 337 358 72 d'horreur,
1432 338 284 70 sentant,
1745 353 154 42 avec
1919 353 92 42 un
2041 353 153 44 sexe
2211 336 183 72 neuf,

300 416 277 59 sourdre
634 432 80 42 en
759 416 97 59 lui
888 416 309 76 l'inquiet
1240 416 179 59 désir
1472 433 167 59 pour
1691 417 166 58 cette
1896 416 233 59 moitié
2178 416 78 59 de
2299 416 98 58 lui

300 510 286 59 presque
611 494 295 77 pareille,
940 497 163 57 cette
1133 494 241 61 femme
1407 494 407 75 tout-à-coup
1848 494 245 77 surgie,
2126 494 87 71 là,
2238 494 159 77 qu'il

300 572 339 60 embrasse
673 578 61 55 et
766 573 161 76 qu'il
960 573 307 60 voudrait
1293 574 374 77 reprendre,
1805 574 164 58 cette
2002 572 244 60 femme
2280 573 114 76 qui

298 652 165 58 dans
491 652 320 76 l'aveugle
841 653 192 59 effort
1056 654 78 58 de
1165 659 249 54 recréer
1441 670 88 40 un
1559 652 132 60 être
1722 652 240 76 parfait
1994 653 62 57 et
2088 651 308 59 d'arrêter

294 729 63 59 là
389 732 165 58 cette
576 747 349 58 engeance,
959 732 139 58 fera
1128 732 264 77 s'agiter
1423 748 78 42 en
1527 748 115 41 son
1674 732 142 58 sein
1834 732 335 57 l'inconnu
2199 731 195 58 d'une

294 825 143 43 race
466 809 336 70 nouvelle,
836 813 61 56 et
927 811 253 59 bientôt
1211 827 318 60 poussera
1561 811 164 57 dans
1752 809 61 60 le
1843 811 217 76 temps
2087 827 91 42 un
2211 811 185 57 autre

295 888 156 72 être,
487 888 363 78 incomplet
879 906 230 42 encore
1141 891 62 58 et
1235 889 113 77 qui
1380 906 80 40 ne
1491 906 69 40 se
1593 888 235 60 suffira
1856 906 141 60 pas.

375 966 222 60 Triste
633 985 142 41 race
809 968 116 75 qui
955 969 63 57 te
1049 968 408 76 disperseras
1486 982 115 43 sur
1630 968 167 58 cette
1828 969 169 59 terre
2025 968 77 58 de
2134 967 226 76 crépus-

294 1046 146 59 cule
470 1048 61 57 et
563 1046 79 58 de
666 1046 273 76 prières,
973 1063 154 42 avec
1153 1047 65 58 la
1234 1044 217 61 vision
1475 1046 416 77 quelquefois
1913 1047 165 57 dans
2101 1046 293 72 l'extase,

300 1124 90 59 du
418 1124 281 60 Paradis
728 1124 208 78 perdu
968 1126 62 57 et
1061 1142 128 58 que
1217 1126 75 58 tu
1324 1124 458 60 rechercheras
1811 1126 263 74 partout
2098 1142 17 55 ;
2255 1141 142 43 race

301 1203 84 58 où
440 1203 293 58 naîtront
778 1220 167 59 pour
990 1204 64 57 te
1100 1203 320 72 consoler,
1467 1203 117 58 des
1626 1203 370 77 prophètes,
2171 1204 63 59 et
2283 1203 116 60 des

298 1280 247 78 poètes,
596 1298 109 41 car
746 1280 134 78 j'en
912 1282 167 72 suis,
1115 1282 113 76 qui
1278 1298 69 42 se
1390 1282 476 59 souviendront
1909 1282 156 58 d'un
2101 1282 208 71 Eden,
2338 1284 63 57 et

294 1359 468 60 recueilleront
800 1360 421 77 pieusement
1267 1360 100 59 les
1410 1360 290 60 feuillets
1731 1359 322 73 déchirés,
2088 1360 89 59 du
2203 1360 195 60 Livre

300 1439 445 64 immémorial
778 1440 82 60 où
896 1457 70 43 se
991 1439 268 61 lisaient
1287 1439 99 61 les
1413 1440 240 60 vérités
1682 1439 157 78 qu'il
1871 1440 142 60 faut
2040 1442 356 59 connaître.

1322 1759 63 60 II

374 2008 68 60 Si
488 2008 309 60 Narcisse
836 2025 69 42 se
953 2007 385 71 retournait,
1371 2007 48 58 il
1472 2006 240 59 verrait
1749 2007 67 77 je
1853 2023 203 60 pense
2114 2008 287 78 quelque

292 2089 180 58 verte
515 2087 221 76 berge,
765 2105 91 40 un
907 2086 123 61 ciel
1081 2086 344 78 peut-être,
1457 2084 278 74 l'Arbre,
1767 2087 63 57 la
1858 2086 221 73 Fleur,
2114 2087 287 77 quelque

291 2167 197 60 chose
512 2167 80 58 de
621 2166 211 59 stable
864 2166 199 71 enfin,
1085 2168 63 57 et
1176 2166 116 76 qui
1325 2166 184 72 dure,
1540 2164 167 59 mais
1739 2166 159 58 dont
1922 2164 61 61 le
2004 2166 211 71 reflet,
2236 2168 124 57 tom-

291 2247 160 58 bant
492 2263 117 42 sur
635 2246 171 59 l'eau
839 2263 68 42 se
940 2246 175 59 brise
1157 2249 64 56 et
1265 2261 127 61 que
1421 2244 67 60 la
1518 2243 301 61 mobilité
1851 2246 115 58 des
1998 2246 151 59 flots
2182 2247 180 60 diver-

292 2326 168 59 sifie.

374 2404 238 71 Quand
643 2404 166 60 donc
840 2406 167 59 cette
1039 2421 122 43 eau
1194 2403 467 61 cessera-t-elle
1693 2422 73 41 sa
1801 2403 208 61 fuite?
2041 2406 64 58 et
2134 2406 268 76 reposée

294 2484 200 75 enfin,
530 2487 307 75 stagnant
866 2484 253 71 miroir,
1155 2483 374 72 dira-t-elle,
1564 2501 80 42 en
1668 2483 63 60 la
1763 2483 229 78 pureté
2021 2486 272 75 pareille
2323 2486 78 58 de

291 2564 377 77 l'image,—
692 2564 271 77 pareille
987 2563 175 60 enfin
1189 2562 272 79 jusqu'à
1484 2580 68 41 se
1578 2562 351 61 confondre
1960 2580 155 43 avec
2145 2563 160 60 elles

292 2644 99 60 les
433 2643 215 79 lignes
698 2643 80 61 de
821 2661 106 42 ces
971 2642 247 61 formes
1267 2642 261 72 fatales,
1677 2642 268 77 jusqu'à
1974 2642 98 60 les
2111 2642 288 73 devenir,

292 2723 199 60 enfin.

372 2802 239 71 Quand
643 2802 164 60 donc
832 2802 61 60 le
922 2803 240 75 temps,
1195 2802 259 60 cessant
1495 2818 71 42 sa
1602 2801 189 72 fuite,
1827 2801 416 61 laissera-t-il
2275 2820 127 59 que

292 2884 101 58 cet
421 2882 412 60 écoulement
880 2898 70 44 se
990 2882 271 76 repose?
1286 2882 302 58 Formes!
1625 2879 247 61 formes
1905 2882 263 60 divines
2209 2884 63 58 et
2298 2883 70 76 pé-

292 2961 327 59 rennelles
643 2962 13 58 !
692 2962 115 76 qui
846 2961 366 59 n'attendez
1255 2977 127 60 que
1420 2961 61 58 le
1522 2977 193 60 repos
1758 2977 166 60 pour
1954 2963 378 74 reparaître,
2368 2963 34 59 ô

294 3041 246 75 quand,
565 3041 166 59 dans
764 3039 216 78 quelle
1006 3041 173 72 nuit,
1212 3041 165 59 dans
1405 3039 155 78 quel
1592 3039 264 73 silence,
1882 3057 167 43 vous
2079 3041 291 59 recristal-

291 3118 471 61 liserez-vous?

370 3198 91 60 Le
483 3199 278 59 Paradis
794 3201 99 59 est
922 3201 309 76 toujours
1264 3199 36 59 à
1325 3198 236 61 refaire
1583 3217 15 55 ;
1632 3198 172 61 mais
1833 3199 49 59 il
1910 3198 168 61 n'est
2102 3199 186 77 point
2319 3217 82 43 en

295 3278 286 78 quelque
610 3278 319 61 lointaine
962 3281 235 59 Thulé.
1222 3279 92 60 Le
1345 3279 276 60 Paradis
1653 3281 100 58 est
1783 3296 159 42 sous
1965 3278 433 78 l'apparence.

296 3358 268 76 Chaque
593 3357 195 61 chose
814 3358 271 74 détient,
1117 3358 331 72 virtuelle,
1481 3358 280 60 l'intime
1796 3358 342 60 harmonie
2169 3359 79 59 de
2281 3376 120 43 son

295 3438 160 70 être,
479 3453 255 44 comme
765 3438 251 78 chaque
1047 3438 118 72 sel,
1202 3456 78 42 en
1310 3438 123 71 lui,
1454 3437 398 77 l'archétype
1885 3437 79 60 de
1992 3455 119 43 son
2142 3438 256 75 cristal;

413 3518 65 60 et
506 3517 239 61 vienne
792 3535 92 43 un
929 3521 218 75 temps
1193 3519 80 60 de
1321 3518 149 60 nuit
1507 3518 222 75 tacite,
1758 3518 84 61 où
1889 3517 96 61 les
2034 3535 169 44 eaux
2247 3519 154 77 plus
