2585 4033
1295 192 82 63 22

292 325 289 60 mêmes?
611 324 168 59 C'est
811 325 165 57 donc
1010 325 273 74 qu'elles
1330 325 150 57 sont
1503 321 434 78 imparfaites,
1955 321 441 78 puisqu'elles

293 404 524 64 recommencent
845 400 377 77 toujours...
1259 404 61 57 et
1350 402 247 69 toutes,
1630 400 361 75 pense-t-il,
2029 400 365 62 s'efforcent

299 499 148 42 vers
506 481 286 76 quelque
842 482 219 70 chose,
1094 499 150 41 vers
1275 498 129 43 une
1439 480 206 60 forme
1674 479 324 78 première
2024 480 265 77 perdue,

294 559 465 78 paradisiaque
787 560 62 57 et
887 557 382 61 cristalline.

373 637 306 61 Narcisse
709 637 149 61 rêve
896 654 81 43 au
1009 637 289 77 paradis.

1328 926 29 59 I

373 1110 90 59 Le
502 1109 276 58 Paradis
821 1107 225 59 n'était
1084 1126 109 58 pas
1240 1108 239 76 grand;
1513 1124 192 60 parce
1745 1124 129 60 que
1916 1107 337 77 parfaites,
2294 1105 100 60 les

289 1187 271 59 Formes
588 1187 110 74 n'y
723 1185 446 60 fleurissaient
1192 1185 288 60 chacune
1507 1187 241 74 qu'une
1782 1184 154 74 fois,
1970 1187 59 57 et
2054 1203 91 41 un
2171 1184 223 77 jardin

289 1267 97 59 les
416 1265 208 60 tenait
648 1267 240 57 toutes.
1028 1264 115 60 S'il
1174 1264 182 72 était,
1391 1282 85 40 ou
1505 1265 102 57 s'il
1639 1264 227 60 n'était
1898 1282 142 58 pas,
2071 1280 127 60 que
2222 1280 169 41 nous

289 1343 397 76 importe?...
724 1343 169 58 mais
924 1343 45 58 il
997 1338 159 63 était
1180 1343 112 71 tel,
1328 1343 101 58 s'il
1461 1343 178 72 était,
1772 1359 257 42 comme
2058 1343 66 58 la
2151 1343 237 57 Forme

287 1424 64 57 la
392 1423 153 76 plus
587 1421 274 77 parfaite
912 1421 79 59 de
1038 1421 193 60 Dieu.
1291 1421 170 59 Tout
1505 1423 99 75 s'y
1655 1421 413 60 cristallisait
2125 1438 78 41 en
2261 1437 131 42 une

289 1501 208 60 forme
535 1500 389 68 nécessaire,
978 1503 64 57 et
1088 1501 146 59 tout
1282 1500 159 60 était
1496 1500 472 76 parfaitement
2027 1500 173 59 ainsi
2255 1515 127 60 que

290 1583 143 57 tout
473 1580 218 59 devait
727 1580 157 59 être.
1047 1580 171 57 Tout
1259 1579 368 60 demeurait
1670 1579 375 70 immobile,
2093 1595 108 42 car
2237 1579 146 57 rien

291 1675 80 42 ne
421 1659 358 58 souhaitait
818 1658 198 59 d'être
1062 1658 248 58 mieux.
1354 1659 94 57 La
1494 1658 183 59 seule
1725 1656 211 61 calme
1983 1656 399 77 gravitation

294 1736 222 60 faisait
545 1736 362 60 lentement
938 1735 268 60 évoluer
1234 1736 402 60 l'ensemble.

371 1816 84 60 Et
484 1833 254 43 comme
771 1833 215 42 aucun
1029 1815 146 60 élan
1222 1833 80 42 ne
1334 1833 203 55 cesse,
1570 1815 164 60 dans
1768 1815 60 60 le
1866 1814 205 60 Passé
2120 1814 69 58 ni
2228 1814 164 58 dans

293 1895 317 71 l'Avenir,
642 1895 61 59 le
732 1895 277 59 Paradis
1039 1893 228 61 n'était
1295 1912 119 58 pas
1447 1895 283 71 devenu,
1866 1893 48 59 il
1937 1893 160 61 était
2123 1893 232 77 simple-

294 1975 181 60 ment
510 1974 236 76 depuis
771 1973 327 78 toujours.

373 2131 237 64 Chaste
635 2130 183 60 Eden
842 2130 13 60 !
891 2130 264 60 Jardin!
1194 2130 224 76 jardin
1451 2131 115 59 des
1606 2131 208 59 Idées.
1852 2130 100 60 Où
1996 2131 99 59 les
2139 2129 249 61 formes

291 2209 468 76 rhythmiques
788 2210 62 57 et
877 2209 211 71 sûres,
1113 2209 358 60 révélaient
1498 2227 155 42 sans
1686 2210 186 59 effort
1902 2210 147 59 leur
2069 2209 311 72 nombre;

293 2290 85 57 où
421 2289 255 75 chaque
717 2286 194 61 chose
948 2286 154 61 était
1143 2304 70 43 ce
1259 2288 235 76 qu'elle
1531 2289 387 76 paraissait;
1955 2305 107 41 car
2102 2304 289 61 prouver

295 2366 159 60 était
480 2366 261 60 inutile.

371 2445 215 60 Eden!
620 2448 85 57 où
734 2446 96 60 les
861 2446 215 59 brises
1117 2446 392 60 chanteuses
1549 2446 388 60 ondulaient
1988 2464 79 42 en
2109 2443 275 63 courbes

293 2525 309 76 prévues;
654 2526 84 58 où
787 2525 58 60 le
891 2526 120 58 ciel
1061 2523 222 62 étalait
1326 2525 206 60 l'azur
1579 2543 114 42 sur
1745 2526 65 59 la
1856 2525 269 78 pelouse
2175 2526 172 74 symé-

293 2605 254 75 trique;
600 2605 84 59 où
727 2605 98 59 les
868 2605 275 60 oiseaux
1185 2605 243 60 étaient
1457 2605 272 61 couleur
1775 2605 89 60 du
1903 2608 216 73 temps
2180 2609 62 56 et
2291 2606 98 59 les

291 2684 330 76 papillons
653 2700 116 42 sur
797 2684 97 60 les
926 2684 202 60 fleurs
1160 2684 307 60 faisaient
1490 2684 117 61 des
1631 2685 379 60 harmonies
2045 2685 309 75 providen-

293 2761 247 73 tielles;
574 2764 84 57 où
698 2763 97 59 les
837 2779 183 42 roses
1061 2763 244 59 étaient
1344 2780 182 42 roses
1568 2780 190 60 parce
1792 2780 126 60 que
1959 2764 96 58 les
2095 2761 292 63 cétoines

293 2840 243 60 étaient
560 2843 239 71 vertes,
826 2841 115 77 qui
966 2841 307 61 venaient
1303 2843 154 58 c'est
1489 2844 326 75 pourquoi
1846 2841 100 75 s'y
1973 2858 216 60 poser.
2222 2844 171 58 Tout

293 2921 158 57 était
496 2920 241 78 parfait
773 2939 255 42 comme
1062 2939 93 41 un
1195 2921 275 61 nombre
1512 2924 62 58 et
1616 2940 68 42 se
1729 2923 301 58 scandait
2069 2923 285 59 normale-

291 3000 214 71 ment;
548 3017 91 40 un
681 3000 230 60 accord
950 2999 287 61 émanait
1289 3000 89 60 du
1420 3001 267 77 rapport
1729 3001 115 60 des
1884 3000 249 78 lignes;
2186 3005 118 56 sut
2331 2992 61 69 le

286 3079 224 75 jardin
538 3079 254 76 planait
821 3097 128 40 une
980 3079 334 61 uniforme
1345 3081 425 77 symphonie.

370 3156 107 59 Au
515 3160 218 56 centre
775 3159 79 58 de
897 3147 254 84 l'Ëden,
1197 3159 336 76 Ygdrasil,
1566 3159 237 60 l'arbre
1851 3158 541 80 logarithmique,

291 3235 333 77 plongeait
656 3238 164 58 dans
850 3236 60 60 le
944 3238 97 59 sol
1074 3254 105 42 ses
1209 3238 257 59 racines
1498 3238 78 61 de
1610 3239 128 71 vie,
1781 3239 62 58 et
1872 3239 373 76 promenait
2278 3257 115 42 sur

293 3316 67 59 la
409 3315 271 76 pelouse
724 3318 261 72 autour,
1030 3316 272 61 l'ombre
1352 3318 255 77 épaisse
1659 3319 79 58 de
1778 3335 120 42 son
1938 3318 338 78 feuillage,
2309 3321 84 58 où

296 3394 347 76 s'éployait
671 3396 65 59 la
773 3395 181 60 seule
991 3396 184 59 Nuit.
1208 3395 187 61 Dans
1438 3396 301 73 l'ombre,
1773 3398 221 58 contre
2027 3414 120 42 son
2184 3401 210 68 tronc,

296 3474 371 77 s'appuyait
713 3474 61 59 le
814 3475 166 60 livre
1020 3475 90 60 du
1152 3476 292 76 Mystère
1590 3478 84 58 où
1725 3494 70 42 se
1846 3476 183 60 lisait
2067 3478 64 58 la
2172 3478 223 61 Vérité
