2585 4033
367 525 870 158 CÉRÉMONIAL
1349 523 884 175 ACADÉMIQUE

677 1103 155 50 Trois
855 1107 53 46 et
929 1103 141 50 deux
1082 1103 122 50 font
1221 1105 125 62 cinq
1369 1106 56 47 et
1447 1103 128 63 cinq
1598 1105 123 48 font
1735 1102 94 51 dix
1852 1106 55 46 et
1929 1103 93 50 dix
2041 1105 122 48 font
2185 1107 171 61 vingt.

676 1167 211 60 Allons,
926 1167 180 47 saluez
1142 1181 91 33 ces
1270 1167 319 48 Messieurs.

675 1228 218 61 Dignus
927 1232 85 44 est
1043 1227 223 49 intrare.

1414 1291 77 47 LE
1534 1300 225 38 MALADE
1791 1304 345 36 IMAGINAIRE.

2012 1373 245 47 Passim.

318 1542 129 61 Les
479 1540 212 79 sujets
723 1539 117 79 qui
869 1542 411 76 provoquent
1317 1539 61 61 le
1410 1539 152 74 rire,
1589 1540 149 60 tout
1764 1557 78 43 en
1876 1540 250 60 restant
2158 1539 34 61 à
2223 1557 128 60 peu

235 1622 153 78 près
417 1622 98 59 les
545 1622 250 58 mêmes
826 1619 37 60 à
892 1623 251 56 travers
1185 1618 98 61 les
1313 1620 180 74 âges,
1527 1620 174 70 sont,
1731 1620 154 60 tour
1915 1619 36 60 à
1981 1622 178 69 tour,
2200 1619 152 78 plus

236 1719 87 42 ou
355 1700 218 60 moins
604 1717 80 42 en
719 1698 250 61 faveur.
1007 1698 56 59 Il
1095 1714 81 43 en
1208 1699 99 58 est
1339 1699 161 58 dont
1532 1699 62 57 la
1625 1698 174 59 force
1835 1698 334 59 d'hilarité
2204 1699 120 58 s'at-

235 1782 201 59 ténue
464 1779 223 60 tandis
719 1794 125 61 que
877 1778 285 59 d'autres
1193 1794 81 43 en
1303 1780 325 74 prennent
1655 1794 130 43 une
1818 1777 304 60 nouvelle
2155 1796 86 41 ou
2274 1796 78 41 en

235 1860 390 61 recouvrent
692 1874 132 42 une
899 1858 340 60 ancienne.
1307 1859 128 57 Les
1509 1857 339 61 médecins
1919 1860 115 58 ont
2108 1858 242 60 diverti

234 1938 270 62 Molière
532 1939 61 59 et
625 1937 79 59 de
742 1937 168 59 bons
941 1937 240 76 esprits
1218 1937 327 59 semblent
1574 1937 222 77 portés
1835 1937 37 58 à
1903 1937 207 59 croire
2152 1937 199 77 qu'ils

231 2017 385 80 pourraient
663 2033 229 42 encore
940 2033 170 42 nous
1147 2014 296 61 divertir.
1490 2015 88 60 M.
1627 2015 330 78 Stéphane
2003 2015 345 61 Mallarmé

231 2116 82 43 ne
344 2097 174 61 dit-il
558 2113 142 61 pas,
733 2094 273 79 parfois,
1040 2112 127 60 que
1214 2094 99 60 les
1360 2094 163 61 trois
1570 2095 395 77 principaux
2011 2095 214 78 sujets
2266 2097 80 58 de

228 2178 303 76 comique
562 2179 148 56 sont
746 2193 12 39 :
793 2175 171 68 Eux,
996 2174 96 60 les
1108 2174 400 76 ingénieurs
1540 2179 63 55 et
1632 2174 99 60 les
1763 2175 285 60 secrètes
2079 2174 225 78 préten-

229 2258 179 61 tions
443 2258 116 58 des
592 2255 302 61 femmes.
931 2253 316 62 Flaubert
1275 2272 46 57 y
1362 2254 390 60 substituait
1786 2272 13 40 :
1833 2254 67 60 la
1947 2255 249 60 lecture
2230 2255 118 60 des

230 2335 497 71 dictionnaires,
758 2334 117 60 des
924 2335 271 59 auteurs
1226 2333 289 61 célèbres
1548 2334 63 58 et
1641 2333 186 59 aussi
1858 2334 117 60 des
2004 2334 342 78 tragiques

229 2417 91 59 du
346 2415 288 79 premier
659 2414 289 78 Empire.

305 2627 207 72 Quels
569 2644 128 61 que
751 2626 216 61 soient
1033 2626 99 61 les
1198 2626 193 78 goûts
1447 2626 419 78 particuliers
1924 2626 80 61 de
2060 2627 278 70 chacun,

224 2725 283 61 presque
550 2710 147 58 tout
739 2707 63 60 le
847 2706 240 60 monde
1129 2724 68 42 se
1236 2706 210 76 prend
1494 2706 37 59 à
1570 2707 257 61 sourire
1875 2707 471 63 discrètement

220 2787 223 79 quand
473 2805 84 43 on
595 2787 179 77 parle
805 2787 79 59 de
925 2785 402 61 l'Académie
1368 2786 64 60 et
1471 2803 84 43 on
1604 2804 37 42 a
1670 2786 144 60 l'air
1844 2787 80 60 de
1970 2787 363 61 s'accorder

219 2867 38 59 à
286 2884 81 43 ne
405 2866 65 60 la
506 2860 188 85 point
741 2870 259 56 trouver
1047 2881 156 44 sans
1242 2864 341 63 ridicules.
1622 2865 102 61 On
1763 2866 99 59 lui
1894 2883 82 43 en
2018 2866 219 61 donne
2270 2870 66 58 et

228 2946 128 62 elle
383 2963 81 43 en
494 2964 60 43 a.

301 3026 56 61 Il
402 3044 82 42 va
516 3043 156 43 sans
717 3025 138 61 dire
896 3041 149 63 que,
1080 3024 225 78 quand
1331 3041 84 44 on
1444 3025 179 77 parle
1667 3025 213 74 d'elle,
1923 3043 83 43 on
2035 3026 313 79 envisage

216 3106 440 60 l'lnstitution
687 3105 238 79 qu'elle
971 3105 207 60 forme
1217 3105 152 77 plus
1410 3123 127 59 que
1581 3123 168 42 ceux
1788 3105 117 79 qui
1947 3106 66 60 la
2054 3106 286 62 forment

223 3188 64 59 et
316 3185 319 79 l'opinion
667 3186 197 78 qu'on
906 3185 157 77 peut
1094 3186 183 59 avoir
1317 3185 117 61 des
1475 3184 322 62 éléments
1829 3185 116 77 qui
1975 3185 66 61 la
2082 3204 220 61 compo-

224 3268 147 59 sent
427 3266 169 60 n'est
649 3283 120 61 pas
818 3266 66 59 la
931 3265 215 60 même
1199 3281 127 61 que
1373 3264 160 62 celle
1590 3265 200 79 qu'on
1837 3283 38 42 a
1923 3265 93 61 du
2069 3268 272 76 produit

224 3346 240 79 qu'elle
490 3348 120 59 est.

297 3424 54 61 H
381 3442 46 60 y
457 3444 36 43 a
532 3428 119 60 des
681 3426 305 62 hommes
1018 3425 332 62 éminents
1378 3426 116 79 qui
1536 3444 80 43 en
1660 3425 145 62 font
1842 3426 211 79 partie
2097 3445 155 43 sans
2295 3447 43 59 y
