2585 4033
1196 178 79 65 47

172 315 276 62 l'article
480 315 115 58 des
640 315 406 57 Entretiens
1086 313 373 68 politiques
1503 310 65 57 et
2003 349 15 24 ,
2052 298 246 62 recueil

171 396 504 61 littérairement
719 393 154 59 bien
901 388 313 74 informé,
1248 391 64 57 et
1356 387 159 60 dont
1557 383 331 61 l'autorité
1921 383 101 59 est
2053 379 244 79 grande

175 475 241 77 auprès
444 475 117 58 des
603 471 297 61 fervents
933 470 80 58 de
1056 468 257 71 lettres,
1341 482 173 42 nous
1543 463 274 60 n'avons
1850 461 121 59 fait
2001 458 301 78 qu'obéir

175 574 86 40 au
310 553 180 60 désir
536 569 183 43 assez
766 548 260 63 naturel
1068 548 80 60 de
1197 546 384 76 renseigner
1620 543 99 59 les
1766 539 379 61 Ardennais
2187 555 124 43 sur

174 636 148 60 leur
357 631 453 77 compatriote.

255 713 413 60 L'existence
719 711 91 58 du
857 708 190 79 poète
1106 722 129 61 que
1293 703 170 61 Paul
1511 699 314 64 Verlaine
1876 697 288 77 appelait
2210 713 93 41 un

180 815 29 33 «
244 810 162 60 ange
438 809 82 43 en
561 791 133 58 exil
726 811 29 36 »
792 790 161 61 était
987 786 313 62 entourée
1345 783 158 60 d'un
1548 779 283 79 profond
1862 777 313 76 mystère.
2208 776 97 58 La

174 873 274 78 légende
475 871 259 60 tendait
773 871 37 58 à
838 868 419 78 représenter
1295 862 342 62 Rimbaud
1667 875 258 45 comme
1956 873 92 42 un
2086 854 217 60 Villon

180 953 338 60 moderne.
545 950 83 59 Sa
650 950 375 77 réputation
1054 947 80 59 de
1159 945 282 61 bohème
1474 945 64 57 et
1569 942 80 60 de
1677 937 298 62 déclassé
2006 952 83 43 ne
2122 951 148 60 repo-

180 1033 152 70 sait,
374 1032 233 70 certes,
650 1047 116 41 sur
813 1045 219 43 aucun
1083 1025 121 59 fait
1247 1023 213 78 précis
1511 1037 86 43 ou
1646 1017 369 62 nettement
2056 1014 203 60 établi
2290 1031 20 55 ;

178 1112 323 79 peut-être
557 1127 82 44 ne
691 1110 100 59 lui
846 1106 382 62 venait-elle
1282 1120 129 62 que
1461 1102 117 60 des
1633 1100 339 59 racontars
2030 1094 120 61 des
2207 1092 68 62 cé-

183 1211 38 41 il
233 1192 172 59 ciclcs
418 1237 12 12 •

263 1272 58 59 A
352 1271 64 58 la
445 1270 334 77 réception
811 1268 80 60 de
915 1267 68 59 la
1000 1266 195 60 lettre
1223 1263 80 60 de
1324 1262 160 61 Mlle
1515 1257 367 70 Rimbaud,
1905 1271 171 44 nous
2105 1270 210 43 avons

181 1351 144 60 relu
367 1351 100 58 les
514 1351 178 58 deux
738 1347 235 61 études
1018 1361 120 43 sur
1168 1361 119 42 son
1334 1341 172 61 frère
1545 1336 421 63 considérées
1991 1332 320 80 jusqu'ici

181 1446 256 45 comme
468 1428 96 61 les
597 1428 231 60 mieux
865 1423 471 63 documentées
1369 1440 12 41 :
1427 1425 117 56 Les
1575 1417 242 62 Poètes
1860 1416 314 61 maudits
2184 1459 15 25 ,
2232 1412 87 60 de

181 1510 334 72 Verlaine,
550 1510 62 59 et
656 1505 348 75 VEnquête
1047 1500 350 63 littéraire
1439 1498 268 80 publiée
1754 1514 81 43 en
1863 1493 261 79 janvier
2154 1491 162 61 1889

183 1592 166 59 dans
378 1591 65 58 la
482 1595 235 54 Revue
766 1583 508 77 indépendante
1284 1630 12 26 ,
1326 1599 119 61 par
1473 1581 88 60 M.
1597 1577 350 78 Rodolphe
1989 1575 320 58 Darzens.

179 1670 183 59 Elles
393 1686 82 43 ne
500 1667 292 60 révèlent
818 1666 143 60 rien
989 1665 79 58 de
1093 1661 245 61 décisif
1355 1662 37 59 à
1412 1658 248 79 l'égard
1691 1658 78 57 de
1793 1672 107 43 ses
1926 1653 383 61 aventures.

185 1751 205 60 Notre
421 1749 229 60 devoir
682 1751 99 57 est
814 1747 167 59 donc
1023 1745 79 58 de
1135 1741 385 62 considérer
1552 1741 61 58 le
1643 1737 163 61 récit
1836 1733 114 62 de'
1950 1733 154 62 Mlle
2135 1732 144 60 Rim-

185 1830 183 61 baud
414 1845 256 43 comme
720 1825 427 62 absolument
1206 1821 375 76 véridique,
1633 1834 159 44 sans
1849 1813 184 61 avoir
2084 1811 236 61 besoin

184 1928 171 61 pour
396 1909 138 60 cela
566 1909 79 59 de
692 1920 439 63 soupçonner,
1166 1902 36 60 à
1234 1920 122 42 son
1389 1898 324 78 exemple,
1747 1897 65 59 la
1853 1895 218 61 bonne
2103 1891 93 62 foi
2227 1891 93 59 du

183 1990 348 59 rédacteur
569 1989 118 59 des
720 1986 399 61 Entretiens
1148 1985 378 72 potitiques
1557 1981 68 57 et
1653 1978 404 59 littéraires.

265 2069 117 61 Cet
425 2067 300 61 incident
773 2062 366 64 n'aurait-il
1181 2079 82 43 eu
1307 2077 168 61 pour
1505 2057 282 61 résultat
1835 2071 127 60 que
1994 2049 330 63 d'obtenir

183 2150 119 60 des
345 2146 579 80 renseignements
964 2142 476 76 authentiques
1472 2157 118 42 sur
1635 2138 64 60 le
1747 2136 191 79 poète
1966 2135 115 58 des
2119 2135 204 57 Assis

183 2231 63 59 et
296 2230 118 60 des
749 2229 17 73 Effarés
767 2274 81 26 ,
849 2241 161 62 que
1011 2240 156 43 nous
1213 2221 313 61 devrions
1577 2234 173 44 nous
1799 2234 83 43 en
1931 2211 306 72 féliciter,
2270 2211 53 58 il

181 2311 176 59 reste
388 2309 168 61 donc
589 2324 128 61 que
750 2321 174 46 nous
955 2319 208 44 avons
1199 2302 38 60 à
1279 2297 356 64 remercier
1681 2295 160 64 Mlle
1868 2291 342 63 Rimbaud
2243 2291 86 57 de

184 2404 74 44 sa
303 2389 136 61 très
489 2386 444 62 intéressante
983 2380 597 72 communication,
1624 2378 64 60 et
1733 2391 174 45 nous
1953 2373 62 60 le
2065 2371 265 61 faisons

181 2470 473 59 sincèrement.

1568 2534 250 64 HENRY
1860 2535 299 58 LEYRET.

260 2782 189 61 Nous
480 2798 316 45 recevons
826 2781 65 60 la
933 2780 193 59 lettre
1158 2776 307 61 suivante
1498 2773 79 59 de
1611 2770 88 61 M.
1736 2767 174 62 Paul
1952 2762 312 63 Verlaine
2300 2781 14 41 :

1293 2905 176 55 Paris
1498 2904 56 54 le
1583 2903 36 53 5
1644 2899 243 74 janvier
1906 2895 163 57 1892.

468 3012 148 53 Mon
646 3011 142 53 cher
811 3006 437 63 Vielé-Griffin,

251 3102 70 54 Je
350 3101 226 71 prends
625 3100 336 54 seulement
1011 3096 459 61 connaissance,
1502 3091 216 56 vivant
1768 3101 73 41 en
1895 3085 146 68 loup
2090 3096 241 41 comme

180 3187 156 40 vous
364 3189 197 49 savez,
595 3171 73 55 de
697 3168 251 56 l'article
975 3168 169 70 signé
1166 3168 123 54 D...
1328 3180 106 38 sur
1455 3161 241 58 Arthur
1727 3156 330 63 Rimbaud,
2096 3154 73 52 de
2220 3153 109 70 qui

181 3243 64 55 la
270 3247 162 51 mort
462 3260 37 37 a
528 3242 215 71 depuis
774 3243 91 52 été
895 3238 602 56 malheureusement
1526 3232 343 56 confirmée.

249 3316 101 63 Or,
383 3314 156 55 dans
571 3318 89 51 cet
693 3312 230 63 article,
952 3314 135 52 tout
1107 3311 73 53 de
1201 3312 174 51 notes
1397 3306 332 63 curieuses,
1757 3300 46 55 il
1822 3317 42 53 y
1897 3316 37 37 a
1957 3312 120 39 une
2099 3295 235 73 phrase

181 3402 107 38 sur
315 3403 104 38 ma
453 3407 26 31 «
513 3387 273 56 violence
818 3389 58 51 et
912 3401 102 38 ma
1061 3380 394 56 méchanceté
1512 3375 181 56 réelle
1743 3394 27 28 »
1818 3373 150 54 dont
2004 3370 57 54 le
2099 3369 239 53 lecteur

177 3458 108 70 qui
315 3474 96 40 me
442 3457 372 57 connaîtrait
840 3473 87 40 un
956 3471 116 56 peu
1105 3453 185 56 serait
1322 3468 75 38 en
1428 3449 160 55 droit
1637 3448 184 53 d'être
1851 3458 168 39 assez
2066 3439 263 71 surpris,

179 3530 52 52 si
278 3529 151 56 ledit
470 3530 209 55 article
710 3529 212 56 n'était
951 3527 223 55 éxtrait
1206 3525 182 54 d'une
1427 3521 177 55 lettre
1652 3518 71 55 de
1769 3516 85 55 M.
1898 3515 149 65 1)...,
2089 3510 131 55 ľun
2260 3510 71 52 de
