2585 4033
1318 260 80 63 34

310 414 89 40 ou
426 397 65 59 la
516 396 291 58 clameur
836 396 79 57 de
946 395 261 76 l'orage,
1240 409 255 44 comme
1527 390 183 59 aussi
1739 388 368 78 l'approche
2139 383 272 61 devinée

313 476 118 58 des
485 475 233 58 choses
775 473 354 59 lointaines
1188 475 62 57 et
1306 470 405 76 imprécises,
1763 467 121 58 fait
1954 467 222 57 vibrer
2239 463 171 62 ainsi

311 553 206 75 qu'un
572 569 170 61 gong
788 552 443 76 répercuteur.
1265 551 84 57 Et
1397 550 131 58 l'on
1575 547 137 58 voit
1758 544 135 60 vite
1941 562 127 59 que
2116 542 295 75 l'unique

309 647 430 60 personnage,
771 630 62 59 le
883 630 146 61 seul
1076 630 249 69 vivant,
1358 627 157 60 c'est
1561 626 60 58 le
1674 623 231 59 milieu
1955 638 126 60 que
2125 621 60 59 le
2223 619 189 77 poète

309 711 159 58 veut
493 710 310 76 évoquer,
827 726 85 42 ou
941 708 154 59 bien
1123 708 61 57 la
1214 706 334 61 sensation
1578 702 153 77 qu'il
1761 703 157 57 veut
1942 701 234 58 rendre
2209 698 164 57 mani-

311 788 190 60 feste.
536 788 103 60 On
668 805 37 42 a
729 787 178 77 parlé
934 786 329 76 d'Edgard
1298 786 156 65 Poë,
1482 784 63 58 et
1569 798 70 42 ce
1678 779 541 78 rapprochement
2250 774 165 61 n'est

309 867 151 76 qu'à
491 866 224 59 moitié
737 867 207 76 juste,
977 881 108 43 car
1122 864 48 59 il
1202 862 311 71 faudrait,
1543 861 58 58 si
1630 859 131 60 l'on
1788 858 251 60 voulait
2069 858 134 59 être
2243 854 136 59 vrai-

305 945 393 72 semblable,
741 961 320 60 supposer
1099 945 66 57 la
1207 942 256 58 maison
1512 939 213 59 Uslier
1783 953 155 44 sans
1985 933 328 64 Roderick
2351 934 61 57 et

310 1042 155 43 sans
526 1025 348 59 Madeline.
930 1023 170 60 C'est
1147 1037 164 61 pour
1358 1019 218 60 toutes
1616 1035 109 42 ces
1767 1017 256 58 raisons
2068 1032 157 59 que,
2265 1011 153 61 sauf

308 1106 166 57 dans
496 1103 63 59 la
582 1103 395 75 description
1009 1102 115 58 des
1157 1099 277 59 milieux
1458 1098 276 70 mêmes,
1763 1112 165 42 ceux
1956 1094 116 77 qui
2093 1093 201 59 liront
2314 1091 98 58 les

306 1185 267 57 drames
621 1183 80 57 de
750 1181 289 59 Maurice
1082 1177 451 71 Maeterlinck,
1585 1193 45 59 y
1681 1173 387 60 trouveront
2241 1169 172 59 ainsi

310 1279 127 58 que
484 1261 85 58 l'a
612 1261 100 57 dit
759 1259 59 60 le
853 1259 383 59 traducteur
1284 1257 79 58 de
1411 1253 437 78 Ruysbroeck
1895 1268 78 42 en
2017 1251 262 75 parlant
2322 1248 90 58 du

305 1341 203 57 vieux
560 1339 405 59 moine

305 1418 278 78 prendre
616 1433 80 42 en
726 1416 217 59 mains
972 1432 168 60 pour
1162 1413 96 60 les
1289 1412 286 60 admirer
1598 1412 37 57 à
1663 1411 62 57 la
1757 1408 289 60 manière
2088 1408 115 58 des
2242 1404 142 60 litté-

305 1498 257 57 rateurs
602 1517 54 38 ».
687 1496 83 57 Et
808 1494 38 59 à
880 1492 378 61 considérer
1284 1492 60 58 le
1383 1491 121 59 but
1541 1488 369 79 poursuivi,
1945 1503 82 42 on
2067 1486 137 58 voit
2243 1499 128 44 com-

304 1576 156 58 bien
489 1576 229 58 vaines
751 1573 284 60 seraient
1067 1572 97 58 les
1190 1571 276 76 phrases
1504 1568 488 76 somptueuses,
2025 1582 80 41 ou
2147 1562 228 76 simple-

306 1657 183 57 ment
540 1653 325 76 logiques,
906 1668 166 60 pour
1123 1651 235 58 rendre
1409 1666 106 42 ces
1571 1646 398 61 incertaines
2013 1646 65 57 et
2129 1642 283 59 secrètes

300 1732 330 60 émotions
680 1733 115 57 des
840 1731 185 58 âmes
1068 1727 515 61 rudimentaires
1623 1724 115 78 qui
1776 1723 322 77 pâtissent
2145 1737 157 43 sous
2350 1720 61 58 le

301 1812 244 60 souffle
590 1812 78 58 de
699 1811 355 58 l'inconnu.
1087 1808 122 60 Car
1245 1809 218 58 toutes
1503 1823 106 42 ces
1654 1806 206 68 âmes,
1894 1802 114 76 qui
2039 1799 373 61 balbutient

300 1892 172 57 dans
520 1889 40 59 Y
565 1893 276 56 Intruse
883 1891 62 57 et
993 1888 168 57 dans
1203 1887 95 58 les
2396 1891 25 53 A
1691 1929 16 25 ,
1752 1880 324 78 pâtissent
2124 1896 84 42 au
2258 1894 154 42 sens

304 1969 151 77 qu'a
518 1968 206 60 voulu
799 1967 314 77 Spinoza;
1174 1964 501 70 certainement,
1722 1978 83 42 en
1871 1959 354 60 concevant
2305 1973 108 42 ses

298 2063 290 55 oeuvres,
628 2047 89 60 M.
765 2044 428 61 Maeterlinck
1241 2061 37 42 a
1325 2044 89 57 dû
1465 2058 237 60 songer
1750 2041 38 57 à
1833 2039 166 59 cette
2046 2038 238 76 phrase
2323 2035 89 58 du

303 2128 179 59 doux
511 2127 391 76 philosophe
927 2143 13 40 :
971 2145 29 35 «
1029 2124 221 59 L'âme
1274 2123 167 76 pâtit
1471 2138 80 43 en
1581 2122 141 58 tant
1749 2118 240 77 qu'elle
2020 2133 36 42 a
2088 2118 117 57 des
2230 2114 183 60 idées

299 2206 461 76 inadéquates,
799 2225 29 35 »
864 2204 62 59 et
957 2204 80 59 de
1076 2202 221 77 quelle
1327 2202 194 59 chose
1565 2201 207 57 a-t-on
1819 2197 149 59 idée
2017 2195 217 59 moins
2266 2193 111 60 adé-

298 2286 200 76 quate
530 2301 129 60 que
692 2283 80 59 de
804 2283 65 59 la
897 2283 193 59 Mort.

379 2363 170 61 C'est
582 2363 66 59 la
675 2363 171 59 Mort
877 2361 183 59 aussi
1090 2359 117 78 qui
1239 2358 264 60 domine
1538 2358 98 58 les
1667 2355 163 60 trois
1860 2353 268 77 poèmes
2158 2350 215 60 drama-

298 2443 222 76 tiques
552 2443 158 59 dont
733 2442 69 75 je
832 2441 205 77 parle,
1067 2441 158 58 c'est
1255 2456 118 42 son
1402 2437 226 61 ombre
1658 2435 114 77 qui
1801 2451 70 42 se
1899 2432 222 59 reflète
2153 2448 79 42 en
2260 2447 151 53 eux,

300 2521 160 59 c'est
492 2537 157 43 sous
681 2537 119 43 son
831 2519 331 60 influence
1202 2535 128 58 que
1376 2517 225 58 vivent
1630 2514 98 60 les
1758 2514 173 59 êtres
1976 2510 284 77 hagards
2288 2523 127 60 que

300 2602 89 61 M.
437 2599 429 61 Maeterlinck
922 2598 121 60 fait
1096 2615 225 61 passer
1369 2597 240 58 devant
1661 2609 196 56 nous,
1904 2592 62 58 et
2015 2589 154 61 c'est
2225 2588 188 60 d'elle

301 2679 201 78 qu'ils
534 2679 348 78 pâtissent.

381 2758 171 60 Mais
590 2761 167 57 cette
788 2757 310 79 présence
1136 2772 81 43 ne
1264 2754 245 61 suscite
1551 2768 121 61 pas
1717 2752 165 58 dans
1924 2748 145 60 leur
2097 2763 182 45 cœur
2319 2745 98 60 les

301 2837 479 77 mystérieuses
823 2839 315 68 terreurs,
1180 2834 69 60 ni
1292 2834 98 59 les
1432 2832 464 89 angoisseuses
1943 2827 185 59 idées
2177 2824 240 79 qu'elle

300 2918 254 60 suscita
583 2918 167 59 dans
779 2916 193 59 l'âme
1005 2916 80 59 de
1114 2914 229 78 Ligeia
1372 2930 86 43 ou
1488 2912 152 58 bien
1673 2910 79 59 de
1781 2907 298 72 Morella,
2103 2923 133 42 non
2261 2904 154 78 plus

301 2997 239 77 qu'elle
578 3012 81 43 ne
696 2996 140 61 leur
874 2994 121 60 fait
1039 3011 70 43 se
1152 3010 197 60 poser
1387 2992 60 58 le
1488 2988 387 62 redoutable
1919 2985 337 78 problème
2302 2983 115 76 qui

290 3074 184 78 agita
502 3076 89 59 M.
623 3074 415 61 Waldemar.
1071 3073 171 71 Non,
1275 3072 65 58 la
1372 3072 196 70 mort,
1599 3064 394 81 pressentie,
2027 3062 273 62 devinée
2331 3079 86 42 ou

301 3156 157 59 bien
503 3153 215 74 subie,
761 3153 301 61 n'éveille
1107 3153 166 58 dans
1316 3152 65 58 la
1425 3149 182 60 chair
1654 3148 118 60 des
1801 3144 357 76 Aveugles,
2199 3144 62 59 et
2302 3140 116 61 des

305 3233 172 65 filles
507 3233 79 60 de
626 3232 478 79 l'Agonisante,
1138 3247 256 44 comme
1425 3229 167 59 dans
1617 3227 165 59 celle
1827 3224 90 59 du
1946 3223 204 60 vieux
2186 3219 126 62 Roi
2354 3223 64 56 et

303 3313 87 58 de
417 3312 63 59 la
506 3312 222 61 vieille
753 3312 232 72 Reine,
1010 3309 206 79 qu'un
1242 3308 185 62 effroi
1449 3305 301 64 matériel
1772 3303 138 77 qui,
1941 3300 364 64 semblable
2333 3316 85 42 au

311 3391 238 66 souffle
599 3392 160 59 dont
806 3392 104 59 fut
967 3391 237 60 étreint
1242 3389 61 60 le
1350 3385 339 80 prophète,
1752 3385 260 59 hérisse
2058 3387 155 54 leur
2257 3384 156 67 poil.

309 3472 264 58 Autour
611 3472 90 58 du
739 3471 230 60 Prêtre
1015 3472 194 68 mort,
1244 3468 151 79 près
1425 3468 79 58 de
1547 3465 65 60 la
1648 3463 311 61 chambre
2003 3462 80 59 de
2125 3460 65 60 la
2224 3458 158 62 Mori-

306 3549 247 74 bonde,
585 3549 284 63 derrière
916 3549 65 60 la
1028 3549 179 77 glace
1247 3547 116 77 qui
1401 3544 266 79 protège
1700 3543 61 60 le
1810 3539 309 66 sommeil
2159 3537 262 63 dernier
