2585 4033
1266 259 78 62 31

233 386 309 62 réussite.
571 387 51 57 A
652 406 106 43 ces
790 387 257 63 ombres
1079 389 232 78 dignes
1343 388 90 59 du
1464 388 277 78 pinceau
1767 389 78 60 de
1872 388 320 74 Ponsard,
2216 386 99 61 l'A-

236 466 293 61 cadémie
562 468 248 60 semble
858 486 93 42 un
995 486 242 60 moyen
1278 468 79 60 de
1402 468 348 78 prolonger
1788 468 321 61 l'illusion
2150 467 198 77 qu'on

230 546 298 75 pourrait
567 547 233 76 perdre
831 548 79 59 de
950 548 148 59 leur
1141 547 356 60 existence.
1534 547 122 58 Ces
1695 549 353 74 avantages
2077 547 98 58 les
2216 563 89 42 em-

232 623 279 76 pêchent
542 626 77 58 de
651 626 304 59 réfléchir
985 628 37 59 à
1054 627 216 76 quelle
1300 642 194 60 passe
1527 624 403 77 dangereuse
1959 642 117 60 par
2105 626 60 59 le
2190 624 128 60 ridi-

232 703 143 59 cule
414 703 301 60 aboutira
744 706 59 58 le
833 707 331 76 triomphe
1197 706 79 59 de
1303 706 181 58 leurs
1524 703 348 60 habiletés.

311 941 144 59 Une
487 940 334 78 réception
854 943 36 59 à
919 942 405 61 l'Académie
1355 941 365 62 ressemble
1752 958 184 44 assez
1974 941 37 59 à
2042 957 106 43 ces
2185 940 136 60 céré-

232 1021 260 58 monies
542 1021 505 78 moliéresques,
1090 1022 253 79 réglées
1390 1038 156 44 avec
1592 1040 131 42 une
1779 1022 286 60 certaine
2104 1021 249 77 gravité

229 1098 355 61 bouffonne
640 1102 63 58 et
731 1101 349 72 plaisante,
1118 1120 117 58 par
1281 1101 359 77 lesquelles
1695 1118 83 42 on
1835 1099 223 60 faisait
2105 1101 247 75 Argan,

229 1178 324 72 médecin,
598 1181 62 58 et
707 1179 88 60 M.
838 1181 341 71 Jourdain,
1216 1179 512 61 Mamamouchi.
1765 1179 84 59 Et
1898 1178 330 60 vraiment
2272 1196 82 41 on

228 1257 301 77 pourrait
574 1258 203 60 écrire
816 1277 130 42 une
993 1259 360 65 excellente
1399 1258 296 60 comédie
1724 1277 12 40 :

231 1341 435 68 imaginaire
675 1385 15 26 ,
726 1339 112 75 qui
871 1336 214 62 aurait
1129 1357 166 59 pour
1325 1338 445 59 dénouement
1802 1355 70 43 ce
1905 1337 115 77 qui
2056 1353 70 42 se
2160 1353 194 64 passe

229 1432 84 43 en
363 1414 228 61 réalité
652 1435 158 42 sous
862 1418 65 59 la
970 1418 293 76 coupole.
1306 1418 92 59 Le
1438 1416 287 75 français
1772 1416 470 76 macaronique
2293 1417 64 57 et

231 1494 264 61 délabré
527 1496 161 61 dont
720 1515 83 42 on
843 1515 68 42 se
962 1499 131 58 sert
1126 1498 166 59 dans
1323 1515 105 42 ces
1468 1497 224 77 joûtes
1736 1496 318 59 oratoires
2091 1497 99 57 est
2223 1512 132 45 une

233 1574 240 78 langue
506 1576 182 58 toute
718 1576 158 59 faite
911 1593 168 60 pour
1106 1577 61 60 le
1197 1578 417 75 passetemps
1645 1577 79 58 de
1765 1577 166 58 cette
1979 1574 256 60 facétie.
2269 1574 91 59 Le

238 1653 125 60 rite
397 1653 258 78 général
685 1654 181 60 selon
890 1656 220 75 lequel
1132 1654 251 80 s'opère
1411 1654 293 64 l'accueil
1733 1654 90 60 du
1850 1671 306 43 nouveau
2188 1670 174 42 venu

241 1734 202 59 serait
473 1751 89 41 un
596 1734 191 59 cadre
816 1734 263 77 parfait.
1108 1736 55 58 Il
1195 1736 110 75 n'y
1331 1736 215 58 aurait
1569 1734 205 77 qu'un
1802 1736 175 57 texte
2009 1732 292 61 définitif
2326 1733 36 57 à

235 1812 276 76 rédiger,
547 1814 62 58 et
652 1831 79 41 en
762 1813 381 60 combinant
1171 1813 60 60 le
1261 1813 174 76 stylé
1477 1813 78 60 de
1586 1814 87 59 M.
1712 1813 80 60 de
1822 1812 357 77 Freycinet
2206 1828 156 42 avec

235 1891 174 59 celui
453 1892 80 60 de
575 1892 88 60 M.
696 1892 275 72 Doucet,
1007 1910 82 42 011
1136 1893 342 59 arriverait
1511 1910 81 42 au
1643 1892 310 77 composé
2004 1891 353 71 désirable,

233 1971 278 61 l'ombre
562 1972 80 60 de
687 1972 91 60 M.
816 1973 194 59 Patin
1047 1972 292 76 évoquée
1372 1972 190 76 après
1601 1990 132 42 une
1766 1972 194 60 nénie
1992 1972 37 58 à
2071 1971 161 59 celle
2280 1971 80 58 de

232 2051 90 59 M.
372 2049 224 61 Scribe
647 2052 64 58 et
758 2068 129 42 une
936 2051 279 59 libation
1261 2052 37 57 à
1346 2051 89 59 M.
1484 2051 310 59 Viennet.
1832 2051 344 59 Vraiment
2225 2048 128 60 cela

233 2132 205 58 serait
467 2131 196 58 d'une
690 2131 359 61 bonhomie
1079 2132 381 58 charmante
1493 2133 64 57 et
1582 2131 295 59 rendrait
1908 2132 171 58 cette
2112 2146 207 43 assem-

235 2209 144 60 blée
430 2211 493 76 sympathique.
960 2211 127 58 Les
1135 2208 315 61 ridicules
1493 2226 132 43 une
1673 2208 131 60 fois
1852 2208 194 71 fixés,
2076 2208 248 60 invaria-

233 2289 322 71 blement,
589 2307 155 42 sans
776 2288 302 79 imprévu
1108 2288 319 78 possible,
1461 2306 69 42 se
1563 2288 282 61 feraient
1887 2288 283 60 oublier.
2204 2289 116 59 Per-

236 2386 209 43 sonne
491 2368 149 60 n'en
684 2369 198 59 serait
911 2368 454 78 responsable,
1400 2369 65 59 et
1513 2385 84 43 on
1644 2368 219 60 aurait
1908 2367 454 77 l'impression

233 2449 148 59 tout
429 2448 37 59 à
514 2448 122 60 fait
666 2448 301 78 agréable
1010 2447 387 61 d'honnêtes
1446 2465 161 59 gens
1639 2448 202 75 ayant
1888 2449 161 58 tenu
2091 2465 93 40 un
2225 2446 135 59 rôle

236 2529 165 59 dans
433 2546 129 42 une
594 2528 295 60 comédie
918 2528 77 60 de
1027 2527 264 74 société,
1324 2529 202 74 ayant
1571 2527 119 60 fait
1720 2528 254 59 chacun
2007 2545 74 42 sa
2122 2526 237 78 partie,

235 2607 59 60 le
341 2608 228 60 mieux
600 2607 318 77 possible,
963 2608 63 59 et
1068 2606 250 75 l'ayant
1344 2606 159 77 joué
1531 2622 158 43 avec
1719 2623 70 42 ce
1817 2607 141 58 rien
1990 2607 80 58 de
2104 2604 256 61 sourire

237 2705 83 42 au
363 2688 146 60 coin
557 2688 118 60 des
718 2688 216 60 lèvres
980 2686 114 78 qui
1145 2686 330 61 désavoue
1506 2687 184 58 toute
1734 2686 508 72 identification,
2280 2684 58 60 si-

237 2785 132 42 non
403 2767 465 77 superficielle,
906 2766 91 59 du
1028 2766 134 59 rôle
1206 2782 156 43 avec
1395 2766 348 59 soi-même
1778 2767 62 58 et
1872 2766 265 77 signifie
2166 2764 200 78 qu'on

238 2847 159 60 s'est
425 2847 182 76 prêté
646 2865 117 59 par
792 2846 399 61 connivence
1224 2844 37 60 à
1291 2862 74 42 sa
1402 2844 459 60 bouffonnerie
1894 2848 63 56 et
1993 2844 37 59 à
2062 2862 119 42 son
2216 2861 113 42 sau-

237 2945 231 59 grenu,
506 2929 146 58 tout
701 2945 80 42 en
811 2927 250 60 restant
1092 2924 172 63 celui
1310 2924 197 78 qu'on
1557 2924 158 60 était
1757 2924 410 73 réellement,
2207 2941 159 42 sous

235 3007 60 60 le
330 3025 277 58 masque
638 3007 365 76 éphémère,
1037 3004 210 61 hilare
1275 3021 83 43 ou
1390 3003 193 61 ahuri
1615 3004 79 59 de
1725 3004 408 78 l'apparence
2167 3003 161 61 d'em-

236 3088 204 76 prunt
463 3091 62 54 et
555 3103 167 60 pour
750 3086 127 61 rire
909 3084 362 71 consentie,
1304 3084 65 59 et
1395 3083 150 60 d'où
1577 3083 131 60 l'on
1742 3083 286 72 s'évade,
2054 3083 98 59 les
2175 3082 156 77 quin-

238 3169 193 74 qnets
464 3167 265 72 éteints,
763 3168 62 59 et
848 3167 66 60 la
943 3164 318 78 défroque
1295 3164 63 60 et
1383 3163 66 60 la
1473 3180 331 61 perruque
1839 3163 341 78 reléguées
2212 3180 157 43 avec

235 3247 100 60 les
364 3263 240 60 propos
647 3247 116 77 qui
810 3247 98 60 les
951 3244 424 78 justifiaient,
1427 3261 170 60 pour
1635 3246 366 73 reparaître
2047 3261 81 42 en
2157 3260 96 43 un
2284 3243 58 60 si-

236 3327 184 60 lence
453 3327 79 61 de
562 3327 131 61 bon
726 3329 159 75 goût
913 3329 61 58 et
1005 3342 158 42 sous
1211 3323 272 78 l'aspect
1524 3323 331 60 ordinaire
1886 3324 92 60 du
2015 3341 127 61 pur
2181 3322 189 61 habit

237 3406 170 60 noir.

1478 3560 225 63 HENRI
1746 3580 87 43 DE
1876 3563 327 62 RÉGNIER.
