2585 4033
1222 198 68 64 3

1194 505 93 63 [6]

268 695 105 61 Un
398 692 267 63 volume
693 691 270 64 intitulé

940 822 214 75 Nihil,
1179 821 187 62 Nihil

264 958 277 71 Quelles
572 957 293 78 syllabes
903 954 367 79 fatidiques
1297 957 13 58 !

1210 1483 89 79 [7]

273 1687 166 61 pour
478 1668 203 61 écrire
718 1684 157 43 mon
914 1683 232 43 roman
1180 1684 13 40 :

273 1766 105 43 me
408 1749 238 58 mettre
677 1747 164 58 dans
863 1744 180 61 l'état
1070 1744 181 60 sacré
1279 1744 159 60 d'un
1460 1741 304 79 Gaspard
1794 1741 266 61 Hauser
2084 1741 232 61 amené

191 1829 245 61 devant
480 1828 98 60 les
628 1844 181 60 gens,
842 1825 331 73 écoutant,
1204 1824 376 76 regardant,
1621 1839 81 43 ne
1742 1821 260 78 parlant
2043 1821 271 79 jamais,

193 1909 68 60 et
289 1908 61 61 le
383 1907 134 59 soir
545 1904 450 62 barbouillant
1025 1921 155 43 avec
1216 1904 117 58 des
1362 1903 208 59 rictus
1602 1901 81 60 de
1716 1900 222 61 Christ
1977 1901 118 60 des
2126 1900 161 61 feuil-

195 1987 128 61 lets
362 1985 163 79 qu'il
573 1984 196 60 cache
813 1984 165 58 dans
1025 1999 121 45 son
1194 1981 329 61 traversin
1660 2001 29 35 «
1725 1980 269 62 Gomme
2041 1983 148 58 tout
2219 1981 98 59 est

195 2067 294 59 décousu
522 2067 63 58 et
616 2064 265 78 étrange
912 2064 12 58 î

277 2145 78 60 Je
406 2145 135 60 sais
587 2162 120 60 pas
734 2143 216 75 —j'ai
999 2159 90 42 vu
1137 2142 175 59 ainsi
1448 2140 376 79 pourquoi?
1959 2139 156 60 c'est
2163 2157 156 43 sans

197 2224 201 60 doute
446 2223 174 59 ainsi
667 2239 128 61 que
834 2222 60 59 le
944 2222 241 58 monde
1225 2238 81 42 va
1582 2219 64 79 je
1698 2219 136 76 m'y
1877 2219 200 76 perds
2232 2220 86 60 où

196 2303 465 59 allons-nous?
1202 2307 474 57 nolime
1035 2304 293 71 tangere
1461 2300 275 78 lépreux
1763 2302 10 57 !
1810 2315 156 44 mon
2011 2315 179 44 cœur
2220 2308 102 52 est

192 2399 161 43 avec
383 2399 169 43 vous

279 2521 78 43 ne
404 2521 120 61 pas
573 2505 140 59 dire
760 2505 99 59 les
906 2503 284 72 raisons,
1221 2502 100 61 les
1368 2501 281 62 mobiles
1679 2501 249 61 —tout
1955 2502 99 59 est
2104 2502 183 78 stupé-

199 2583 162 60 fiant
492 2585 173 58 Tout
694 2585 280 76 divague
1008 2585 63 58 et
1099 2582 270 61 tâtonne

280 2662 137 60 loin
447 2663 80 60 de
559 2663 191 59 Paris

379 2759 104 43 me
515 2743 236 59 mettre
797 2742 35 60 à
860 2760 94 42 un
982 2741 189 77 point
1201 2741 238 60 absolu

385 2821 65 58 la
477 2821 106 61 vie
615 2837 253 44 comme
898 2839 93 42 un
1023 2821 326 76 soliloque
1380 2821 249 77 hagard

388 2900 167 58 donc
597 2916 70 43 ce
700 2900 175 77 sujet

282 2980 65 58 et
389 2977 84 79 [l]
510 2978 117 60 des
663 2978 357 78 échappées
1063 2977 110 79 (en
1213 2978 338 79 tableaux)
1597 2980 80 58 de
1716 2978 167 73 vice,
1918 2978 80 60 de
2049 2992 183 59 cour,
2265 2977 61 60 le

205 3057 188 79 génie
423 3075 80 43 en
534 3060 352 59 mansarde

386 3137 139 61 loin
582 3140 263 58 surtout
898 3137 98 60 les
1048 3136 329 62 banalités
1435 3137 387 64 déductives
1880 3138 118 79 qui
2059 3142 151 60 sont
2264 3141 63 60 la

204 3217 210 60 trame
445 3216 90 60 du
564 3234 233 43 roman
823 3215 287 73 français
1138 3217 10 59 !

269 3500 68 62 [l]
368 3502 50 47 et
448 3514 131 36 sans
609 3501 187 48 raison
835 3501 95 49 des
