2585 4033
1208 217 81 70 19

188 349 266 84 strophe
481 372 17 56 ;
534 360 96 55 les
675 352 303 64 Jardins
998 373 22 53 ;
1058 359 193 57 Ceux
1294 360 93 55 du
1695 402 16 27 ,
2065 404 14 25 ,
2112 362 77 54 de
2236 357 69 59 la

189 438 290 71 fatigue,
510 438 183 56 celui
725 439 77 55 de
838 440 37 54 V
1545 440 326 65 horizon;
1233 435 203 77 qu'on
1464 434 123 60 lise
1624 432 167 64 Très
1818 439 441 69 simplement
2283 453 21 38 :

183 514 172 61 voici
395 514 117 58 des
540 513 246 59 larmes
818 514 152 76 plus
1008 515 316 70 chaudes,
1359 515 114 57 des
1505 514 291 60 sourires
1835 515 151 75 plus
2029 517 275 75 proches

184 592 391 62 semble-t-iî
597 592 30 58 ?
655 590 61 60 le
759 592 196 61 héros
1006 593 400 60 immatériel
1454 594 62 57 et
1567 593 422 76 symbolique
2020 600 97 53 est
2168 594 137 60 loin

183 675 78 59 de
298 688 173 43 nous
517 673 63 58 et
612 672 138 59 suit
783 672 59 59 le
877 693 31 36 «
940 689 317 60 parnasse
1289 693 30 36 »
1351 691 13 50 ;
1397 678 60 53 le
1486 677 301 67 symbole
1821 673 353 60 s'incarne
2194 692 19 51 ;
2240 674 65 59 la

181 752 225 80 poésie
438 768 146 42 sera
631 752 298 59 concrète
954 752 110 77 (1),
1098 752 261 59 vivante
1404 752 79 58 de
1516 768 189 60 corps
1737 753 64 57 et
1832 752 234 72 d'âme,
2092 753 181 75 quoti-

184 832 429 59 diennement
670 829 350 75 éternelle;
1065 848 127 60 que
1242 829 244 78 dis-je?
1523 829 123 60 elle
1703 829 170 74 l'est,
1921 830 124 60 elle
2088 832 61 58 le
2203 829 102 60 fut

184 912 333 73 toujours.

260 990 189 61 Nous
495 990 372 75 regrettons
899 989 80 61 de
1020 1007 81 43 ne
1148 989 283 79 pouvoir
1462 989 213 60 servir
1704 988 66 61 la
1817 989 376 76 réputation
2225 990 79 60 de

180 1070 89 60 M.
307 1069 380 61 Verhaeren
731 1086 118 59 par
890 1086 94 43 un
1027 1069 417 78 témoignage
1483 1069 79 58 de
1594 1069 471 76 sympathique
2097 1070 168 57 admi-

183 1149 216 60 ration
425 1148 187 59 aussi
639 1148 437 59 retentissant
1100 1148 202 77 qu'un
1323 1147 295 76 banquet
1644 1148 36 57 à
1704 1148 65 58 la
1792 1148 279 59 Moréas.
2102 1150 164 57 Pour-

188 1229 156 76 quoi
377 1246 70 42 ce
477 1227 358 61 véhément
866 1229 65 59 et
962 1228 321 77 poignant
1309 1227 189 77 poète
1530 1227 179 58 est-il
1740 1228 194 72 resté,
1966 1228 338 72 dirait-on,

189 1308 166 60 dans
387 1323 131 43 une
550 1308 172 57 sorte
752 1307 80 59 de
857 1305 382 79 pénombre,
1271 1305 219 78 parmi
1514 1305 466 61 l'éblouissant
2008 1307 103 58 feu
2146 1307 131 59 d'ar-

185 1387 177 59 tifice
396 1387 116 59 des
548 1407 30 34 a
603 1387 319 74 enquêtes
955 1407 28 34 »
1022 1388 64 58 et
1117 1387 116 58 des
1263 1384 318 61 réclames
1604 1384 30 60 ?

265 1467 146 59 Une
458 1467 242 76 phrase
755 1465 79 60 de
893 1465 238 60 Balzac
1187 1482 173 42 nous
1407 1463 253 79 répond
1695 1483 12 39 :
1773 1486 29 35 «
1857 1465 198 60 Ainsi
2107 1483 82 42 va
2245 1467 62 58 le

187 1545 243 60 monde
461 1544 345 61 littéraire.
839 1544 102 60 On
971 1545 115 77 n'y
1115 1544 171 60 aime
1314 1561 129 59 que
1477 1561 108 41 ses
1617 1543 381 62 inférieurs.
2034 1545 275 61 Chacun

189 1627 102 58 est
320 1625 288 60 envieux
635 1625 79 59 de
758 1625 380 77 quiconque
1168 1624 160 60 tend
1360 1624 38 58 à
1434 1623 290 61 s'élever.
1760 1625 182 60 Cette
1975 1625 189 60 envie
2196 1625 74 60 dé-

187 1704 191 76 cuple
413 1704 99 61 les
566 1704 283 60 chances
894 1704 118 60 des
1058 1721 162 59 gens
1266 1702 367 60 médiocres
1679 1704 139 76 qui,
1849 1704 357 60 n'excitant
2235 1704 71 60 ni

188 1783 242 61 l'envie
488 1783 71 59 ni
606 1783 59 59 le
719 1801 317 61 soupçon,
1091 1784 141 58 font
1274 1783 147 59 leur
1462 1783 268 61 chemin
1773 1784 37 58 à
1851 1783 64 61 la
1958 1784 191 72 façon
2191 1784 114 60 des

188 1865 256 75 taupes.
482 1884 31 36 »

1226 2155 289 63 FRANCIS
1557 2155 539 62 VIELÉ-GRIFFIN.

255 3543 72 61 (1)
363 3544 338 63 Expression
735 3547 65 51 de
834 3548 76 50 M.
943 3552 58 47 L.
1034 3551 285 51 Muhlfeld.
