3469 4450
335 249 1458 208 Niederrheiuische
1945 249 1184 264 Musik-Zeitung

706 526 193 86 für
950 529 871 83 Kunstfreunde
1877 529 239 83 und
2174 521 587 89 Künstler.

152 725 448 86 Herausgegeben
641 741 104 38 von
792 719 275 58 Professor
2069 724 58 53 L.
2249 722 249 75 Bischoff.
1618 720 197 85 Verlag
1858 720 93 57 der
2873 719 442 85 Buchhandlung.

227 1115 213 36 Inhalt.

498 1111 42 38 C.
569 1113 51 38 M.
649 1125 76 23 von
753 1112 177 37 Weber's
1280 1111 109 37 Nach
1418 1113 68 35 Dr.
1515 1112 48 38 H.
1595 1111 185 47 Döring's
1810 1111 233 47 Biographie
2073 1111 186 38 Weber's.
2368 1111 134 36 Erstes
2533 1109 479 39 Abonnements-Concert
3042 1110 39 35 in
3110 1110 119 37 Bonn.
3268 1111 85 35 Von

115 1179 44 37 L.
189 1175 252 38 Bischoff.
550 1174 188 47 Tages-
766 1174 100 35 und
896 1173 567 46 Unterhaltungsblatt
1506 1173 189 48 (Aachen,
1734 1174 133 35 Erstes
1897 1173 490 45 Abonnements-Concert,
2428 1173 166 37 Concert
2623 1186 76 23 von
2728 1174 103 35 Prof.
2862 1173 159 47 August
3048 1173 93 35 Pott
3249 1173 78 36 Neu-

115 1238 112 46 wied,
256 1238 79 35 Der
362 1235 247 49 Flügersche
639 1237 315 47 Gesang-Verein
1063 1235 319 48 Braunschweig,
1413 1235 103 47 Oper
1640 1236 154 45 Kassel,
1824 1236 99 35 Herr
1953 1235 120 45 Graff,
2104 1235 103 48 Oper
2235 1234 81 38 und
2346 1237 187 36 Concerte
2640 1238 129 44 Wien,
2809 1237 102 35 Herr
2939 1235 95 38 Joh.
3068 1234 174 46 Strauss,
3285 1234 70 36 Ed.

115 1299 181 46 Hanslik,
326 1298 269 48 Vorlesungen
621 1298 96 36 über
746 1299 178 44 „Neuere
954 1297 231 37 Geschichte
1215 1298 66 35 der
1641 1298 254 47 Petersburg,
1925 1297 253 36 Italienische
2207 1298 123 47 Oper).

433 1476 48 60 C.
519 1477 63 60 M.
620 1492 99 44 von
758 1477 222 59 Weber’s
1015 1475 356 76 „Freischütz“.

249 1627 82 51 Mit
377 1626 103 51 dem
523 1628 178 47 Januar
749 1625 152 50 1817
952 1642 98 32 war
1081 1623 101 51 Carl
1214 1623 141 51 Maria
1387 1641 86 32 von
1509 1621 180 53 Weber

123 1712 43 51 in
208 1711 125 51 seine
378 1727 117 33 neue
526 1710 210 67 Stellung
778 1710 65 49 als
876 1708 346 68 Capellmeister
1255 1707 43 50 in
1329 1706 215 52 Dresden
1590 1706 72 51 ein-

122 1802 226 61 getreten.

247 1879 83 50 Mit
363 1877 307 51 Friedrich
702 1877 168 59 Kind,
913 1877 103 50 dem
1048 1876 304 66 nachherigen
1385 1873 190 51 Dichter
1606 1873 80 51 des

120 1960 286 61 Freischütz,
451 1961 125 51 hatte
607 1978 51 33 er
688 1960 141 51 schon
861 1960 146 66 einige
1036 1959 142 50 Jahre
1220 1957 183 60 vorher,
1448 1956 85 51 ehe
1562 1957 122 50 diese

123 2046 128 68 Oper
282 2045 43 49 in
352 2061 113 50 ganz
498 2044 316 50 Deutschland
857 2042 94 51 und
983 2044 57 48 im
1073 2042 236 50 Auslande
1342 2042 80 49 mit
1454 2041 204 66 allgemei-

122 2145 103 35 nem
245 2127 352 50 Enthusiasmus
628 2129 353 65 aufgenommen
1012 2126 141 57 ward,
1186 2125 70 49 ein
1280 2124 175 67 inniges
1477 2122 175 51 Freund-

122 2210 296 52 schaftsband
462 2210 236 67 geknüpft.
762 2211 73 50 Fr.
882 2210 121 50 Rind
1045 2208 179 50 schrieb
1267 2213 156 62 später
1464 2206 220 51 darüber:

133 2295 94 59 „Es
264 2294 183 51 mochte
477 2294 61 49 im
567 2295 214 48 Sommer
814 2293 112 49 oder
940 2291 204 50 Herbste
1177 2290 151 51 1816
1364 2291 110 57 sein,
1505 2291 65 49 als
1601 2290 82 48 der

120 2376 425 52 Kammermusicus
574 2376 270 51 Schmidt
885 2376 42 49 in
959 2376 210 50 Dresden
1202 2375 131 50 einen
1365 2374 227 51 Fremden
1627 2392 54 31 zu

120 2462 87 49 mir
239 2460 203 59 brachte,
473 2460 205 50 schwarz
712 2459 242 66 gekleidet,
985 2458 136 58 blass,
1154 2458 115 50 doch
1302 2458 106 48 sehr
1440 2455 240 67 geistreich

120 2561 89 35 von
225 2544 199 58 Gesicht,
447 2544 223 66 ungelähr
692 2561 86 31 von
804 2543 171 48 meiner
992 2542 188 58 Grösse,
1209 2558 85 33 nur
1312 2540 115 51 noch
1446 2540 206 50 schmäch-

119 2627 135 67 tiger,
294 2627 89 50 den
414 2627 68 49 ich
514 2644 163 49 wegen
719 2627 147 48 seiner
898 2625 82 49 mir
1012 2624 57 50 im
1103 2624 314 50 Verhältnisse
1449 2630 142 42 etwas
1625 2641 56 31 zu

124 2710 107 68 lang
275 2709 275 52 dünkenden
581 2712 144 48 Arme
769 2709 93 50 und
908 2709 165 48 Hände
1119 2708 68 49 lür
1232 2708 132 49 einen
1398 2707 281 49 Pianoforte-

120 2793 252 51 Virtuosen
404 2792 120 51 hielt.
583 2794 64 49 Er
678 2798 168 45 nannte
876 2790 93 51 sich
1001 2790 137 51 Carl
1180 2790 180 50 Maria
1402 2807 107 32 von
1553 2789 85 50 We-

123 2876 118 52 ber.
289 2877 78 49 Ich
400 2892 96 34 war
538 2876 165 50 höchst
733 2876 190 57 erfreut,
962 2873 122 51 seine
1112 2873 356 51 Bekanntschaft
1500 2891 54 32 zu
1589 2889 61 32 ma-

123 2959 132 61 chen,
287 2961 54 50 da
366 2959 85 51 mir
468 2958 94 52 sein
583 2961 144 50 Name
757 2958 143 51 durch
922 2957 372 68 Compositionen
1327 2957 168 66 einiger
1517 2956 139 50 Volks-

124 3042 140 51 lieder
294 3060 82 33 aus
406 3043 81 50 der
518 3042 339 51 Herder'schen
876 3041 271 67 Sammlung
1176 3041 110 50 oder
1317 3041 101 48 dem
1448 3038 202 51 Wunder-

124 3126 132 61 horn,
298 3126 137 51 vieler
460 3127 165 50 Lieder
655 3145 88 33 von
769 3126 218 49 Theodor
1013 3126 184 49 Körner
1238 3123 93 51 und
1362 3122 157 60 selbst,
1564 3122 120 51 ohne

126 3208 102 51 dass
273 3208 82 50 wir
386 3208 166 51 vorher
592 3210 43 49 in
677 3208 81 51 der
788 3208 257 50 mindesten
1079 3206 303 67 Verbindung
1413 3206 268 66 gestanden,

127 3292 145 51 durch
305 3291 376 70 Compositionen
712 3292 172 66 einiger
921 3291 166 51 Lieder
1117 3309 87 33 von
1235 3291 87 48 mir
1354 3291 104 49 sehr
1489 3288 88 51 lieb
1608 3305 52 49 ge-

128 3375 192 50 worden
353 3391 110 42 war,
509 3375 94 49 und
635 3375 70 49 ich
738 3375 115 49 auch
888 3373 146 51 davon
1065 3373 165 68 gehört
1263 3373 140 55 hatte,
1449 3372 100 50 dass
1582 3389 103 31 man

126 3457 81 51 auf
232 3457 74 50 ihn
338 3457 63 51 als
440 3457 200 67 hiesigen
672 3456 346 68 Capellmeister
1048 3457 161 51 denke.
1271 3456 105 51 Wir
1408 3455 160 49 fanden
1601 3470 85 33 uns

126 3540 105 52 sehr
261 3538 131 61 bald;
423 3540 82 52 wir
537 3540 222 68 sprachen
792 3556 103 35 vom
927 3540 319 51 Hundertsten
1277 3540 68 49 ins
1387 3537 299 51 Tausendste.

124 3624 193 53 Endlich
345 3627 209 47 äusserte
578 3622 193 61 Weber,
801 3622 84 50 wir
909 3622 191 51 würden
1133 3640 83 34 uns
1249 3622 141 51 schon
1423 3621 143 51 näher
1596 3629 69 42 tre-

126 3715 93 52 ten,
260 3706 70 51 ich
360 3710 154 47 müsse
555 3706 90 51 ihm
686 3705 71 51 ein
787 3704 229 68 Singspiel
1056 3705 115 49 oder
1200 3705 100 49 eine
1332 3705 130 67 Oper
1493 3704 195 49 dichten.

127 3790 79 51 Ich
251 3790 193 69 gestand
489 3790 137 58 offen,
672 3789 102 50 dass
819 3787 71 51 ich
936 3787 136 50 kaum
1117 3786 70 51 die
1224 3789 151 49 Noten
1422 3787 174 58 kenne;
1641 3803 49 31 er

127 3874 184 61 meinte,
343 3874 78 51 das
454 3874 63 51 sei
550 3872 90 51 ihm
672 3889 113 50 ganz
818 3871 161 68 gleich.
1026 3871 65 48 Er
1121 3869 121 52 blieb
1274 3870 147 58 dabei,
1454 3888 49 31 er
1535 3869 155 50 werde

129 3956 143 52 schon
319 3956 80 51 mit
442 3955 85 52 mir
566 3955 318 51 auskommen.
942 3952 108 54 Wir
1079 3952 214 51 schieden
1326 3952 64 50 als
1421 3951 124 52 nicht
1575 3968 118 34 neue

255 4124 103 49 Den
378 4121 229 60 Wunsch,
628 4120 130 52 einen
781 4120 268 67 Operntext
1077 4135 57 36 zu
1162 4118 222 59 erhalten,
1415 4124 134 60 regte
1576 4118 78 52 We-

133 4204 98 65 ber,
277 4205 82 52 der
401 4205 245 55 unterdess
693 4204 348 71 Capellmeister
1098 4204 45 52 in
1185 4201 213 54 Dresden
1443 4201 251 69 geworden

1783 1473 109 41 war,
1938 1456 169 49 wieder
2152 1454 172 52 lebhaft
2370 1475 54 31 an
2471 1457 45 49 in
2563 1457 146 49 einem
2742 1456 264 67 Gespräche
3050 1456 80 49 mit
3172 1454 177 51 seinem

1782 1555 148 33 neuen
1953 1539 226 50 Freunde.
2212 1539 158 67 Einige
2401 1557 87 32 von
2518 1539 123 50 Kind
2673 1543 269 61 geäusserte
2967 1538 352 52 Bedenklichkei-

1782 1628 78 42 ten
1892 1621 161 49 suchte
2088 1621 179 51 Weber
2298 1622 144 50 durch
2474 1622 70 51 die
2575 1623 172 50 Worte
2786 1640 55 30 zu
2878 1617 279 71 beseitigen:
3200 1621 145 59 „Wie

1782 1705 76 49 Sie
1890 1705 78 50 das
1994 1706 155 49 Ganze
2178 1706 192 66 anlegen
2400 1706 93 49 und
2523 1706 263 58 ausführen,
2819 1722 50 33 so
2900 1706 266 67 componire
3193 1705 67 49 ich
3281 1721 65 45 es,

1780 1788 79 49 das
1892 1788 273 68 verspreche
2208 1788 68 50 ich
2310 1790 156 49 Ihnen.
2509 1787 353 67 Kleinigkeiten,
2893 1787 228 51 wesshalb
3153 1787 74 51 Sie
3257 1805 89 33 nur

1779 1871 99 51 eine
1909 1872 149 50 Feder
2089 1879 273 43 anzusetzen
2398 1871 248 58 brauchen,
2679 1871 173 49 ändern
2888 1871 76 49 Sie
2996 1872 142 50 schon
3172 1870 84 49 mir
3288 1889 58 31 zu

2043 1955 85 51 Die
2164 1956 141 51 Wahl
2333 1956 79 51 des
2445 1956 168 50 Stoffes
2657 1974 54 32 zu
2754 1955 83 49 der
2869 1955 144 66 Oper,
3055 1954 116 50 nach
3215 1954 130 50 einer

1778 2039 340 50 schauerlichen
2152 2040 253 65 Volkssage
2447 2058 85 31 von
2566 2039 116 68 Apel
2725 2040 128 57 „Der
3226 2036 92 51 beti-

1777 2121 96 59 telt,
1900 2121 125 50 hatte
2046 2121 217 52 Weber's
2288 2139 173 49 ganzen
2481 2121 169 52 Beifall.
2685 2122 63 49 Er
2779 2126 207 45 äusserte
3017 2121 92 50 sich
3140 2119 201 50 darüber

1778 2205 77 49 mit
1896 2204 335 67 Begeisterung
2276 2205 91 51 und
2413 2205 242 69 versprach
2701 2204 92 50 sich
2856 2205 130 49 einen
3027 2202 315 69 grossartigen

1773 2289 175 66 Erfolg.
1981 2288 83 50 Als
2094 2289 91 49 ihm
2211 2289 119 49 Kind
2362 2293 155 63 später
2546 2289 79 49 das
2657 2289 282 66 Manuscript
2965 2288 82 49 der
3077 2288 131 67 Oper
3238 2286 78 51 mit-

1777 2371 171 59 theilte,
1981 2369 76 52 bat
2089 2389 49 32 er
2164 2371 168 66 jedoch
2363 2373 87 50 den
2483 2373 205 57 Dichter,
2728 2371 71 50 die
2831 2371 113 50 zwei
2977 2378 155 43 ersten
3160 2371 181 50 Scenen

1777 2473 53 32 zu
1863 2453 359 59 unterdrücken,
2268 2474 132 32 wozu
2436 2455 91 50 sich
2563 2455 148 50 dieser
2752 2454 164 66 jedoch
2963 2454 166 51 höchst
3160 2469 184 51 ungern

1773 2536 231 53 verstand.
2055 2538 63 48 Er
2152 2536 146 53 berief
2324 2538 90 51 sich
2446 2538 81 49 auf
2550 2538 88 49 den
2668 2536 419 68 abgeschlossenen
3116 2538 221 64 Vertrag,

1775 2620 79 50 auf
1879 2620 79 50 das
1991 2620 89 50 ihm
2113 2620 236 66 gegebene
2384 2622 157 57 Wort,
2592 2622 105 48 dass
2726 2638 56 32 an
2814 2620 150 50 seiner
2996 2619 166 50 Arbeit
3193 2619 144 51 nichts

1775 2704 222 67 geändert
2017 2704 184 50 werden
2221 2704 163 51 dürfte.
2418 2707 159 48 Davon
2610 2704 157 51 wollte
2791 2703 168 67 jedoch
2987 2703 179 52 Weber
3193 2703 146 49 nichts

1775 2787 181 50 wissen.
2014 2787 65 48 Er
2108 2789 225 57 äusserte,
2377 2804 50 33 er
2460 2787 118 49 habe
2608 2787 143 50 schon
2785 2806 52 29 zu
2871 2785 292 68 componiren
3196 2802 112 49 ange-

1777 2870 176 66 fangen,
1986 2870 93 50 und
2111 2878 154 58 sparte
2296 2870 131 51 keine
2446 2872 185 57 Worte,
2664 2870 66 50 bis
2761 2888 48 32 es
2840 2870 90 49 ihm
2964 2869 229 66 gelungen
3226 2884 110 42 war,

1777 2954 87 49 den
1897 2953 189 50 Dichter
2118 2971 55 32 zu
2199 2953 135 66 jener
2362 2953 317 66 Abänderung
2719 2971 54 30 zu
2818 2950 239 68 bewegen,
3096 2968 52 32 so
3187 2950 150 66 wenig

1777 3037 147 48 dieser
1968 3036 92 50 sich
2107 3036 144 50 davon
2298 3036 293 67 überzeugen
2636 3036 186 58 konnte,
2878 3034 102 50 dass
3038 3034 80 50 der
3165 3033 172 51 Schuss

1777 3121 92 48 und
1914 3119 78 49 das
2039 3119 134 49 wilde
2206 3118 410 69 Volksgetümmel,
2660 3119 82 50 mit
2787 3118 218 50 welchem
3039 3117 183 52 Weber
3267 3117 72 49 die

1775 3203 131 66 Oper
1937 3202 195 49 eröffnet
2163 3201 165 50 wissen
2359 3202 171 58 wollte,
2574 3202 114 49 nach
2737 3201 86 49 den
2867 3201 258 67 idyllischen
3158 3201 181 49 Scenen

1778 3286 120 49 eines
1931 3284 224 50 frommen
2171 3284 288 69 Gespräches
2484 3284 229 51 zwischen
2730 3283 210 68 Agathen
2973 3283 90 50 und
3097 3283 103 50 dem
3229 3283 84 50 Ein-

1778 3368 162 51 siedler
1982 3368 123 50 nicht
2150 3368 216 60 dieselbe,
2410 3386 73 33 wo
2519 3368 124 51 nicht
2683 3370 98 48 eine
2812 3367 115 51 noch
2961 3371 215 63 grössere
3212 3366 97 51 Wir-

1779 3452 125 66 kung
1934 3450 390 67 hervorgebracht
2353 3451 152 52 haben
2535 3451 197 52 möchte.

1906 3536 93 48 Das
2032 3533 423 51 freundschaftliche
2472 3533 284 52 Verhältniss
2782 3532 225 50 zwischen
3034 3531 184 51 Weber
3251 3532 95 50 und

1779 3617 118 52 Kind
1931 3617 221 51 erkaltete
2197 3617 123 51 nicht
2365 3617 142 51 durch
2552 3616 96 51 ihre
2677 3616 353 51 verschiedenen
3066 3616 274 52 Ansichten.

1790 3701 141 58 „Wir
1961 3700 158 51 hatten
2431 3697 179 52 schrieb
2638 3697 137 60 Kind,
2817 3698 137 59 „dass
2984 3697 85 51 wir
3101 3716 56 32 zu
3191 3698 131 51 einan-

1782 3785 81 49 der
1893 3784 240 67 gehörten.
2168 3784 106 52 Wir
2305 3782 272 52 verstanden
2607 3799 85 34 uns
2723 3781 44 52 in
2786 3781 318 60 Gesellschaft,
3137 3801 37 31 z.
3207 3784 50 48 B.
3290 3782 61 51 im

1782 3866 332 60 Liederkreise,
2160 3884 132 33 wenn
2324 3872 142 45 etwas
2498 3865 270 67 vorgelesen
2799 3864 146 59 ward,
2987 3865 146 49 durch
3166 3865 185 58 Blicke;

1782 3950 83 52 wir
1897 3950 156 51 holten
2083 3966 85 33 uns
2199 3949 218 52 einander
2457 3968 56 31 zu
2545 3949 343 68 Spazirgängen
2926 3949 94 49 und
3052 3949 68 50 ins
3152 3949 204 52 Theater

1783 4032 82 60 ab;
1897 4031 71 51 bei
1991 4031 352 52 Festlichkeiten
2362 4031 127 52 ward
2518 4032 80 50 auf
2622 4049 91 34 uns
2739 4032 66 50 als
2823 4031 311 51 Verbundene
3163 4032 166 67 gerech-

1785 4124 110 52 net;
1938 4116 82 51 wir
2065 4133 170 43 waren,
2278 4115 88 52 wie
2410 4115 71 52 die
2526 4116 124 51 alten
2695 4115 352 60 Troubadours,
3109 4116 252 68 gleichsam

1790 4200 190 52 Dichter
2024 4199 93 54 und
2158 4199 199 53 Harfner
2394 4199 45 54 in
2481 4200 179 53 Einem.
2719 4200 165 53 Wenn
2922 4200 74 52 ich
3026 4199 103 53 eine
3157 4200 207 53 Melodie

2739 4281 71 58 40

185 931 84 59 Nr.
307 930 86 60 46.

2904 922 59 60 V.
2998 924 281 76 Jahrgang.

1403 911 175 87 KÖLN,
1618 925 77 59 14.
1733 924 276 59 November
2048 924 142 58 1857.
