4897 6896
44 35 111 52 Nun
188 38 123 48 aber
344 38 207 49 möchte
585 53 54 34 er
673 39 306 50 Starkästen
1014 41 179 57 bauen,
1229 42 90 48 mit
1352 41 196 50 kleinen

296 106 217 51 Hunden
550 108 209 59 spielen,

44 175 128 53 Dem
217 177 204 52 Wetter
481 182 279 47 vertrauen
824 179 99 50 und
983 181 67 49 im
1112 180 244 50 Schatten
1420 181 127 50 nach

296 249 317 55 glitzernden
649 249 193 50 Möven
879 250 176 57 zielen,

45 386 91 48 das
172 388 99 48 Bot
625 389 279 58 besteigen,
939 392 45 47 in
1021 390 214 50 Himmel
1276 393 95 48 und
1409 391 105 50 Wol-

298 455 95 52 ken
429 459 187 48 baden!

45 525 105 50 Vor
193 529 150 48 allem
387 529 268 48 wünschte
700 544 52 33 er
796 529 134 59 sehr,
975 533 141 48 seine
1158 532 232 49 Freunde
1434 547 113 34 zum

299 596 160 52 Essen
497 613 61 34 zu
596 599 162 48 laden.

47 735 267 58 Wogegen
360 738 89 48 der
493 739 222 49 andre
760 743 91 47 mit
894 742 268 49 Schnaken
1211 742 226 56 kämpfte
1485 745 62 47 im

298 808 288 56 schattigen
620 809 210 61 Qarten,

46 876 292 51 verdammt
366 880 48 46 in
444 879 166 49 vielen
643 880 229 50 Nächten
906 897 59 33 zu
999 881 144 49 stehn
1180 882 95 48 und
1310 883 147 56 lange
1489 898 58 34 zu

299 951 216 55 warten,

48 1085 74 49 bis
169 1087 111 48 eine
323 1087 166 51 Dame
532 1090 166 58 käme,
742 1092 89 47 mit
876 1090 181 50 hellem
1105 1090 136 50 Haar
1290 1095 95 46 und
1435 1094 111 48 dem

299 1157 262 52 Schlüssel
602 1174 115 34 zum
755 1160 206 56 Auslug.

50 1223 78 50 Ihr
169 1224 138 52 Haar
347 1228 97 59 fiel,
485 1230 98 48 und
624 1230 72 47 sie
753 1229 167 49 lachte
978 1230 108 59 leis,
1141 1231 75 48 bis
1277 1234 77 46 die
1414 1237 135 44 erste

300 1297 197 50 Lerche
526 1300 61 46 im
619 1297 106 49 Tau
758 1299 192 57 schlug.

51 1451 295 72 Berliner
393 1453 266 69 Abende

799 1567 11 50 I

51 1654 81 50 Ich
169 1655 99 57 geh
304 1658 110 46 eine
445 1670 130 43 ganz
612 1659 303 55 vergoldete
951 1659 185 50 Straße
1175 1661 217 57 entlang.

50 1723 102 50 Der
191 1725 218 50 Himmel
447 1725 225 49 zerfließt
711 1729 64 46 im
814 1727 509 59 Sonnenuntergang.

50 1861 77 50 Da
163 1864 240 54 kommen
438 1864 212 59 Frauen,
688 1868 422 58 märchenschön,

50 1934 98 48 und
184 1935 198 49 bleiben
419 1949 94 34 vor
545 1935 314 56 glitzernden
895 1938 171 49 Läden
1105 1940 162 48 stehn.

50 2071 50 49 In
142 2073 184 50 Blüten
366 2075 291 49 schwimmt
697 2076 89 51 der
827 2076 460 58 Potsdamerplatz,

50 2156 55 33 er
145 2146 192 47 träumt
376 2158 117 36 vom
536 2144 174 56 Mond,
751 2147 114 48 dem
910 2148 378 50 Qötterschatz.

787 2280 34 52 II

305 2383 73 48 An
417 2383 87 47 der
541 2381 138 50 Ecke
718 2384 137 50 steht
895 2388 74 47 ein
1013 2385 149 50 Mann

304 2454 87 47 mit
428 2451 313 51 verklärtem
785 2454 222 50 Gesicht.

305 2520 76 50 Du
413 2521 136 49 stößt
578 2522 81 49 ihn
689 2537 79 40 an,

304 2606 53 33 er
387 2591 165 49 merkt
585 2606 54 36 es
672 2593 150 49 nicht.

303 2730 166 50 Starrt
511 2746 177 42 empor
728 2735 92 48 mit
859 2734 219 50 blassem
1128 2736 154 50 Blick,

303 2801 180 49 schlaff
519 2803 79 47 die
632 2803 157 49 Arme
824 2804 253 50 herunter.

304 2870 166 49 Tiefer
503 2872 243 55 gestaltet
784 2874 107 48 sich
930 2877 103 46 sein
1073 2875 253 50 Geschick

304 2941 98 47 und
444 2941 87 48 der
571 2940 216 52 Himmel
831 2943 195 49 hunter.

50 3070 376 75 Prinzessin
473 3075 235 71 fahren
759 3097 122 50 aus

241 3191 140 54 Kann
416 3193 77 49 ich
525 3194 75 48 dir
635 3194 129 50 denn
801 3198 66 47 im
900 3196 170 50 offnen
1106 3198 195 57 Wagen

239 3275 96 35 vor
373 3263 129 48 allen
542 3264 209 50 Blicken
793 3267 371 56 wiedersagen,

240 3345 109 35 was
384 3332 63 48 du
480 3336 48 50 ja
561 3333 157 49 schon
754 3336 146 55 lange
933 3336 193 49 weißt?

241 3469 123 49 Darf
400 3472 80 48 ich
518 3474 128 48 denn
685 3476 189 48 meiner
911 3475 181 49 Hände
1130 3476 165 59 Segen

238 3553 58 35 so
331 3540 87 49 auf
452 3541 91 49 das
579 3542 150 49 wilde
764 3543 136 50 Herz
936 3546 74 48 dir
1045 3546 161 58 legen,

238 3608 98 49 daß
375 3610 63 48 du
479 3611 96 49 still
614 3613 95 48 und
751 3613 211 50 fröhlich
1002 3615 163 50 seist?

241 3748 97 50 Da!
374 3750 95 48 alle
502 3750 159 50 Leute
694 3753 126 49 sehn
856 3768 90 36 uns
981 3770 78 35 an,

240 3818 74 50 als
350 3818 199 58 fragten
588 3822 232 50 höhnend
859 3826 96 46 sie:
996 3827 114 50 wie,
1148 3841 148 34 wann

240 3901 116 43 mag
403 3890 105 49 dies
551 3890 263 51 Schicksal
863 3894 104 48 sich
1016 3896 365 48 entscheiden?

242 4026 82 50 Ich
362 4028 163 50 denke
562 4031 145 57 doch,
745 4034 94 47 wir
878 4034 183 48 wollen
1099 4036 137 48 nicht

239 4111 96 35 vor
370 4099 166 54 jedem
576 4101 238 49 dummen
854 4102 158 57 Tropf
1050 4105 99 48 und
1187 4105 171 49 Wicht

241 4181 151 35 unsre
434 4169 223 50 schönen
701 4170 310 52 Schmerzen
1056 4174 202 49 leiden?

50 4313 372 73 Prinzessin
470 4318 62 69 in
580 4320 118 69 der
738 4313 438 76 Theaterloge

175 4432 128 51 Dein
338 4437 63 47 ist
434 4437 79 48 die
546 4437 162 58 Hand,
741 4439 80 48 die
855 4440 173 49 diesen
1064 4440 195 50 Fächer
1294 4443 103 49 hält

177 4504 98 48 und
310 4504 113 49 dein
455 4505 81 49 bin
574 4508 93 56 ich,
702 4509 130 48 auch
868 4509 121 49 hier.

174 4572 218 52 Erlischt
424 4576 91 49 das
545 4575 161 60 Licht,
738 4580 152 47 wend
922 4580 78 49 ich
1033 4580 133 50 mich
1199 4583 148 48 rasch
1381 4598 59 33 zu
1478 4585 72 47 dir

174 4644 98 48 und
303 4640 282 62 nochmals,
617 4663 150 34 wenn
800 4649 89 48 der
919 4650 242 57 Vorhang
1192 4652 120 53 fällt,

177 4715 98 48 und
309 4716 63 47 du
409 4719 251 49 erinnerst
692 4719 128 57 dich,
855 4719 137 49 nicht
1025 4720 184 49 wahr?
1249 4762 8 7 .
1297 4761 7 7 .

176 4784 97 48 und
307 4785 170 58 weißt,
509 4787 75 48 ich
617 4787 80 49 bin
730 4788 117 50 sehr
879 4789 182 50 schön!

176 4923 84 50 Ich
292 4923 167 50 fächle
492 4926 95 47 den
620 4927 254 55 geliebten
906 4928 122 50 Duft
1061 4931 74 48 dir
1168 4945 76 39 zu,

175 4993 79 51 ich
288 4993 103 50 will
426 4996 47 47 in
509 4995 146 49 deine
689 4997 156 48 Arme
878 4999 172 50 wehn!

175 5062 75 59 Ja,
287 5064 287 50 manchmal
611 5065 225 51 schließe
870 5067 78 49 ich
985 5069 79 48 die
1100 5071 193 57 Augen,
1330 5072 61 50 du
1432 5111 7 10 .
1480 5112 6 9 .

174 5147 59 35 so
262 5133 83 49 bin
376 5134 78 48 ich
486 5135 128 58 dein,
647 5133 186 53 kannst
864 5137 63 48 du
959 5138 91 49 das
1080 5138 163 50 sehn?

176 5204 98 47 und
303 5216 148 45 ganz,
482 5206 99 48 wie
612 5205 76 49 ich
724 5221 53 34 es
810 5206 121 50 heut
961 5208 99 48 und
1091 5212 205 53 gestern
1332 5226 124 33 war.

45 5349 330 73 Abschied
419 5373 135 51 von
602 5353 218 71 Berlin

50 5469 187 51 Hurra!
307 5470 105 51 Der
446 5470 205 53 Strudel
688 5474 86 49 hat
809 5475 133 50 mich
977 5478 354 55 ausgespieen.

50 5538 248 50 Fiebernd
331 5539 166 51 blicke
532 5542 79 50 ich
648 5544 99 48 und
783 5546 238 48 stammle
1055 5545 403 60 Fluchgesänge,

50 5608 101 49 Der
190 5608 180 59 D-Zug
406 5610 136 50 fährt
579 5613 132 49 noch
749 5614 263 50 zwischen
1050 5615 237 51 Häusern
1325 5618 96 49 hin.

46 5677 115 50 Und
193 5679 79 49 ich
304 5680 133 57 bete,
472 5681 96 48 daß
603 5683 78 48 die
714 5683 277 59 Befreiung
1024 5688 94 47 mir
1151 5687 217 57 gelänge

47 5762 93 35 aus
172 5749 116 48 dem
320 5748 233 60 Wüsten,
584 5751 217 60 Wilden,
831 5756 101 47 wie
965 5768 54 37 es
1053 5755 123 50 Qott
1205 5757 192 57 gefällt,

49 5818 123 48 über
216 5818 115 50 dem
373 5834 187 36 nassen
606 5821 302 58 Tiergarten
953 5825 91 49 seh
1085 5826 78 48 ich
1209 5827 79 48 die
1331 5826 217 51 Wolken

300 5889 160 58 ziehn,

48 5956 395 59 „Zoologischer
779 5961 122 51 Dies
934 5978 112 35 war
1079 5967 164 48 meine
1276 5966 150 50 Welt.

48 6027 135 49 Aber
220 6029 46 47 in
303 6028 342 60 Qeierfängen
682 6033 206 49 entflieh
926 6034 77 49 ich
1039 6035 89 57 dir,
1165 6035 193 51 Berlin!

47 6166 141 59 Nein,
232 6167 78 50 ich
350 6168 166 51 bliebe
557 6171 150 59 nicht,
752 6172 161 50 selbst
956 6188 149 36 wenn
1150 6177 74 47 sie
1266 6177 134 49 mich
1444 6193 70 33 um-

300 6238 243 60 schlänge

50 6307 96 50 und
188 6321 92 37 aus
322 6309 160 50 ihrem
525 6312 445 50 wunderschönen
1009 6314 161 50 Mund
1212 6316 108 49 sich
1362 6320 157 55 ränge

48 6377 483 51 herzerschütternd
564 6381 297 57 Liebesglut
898 6383 97 49 und
1029 6385 336 57 Angstgebet.

48 6446 231 59 Prinzeß,
310 6449 171 49 adieu!
547 6450 138 51 Jetzt
713 6453 157 49 trinkt
901 6453 79 49 Ihr
1011 6454 137 50 wohl
1177 6455 194 59 Kaffee,

47 6518 66 49 im
155 6518 208 58 Garten,
401 6533 97 36 vor
539 6521 114 49 dem
691 6522 301 59 besonnten,
1033 6528 145 46 roten
1219 6525 331 57 Tulpenbeet,

47 6586 92 50 das
177 6585 161 53 Eurer
377 6590 305 50 schwarzen
722 6591 280 51 Schönheit
1058 6593 285 58 ebensogut
1400 6597 150 57 steht,

47 6657 98 47 wie
206 6661 138 45 etwa
403 6659 91 51 das
537 6659 165 51 Feuer
761 6663 65 48 im
871 6662 177 52 Kamin
1110 6662 160 51 Eures
1333 6666 214 48 dunkeln

298 6727 263 52 Zimmers.

1707 43 110 49 Wie
1850 45 129 49 liebe
2012 47 78 48 ich
2122 48 79 47 die
2234 49 262 48 zuckende
2535 45 238 54 Wildheit
2805 52 170 49 seines
3009 52 163 50 Schim-

1954 128 139 39 mers

1703 183 84 50 auf
1817 184 185 51 Euerrn
2033 186 228 52 braunen
2292 187 138 59 Leib,
2461 191 164 49 worin
2655 191 91 49 das
2778 192 142 56 Auge
2951 193 252 52 dunkelnd

1704 255 78 46 die
1814 252 164 52 Nacht
2009 256 90 49 der
2126 255 197 51 Nächte
2355 258 137 50 offen
2522 260 120 57 hält,

1705 324 43 47 in
1798 323 386 52 Wiederschein
2245 341 101 35 von
2411 331 301 56 tanzenden,
2775 336 143 44 roten
2969 332 234 51 Lichtern

1954 394 256 61 funkelnd,

1705 463 98 48 und
1841 464 127 58 heiß,
2005 466 74 48 als
2115 467 229 49 schmolz
2381 469 140 48 darin
2559 471 79 47 die
2673 470 150 50 Welt.

1705 532 79 49 Ihr
1823 534 463 60 Abendschönheit,
2327 542 112 45 rote
2477 538 137 60 Lilie,
2655 541 279 57 glühender
2974 543 200 50 Schnee

1704 602 99 50 und
1841 604 332 58 Buchengold
2212 621 81 35 um
2333 609 94 47 den
2469 610 345 50 entflammten
2853 612 288 51 Höhensee.

1704 671 44 49 O
1819 675 215 55 spiegelt
2103 675 134 50 Euer
2303 678 193 48 schmal
2566 680 209 49 Gesicht
2846 683 61 47 im
2979 683 222 49 braunen

1955 744 200 54 Kaffee!

1704 881 231 60 Prinzeß,
1978 899 147 36 wenn
2163 888 67 48 im
2267 888 189 50 Herbst
2496 891 79 47 die
2611 891 210 49 Abende
2863 892 243 56 erkalten,

1708 953 97 49 will
1837 954 79 48 ich
1950 969 53 35 es
2035 956 193 50 wieder
2261 959 45 48 in
2342 958 94 50 den
2470 958 212 52 Händen
2715 961 184 50 halten.

1708 1022 75 49 Ihr
1819 1023 137 57 biegt
1991 1024 138 50 Euch
2166 1028 193 47 wieder
2395 1030 47 47 in
2477 1032 197 47 meinen
2713 1031 187 49 Armen
2938 1034 96 47 und
3071 1035 133 48 lacht

1705 1095 76 45 ein
1814 1093 221 58 Lachen,
2068 1096 90 49 das
2192 1111 92 35 uns
2317 1112 102 34 von
2454 1099 94 48 den
2582 1099 282 51 Menschen
2900 1103 242 48 scheidet.

1704 1161 144 51 Doch
1879 1164 139 57 bitte,
2051 1165 139 58 bitte,
2222 1168 174 48 nehmt
2427 1168 139 50 Euch
2598 1170 130 48 dann
2762 1173 46 46 in
2841 1172 116 47 acht

1706 1234 95 47 und
1834 1234 128 50 seht,
1995 1234 95 49 daß
2124 1235 79 49 Ihr
2236 1237 136 48 nicht
2404 1252 60 35 an
2500 1239 230 56 Migräne
2764 1240 164 49 leidet.

1708 1495 677 115 Einheitliche
2463 1499 508 115 Konzerte

1703 1648 126 54 Von
1874 1648 154 55 Felix
2068 1650 334 70 Stössinger

1705 1752 295 53 Einheitlich
2037 1758 63 48 ist
2136 1758 76 48 ein
2248 1758 238 56 Konzert,
2523 1761 90 47 das
2650 1761 105 48 sich
2792 1763 270 56 organisch
3099 1767 79 45 ent-

1706 1824 219 49 wickelt.
2005 1825 64 50 Es
2132 1827 106 56 gibt
2300 1827 216 51 hundert
2565 1830 447 56 Gesichtspunkte,
3077 1833 128 49 nach

1705 1894 162 49 denen
1931 1896 77 47 die
2069 1895 337 58 Programme
2466 1899 188 56 gebaut
2718 1901 208 49 werden
2990 1902 214 49 können.

1705 1962 121 50 Eine
1881 1968 209 53 geringe
2131 1967 387 57 Verschiebung
2575 1969 90 49 der
2720 1970 486 59 Vortragsordnung

1706 2038 222 45 zerstört
1969 2035 157 49 schon
2173 2037 77 47 die
2290 2037 217 58 Bildung
2549 2040 97 47 und
2688 2044 137 52 trägt
2869 2044 141 46 einen
3053 2043 122 47 frem-

1706 2104 94 47 den
1845 2105 138 52 Keim
2047 2107 44 47 in
2151 2106 91 50 das
2301 2107 186 49 Gemüt
2546 2110 89 48 des
2679 2109 270 51 Zuhörers.
3041 2111 162 50 Wenn

1706 2175 172 54 irgend
1921 2179 165 45 etwas
2127 2177 85 47 auf
2249 2179 140 46 seine
2429 2178 288 59 Stimmung
2758 2182 249 57 einwirkt,
3047 2184 64 47 ist
3151 2197 55 34 es

1706 2244 87 47 der
1856 2244 316 57 vorsichtige
2235 2247 271 49 Gebrauch
2568 2251 167 47 seiner
2814 2250 392 50 Nervenkräfte.

1709 2311 84 50 Ein
1844 2315 188 56 großer
2080 2316 238 54 Künstler
2369 2317 131 49 kann
2553 2320 79 46 die
2680 2320 310 50 fremdesten
3045 2322 161 56 Dinge

1707 2384 159 48 neben
1911 2386 240 48 einander
2190 2388 194 48 stellen.
2458 2388 118 49 Sein
2617 2389 158 49 Genie
2818 2390 127 49 reißt
2985 2405 94 36 uns
3118 2395 89 46 mit

1708 2454 97 49 und
1889 2457 93 47 wir
2066 2456 196 49 lächeln
2348 2459 97 47 und
2532 2461 182 47 zittern
2799 2462 129 48 nach
3013 2464 191 47 seinem

1708 2526 195 50 Willen.
1969 2529 135 49 Aber
2156 2532 98 47 wie
2302 2532 316 53 jämmerlich
2651 2537 240 46 zerzaust
2925 2536 64 47 ist
3024 2549 183 35 unsere

1706 2596 330 58 Verfassung.
2131 2598 109 50 Wir
2318 2602 109 48 sind
2490 2601 240 57 beglückt
2792 2604 99 49 und
2956 2605 223 49 unbefrie-

1705 2667 120 58 digt,
1914 2669 224 48 erhoben
2228 2671 99 48 und
2398 2675 199 53 gestört
2670 2674 97 47 und
2840 2674 196 49 kennen
3112 2675 92 49 den

1707 2736 174 49 Grund
1928 2752 209 35 unserer
2184 2739 206 49 Unruhe
2437 2741 150 49 nicht.
2666 2742 93 49 Die
2803 2742 403 52 Einheitlichkeit

1707 2808 88 47 des
1841 2805 367 58 Programmes
2257 2812 63 46 ist
2368 2811 279 56 deswegen
2694 2814 309 56 notwendig.
3085 2815 118 48 Man

1707 2877 84 48 hat
1848 2878 171 48 diesen
2063 2878 295 59 Gedanken,
2416 2880 282 51 besonders
2741 2885 65 47 im

1706 2946 263 55 begriffen,
2015 2948 122 47 aber
2184 2949 302 49 unbeholfen
2535 2952 312 55 ausgeführt.
2925 2955 107 47 Alle
3079 2955 95 47 Vor-

1707 3016 207 57 schläge
1963 3017 77 50 für
2088 3018 361 50 substanzielle
2496 3019 403 53 Einheitlichkeit
2947 3025 110 48 sind
3105 3024 68 49 Un-

1706 3086 99 57 fug.
1881 3088 74 47 An
2002 3089 161 48 einem
2207 3089 178 49 Abend
2431 3090 93 49 den
2569 3089 198 51 Winter
2813 3094 98 46 und
2956 3093 251 51 Sommer,

1707 3170 79 35 am
1830 3157 244 49 nächsten
2118 3158 178 58 Ritter,
2339 3160 110 49 Tod
2489 3161 97 48 und
2629 3161 173 50 Teufel
2846 3177 60 34 zu
2948 3164 259 57 besingen,

1708 3228 62 46 ist
1831 3227 276 50 höchstens
2155 3228 256 49 äußerlich
2475 3232 323 49 interessant.
2877 3233 93 48 Die
3031 3235 175 47 wahre

1705 3293 196 53 Einheit
1933 3299 119 55 liegt
2086 3299 45 47 in
2165 3299 89 47 der
2287 3301 206 47 inneren
2527 3300 447 58 Folgerichtigkeit
3009 3304 96 47 und
3142 3305 62 48 im

1704 3365 304 50 Vermeiden
2040 3366 207 51 krasser
2278 3369 291 55 Kontraste.

1706 3451 169 49 Ueber
1922 3454 104 47 drei
2073 3454 255 53 Konzerte
2375 3457 64 46 ist
2484 3456 150 48 heute
2681 3471 59 33 zu
2791 3457 290 57 referieren,
3129 3460 77 46 die

1707 3523 109 46 eine
1888 3522 234 57 zufällige
2195 3525 95 47 und
2361 3525 373 57 beabsichtigte
2804 3525 403 51 Einheitlichkeit

1707 3592 340 49 auszeichnet.
2118 3592 85 49 Ein
2243 3593 230 50 Fräulein
2509 3595 193 51 Dubois
2739 3597 86 49 hat
2858 3597 349 50 französische

1706 3661 374 54 Klaviermusik
2136 3678 102 35 von
2295 3663 256 57 Couperin
2607 3666 75 49 bis
2725 3667 242 56 Debussy
3022 3682 154 42 vorge-

1708 3732 161 56 spielt,
1919 3734 152 47 Artur
2120 3735 97 46 und
2267 3734 228 50 Therese
2544 3735 253 50 Schnabel
2847 3738 164 56 gaben
3064 3741 140 46 einen

1707 3801 459 50 Schubert-Abend
2200 3805 97 47 und
2331 3807 63 46 im
2429 3806 237 48 sechsten
2702 3806 503 51 Philharmonischen

1708 3870 222 53 Konzert
1968 3887 171 34 waren
2179 3874 104 49 drei
2320 3876 306 47 verwandte
2658 3876 225 49 Naturen
2922 3892 91 33 nur
3051 3879 155 47 durch

1708 3944 128 45 zwei
1879 3942 195 48 fremde
2116 3958 101 33 von
2264 3945 239 48 einander
2545 3950 249 50 getrennt.
2870 3947 90 49 Bei
3001 3947 205 51 Nikisch

1709 4013 61 46 ist
1806 4012 90 48 das
1931 4013 159 48 schon
2126 4015 75 46 ein
2237 4013 244 58 Ereignis.

1708 4108 91 49 Die
1842 4112 206 47 inneren
2090 4111 478 58 Zusammenhänge
2609 4115 110 47 sind
2761 4115 78 48 bei
2883 4116 89 48 der
3015 4116 192 48 Dubois

1708 4180 78 47 die
1846 4179 485 59 Rassenmerkrr;ale
2394 4183 89 48 der
2528 4183 391 57 Komponisten;
2986 4186 79 48 bei
3113 4188 93 46 den

1708 4249 430 51 Schnabelischen
2197 4253 78 47 die
2333 4254 111 48 edle
2501 4254 277 49 Harmonie
2836 4257 138 48 eines
3013 4256 193 56 großen

1708 4320 286 56 Künstlers;
2059 4321 79 49 bei
2200 4321 205 50 Nikisch
2468 4324 80 47 die
2609 4323 598 52 Wahlverwandtschaft

1708 4390 257 50 zwischen
2038 4392 383 56 Mendelssohn,
2490 4393 335 58 Vieuxtemps
2898 4396 96 47 und
3067 4395 141 48 Piotr

1707 4459 427 59 Tschaikowsky.

1708 4546 165 51 „Aber
1909 4547 77 48 ich
2021 4547 124 49 bitte
2333 4549 141 48 rufen
2511 4551 78 47 die
2625 4551 349 49 Abonnenten.

1708 4619 119 48 Man
1873 4620 189 49 könnte
2106 4624 143 46 einen
2295 4623 322 54 Rückschluß
2662 4624 176 50 ziehen
2883 4626 98 48 und
3024 4640 180 42 sagen:

1711 4689 363 51 Mendelssohn
2126 4692 128 48 wird
2304 4707 103 34 von
2457 4692 207 51 Nikisch
2715 4695 191 49 ebenso
2955 4701 90 51 gut
3094 4696 91 50 diri-

1705 4761 131 54 giert
1882 4763 101 46 wie
2030 4761 428 57 Tschaikowsky.
2538 4762 140 51 Zwei
2728 4765 221 56 Größen,
2999 4767 78 47 die
3126 4768 84 47 auf

1709 4832 141 46 einen
1894 4831 197 49 Dritten
2133 4832 164 56 gleich
2339 4832 211 59 wirken,
2592 4834 109 49 sind
2745 4835 129 49 auch
2916 4840 146 44 unter
3106 4839 76 45 ein-

1707 4901 157 48 ander
1891 4901 179 56 gleich.
2135 4902 135 49 Aber
2303 4904 88 48 der
2422 4904 222 56 Beweis,
2679 4905 96 48 den
2807 4920 116 34 man
2955 4908 93 47 mir
3079 4907 127 47 nach

1708 4970 179 50 Gefühl
1932 4972 97 48 und
2071 4972 214 50 Instinkt
2327 4974 99 48 und
2465 4974 337 50 Verständnis
2844 4976 199 56 glaube,
3085 4977 122 47 oder

1707 5041 135 49 nicht
1885 5041 199 58 glaube,
2129 5043 136 49 führt
2308 5058 86 35 an:
2439 5044 367 50 Mendelssohn
2853 5047 99 47 und
2998 5045 179 50 Tschai-

1706 5114 224 57 kowsky
1957 5121 250 44 vertonen
2235 5116 394 52 oberflächliche
2656 5119 228 50 Gefühle.
2913 5119 158 50 Beide
3098 5121 108 49 sind

1707 5199 102 35 von
1837 5185 141 50 Haus
2008 5201 92 36 aus
2127 5187 287 50 Melodiker
2444 5189 99 48 und
2573 5193 105 45 erst
2708 5189 379 56 Symphoniker
3117 5204 90 36 aus

1706 5257 214 46 zweiter
1963 5255 162 50 Hand.
2201 5257 368 51 Mendelssohn
2615 5260 64 48 ist
2725 5259 74 50 als
2846 5259 238 54 Künstler
3131 5262 75 47 ein

1705 5323 320 52 kultivierter
2053 5326 214 57 Spießer
2297 5328 99 48 und
2426 5328 186 57 infolge
2640 5331 167 47 seiner
2836 5330 373 56 Abstammung

1707 5397 383 48 sentimentaler
2129 5397 74 49 als
2244 5397 210 50 erlaubt.
2527 5398 414 56 Tschaikowsky
2980 5401 66 47 ist
3084 5401 99 47 letz-

1710 5468 81 45 ten
1841 5464 167 51 Endes
2060 5469 110 46 eine
2220 5467 164 49 kleine
2433 5468 182 50 Natur:
2670 5469 89 49 Ein
2813 5469 252 50 Genießer
3118 5471 88 48 des

1706 5534 285 56 Negativen
2044 5537 96 48 und
2190 5536 292 57 Empfinder
2532 5540 90 49 des
2671 5540 422 58 Vergänglichen.
3144 5543 64 48 Er

1706 5604 119 49 liebt
1869 5606 78 47 die
1991 5607 608 51 vorüberschwebenden
2646 5611 228 49 Gefühle.
2951 5612 64 49 Er
3060 5616 122 46 strei-

1707 5673 132 50 chelt
1874 5676 78 47 die
1987 5676 342 51 Schwermut.
2398 5678 65 50 Er
2499 5682 64 47 ist
2600 5683 76 46 ein
2711 5681 253 59 Künstler,
3001 5684 116 48 weil
3154 5698 53 33 er

1704 5747 109 47 sein
1847 5745 304 51 Innenleben
2184 5749 320 50 ausdrücken
2540 5750 148 50 kann.
2755 5752 136 48 Aber
2927 5767 53 35 es
3017 5756 64 46 ist
3116 5755 90 49 das

1706 5815 304 50 Innenleben
2058 5820 138 47 eines
2245 5818 377 58 Kleinbürgers.
2705 5822 141 49 Auch
2894 5836 54 35 er
2996 5824 64 48 ist
3107 5826 99 46 wie

1709 5885 364 51 Mendelssohn
2156 5887 479 52 Heimatskünstler.
2751 5891 105 50 Das
2939 5892 267 51 Nationale

1705 5955 148 50 nährt
1885 5957 97 48 und
2013 5957 166 49 stärkt
2212 5960 141 48 seine
2383 5959 176 56 Kunst.
2624 5960 105 50 Das
2764 5963 260 48 russische
3055 5963 121 54 Kolo-

1706 6027 60 46 rit
1800 6027 62 47 ist
1895 6031 127 44 matt
2057 6028 98 48 und
2188 6031 206 53 traurig.
2460 6029 67 51 Es
2561 6031 136 49 färbt
2731 6032 79 49 die
2842 6032 364 58 gleichfarbige

1704 6094 159 49 Natur
1904 6098 138 49 eines
2084 6098 200 50 sanften
2326 6099 282 50 Menschen
2651 6103 98 47 und
2790 6103 235 50 verdickt
3067 6107 139 46 seine

1705 6165 175 50 Kunst.
1956 6167 104 50 Das
2104 6170 307 50 verwandte
2450 6171 270 51 Volkstum
2764 6172 303 51 Tschaikow
3068 6190 8 14 r
3080 6175 126 56 skys

1707 6237 63 47 ist
1805 6237 247 55 kräftiger
2087 6239 75 49 als
2200 6239 91 50 das
2328 6241 412 51 Mendelssohns.
2811 6242 292 60 Deswegen
3145 6248 62 46 ist

1708 6304 415 60 Tschaikowsky
2190 6310 129 49 auch
2384 6311 202 49 absolut
2652 6313 363 50 bedeutender.
3114 6315 93 49 Die

1706 6376 421 59 Voraussetzung
2183 6379 79 49 für
2321 6382 111 47 eine
2489 6382 306 57 erträgliche
2850 6384 172 49 Musik
3062 6386 108 48 Men-

1709 6446 401 52 delssohnschen
2162 6448 316 53 Charakters
2528 6453 65 49 ist
2643 6455 75 47 ein
2772 6454 285 49 russischer
3109 6456 65 49 Ge-

1704 6516 337 52 burtsschein.

1705 6598 269 51 Zwischen
2035 6601 181 50 beiden
2275 6603 180 50 wurde
2515 6604 88 50 der
2647 6604 416 59 Zauberlehrling
3106 6622 100 34 von

1706 6668 175 50 Dukas
1914 6671 231 55 gespielt.
2212 6671 123 51 Eine
2367 6674 128 49 auch
2531 6675 131 48 ohne
2698 6675 198 49 Goethe
2930 6676 278 49 wirksame

1709 6739 95 48 und
1844 6741 241 48 reizvolle
2121 6741 186 59 Musik,
2343 6744 154 49 deren
2532 6745 282 49 behlliches
2848 6745 361 56 Fagottthema

3362 52 313 56 rhytmische
3716 52 391 59 Vorstellungen
4148 52 286 50 hinterläßt.
4507 54 140 49 Auch
4689 53 140 51 Vival-

3360 123 76 50 dis
3497 124 286 56 g-Konzert
3845 124 65 49 ist
3973 126 114 47 eine
4148 124 316 55 rhytmische
4529 124 327 62 Erinnerung.

3362 194 131 49 Aber
3523 206 112 37 was
3663 191 176 52 Dukas
3870 192 120 59 lobt,
4021 192 157 51 tadelt
4203 192 216 59 Vivaldi,
4448 195 114 50 weil
4592 195 80 50 die
4698 195 128 53 Phra-

3359 264 228 57 seologie
3648 265 89 48 des
3798 262 485 59 Zeitgeschmackes
4344 265 79 48 die
4483 265 374 50 menschlichen

3364 333 328 57 Eigenheiten
3745 335 237 48 übertönt
4034 335 97 48 und
4186 335 89 48 der
4327 335 191 48 schöne
4569 333 287 52 Charakter

3360 405 167 49 dieser
3559 405 134 49 alten
3727 405 333 49 Violinmusik
4093 405 138 49 nicht
4264 405 337 56 spezifischen
4634 405 196 50 Vivaldi-

3360 475 155 48 schen
3561 474 327 57 Ursprunges
3950 477 79 47 ist.
4123 474 146 49 Doch
4346 476 106 47 ihre
4529 475 330 56 rhytmische,

3361 545 158 48 durch
3569 544 273 50 Intervalle
3891 545 265 49 wirkende
4208 544 400 59 Großzügigkeit
4657 546 202 50 machte

3359 615 130 48 beim
3528 614 136 56 Spiel
3699 615 202 55 Ysayes
3935 615 319 56 Vollendung
4291 629 106 35 aus.
4466 615 93 49 Die
4594 614 265 51 Elfentöne

3359 687 167 46 seiner
3568 686 160 56 Geige
3767 686 300 48 entzaubert
4106 687 109 46 eine
4255 686 269 55 impulsive
4565 687 97 47 und
4704 686 124 48 male-

3361 755 165 48 rische
3566 755 414 58 Bogenführung.

3362 840 315 48 Historische
3729 841 388 49 Assoziationen
4174 840 278 49 verbinden
4507 842 88 48 mit
4631 840 229 49 Vivaldis

3359 909 380 51 Violinkonzert
3773 912 97 48 den
3904 911 376 54 Klavierabend
4314 924 100 35 von
4451 909 164 50 Marie
4651 910 207 49 Dubois.

3363 979 94 50 Auf
3497 979 239 50 Scarlatti
3778 981 121 56 geht
3938 980 228 49 Vivaldis
4208 980 152 49 Form
4402 979 189 50 zurück
4633 981 95 48 und
4772 981 58 48 da-

3360 1053 88 46 mit
3480 1051 86 48 auf
3599 1051 78 49 die
3709 1055 169 45 ersten
3913 1051 367 55 Komponisten
4316 1051 89 49 des
4441 1051 248 54 Klaviers.
4724 1046 102 54 Cou-

3362 1123 137 50 perin
3533 1121 97 48 und
3664 1122 226 53 Rameau
3924 1122 109 48 sind
4065 1121 350 57 Stammgäste
4446 1123 46 46 in
4525 1120 304 54 Klavierkon-

3360 1195 175 45 zerten
3572 1192 95 47 und
3704 1191 152 48 heute
3892 1191 190 49 ebenso
4117 1191 155 49 frisch
4308 1193 100 47 wie
4441 1190 255 50 vielleicht
4731 1190 126 49 auch

3361 1261 78 49 die
3505 1261 213 57 Daquin,
3784 1261 330 56 Dagincourt,
4181 1261 271 48 Dandrien.
4551 1260 105 50 Das
4724 1260 133 57 Spiel

3360 1330 88 49 der
3538 1330 192 51 Dubois
3820 1331 85 48 hat
3995 1332 78 47 die
4146 1329 455 51 Stilunterschiede
4673 1344 155 43 vorge-

3360 1401 148 48 stellt.
3578 1399 118 50 Man
3730 1401 129 57 liest,
3895 1400 94 49 daß
4025 1401 228 54 Rameau
4288 1401 171 48 früher
4494 1401 74 48 als
4603 1399 254 57 Couperin

3362 1469 196 57 wirkte,
3626 1471 79 48 ihn
3770 1471 136 54 aber,
3974 1471 323 55 überlebend,
4365 1473 258 54 steigerte.
4706 1470 154 49 Diese

3359 1540 129 49 auch
3524 1545 144 44 sonst
3703 1540 181 56 Haydn
3927 1542 94 47 und
4060 1541 201 48 Mozart
4296 1541 240 56 parallele
4569 1540 257 49 Entwicke-

3361 1611 115 55 lung
3524 1610 177 49 wurde
3748 1611 105 48 hier
3900 1610 247 57 lebendig.
4225 1610 140 49 Noch
4413 1610 278 49 deutlicher
4738 1610 121 49 aber

3359 1682 165 55 zeigte
3568 1681 105 49 sich
3719 1681 77 48 die
3839 1681 278 48 natürliche
4160 1679 389 58 Entwiekelung
4593 1681 87 48 der
4725 1680 107 49 fran-

3360 1751 266 48 zösischen
3698 1750 390 54 Klaviermusik.
4163 1750 256 58 Debussy,
4492 1750 194 49 Thome
4761 1751 96 48 und

3359 1819 179 50 Widor
3579 1821 109 48 sind
3730 1823 100 45 wie
3872 1820 106 49 ihre
4020 1821 294 48 Ahnherren
4358 1821 193 49 wieder
4596 1820 234 49 Miniatur-

3360 1892 158 47 maler
3566 1891 97 48 und
3710 1889 487 57 Programmatiker.
4278 1891 91 48 Die
4417 1891 305 56 Steigerung
4771 1891 87 48 des

3361 1960 200 50 Tanzes
3607 1974 89 35 zur
3743 1961 374 52 Klaviermusik
4168 1962 159 47 reicht
4374 1975 99 34 nun
4522 1975 100 33 von
4674 1959 154 51 Charn-

3362 2031 240 47 bonniere
3641 2031 75 48 bis
3758 2030 336 50 Saint-Saens
4137 2031 99 48 und
4273 2030 198 48 Pierne.

3362 2103 229 50 Fräulein
3639 2104 192 49 Dubois
3877 2106 65 48 ist
3985 2105 166 49 sicher
4195 2105 168 56 fleißig
4407 2119 259 42 gewesen.
4777 2104 83 50 Sic

3361 2175 147 53 spielt
3585 2174 261 50 technisch
3924 2175 98 48 und
4100 2177 183 54 geistig
4358 2175 333 49 vortrefflich.
4768 2174 92 49 Die

3363 2244 157 49 Härte
3565 2244 133 49 ihres
3744 2245 316 55 Anschlages
4105 2247 63 47 ist
4212 2245 135 49 nicht
4393 2245 113 49 hart
4551 2258 182 44 genug,
4778 2260 79 34 um

3362 2314 451 50 charakteristisch
3858 2317 106 47 sein
4010 2330 62 33 zu
4118 2315 215 49 können.
4411 2315 122 49 Man
4579 2316 281 49 erschrickt

3363 2384 177 57 davor,
3577 2387 72 46 sie
3683 2384 138 49 nicht
3855 2385 144 48 recht
4034 2386 148 47 loben
4221 2400 60 33 zu
4320 2385 192 49 dürfen.
4579 2384 114 50 Wie
4732 2385 126 49 hoch

3364 2456 61 47 ist
3468 2455 128 48 doch
3637 2456 90 47 das
3768 2454 211 58 Niveau,
4020 2470 150 33 wenn
4213 2459 104 44 erst
4358 2456 161 48 soviel
4561 2455 209 54 Können
4814 2457 44 47 in

3362 2525 93 47 den
3499 2529 152 51 guten
3695 2525 365 49 Durchschnitt
4103 2525 277 56 eingereiht
4422 2526 142 48 wird.

3364 2597 102 50 Das
3496 2598 222 55 Konzert
3746 2613 101 34 von
3876 2600 152 47 Artur
4058 2598 252 50 Schnabel
4342 2599 98 54 und
4469 2599 226 48 Therese
4725 2599 135 48 Behr

3363 2668 133 49 zählt
3538 2683 58 33 zu
3644 2669 94 48 den
3783 2668 321 50 Erlebnissen
4151 2669 83 48 auf
4277 2672 197 46 meinen
4522 2669 336 56 diesjährigen

3362 2737 383 49 Winterreisen.
3820 2737 179 50 Welch
4043 2741 111 46 eine
4198 2738 386 58 Entwiekelung
4628 2740 86 48 hat
4759 2740 75 47 die-

3361 2823 82 34 ser
3484 2808 151 49 Mann
3673 2810 96 47 seit
3808 2811 162 46 einem
4009 2809 122 48 Jahr
4168 2808 342 49 durchlaufen.
4581 2808 64 49 Er
4684 2810 176 56 schlug

3359 2879 87 48 auf
3483 2879 90 47 das
3612 2879 207 53 Klavier
3858 2880 99 47 wie
3995 2881 88 46 mit
4121 2879 177 49 Basalt
4338 2879 83 48 auf
4460 2879 191 49 Qranit.
4723 2879 137 50 Jetzt

3362 2948 85 48 hat
3512 2963 52 33 er
3632 2951 108 45 eine
3805 2949 273 55 spielende,
4144 2949 122 48 aber
4332 2949 136 48 nicht
4532 2949 328 56 spielerische

3360 3017 335 57 Leichtigkeit
3734 3020 44 47 in
3819 3019 93 48 den
3952 3018 232 56 Fingern.
4256 3017 64 50 Er
4359 3022 63 45 ist
4461 3020 135 47 nicht
4635 3021 87 46 mit
4764 3021 64 46 An-

3362 3102 152 42 sorge
3551 3089 122 48 oder
3708 3089 191 48 Busoni
3938 3091 44 46 in
4021 3091 109 46 eine
4165 3089 181 55 Klasse
4381 3103 60 34 zu
4479 3089 206 49 ordnen.
4755 3089 102 49 Ihm

3362 3158 121 48 fehlt
3520 3159 130 47 noch
3693 3160 78 46 die
3811 3159 155 48 letzte
4005 3159 317 57 Bedeutung,
4363 3174 149 33 wenn
4557 3159 127 49 auch
4726 3159 134 49 nicht

3363 3229 77 47 die
3468 3228 157 57 Kraft,
3654 3230 72 47 sie
3755 3243 58 34 zu
3840 3231 286 54 gewinnen.
4185 3229 170 48 Ueber
4384 3229 123 48 alles
4535 3230 127 48 Hebe
4692 3231 77 47 ich
4799 3243 58 34 an

3364 3298 95 48 ihm
3512 3300 139 48 seine
3701 3301 171 46 innere
3922 3298 477 56 Schwerfälligkeit.
4481 3299 58 47 W
4540 3299 6 11 r
4551 3301 43 46 ie
4645 3299 214 55 arbeitet

3363 3368 87 47 der
3486 3382 162 41 ganze
3684 3368 231 49 Mensch.
3983 3368 94 49 Die
4115 3369 170 49 Musik
4320 3371 132 54 ringt
4490 3370 105 48 sich
4635 3383 90 36 aus
4764 3372 72 46 sei-

3362 3453 88 33 ner
3485 3439 155 47 Brust
3674 3439 98 47 und
3805 3439 252 48 stöhnend
4092 3439 185 48 schafft
4313 3453 53 34 er
4401 3437 110 50 auf*
4548 3453 141 34 neue.
4742 3438 116 50 Sein

3361 3508 212 48 Anblick
3607 3508 103 48 läßt
3744 3509 78 47 die
3855 3508 337 57 Leichtigkeit
4225 3509 89 49 des
4350 3508 164 56 Spiels
4552 3510 134 48 nicht
4722 3510 138 48 recht

3362 3577 273 55 begreifen.
3731 3577 334 50 Sehenswert
4127 3580 65 48 ist
4253 3580 90 48 das
4386 3578 314 57 Phänomen,
4762 3580 99 48 wie

3362 3648 285 48 männliche
3689 3649 187 47 Anmut
3916 3663 92 34 aus
4053 3648 311 49 männlicher
4407 3649 144 54 Kraft
4591 3648 269 57 geschöpft

3363 3718 141 47 wird.
3596 3718 154 48 Artur
3792 3718 251 49 Schnabel
4103 3720 62 47 ist
4224 3721 62 47 im
4347 3718 178 50 besten
4572 3719 153 49 Sinne
4784 3722 74 46 ein

3363 3788 570 55 Klavierschauspieler.

3363 3860 227 50 Therese
3618 3861 136 48 Behr
3787 3864 61 46 ist
3878 3864 139 47 reine
4049 3862 248 57 Sängerin
4330 3864 97 48 und
4458 3864 181 56 gehört
4673 3878 58 34 zu
4766 3864 93 48 den

3363 3933 231 54 wenigen
3640 3931 253 49 durchaus
3953 3933 391 48 harmonischen
4390 3933 470 55 Künstlernaturen.

3361 4000 165 49 Wenn
3560 4003 72 47 sie
3667 4002 106 48 ihre
3807 4002 213 48 Gefühle
4055 4017 92 33 nur
4180 4003 248 56 ängstlich
4462 4004 101 49 und
4595 4003 265 49 verhalten

3363 4071 253 52 aufdeckt,
3662 4085 58 35 so
3768 4071 132 49 kann
3949 4072 139 49 diese
4109 4072 309 55 Keuschheit
4456 4073 156 48 durch
4651 4073 104 48 ihre
4774 4088 58 42 ge-

3364 4143 171 53 ringen
3580 4141 292 49 Stimmittel
3917 4141 191 50 erklärt
4151 4144 224 48 werden.
4436 4143 136 49 Aber
4606 4158 96 35 vor
4748 4145 110 47 dem

3362 4210 228 49 Wunder
3620 4211 224 56 gleicher
3876 4212 404 56 Körperlichkeit
4315 4214 254 48 erscheint
4603 4215 140 49 diese
4773 4213 58 48 Er-

3362 4280 213 57 klärung
3607 4297 89 33 nur
3727 4282 73 49 als
3829 4281 278 50 Ausflucht.
4137 4282 261 49 Während
4430 4284 88 47 der
4548 4284 196 55 Körper
4773 4285 90 48 der

3365 4350 321 50 Musikanten
3730 4353 142 47 mehr
3912 4353 124 48 oder
4076 4355 228 54 weniger
4347 4354 276 49 irrelevant
4663 4355 79 52 ist,
4784 4370 51 33 er-

3363 4421 196 48 scheint
3618 4436 52 33 er
3728 4422 78 47 bei
3850 4421 228 50 Therese
4117 4424 136 48 Behr
4329 4424 73 49 als
4445 4424 268 51 Ausdruck
4774 4425 88 48 der

3363 4491 163 49 Seele.
3595 4491 153 50 Diese
3783 4492 77 49 für
3896 4494 91 47 das
4021 4491 142 50 Pack
4197 4494 395 56 nichtssagende
4629 4494 233 50 Steifheit

3364 4562 88 48 der
3481 4562 203 48 Glieder
3713 4564 64 47 ist
3803 4576 102 35 von
3933 4562 247 56 Innigkeit
4209 4566 260 54 erwärmt,
4499 4565 79 48 die
4606 4580 92 33 nur
4728 4565 133 48 nicht

3363 4631 224 48 sichtbar
3623 4646 89 34 zur
3751 4633 219 56 Geltung
4008 4633 210 50 kommt.
4286 4634 113 48 Und
4438 4635 79 47 die
4553 4634 195 56 gleiche
4787 4635 49 49 In-

3364 4701 188 55 nigkeit
3602 4706 159 45 atmet
3808 4704 90 47 der
3947 4703 165 53 müde,
4163 4703 426 59 schmalbrüstige
4640 4706 220 56 Gesang.

3364 4771 90 48 Die
3492 4771 214 49 Stimme
3745 4774 63 47 ist
3844 4773 119 48 sehr
3999 4773 166 58 milde,
4203 4788 102 35 von
4341 4776 261 55 geringem
4643 4774 219 58 Umfang

3364 4842 98 47 und
3502 4842 132 47 noch
3676 4842 135 48 nicht
3852 4843 348 49 vollkommen
4244 4845 351 55 ausgebeutet.
4673 4845 50 49 In
4766 4845 94 49 den

3363 4911 221 49 höheren
3617 4911 172 56 Lagen
3821 4912 126 49 fühlt
3976 4928 116 33 man
4124 4915 79 47 die
4233 4914 296 50 technische
4557 4916 175 48 Arbeit
4763 4916 97 48 und

3363 4982 79 47 die
3474 4981 459 57 Schwierigkeiten
3966 4983 89 49 des
4085 4984 298 57 Vortrages.
4449 4985 135 49 Aber
4617 4987 97 47 wie
4748 4985 84 49 rüh-

3364 5052 121 47 rend
3532 5051 196 55 quellen
3775 5054 79 48 die
3900 5054 214 49 Gefühle
4159 5055 86 48 auf
4287 5055 99 48 und
4432 5056 98 48 wie
4575 5055 152 49 treibt
4774 5055 88 49 der

3364 5121 447 57 niedergehaltene
3861 5122 259 56 Schmerz,
4172 5125 283 49 besonders
4508 5126 47 47 in
4606 5126 94 49 den
4750 5124 83 50 Lie-

3364 5193 144 46 dern:
3557 5192 133 55 „Der
4159 5194 98 48 und
4303 5194 77 48 die
4427 5194 401 58 „Nebensonnen
4836 5197 25 18 44

3364 5263 78 46 die
3493 5261 200 49 Tränen
3745 5275 162 43 gegen
3958 5262 157 55 Kehle
4165 5264 99 48 und
4314 5264 311 56 Wimperen.
4710 5265 152 49 Diese

3364 5331 127 48 liebe
3535 5331 132 49 Frau
3714 5335 65 46 ist
3822 5332 148 49 keine
4014 5347 131 42 ganz
4190 5334 161 56 große
4395 5334 305 57 Künstlerin,
4746 5336 114 48 weil

3364 5403 72 46 sie
3483 5402 136 48 nicht
3665 5402 91 49 das
3800 5402 122 49 Leid
3971 5404 89 48 des
4107 5405 334 48 verlassenen
4489 5405 262 50 Burschen
4801 5420 61 35 zu

3364 5472 261 54 typischer
3660 5472 189 57 Tragik
3883 5475 225 54 steigern
4143 5473 148 50 kann.
4358 5474 145 50 Doch
4539 5476 99 48 wie
4673 5478 74 46 sie
4784 5479 77 46 ist,

3364 5544 62 46 ist
3466 5541 276 49 Harmonie
3782 5544 89 47 der
3912 5544 123 53 Reiz
4076 5543 133 50 ihres
4250 5544 236 50 Wesens.
4559 5546 265 49 Monumen-

3364 5612 163 48 talität
3568 5612 98 48 und
3707 5612 257 50 reicheres
4004 5613 364 50 Stimmaterial
4408 5615 178 48 würde
4628 5616 79 48 die
4749 5615 84 50 Ein-

3364 5681 101 48 heit
3516 5682 97 47 und
3663 5681 277 51 Schönheit
3991 5684 168 49 dieses
4210 5685 178 49 echten
4441 5684 421 50 Menschentums
4862 5679 7 27 5

3362 5764 93 35 nur
3487 5751 228 50 auflösen
3753 5752 97 50 und
3884 5757 281 45 zerstören.

3360 5995 311 115 Peter
3749 5995 332 115 Baum

3358 6152 127 54 Von
3526 6152 130 56 Else
3697 6152 486 56 Lasker-Schüler

3363 6256 66 51 Er
3461 6261 268 47 versäumt
3763 6259 96 48 den
3894 6257 125 60 Tag,
4055 6260 100 48 und
4189 6260 80 50 die
4303 6260 306 52 Dunkelheit
4645 6262 218 50 erreicht

3364 6342 68 42 er,
3488 6343 152 34 wenn
3696 6343 55 35 es
3806 6343 62 35 zu
3924 6332 117 53 spät
4080 6330 79 49 ist.
4231 6329 137 50 Aber
4409 6345 54 35 er
4503 6334 192 47 träumt
4733 6333 128 48 noch

3362 6397 190 50 schnell
3583 6401 147 46 unter
3762 6400 115 48 dem
3905 6400 497 50 verschwindenden
4431 6400 175 50 Mond.
4669 6400 193 51 Einmal

3362 6467 118 49 kam
3508 6467 155 50 Peter
3691 6468 165 49 Baum
3886 6469 305 58 barhäuptig
4219 6472 66 49 im
4314 6471 192 50 Januar
4535 6474 76 48 ins
4642 6471 222 51 Theater

3361 6550 284 45 gegangen,
3701 6538 226 50 draußen
3983 6554 177 35 waren
4221 6543 55 48 15
4320 6541 138 50 Qrad
4500 6541 330 50 Zer—fahren-

3362 6607 116 49 heit.
3514 6607 195 50 Einmal
3745 6609 201 50 steckte
3982 6624 54 35 er
4070 6613 140 47 seine
4244 6610 293 50 brennende
4572 6610 209 58 Zigarre
4817 6614 45 46 in

3363 6677 79 49 die
3471 6677 373 59 Hosentasche,
3873 6682 176 53 später
4079 6682 188 48 meinte
4296 6680 156 50 Peter
4483 6682 161 48 Baum
4675 6712 64 6 —
4767 6681 95 48 daß

3364 6760 53 35 es
3474 6748 137 49 nicht
3668 6749 79 48 die
3787 6748 281 56 Kartoffeln
4126 6750 86 49 auf
4253 6750 111 49 dem
4408 6750 121 50 Feld
4571 6751 291 58 gegenüber
