2433 4168
686 169 148 33 TROIS
873 173 263 33 CHANSONS
1175 177 334 33 SARLADAISES

2011 189 79 41 391

864 396 150 41 Patois
1050 397 49 41 de
1124 399 174 53 Castels,
1315 404 104 49 près
1442 402 337 55 Saint-Cyprien
1804 405 286 57 (Dordogne).

279 1570 152 27 TEXTE
467 1556 340 41 PÉRIGOURDIN.

542 1646 52 40 B.

88 1723 57 42 Cu
168 1735 87 29 nou
280 1721 41 42 lo
342 1722 99 42 shat
465 1735 21 28 e
509 1735 88 29 non
622 1722 187 53 Vopràn,

112 1788 51 41 Lo
257 1785 161 55 passho
625 1785 97 42 bien
850 1798 65 41 pu

545 1876 52 40 B.

82 1954 57 41 Lo
157 1952 211 53 passhion
392 1952 52 42 cle
462 1952 234 52 Zièju-Cri

89 2017 47 39 Es
158 2019 76 37 tan
261 2013 114 44 trisf
401 2025 20 32 e
448 2014 217 42 doulanto
688 2014 19 41 !

536 2104 56 41 A.

82 2180 98 44 L'on
200 2180 241 55 courounà,
469 2180 88 44 l'on
578 2180 197 54 flotzelà,

102 2243 145 43 Dobàn
437 2244 149 42 Pilato
787 2244 86 42 l'on

536 2326 55 45 A.

82 2403 87 42 Can
192 2401 143 44 dobàn
359 2401 148 44 Pilato
530 2401 227 55 e-j-ehstà,

79 2465 79 42 Elà
176 2465 15 41 !
220 2478 132 29 moun
376 2466 108 51 Dïu,
514 2466 39 41 lo
577 2479 114 39 gran
713 2465 126 53 piotà
864 2465 15 43 !

534 2549 56 40 A.

88 2625 74 41 Elà
277 2630 16 37 !
373 2638 132 29 moun
686 2626 102 48 Diu,
947 2626 6 41 l

78 2687 57 42 De
159 2687 125 53 beyre
308 2701 61 28 un
395 2690 79 39 Dïu
496 2687 54 42 do
573 2690 65 40 kel
663 2691 89 39 esta
775 2692 21 37 !

531 2771 54 42 B.

87 2846 80 42 Sho
296 2846 99 43 bouno
396 2847 66 42 mèro
898 2847 47 42 be

79 2909 131 41 Touto
238 2909 112 42 trisf
371 2923 21 28 e
425 2909 213 44 doulanto
661 2923 9 27 :

526 2993 56 41 A.

157 3082 21 27 «
342 3071 133 42 Moun
652 3069 47 51 fil
789 3071 161 52 Tsièjù,

94 3132 315 53 Bou-j-atzoun
770 3134 61 41 mi
926 3132 27 42 do
778 3133 20 41 ?
826 3146 23 29 »

1248 1570 304 29 TRADUCTION
1585 1572 286 31 RYTHMIQUE
1902 1562 35 51 (I
1951 1561 29 54 ).

1589 1647 52 42 B.

1133 1721 93 53 Qui
1253 1736 57 28 ne
1335 1722 45 42 la
1404 1723 87 42 sait
1513 1732 43 33 et
1582 1737 57 29 ne
1660 1724 263 56 l'apprend,

1136 1785 66 41 La
1231 1799 139 41 passe
1394 1785 108 44 bien
1523 1787 107 56 plus
1657 1789 193 55 grande.

1593 1878 53 42 B.

1135 1951 66 41 La
1224 1952 195 53 passion
1446 1953 56 42 de
1527 1953 326 45 Jésus-Christ

1133 2014 84 41 Est
1241 2024 99 32 tant
1366 2015 129 42 triste
1522 2024 43 34 et
1588 2017 189 43 dolente
1804 2023 9 38 !

1584 2108 56 41 A.

1132 2180 141 42 L'ont
1297 2183 262 52 couronné,
1585 2184 117 42 l'ont
1725 2184 203 57 flagellé,

1131 2244 181 41 Devant
1339 2244 149 43 Pilate
1514 2245 116 42 l'ont
1653 2248 153 44 mené.

1580 2332 51 39 A.

1130 2404 172 51 Quand
1328 2404 171 42 devant
1525 2405 147 43 Pilate
1700 2420 23 28 a
1749 2408 88 49 été,

1131 2466 145 42 Hélas
1301 2467 8 42 !
1344 2481 111 28 mon
1480 2469 137 50 Dieu,
1645 2469 43 42 la
1709 2473 148 52 grand
1880 2471 116 56 pitié
2013 2473 8 41 !

1585 2553 54 40 A.

1128 2625 146 43 Hélas
1297 2629 7 38 !
1334 2640 112 28 mon
1472 2627 138 54 Dieu,
1638 2627 44 42 la
1706 2630 149 55 grand
1876 2630 115 56 pitié

1128 2690 66 40 De
1220 2690 104 42 voir
1353 2704 66 28 un
1446 2691 119 42 Dieu
1584 2691 116 43 dans
1724 2702 72 33 cet
1820 2693 93 42 état
1937 2697 8 38 !

1587 2777 52 42 B.

1128 2850 59 42 Sa
1212 2850 159 43 bonne
1394 2848 127 45 mère
1560 2852 128 43 vient
1712 2855 56 40 de
1799 2855 44 40 là

1124 2912 155 42 Toute
1305 2912 132 43 triste
1462 2922 45 32 et
1531 2913 190 43 dolente
1748 2931 9 27 :

1577 2998 54 42 A.

1202 3086 24 28 «
1248 3072 115 42 Mon
1385 3071 73 44 fils
1475 3073 154 55 Jésus,
1650 3076 332 54 qu'avez-vous
2003 3076 84 49 fait

1126 3134 156 52 Qu'on
1306 3148 119 29 vous
1451 3135 63 42 ait
1535 3135 89 44 mis
1664 3137 118 43 dans
1809 3148 74 32 cet
1907 3138 92 43 état
2020 3138 18 42 ?
2062 3153 21 28 »

134 3315 62 54 (i)
228 3317 87 42 Les
342 3317 297 43 traductions
667 3320 295 55 rythmiques
983 3321 64 42 du
1070 3328 123 36 texte
1215 3322 313 56 périgourdin
1559 3334 209 45 peuvent
1795 3326 288 56 s'appliquer

77 3375 23 41 à
116 3377 43 42 la
181 3378 218 57 musique
427 3381 269 55 originale.

134 3440 65 41 La
228 3440 171 57 langue
425 3442 339 57 périgourdine
790 3453 70 34 est
886 3444 143 43 écrite
1070 3445 184 56 d'après
1291 3445 42 44 le
1378 3445 205 57 système
1606 3458 254 47 purement
1897 3449 148 56 phoné-

79 3499 142 58 tique.
327 3505 223 42 L'accent
581 3505 198 57 tonique
807 3520 58 29 ne
890 3522 48 27 se
964 3520 196 43 marque
1194 3522 85 41 pas
1310 3522 79 27 sur
1424 3509 412 44 l'avant-dernière
1864 3511 180 56 syllabe
2064 3525 10 31 :

82 3563 131 54 placé
241 3579 80 29 sur
364 3566 44 42 la
448 3567 232 55 dernière,
705 3569 32 41 il
764 3582 48 30 se
853 3582 197 44 marque
1080 3584 85 42 par
1189 3571 202 42 l'accent
1415 3570 108 57 aigu
1556 3585 64 29 ou
1645 3586 156 42 grave,
1831 3574 186 43 suivant
2038 3576 41 42 le

81 3623 181 47 besoin.
375 3629 90 42 Les
492 3629 320 59 diphtongues
1605 3643 95 40 oou,
1871 3646 102 39 aou,
1354 3647 49 28 se
1428 3643 253 47 marquent
1718 3635 120 43 ainsi
1869 3650 10 28 :

88 3689 64 51 èu,
275 3692 61 51 iu,
448 3692 203 43 Gn
652 3692 49 57 français
702 3693 141 43 s'écrit
1676 3694 58 42 nli
1856 3694 185 56 (Segnor
1565 3698 61 42 Le
1660 3698 329 46 chuintement
2030 3716 48 29 se

81 3762 187 47 marque
300 3768 85 43 par
416 3756 77 44 sh:
516 3758 135 54 Eyshi
672 3756 113 58 (ici),
809 3772 272 42 prononcez
1108 3767 131 34 entre
1260 3759 124 55 eychi
1405 3768 45 34 et
1472 3763 106 51 eysi.
