2433 4168
586 931 368 84 REVUE
1020 936 140 82 DE
1228 936 132 82 LA
1426 936 660 102 QUINZAINE

447 1348 289 51 CONSERVATORIANA.

371 1481 150 41 Notre
554 1481 193 56 antique
774 1491 45 35 et
840 1484 254 42 vénérable
1120 1485 370 44 Conservatoire
1528 1500 50 29 se
1603 1488 155 43 révèle
1811 1489 302 44 décidément
2138 1505 176 35 comme

313 1555 95 30 une
432 1542 270 45 institution
724 1546 248 55 précieuse
992 1556 128 33 entre
1138 1555 159 35 toutes
1313 1562 126 42 pour
1456 1548 44 44 la
1525 1548 281 45 distraction
1826 1551 82 43 des
1934 1557 376 54 contemporains

313 1613 45 33 et
381 1606 276 43 l'embarras
683 1608 82 42 des
800 1608 332 43 courriéristes
1158 1611 26 42 à
1230 1620 137 33 court
1407 1612 56 42 de
1511 1612 154 56 copie.
1696 1612 38 43 Il
1754 1615 121 41 n'est
1898 1615 165 54 jamais
2089 1626 104 48 trop
2216 1622 96 41 tard

310 1681 125 41 pour
454 1668 156 56 parler
636 1682 173 30 encore
836 1670 156 55 d'elle,
1090 1673 212 42 d'autant
1324 1687 91 42 que
1445 1687 88 29 son
1551 1674 175 56 portail
1746 1677 270 52 vermoulu,
2041 1678 196 57 bientôt,
2261 1697 51 28 va

311 1729 187 56 grincer
520 1745 80 28 sur
640 1745 74 30 ses
739 1734 155 55 gonds
921 1733 197 44 rouillés
1142 1749 122 41 pour
1289 1736 272 55 engouffrer
1590 1745 135 35 toute
1755 1752 96 29 une
1884 1740 156 42 armée
2088 1743 197 44 d'adoles-

311 1802 131 33 cents
465 1794 156 55 pleins
649 1795 221 51 d'avenir,
978 1805 45 34 et
1047 1796 129 45 nulle
1224 1799 221 42 actualité
1472 1800 263 55 n'apparaît
1762 1801 156 43 moins
1961 1804 169 43 banale
2164 1820 56 29 en
2240 1820 68 31 ses

310 1865 193 47 apports
527 1856 170 52 variés,
725 1865 168 42 certes,
941 1858 24 42 à
1001 1860 206 42 souhait.
1259 1861 65 42 Le
1349 1861 225 43 transfert
1599 1862 81 42 des
1725 1877 237 30 concours
1993 1866 185 55 publics
2216 1869 22 41 à
2267 1870 38 40 la

310 1917 114 43 salle
452 1919 169 42 Favart
647 1932 25 28 a
700 1918 161 43 fourni
885 1919 261 45 l'occasion
1169 1923 111 41 d'un
1302 1923 117 56 petit
1440 1923 239 53 scandale,
1707 1926 118 42 dont
1843 1927 46 42 la
1908 1927 111 43 lune
2046 1942 57 28 en
2143 1943 161 30 avance

310 1980 173 43 afficha
507 1980 46 43 la
575 1982 185 44 velléité
792 1984 252 56 d'éclipser
1075 1985 43 43 le
1158 1985 137 43 soleil
1334 1987 306 43 avunculaire
1668 1988 56 42 de
1750 1990 123 42 celui
1900 1990 63 43 du
1989 1992 185 43 dernier
2207 1994 99 41 Prix

309 2044 56 42 de
393 2046 167 40 Rome.
587 2046 67 40 La
680 2045 308 43 distribution
1015 2048 83 42 des
1140 2048 159 43 billets
1341 2050 188 43 dévoila
1555 2050 113 41 chez
1702 2065 88 29 nos
1815 2052 290 44 honorables
2131 2055 154 55 législa-

306 2115 129 34 teurs
460 2121 65 28 un
553 2121 168 28 amour
760 2107 175 45 effréné
978 2110 56 42 de
1070 2111 45 41 la
1153 2112 221 56 musique
1415 2114 239 54 qu'aucun
1699 2114 179 56 budget
1910 2117 82 42 des
2021 2118 282 42 Beaux-Arts

308 2170 171 43 n'avait
497 2170 141 42 laissé
666 2184 310 43 soupçonner
1001 2173 222 56 jusqu'ici
1245 2189 86 41 par
1357 2189 74 28 ses
1471 2176 251 56 largesses.
1752 2177 172 57 Exigés
1967 2180 112 42 d'un
2103 2180 202 42 ministre

306 2231 134 43 imbu
462 2232 58 42 de
548 2246 49 28 sa
619 2246 23 29 «
671 2235 365 53 responsabilité
1062 2250 23 27 »
1123 2237 264 56 complexe,
1421 2252 90 41 900
1538 2237 170 43 tickets
1737 2238 159 45 furent
1927 2242 148 42 voués
2101 2255 56 29 en
2181 2242 100 42 holo-

308 2303 161 34 causte
492 2296 26 40 à
542 2295 308 43 l'esthétisme
876 2297 197 56 inopiné
1106 2300 63 41 du
1218 2300 272 43 Parlement
1529 2316 90 40 que
1667 2303 226 55 l'Europe
1926 2317 122 29 nous
2075 2304 129 43 envie
2230 2305 69 54 (1).

311 2357 186 42 Lesdits
542 2356 188 52 tickets,
778 2361 385 50 naturellement,
1212 2364 430 54 correspondaient
1686 2380 93 28 aux
1821 2366 272 43 meilleures
2135 2368 165 54 places,

306 2419 122 42 ainsi
455 2420 113 55 qu'il
591 2421 223 42 convient
836 2423 115 41 dans
978 2437 92 28 une
1096 2424 290 43 démocratie
1411 2426 79 55 qui
1515 2441 47 28 se
1580 2437 213 47 respecte
1822 2442 57 28 en
1905 2429 44 41 la
1973 2443 231 41 personne
2225 2429 73 42 des

306 2482 102 42 élus
433 2482 57 42 de
516 2496 87 28 son
628 2482 119 43 libre
766 2483 157 52 choix,
943 2485 38 41 si
1008 2486 110 42 bien
1145 2500 91 41 que
1255 2488 169 42 l'accès
1442 2489 82 42 des
1541 2489 291 58 baignoires,
1859 2491 190 54 balcon,
2073 2491 225 42 orchestre

307 2558 63 28 ou
394 2545 150 56 loges,
577 2558 48 28 se
646 2554 169 35 trouva
839 2547 115 42 delà
980 2556 125 34 sorte
1130 2549 195 42 interdit
1348 2563 90 29 aux
1458 2552 271 57 privilégiés
1755 2554 57 42 de
1840 2552 44 43 la
1901 2568 161 42 presse
2085 2552 213 44 musicale

307 2615 45 35 et
372 2607 80 42 des
480 2607 298 55 spécialistes
801 2608 219 44 habitués
1040 2611 230 56 auxquels
1292 2612 390 46 échutl'aumône
1701 2615 379 56 exceptionnelle
2103 2617 53 41 de
2178 2615 96 56 quel-

306 2683 90 42 que
422 2670 214 42 modeste
663 2679 180 35 carton.
873 2672 105 42 Une
1023 2672 282 56 après-midi
1332 2675 57 42 de
1418 2676 170 54 juillet,
1614 2678 117 55 j'eus
1757 2678 270 42 l'héroïsme
2064 2679 55 41 de
2154 2688 118 31 trans-

301 2732 130 57 pirer
454 2733 170 41 durant
644 2747 65 27 un
731 2734 98 41 bon
856 2743 136 46 quart
1034 2736 191 42 d'heure
1267 2738 116 41 dans
1409 2738 43 42 le
1483 2738 180 44 fournil
1700 2741 177 42 obscur
1916 2750 44 33 et
1985 2740 311 56 surplombant

306 2796 56 42 de
389 2796 45 41 la
457 2794 268 44 Troisième
750 2796 185 43 Galerie
958 2798 380 55 gracieusement
1362 2802 232 43 accordée
1619 2817 59 28 au
1702 2804 226 41 Mercure
1953 2804 191 41 musical
2152 2836 8 9 .
2194 2800 76 43 Mal-

304 2858 78 55 gré
425 2872 114 28 mon
565 2858 320 43 dévouement
907 2874 123 41 pour
1056 2875 88 28 nos
1168 2862 229 55 abonnés,
1431 2864 47 41 la
1501 2864 197 53 crainte,
1725 2865 318 43 évidemment
2065 2865 201 56 présomp-

301 2929 188 41 tueuse,
509 2921 56 41 de
589 2921 157 55 priver
771 2922 25 41 à
820 2923 166 54 jamais
1019 2924 126 42 leurs
1190 2925 158 42 loisirs
1397 2926 81 42 des
1520 2927 177 43 trésors
1722 2928 209 42 douteux
1963 2928 55 42 de
2055 2941 71 28 ma
2150 2938 141 43 prose,

304 2982 297 56 m'empêcha
627 2984 56 41 de
711 2984 167 42 braver
895 2984 108 55 plus
1029 2985 272 58 longtemps
1324 2988 43 42 la
1398 2990 300 55 congestion,
1725 2999 43 33 et
1786 2989 337 57 j'abandonnai
2148 2988 122 41 lâche-

304 3054 132 32 ment
459 3059 64 27 un
549 3045 233 55 prochain
800 3046 259 57 fanatique,
1081 3050 117 41 dont
1219 3051 44 41 la
1289 3064 143 29 sueur
1454 3052 240 42 ruisselait
1711 3067 79 27 sur
1811 3053 41 42 le
1872 3053 100 42 cuir
1990 3053 80 42 des
2089 3048 204 45 fauteuils

306 3107 117 43 dans
449 3107 335 56 l'atmosphère
813 3110 140 42 d'une
987 3111 121 43 buée
1135 3112 263 43 suffocante
1426 3123 44 33 et
1501 3114 57 42 de
1585 3114 177 44 relents
1787 3115 320 55 municipaux.
2129 3112 139 55 J'ajou-

302 3170 135 54 terai,
466 3184 122 42 pour
620 3185 114 28 mon
761 3186 190 41 excuse,
980 3187 109 41 que,
1117 3175 39 42 si
1183 3189 62 28 on
1269 3190 31 41 y
1325 3175 172 44 sentait
1517 3177 94 42 très
1637 3177 109 52 fort,
1775 3192 63 28 on
1863 3179 78 55 n'y
1959 3174 236 45 entendait
2216 3184 74 44 pas

302 3233 315 57 grand'chose
660 3243 42 33 et
736 3248 61 28 on
833 3236 77 55 n'y
934 3236 160 56 voyait
1139 3238 103 41 rien
1285 3239 63 41 du
1392 3247 121 34 tout.
1560 3240 268 53 D'ailleurs,
1854 3239 178 42 hormis
2076 3236 213 57 quelques

301 3295 353 57 représentants
678 3297 81 42 des
786 3298 235 54 journaux
1054 3300 290 55 quotidiens,
1368 3301 67 43 les
1468 3301 260 43 musiciens
1756 3312 46 33 et
1833 3302 44 42 la
1902 3300 196 56 critique
2131 3296 160 44 étaient

301 3371 212 43 pourvus
538 3359 25 40 à
588 3358 250 44 l'avenant.

360 3420 299 51 L'aventure,
682 3422 301 53 néanmoins,
1017 3432 79 34 eut
1124 3424 205 43 certains
1358 3426 221 43 résultats
1607 3427 144 56 qu'on
1778 3440 57 29 ne
1868 3424 244 59 prévoyait
2144 3420 144 57 guère»

305 3484 100 41 Nos
432 3483 246 43 sénateurs
701 3493 45 33 et
786 3485 198 57 députés
1008 3486 237 56 partaient
1267 3488 260 55 justement
1551 3503 58 28 en
1633 3502 249 37 vacances,
1910 3498 45 32 et
1978 3488 94 41 bon
2104 3483 185 44 nombre

302 3546 178 42 d'entre
507 3560 105 41 eux,
633 3547 240 55 préférant
894 3561 109 30 sans
1030 3550 144 42 doute
1201 3551 211 55 Apollon
1439 3565 112 28 sous
1578 3552 67 42 les
1667 3551 133 43 traits
1827 3551 57 42 de
1919 3549 204 50 Phébus,
2150 3542 117 45 distri-

301 3607 201 43 buèrent
525 3608 66 42 les
619 3623 214 43 coupons
873 3624 138 43 reçus
1033 3612 26 42 à
1082 3612 125 43 leurs
1243 3622 211 47 parents,
1492 3614 136 55 amis,
1656 3613 384 50 connaissances,
2073 3609 138 44 valets
2236 3604 50 42 de

349 3774 56 48 (i)
431 3775 113 39 Ainsi
564 3786 80 38 que
658 3789 103 25 nous
786 3780 154 37 l'avons
965 3779 126 40 établi
1117 3780 100 38 dans
1242 3784 37 34 le
1776 3790 42 38 15
1845 3785 111 41 août,
1979 3787 107 39 page
2107 3786 19 38 3
2139 3785 39 25 11
2188 3798 9 11 •
