2433 4168
285 212 92 42 400

999 217 56 28 LE
1094 216 238 30 MERCURE
1366 216 217 31 MUSICAL

286 424 313 55 occupations
637 424 57 42 de
738 432 73 33 cet
837 424 167 42 acabit.
1041 425 271 51 D'ailleurs,
1354 425 55 42 ils
1435 424 133 42 n'ont
1599 437 91 41 que
1736 423 114 42 faire
1895 424 57 41 de
1989 438 50 27 ce
2072 424 211 56 glorieux

287 487 138 53 passé
450 499 122 42 pour
597 487 183 40 donner
809 487 124 41 leurs
976 487 181 55 leçons,
1187 489 24 40 à
1235 487 158 42 moins
1420 500 90 43 que
1538 487 75 53 d'y
1646 486 231 42 chercher
1919 486 42 41 le
1987 486 206 43 démenti
2229 490 52 42 de

290 556 105 34 tout
438 562 51 28 ce
536 548 136 55 qu'ils
720 548 294 56 enseignent.
1056 550 142 42 Aussi
1243 548 351 57 l'ignorent-ils,
1627 562 84 42 par
1754 546 231 55 défiance,
2032 550 250 55 peut-être,

292 617 162 34 autant
480 623 89 41 que
592 624 85 42 par
700 610 283 43 inclination
1088 613 175 55 quand,
1289 626 85 42 par
1399 612 186 48 hasard,
1610 610 57 41 ils
1691 624 58 28 en
1776 619 82 33 ont
1884 612 211 40 entendu
2118 612 165 56 parler,

360 671 117 42 mais
497 673 111 42 d'un
628 673 146 55 esprit
789 673 257 56 tranquille
1069 684 43 33 et
1131 675 216 52 satisfait,
1368 673 248 44 conscient
1639 673 56 42 de
1712 687 51 28 sa
1776 673 265 55 supériorté
2065 673 217 45 lauréate.

288 734 75 41 On
394 736 261 54 comprend
679 735 266 56 également
971 737 24 41 à
1021 737 108 55 quel
1153 737 137 56 point
1315 737 44 41 la
1382 736 274 57 prétention
1700 736 56 41 de
1785 736 65 42 M.
1879 734 378 56 Dujardin-Beau-

286 804 121 33 metz
431 797 82 41 dut
534 798 284 42 abasourdir
842 813 76 28 ces
945 799 259 51 auditeurs,
1232 800 188 41 nourris
1441 800 117 40 dans
1582 798 41 42 le
1643 798 139 42 sérail
1809 806 44 33 et
1879 798 158 41 mieux
2063 797 222 45 informés

287 858 56 41 de
370 872 73 28 ses
468 867 151 43 tours,
661 861 193 42 détours
900 870 44 33 et
987 862 257 42 alentours.
1275 863 72 40 En
1378 861 179 50 réalité,
1584 862 116 41 dans
1735 868 134 33 notre
1907 861 376 54 Conservatoire,

287 938 22 21 «
335 920 289 44 l'éducation
662 924 229 41 musicale
912 941 21 21 »
975 933 66 33 est
1089 941 22 21 «
1145 939 57 27 au
1243 924 170 43 niveau
1467 925 56 40 de
1569 922 392 56 l'enseignement
1997 939 39 27 ».
2086 923 102 41 Elle
2231 938 55 29 en

288 983 198 43 découle
514 998 185 28 comme
726 985 143 43 l'effet
907 986 57 42 de
1013 1000 49 28 sa
1084 1000 157 37 cause,
1269 995 45 33 et
1349 988 31 40 il
1409 995 70 33 est
1500 995 106 46 trop
1634 985 184 42 naturel
1865 985 170 54 qu'elle
2062 985 224 56 implique

286 1059 94 28 une
407 1045 157 56 quiète
592 1047 259 56 ignorance
879 1049 56 41 de
961 1049 230 42 l'histoire
1218 1058 44 33 et
1287 1050 56 41 de
1376 1048 277 44 l'évolution
1680 1048 56 41 de
1763 1047 101 42 l'art
1897 1061 173 28 sonore
2095 1047 191 45 relatées

289 1109 117 41 dans
441 1110 64 40 les
539 1123 230 42 ouvrages
797 1112 82 40 des
905 1112 172 53 grands
1112 1111 274 51 musiciens,
1413 1111 219 56 puisque,
1662 1109 168 56 depuis
1853 1109 235 56 l'origine,
2122 1110 141 43 l'auto-

289 1169 85 42 rité
399 1178 44 33 et
463 1171 66 41 les
558 1172 239 55 exemples
825 1173 56 41 de
915 1174 190 41 ceux-ci
1130 1173 158 43 furent
1312 1173 395 43 immuablement
1726 1172 160 42 exclus
1910 1172 110 42 d'un
2045 1172 216 57 enseigne-

289 1242 129 31 ment
447 1233 55 42 de
529 1233 106 42 four
661 1235 25 41 à
712 1235 191 52 bachot,
938 1237 63 40 où
1027 1250 61 27 on
1121 1246 138 46 parut
1291 1237 56 42 de
1369 1245 105 34 tout
1509 1245 153 46 temps
1690 1235 225 42 redouter
1941 1235 55 41 de
2022 1248 266 42 prononcer

288 1296 154 41 même
461 1296 125 42 leurs
613 1311 153 31 noms.
797 1298 37 40 Il
861 1306 69 34 est
954 1307 106 47 trop
1084 1299 189 43 évident
1306 1299 126 42 aussi
1460 1312 91 41 que
1578 1299 63 40 M.
1669 1298 42 41 le
1735 1297 249 42 Directeur
2006 1298 80 41 des
2117 1299 171 42 Beaux-

287 1359 108 40 Arts
408 1358 128 42 n'eut
559 1373 84 41 pas
661 1369 111 42 tort,
797 1361 117 41 dans
938 1362 42 41 le
1004 1361 163 42 milieu
1184 1376 123 42 pour
1326 1361 79 56 qui
1422 1362 31 40 il
1474 1359 275 54 discourait,
1773 1359 193 43 d'éviter
1983 1359 305 56 l'expression

289 1419 248 56 employée
562 1435 85 42 par
670 1423 63 40 M.
765 1423 133 50 Lalo,
942 1437 88 28 son
1063 1424 208 55 exégète,
1300 1423 240 56 évoquant
1565 1437 109 28 sans
1707 1423 224 54 ambages
1960 1439 21 21 «
2016 1422 271 43 l'évolution

291 1483 55 40 de
372 1482 44 42 la
439 1483 218 56 musique
682 1498 40 28 ».
755 1485 88 42 Les
867 1486 166 41 braves
1060 1499 114 43 gens
1202 1494 195 34 eussent
1422 1486 160 41 mieux
1606 1484 209 55 compris
1850 1484 62 42 du
1931 1484 205 53 chinois,
2162 1486 124 43 voire

290 1546 56 40 de
374 1545 280 43 Gonfucius.
685 1548 159 52 Quant
868 1549 26 41 à
915 1548 157 56 exiger
1098 1550 56 40 de
1178 1562 76 28 ces
1275 1548 317 56 professeurs,
1620 1546 135 56 après
1781 1546 103 42 leur
1917 1546 130 43 avoir
2072 1547 214 56 expliqué

291 1620 52 29 ce
363 1607 80 54 qui
463 1609 216 41 s'entend
699 1623 84 40 par
804 1610 59 51 là,
893 1611 55 41 de
976 1611 282 55 l'enseigner
1279 1612 24 41 à
1328 1611 125 42 leurs
1477 1610 173 53 élèves,
1671 1623 52 28 ce
1749 1609 142 42 serait
1911 1609 101 42 leur
2034 1610 254 42 demander

289 1678 105 33 tout
419 1670 293 42 bonnement
745 1672 57 42 de
834 1681 248 34 retourner
1107 1674 301 41 eux-mêmes
1435 1673 25 41 à
1485 1672 182 53 l'école,
1773 1679 46 34 et
1841 1684 122 43 pour
2006 1672 280 55 longtemps.

293 1733 283 41 Fussent-ils
606 1733 180 42 animés
826 1735 56 41 de
908 1735 43 41 la
975 1736 159 41 bonne
1159 1735 193 43 volonté
1378 1736 44 40 la
1463 1735 107 55 plus
1609 1734 345 56 inextinguible
1986 1743 46 33 et
2056 1735 230 55 suprême,

296 1794 57 41 ils
397 1808 57 28 ne
500 1795 205 42 seraient
721 1810 85 41 pas
844 1797 108 54 plus
985 1798 200 42 avancés
1220 1812 90 41 que
1356 1798 64 41 M.
1458 1797 326 42 Hillemacher
1830 1810 59 28 en
1930 1797 227 54 présence
2184 1798 103 41 d'un

294 1870 199 42 psaume
520 1858 56 40 de
604 1858 272 52 Goudimel,
919 1860 139 41 d'une
1093 1860 214 41 chanson
1343 1860 56 42 de
1428 1861 177 40 Lassus
1635 1873 62 28 ou
1738 1860 56 41 de
1839 1859 239 56 Costeley,
2123 1868 43 33 et
2197 1874 91 27 non

293 1919 155 41 moins
489 1919 336 43 candidement
867 1921 313 56 interloqués.
1225 1923 75 41 On
1346 1936 58 28 ne
1444 1921 294 56 s'improvise
1773 1935 84 41 pas
1882 1935 94 29 une
2016 1922 197 51 culture,

293 1981 225 55 laquelle,
546 1996 59 27 au
639 1983 205 54 surplus,
873 1985 118 41 n'est
1021 1985 231 55 peut-être
1274 1984 182 56 jamais,
1492 1985 114 41 chez
1636 1984 290 55 quiconque,
1975 1998 90 41 que
2093 1985 172 41 l'incon-

293 2043 151 42 scient
476 2044 203 42 résultat
711 2046 396 52 d'observations,
1131 2048 56 41 de
1212 2047 368 42 connaissances
1608 2055 44 33 et
1690 2046 358 55 d'impressions
2092 2055 194 45 surtout,

292 2107 238 41 amassées
555 2121 94 40 peu
692 2108 25 40 à
756 2122 109 41 peu,
910 2108 260 44 lentement
1195 2110 280 50 assimilées,
1518 2109 107 56 puis
1660 2109 277 55 comparées
1963 2117 45 34 et
2041 2109 198 42 classées
2265 2108 24 42 à

295 2182 88 28 son
430 2182 175 42 propre
649 2170 124 43 insu.
824 2171 125 42 C'est
992 2186 66 27 un
1108 2173 163 55 acquis
1315 2181 105 33 tout
1462 2172 275 55 personnel,
1789 2173 61 40 où
1883 2171 272 55 l'intuition,
2200 2184 88 29 une

294 2230 273 44 instinctive
594 2241 45 33 et
663 2232 136 43 avide
848 2234 224 42 curiosité
1119 2244 82 33 ont
1224 2235 107 55 plus
1359 2235 56 42 de
1457 2242 106 48 part
1596 2248 91 41 que
1713 2234 42 42 le
1782 2233 126 42 désir
1933 2234 57 42 de
2017 2233 270 54 s'instruire,

294 2302 45 33 et
381 2294 145 54 qu'on
571 2303 112 46 peut
715 2295 169 43 douter
931 2296 80 56 qui
1053 2311 48 28 se
1128 2296 189 56 reçoive
1344 2296 202 44 d'autrui
1576 2310 84 42 par
1702 2296 43 41 la
1783 2296 107 42 voie
1917 2296 289 56 didactique.
2253 2296 35 40 Il

294 2356 224 41 demeure
560 2357 230 42 toutefois
823 2358 94 43 fort
951 2359 206 56 légitime
1187 2360 107 41 d'en
1334 2359 190 43 vouloir
1556 2372 272 43 provoquer
1852 2359 43 42 le
1936 2360 113 55 goût
2074 2360 112 42 chez
2224 2358 64 41 les

292 2418 165 54 jeunes
498 2418 238 43 étudiants
757 2435 11 36 ;
796 2421 55 41 de
895 2422 100 41 leur
1027 2436 57 27 en
1110 2422 200 53 fournir,
1336 2435 122 42 pour
1479 2422 44 41 le
1555 2421 173 53 moins,
1756 2422 68 41 les
1857 2422 229 42 éléments
2128 2422 133 41 néces-

294 2479 164 54 saires,
494 2494 51 28 ce
585 2481 24 41 à
642 2482 114 55 quoi
781 2482 387 57 l'indispensable
1206 2484 249 42 condition
1480 2493 70 33 est
1585 2484 58 42 de
1665 2484 67 42 les
1757 2484 232 56 posséder
2031 2484 256 42 soi-même.

296 2542 121 41 Mais
462 2542 196 42 serait-il
682 2544 212 55 possible
921 2547 24 40 à
974 2547 261 55 quelqu'un
1258 2547 56 42 de
1341 2547 67 42 les
1433 2546 232 56 posséder
1686 2560 108 28 sans
1820 2560 92 41 que
1937 2547 101 42 leur
2059 2545 230 44 influence

295 2604 225 43 intervînt
541 2605 117 42 dans
684 2620 89 28 son
799 2608 376 56 enseignement,
1196 2609 134 56 quels
1354 2609 139 55 qu'en
1526 2608 155 42 soient
1705 2609 44 41 la
1773 2608 195 43 matière
1994 2618 44 33 et
2059 2610 41 42 le
2123 2607 166 58 degré?

296 2667 66 41 Ce
386 2675 108 33 sont
542 2668 168 42 choses
755 2669 324 57 inséparables
1109 2686 9 27 :
1161 2672 289 42 l'éducation
1483 2672 56 42 de
1569 2671 162 43 l'élève
1757 2680 71 34 est
1852 2672 42 42 le
1937 2671 135 44 reflet
2110 2673 55 41 de
2187 2672 81 41 l'en-

296 2729 299 54 seignement
644 2731 62 41 du
734 2733 183 52 maître,
962 2743 46 33 et
1049 2734 394 56 l'enseignement
1469 2735 62 41 du
1556 2734 166 42 maître
1755 2743 70 33 est
1869 2735 43 41 le
1954 2735 164 41 miroir
2150 2734 54 42 de
2243 2747 46 28 sa

297 2791 199 43 culture.
539 2792 37 40 Il
603 2795 179 41 semble
810 2797 125 40 donc
961 2797 111 42 bien
1101 2811 108 41 que,
1237 2811 125 42 pour
1386 2797 193 42 réaliser
1596 2797 42 42 le
1664 2809 111 30 vœu
1797 2797 57 41 de
1880 2797 66 42 M.
1980 2797 42 42 le
2051 2797 237 42 Directeur

296 2854 82 41 des
394 2855 304 52 Beaux-Arts,
713 2856 32 42 il
770 2856 205 46 faudrait
1002 2874 305 28 commencer
1323 2874 85 42 par
1432 2860 206 55 changer
1656 2860 67 41 les
1741 2859 298 56 professeurs
2067 2869 44 33 et
2131 2871 131 31 renou-

296 2916 129 42 veler
461 2926 136 33 notre
653 2919 367 45 Conservatoire
1066 2924 57 40 de
1173 2923 118 41 fond
1330 2936 58 28 en
1446 2923 205 53 comble,
1708 2923 25 40 à
1776 2930 105 47 trop
1923 2936 93 42 peu
2060 2921 104 57 près
2187 2936 10 39 ;

297 2978 300 51 conclusion,
646 2981 257 55 d'ailleurs,
945 2993 223 34 entrevue
1208 2984 204 56 naguère
1444 2998 85 43 par
1570 2984 207 43 certaine
1804 2999 23 28 «
1871 2984 320 42 Commission
2236 2983 52 40 de

296 3039 183 43 refonte
501 3055 39 36 »,
562 3041 80 56 qui
662 3044 290 52 s'assembla,
967 3046 185 44 discuta
1175 3048 172 42 durant
1366 3047 240 56 plusieurs
1626 3047 140 51 mois,
1788 3061 108 28 sans
1924 3047 187 42 aboutir
2136 3046 148 56 qu'à...

297 3116 48 28 se
372 3102 251 44 dissoudre
668 3106 127 41 enfin
833 3121 113 30 avec
992 3123 66 27 un
1105 3109 101 42 Ouf
1229 3110 7 41 !
1267 3110 55 41 de
1371 3109 345 55 soulagement,
1755 3123 77 28 car
1877 3109 176 43 l'alerte
2079 3109 120 43 avait
2222 3106 66 43 été

296 3165 183 42 chaude
514 3180 123 41 pour
661 3168 67 42 les
764 3170 255 43 intéressés
1062 3172 132 42 rétifs
1227 3173 26 40 à
1299 3185 215 29 assumer
1540 3171 42 42 le
1622 3171 100 42 rôle
1769 3173 57 41 de
1853 3172 204 42 suicidés
2081 3185 83 42 par
2187 3182 75 43 per-

297 3227 216 45 suasion.

353 3291 67 43 M.
465 3291 510 55 Dujardin-Beaumetz
1015 3311 57 28 ne
1106 3298 185 42 nourrit
1332 3297 137 55 point
1500 3297 176 43 d'aussi
1718 3299 136 54 âpres
1898 3298 229 46 desseins,
2166 3295 47 42 ni
2251 3293 34 42 si

296 3361 171 35 vastes.
520 3354 90 42 Les
658 3355 257 45 clémentes
955 3359 227 43 réformes
1231 3361 112 55 qu'il
1381 3373 208 42 propose
1625 3374 59 28 en
1724 3361 98 41 bon
1867 3359 110 57 père
2021 3361 56 41 de
2116 3356 169 44 famille

300 3414 294 56 témoignent
629 3427 138 33 avant
790 3428 104 34 tout
919 3422 56 41 de
1002 3436 73 28 ses
1102 3423 186 42 bonnes
1314 3422 278 43 intentions.
1623 3424 239 41 D'aucuns
1899 3423 280 55 prétendent
2202 3431 85 45 que

298 3476 182 52 l'enfer,
514 3478 130 42 hélas
672 3480 6 41 !
731 3495 56 28 en
814 3491 70 34 est
920 3485 135 55 pavé.
1102 3486 129 42 Tout
1270 3486 242 55 dépendra
1558 3486 81 42 des
1688 3499 116 42 gens
1851 3485 175 43 choisis
2065 3497 120 43 pour
2227 3482 62 40 les

299 3540 237 44 exécuter.
587 3542 74 42 On
708 3557 58 28 ne
808 3555 116 45 peut
962 3548 141 55 guère
1155 3549 331 56 qu'applaudir
1532 3549 24 41 à
1604 3548 284 42 l'extension
1932 3549 63 42 du
2044 3559 136 31 cours
2236 3542 52 42 de

298 3602 66 42 M.
393 3603 594 62 Bourgault-Ducoudray,
1027 3625 172 28 encore
1226 3611 112 56 qu'il
1363 3627 29 40 y
1424 3611 63 42 ait
1510 3611 237 54 plusieurs
1774 3610 164 55 façons
1966 3611 58 41 de
2048 3605 241 47 concevoir

299 3664 230 45 l'histoire
549 3667 57 42 de
625 3667 44 42 la
694 3670 236 56 musique.
954 3674 323 54 Récemment,
1297 3674 297 42 l'honorable
1620 3672 275 57 professeur
1921 3672 122 44 avait
2062 3671 94 57 pris
2178 3679 111 46 pour

301 3726 121 56 sujet
453 3729 165 43 l'école
644 3744 151 40 russe,
823 3747 52 29 ce
896 3735 80 55 qui
1002 3737 352 43 ressemblerait
1379 3750 131 29 assez
1529 3736 111 42 bien
1667 3736 25 41 à
1717 3736 250 55 enseigner
1988 3733 223 44 l'histoire
2237 3730 52 42 de

301 3789 180 44 France
509 3806 57 28 en
593 3803 249 35 racontant
867 3798 116 42 celle
1012 3800 62 41 du
1098 3800 210 43 Tonkin.
1347 3799 39 42 Il
1423 3815 30 39 y
1479 3799 198 42 donnait
1710 3798 68 42 les
1804 3812 153 38 noms,
1985 3798 66 42 les
2077 3797 128 41 dates
2237 3792 51 41 de
