2626 4486
171 383 175 72 LA
456 381 416 74 CITE.

1020 381 963 75 DECEMBRE
2086 380 279 76 1924.

2338 3764 137 73 27

468 637 73 52 Le
569 637 304 52 maximum
903 636 61 53 de
992 636 146 54 débit
1166 637 86 53 des
1281 637 182 53 modes
1493 638 62 52 de
1585 636 335 54 locomotion
1952 652 75 38 est
2055 654 142 50 pour
2226 654 140 35 nous

311 724 133 51 d'un
476 722 189 53 intérêt
696 723 313 56 secondaire,
1041 723 227 65 puisque
1298 741 138 34 nous
1464 742 62 33 ne
1557 742 137 34 nous
1726 741 270 48 occupons
2027 722 153 66 guère
2210 723 63 52 ici
2305 723 62 51 de

311 809 48 51 la
386 808 169 65 partie
581 808 406 65 congestionnée
1013 808 89 52 des
1130 808 221 65 grandes
1381 808 164 53 villes.

467 908 104 51 Par
606 921 198 43 contre,
843 908 51 51 la
932 907 185 52 vitesse
1154 907 88 52 des
1277 906 280 53 différents
1592 907 183 52 modes
1812 907 62 54 de
1912 906 338 53 locomotion
2290 919 76 39 est

311 994 245 55 d'intérêt
593 994 211 64 capital.
843 992 72 52 Le
950 992 193 52 chiffre
1177 992 218 65 indiqué
1430 1011 141 47 pour
1609 995 70 51 les
1717 994 329 64 Tramways
2083 994 135 50 n'est
2255 990 82 53 évi-

312 1080 271 51 demment
619 1096 94 47 pas
752 1079 191 52 atteint
981 1079 28 50 à
1047 1077 291 52 l'intérieur
1375 1079 86 52 des
1498 1079 165 57 villes,
1704 1079 133 52 dans
1877 1080 70 51 les
1986 1096 117 35 rues
2140 1079 29 50 à
2210 1076 156 53 trafic

311 1166 217 51 intense.
553 1165 77 51 La
652 1165 186 52 vitesse
861 1165 61 52 de
942 1183 76 33 ces
1039 1164 261 52 véhicules
1321 1183 34 47 y
1376 1165 218 52 descend
1616 1180 229 37 souvent
1868 1166 28 51 à
1920 1182 29 48 5
1977 1165 95 52 km
2095 1165 28 51 à
2146 1164 217 57 l'heure,

312 1268 55 35 ce
391 1250 95 66 qui
512 1249 191 54 dénote
730 1250 358 53 évidemment
1117 1268 74 34 un
1219 1249 109 54 état
1355 1251 62 54 de
1444 1250 179 53 choses
1651 1250 261 53 anormal.

387 1361 104 52 Par
522 1373 198 45 contre,
754 1361 51 50 la
838 1361 185 52 vitesse
1053 1359 246 66 indiquée
1329 1361 134 52 dans
1492 1361 44 50 le
1571 1361 211 52 tableau
1815 1375 130 50 peut
1976 1361 105 52 être
2114 1361 222 50 sensible-

308 1461 149 38 ment
485 1446 308 67 augmentée
820 1447 133 51 dans
980 1447 70 51 les
1077 1446 188 53 artères
1290 1446 72 52 où
1390 1446 200 66 chaque
1616 1447 158 55 mode
1801 1447 61 52 de
1888 1447 338 52 locomotion
2257 1447 79 52 dis-

308 1550 127 47 pose
467 1532 161 52 d'une
661 1532 120 52 voie
814 1531 260 53 distincte.
1110 1531 162 52 Alors
1303 1549 101 48 que
1436 1532 70 52 les
1539 1533 325 65 Tramways
1898 1531 221 53 roulant
2152 1549 91 35 sur
2276 1531 88 52 des

313 1618 122 52 rails
463 1617 154 66 posés
646 1618 133 52 dans
809 1618 51 51 la
890 1617 258 57 chaussée,
1182 1632 99 38 ont
1314 1636 99 33 une
1445 1618 184 52 vitesse
1660 1618 238 52 maxima
1931 1617 63 53 de
2033 1635 62 48 15
2132 1618 133 56 km.,
2300 1618 64 52 ils

311 1717 235 51 peuvent
579 1704 108 52 s'ils
721 1704 213 52 roulent
969 1721 89 33 sur
1088 1702 347 66 plate-forme
1470 1704 242 52 distincte
1856 1717 50 39 et
1940 1704 42 52 si
2018 1705 71 51 les
2121 1720 243 48 passages

311 1803 377 38 transversaux
722 1803 50 38 et
806 1789 71 52 les
913 1789 161 52 arrêts
1107 1806 64 35 ne
1205 1801 123 40 sont
1362 1806 94 47 pas
1491 1803 123 52 trop
1648 1789 304 52 nombreux
2100 1789 200 52 arriver
2335 1787 27 52 à

311 1875 152 57 faire.
476 1894 30 33 2
517 1893 28 47 5
585 1875 109 52 km.
735 1875 28 52 à
799 1875 213 52 l'heure.
1051 1875 73 51 Ils
1158 1875 316 52 deviennent
1511 1875 131 52 dans
1676 1893 51 34 ce
1761 1893 81 34 cas
1878 1875 88 52 des
2004 1889 294 51 tramways
2335 1874 28 52 à

313 1961 196 64 grande
532 1961 201 52 vitesse.

468 2059 144 52 C'est
640 2059 28 52 à
696 2058 431 53 l'établissement
1155 2059 61 52 de
1243 2077 51 33 ce
1319 2059 158 52 mode
1503 2059 61 51 de
1594 2072 275 52 transport
1900 2058 180 66 rapide
2108 2076 104 48 que
2243 2058 87 52 doi-

308 2159 127 37 vent
461 2145 181 53 tendre
665 2145 73 51 les
762 2144 193 52 efforts
980 2144 61 55 de
1067 2144 332 52 l'Urbaniste
1425 2144 92 66 qui
1543 2143 249 66 poursuit
1818 2144 51 52 la
1896 2143 465 53 décentralisation

310 2231 87 50 des
425 2229 452 66 agglomérations
905 2229 261 52 urbaines.

466 2341 164 51 Alors
658 2340 134 65 qu'il
820 2354 75 38 est
922 2340 100 52 très
1051 2339 223 53 difficile
1301 2340 267 52 d'obtenir
1595 2341 49 50 la
1671 2339 232 52 création
1931 2340 88 51 des
2047 2356 225 47 moyens
2300 2339 62 50 de

315 2440 275 52 transport
614 2427 26 50 à
665 2426 197 66 grande
886 2426 202 57 vitesse,
1115 2427 137 51 dont
1275 2426 35 51 il
1338 2443 107 35 sera
1473 2425 141 65 parlé
1641 2426 120 65 plus
1788 2425 131 57 loin,
1948 2425 114 52 l'on
2088 2440 130 51 peut
2244 2443 122 33 sans

311 2526 123 53 trop
468 2514 61 53 de
562 2512 130 53 frais
726 2512 273 53 améliorer
1032 2514 45 51 le
1111 2512 174 53 réseau
1319 2512 87 53 des
1440 2525 291 51 tramways
1762 2529 97 48 par
1895 2530 72 33 un
2004 2511 134 52 tracé
2174 2525 49 38 et
2259 2530 102 33 une

313 2599 323 65 disposition
659 2599 287 65 judicieuse
971 2599 88 52 des
1080 2598 161 57 voies,
1266 2615 96 49 par
1384 2598 340 52 l'utilisation
1749 2598 132 52 d'un
1905 2596 233 52 matériel
2166 2614 165 48 appro-

307 2683 127 64 prié.
479 2684 96 51 Les
617 2697 292 50 tramways
948 2684 336 56 deviennent,
1328 2684 132 51 dans
1500 2699 76 34 ces
1616 2681 320 60 conditions,
1982 2700 74 33 un
2098 2683 159 53 mode
2297 2683 64 49 de

306 2769 338 64 pénétration
692 2769 131 51 dans
871 2770 70 50 les
988 2786 315 47 campagnes
1351 2768 362 52 relativement
1761 2766 348 65 économique
2159 2783 49 36 et
2260 2766 102 53 très

307 2855 262 64 puissant.
592 2855 72 52 Ils
684 2853 207 53 offrent
913 2854 385 65 généralement
1318 2855 50 51 la
1387 2854 240 52 solution
1647 2854 74 51 du
1741 2852 272 67 problème
2034 2854 62 51 de
2118 2854 50 51 la
2189 2853 173 66 percée

308 2942 61 49 de
395 2940 48 51 la
471 2960 135 34 zone
631 2942 86 51 des
743 2940 218 51 terrains
987 2942 60 51 de
1070 2940 124 65 prix
1220 2939 137 52 élevé
1381 2954 49 37 et
1456 2939 219 51 rendent
1700 2939 49 51 la
1776 2937 230 53 création
2036 2957 71 33 ou
2135 2939 45 51 le
2207 2939 124 51 déve-

313 3027 312 63 loppement
651 3026 509 64 d'agglomérations
1188 3026 247 52 satellites
1463 3024 269 66 possibles.

467 3125 287 63 Signalons
783 3142 103 46 que
915 3125 115 50 l'on
1060 3137 130 51 peut
1220 3142 64 35 en
1313 3123 166 52 même
1511 3137 171 51 temps
1712 3136 307 50 augmenter
2048 3123 45 51 le
2123 3123 147 52 débit
2301 3125 62 50 de

311 3228 76 34 ces
421 3211 179 63 lignes.
641 3211 83 51 En
760 3210 148 58 effet,
946 3228 89 34 sur
1069 3211 70 51 les
1177 3225 291 49 tramways
1505 3210 28 51 à
1568 3208 194 66 grande
1799 3208 201 58 vitesse,
2037 3208 38 53 il
2110 3210 256 52 convient

312 3295 260 52 d'utiliser
593 3296 86 51 des
701 3295 236 52 voitures
957 3295 123 66 plus
1102 3295 286 65 spacieuses
1409 3314 101 46 que
1533 3295 144 51 celles
1700 3294 87 52 des
1811 3306 293 52 tramways
2127 3295 236 52 urbains.

308 3382 83 51 En
421 3382 301 51 admettant
749 3400 102 46 que
877 3381 202 65 chaque
1110 3382 139 51 train
1280 3400 48 33 se
1356 3399 245 47 compose
1630 3381 60 52 de
1722 3399 28 47 3
1784 3380 238 52 voitures
2049 3381 61 51 de
2142 3398 73 48 50
2244 3400 89 46 per-

313 3484 190 34 sonnes
531 3466 246 57 chacune,
809 3466 49 52 la
886 3466 228 65 capacité
1141 3468 134 52 d'un
1304 3468 140 52 train
1472 3479 73 39 est
1572 3465 62 53 de
1670 3482 104 48 150
1804 3483 300 48 personnes.
2138 3466 229 52 Comme

310 3572 71 31 on
420 3568 130 48 peut
588 3554 68 51 les
694 3553 130 50 faire
862 3553 236 52 succéder
1138 3554 62 51 de
1244 3572 68 44 72
1354 3572 62 34 en
1459 3570 67 46 72
1568 3551 258 58 secondes,
1870 3553 103 50 soit
2014 3553 28 52 à
2085 3554 178 52 raison
2302 3554 62 52 de
