2626 4482
157 357 178 75 LA
444 357 417 75 CITE.

1006 357 970 75 DECEMBRE
2077 357 281 75 1924.

2376 3750 88 73 41

303 617 242 44 devraient
569 616 169 44 fonder
764 616 83 43 des
872 616 249 45 cités-filles
1147 633 57 26 au
1230 616 105 43 delà
1360 616 59 44 de
1445 617 117 44 leurs
1588 616 164 45 limites
1778 631 46 33 et
1848 633 29 35 y
1902 624 286 44 transporter
2213 617 149 42 usines

303 700 45 34 et
377 690 297 44 travailleurs.

440 762 413 46 L'ETRANGER.
981 763 231 45 Combien
1242 776 101 33 tout
1371 765 99 44 cela
1498 765 305 45 m'intéresse!
1836 762 293 47 Maintenant
2159 766 46 50 je
2236 781 93 27 com-

304 856 162 26 mence
501 842 26 40 à
561 838 309 54 comprendre
905 837 41 44 le
980 856 104 26 sens
1119 838 59 44 de
1211 849 134 34 votre
1378 843 209 49 question
1625 856 24 27 «
1689 843 75 49 qui
1800 838 123 45 donc
1957 855 176 37 payera
2166 854 119 36 pour
2319 837 42 44 la

301 915 311 41 construction
642 912 82 44 des
752 915 202 42 maisons
987 915 55 40 »?
1079 910 68 46 En
1175 929 191 31 somme,
1395 930 54 28 ce
1477 913 117 44 n'est
1622 931 83 36 pas
1736 931 89 27 une
1855 917 212 48 question
2098 913 256 52 technique,

301 990 44 39 ni
376 986 294 49 industrielle,
708 990 114 40 mais
854 1004 89 27 une
977 990 210 48 question
1221 986 259 50 financière,
1517 998 45 33 et
1594 991 35 40 si
1662 997 144 40 vaste,
1844 987 168 53 qu'elle
2047 987 190 44 devient
2270 1004 89 26 une

301 1063 211 48 question
541 1059 168 45 d'Etat.

440 1144 305 46 SOCRATE.
896 1144 45 44 Si
984 1163 116 26 vous
1141 1146 178 44 voulez.
1364 1144 141 49 Entre
1546 1164 116 27 nous
1703 1147 278 53 cependant,
2031 1147 168 43 durant
2241 1157 120 33 cette

301 1219 170 54 longue
508 1237 174 36 guerre,
724 1238 89 25 une
851 1220 176 52 grande
1065 1223 145 50 partie
1249 1219 58 45 de
1345 1231 131 33 notre
1511 1221 171 53 peuple
1719 1239 26 27 a
1782 1224 386 42 nécessairement
2208 1221 62 43 dû
2310 1239 48 25 se

301 1304 268 34 concentrer
593 1295 115 44 dans
733 1295 45 44 la
802 1295 113 48 Cité,
945 1314 58 25 en
1030 1296 234 43 désertant
1289 1296 61 43 les
1378 1307 175 33 centres
1580 1314 177 27 ruraux.

437 1367 125 46 Tous
591 1386 85 26 nos
703 1369 165 43 efforts
896 1369 166 44 durent
1090 1373 95 41 être
1214 1369 165 53 dirigés
1408 1382 157 33 contre
1594 1389 84 26 nos
1708 1376 219 45 ennemis,
1961 1375 29 41 à
2018 1371 45 44 la
2092 1370 265 45 confection

303 1442 200 45 d'armes
529 1454 45 33 et
602 1443 58 44 de
687 1445 219 53 trirèmes,
937 1456 45 33 et
1009 1445 26 40 à
1062 1459 188 29 amener
1276 1444 59 43 de
1362 1445 44 44 la
1431 1449 253 42 nourriture
1713 1446 61 43 du
1803 1446 182 44 dehors.

435 1528 412 45 L'ETRANGER.
964 1529 101 49 Oui,
1093 1528 326 46 évidemment.
1448 1531 116 43 Mais
1587 1541 150 34 toutes
1761 1549 74 26 ces
1858 1550 113 35 gens
1994 1550 59 26 ne
2078 1540 253 36 rentreront-

299 1604 110 43 elles
437 1622 83 35 pas
550 1605 116 44 dans
695 1605 118 43 leurs
842 1605 155 51 foyers
1027 1608 26 40 à
1080 1607 213 51 présent?

438 1689 303 46 SOCRATE.
882 1690 140 44 Leurs
1060 1691 182 52 foyers?
1287 1691 32 44 Il
1355 1708 114 28 vous
1505 1692 115 53 plaît
1656 1692 146 45 d'être
1837 1697 221 48 ironique,
2099 1710 113 26 mon
2249 1696 105 41 ami.

299 1766 271 43 Nombireux
593 1769 150 50 parmi
769 1783 91 26 eux
884 1783 116 26 ceux
1027 1771 75 47 qui
1129 1767 133 44 n'ont
1287 1767 101 52 plus
1416 1767 58 44 de
1503 1768 142 51 foyer,
1679 1772 75 48 qui
1782 1768 209 45 habitent
2020 1769 82 43 des
2130 1767 198 54 baraque-

299 1852 151 32 ments
481 1851 46 33 et
555 1844 76 49 qui
661 1841 261 45 travaillent
952 1842 116 45 dans
1098 1842 64 44 les
1194 1842 177 44 ateliers
1403 1843 58 43 de
1492 1843 44 43 la
1563 1842 107 45 ville
1701 1861 59 25 ou
1792 1862 56 26 au
1877 1854 121 43 port.
2033 1844 67 44 Ce
2131 1861 58 26 ne
2218 1847 138 40 serait

301 1919 137 50 guère
468 1917 139 43 chose
639 1919 120 41 aisée
790 1933 89 36 que
911 1917 59 43 de
1002 1917 63 43 les
1096 1917 112 44 faire
1237 1935 50 26 se
1319 1917 226 54 déplacer,
1579 1929 48 33 et
1655 1922 36 40 si
1722 1936 61 27 on
1815 1936 30 35 y
1872 1923 258 49 parvenait,
2168 1919 59 43 de
2260 1920 96 43 leur

301 2002 187 32 trouver
521 1992 58 43 de
612 1995 108 49 quoi
751 2009 48 26 se
830 2002 237 34 sustenter.
1102 1992 126 44 C'est
1260 1993 44 43 là
1334 2011 51 25 ce
1418 2011 87 34 que
1536 2012 115 26 nous
1684 1995 226 52 appelons
1943 1995 60 44 de
2035 2013 85 26 nos
2152 1997 127 50 jours
2312 1995 43 43 la

304 2082 23 28 «
363 2070 270 49 congestion
663 2067 191 43 urbaine
889 2084 40 26 ».
963 2067 98 43 Elle
1093 2086 27 25 a
1149 2086 88 27 une
1268 2068 168 52 longue
1467 2068 183 44 histoire
1684 2070 198 43 derrière
1912 2070 87 44 elle
2032 2082 46 33 et
2109 2069 154 45 relève
2296 2070 58 43 de

303 2140 242 54 beaucoup
571 2141 59 44 de
654 2158 158 27 causes
837 2148 75 46 qui
932 2159 50 27 se
1006 2145 218 42 tiennent.

438 2226 413 46 L'ETRANGER.
985 2227 38 54 J'
1032 2247 56 25 en
1122 2233 41 40 ai
1196 2230 202 44 entendu
1432 2230 80 45 des
1545 2230 151 44 échos.
1733 2230 118 45 Mais
1880 2242 241 34 comment
2152 2249 175 35 pouvez-

302 2319 116 26 vous
447 2303 44 42 la
521 2305 149 50 guérir
699 2321 57 26 en
785 2307 306 41 construisant
1121 2304 81 44 des
1232 2307 229 41 maisons?
1498 2305 113 44 Cela
1641 2324 57 26 ne
1728 2307 188 44 fera-t-il
1945 2324 86 36 pas
2062 2310 200 49 empirer
2292 2307 65 44 les

303 2377 260 44 conditions
592 2380 266 50 présentes?

439 2463 304 47 SOCRATE.
885 2464 54 53 Je
976 2483 58 26 ne
1072 2469 156 50 répète
1265 2469 54 41 ici
1355 2483 87 36 que
1477 2484 52 27 ce
1567 2484 88 35 que
1690 2467 246 53 j'entends.
1979 2468 119 44 Mais
2135 2469 222 52 regardez

303 2547 163 35 autour
500 2539 60 44 de
594 2542 137 41 vousl

435 2625 413 46 L'ETRANGER.
964 2628 54 53 Je
1041 2631 100 41 vois
1166 2628 63 44 les
1252 2628 175 53 plaines
1460 2639 47 33 et
1543 2629 63 43 les
1641 2640 207 33 versants
1884 2630 84 44 des
2002 2630 191 44 collines
2229 2642 48 32 et
2314 2634 45 50 je

301 2704 101 49 puis
434 2719 75 25 me
543 2704 287 50 représenter
862 2719 127 27 assez
1022 2714 291 33 exactement
1344 2703 64 44 les
1442 2703 237 44 nouvelles
1710 2707 110 41 cités
1853 2721 89 36 que
1975 2721 116 27 vous
2126 2705 227 48 décrivez,

301 2776 203 43 Socrate.
537 2776 119 44 Mais
687 2776 132 49 alors,
854 2783 230 47 pourquoi
1113 2778 230 45 Sitonidès
1373 2796 57 27 ne
1460 2778 132 45 fait-il
1622 2796 85 36 pas
1735 2797 51 26 ce
1816 2783 75 49 qui
1920 2790 133 34 saute
2081 2797 89 27 aux
2199 2784 151 49 yeux?

302 2850 183 57 Là-bas,
515 2870 183 25 comme
724 2869 117 29 vous
865 2852 131 50 dites,
1025 2853 262 45 s'étendent
1312 2853 64 44 les
1402 2871 206 36 espaces;
1635 2858 67 45 ici,
1733 2865 104 42 trop
1863 2858 174 41 serrées
2062 2873 121 36 pour
2208 2860 96 41 être
2331 2860 28 40 à

301 2926 96 43 leur
423 2930 106 51 aise,
559 2937 106 34 sont
691 2927 64 44 les
781 2945 173 27 masses
981 2928 59 44 de
1066 2929 44 44 la
1135 2929 287 53 population.
1454 2929 181 49 Là-bas,
1666 2929 66 46 les
1756 2930 104 44 bois
1886 2946 46 33 et
1959 2931 65 44 les
2049 2934 231 48 carrières,
2313 2943 46 33 et

303 3005 65 46 ici,
401 3019 129 32 vous,
562 3002 240 44 chômeur!
832 3003 47 45 Si
905 3004 255 44 seulement
1187 3004 29 45 il
1245 3004 175 46 voulait
1448 3005 112 44 faire
1588 3009 156 40 sienne
1771 3016 121 34 cette
1920 3009 190 42 sixième
2138 3007 216 48 solution,

302 3077 28 43 il
360 3081 206 48 pourrait
596 3095 188 27 amener
813 3078 41 45 le
884 3079 162 44 demoï
1072 3083 28 40 à
1128 3079 163 45 établir
1321 3098 57 26 au
1408 3080 169 45 dehors
1605 3098 89 28 une
1722 3084 211 42 centaine
1963 3083 60 43 de
2051 3082 221 51 colonies,
2307 3102 52 26 ce

304 3155 74 49 qui
412 3156 136 41 serait
580 3171 60 26 un
676 3164 230 43 avantage
936 3171 122 37 pour
1091 3166 115 33 tous.

438 3239 305 45 SOCRATE.
868 3241 119 44 Mais
1016 3259 117 27 nous
1160 3260 180 26 venons
1369 3243 58 44 de
1456 3246 101 41 voir
1583 3242 109 54 qu'il
1721 3260 59 27 ne
1809 3243 134 53 s'agit
1970 3262 86 36 pas
2086 3256 144 34 avant
2258 3256 102 33 tout

302 3315 112 44 d'un
443 3315 244 53 problème
716 3316 250 50 industriel,
1000 3321 114 40 mais
1144 3318 112 45 d'un
1285 3318 243 53 problème
1555 3318 233 45 financier.
1822 3317 56 46 Et
1907 3323 115 50 puis,
2054 3320 29 44 il
2114 3337 30 35 y
2175 3337 27 26 a
2232 3332 127 32 autre

301 3389 141 45 chose
473 3408 168 26 encore
680 3409 9 25 :
722 3391 231 45 Sitonidès
985 3410 28 27 a
1042 3396 175 50 promis
1249 3393 81 44 des
1361 3397 202 41 maisons
1593 3404 45 34 et
1672 3408 24 31 «
1731 3394 45 44 la
1808 3394 257 54 Montagne
2099 3412 25 27 »
2160 3396 175 45 s'écrou-

302 3467 130 43 lerait
463 3467 69 45 s'il
565 3484 58 27 ne
655 3467 65 44 les
752 3467 257 53 produisait
1039 3486 97 37 pas.
1173 3468 142 46 Voilà
1346 3472 229 51 pourquoi
1606 3469 29 45 il
1669 3487 29 27 a
1730 3469 63 44 dû
1825 3469 219 46 s'assurer
2079 3470 282 46 l'assistance

303 3542 59 46 de
383 3545 194 42 certains
598 3546 148 50 parmi
771 3543 63 44 les
855 3544 238 49 metoikoï,
1208 3545 113 44 c'est
1341 3547 111 42 ainsi
1476 3561 88 36 que
1587 3561 117 28 nous
1726 3544 226 53 appelons
1975 3546 66 45 les
2064 3547 293 45 marchands.
