<?xml version="1.0" encoding="UTF-8"?>
<alto xmlns:xsi="http://www.w3.org/2001/XMLSchema-instance" xmlns="http://www.loc.gov/standards/alto/ns-v2#" xsi:schemaLocation="http://www.loc.gov/standards/alto/ns-v2# http://www.loc.gov/standards/alto/alto-v2.0.xsd" xmlns:xlink="http://www.w3.org/1999/xlink">
	<Description>
		<MeasurementUnit>mm10</MeasurementUnit>
		<sourceImageInformation>
			<fileName>//fileserver7/IN2/Princeton/Batch3/bmtnaac/1924/12_01/00000029.tif</fileName>
		</sourceImageInformation>
		<OCRProcessing ID="OCRPROCESSING_1">
			<preProcessingStep>
				<processingSoftware>
					<softwareCreator>CCS Content Conversion Specialists GmbH, Germany</softwareCreator>
					<softwareName>CCS docWORKS</softwareName>
					<softwareVersion>6.6-1.18</softwareVersion>
				</processingSoftware>
			</preProcessingStep>
			<ocrProcessingStep>
				<processingSoftware>
					<softwareCreator>ABBYY (BIT Software), Russia</softwareCreator>
					<softwareName>FineReader</softwareName>
					<softwareVersion>10.0</softwareVersion>
				</processingSoftware>
			</ocrProcessingStep>
		</OCRProcessing>
	</Description>
	<Styles>
		<TextStyle ID="TXT_0" FONTSIZE="20" FONTFAMILY="Times New Roman" FONTSTYLE="bold"/>
		<TextStyle ID="TXT_1" FONTSIZE="97" FONTFAMILY="Times New Roman"/>
		<TextStyle ID="TXT_2" FONTSIZE="41" FONTFAMILY="Times New Roman"/>
		<TextStyle ID="TXT_3" FONTSIZE="25" FONTFAMILY="Times New Roman"/>
		<TextStyle ID="TXT_4" FONTSIZE="20" FONTFAMILY="Times New Roman" FONTSTYLE="bold italics"/>
		<TextStyle ID="TXT_5" FONTSIZE="20" FONTFAMILY="Times New Roman" FONTSTYLE="italics"/>
		<ParagraphStyle ID="PAR_LEFT" ALIGN="Left"/>
	</Styles>
	<Layout>
		<Page ID="P29" PHYSICAL_IMG_NR="29" HEIGHT="4075" WIDTH="2941" PC="0.822">
			<TopMargin ID="P29_TM00001" HPOS="0" VPOS="0" WIDTH="2941" HEIGHT="389"/>
			<LeftMargin ID="P29_LM00001" HPOS="0" VPOS="389" WIDTH="287" HEIGHT="3345"/>
			<RightMargin ID="P29_RM00001" HPOS="2649" VPOS="389" WIDTH="292" HEIGHT="3345"/>
			<BottomMargin ID="P29_BM00001" HPOS="0" VPOS="3734" WIDTH="2941" HEIGHT="341"/>
			<PrintSpace ID="P29_PS00001" HPOS="287" VPOS="389" WIDTH="2460" HEIGHT="3464">
				<ComposedBlock ID="P29_CB00001" HPOS="210" VPOS="198" WIDTH="2537" HEIGHT="3655" TYPE="Advertisement">
					<TextBlock ID="P29_TB00001" HPOS="210" VPOS="198" WIDTH="2537" HEIGHT="3655" STYLEREFS="TXT_0 PAR_LEFT">
						<TextLine ID="P29_TL00001" HPOS="303" VPOS="387" WIDTH="863" HEIGHT="163">
							<String ID="P29_ST00001" HPOS="303" VPOS="387" WIDTH="863" HEIGHT="163" CONTENT="AVIS" WC="0.99" CC="0040" STYLEREFS="TXT_1"/>
						</TextLine>
						<TextLine ID="P29_TL00002" HPOS="673" VPOS="974" WIDTH="1601" HEIGHT="122">
							<String ID="P29_ST00002" HPOS="673" VPOS="976" WIDTH="158" HEIGHT="97" CONTENT="La" WC="0.74" CC="50" STYLEREFS="TXT_2"/>
							<SP ID="P29_SP00001" HPOS="831" VPOS="1073" WIDTH="81"/>
							<String ID="P29_ST00003" HPOS="912" VPOS="976" WIDTH="668" HEIGHT="120" CONTENT="cinquième" WC="0.99" CC="603400311" STYLEREFS="TXT_2"/>
							<SP ID="P29_SP00002" HPOS="1580" VPOS="1096" WIDTH="82"/>
							<String ID="P29_ST00004" HPOS="1662" VPOS="979" WIDTH="388" HEIGHT="91" CONTENT="année" WC="0.98" CC="60205" STYLEREFS="TXT_2"/>
							<SP ID="P29_SP00003" HPOS="2050" VPOS="1096" WIDTH="79"/>
							<String ID="P29_ST00005" HPOS="2129" VPOS="974" WIDTH="145" HEIGHT="96" CONTENT="de" WC="0.71" CC="05" STYLEREFS="TXT_2"/>
						</TextLine>
						<TextLine ID="P29_TL00003" HPOS="668" VPOS="1185" WIDTH="1595" HEIGHT="254">
							<String ID="P29_ST00006" HPOS="668" VPOS="1185" WIDTH="498" HEIGHT="244" CONTENT="LA" WC="0.79" CC="40" STYLEREFS="TXT_1"/>
							<SP ID="P29_SP00004" HPOS="1166" VPOS="1429" WIDTH="214"/>
							<String ID="P29_ST00007" HPOS="1380" VPOS="1185" WIDTH="883" HEIGHT="254" CONTENT="CITE" WC="0.96" CC="5336" STYLEREFS="TXT_1"/>
						</TextLine>
						<TextLine ID="P29_TL00004" HPOS="662" VPOS="1568" WIDTH="1612" HEIGHT="95">
							<String ID="P29_ST00008" HPOS="662" VPOS="1572" WIDTH="211" HEIGHT="91" CONTENT="prend" WC="0.98" CC="14024" STYLEREFS="TXT_3"/>
							<SP ID="P29_SP00005" HPOS="873" VPOS="1663" WIDTH="40"/>
							<String ID="P29_ST00009" HPOS="913" VPOS="1589" WIDTH="196" HEIGHT="53" CONTENT="cours" WC="0.97" CC="00557" STYLEREFS="TXT_3"/>
							<SP ID="P29_SP00006" HPOS="1109" VPOS="1663" WIDTH="29"/>
							<String ID="P29_ST00010" HPOS="1138" VPOS="1589" WIDTH="82" HEIGHT="52" CONTENT="en" WC="0.71" CC="23" STYLEREFS="TXT_3"/>
							<SP ID="P29_SP00007" HPOS="1220" VPOS="1663" WIDTH="27"/>
							<String ID="P29_ST00011" HPOS="1247" VPOS="1569" WIDTH="270" HEIGHT="73" CONTENT="octobre" WC="0.99" CC="3030600" STYLEREFS="TXT_3"/>
							<SP ID="P29_SP00008" HPOS="1517" VPOS="1663" WIDTH="26"/>
							<String ID="P29_ST00012" HPOS="1543" VPOS="1568" WIDTH="158" HEIGHT="70" CONTENT="1924" WC="0.73" CC="4302" STYLEREFS="TXT_3"/>
							<SP ID="P29_SP00009" HPOS="1701" VPOS="1663" WIDTH="38"/>
							<String ID="P29_ST00013" HPOS="1739" VPOS="1571" WIDTH="69" HEIGHT="68" CONTENT="et" WC="0.71" CC="05" STYLEREFS="TXT_3"/>
							<SP ID="P29_SP00010" HPOS="1808" VPOS="1663" WIDTH="25"/>
							<String ID="P29_ST00014" HPOS="1833" VPOS="1568" WIDTH="441" HEIGHT="94" CONTENT="comprendra" WC="0.99" CC="1053004440" STYLEREFS="TXT_3"/>
						</TextLine>
						<TextLine ID="P29_TL00005" HPOS="663" VPOS="1740" WIDTH="1609" HEIGHT="82">
							<String ID="P29_ST00015" HPOS="663" VPOS="1741" WIDTH="259" HEIGHT="72" CONTENT="DOUZE" WC="0.99" CC="03304" STYLEREFS="TXT_3"/>
							<SP ID="P29_SP00011" HPOS="922" VPOS="1813" WIDTH="68"/>
							<String ID="P29_ST00016" HPOS="990" VPOS="1743" WIDTH="335" HEIGHT="79" CONTENT="numéros," WC="0.99" CC="44500050" STYLEREFS="TXT_3"/>
							<SP ID="P29_SP00012" HPOS="1325" VPOS="1822" WIDTH="70"/>
							<String ID="P29_ST00017" HPOS="1395" VPOS="1740" WIDTH="518" HEIGHT="73" CONTENT="abondamment" WC="1.00" CC="02060300060" STYLEREFS="TXT_3"/>
							<SP ID="P29_SP00013" HPOS="1913" VPOS="1822" WIDTH="65"/>
							<String ID="P29_ST00018" HPOS="1978" VPOS="1741" WIDTH="294" HEIGHT="72" CONTENT="illustrés" WC="0.99" CC="276500010" STYLEREFS="TXT_3"/>
						</TextLine>
						<TextLine ID="P29_TL00006" HPOS="451" VPOS="2387" WIDTH="835" HEIGHT="66">
							<String ID="P29_ST00019" HPOS="451" VPOS="2389" WIDTH="116" HEIGHT="52" CONTENT="Elle" WC="0.96" CC="1755"/>
							<SP ID="P29_SP00014" HPOS="567" VPOS="2441" WIDTH="25"/>
							<String ID="P29_ST00020" HPOS="592" VPOS="2389" WIDTH="243" HEIGHT="64" CONTENT="publiera" WC="0.98" CC="61032565"/>
							<SP ID="P29_SP00015" HPOS="835" VPOS="2453" WIDTH="25"/>
							<String ID="P29_ST00021" HPOS="860" VPOS="2389" WIDTH="88" HEIGHT="52" CONTENT="des" WC="0.99" CC="200"/>
							<SP ID="P29_SP00016" HPOS="948" VPOS="2453" WIDTH="24"/>
							<String ID="P29_ST00022" HPOS="972" VPOS="2387" WIDTH="180" HEIGHT="52" CONTENT="études" WC="0.98" CC="603350"/>
							<SP ID="P29_SP00017" HPOS="1152" VPOS="2453" WIDTH="27"/>
							<String ID="P29_ST00023" HPOS="1179" VPOS="2387" WIDTH="62" HEIGHT="52" CONTENT="de" WC="0.71" CC="05"/>
							<SP ID="P29_SP00018" HPOS="1241" VPOS="2453" WIDTH="32"/>
							<String ID="P29_ST00024" HPOS="1273" VPOS="2405" WIDTH="13" HEIGHT="33" CONTENT=":" WC="0.56" CC="4"/>
						</TextLine>
						<TextLine ID="P29_TL00007" HPOS="291" VPOS="2550" WIDTH="1578" HEIGHT="67">
							<String ID="P29_ST00025" HPOS="291" VPOS="2550" WIDTH="76" HEIGHT="52" CONTENT="Le" WC="0.73" CC="04" STYLEREFS="TXT_4"/>
							<SP ID="P29_SP00019" HPOS="367" VPOS="2602" WIDTH="139"/>
							<String ID="P29_ST00026" HPOS="506" VPOS="2550" WIDTH="579" HEIGHT="66" CONTENT="Cotbmier-Saugniet" WC="0.54" CC="07606096354008196" STYLEREFS="TXT_4"/>
							<SP ID="P29_SP00020" HPOS="1085" VPOS="2616" WIDTH="646"/>
							<String ID="P29_ST00027" HPOS="1731" VPOS="2569" WIDTH="17" HEIGHT="34" CONTENT=":" WC="0.51" CC="4" STYLEREFS="TXT_4"/>
							<SP ID="P29_SP00021" HPOS="1748" VPOS="2616" WIDTH="-697"/>
							<String ID="P29_ST00028" HPOS="1051" VPOS="2550" WIDTH="100" HEIGHT="53" CONTENT="Les" WC="0.99" CC="020"/>
							<SP ID="P29_SP00022" HPOS="1748" VPOS="2616" WIDTH="-570"/>
							<String ID="P29_ST00029" HPOS="1178" VPOS="2568" WIDTH="142" HEIGHT="49" CONTENT="yeux" WC="0.98" CC="5014"/>
							<SP ID="P29_SP00023" HPOS="1748" VPOS="2617" WIDTH="-400"/>
							<String ID="P29_ST00030" HPOS="1348" VPOS="2550" WIDTH="96" HEIGHT="65" CONTENT="qui" WC="0.97" CC="602"/>
							<SP ID="P29_SP00024" HPOS="1748" VPOS="2617" WIDTH="-282"/>
							<String ID="P29_ST00031" HPOS="1466" VPOS="2569" WIDTH="63" HEIGHT="34" CONTENT="ne" WC="0.67" CC="15"/>
							<SP ID="P29_SP00025" HPOS="1748" VPOS="2617" WIDTH="-194"/>
							<String ID="P29_ST00032" HPOS="1554" VPOS="2550" WIDTH="182" HEIGHT="52" CONTENT="voient" WC="0.99" CC="106024"/>
							<SP ID="P29_SP00026" HPOS="1748" VPOS="2617" WIDTH="10"/>
							<String ID="P29_ST00033" HPOS="1758" VPOS="2568" WIDTH="111" HEIGHT="48" CONTENT="pas." WC="0.96" CC="5634"/>
						</TextLine>
						<TextLine ID="P29_TL00008" HPOS="296" VPOS="2659" WIDTH="1872" HEIGHT="66">
							<String ID="P29_ST00034" HPOS="296" VPOS="2662" WIDTH="57" HEIGHT="53" CONTENT="F." WC="0.64" CC="07" STYLEREFS="TXT_4"/>
							<SP ID="P29_SP00027" HPOS="353" VPOS="2715" WIDTH="22"/>
							<String ID="P29_ST00035" HPOS="375" VPOS="2662" WIDTH="196" HEIGHT="54" CONTENT="Serran" WC="0.95" CC="888778"/>
							<SP ID="P29_SP00028" HPOS="571" VPOS="2716" WIDTH="33"/>
							<String ID="P29_ST00036" HPOS="604" VPOS="2682" WIDTH="16" HEIGHT="33" CONTENT=":" WC="0.18" CC="8"/>
							<SP ID="P29_SP00029" HPOS="620" VPOS="2716" WIDTH="24"/>
							<String ID="P29_ST00037" HPOS="644" VPOS="2662" WIDTH="249" HEIGHT="53" CONTENT="L'œuvre" WC="0.98" CC="0464057"/>
							<SP ID="P29_SP00030" HPOS="893" VPOS="2716" WIDTH="24"/>
							<String ID="P29_ST00038" HPOS="917" VPOS="2663" WIDTH="64" HEIGHT="53" CONTENT="de" WC="0.60" CC="07"/>
							<SP ID="P29_SP00031" HPOS="981" VPOS="2716" WIDTH="24"/>
							<String ID="P29_ST00039" HPOS="1005" VPOS="2662" WIDTH="319" HEIGHT="54" CONTENT="l'architecte" WC="1.00" CC="630016300100"/>
							<SP ID="P29_SP00032" HPOS="1324" VPOS="2716" WIDTH="23"/>
							<String ID="P29_ST00040" HPOS="1347" VPOS="2660" WIDTH="226" HEIGHT="55" CONTENT="J.-J.-P." WC="0.61" CC="53406407"/>
							<SP ID="P29_SP00033" HPOS="1573" VPOS="2716" WIDTH="38"/>
							<String ID="P29_ST00041" HPOS="1611" VPOS="2662" WIDTH="131" HEIGHT="53" CONTENT="Oud" WC="0.81" CC="050"/>
							<SP ID="P29_SP00034" HPOS="1742" VPOS="2716" WIDTH="33"/>
							<String ID="P29_ST00042" HPOS="1775" VPOS="2659" WIDTH="393" HEIGHT="66" CONTENT="(Rotterdam)." WC="0.99" CC="031007606307"/>
						</TextLine>
						<TextLine ID="P29_TL00009" HPOS="290" VPOS="2770" WIDTH="1923" HEIGHT="69">
							<String ID="P29_ST00043" HPOS="290" VPOS="2775" WIDTH="157" HEIGHT="53" CONTENT="Eclw." WC="0.64" CC="00556" STYLEREFS="TXT_4"/>
							<SP ID="P29_SP00035" HPOS="447" VPOS="2828" WIDTH="229"/>
							<String ID="P29_ST00044" HPOS="676" VPOS="2775" WIDTH="250" HEIGHT="53" CONTENT="Léonard" WC="0.99" CC="0605060" STYLEREFS="TXT_4"/>
							<SP ID="P29_SP00036" HPOS="926" VPOS="2828" WIDTH="315"/>
							<String ID="P29_ST00045" HPOS="1241" VPOS="2794" WIDTH="17" HEIGHT="33" CONTENT=":" WC="0.43" CC="5" STYLEREFS="TXT_4"/>
							<SP ID="P29_SP00037" HPOS="1258" VPOS="2828" WIDTH="-450"/>
							<String ID="P29_ST00046" HPOS="808" VPOS="2775" WIDTH="248" HEIGHT="53" CONTENT="L'œuvre" WC="0.97" CC="0466876"/>
							<SP ID="P29_SP00038" HPOS="1258" VPOS="2828" WIDTH="-173"/>
							<String ID="P29_ST00047" HPOS="1085" VPOS="2775" WIDTH="63" HEIGHT="53" CONTENT="de" WC="0.67" CC="06"/>
							<SP ID="P29_SP00039" HPOS="1258" VPOS="2828" WIDTH="-80"/>
							<String ID="P29_ST00048" HPOS="1178" VPOS="2773" WIDTH="316" HEIGHT="55" CONTENT="l'architecte" WC="0.99" CC="644726548046"/>
							<SP ID="P29_SP00040" HPOS="1494" VPOS="2828" WIDTH="25"/>
							<String ID="P29_ST00049" HPOS="1519" VPOS="2773" WIDTH="212" HEIGHT="66" CONTENT="gantois" WC="1.00" CC="0040101"/>
							<SP ID="P29_SP00041" HPOS="1731" VPOS="2839" WIDTH="23"/>
							<String ID="P29_ST00050" HPOS="1754" VPOS="2771" WIDTH="159" HEIGHT="53" CONTENT="Gust." WC="0.66" CC="07504"/>
							<SP ID="P29_SP00042" HPOS="1913" VPOS="2839" WIDTH="28"/>
							<String ID="P29_ST00051" HPOS="1941" VPOS="2770" WIDTH="84" HEIGHT="53" CONTENT="De" WC="0.42" CC="38"/>
							<SP ID="P29_SP00043" HPOS="2025" VPOS="2839" WIDTH="24"/>
							<String ID="P29_ST00052" HPOS="2049" VPOS="2770" WIDTH="164" HEIGHT="54" CONTENT="Smet." WC="0.56" CC="55306"/>
						</TextLine>
						<TextLine ID="P29_TL00010" HPOS="287" VPOS="2879" WIDTH="2357" HEIGHT="71">
							<String ID="P29_ST00053" HPOS="287" VPOS="2886" WIDTH="140" HEIGHT="54" CONTENT="Paul" WC="0.98" CC="0305" STYLEREFS="TXT_4"/>
							<SP ID="P29_SP00044" HPOS="427" VPOS="2940" WIDTH="31"/>
							<String ID="P29_ST00054" HPOS="458" VPOS="2885" WIDTH="168" HEIGHT="61" CONTENT="Léon," WC="0.97" CC="06097" STYLEREFS="TXT_4"/>
							<SP ID="P29_SP00045" HPOS="626" VPOS="2946" WIDTH="32"/>
							<String ID="P29_ST00055" HPOS="658" VPOS="2886" WIDTH="280" HEIGHT="53" CONTENT="Directeur" WC="0.98" CC="077510557"/>
							<SP ID="P29_SP00046" HPOS="938" VPOS="2946" WIDTH="30"/>
							<String ID="P29_ST00056" HPOS="968" VPOS="2886" WIDTH="89" HEIGHT="53" CONTENT="des" WC="0.95" CC="056"/>
							<SP ID="P29_SP00047" HPOS="1057" VPOS="2946" WIDTH="32"/>
							<String ID="P29_ST00057" HPOS="1089" VPOS="2885" WIDTH="349" HEIGHT="55" CONTENT="Beaux-Arts" WC="0.99" CC="6063533700"/>
							<SP ID="P29_SP00048" HPOS="1438" VPOS="2946" WIDTH="25"/>
							<String ID="P29_ST00058" HPOS="1463" VPOS="2884" WIDTH="239" HEIGHT="66" CONTENT="(France)" WC="0.99" CC="02351065"/>
							<SP ID="P29_SP00049" HPOS="1702" VPOS="2950" WIDTH="48"/>
							<String ID="P29_ST00059" HPOS="1750" VPOS="2902" WIDTH="14" HEIGHT="33" CONTENT=":" WC="0.19" CC="8"/>
							<SP ID="P29_SP00050" HPOS="1764" VPOS="2950" WIDTH="28"/>
							<String ID="P29_ST00060" HPOS="1792" VPOS="2881" WIDTH="402" HEIGHT="68" CONTENT="L'Exposition" WC="0.99" CC="043003600408"/>
							<SP ID="P29_SP00051" HPOS="2194" VPOS="2950" WIDTH="25"/>
							<String ID="P29_ST00061" HPOS="2219" VPOS="2879" WIDTH="425" HEIGHT="56" CONTENT="Internationale" WC="0.99" CC="26069890035657"/>
						</TextLine>
						<TextLine ID="P29_TL00011" HPOS="527" VPOS="2996" WIDTH="1330" HEIGHT="54">
							<String ID="P29_ST00062" HPOS="527" VPOS="2998" WIDTH="89" HEIGHT="52" CONTENT="des" WC="0.97" CC="061"/>
							<SP ID="P29_SP00052" HPOS="616" VPOS="3050" WIDTH="30"/>
							<String ID="P29_ST00063" HPOS="646" VPOS="2997" WIDTH="132" HEIGHT="53" CONTENT="Arts" WC="0.99" CC="5001"/>
							<SP ID="P29_SP00053" HPOS="778" VPOS="3050" WIDTH="29"/>
							<String ID="P29_ST00064" HPOS="807" VPOS="2997" WIDTH="307" HEIGHT="53" CONTENT="Décoratifs" WC="1.00" CC="0700000041"/>
							<SP ID="P29_SP00054" HPOS="1114" VPOS="3050" WIDTH="29"/>
							<String ID="P29_ST00065" HPOS="1143" VPOS="3011" WIDTH="52" HEIGHT="39" CONTENT="et" WC="0.78" CC="40"/>
							<SP ID="P29_SP00055" HPOS="1195" VPOS="3050" WIDTH="30"/>
							<String ID="P29_ST00066" HPOS="1225" VPOS="2997" WIDTH="315" HEIGHT="53" CONTENT="Industriels" WC="0.99" CC="50060022530"/>
							<SP ID="P29_SP00056" HPOS="1540" VPOS="3050" WIDTH="26"/>
							<String ID="P29_ST00067" HPOS="1566" VPOS="2996" WIDTH="291" HEIGHT="52" CONTENT="modernes." WC="0.99" CC="010063614"/>
						</TextLine>
						<TextLine ID="P29_TL00012" HPOS="295" VPOS="3106" WIDTH="1337" HEIGHT="69">
							<String ID="P29_ST00068" HPOS="295" VPOS="3110" WIDTH="96" HEIGHT="52" CONTENT="Ch." WC="0.98" CC="030" STYLEREFS="TXT_4"/>
							<SP ID="P29_SP00057" HPOS="391" VPOS="3162" WIDTH="1"/>
							<String ID="P29_ST00069" HPOS="392" VPOS="3106" WIDTH="2" HEIGHT="69" CONTENT="." WC="0.45" CC="5" STYLEREFS="TXT_4"/>
							<SP ID="P29_SP00058" HPOS="394" VPOS="3175" WIDTH="175"/>
							<String ID="P29_ST00070" HPOS="569" VPOS="3110" WIDTH="290" HEIGHT="65" CONTENT="Comardy" WC="0.65" CC="2460603" STYLEREFS="TXT_4"/>
							<SP ID="P29_SP00059" HPOS="859" VPOS="3175" WIDTH="358"/>
							<String ID="P29_ST00071" HPOS="1217" VPOS="3128" WIDTH="18" HEIGHT="34" CONTENT=":" WC="0.76" CC="2" STYLEREFS="TXT_4"/>
							<SP ID="P29_SP00060" HPOS="1235" VPOS="3175" WIDTH="-441"/>
							<String ID="P29_ST00072" HPOS="794" VPOS="3109" WIDTH="246" HEIGHT="53" CONTENT="L'œuvre" WC="0.98" CC="0407077"/>
							<SP ID="P29_SP00061" HPOS="1235" VPOS="3175" WIDTH="-167"/>
							<String ID="P29_ST00073" HPOS="1068" VPOS="3109" WIDTH="64" HEIGHT="53" CONTENT="de" WC="0.65" CC="07"/>
							<SP ID="P29_SP00062" HPOS="1235" VPOS="3175" WIDTH="-76"/>
							<String ID="P29_ST00074" HPOS="1159" VPOS="3107" WIDTH="205" HEIGHT="68" CONTENT="Joseph" WC="0.99" CC="201505"/>
							<SP ID="P29_SP00063" HPOS="1364" VPOS="3175" WIDTH="27"/>
							<String ID="P29_ST00075" HPOS="1391" VPOS="3106" WIDTH="241" HEIGHT="56" CONTENT="Olbrich." WC="0.62" CC="04166064"/>
						</TextLine>
						<TextLine ID="P29_TL00013" HPOS="526" VPOS="3218" WIDTH="1161" HEIGHT="67">
							<String ID="P29_ST00076" HPOS="526" VPOS="3220" WIDTH="117" HEIGHT="53" CONTENT="Elle" WC="0.98" CC="0620"/>
							<SP ID="P29_SP00064" HPOS="643" VPOS="3273" WIDTH="28"/>
							<String ID="P29_ST00077" HPOS="671" VPOS="3237" WIDTH="300" HEIGHT="36" CONTENT="consacrera" WC="0.99" CC="0012006065"/>
							<SP ID="P29_SP00065" HPOS="971" VPOS="3273" WIDTH="31"/>
							<String ID="P29_ST00078" HPOS="1002" VPOS="3220" WIDTH="89" HEIGHT="53" CONTENT="des" WC="1.00" CC="001"/>
							<SP ID="P29_SP00066" HPOS="1091" VPOS="3273" WIDTH="29"/>
							<String ID="P29_ST00079" HPOS="1120" VPOS="3218" WIDTH="417" HEIGHT="67" CONTENT="monographies" WC="1.00" CC="000017006602"/>
							<SP ID="P29_SP00067" HPOS="1537" VPOS="3285" WIDTH="43"/>
							<String ID="P29_ST00080" HPOS="1580" VPOS="3234" WIDTH="107" HEIGHT="36" CONTENT="aux" WC="0.95" CC="650"/>
						</TextLine>
						<TextLine ID="P29_TL00014" HPOS="305" VPOS="3327" WIDTH="2343" HEIGHT="70">
							<String ID="P29_ST00081" HPOS="305" VPOS="3332" WIDTH="227" HEIGHT="60" CONTENT="Floréal," WC="0.99" CC="00356001" STYLEREFS="TXT_4"/>
							<SP ID="P29_SP00068" HPOS="532" VPOS="3392" WIDTH="46"/>
							<String ID="P29_ST00082" HPOS="578" VPOS="3334" WIDTH="29" HEIGHT="52" CONTENT="à" WC="0.37" CC="6"/>
							<SP ID="P29_SP00069" HPOS="607" VPOS="3392" WIDTH="54"/>
							<String ID="P29_ST00083" HPOS="661" VPOS="3332" WIDTH="272" HEIGHT="54" CONTENT="Boitsfort" WC="0.71" CC="603014270"/>
							<SP ID="P29_SP00070" HPOS="933" VPOS="3392" WIDTH="53"/>
							<String ID="P29_ST00084" HPOS="986" VPOS="3332" WIDTH="298" HEIGHT="65" CONTENT="(architecte" WC="0.99" CC="43606213000"/>
							<SP ID="P29_SP00071" HPOS="1284" VPOS="3397" WIDTH="61"/>
							<String ID="P29_ST00085" HPOS="1345" VPOS="3349" WIDTH="14" HEIGHT="34" CONTENT=":" WC="0.89" CC="1"/>
							<SP ID="P29_SP00072" HPOS="1359" VPOS="3397" WIDTH="56"/>
							<String ID="P29_ST00086" HPOS="1415" VPOS="3331" WIDTH="53" HEIGHT="53" CONTENT="J." WC="0.57" CC="44"/>
							<SP ID="P29_SP00073" HPOS="1468" VPOS="3397" WIDTH="23"/>
							<String ID="P29_ST00087" HPOS="1491" VPOS="3331" WIDTH="94" HEIGHT="52" CONTENT="-J." WC="0.96" CC="304"/>
							<SP ID="P29_SP00074" HPOS="1585" VPOS="3397" WIDTH="79"/>
							<String ID="P29_ST00088" HPOS="1664" VPOS="3328" WIDTH="281" HEIGHT="68" CONTENT="Eggericx;" WC="0.67" CC="400755006"/>
							<SP ID="P29_SP00075" HPOS="1945" VPOS="3397" WIDTH="62"/>
							<String ID="P29_ST00089" HPOS="2007" VPOS="3327" WIDTH="274" HEIGHT="54" CONTENT="urbaniste" WC="0.99" CC="060004800"/>
							<SP ID="P29_SP00076" HPOS="2281" VPOS="3397" WIDTH="65"/>
							<String ID="P29_ST00090" HPOS="2346" VPOS="3345" WIDTH="14" HEIGHT="34" CONTENT=":" WC="0.65" CC="3"/>
							<SP ID="P29_SP00077" HPOS="2360" VPOS="3397" WIDTH="57"/>
							<String ID="P29_ST00091" HPOS="2417" VPOS="3327" WIDTH="65" HEIGHT="54" CONTENT="L." WC="0.79" CC="04"/>
							<SP ID="P29_SP00078" HPOS="2482" VPOS="3397" WIDTH="57"/>
							<String ID="P29_ST00092" HPOS="2539" VPOS="3344" WIDTH="109" HEIGHT="35" CONTENT="van" WC="0.92" CC="956"/>
						</TextLine>
						<TextLine ID="P29_TL00015" HPOS="290" VPOS="3438" WIDTH="2413" HEIGHT="68">
							<String ID="P29_ST00093" HPOS="290" VPOS="3445" WIDTH="94" HEIGHT="52" CONTENT="der" WC="0.56" CC="066"/>
							<SP ID="P29_SP00079" HPOS="384" VPOS="3497" WIDTH="23"/>
							<String ID="P29_ST00094" HPOS="407" VPOS="3441" WIDTH="322" HEIGHT="64" CONTENT="Swaelmen)" WC="0.64" CC="005850660"/>
							<SP ID="P29_SP00080" HPOS="729" VPOS="3505" WIDTH="26"/>
							<String ID="P29_ST00095" HPOS="755" VPOS="3462" WIDTH="14" HEIGHT="39" CONTENT=";" WC="0.28" CC="7"/>
							<SP ID="P29_SP00081" HPOS="769" VPOS="3505" WIDTH="33"/>
							<String ID="P29_ST00096" HPOS="802" VPOS="3461" WIDTH="108" HEIGHT="35" CONTENT="aux" WC="0.96" CC="540"/>
							<SP ID="P29_SP00082" HPOS="910" VPOS="3505" WIDTH="682"/>
							<String ID="P29_ST00097" HPOS="1592" VPOS="3441" WIDTH="395" HEIGHT="55" CONTENT="Cités-Jardins" WC="0.99" CC="0006350180097" STYLEREFS="TXT_4"/>
							<SP ID="P29_SP00083" HPOS="1987" VPOS="3505" WIDTH="443"/>
							<String ID="P29_ST00098" HPOS="2430" VPOS="3443" WIDTH="89" HEIGHT="52" CONTENT="des" WC="0.97" CC="016" STYLEREFS="TXT_4"/>
							<SP ID="P29_SP00084" HPOS="2519" VPOS="3505" WIDTH="132"/>
							<String ID="P29_ST00099" HPOS="2651" VPOS="3441" WIDTH="52" HEIGHT="55" CONTENT="R" WC="0.98" CC="0" STYLEREFS="TXT_4"/>
							<SP ID="P29_SP00085" HPOS="2703" VPOS="3505" WIDTH="-983"/>
							<String ID="P29_ST00100" HPOS="1720" VPOS="3439" WIDTH="287" HEIGHT="53" CONTENT="Dévastées" WC="0.98" CC="476440757" STYLEREFS="TXT_4"/>
							<SP ID="P29_SP00086" HPOS="2703" VPOS="3505" WIDTH="-681"/>
							<String ID="P29_ST00101" HPOS="2022" VPOS="3439" WIDTH="269" HEIGHT="65" CONTENT="(Roulers," WC="0.59" CC="300547626"/>
							<SP ID="P29_SP00087" HPOS="2703" VPOS="3505" WIDTH="-391"/>
							<String ID="P29_ST00102" HPOS="2312" VPOS="3439" WIDTH="58" HEIGHT="55" CONTENT="Y" WC="1.00" CC="0"/>
							<SP ID="P29_SP00088" HPOS="2703" VPOS="3505" WIDTH="-330"/>
							<String ID="P29_ST00103" HPOS="2373" VPOS="3457" WIDTH="134" HEIGHT="49" CONTENT="près," WC="0.98" CC="07004"/>
							<SP ID="P29_SP00089" HPOS="2703" VPOS="3506" WIDTH="-175"/>
							<String ID="P29_ST00104" HPOS="2528" VPOS="3438" WIDTH="120" HEIGHT="54" CONTENT="Me-" WC="0.92" CC="676"/>
						</TextLine>
						<TextLine ID="P29_TL00016" HPOS="287" VPOS="3552" WIDTH="2391" HEIGHT="71">
							<String ID="P29_ST00105" HPOS="287" VPOS="3557" WIDTH="113" HEIGHT="58" CONTENT="nin," WC="0.69" CC="0507"/>
							<SP ID="P29_SP00090" HPOS="400" VPOS="3615" WIDTH="33"/>
							<String ID="P29_ST00106" HPOS="433" VPOS="3556" WIDTH="299" HEIGHT="67" CONTENT="Nieuport)" WC="0.78" CC="020401703"/>
							<SP ID="P29_SP00091" HPOS="732" VPOS="3623" WIDTH="74"/>
							<String ID="P29_ST00107" HPOS="806" VPOS="3556" WIDTH="85" HEIGHT="58" CONTENT=";à" WC="0.88" CC="16"/>
							<SP ID="P29_SP00092" HPOS="891" VPOS="3623" WIDTH="1"/>
							<String ID="P29_ST00108" HPOS="892" VPOS="3557" WIDTH="353" HEIGHT="51" CONTENT="la" WC="0.58" CC="34"/>
							<SP ID="P29_SP00093" HPOS="1245" VPOS="3623" WIDTH="368"/>
							<String ID="P29_ST00109" HPOS="1613" VPOS="3555" WIDTH="344" HEIGHT="54" CONTENT="Cité-Jardin" WC="1.00" CC="00062007000" STYLEREFS="TXT_4"/>
							<SP ID="P29_SP00094" HPOS="1957" VPOS="3623" WIDTH="403"/>
							<String ID="P29_ST00110" HPOS="2360" VPOS="3555" WIDTH="66" HEIGHT="53" CONTENT="de" WC="0.64" CC="07" STYLEREFS="TXT_5"/>
							<SP ID="P29_SP00095" HPOS="2426" VPOS="3623" WIDTH="-667"/>
							<String ID="P29_ST00111" HPOS="1759" VPOS="3553" WIDTH="919" HEIGHT="68" CONTENT="C&gt;p-" WC="0.54" CC="5804" STYLEREFS="TXT_4"/>
							<SP ID="P29_SP00096" HPOS="2678" VPOS="3623" WIDTH="-768"/>
							<String ID="P29_ST00112" HPOS="1910" VPOS="3582" WIDTH="22" HEIGHT="12" CONTENT="-" WC="0.55" CC="4" STYLEREFS="TXT_4"/>
							<SP ID="P29_SP00097" HPOS="2678" VPOS="3623" WIDTH="-462"/>
							<String ID="P29_ST00113" HPOS="2216" VPOS="3552" WIDTH="162" HEIGHT="55" CONTENT="àLa" WC="0.91" CC="707"/>
						</TextLine>
						<TextLine ID="P29_TL00017" HPOS="295" VPOS="3669" WIDTH="1617" HEIGHT="66">
							<String ID="P29_ST00114" HPOS="295" VPOS="3669" WIDTH="292" HEIGHT="66" CONTENT="Japonaise" WC="0.99" CC="004000094" STYLEREFS="TXT_4"/>
							<SP ID="P29_SP00098" HPOS="587" VPOS="3735" WIDTH="337"/>
							<String ID="P29_ST00115" HPOS="924" VPOS="3669" WIDTH="280" HEIGHT="58" CONTENT="Moderne," WC="0.99" CC="03047083" STYLEREFS="TXT_4"/>
							<SP ID="P29_SP00099" HPOS="1204" VPOS="3735" WIDTH="331"/>
							<String ID="P29_ST00116" HPOS="1535" VPOS="3678" WIDTH="116" HEIGHT="48" CONTENT="etc.," WC="0.98" CC="60074" STYLEREFS="TXT_5"/>
							<SP ID="P29_SP00100" HPOS="1651" VPOS="3735" WIDTH="167"/>
							<String ID="P29_ST00117" HPOS="1818" VPOS="3676" WIDTH="94" HEIGHT="44" CONTENT="etc." WC="0.96" CC="8704" STYLEREFS="TXT_5"/>
						</TextLine>
					</TextBlock>
				</ComposedBlock>
			</PrintSpace>
		</Page>
	</Layout>
</alto>
