2626 4439
171 355 175 70 LA
458 353 412 72 CITE.

1014 350 961 75 DECEMBRE
2076 349 280 75 1924.

2333 3712 135 73 37

574 609 157 127 Le
812 650 211 86 sort
1099 607 181 129 des
1361 607 740 165 Cités=Jardins

924 868 127 74 en
1140 815 607 165 Angleterre

475 1182 82 56 De
586 1196 122 38 tous
738 1182 69 51 les
838 1200 133 46 pays
1000 1181 289 65 d'Europe,
1322 1182 345 64 l'Angleterre
1699 1195 75 38 est
1802 1181 132 51 celui
1966 1179 72 53 où
2070 1181 46 49 le
2143 1177 217 67 progrès

316 1256 157 50 social
496 1273 63 33 en
583 1254 213 52 matière
819 1254 268 51 d'habitat
1110 1253 212 52 ouvrier
1345 1254 118 51 s'est
1486 1254 44 51 le
1554 1254 122 64 plus
1700 1253 332 65 rapidement
2055 1251 221 64 imposé.

473 1329 145 51 C'est
639 1329 49 50 là
710 1346 101 47 que
835 1327 88 52 fut
945 1327 210 66 prêchée
1180 1328 48 51 la
1251 1327 246 65 première
1520 1328 230 51 croisade
1774 1346 62 33 en
1860 1327 189 51 faveur
2072 1326 63 50 de
2157 1324 175 52 l'assai-

317 1403 283 50 nissement
627 1402 88 51 des
743 1400 259 64 quartiers
1030 1399 291 52 insalubres
1348 1414 49 37 et
1426 1418 100 46 que
1554 1400 112 51 l'on
1696 1400 82 51 vit
1804 1400 70 50 les
1902 1398 277 65 premières
2207 1397 125 52 réali-

316 1475 201 51 sations
545 1474 274 53 concrètes.

473 1548 145 52 C'est
655 1566 61 33 en
755 1547 309 64 Angleterre
1102 1564 102 46 que
1241 1564 48 33 se
1329 1545 388 52 rencontrèrent
1755 1545 228 52 d'abord
2024 1543 71 52 les
2135 1543 223 64 grandes

316 1639 202 35 œuvres
556 1620 508 65 philanthropiques
1102 1638 64 33 en
1204 1619 210 53 matière
1454 1620 61 54 de
1555 1620 266 64 logement
1868 1637 13 33 :
1928 1619 69 51 les
2038 1616 321 52 fondations

316 1695 185 52 Russel
536 1708 48 37 et
616 1694 270 63 Peabody.
923 1693 71 50 Ici
1025 1693 289 63 également
1347 1693 69 49 les
1448 1693 260 63 exemples
1740 1693 71 49 les
1841 1691 125 64 plus
1996 1690 362 65 magnifiques

315 1769 62 49 de
398 1767 219 51 l'action
640 1766 335 65 patronnale,
1002 1766 175 51 créant
1202 1766 70 51 les
1296 1766 215 64 villages
1538 1765 216 51 radieux
1782 1765 60 51 de
1865 1765 134 51 Port
2025 1762 257 64 Sunlight
2309 1774 49 37 et

318 1841 61 51 de
411 1840 358 52 Bourneville.
805 1840 145 51 C'est
983 1858 62 31 en
1078 1839 307 64 Angleterre
1418 1856 99 47 que
1552 1839 68 50 les
1652 1836 392 66 municipalités
2079 1837 280 51 devinrent

315 1915 317 51 conscientes
658 1914 44 53 le
727 1914 122 64 plus
875 1912 84 52 tôt
984 1912 72 51 du
1083 1912 183 51 devoir
1291 1912 93 64 qui
1411 1912 109 50 leur
1547 1910 316 57 incombait;
1893 1911 122 51 c'est
2041 1910 49 51 là
2116 1928 104 46 que
2246 1910 111 64 prit

316 2005 152 46 corps
509 1988 48 50 la
599 1986 193 51 notion
834 1986 62 51 de
947 2004 29 31 «
1023 1985 338 52 Cité-Jardin
1406 2004 48 37 »,
1498 1983 414 52 aboutissement
1957 1982 161 52 d'une
2159 1982 199 65 longue

314 2060 280 52 évolution
640 2060 185 50 sociale
871 2072 51 40 et
967 2058 160 52 d'une
1173 2057 295 65 expérience
1516 2056 358 66 approfondie
1921 2075 62 33 en
2030 2055 216 53 matière
2295 2056 62 51 de

314 2133 382 51 construction.

475 2352 91 50 On
603 2350 230 65 pouvait
871 2349 196 65 espérer
1103 2367 102 47 que
1241 2350 49 50 la
1327 2348 261 65 politique
1625 2348 414 63 d'après-guerre
2263 2347 95 63 qui

316 2424 190 51 suscita
541 2442 62 33 en
636 2423 309 65 Angleterre
976 2441 204 36 comme
1214 2423 131 51 dans
1376 2434 122 38 tous
1530 2422 70 50 les
1630 2438 148 47 pays,
1816 2434 48 37 et
1897 2420 123 65 plus
2053 2419 84 52 tôt
2170 2420 50 51 là
2255 2438 102 46 que

317 2498 132 51 dans
486 2496 231 51 d'autres
870 2513 100 33 une
1007 2494 361 52 intervention
1407 2494 61 51 de
1507 2494 169 51 l'Etat
1713 2510 61 35 en
1813 2510 102 33 vue
1954 2493 62 50 de
2056 2509 152 47 parer
2249 2509 108 33 aux

317 2570 155 52 effets
505 2571 161 50 d'une
697 2570 123 51 crise
853 2570 60 51 de
947 2570 267 64 logement
1246 2585 118 35 sans
1395 2566 289 66 précédent,
1722 2565 284 52 amènerait
2041 2566 49 51 la
2124 2565 234 52 création

317 2645 131 50 d'un
485 2644 169 63 grand
688 2643 222 50 nombre
945 2643 61 52 de
1039 2641 368 65 cités-jardins.

476 2717 102 51 Cet
606 2716 172 65 espoir
809 2715 160 65 guida
1002 2729 123 38 tous
1155 2733 130 33 ceux
1315 2715 94 63 qui
1440 2728 122 36 sont
1592 2711 322 52 convaincus
1944 2712 61 51 de
2036 2712 50 51 la
2119 2711 209 66 supério-

316 2789 94 52 rité
434 2790 61 52 de
518 2808 51 33 ce
593 2803 124 50 type
743 2787 480 65 d'agglomération
1249 2800 49 38 et
1321 2787 45 51 le
1389 2785 326 52 considèrent
1740 2801 204 35 comme
1971 2785 45 51 le
2041 2785 102 51 but
2169 2785 188 51 ultime

317 2863 61 51 de
405 2876 148 38 toute
580 2862 226 51 réforme
833 2880 62 33 en
920 2861 214 52 matière
1159 2860 267 53 d'habitat
1451 2858 292 66 populaire.

473 2936 408 51 L'Association
917 2935 228 63 anglaise
1181 2952 62 33 en
1277 2935 187 49 faveur
1497 2933 86 51 des
1616 2931 407 56 Cités-Jardins,
2072 2949 31 34 «
2141 2931 217 51 Garden

318 3010 164 50 Cities
512 3010 105 49 and
649 3008 186 51 Town
865 3007 271 64 Planning
1166 3004 337 54 Association
1538 3024 48 36 »,
1620 3003 225 52 entrevit
1876 3004 50 50 la
1961 3002 304 53 réalisation
2297 3003 63 51 de

316 3096 75 37 cet
420 3082 172 63 espoir
621 3082 212 62 lorsque
861 3081 180 64 Lloyd
1068 3079 206 64 George
1305 3093 88 38 eut
1422 3077 263 52 claironné
1717 3077 26 51 à
1776 3091 199 37 travers
2006 3076 353 64 l'Angleterre

317 3173 97 33 son
440 3173 338 46 programme
804 3154 241 51 électoral
1073 3153 429 65 d'après-guerre,
1531 3152 136 51 dont
1693 3151 49 50 la
1769 3149 247 65 question
2044 3151 74 50 du
2156 3168 31 32 «
2218 3151 105 50 hou-

317 3229 116 64 sing
475 3247 29 32 »
548 3228 314 51 constituait
903 3228 49 50 la
992 3227 290 64 principale
1321 3224 358 66 plate-forme.
1724 3223 46 51 Il
1813 3242 36 46 y
1889 3223 318 65 promettait
2250 3241 108 33 aux

318 3300 299 52 défenseurs
651 3300 73 51 du
762 3300 143 51 droit
941 3313 49 39 et
1026 3299 61 53 de
1122 3298 235 65 l'empire
1393 3298 260 63 (rentrant
1691 3313 66 33 au
1795 3312 150 48 pays,
1985 3295 64 52 ils
2088 3295 272 52 n'avaient

316 3375 122 64 plus
468 3373 188 52 trouvé
688 3374 27 50 à
744 3374 80 64 s'y
853 3373 168 63 loger)
1064 3391 100 45 que
1195 3373 169 51 l'Etat
1392 3373 110 49 leur
1530 3369 324 66 procurerait
1884 3369 88 51 des
2011 3388 31 32 «
2075 3370 187 51 homes
2291 3369 69 51 fit

317 3448 89 50 for
438 3448 179 50 heroes
652 3465 51 37 »,
740 3446 86 51 des
861 3446 265 51 demeures
1160 3445 181 64 dignes
1376 3444 60 52 de
1469 3443 168 50 héros.
1676 3443 95 50 Un
1807 3440 168 52 même
2010 3455 350 38 mouvement

318 3520 450 52 d'enthousiasme
799 3520 215 51 souleva
1050 3520 138 50 alors
1223 3533 122 37 tous
1376 3518 70 50 les
1478 3514 373 53 réformateurs
1886 3515 73 52 du
1994 3515 285 63 logement.
