3568 4351
1785 160 89 54 336

232 308 89 33 neu
352 291 204 50 Trichter
586 292 112 50 nach
731 294 101 49 dem
865 294 153 51 Altäre
1051 295 233 66 gerichtet,
1314 296 177 52 hervor.
1545 299 84 51 Die
1662 300 87 50 letz-

231 381 131 41 teren
393 374 228 51 enthalten
655 384 132 41 unter
816 378 229 49 Anderem
1087 381 128 47 sechs
1246 381 525 68 Trompeten-Register.

231 455 62 48 Es
325 455 54 48 ist
410 456 94 49 dies
547 458 94 48 eine
672 459 454 65 Eigenthümiichkeit
1167 461 79 49 der
1276 463 173 64 Orgeln
1492 464 41 48 in
1564 465 210 66 Spanien,

232 536 95 50 und
365 555 102 32 man
499 540 54 47 ist
585 540 103 48 dort
730 558 48 32 so
811 543 103 47 sehr
945 560 54 31 an
1031 544 119 48 diese
1181 545 123 65 Lage
1336 545 119 48 eines
1486 545 177 52 Theiles
1696 548 79 48 der

232 621 412 65 Prospect-Pfeifen
689 625 230 64 gewohnt,
966 626 99 49 dass
1103 628 61 48 sie
1206 626 70 49 bei
1319 626 153 51 keiner
1503 629 141 66 Orgel
1681 630 70 49 feh-

236 700 72 51 len
340 701 107 50 darf.

357 786 91 47 Das
480 788 278 51 Instrument
788 789 75 48 hat
898 789 72 48 64
1006 790 236 68 klingende
1274 793 237 57 Stimmen,
1555 794 92 50 vier
1676 797 64 47 Ma-

233 866 146 59 nuale,
412 868 68 49 ein
513 869 129 50 freies
674 870 136 49 Pedal
842 873 89 47 und
964 872 113 49 über
1108 874 261 50 demselben
1407 875 19 49 1
1445 875 29 49 5
1496 877 279 59 Pedaltritte,

232 948 142 49 durch
419 950 171 50 welche
635 952 67 48 die
749 954 349 50 verschiedenen
1139 957 350 67 Koppelungen,
1534 958 210 51 Combina-

231 1030 168 59 tionen,
442 1032 377 68 Absperrungen,
863 1035 414 73 Anschwellungen
1332 1040 243 51 vermittels
1634 1042 140 49 durch

232 1113 193 51 leichten
453 1115 155 50 Druck
640 1134 53 32 zu
725 1117 302 67 bewegender
1058 1122 332 49 Mechanismen
1422 1122 353 67 bewerkstelligt

233 1195 202 50 werden.
467 1198 94 48 Der
592 1216 139 47 ganze
759 1200 201 65 Apparat
990 1202 79 48 der
1098 1203 101 48 fünf
1223 1203 198 50 Claviere
1453 1204 91 50 und
1575 1206 80 48 der
1684 1207 60 48 Re-

235 1277 255 67 gisterzüge
520 1279 55 48 ist
599 1297 78 32 vor
701 1282 100 48 dem
823 1283 244 66 Prospecte
1091 1284 39 49 in
1163 1284 142 51 einem
1338 1287 436 68 verhältnissmässig

233 1359 176 50 kleinen
440 1361 185 49 Vorbau
656 1362 42 49 in
731 1364 136 49 Form
898 1366 120 48 eines
1049 1366 155 50 Pultes
1235 1368 110 48 oder
1375 1368 211 51 Schreins
1618 1388 49 31 so
1696 1388 52 32 an-

233 1441 234 64 gebracht,
510 1443 102 50 dass
653 1444 80 49 der
763 1446 216 66 Organist
1021 1449 79 49 mit
1143 1449 101 49 dem
1277 1451 210 49 Gesichte
1531 1453 112 48 nach
1691 1453 80 50 der

231 1523 166 50 Kirche
439 1526 93 49 und
574 1526 100 49 dem
706 1528 157 48 Altare
905 1548 54 31 zu
1006 1531 101 49 sitzt
1152 1532 91 49 und
1289 1532 100 51 dem
1420 1536 222 66 Prospect
1685 1536 85 54 den

230 1607 189 49 Rücken
463 1608 206 51 'zukehrt.
717 1611 80 48 Die
842 1630 141 47 ganze
1012 1615 235 49 Mechanik
1291 1617 108 64 geht
1442 1626 134 41 unter
1619 1618 151 50 seinen

231 1688 175 50 Füssen
435 1707 102 48 weg
566 1689 42 50 in
640 1691 77 49 das
750 1693 160 49 Innere
941 1695 79 49 der
1051 1696 156 66 Orgel.
1249 1698 290 50 Sämmtliche
1572 1700 199 49 Claviere

232 1769 168 66 spielen
433 1772 108 57 sich,
570 1772 140 51 selbst
740 1773 67 50 bei
828 1777 346 66 Koppelungen,
1205 1778 141 50 durch
1379 1781 67 48 die
1464 1782 307 66 Anwendung

230 1851 78 51 des
340 1855 368 64 pneumatischen
738 1857 171 51 Hebels
942 1860 69 48 bei
1036 1860 130 64 jeder
1197 1862 137 48 Taste
1370 1863 239 50 auffallend
1638 1865 132 49 leicht

228 1935 93 49 und
353 1936 219 66 sprechen
603 1954 51 33 so
686 1938 133 55 leicht
849 1942 92 48 und
967 1942 166 48 schnell
1158 1960 69 42 an,
1260 1943 83 50 wie
1374 1945 82 49 wir
1487 1962 47 34 es
1564 1946 65 50 bis
1655 1947 115 65 jetzt

228 2017 117 50 noch
377 2018 79 50 auf
481 2018 152 50 keiner
663 2022 141 65 Orgel
838 2025 223 64 gefunden
1093 2026 160 50 haben.
1301 2029 101 48 Von
1434 2029 157 67 irgend
1623 2030 145 49 einem

230 2101 246 49 störenden
508 2102 231 51 Geräusch
767 2105 79 49 der
875 2107 233 50 Mechanik
1140 2109 55 49 ist
1224 2110 126 48 keine
1380 2111 121 66 Spur
1533 2112 68 50 da.

352 2182 99 50 Auf
473 2183 101 50 dem
606 2192 151 42 ersten
786 2189 180 48 Manual
1011 2191 156 48 stehen
1200 2192 140 49 zwölf
1361 2192 234 66 Register:
1641 2195 100 49 Prin-

227 2263 109 68 cipal
371 2265 29 49 8
435 2267 132 57 Fuss,
593 2267 131 51 Viola
754 2269 39 48 di
826 2271 172 50 Gamba
1032 2272 29 49 8
1098 2274 65 57 F.,
1195 2274 237 58 Querflöte
1465 2276 31 50 8
1528 2277 66 58 F.,
1620 2279 117 48 Bour-

228 2346 90 50 don
352 2347 29 49 8
420 2350 65 57 F.,
837 2352 132 47 Flüte
1155 2354 134 48 douce
847 2354 32 47 4
914 2355 66 57 F.,
1023 2356 209 48 Prestant
1263 2357 32 47 4
1327 2357 68 58 F.,
1435 2359 169 49 Cornet
1634 2360 33 48 4
1698 2361 68 57 F.,

227 2429 235 66 Flageolet
504 2431 30 48 2
569 2431 67 59 F.,
679 2434 194 64 Euphon
917 2436 68 48 16
1022 2439 65 57 F.,
1133 2437 171 50 scharfe
1342 2440 248 67 Trompete
1633 2441 29 50 8
1698 2444 67 58 F.,

226 2511 145 48 sanfte
402 2512 245 68 Trompete
682 2514 28 49 8
746 2516 65 59 F.,
858 2515 176 52 Clairon
1067 2520 33 46 4
1138 2520 50 48 F.

346 2595 99 51 Auf
470 2595 100 48 dem
604 2597 187 49 zweiten
823 2599 180 49 Manual
1035 2603 242 48 sechszehn
1309 2604 240 66 Register:
1595 2603 144 52 Princi-

225 2676 69 66 pal
332 2676 68 48 16
435 2677 68 58 F.,
547 2679 216 49 Bourdon
811 2681 68 49 16
914 2684 67 54 F.,
1028 2684 218 67 Principal
1281 2685 31 50 8
1350 2688 63 56 F.,
1459 2688 235 49 Salicional
1728 2688 29 49 8

223 2758 68 58 F.,
320 2758 129 49 Viola
482 2759 30 48 8
547 2761 66 57 F.,
644 2761 216 50 Bourdon
894 2763 30 49 8
957 2765 68 57 F.,
1056 2783 158 47 grosse
1244 2768 130 48 Flöte
1408 2768 29 49 8
1473 2770 67 56 F.,
1569 2770 133 48 Flöte
1726 2771 33 47 4

223 2840 51 50 F.
318 2840 174 48 Ferner
532 2841 68 49 die
628 2841 572 71 Combinations-Register

230 2923 176 67 naison)
414 2942 10 30 :
466 2925 211 48 Prestant
708 2926 32 47 4
774 2928 68 58 F.,
887 2929 247 49 Doublette
1168 2930 29 48 2
1234 2933 65 54 F.,
1342 2933 173 49 Mixtur
1557 2935 204 59 vierfach,

223 3004 169 49 Cornet
421 3005 210 60 fünffach,
1120 3009 245 66 Trompette
1653 3014 123 47 Celeste
1105 3012 29 49 ß
1163 3013 65 57 F.,
1258 3014 197 66 Euphon
1484 3015 280 69 (Clarinette)

227 3085 31 48 8
294 3088 65 57 F.,
390 3086 176 51 Clairon
599 3089 33 48 4
668 3090 67 59 F.,
769 3092 267 66 Ophikleide
1075 3094 66 48 16
1178 3095 49 50 F.

349 3168 95 48 Auf
480 3170 99 49 dem
626 3172 162 49 dritten
823 3174 171 50 Ciavier
1026 3175 207 50 dreizehn
1265 3178 237 66 Register:
1547 3180 217 50 Bourdon

232 3249 70 50 16
338 3250 66 59 F.,
435 3252 218 66 Principal
684 3254 28 48 8
736 3255 65 59 F.,
1449 3259 133 47 Flüte
1773 3249 3 69 h
1385 3262 66 56 F.,
1481 3262 213 49 Bourdon
1728 3263 31 48 8

221 3333 68 56 F.,
320 3333 181 66 Fugara
529 3333 30 49 8
580 3335 66 56 F.,
674 3338 131 48 Flüte
832 3342 242 48 octaviante
1106 3342 32 47 4
1171 3343 68 56 F.,
1272 3344 210 49 Prestant
1514 3344 31 47 4
1578 3344 68 56 F.,
1676 3347 57 47 Na-

222 3415 102 49 sard
358 3413 30 51 3
425 3417 65 57 F.,
523 3419 283 62 progressive
837 3420 185 58 Mixtur,
1049 3423 254 51 Bombarde
1333 3426 243 67 (Posaune)
1604 3426 66 49 16
1696 3428 66 58 F.,

228 3497 244 64 Trompette
510 3499 235 51 bombarde
790 3500 30 50 8
871 3503 65 57 F.,
1000 3506 243 63 Trompette
1284 3508 293 66 harmonique
1619 3508 30 50 8
1696 3511 66 57 F.,

240 3579 184 50 Clairon
666 3580 128 69 harmonique
795 3583 51 48 4
847 3586 113 48 F.

344 3662 99 48 Auf
477 3660 102 51 dem
621 3666 167 48 vierten
820 3666 172 49 Ciavier
1032 3667 78 48 eilf
1143 3668 232 66 Register:

218 3743 137 65 nique
388 3743 28 50 8
452 3744 68 59 F.,
552 3746 214 49 Dolciana
797 3747 31 49 8
866 3751 63 54 F.,
973 3751 215 48 Bourdon
1224 3751 29 48 8
1290 3753 66 57 F.,
1403 3754 116 49 Voix
1547 3758 144 47 Celeste
1724 3756 30 49 8

218 3824 69 57 F.,
317 3826 236 49 Echoflöte
585 3828 34 48 4
655 3829 65 56 F.,
1304 3831 97 48 Vox
1557 3833 202 48 humana
1119 3832 29 49 ß
1186 3833 49 50 F.
1355 3836 89 48 und
1478 3836 67 49 die
1577 3837 150 50 Combi-

217 3907 438 68 nations-Register:
702 3912 221 49 Schalmei
966 3913 31 50 8
1044 3916 66 58 F.,
1155 3916 171 49 Cornet
1366 3917 206 61 vierfach,
1616 3921 143 49 sanfte

219 3987 246 68 Trompete
498 3991 29 50 8
562 3993 68 60 F.,
674 3993 197 66 englisch
912 3996 128 49 Horn
1087 3997 90 51 und
1206 3998 225 51 Hautbois
1465 4000 30 49 8
1531 3998 65 66 F.,
1642 3998 92 54 Clai-

219 4086 84 34 ron
335 4071 33 48 4
400 4072 51 50 F.

1991 304 97 48 Auf
2113 304 99 49 dem
2237 305 336 52 Pedal-Uävier
2604 309 139 49 zwölf
2767 311 232 67 Register:
3032 313 274 53 Contrabass
3335 315 73 52 32

1868 386 66 56 F.,
1980 386 203 50 Subbass
2222 385 65 52 16
2325 390 65 57 F.,
2436 389 274 52 Conlrabass
2762 394 66 48 16
2866 397 65 54 F.,
2980 398 215 48 Bourdon
3243 399 68 50 16
3345 402 67 56 F.,

1869 469 131 48 Flöte
2044 468 30 49 8
2109 470 69 56 F.,
2226 472 244 49 Violoncell
2516 473 29 49 8
2584 475 64 56 F.,
2692 475 166 66 Fagott
2908 477 66 48 16
3012 480 64 55 F.,
3121 482 130 48 Flöte
3292 482 33 48 4
3356 483 52 49 F.

1870 552 125 47 Dazu
2034 552 70 47 die
2146 553 598 68 Combinations-Register:
2789 560 208 47 Posaune
3036 560 66 49 16
3140 564 65 56 F.,
3250 564 128 50 Trom-

1872 640 100 59 pete
2006 632 30 49 8
2071 634 66 57 F.,
2171 634 176 51 Clairon
2381 637 32 48 4
2450 639 63 56 F.,
2549 640 207 47 Posaune
2789 639 71 50 32
2894 642 131 49 Fuss.

1992 715 84 49 üie
2108 715 574 70 Combinations-Register
2721 722 231 66 begreifen
2994 724 248 68 diejenigen
3274 731 110 48 Stim-

1870 814 116 40 men,
2019 798 170 48 welche
2220 817 101 32 man
2350 800 141 50 durch
2523 803 84 48 den
2634 802 307 52 betreffenden
2969 807 234 51 Pedaltritt
3234 827 147 33 zusam-

1870 897 102 32 men
2004 879 251 52 mitwirken
2287 883 145 50 lassen
2476 886 111 48 oder
2621 883 244 70 absperren
2909 888 131 50 kann.
3100 892 62 47 So
3194 893 217 67 vereinigt

1869 981 36 30 z.
1939 963 48 50 B.
2022 963 69 48 ein
2124 964 117 49 Tritt
2272 966 68 48 die
2371 967 101 48 acht
2491 967 585 53 Gombinotions-Stimmen
3109 973 76 48 des
3218 976 192 50 zweiten

1870 1043 210 60 Claviers,
2109 1046 68 48 ein
2208 1048 191 48 anderer
2429 1049 69 49 die
2513 1051 239 49 Posaunen
2786 1053 90 48 und
2897 1054 275 66 Trompeten
3198 1056 77 49 des
3300 1058 87 50 drit-

1867 1133 92 52 ten,
2004 1127 68 48 ein
2105 1128 158 48 dritter
2307 1131 69 47 die
2420 1132 99 53 fünf
2554 1132 164 49 letzten
2748 1134 212 65 Register
2999 1136 78 49 des
3109 1138 167 50 vierten
3307 1140 75 50 Cla-

1869 1208 126 59 viers,
2027 1208 67 48 ein
2127 1209 160 50 vierter
2317 1212 69 48 die
2420 1213 268 65 gewaltigen
2719 1216 90 48 vier
2827 1217 260 50 Posaunen-
3119 1221 90 48 und
3245 1221 128 52 Trom-

1868 1292 367 65 peten-Register
2267 1294 77 50 des
2375 1294 136 51 freien
2542 1297 174 50 Pedals.
2776 1300 230 64 Vermöge
3049 1302 146 48 dieser
3224 1305 151 50 Mecha-

1867 1373 170 52 nismen
2069 1373 54 50 ist
2155 1376 79 47 der
2264 1377 174 66 Spieler
2467 1378 59 49 im
2558 1378 182 60 Stande,
2787 1380 351 67 augenblicklich
3181 1385 69 49 die
3280 1404 94 33 man-

1865 1456 276 65 nigfachsten
2171 1456 398 70 Abwechslungen
2612 1462 42 48 in
2696 1462 86 50 den
2822 1463 304 65 Klangfarben
3163 1466 216 53 hervorzu-

1865 1538 144 57 rufen,
2042 1538 68 49 die
2149 1541 297 66 mächtigsten
2479 1542 240 51 Contraste
2749 1545 225 49 zwischen
3005 1548 172 50 sanften
3206 1551 165 51 Harmo-

1864 1620 130 49 nieen
2025 1620 111 49 oder
2165 1622 319 51 Solostimmen
2524 1626 91 48 und
2657 1626 100 49 dem
2789 1627 142 50 vollen
2963 1630 251 51 Orchester
3245 1651 54 31 zu
3331 1651 47 32 er-

1865 1719 187 48 zeugen,
2095 1702 93 50 und
2221 1706 117 48 z.B.
2384 1706 139 49 durch
2569 1708 77 49 das
2678 1708 296 67 Einschlagen
3019 1711 80 48 der
3124 1715 276 65 gewaltigen

1863 1785 415 63 Zungenstimmen,
2326 1787 129 65 jener
2498 1790 278 49 Sechszehn-
2834 1792 91 49 und
2969 1794 432 69 Zweiunddreissig-

1862 1866 198 57 Füssler,
2091 1867 136 50 deren
2245 1869 263 50 Riesentritt
2527 1872 123 49 Alles
2674 1872 198 50 erbeben
2904 1876 163 57 macht,
3097 1877 42 49 in
3171 1877 230 52 einzelnen

1862 1950 143 48 vollen
2037 1950 251 59 Accorden,
2326 1952 69 49 die
2427 1955 261 66 urplötzlich
2721 1956 221 50 zwischen
2975 1957 85 50 den
3093 1960 190 67 übrigen
3312 1962 59 50 Ge-

1860 2048 112 48 sang
2003 2031 215 60 einfallen,
2264 2035 111 48 oder
2414 2035 42 48 in
2497 2054 171 48 ganzen
2700 2039 162 48 Tutti's
2897 2039 169 49 Effecte
3107 2060 54 31 zu
3194 2044 204 61 erzielen,

1860 2112 69 50 die
1961 2114 152 48 früher
2145 2117 320 49 unerreichbar
2485 2136 164 33 waren.
2683 2121 109 48 Eine
2812 2121 218 50 wahrhaft
3058 2125 343 52 erschütternde

1862 2196 231 66 Wirkung
2123 2199 149 48 macht
2302 2216 47 32 es
2382 2201 214 59 vollends,
2626 2220 132 32 wenn
2790 2204 141 48 durch
2964 2205 85 50 den
3077 2208 116 49 Tritt
3215 2209 78 49 Nr.
3323 2209 70 49 15

1859 2279 260 48 ausserdem
2154 2280 115 48 noch
2300 2281 204 50 vierzehn
2530 2284 217 51 Stimmen
2780 2285 80 50 der
2892 2285 90 50 drei
3015 2295 151 42 ersten
3199 2290 199 51 Claviere

1860 2360 79 48 mit
1996 2361 85 49 den
2140 2361 605 71 Combinations-Registern
2804 2368 77 49 des
2921 2369 160 49 Pedals
3135 2371 262 52 verbunden

1858 2443 198 48 werden.

1982 2525 141 48 Einen
2154 2528 144 49 Effect
2329 2529 190 49 anderer
2551 2530 87 50 Art
2668 2530 192 51 erreicht
2890 2550 101 32 man
3024 2535 139 49 durch
3195 2537 85 49 den
3311 2540 57 49 Pe-

1858 2605 170 51 daltritt
2072 2609 75 49 Nr.
2189 2610 68 48 12
2301 2611 178 66 [Pedale
2505 2614 39 47 d
2545 2613 291 67 'expresston),
2880 2615 194 50 welcher
3119 2618 128 49 einen
3294 2622 106 52 sehr

1856 2689 460 52 vervollkommneten
2348 2694 330 51 Mechanismus
2709 2697 43 47 in
2781 2698 267 67 Bewegung
3078 2708 128 51 setzt,
3255 2703 142 51 durch

1858 2770 200 50 welchen
2090 2771 78 50 der
2199 2774 243 50 Ausdruck
2472 2775 79 50 des
2582 2777 94 49 An-
2709 2778 91 48 und
2819 2779 342 51 Abschwellens
3195 2783 78 49 des
3303 2787 60 49 To-

1855 2871 79 31 nes
1968 2854 40 48 in
2039 2854 85 50 den
2154 2857 219 49 Stimmen
2405 2858 79 49 des
2514 2859 171 50 vierten
2716 2859 193 52 Claviers
2940 2865 112 47 nach
3087 2864 197 51 Willkür
3314 2869 79 50 des

1856 2935 268 66 Spielenden
2161 2937 192 50 bewirkt
2389 2939 182 50 werden
2603 2940 130 50 kann.
2791 2943 117 48 Dass
2940 2944 71 48 für
3039 2947 77 48 das
3148 2957 121 41 erste
3302 2952 91 49 und

1856 3018 136 48 vierte
2011 3017 171 50 Ciavier
2199 3020 145 49 Tritte
2367 3022 257 49 vorhanden
2653 3023 110 58 sind,
2796 3025 169 50 welche
2997 3028 86 48 den
3115 3046 50 32 so
3196 3047 170 48 genann-

1855 3107 76 42 ten
1964 3100 263 51 Tremulant
2258 3103 368 67 hervorbringen,
2667 3107 56 48 ist
2761 3108 97 48 eine
2889 3111 199 64 Zugabe,
3133 3113 137 51 deren
3302 3116 63 50 An-

1858 3180 230 68 wendung
2117 3184 57 47 im
2204 3184 213 50 Belieben
2450 3185 77 50 des
2559 3188 274 66 Organisten
2865 3192 145 57 steht;
3055 3193 113 48 doch
3215 3199 182 49 müssen

1856 3264 82 50 wir
1968 3264 261 60 bemerken,
2270 3267 102 49 dass
2413 3268 145 50 dieser
2589 3272 264 49 Tremulant
2885 3274 89 49 sich
3006 3276 282 53 vortheilhaft
3320 3299 78 33 vor

1855 3347 151 48 seinen
2038 3348 172 48 älteren
2241 3349 211 66 Collegen
2485 3353 300 50 auszeichnet.
2818 3356 155 49 Etwas
3003 3358 271 52 Aehnliches
3306 3365 91 48 und

1855 3445 112 48 ganz
1999 3428 412 66 Eigentümliches
2446 3432 150 51 finden
2627 3434 83 49 wir
2738 3436 43 48 in
2808 3437 78 48 der
2925 3439 115 50 Voix
3068 3442 149 50 Celeste
3246 3443 51 66 (8
3327 3445 71 67 F.)

1855 3512 79 47 auf
1959 3511 102 48 dem
2094 3513 165 48 vierten
2291 3514 206 59 Manual;
2542 3517 143 49 dieses
2716 3520 209 66 Register
2966 3522 78 50 hat
3087 3525 191 48 nämlich
3323 3528 79 49 auf

1847 3592 135 66 jeden
2014 3593 99 48 Ton
2145 3594 108 49 zwei
2284 3596 180 59 Pfeifen,
2512 3597 136 51 deren
2696 3601 96 48 eine
2834 3619 74 31 um
2951 3602 68 48 ein
3063 3603 84 50 fast
3182 3608 184 50 unmerk-

1853 3674 136 50 liches
2020 3677 192 48 Komma
2243 3678 127 49 tiefer
2408 3680 185 49 intonirt
2629 3681 69 58 ist,
2737 3683 62 50 als
2833 3683 69 49 die
2932 3685 212 62 anderen,
3176 3690 218 52 wodurch

1854 3756 117 51 denn
2004 3757 70 48 ein
2105 3760 268 50 natürliches
2404 3761 155 51 Beben
2589 3763 78 50 des
2706 3765 150 49 Tones
2888 3776 186 57 erzeugt
3118 3771 123 58 wird,
3286 3774 80 49 wel-

1851 3840 121 57 ches,
2004 3856 198 51 sparsam
2235 3845 286 63 angewandt,
2566 3846 84 48 wie
2688 3846 118 51 beim
2837 3848 206 68 Gesänge
3085 3852 97 49 eine
3223 3854 169 52 schöne

1853 3921 235 66 Wirkung
2118 3923 160 51 macht.

1975 4005 95 47 Der
2099 4006 263 51 Pedaltritte
2390 4008 70 49 für
2488 4007 277 70 Koppelung
2794 4012 96 51 sind
2921 4014 175 52 sieben:
3126 4016 78 51 Nr.
3231 4017 21 50 1
3280 4019 85 68 kop-

1853 4086 91 67 pelt
1975 4085 78 50 das
2085 4096 119 42 erste
2236 4088 174 54 Ciavier
2438 4091 80 50 mit
2549 4091 100 51 dem
2682 4094 213 60 zweiten;
2937 4096 78 51 Nr.
3049 4096 30 51 2
3126 4099 77 50 das
3234 4101 158 51 zweite
