3568 4351
1764 150 91 54 334

207 287 196 50 Theorie
447 286 145 50 dieses
636 283 272 54 berühmten
941 286 328 67 Orgelbauers,
1315 286 101 51 kam
1452 305 49 33 er
1529 287 57 51 im
1619 290 139 51 Jahre

216 369 172 58 1842,
417 367 221 50 nachdem
669 385 50 33 er
752 369 166 50 zuletzt
946 369 43 49 in
1021 370 82 49 der
1134 370 267 51 Werkstatt
1431 369 79 50 des
1542 370 215 52 ebenfalls

211 452 104 50 sehr
339 451 233 66 tüchtigen
589 451 310 65 Orgelbauers
916 452 274 50 Korfmaker
1207 471 50 30 zu
1278 454 185 48 Linnich
1485 452 67 50 bei
1571 454 188 50 Aachen

212 532 253 69 gearbeitet
494 535 139 55 hatte,
663 535 111 49 nach
807 536 198 50 Brüssel.
1038 536 109 48 Hier
1177 535 148 49 führte
1355 553 50 31 er
1435 536 209 51 mehrere
1673 539 58 49 Be-

212 617 254 64 stellungen
485 624 93 40 erst
601 616 143 59 allein,
776 617 117 50 dann
923 619 80 48 mit
1033 617 109 50 zwei
1175 617 91 50 und
1297 617 57 50 im
1386 619 218 49 nächsten
1621 620 138 50 Jahre

212 700 80 50 mit
324 701 88 46 vier
443 699 247 49 Arbeitern
720 718 94 33 aus.

338 780 133 50 Seine
502 781 280 66 Leistungen
828 784 161 49 fanden
1029 783 180 58 Beifall;
1252 784 195 48 Männer
1491 784 86 49 wie
1619 785 141 59 Felis,

211 864 212 49 Director
455 864 79 49 des
564 865 442 59 Conservatoriums,
1036 866 93 50 und
1161 866 229 68 späterhin
1416 868 54 50 F.
1500 868 257 58 Kufferath,

215 946 270 49 verstanden
528 946 122 49 nicht
691 965 86 31 nur
823 949 121 49 seine
976 949 269 48 Verdienste
1278 967 53 30 zu
1364 949 250 66 würdigen,
1659 967 78 33 son-

215 1028 112 49 dern
371 1033 338 45 unterstützten
755 1030 73 50 ihn
876 1031 115 50 auch
1038 1031 63 50 als
1147 1031 246 67 gediegene
1437 1031 203 51 Musiker
1684 1034 79 48 mit

212 1110 144 51 ihrem
386 1110 163 50 Rathe.

339 1193 192 49 Merklin
555 1194 78 50 sah
658 1194 122 58 aber,
812 1195 224 66 umgeben
1068 1213 84 32 von
1186 1195 80 50 der
1296 1203 182 57 regsten
1504 1197 258 66 Thätigkeit

216 1277 43 49 in
290 1277 200 49 anderen
522 1278 259 66 Gattungen
817 1279 79 48 der
926 1279 240 57 Industrie,
1198 1279 103 48 sehr
1331 1279 102 50 bald
1467 1279 84 60 ein,
1579 1280 101 50 dass
1712 1298 50 32 er

215 1358 70 49 die
307 1374 190 49 grossen
517 1359 422 66 Verbesserungen,
972 1360 171 50 welche
1174 1360 68 49 die
1274 1360 276 68 tüchtigsten
1574 1363 186 48 Meister

217 1440 45 50 in
292 1440 207 66 England
531 1443 93 48 und
655 1443 40 49 in
718 1444 273 48 Frankreich
1023 1443 69 49 bei
1124 1443 102 49 dem
1252 1444 125 50 Baue
1410 1444 79 48 der
1514 1445 142 65 Orgel
1688 1463 47 32 er-

216 1522 169 50 funden
403 1523 92 48 und
520 1523 40 51 in
582 1524 308 66 Anwendung
915 1524 218 68 gebracht
1157 1525 170 59 halten,
1359 1527 79 48 mit
1466 1527 80 48 der
1566 1528 194 48 Theorie

216 1604 83 51 der
330 1604 281 62 Deutschen,
653 1607 70 49 die
763 1626 50 32 er
846 1609 166 49 bereits
1044 1608 234 66 gründlich
1311 1608 164 50 kannte
1505 1609 92 50 und
1630 1611 106 67 prak-

216 1688 116 48 tisch
371 1706 56 30 zu
468 1688 120 50 üben
630 1691 226 58 verstand,
899 1692 253 66 vereinigen
1198 1694 166 55 müsse,
1407 1710 78 31 um
1531 1693 40 48 in
1617 1693 146 48 seiner

217 1771 155 49 Kunst
403 1771 80 48 auf
504 1771 69 49 die
598 1773 135 48 Höhe
767 1774 80 49 der
869 1774 98 49 Zeit
998 1791 52 32 zu
1083 1773 237 66 gelangen,
1350 1774 92 49 und
1472 1791 51 33 so
1553 1774 210 50 entstand

215 1853 44 50 in
287 1852 92 49 ihm
403 1852 78 49 das
507 1853 284 69 unablässige
819 1856 210 58 Streben,
1054 1856 142 49 durch
1213 1856 304 50 Nachdenken
1541 1858 90 48 und
1655 1860 86 48 fort-

215 1936 246 49 währende
492 1937 235 51 Versuche
772 1956 47 32 es
866 1940 132 48 dahin
1045 1957 54 31 zu
1148 1938 205 68 bringen,
1398 1940 78 48 das
1510 1941 120 48 Gute
1671 1942 91 48 und

215 2017 303 66 Vorzügliche
568 2020 123 49 einer
728 2021 137 66 jeden
897 2021 166 49 Schule
1105 2021 91 49 sich
1238 2021 279 66 anzueignen
1547 2023 91 49 und
1670 2023 93 49 ihre

214 2100 287 50 besonderen
530 2102 183 67 Mängel
756 2122 52 31 zu
841 2105 268 49 vermeiden.
1170 2103 259 66 Allerdings
1461 2106 190 65 gehörte
1683 2124 80 31 zur

215 2182 288 67 Erreichung
542 2183 145 51 dieses
727 2187 149 48 hohen
907 2187 145 48 Zieles
1082 2187 122 50 nicht
1235 2186 122 49 bloss
1388 2187 98 50 eine
1517 2188 215 50 unermüd-

215 2265 113 49 liche
357 2265 259 61 Ausdauer,
654 2268 197 50 sondern
892 2270 113 48 auch
1048 2270 95 48 eine
1176 2268 324 51 künstlerische
1531 2271 206 67 Begeiste-

216 2365 118 48 rung
365 2348 69 49 für
465 2350 93 48 sein
588 2351 121 50 Fach
742 2352 90 50 und
864 2352 96 49 eine
992 2352 171 65 geniale
1193 2352 360 66 Nalur-Anlage.

343 2430 85 48 Die
448 2432 468 68 Vervollkommnung
945 2434 79 49 des
1056 2434 285 66 Orgelbaues
1373 2435 41 48 in
1444 2435 208 66 England
1683 2435 53 49 be-

219 2511 110 50 trifft
358 2512 259 66 vorzüglich
649 2515 71 48 die
749 2516 251 50 Mechanik.
1058 2516 83 48 Die
1172 2516 348 66 Verbesserung
1560 2517 77 50 des
1674 2517 59 50 Ge-

214 2595 165 57 bläses,
423 2594 79 50 das
534 2597 429 68 Pumpen-System,
1009 2597 68 50 die
1108 2597 308 51 horizontalen
1448 2597 311 69 Faltenbälge,

216 2677 79 49 der
327 2676 170 66 gleiche
539 2679 92 49 und
677 2680 189 66 kräftige
901 2680 157 58 Wind,
1103 2681 69 48 die
1204 2681 278 66 Erzeugung
1522 2682 237 50 desselben

215 2759 115 50 nach
376 2759 349 52 verschiedenen
771 2764 180 48 Graden
1012 2764 140 48 durch
1198 2764 345 51 verschiedenen
1588 2766 171 57 Druck,

217 2841 174 50 endlich
433 2841 70 50 die
532 2844 256 67 Erfindung
828 2846 79 49 des
937 2845 265 50 Lufthebels

217 2924 144 49 durch
401 2925 188 60 Barker,
631 2928 173 49 welche
849 2928 68 49 die
958 2928 193 66 Spielart
1195 2945 112 49 ganz
1354 2931 406 50 ausserordentlich

219 3008 271 58 erleichtert,
521 3025 51 33 so
605 3009 101 49 dass
737 3010 91 50 sich
860 3011 70 49 die
960 3015 210 61 grössten
1194 3011 300 66 Orgelwerke
1524 3014 141 49 selbst
1691 3014 68 49 bei

219 3089 301 68 gekoppelten
550 3093 240 49 Manualen
835 3094 123 48 nicht
1000 3093 228 49 schwerer
1268 3094 63 48 als
1369 3094 70 51 ein
1471 3096 291 50 Erard'scher

221 3171 159 66 Flügel
413 3174 413 66 spielen—wovon
857 3178 80 48 wir
964 3194 84 32 uns
1072 3178 79 48 auf
1175 3176 85 50 den
1284 3176 282 53 Claviaturen
1598 3180 162 50 zweier

222 3251 280 69 32füssigen
536 3257 189 57 Werke,
771 3259 41 48 in
845 3259 80 48 der
967 3259 165 48 Kirche
1176 3259 67 50 St.
1287 3259 230 51 Eustache
1561 3262 41 49 in
1635 3263 124 49 Paris

220 3338 91 49 und
342 3339 80 48 auf
448 3337 82 49 der
560 3339 142 65 Orgel
743 3340 67 49 für
855 3342 68 48 die
953 3342 278 49 Kathedrale
1261 3361 52 30 zu
1348 3344 171 50 Murcia
1548 3345 43 49 in
1622 3347 111 48 Brüs-

217 3422 79 58 sel,
328 3420 254 66 überzeugt
610 3420 303 66 haben

221 3518 244 48 serungen,
498 3504 70 48 die
598 3503 84 51 wir
709 3504 87 50 den
828 3504 292 66 Engländern
1151 3505 269 52 verdanken.

348 3585 154 50 Wenn
531 3585 69 50 die
630 3587 263 49 Deutschen
926 3588 41 48 in
1002 3588 294 66 Herstellung
1323 3589 82 50 der
1434 3592 206 48 Tonfülle
1668 3593 90 50 und

217 3667 132 49 Kraft
380 3667 80 49 der
492 3667 363 52 Labialstimmen
887 3671 118 48 ihres
1035 3669 214 50 Gleichen
1289 3671 115 49 noch
1448 3673 123 50 nicht
1600 3676 131 62 gefun-

215 3751 90 49 den
334 3751 163 58 haben,
541 3768 51 32 so
635 3751 108 49 lässt
784 3753 90 48 sich
913 3754 206 65 dagegen
1148 3752 123 49 nicht
1299 3753 211 66 läugnen,
1555 3757 101 51 dass
1685 3758 70 50 die

215 3833 260 50 Franzosen
520 3833 44 50 in
607 3833 468 69 Vervollkommnung
1119 3836 80 48 der
1228 3836 403 66 Zungenstimmen
1675 3858 53 31 na-

214 3916 209 48 mentlich
465 3916 42 48 in
542 3923 216 42 neuester
788 3917 97 49 Zeit
926 3935 113 48 ganz
1082 3918 412 51 ausserordentlich
1536 3937 191 51 vorange-

212 3998 215 50 schritten
459 3998 113 51 sind.
631 3998 129 51 Eben
802 4017 50 32 so
898 3999 144 50 haben
1073 4001 61 48 sie
1166 4001 70 49 die
1266 4002 341 52 mechanischen
1637 4007 85 48 Ver-

207 4078 327 69 besserungen,
565 4082 69 50 die
666 4082 543 61 Combinations-Pedale,
1238 4082 69 51 die
1337 4085 307 70 Anwendung
1673 4088 81 50 der

1856 289 351 68 Windtheilung
2238 291 77 50 mit
2339 292 361 52 verschiedenem
2723 296 166 61 Druck,
2919 300 83 51 den
3033 305 368 64 pneumatischen

1854 372 148 50 Hebel
2047 374 99 66 (der
2177 382 151 41 zuerst
2360 394 85 30 von
2478 377 151 50 Herrn
2662 380 170 49 Barker
2864 384 140 49 selbst
3044 386 40 49 in
3118 386 77 50 der
3230 389 137 49 Werk-

1857 464 109 42 statt
1990 474 85 32 von
2106 459 279 66 Ducroquet,
2417 476 80 33 aus
2530 461 196 50 welcher
2750 464 67 48 die
2837 466 141 66 Orgel
3011 468 40 49 in
3084 470 66 48 St.
3169 471 230 51 Eustache

1858 539 419 67 hervorgegangen,
2320 544 272 63 angewandt
2638 546 218 66 worden),
2915 549 70 49 die
3033 553 369 67 Vorrichtungen

1858 640 100 31 zum
1993 621 258 51 Crescendo
2284 642 42 31 u.
2357 642 35 31 s.
2427 643 53 32 w.
2516 625 188 51 benutzt
2736 630 90 48 und
2859 633 415 61 vervollkommnet,
3307 638 93 49 und

1858 704 79 48 der
1966 705 141 48 Name
2140 705 316 51 Cavaille-Coll
2501 708 75 48 hat
2618 718 132 40 unter
2781 714 84 46 den
2897 715 222 48 Männern
3150 734 100 32 vom
3282 719 118 50 Fach

1858 786 79 50 mit
1966 788 146 48 Recht
2143 788 99 49 eine
2273 790 313 50 Berühmtheit
2618 793 189 54 erlangt.

2747 838 25 21 D

1983 870 189 48 Merklin
2216 870 123 50 halte
2388 871 218 51 demnach
2653 874 70 50 die
2766 877 222 66 Aufgabe,
3034 879 69 50 die
3148 880 253 52 kunstvolle

1858 953 236 49 Mechanik
2139 953 80 48 der
2257 953 276 66 Engländer,
2580 955 85 51 den
2699 959 253 57 Wohllaut,
2997 962 69 48 die
3099 963 164 49 Stärke
3309 967 93 49 und

1859 1035 308 66 mannigfache
2199 1035 274 68 Klangfarbe
2519 1038 80 49 der
2639 1040 329 52 französischen
2997 1045 404 65 Zungenstimmen

1859 1119 92 48 und
1993 1118 70 48 die
2094 1119 130 47 Kraft
2267 1119 89 50 und
2398 1120 150 50 reiche
2578 1123 207 49 Tonlülle
2816 1125 80 49 der
2925 1127 366 52 Labialstimmen
3321 1131 81 49 der

1858 1199 263 50 Deutschen
2153 1200 40 49 in
2225 1200 83 49 Ein
2339 1202 180 66 System
2559 1222 55 30 zu
2648 1203 203 67 bringen.
2897 1207 274 67 Abgesehen
3204 1230 84 31 von
3317 1212 63 49 sei-

1857 1301 103 31 nem
2007 1283 404 65 ausgezeichneten
2458 1287 311 65 persönlichen
2801 1289 201 60 Talente,
3048 1293 167 50 konnte
3260 1312 49 31 er
3352 1296 44 49 in

1857 1367 159 65 Bezug
2056 1367 80 48 auf
2173 1367 69 48 die
2280 1369 216 47 äusseren
2538 1369 326 68 Bedingungen
2910 1391 80 30 zur
3018 1376 189 66 Lösung
3256 1377 145 49 dieser

1857 1447 208 66 Aufgabe
2094 1448 129 50 keine
2254 1449 293 65 günstigeren
2578 1452 310 52 Verhältnisse
2919 1454 166 61 finden,
3122 1457 62 49 als
3226 1458 42 48 in
3298 1459 77 49 Bel-

1857 1531 114 64 gien.
2003 1531 112 48 Hier
2144 1548 95 32 war
2271 1531 99 49 kein
2400 1532 354 66 hergebrachter
2781 1537 174 66 Zwang
2995 1539 122 49 einer
3146 1539 254 53 nationalen

1856 1612 166 49 Schule
2051 1612 358 60 abzuschütteln,
2455 1614 128 50 keine
2627 1617 247 61 Tradition,
2917 1619 129 51 keine
3089 1622 307 60 Vorurtheile,

1857 1696 126 48 keine
2017 1696 212 49 Vorliebe
2262 1696 67 48 für
2361 1697 146 49 dieses
2538 1698 110 50 oder
2684 1699 128 65 jenes
2845 1703 178 66 System
3066 1722 53 31 zu
3151 1705 249 67 beseitigen

1857 1778 88 48 und
1980 1796 53 30 zu
2066 1777 318 60 überwinden;
2416 1779 117 50 denn
2564 1782 80 48 der
2667 1783 234 65 Orgelbau
2934 1786 71 66 lag
3035 1787 115 50 noch
3183 1788 40 50 in
3254 1788 147 50 seiner

1857 1861 182 65 Wiege,
2070 1879 47 30 es
2149 1861 86 66 gab
2267 1862 127 48 keine
2413 1863 249 59 Autorität,
2693 1865 68 49 die
2792 1866 42 49 in
2860 1867 167 51 diesem
3057 1870 146 49 Fache
3235 1889 54 31 zu
3321 1870 53 50 be-

1856 1942 207 67 kämpfen
2088 1961 227 48 gewesen,
2346 1945 127 48 keine
2494 1946 191 60 Muster,
2715 1947 136 51 deren
2874 1951 394 69 Nichtbeachtung
3297 1953 103 50 dem

1853 2027 205 48 Neuerer
2088 2027 62 48 als
2182 2027 69 48 ein
2285 2027 288 51 Verbrechen
2605 2032 305 64 angerechnet
2941 2033 188 50 worden
3161 2040 136 46 wäre.
3330 2037 67 50 Im

1854 2108 282 64 Gegentheil,
2182 2108 71 50 die
2296 2112 179 64 grösste
2520 2112 307 51 musicalische
2886 2116 233 50 Autorität
3173 2117 226 68 Belgiens,

1853 2191 123 48 Herr
2005 2191 140 56 Felis,
2186 2191 124 51 hatte
2352 2192 83 50 seit
2464 2194 169 49 Jahren
2667 2196 69 50 die
2766 2197 399 51 Unfruchtbarkeit
3192 2200 78 51 des
3302 2200 71 51 bel-

1854 2274 182 64 gischen
2068 2274 179 49 Bodens
2289 2274 68 49 für
2388 2275 151 49 diesen
2571 2277 155 65 Zweig
2757 2279 82 49 der
2867 2281 401 51 Kunst-Industrie
3298 2284 76 49 dar-

1854 2355 151 66 gelegt
2035 2356 91 48 und
2158 2374 80 32 zur
2261 2356 376 69 Urbarmachung
2666 2360 236 51 desselben
2926 2364 333 64 aufgefordert;
3289 2365 110 49 aber

1853 2439 113 48 auch
1998 2439 121 49 seine
2149 2439 182 50 obwohl
2362 2441 223 65 mächtige
2609 2442 91 50 und
2724 2444 334 51 einflussreiche
3084 2448 190 49 Stimme
3300 2467 73 31 ver-

1854 2520 149 57 hallte,
2047 2520 68 49 bis
2159 2522 62 49 sie
2265 2522 44 49 in
2345 2522 227 51 Merklin's
2614 2525 136 50 Ideen
2797 2528 89 49 und
2931 2528 347 68 Bestrebungen
3324 2531 71 50 ein

1854 2604 126 48 Echo
2012 2604 115 49 fand.

1979 2686 126 49 Dazu
2152 2685 99 51 kam
2295 2686 67 50 die
2402 2686 127 51 Nähe
2571 2705 83 33 von
2687 2690 122 50 Paris
2853 2693 90 49 und
2973 2693 209 59 London,
3227 2695 170 50 welche

1853 2768 70 49 die
1953 2768 157 66 eigene
2134 2769 311 66 Anschauung
2474 2770 90 50 und
2590 2771 68 50 die
2689 2775 280 65 persönliche
2987 2778 409 49 Kenntnissnahme

1852 2850 298 60 erleichterte,
2182 2851 90 50 und
2303 2851 174 51 endlich
2506 2853 199 49 vollends
2731 2855 68 48 die
2826 2856 382 69 Bereitwilligkeit
3239 2860 130 50 kunst-

1852 2934 198 65 sinniger
2080 2934 91 49 und
2204 2935 259 66 patriotisch
2491 2935 229 66 gesinnter
2737 2939 204 58 Männer,
2971 2942 170 49 welche
3168 2943 227 58 einsahen,

1853 3015 103 48 dass
1997 3033 86 30 nur
2125 3016 142 50 durch
2298 3016 283 51 Association
2625 3019 70 50 die
2726 3020 143 50 Mittel
2901 3041 54 30 zu
2987 3024 239 65 gewinnen
3258 3025 136 60 seien,

1852 3099 42 48 in
1923 3098 67 48 ihr
2023 3099 244 50 Vaterland
2296 3100 129 50 einen
2455 3117 146 34 neuen
2632 3104 156 66 Zweig
2827 3105 123 50 einer
2978 3109 309 65 grossartigen
3319 3109 48 48 In-

1853 3180 172 50 dustrie
2055 3198 55 32 zu
2141 3180 218 68 pflanzen,
2402 3182 80 49 der
2512 3184 203 50 Vortheil
2746 3187 91 49 und
2867 3188 123 48 Ehre
3020 3188 172 67 bringe.
3236 3190 161 49 Dieser

1853 3263 155 66 Zweig
2039 3263 55 49 ist
2124 3282 94 30 nun
2246 3264 139 50 durch
2411 3265 227 51 Merklin's
2657 3268 152 67 Pflege
2834 3288 101 32 zum
2954 3272 221 67 kräftigen
3193 3273 203 50 Stamme

1853 3347 264 66 geworden,
2159 3347 90 49 und
2293 3348 168 51 welche
2492 3349 197 50 Früchte
2718 3368 49 32 er
2798 3359 234 60 getragen,
3074 3356 119 64 zeigt
3222 3372 81 33 vor
3331 3356 42 49 al-

1853 3429 71 48 len
1958 3428 191 65 übrigen
2192 3428 70 49 die
2304 3429 218 51 kolossale
2555 3433 143 65 Orgel
2740 3434 68 49 für
2847 3434 86 50 den
2967 3437 119 49 Dom
3118 3455 53 31 zu
3203 3437 188 57 Murcia,

1852 3511 71 49 die
1955 3512 81 49 wir
2065 3509 250 70 unbedingt
2346 3514 68 49 für
2444 3514 68 50 ein
2545 3516 316 50 Meisterstück
2900 3519 91 49 und
3023 3519 70 50 für
3123 3521 78 48 das
3232 3536 135 49 ausge-

1852 3594 273 50 zeichnetste
2157 3594 163 57 Werk,
2364 3596 80 50 das
2484 3615 164 33 unsere
2686 3599 99 50 Zeit
2825 3599 58 51 im
2915 3601 235 67 Orgelbau
3192 3602 203 67 geliefert

1849 3677 92 58 hat,
1972 3676 206 50 erklären
2209 3682 195 47 müssen.

1971 3758 231 50 Zunächst
2232 3761 162 48 wollen
2426 3761 81 49 wir
2531 3761 164 66 jedoch
2728 3762 117 49 noch
2875 3763 99 51 eine
3005 3765 157 50 Skizze
3192 3784 86 31 von
3311 3766 80 49 der

1848 3841 318 67 Ausdehnung
2191 3841 160 67 geben,
2383 3843 171 50 welche
2585 3845 68 48 die
2677 3845 313 52 Merklin'sche
3015 3846 376 70 Unternehmung

1847 3941 254 50 gewonnen
2134 3925 89 50 hat.

1972 4006 86 49 Die
2089 4006 261 68 Grundlage
2383 4008 77 50 des
2491 4007 139 51 Rufes
2661 4008 240 52 derselben
2930 4012 94 50 und
3055 4012 78 51 des
3164 4015 191 48 Vertrau-

1848 4106 79 34 ens
1960 4107 53 32 zu
2045 4090 68 49 ihr
2141 4090 165 50 bildete
2347 4092 71 50 die
2449 4091 142 65 Orgel
2625 4110 85 33 von
2742 4093 74 50 42
2850 4095 218 51 Stimmen
3109 4097 41 50 in
3193 4097 80 51 der
3298 4099 91 49 St.-
