3568 4351
1792 140 90 51 340

242 275 345 68 Sammelplätze
618 276 329 51 musicaliseher
978 277 288 68 Capacitäten
1297 294 186 33 unseres
1518 278 261 51 Welttheils

242 357 273 50 beobachtet
553 359 91 59 hat,
686 359 141 49 findet
857 360 84 49 den
967 360 307 68 Hauptgrund
1306 360 78 50 des
1415 360 245 51 berührten
1691 363 60 48 Zu-

243 440 180 49 standes
482 440 42 49 in
583 441 101 50 dem
743 442 105 49 alles
889 442 199 66 Geistige
1134 443 417 66 überwältigenden
1596 444 152 49 Mecha-

239 523 172 50 nismus
427 523 51 68 *),

1230 524 57 50 A.
1329 524 330 51 Schindler.

398 764 239 54 Tages-
679 766 140 41 und
858 764 788 54 Unterhaltungs-Blatt.

312 858 169 36 Meli».
522 856 73 39 Die
624 855 523 48 Abonneinents-Concerte,
1177 858 245 40 veranstaltet
1452 871 72 25 von
1558 859 68 39 der
1656 859 89 39 Con-

239 917 489 40 cert-Gesellschaft
771 917 80 37 und
896 917 154 50 dirigirt
1095 930 88 27 vom
1215 919 238 38 städtischen
1486 919 295 50 Gapellmeister

237 978 131 39 Herrn
398 979 41 39 F.
468 979 189 45 Hiller,
686 977 158 39 werden
865 977 219 52 Dinstag
1113 980 93 38 den
1233 980 62 39 21.
1320 979 156 40 Octob
1494 994 48 25 er
1571 981 209 50 beginnen-

235 1039 75 40 Die
338 1039 85 40 drei
451 1039 349 50 nächstfolgenden
829 1039 133 38 finden
992 1052 61 27 am
1086 1041 58 38 11.
1174 1041 236 48 November,
1451 1054 63 27 am
1542 1043 36 38 2.
1610 1044 78 37 nnd
1719 1056 61 26 am

235 1100 61 39 23.
328 1101 219 39 December
576 1100 106 39 Statt.

317 1229 27 39 j
375 1218 237 35 Crefeld.
642 1215 174 49 Sonntag
845 1215 75 37 den
949 1216 34 37 5.
1013 1215 35 38 d.
1068 1214 91 40 Mts.
1190 1215 91 38 fand
1309 1215 86 39 hier
1422 1215 39 39 in
1491 1216 69 39 der
1589 1216 191 40 Tonhalle

239 1277 69 39 auf
345 1277 89 38 dem
464 1275 258 40 Driessenhof
757 1275 61 37 ein
863 1274 221 39 Concert
1128 1276 69 38 der
1241 1275 350 51 Gesang-Vereine
1622 1279 136 38 Lieder-

238 1338 100 46 tafel,
368 1337 247 39 Kirchlicher
643 1336 495 51 Männergesang-Verein,
1168 1338 497 50 Männergesang-Verein,
1693 1340 66 38 Lie-

237 1399 184 45 derhalle,
451 1397 273 51 Sängerbund,
766 1397 144 39 Cäcilia
940 1398 80 38 und
1051 1397 219 40 Goncordia
1298 1399 119 47 Statt;
1459 1401 63 38 die
1552 1400 207 39 Orchester-

234 1458 131 40 musik
408 1459 81 37 und
533 1458 62 38 die
626 1458 418 50 Gesammt-Vorträge
1087 1458 176 51 dirigirte
1301 1460 330 40 Musik-Director
1664 1462 86 38 Wil-

236 1521 144 38 helm.
409 1519 238 50 Aufgeführt
677 1519 162 38 wurden
869 1518 63 39 die
957 1518 247 40 Ouvertüren
1235 1533 46 26 zu
1312 1521 110 38 Titus
1453 1523 78 37 und
1561 1535 88 26 zum
1670 1523 84 38 Was-

237 1584 205 48 serträger,
472 1580 62 39 ein
566 1580 141 38 Choral
737 1580 114 47 „Nun
881 1578 144 40 danket
1053 1580 89 38 Alle
1319 1594 74 26 von
1422 1583 88 39 Joh.
1527 1584 158 50 Krüger
1711 1584 72 39 mit

240 1642 223 45 Orchester,
507 1642 69 37 der
605 1641 130 39 Psalm
764 1641 141 47 „Herr,
934 1653 119 28 unser
1234 1655 76 27 von
1339 1644 208 47 Schnabel,
1596 1646 87 45 „An
1714 1646 68 38 das

509 1715 74 27 von
613 1702 42 39 C.
684 1703 204 46 Kreutzer,
917 1703 136 49 Jägers
1074 1704 202 39 Abschied
1305 1716 74 27 von
1404 1705 280 40 Mendelssohn
1715 1706 70 37 mit

239 1763 543 50 Instrumental-Begleitung,
823 1764 72 38 Die
928 1764 142 39 Wacht
1098 1776 62 27 am
1190 1765 129 39 Rhein
1347 1778 75 26 von
1455 1766 202 45 Wilhelm,
1698 1767 64 39 Lie-

240 1823 225 39 desfreiheit
493 1836 75 25 von
597 1824 241 47 Marschner,
886 1824 157 50 Gesang
1072 1826 70 38 der
1170 1827 210 50 Jünglinge
1417 1839 76 26 von
1524 1828 40 39 C.
1595 1829 190 37 Kreutzer

239 1884 82 38 und
350 1896 89 26 zum
468 1884 159 39 Schluss
656 1885 313 39 Mendelssohn's
1001 1888 253 48 Doppelchor
1295 1898 68 28 aus
1394 1887 176 50 Oedipus
1615 1889 67 37 mit
1712 1888 49 38 Or-

242 1944 163 39 chester.
450 1944 255 39 Dazwischen
738 1946 160 38 wurden
929 1947 100 39 noch
1062 1948 98 37 zehn
1191 1947 142 39 Stücke
1362 1960 75 26 von
1468 1949 89 37 fünf
1582 1948 203 39 einzelnen

241 2006 200 39 Vereinen
470 2019 212 38 gesungen.
738 2008 73 39 Die
839 2010 223 39 Einnahme
1104 2022 81 27 war
1225 2022 89 26 zum
1353 2010 199 39 Baufonds
1594 2012 63 37 für
1698 2011 87 39 eine

241 2079 103 27 neue
391 2068 239 38 katholische
675 2069 147 38 Kirche
877 2070 209 47 bestimmt,
1142 2072 80 38 und
1265 2083 80 27 war
1395 2073 69 37 der
1508 2072 279 51 Netto-Betrag

244 2129 207 39 derselben
481 2130 97 38 über
609 2130 74 38 700
713 2130 143 39 Thaler
964 2132 63 38 ein
1056 2133 90 37 sehr
1175 2133 291 38 ehrenwerthes
1496 2133 188 39 Resultat.
1723 2133 63 38 Ob

243 2189 65 38 Sie
348 2189 178 39 dasselbe
568 2201 76 26 von
689 2190 108 39 einer
826 2191 128 39 Kritik
1000 2193 79 38 und
1109 2193 244 39 Anti-Kritik
1383 2193 41 39 in
1453 2193 128 39 einem
1612 2193 174 51 hiesigen

242 2250 126 39 Blatte
397 2261 117 39 sagen
545 2251 176 47 würden,
750 2251 113 40 weiss
891 2252 63 39 ich
982 2253 118 40 nicht.

324 2375 47 25 **
399 2380 264 36 Barmen,
718 2378 78 38 Am
827 2378 35 38 9.
891 2378 36 39 d.
956 2378 88 39 Mts.
1074 2378 65 39 hat
1166 2378 199 40 Arthur
1394 2380 267 49 Napoleon
1704 2379 85 39 hier

244 2436 55 39 im
328 2448 160 39 grossen
518 2438 112 38 Saale
667 2438 69 38 der
759 2438 219 39 Concordia
1014 2438 89 39 eine
1133 2439 133 39 Soiree
1305 2440 190 49 gegeben.
1552 2441 79 37 Der
1659 2439 130 39 kleine

242 2497 188 40 Virtuose
459 2498 66 39 hat
554 2499 191 38 natürlich
777 2500 109 38 Alles
924 2512 47 26 zu
1017 2500 253 50 allgemeiner
1309 2501 304 50 Bewunderung
1653 2500 114 50 hinge-

242 2558 138 40 rissen.
434 2559 55 39 Er
531 2559 136 51 spielte
707 2562 137 35 Sonate
868 2562 189 48 pastorale
1099 2573 74 26 von
1202 2561 239 45 Beethoven,
1489 2561 192 38 Notturno
1712 2571 75 28 von

244 2620 167 50 Chopin,
442 2621 148 48 Allegro
618 2622 188 36 scherzoso
836 2633 76 27 von
940 2622 49 38 A.
1019 2622 176 46 Schmitt,
1225 2624 133 34 Rondo
1389 2625 226 47 capriccioso
1646 2634 77 26 von
1746 2622 41 38 F.

241 2681 281 40 Mendelssohn
554 2683 78 37 und
662 2683 62 38 die
744 2683 363 40 Moses-Phantasie
1137 2695 73 26 von
1234 2683 209 50 Thalberg.
1472 2684 108 37 Nach
1611 2685 177 36 letzterer

242 2742 137 38 wurde
409 2754 41 26 er
479 2741 317 52 hervorgerufen.
839 2744 71 38 Als
939 2743 417 39 Zwischennummern
1385 2756 95 38 sang
1509 2744 62 38 ein
1603 2744 184 38 Dilettant

242 2802 143 39 Lieder
412 2815 76 26 von
517 2803 279 39 Mendelssohn
826 2805 79 37 und
935 2805 63 37 die
1027 2804 200 39 Romanze
1256 2805 147 45 „Unter
1431 2806 215 38 blüh'nden
1674 2806 84 39 Man-

535 2875 69 27 aus
633 2865 240 50 Euryanthe.
929 2865 73 38 Die
1030 2865 230 39 Liedertafel
1298 2871 87 44 trug
1414 2867 88 45 „An
1533 2867 77 38 den

239 2925 82 38 und
351 2925 130 46 „Brod
511 2925 79 38 und
812 2937 73 27 von
918 2926 39 39 F.
987 2925 139 48 Hiller,
1170 2926 215 51 „Frühling
1414 2928 102 38 ohne
1709 2940 75 27 von

306 3042 31 46 *}
367 3040 114 38 Auch
513 3041 69 37 der
611 3039 368 47 „Frankfurter
1332 3043 149 50 spricht
1517 3043 82 40 sich
1646 3045 39 38 in
1714 3046 51 39 fol-

366 3101 148 49 gender
547 3101 132 39 Weise
722 3102 98 38 über
860 3102 179 38 dasselbe
1069 3102 168 39 Concert
1266 3115 90 27 aus:
1400 3104 168 47 „Leider
1596 3106 92 50 ging
1718 3107 62 39 die

368 3161 205 51 Hoffnung
614 3162 70 38 der
711 3161 307 47 Kunstfreunde,
1065 3164 150 38 welche
1242 3165 107 38 Herr
1377 3165 261 51 Vieuxtemps
1676 3168 104 39 beim

368 3222 229 38 Musikfeste
624 3222 39 37 in
693 3223 224 38 Darmstadt
958 3224 122 37 durch
1112 3224 106 38 eines
1252 3224 130 40 seiner
1410 3231 189 35 neuesten
1629 3227 151 40 Violin-

369 3281 191 39 Coneerte
588 3282 86 38 mit
703 3282 629 53 Orchester-Begleitung
1361 3286 215 47 entzückte,
1604 3288 108 39 nicht
1738 3289 41 38 in

367 3342 225 50 Erfüllung.
648 3342 158 38 Damals
834 3355 75 26 von
938 3343 149 41 seinem
1117 3344 235 48 herrlichen,
1380 3348 263 50 grossartigen
1672 3349 106 50 Spiel

362 3403 196 40 wahrhaft
601 3402 257 50 hingerissen,
907 3410 203 33 erwartete
1152 3417 103 35 man,
1303 3407 179 40 derselbe
1520 3409 135 38 würde
1694 3410 84 39 hier

368 3464 187 38 ebenfalls
585 3463 89 39 eine
703 3463 129 39 seiner
862 3462 320 51 Compositionen
1218 3466 70 39 mit
1317 3467 462 55 Orchester-Begleitung

366 3524 245 46 executiren;
639 3528 88 33 statt
757 3524 141 38 dessen
926 3524 70 38 bot
1023 3525 67 38 das
1119 3526 230 49 Programm
1379 3528 128 51 einige
1535 3531 89 37 dem
1655 3531 105 39 heuti-

366 3598 76 39 gen
483 3586 186 38 blasirten
700 3586 245 39 Geschmack
987 3586 239 50 huldigende
1255 3588 255 41 Salonstücke
1538 3592 103 39 ohne
1670 3593 88 39 inne-

359 3659 72 28 ren
462 3646 142 40 Gehalt
634 3669 44 6 —•
709 3647 238 40 namentlich
990 3660 79 26 was
1112 3647 63 39 die
1205 3660 29 27 s,
1263 3661 35 38 g.
1328 3650 193 40 Fantaisie
1561 3653 95 39 oder
1689 3654 67 39 Pot-

361 3708 137 52 pourri
542 3708 100 38 über
895 3708 144 40 betrifft
1070 3730 58 25 —,
1159 3709 107 39 eines
1300 3709 254 52 Vieuxtemps
1593 3713 185 42 wahrlich

362 3768 109 39 nicht
501 3768 174 51 würdig;
704 3769 130 39 ferner
863 3770 61 39 die
954 3771 144 39 Sonate
1127 3771 39 39 in
1196 3773 54 34 Es
1278 3772 70 38 mit
1373 3772 158 40 Violine
1561 3786 73 27 von
1664 3775 92 39 Beet-

362 3829 143 47 hoven,
535 3830 149 39 welche
714 3830 74 39 viel
816 3842 47 27 zu
893 3831 125 51 hastig
1047 3833 80 38 und
1157 3833 119 39 falsch
1297 3833 214 39 accentuirt
1523 3841 255 46 vorgetragen

364 3890 157 47 würde;
548 3891 155 39 endlich
735 3895 118 35 etwas
882 3892 322 51 mitlelmässigen
1234 3893 158 51 Gesang
1420 3894 80 38 und
1532 3895 147 51 einiges
1707 3909 46 37 gu-

364 3956 56 33 tes
451 3949 252 52 Clavierspiel
732 3964 76 26 von
838 3953 90 38 dem
952 3953 150 50 jungen
1131 3953 181 47 Ritter,
1354 3955 89 38 dem
1488 3954 70 39 wir
1595 3955 183 40 indessen

367 4012 62 38 die
446 4012 109 50 Fuge
578 4024 74 28 von
673 4012 107 40 Bach
809 4013 40 39 in
881 4012 127 40 einem
1037 4015 207 49 breiteren,
1274 4015 155 40 minder
1446 4016 162 39 raschen
1626 4017 152 51 Tempo

366 4084 45 27 zu
442 4073 147 50 spielan
619 4074 221 50 empfehlen

1878 271 41 39 C.
1949 272 199 40 Reinecke
2177 272 79 40 und
2287 273 73 39 den
2392 274 162 46 „frohen
2949 289 74 28 von
3047 278 281 41 Mendelssohn
3353 281 71 39 mit

1875 331 138 40 Beifall
2043 345 80 29 vor.

1954 456 73 24 ***
2055 461 209 44 Arfurt,
2297 459 59 39 16.
2387 459 84 44 Oct,
2525 461 131 39 Ueber
2695 460 63 39 die
2787 461 169 51 gestrige
2986 463 254 52 Aufführung
3270 477 76 26 von
3376 465 43 38 C.

1877 517 259 40 Reinthaler's
2161 520 224 39 Oratorium
2414 521 166 50 „Jephta
2608 523 80 37 und
2719 522 107 40 seine
3074 524 103 40 kann
3205 526 63 38 ich
3297 527 125 38 Ihnen

1878 581 117 36 heute
2038 591 75 27 nur
2155 592 43 26 so
2238 580 73 40 viel
2354 581 219 48 schreiben,
2622 583 87 37 dass
2747 584 70 37 der
2845 585 183 50 Zudrang
3064 597 69 26 zur
3162 586 262 40 Billetnahme

1878 640 353 39 ausserordentlich
2261 653 110 38 gross
2401 654 79 26 war
2522 643 81 37 und
2647 644 62 38 die
2746 645 242 50 Meldungen
3031 658 45 26 zu
3106 646 318 41 Eintrittskarten

1878 699 63 38 die
1970 701 94 37 Zahl
2094 712 74 27 von
2198 701 104 39 2000
2335 702 89 38 weit
2452 702 208 50 überstieg.
2716 705 58 36 Da
2812 705 68 38 das
2910 705 170 39 Thealer
3117 707 107 38 nicht
3253 719 41 27 so
3325 709 98 38 viele

1878 759 216 39 Menschen
2124 761 91 38 fasst
2243 762 81 38 und
2353 762 62 38 die
2439 762 268 51 Composition
2739 765 79 37 und
2839 766 255 49 Aufführung
3123 767 299 40 enthusiastisch

1878 821 302 49 aufgenommen
2210 824 148 44 wurde,
2403 835 42 27 so
2476 829 146 34 musste
2652 825 87 39 eine
2769 827 317 50 Wiederholung
3115 834 183 45 zugesagt
3328 842 72 26 wer-

1877 881 89 46 den,
1996 883 148 39 welche
2173 884 117 38 heute
2320 885 163 38 Abends
2514 885 95 39 Statt
2638 886 133 39 finden
2803 888 109 38 wird.
2969 889 71 38 Die
3068 889 236 51 Haupt-Soli
3335 901 66 27 san-

1876 954 73 38 gen
1981 943 105 38 Herr
2112 945 55 38 M.
2200 945 376 40 DuMont-Fier
2605 958 68 26 aus
2703 948 104 37 Köln
2851 948 76 38 und
2961 949 129 39 Fräul.
3119 950 121 50 Aug.
3278 950 117 39 Bren-

1876 1002 92 39 ken
2000 1015 68 27 aus
2097 1004 122 39 Soest.
2274 1006 166 49 Morgen
2473 1006 125 39 mehr.

1952 1143 355 40 Anekdote/In
2337 1145 70 38 der
2433 1139 140 44 letzten
2603 1146 193 39 londoner
2824 1147 138 40 Saison
2992 1150 137 38 erhielt
3160 1150 63 39 ein
3253 1151 87 39 dort
3367 1152 37 39 le-

1875 1206 149 38 bender
2053 1206 80 37 und
2165 1205 90 39 sehr
2284 1206 242 50 geschätzter
2556 1206 207 40 deutscher
2781 1208 360 42 Clavier-Virluose
3171 1215 76 37 den
3269 1213 153 39 Besuch

1876 1267 106 38 eines
2012 1268 227 49 englischen
2270 1267 252 48 Geistlichen,
2551 1268 69 39 der
2647 1270 194 48 ungefähr
2869 1271 39 39 in
2939 1272 76 38 den
3044 1274 188 50 vierziger
3254 1275 144 39 Lebens-

1870 1328 140 49 jahren
2043 1329 136 38 stehen
2208 1329 167 39 mochte.
2433 1329 73 39 Die
2535 1329 169 39 Absicht
2746 1331 67 38 des
2843 1331 221 41 Besuchers
3096 1347 92 33 war,
3236 1335 80 39 sich
3347 1336 76 39 den

1876 1388 223 40 Unterricht
2127 1389 69 38 des
2226 1390 207 37 Künstlers
2463 1401 47 26 zu
2539 1391 180 38 erbitten.
2774 1391 109 39 Nach
2924 1393 182 50 erfolgter
3134 1395 289 51 Erkundigung

1877 1449 67 38 des
1977 1449 200 39 Letzteren
2215 1451 99 38 über
2356 1451 143 38 bereits
2542 1453 173 49 erlangte
2745 1453 255 50 Fähigkeiten
3029 1455 186 50 händigte
3243 1456 82 39 ihm
3355 1457 70 38 der

1876 1510 202 50 geistliche
2096 1512 105 38 Herr
2229 1512 63 38 ein
2321 1512 144 50 Papier
2493 1513 75 46 ein,
2599 1514 70 37 auf
2691 1514 90 38 dem
2814 1527 41 27 er
2883 1526 47 26 zu
2961 1515 206 39 leichterer
3196 1516 227 39 Uebersicht

1876 1573 67 38 des
1973 1573 167 38 Lehrers
2170 1573 68 38 das
2266 1573 40 38 in
2335 1575 149 38 seinem
2514 1575 131 49 Spiele
2673 1575 277 48 Mangelhafte,
2996 1576 176 50 zugleich
3214 1578 97 38 auch
3341 1579 56 37 An-

1875 1634 134 50 fragen
2038 1634 99 38 über
2166 1634 140 38 dessen
2333 1634 188 48 Abhülfe,
2565 1635 293 51 aufgezeichnet
2897 1636 127 40 haben
3056 1639 141 38 wollte.
3254 1640 79 38 Der
3360 1640 43 38 In-

1876 1695 80 39 halt
1985 1695 119 38 lautet
2132 1695 215 48 getreulich
2372 1709 8 24 :

1943 1756 62 46 „1.
2036 1755 242 50 Mangelhaft
2306 1756 53 38 im
2389 1757 155 39 Triller.

1969 1816 36 39 2.
2034 1816 242 51 Mangelhaft
2304 1818 40 38 in
2373 1819 69 37 der
2472 1819 218 38 Execution
2721 1819 53 39 im
2805 1819 289 51 Allgemeinen.

1972 1879 36 37 3.
2037 1877 100 39 Sehr
2165 1879 238 51 mangelhaft
2431 1880 38 38 in
2500 1881 261 50 Ausführung
2791 1882 69 38 der
2890 1882 238 48 Tonleitern,
3156 1883 150 39 sowohl
3337 1883 60 40 dia-

2033 1938 152 39 tonisch
2214 1942 55 36 als
2299 1940 271 39 chromatisch.

1970 2001 37 38 4.
2037 2001 240 49 Mangelhaft
2304 2001 38 39 in
2373 2002 69 39 der
2469 2003 170 48 Egalität
2668 2003 67 38 des
2765 2003 235 50 Anschlags.

1971 2063 36 37 5.
2038 2062 157 39 Vierter
2224 2063 143 50 Finger
2396 2063 91 39 sehr
2514 2064 195 39 schwach.

1972 2124 36 37 6.
2037 2123 157 50 Mangel
2226 2135 48 27 an
2302 2123 199 50 liapidität
2529 2124 69 39 der
2629 2125 157 50 Finger.

1973 2185 36 38 7.
2038 2185 393 40 Ausserordentliche
2461 2186 284 51 Befangenheit
2773 2189 52 37 im
2857 2187 251 42 öffentlichen
3141 2190 204 54 Vortrage.

2139 2246 218 51 Anfragen.

1975 2309 33 37 1.
2042 2308 164 42 Welche
2233 2308 171 51 Gattung
2432 2310 131 39 Musik
2593 2311 71 38 soll
2695 2311 60 38 ich
2787 2312 135 39 üben?

1972 2369 25 38 2
2041 2369 89 39 Wie
2147 2370 72 38 viel
2237 2370 175 38 Stunden
2429 2371 168 53 Uebung
2615 2374 82 48 (per
2713 2372 95 51 Tag)
2831 2375 155 37 werden
3004 2375 255 51 nothwendig
3283 2377 82 38 sein

1958 2431 80 40 Der
2069 2431 222 38 Unterricht
2319 2431 135 38 wurde
2483 2432 299 50 abgeschlagen,
2826 2434 132 38 indem
2988 2436 69 37 der
3086 2437 187 39 Künstler
3302 2438 122 39 schon

1881 2491 181 39 mehrere
2093 2491 203 39 Versuche
2337 2492 70 38 mit
2433 2493 121 38 derlei
2593 2494 229 49 englischen
2852 2495 230 50 Originalen
3111 2498 180 49 gemacht
3320 2499 104 39 hatte

1881 2553 81 38 und
2006 2552 192 40 demnach
2241 2558 155 42 wusste,
2441 2554 87 38 dass
2571 2554 70 38 mit
2682 2554 119 39 ihnen
2833 2556 38 38 in
2904 2556 135 40 keiner
3075 2559 132 39 Weise
3236 2559 112 51 fertig
3377 2573 47 25 zu

1881 2613 158 40 werden
2079 2613 60 47 ist,
2181 2614 111 38 theils
2337 2626 67 26 aus
2433 2614 158 50 Mangel
2635 2627 46 26 an
2713 2617 150 46 Talent,
2914 2617 112 39 theils
3055 2630 68 27 aus
3153 2620 271 40 Zweifelsucht

1880 2674 81 38 und
1991 2674 127 39 einem
2149 2676 258 38 Uebermaass
2437 2687 74 27 von
2541 2676 261 39 Selbstkritik.

2064 3566 109 34 ©ie
2203 3567 532 36 liederrlreißische
2762 3570 457 44 Musik-^eitun^

1872 3624 197 35 erscheint
2090 3624 118 47 jeden
2236 3625 182 49 Samstag
2455 3629 42 33 in
2534 3629 127 34 einem
2696 3641 154 35 ganzen
2887 3629 135 46 Bogen
3064 3629 70 35 mit
3174 3631 249 46 zwanglosen

1873 3675 199 48 Beilagen.
2158 3679 78 34 Der
2263 3679 399 48 Abonnementspreis
2679 3681 160 46 beträgt
2854 3683 64 32 für
2940 3681 70 35 das
3032 3681 198 46 Halbjahr
3261 3687 18 31 2
3303 3683 122 45 Thlr.,

1872 3727 65 36 bei
1961 3728 73 35 den
2062 3729 48 34 K.
2129 3741 150 34 preuss.
2297 3731 328 36 Post-Anstalten
2655 3736 19 31 2
2693 3732 107 36 Thlr.
2819 3734 21 33 5
2866 3732 85 47 Sgr.
2978 3734 97 34 Eine
3104 3735 181 35 einzelne
3301 3735 91 35 Num-

1873 3791 82 24 mer
1983 3784 24 31 4
2037 3781 86 47 Sgr.
2151 3782 513 49 Einrückurigs-Gebühren
2690 3796 70 34 per
2786 3785 206 36 Petitzeile
3022 3789 19 32 2
3073 3785 87 47 Sgr.

1924 3833 127 35 Briefe
2077 3834 81 34 und
2184 3835 289 48 Zusendungen
2502 3836 98 35 aller
2636 3835 75 36 Art
2736 3836 156 35 werden
2916 3843 116 30 unter
3065 3838 69 35 der
3160 3838 169 37 Adresse
3357 3840 69 36 der

1871 3885 54 36 M.
1951 3886 563 49 DuMont-Schauberg'schen
2541 3886 321 49 Buchhandlung
2895 3890 42 34 in
2964 3890 104 35 Köln
3096 3890 172 37 erbeten.

1989 3971 371 43 Verantwortlicher
2387 3976 301 50 Herausgeber:
2723 3976 106 39 Prof.
2856 3977 45 39 L.
2928 3975 181 41 Bischoff
3130 3977 41 38 in
3200 3979 120 38 Köln.

1942 4024 209 51 Verleger:
2178 4027 55 40 M.
2263 4027 529 51 DuMont-Schauberg'sche
2821 4029 317 51 Buchhandlung
3166 4029 41 39 in
3235 4031 118 37 Köln.

1908 4077 199 39 Drucker:
2135 4078 54 40 M.
2219 4080 428 49 DuMont-Schauberg
2676 4082 40 37 in
2745 4082 119 47 Köln,
2894 4081 250 40 Breitstrasse
3175 4082 48 39 76
3254 4092 22 26 u
3320 4082 59 39 78.

2347 2895 603 59 liikihHliguiigcn.

1961 3045 49 34 So
2039 3043 86 36 eben
2152 3045 47 34 ist
2226 3044 236 35 erschienen:

1879 3107 209 42 Siefoer,
2248 3104 292 51 Vollständiges
2572 3105 206 40 Lehrbuch
2809 3107 71 39 der
2909 3108 295 51 Gesangskunst
3233 3111 62 38 für
3325 3112 101 39 Leh-

2034 3168 64 25 rer
2126 3157 77 36 und
2232 3156 166 39 Schüler
2426 3158 67 38 des
2523 3158 295 52 Sologesanges.
2847 3161 113 38 Erste
2988 3161 224 51 Lieferung.
3261 3165 14 36 1
3310 3165 109 38 Thlr.

1956 3216 235 48 Magdeburg.
2821 3225 488 36 Meinriehsliofen.

1924 3304 85 36 Alle
2031 3305 42 34 in
2103 3305 119 35 dieser
2245 3305 150 36 Musik-
2592 3309 278 48 besprochenen
2904 3311 81 34 und
3019 3312 292 46 angekündigten
3338 3314 90 35 Mu-

1868 3357 157 36 sicalien
2051 3364 69 28 elc.
2146 3358 87 34 sind
2258 3371 47 22 zu
2329 3360 171 35 erhalten
2524 3363 42 34 in
2593 3362 67 35 der
2684 3370 90 28 stets
2795 3363 230 47 vollständig
3056 3366 221 34 assortirten
3303 3365 124 36 Musi-

1871 3409 351 51 catiep-Handlung
2255 3412 102 35 nebst
2391 3412 238 38 Leihanstalt
2667 3428 73 22 von
2782 3414 293 37 BERNHARD
3120 3417 219 36 BREUER
3383 3420 39 34 in

1873 3463 141 42 Köln,
2042 3463 245 35 Hochstrasse
2313 3465 68 34 Nr.
2408 3465 65 36 97.
