2527 3268
544 372 143 33 Hindernis,
702 374 40 27 das
756 376 52 27 ihm
823 377 42 27 der
878 381 102 35 Mangel
997 383 153 27 technischer
1163 384 237 28 Vollkommenheit

543 412 22 32 je
576 411 52 26 und
641 415 22 32 je
674 413 122 33 bereitete,
808 427 29 16 zu
849 417 170 36 überwinden,
1030 422 123 27 nachdem
1165 433 25 16 er
1201 424 66 26 doch
1278 425 46 26 den
1336 427 63 25 weit

543 449 153 28 schwereren
707 454 96 37 Kampf
812 466 44 16 um
870 458 54 26 eine
934 458 129 39 gefestigte
1074 462 83 37 grofse
1167 463 231 38 Kunstauffassung

543 491 116 33 siegreich
674 491 212 37 durchgefochten
899 498 76 28 hatte.
1008 503 105 29 „Wenn
1130 511 22 17 es
1168 503 65 25 auch
1247 504 151 35 unmöglich

616 528 77 28 lautet
708 532 52 25 eine
774 533 133 30 Briefstelle
920 539 96 26 Marees
1031 550 43 16 aus
1089 542 76 25 dieser
1179 542 67 30 Zeit,
1268 542 72 30 „dafs
1356 543 41 26 ich

542 566 72 27 selbst
626 578 50 17 von
691 571 96 27 meinen
798 575 148 37 Leistungen
960 577 131 39 befriedigt
1102 581 51 25 sein
1164 580 106 30 könnte,
1284 591 28 16 so
1323 582 74 27 weifs

542 606 39 25 ich
596 607 78 32 doch,
689 609 54 27 dafs
756 612 33 25 sie
804 613 79 36 einige
898 617 189 35 Eigenschaften
1102 620 94 31 haben,
1215 620 40 26 die
1269 630 58 17 man
1342 631 42 17 ver-

540 645 98 34 geblich
653 647 39 27 bei
706 649 104 28 anderen
825 654 91 27 suchen
931 656 90 28 dürfte.
1042 660 55 25 Vor
1107 659 83 30 allem,
1204 659 54 26 dafs
1273 659 124 28 dieselben

541 693 38 16 ein
595 690 282 36 zusammenhängendes
892 696 82 25 Ganze
988 698 190 35 repräsentieren
1197 698 50 27 und
1262 699 54 26 eine
1330 701 65 25 Basis

541 724 92 31 bilden,
648 725 46 27 auf
705 727 42 26 der
758 730 51 26 sich
820 732 86 26 weiter
916 733 81 27 bauen
1008 736 63 27 läfst.
1093 739 64 24 Was
1172 738 33 26 sie
1215 747 31 17 zu
1257 739 138 25 wünschen

540 764 71 35 übrig
626 764 85 33 lassen,
729 767 30 27 ist
772 769 71 27 nicht
856 773 85 35 wenig
954 775 52 25 und
1022 775 125 28 vielleicht
1161 777 63 26 sieht
1239 786 23 17 es
1277 778 118 26 niemand

540 802 87 33 klarer,
643 804 34 26 als
692 806 40 26 ich
847 830 6 6 .
865 831 22 5 ..

595 843 78 26 Unter
688 845 45 26 den
748 848 156 37 Leistungen,
923 861 50 17 von
988 852 113 28 welchen
1116 856 95 25 Marees
1225 856 54 25 hier
1293 857 102 36 spricht,

536 880 54 26 sind
610 884 172 29 vornehmlich
803 888 39 25 die
859 891 120 26 Gemälde
999 902 30 16 zu
1048 894 141 30 verstehen,
1211 894 79 26 denen
1311 905 24 16 er
1355 896 40 25 die

536 920 271 42 Gesamtbezeichnung
1116 933 55 35 gab.
1207 935 85 25 Dieser
1310 936 84 25 Name

535 965 31 18 ist
579 968 66 18 zwar
656 963 70 25 nicht
737 963 126 36 glücklich
874 969 118 34 gewählt.
1014 972 95 25 Marees
1120 972 89 26 wollte
1220 973 92 35 gewifs
1323 974 71 26 nicht

535 1004 46 19 mit
599 998 45 27 den
659 1003 145 31 Gemälden,
820 1006 39 25 die
872 1016 24 16 er
910 1018 27 15 so
953 1008 129 32 benannte,
1097 1011 53 25 eine
1163 1012 160 36 Darstellung
1337 1023 38 24 my-

535 1035 168 38 thologischer
969 1048 131 33 Jedenfalls
1124 1061 54 15 war
1201 1061 23 16 er
1246 1061 31 16 zu
1296 1051 43 27 der
1356 1062 25 16 er-

533 1076 119 27 wähnten
666 1080 171 38 Bezeichnung
849 1094 47 16 nur
916 1085 165 36 gekommen,
1102 1090 60 25 weil
1184 1100 24 16 er
1229 1089 48 27 auf
1295 1091 98 35 einigen

535 1114 42 25 der
596 1124 26 17 in
641 1117 64 27 diese
720 1121 78 25 Reihe
815 1123 134 37 gehörigen
965 1126 82 26 Bilder
1065 1128 42 26 das
1122 1129 85 26 Motiv
1221 1129 41 26 des
1277 1131 99 34 Orange-

534 1153 124 34 pflückens
670 1158 148 27 wiederholt
833 1165 164 32 angewendet
1011 1166 52 26 hat.
1090 1167 47 25 Die
1147 1168 81 26 Wahl
1243 1168 74 27 dieses
1329 1171 42 24 Mo-

534 1197 45 20 tivs
594 1192 100 29 beruhte
710 1197 56 25 aber
782 1198 151 40 keineswegs
949 1202 47 27 auf
1007 1206 64 25 einer
1085 1206 150 36 Inspiration
1249 1217 50 16 von
1315 1208 75 25 Seiten

534 1231 39 24 der
585 1233 180 29 Homerischen
780 1239 140 37 Dichtung,
939 1243 107 26 sondern
1059 1244 80 36 einzig
1154 1244 47 28 auf
1212 1247 122 25 Gründen
1348 1246 42 26 der

533 1270 177 36 Komposition
731 1277 51 25 und
804 1277 42 27 der
866 1280 136 37 Stellungs-
1025 1283 49 26 und
1097 1285 226 26 Formenvariation
1346 1286 42 25 der

533 1310 122 27 einzelnen
667 1313 147 37 Aktfiguren
825 1319 156 28 zueinander.
1003 1323 85 25 Wenn
1099 1333 58 16 man
1172 1322 41 27 für
1224 1324 82 26 diesen
1317 1326 70 24 Kreis

531 1348 171 30 Marees'scher
723 1355 180 38 Schöpfungen
924 1360 64 26 eines
1007 1361 77 27 Titels
1104 1362 70 26 nicht
1196 1370 110 20 entraten
1321 1364 66 30 will,

533 1394 27 16 so
581 1390 87 25 würde
689 1401 59 17 man
769 1394 32 26 sie
822 1397 46 24 mit
885 1399 102 26 Muther
1004 1400 126 26 vielleicht
1150 1401 79 27 besser
1242 1403 145 31 „Goldenes

678 1430 134 30 benennen.
842 1437 48 24 Das
901 1437 153 28 Treffendste
1066 1439 58 26 aber
1134 1441 96 26 scheint
1245 1443 55 30 mir,
1316 1442 57 25 über-

531 1465 76 36 haupt
623 1468 53 34 jede
694 1471 169 38 Bezeichnung
879 1476 52 26 hier
945 1477 74 37 ruhig
1032 1479 177 35 wegzulassen.
1241 1482 90 25 Nichts
1345 1481 42 35 lag

529 1504 94 27 Marees
649 1506 39 27 bei
710 1509 81 28 diesen
811 1513 114 28 Werken
948 1517 77 25 seiner
1049 1517 88 26 letzten
1158 1518 229 35 Schaffensperiode

529 1543 87 31 ferner,
631 1546 35 25 als
681 1553 77 22 etwas
773 1552 112 26 erzählen
900 1554 59 26 oder
974 1556 121 26 schildern
1109 1567 31 15 zu
1154 1559 104 27 wollen.
1283 1561 104 23 Formen

525 1583 87 26 wollte
622 1594 32 21 er,
666 1587 71 26 einen

528 1619 137 38 adäquaten
673 1624 52 27 bild-

524 1660 127 28 nerischen
672 1666 48 24 Aus-

525 1696 78 29 druck
622 1700 41 27 für
684 1704 53 26 eine

557 1736 143 37 allgemeine

543 1773 175 34 künstlerische

562 1816 125 28 Naturauf-

525 1850 100 40 fassung
647 1857 89 35 geben;

525 1889 40 27 das
593 1903 53 17 war
672 1898 64 25 seine

524 1928 148 32 tiefinnerste
685 1936 35 25 Ab-

525 1968 69 28 sicht.
630 1973 105 28 Deshalb

525 2007 77 26 stellte
636 2021 23 16 er
690 2013 46 27 den

524 2046 113 32 nackten,
665 2050 57 28 eben-

524 2085 212 37 mäfsiggebauten

522 2123 136 30 Menschen
711 2131 25 25 in

524 2160 46 27 den
575 2166 148 28 verschieden-

525 2205 66 26 sten,
624 2205 112 37 ruhigen,

525 2238 49 26 auf
608 2242 39 26 die
685 2247 40 25 ein-

525 2275 94 30 fachste
625 2282 45 25 Art
680 2293 38 16 mo-

526 2314 111 30 tivierten
667 2323 59 25 Stell-

527 2362 81 27 ungen
635 2359 50 26 und
712 2363 25 24 in

526 2391 42 26 der
587 2394 150 31 einfachsten

527 2431 136 39 Beziehung
709 2448 11 15 z
722 2449 16 15 U

526 2468 42 26 der
603 2472 44 25 ihn
682 2485 38 17 um-

528 2507 211 33 gebendenNatur

527 2545 52 30 dar,
603 2548 26 25 in
652 2551 39 26 die
715 2563 24 16 er

528 2586 119 26 zuweilen
677 2593 62 24 auch

529 2620 41 26 das
606 2626 63 25 Rofs
706 2630 33 26 als

529 2659 116 36 Begleiter
700 2667 40 27 des

1478 389 105 25 Mannes
1605 387 130 27 aufnahm.
1774 388 46 25 Die
1839 388 67 26 reine
1924 388 91 26 Freude
2034 398 31 16 an
2085 388 56 26 dem
2157 384 175 39 gegenseitigen

1478 426 132 27 Ausdruck
1629 427 42 26 der
1690 429 104 24 Formen
1809 426 50 27 und
1880 426 233 27 Formverhältnisse
2127 437 55 16 war
2196 426 51 25 hier
2261 421 56 27 mals-

1478 465 103 37 gebend.
1601 465 62 27 Dafs
1677 466 65 26 diese
1756 465 179 38 Schöpfungen
1950 465 121 27 trotzdem
2085 482 33 4 —
2131 465 148 35 wenigstens
2294 460 39 23 der

1477 505 97 36 Anlage
1588 505 65 26 nach
1671 521 30 4 —
1723 504 47 27 den
1785 504 127 27 Eindruck
1927 505 163 36 vollgültiger
2103 502 167 29 Kunstwerke
2284 498 48 26 und

1477 545 69 25 nicht
1566 551 66 19 etwa
1652 545 45 25 den
1715 554 52 16 von
1783 554 76 16 wenn
1875 545 64 25 auch
1953 545 67 25 noch
2040 554 28 16 so
2082 543 176 37 vorzüglichen
2272 539 46 26 Akt-

1477 583 98 26 studien
1596 582 177 32 hervorrufen,
1794 583 61 36 liegt
1881 593 31 16 an
1935 583 42 26 der
1997 584 26 25 in
2045 584 52 25 sich
2118 581 214 38 abgeschlossenen

1476 623 190 35 Komposition,
1682 622 38 26 die
1736 623 39 25 die
1794 622 131 26 Mehrzahl
1946 623 78 24 seiner
2046 622 120 25 Gemälde
2185 622 76 25 dieser
2281 617 51 25 Zeit

1477 662 156 25 auszeichnet
1656 662 54 25 und
1731 661 75 26 ihnen
1834 662 113 35 zugleich
1976 661 81 26 durch
2084 661 40 25 ihr
2150 657 181 29 konstruktives

1475 700 113 26 Element
1614 700 52 26 und
1686 701 78 25 durch
1789 701 39 25 die
1852 702 73 25 Ruhe
1950 700 41 26 der
2012 701 104 35 Figuren
2136 698 108 27 vielfach
2265 699 67 22 einen

1475 740 206 25 monumentalen
1699 739 136 26 Charakter
1849 740 111 26 verleiht.

1533 780 77 24 Hatte
1617 780 96 24 Marees
1724 778 41 27 für
1776 779 39 26 die
1826 780 88 25 letzten
1925 779 72 33 Jahre
2008 779 76 25 seines
2092 777 93 26 Lebens
2196 777 54 25 eine
2261 772 71 27 Höhe

1475 818 42 25 der
1531 816 232 37 Kunstauffassung
1782 818 168 30 erklommen,
1972 819 54 24 eine
2041 817 89 26 Grüfse
2150 817 41 25 des
2206 813 88 28 Wurfs
2307 816 24 17 in

1474 857 83 25 seinen
1577 857 138 26 Gemälden
1734 856 140 32 offenbart,
1899 857 38 26 die
1957 857 45 25 ihn
2022 856 136 36 berechtigt
2179 857 80 26 hätte,
2283 850 48 25 sich

1474 896 48 25 den
1542 896 153 36 gewaltigen
1713 896 116 26 Bildnern
1840 906 168 26 vergangener
2021 896 86 25 Zeiten
2125 894 158 27 anzureihen,
2305 893 26 19 so

1474 934 65 27 blieb
1561 934 53 27 ihm
1634 935 67 26 doch
1720 935 54 26 eine
1788 934 138 31 Schranke,
1950 935 40 25 die
2007 934 76 27 fallen
2102 934 103 29 mufste,
2229 940 44 17 um
2290 929 41 23 ihn

1473 973 121 27 wirklich
1609 973 48 27 auf
1666 974 105 26 dieselbe
1787 973 68 27 Stufe
1870 975 46 26 mit
1930 976 71 33 jenen
2015 984 30 16 zu
2059 973 119 29 erheben,
2192 970 63 28 auch
2270 968 62 25 beim

1473 1012 88 27 letzten
1576 1012 271 37 hoffnungsfreudigen
1859 1012 99 27 Anlauf
1968 1012 232 27 unüberwindlich:
2216 1010 63 26 seine
2292 1006 26 24 be-

1472 1052 56 26 reits
1544 1052 146 26 erwähnten
1702 1053 159 25 technischen
1872 1053 111 35 Mängel.
2008 1052 75 26 Nach
2097 1052 76 25 Seiten
2187 1050 42 26 der
2243 1045 76 28 techni-

1472 1091 76 26 schen
1561 1092 198 36 Ausgestaltung
1776 1091 42 26 der
1831 1092 122 26 Gemälde
1967 1091 80 26 stellte
2061 1100 35 22 er,
2118 1090 50 27 wie
2183 1085 103 30 überall,
2301 1089 29 18 an

1472 1130 53 25 sich
1546 1130 39 26 die
1604 1130 213 36 weitgehendsten
1836 1130 217 36 Anforderungen.
2091 1131 32 24 Er
2138 1128 125 35 verlangte
2279 1128 48 21 von

1470 1170 82 24 einem
1572 1169 127 26 Bildwerk
1718 1170 42 26 das
1779 1171 106 25 höchste
1901 1169 67 27 Mafs
1988 1179 29 15 zu
2035 1167 169 27 erreichender
2217 1166 109 26 Illusion,

1470 1208 71 25 nicht
1555 1209 36 24 im
1606 1209 74 25 Sinne
1695 1208 42 26 der
1750 1210 217 25 naturalistischen
1981 1208 275 32 Naturnachahmung,
2271 1208 42 19 son-

1469 1247 59 25 dern
1543 1247 25 25 in
1584 1247 57 26 dem
1655 1248 42 25 der
1707 1248 106 26 Illusion
1828 1248 40 25 des
1882 1249 102 29 Lebens,
1998 1256 45 16 wo
2058 1246 61 31 „das
2130 1240 152 31 Kunstwerk
2296 1245 29 19 an

1467 1286 38 25 die
1521 1286 73 26 Stelle
1614 1287 42 26 der
1792 1288 65 29 tritt,
1881 1297 45 16 wo
1942 1287 67 30 „wir
2028 1285 142 30 aufhören,
2196 1284 38 26 die
2249 1281 77 26 Kunst

1467 1325 79 26 durch
1573 1326 40 25 die
1633 1327 83 25 Natur
1742 1327 73 25 sehen
1841 1336 29 16 zu
2047 1325 53 25 und
2121 1334 64 20 „uns
2210 1317 115 32 vielmehr

1467 1364 42 25 der
1520 1366 80 24 Kunst
1611 1365 178 31 unterwerfen,
1804 1365 79 27 damit
1898 1366 33 25 sie
1946 1375 45 17 uns
2007 1364 39 25 die
2055 1365 85 24 Natur
2150 1364 74 25 sehen
2235 1360 71 27 lehre.

1519 1403 61 26 Dafs
1596 1404 53 26 ihm
1664 1404 50 25 dies
1728 1405 71 26 nicht
1813 1405 116 36 gelingen
1943 1404 104 29 wollte,
2072 1402 119 37 empfand
2212 1410 25 16 er
2255 1397 69 27 selbst

1467 1442 35 26 als
1517 1442 42 25 das
1574 1443 121 35 tragische
1709 1442 179 37 Mifsgeschick
1903 1445 77 25 seines
1996 1442 100 26 Lebens.
2125 1443 90 24 Immer
2229 1440 94 25 erneute

1467 1480 147 26 riesenhafte
1625 1483 209 35 Anstrengungen
1848 1481 126 28 förderten
1982 1481 106 27 Gebilde
2102 1490 44 16 aus
2162 1481 56 25 dem
2229 1476 95 28 reichen

1467 1520 100 26 Schatze
1582 1520 78 26 seiner
1674 1521 130 26 Phantasie
1817 1531 30 16 zu
1861 1524 81 34 Tage,
1961 1520 52 27 und
2027 1520 103 26 beinahe
2145 1516 114 38 jedesmal
2273 1518 51 22 war

1467 1558 40 27 die
1528 1564 60 20 erste
1607 1559 181 27 zeichnerische
1807 1561 51 25 wie
1876 1560 94 37 farbige
1990 1559 97 35 Anlage
2102 1555 151 30 meisterhaft
2274 1553 49 25 und

2110 1598 88 36 gedieh
2229 1595 36 27 bis
2294 1596 29 20 zn

2110 1638 82 25 einem
2221 1630 101 32 Punkte,

2109 1686 45 16 wo
2181 1684 47 17 nur
2258 1668 64 30 noch

2110 1716 85 34 wenig
2230 1706 92 43 gefehlt

2109 1755 77 30 hätte,
2214 1761 43 17 um
2283 1746 38 27 ein

2109 1794 65 25 auch
2196 1784 125 34 technisch

2142 1830 149 28 vollendetes

2109 1868 152 29 Kunstwerk
2286 1872 24 17 er-

2108 1911 115 25 scheinen
2238 1916 29 17 zu
2282 1903 30 26 las-

2108 1960 49 15 sen.
2176 1951 49 23 Das
2237 1939 70 32 bewei-

2107 1999 43 16 sen
2167 1988 40 26 die
2227 1993 44 18 uns
2286 1988 24 17 er-

2107 2027 116 27 haltenen
2235 2019 71 31 Zeich-

2106 2076 101 26 nungen
2218 2061 51 29 und
2278 2067 28 18 an-

2106 2104 155 37 gefangenen
2275 2099 30 26 Ar-

2144 2145 83 25 beiten
2241 2147 41 19 zur

2105 2186 111 32 Genüge.
2254 2176 65 32 Ging

2105 2233 25 15 er
2144 2222 56 26 aber
2214 2220 64 26 dann
2289 2220 29 19 an

2105 2262 39 25 die
2153 2262 70 25 letzte
2231 2255 74 29 Ueber-

2105 2301 142 32 arbeitung,
2291 2298 26 18 so

2105 2340 82 25 leitete
2202 2338 43 25 ihn
2263 2336 54 22 stets

2105 2380 65 24 seine
2205 2376 38 26 nie
2277 2380 14 26 g
2293 2378 11 15 e

2105 2422 118 31 nügsame
2230 2410 74 30 Selbst-

2105 2456 78 27 kritik
2240 2450 76 28 derart

2104 2497 60 30 irre,
2183 2491 53 29 dafs
2254 2487 62 38 jeder

2103 2535 102 26 weitere
2226 2524 77 33 Pinsel-

2103 2574 75 26 strich
2188 2570 69 28 mehr
2265 2572 38 19 ver-

2103 2612 69 30 darb,
2187 2610 34 27 als
2235 2617 24 17 er
2272 2606 42 33 gut

2104 2652 103 26 machen
2238 2643 76 30 sollte.

2104 2694 30 23 Er
2149 2690 75 37 geriet
2238 2687 23 24 in
2277 2680 37 26 ein

1497 2880 0 0 116
