2527 3268
519 1566 250 48 DETLEV
803 1560 300 52 FREIHERR
1136 1554 140 49 VON
1311 1544 385 53 LILIENCRON

486 1925 9 40 ■
506 1926 30 25 ist
553 1929 57 32 jetzt
628 1927 212 38 fünfundfünfzig
856 1929 71 33 Jahre
941 1927 42 27 alt.
1016 1925 59 27 Und

491 1972 58 18 man
573 1966 78 27 kennt
670 1968 83 25 seinen
772 1970 115 28 Namen,
912 1977 27 16 so
955 1966 61 27 weit
1036 1965 39 25 die

491 2001 117 29 deutsche
636 2007 87 34 Zunge
753 2005 92 37 klingt.
885 2006 46 26 Die
956 2007 120 33 jüngeren

491 2041 134 28 Litteraten
645 2044 59 26 aller
718 2046 110 25 Parteien
846 2045 117 26 verehren
982 2043 43 27 ihn
1042 2042 34 27 als

491 2078 66 27 eines
578 2082 42 25 der
643 2083 237 37 hervorragendsten
905 2083 101 27 Talente
1035 2081 42 27 der

492 2119 160 34 Gegenwart,
666 2122 53 25 und
734 2123 64 25 auch
812 2122 39 26 die
975 2121 102 27 können

486 2154 61 27 'ihm
569 2158 49 26 den
640 2160 138 27 Ehrentitel
801 2162 65 25 eines
891 2164 92 23 Poeten
1007 2159 70 27 nicht

492 2194 70 26 mehr
580 2196 156 35 absprechen.
763 2200 82 26 Dabei
863 2199 105 27 schreibt
988 2209 24 16 er
1031 2204 46 21 erst

226 2240 120 40 Dennoch
417 2228 23 47 J
442 2229 74 28 allren
542 2249 34 4 —
602 2239 40 22 ein
671 2240 168 24 ausnehmend
865 2242 96 23 rascher
981 2242 96 31 Errolg.

226 2286 26 18 so
270 2283 78 34 leiden
376 2298 14 19 k
409 2300 13 17 f
431 2277 54 40 r™
486 2278 7 16 1
507 2280 12 15 C
522 2280 7 16 '
530 2281 17 15 n
560 2272 130 29 deutscher
700 2276 103 27 Dichter
817 2278 52 25 sich
883 2288 28 16 so
925 2277 86 36 häufig
1026 2276 51 27 und

226 2314 15 20 k
243 2319 39 28 ekl
284 2334 13 16 a
298 2336 16 21 g
316 2335 10 19 t
339 2335 33 17 »■
403 2341 9 16 i
423 2340 5 5 •
432 2340 16 17 v
500 2308 60 27 Über
578 2312 39 25 die
631 2314 88 26 Gleich
722 2315 134 37 gültigkeit
874 2317 41 26 des
933 2317 144 25 Publikums

226 2356 22 24 G
250 2360 97 34 «dichtb
348 2380 13 17 a
366 2343 9 17 1
381 2374 15 24 d
508 2356 35 17 011
545 2368 6 6 *
578 2351 29 24 In
620 2351 59 27 dem
692 2355 107 25 zweiten
801 2375 6 11 '
820 2355 91 26 dritten
924 2356 52 25 und
986 2356 91 25 vierten

226 2394 52 30 eine
398 2386 25 22 *'
446 2419 5 4 ■
543 2386 87 28 heraus
632 2400 15 25 g
650 2391 29 25 ab
684 2411 7 10 >
711 2393 72 35 spielt
802 2394 43 26 der
862 2396 137 25 verachtete
1020 2396 57 23 Poet

359 2451 19 22 E
417 2426 28 47 Z
508 2432 29 25 &
561 2427 74 25 Rolle
659 2430 37 25 wi
698 2441 12 15 e
734 2432 66 26 seine
828 2433 91 26 andern
944 2433 120 35 Lieblings-

226 2468 43 30 hat
282 2482 52 26 «eh
348 2486 30 25 da
469 2460 60 35 lagd
531 2481 7 10 '
553 2464 76 37 Krkg
649 2468 53 26 und
717 2470 56 26 Tod
776 2490 5 6 -
810 2473 52 24 Erst
882 2473 35 24 im
931 2493 9 11 -
944 2474 15 23 p
961 2482 51 25 °gg
1014 2470 52 27 fred

227 2515 16 17 n
246 2519 14 16 °
263 2523 12 15 e
276 2514 17 26 h
307 2529 30 18 an
348 2526 20 22 ei
380 2499 10 15 *
472 2507 9 14 S
497 2501 108 34 gegeben
607 2523 7 10 >
629 2505 40 25 die
683 2517 59 25 paar
752 2510 192 31 Maulschellen,
959 2511 39 25 die
1013 2520 25 16 er
1049 2510 28 26 da

285 2556 48 28 Der
360 2565 104 22 Str
474 2573 5 5 •
489 2537 85 28 rUlker
588 2549 54 19 aust
644 2544 49 30 eile,
705 2546 54 26 sind
774 2547 74 27 dafür
858 2559 44 16 um
913 2559 27 16 so
953 2548 124 36 kräftiger.

228 2584 91 36 Volkes
360 2578 89 44 W??
543 2579 51 25 Und
622 2580 39 26 die
689 2586 275 37 Geschmacklosigkeit
983 2597 94 17 unseres

229 2627 98 31 gehabt!
348 2648 39 15 WP
390 2642 5 16 i
414 2645 12 13 l
484 2651 7 5 -
491 2651 15 12 r
498 2615 115 28 Künstler
633 2619 68 27 hätte
720 2624 41 25 nic
762 2631 28 19 nt
810 2625 117 27 darunter
948 2637 29 15 zu
998 2627 79 25 leiden

375 2652 95 21 eicnem
484 2652 141 37 Tüchtigen
640 2660 88 25 wurde
741 2664 22 31 je
778 2663 39 26 ein
832 2663 85 27 früher
931 2664 98 37 Erfolg!
1049 2667 28 24 Er

1715 1645 97 23 Toasr.

1506 1687 54 23 Auf
1569 1686 36 23 das
1617 1684 116 24 Wohlsein
1746 1684 40 22 der
1798 1684 93 27 Poeten,

1507 1720 42 22 Die
1562 1718 62 23 nicht
1636 1718 105 22 schillern
1752 1716 49 23 und
1814 1716 65 23 nicht
1894 1716 106 30 goethen,

1508 1751 79 23 Durch
1601 1751 36 22 die
1649 1750 61 22 Welt
1724 1749 24 22 in
1759 1750 58 21 Lust
1829 1748 48 23 und
1890 1748 96 24 Nöthen

1508 1784 96 31 Segelnd
1616 1782 67 24 frisch
1696 1781 42 23 auf
1748 1781 83 30 eignen
1842 1782 81 21 Böten.

1814 1819 156 23 Eichendorff.

1153 1923 30 26 ist
1196 1923 55 33 jetzt
1264 1913 214 36 fünfundfünfzig.
1502 1912 64 26 Was
1579 1910 57 26 will
1649 1918 25 16 er
1687 1908 65 26 denn
1766 1907 148 37 eigentlich?
1929 1910 71 25 Ganz

1152 1955 224 40 Jungdeutschland
1389 1953 96 36 jauchzt
1499 1950 53 26 ihm
1566 1948 43 27 zu!

1212 1999 61 26 Nun
1293 1999 35 32 ja,
1352 1994 43 27 seit
1419 1998 93 29 gestern
1533 1988 59 27 oder
1613 1993 148 29 vorgestern.
1789 1987 30 24 Es
1839 1986 31 25 ist
1888 1986 117 27 dennoch

1153 2038 86 27 wahr:
1260 2035 140 26 Liliencron
1414 2032 42 25 hat
1470 2039 23 16 es
1507 2028 96 26 schwer
1621 2025 102 36 gehabt;
1740 2024 52 26 und
1808 2024 41 27 das
1863 2026 142 34 Traurigste

1154 2087 62 20 war,
1231 2074 52 28 dafs
1298 2083 25 16 er
1336 2071 69 28 nicht
1419 2077 65 18 etwa
1498 2068 81 25 hinter
1593 2064 210 37 gleichwertigen,
1818 2063 187 36 glücklicheren

1155 2115 133 28 Künstlern
1306 2108 176 30 zurückstand,
1502 2105 105 27 sondern
1624 2104 56 33 Jahr
1698 2102 41 26 für
1754 2104 56 32 Jahr
1824 2103 39 26 die
1878 2105 112 32 „jämmer-

1155 2156 85 25 lichste
1378 2147 46 28 auf
1432 2147 57 25 dem
1500 2143 175 27 litterarischen
1686 2141 99 27 Markte
1799 2142 142 26 erscheinen
1952 2143 54 26 und

1156 2192 84 29 rasend
1251 2192 89 26 Absatz
1350 2187 83 28 finden
1443 2186 51 26 sah.
1514 2182 80 27 Nicht
1605 2181 92 27 einmal
1708 2181 41 25 der
1759 2180 118 27 deutsche
1889 2180 117 27 Offizier-

1156 2232 51 27 und
1223 2226 199 32 Soldatenstand,
1443 2224 46 26 den
1507 2232 25 16 er
1549 2220 158 28 verherrlicht
1725 2220 43 26 hat
1782 2220 50 26 wie
1847 2220 100 29 Keiner,
1961 2220 45 27 hat

1157 2273 51 25 sich
1226 2280 44 16 um
1288 2269 42 25 ihn
1347 2265 167 37 gekümmert,
1532 2260 105 26 sondern
1654 2259 72 26 nährt
1744 2259 53 25 sich
1814 2259 37 25 bis
1866 2259 74 26 heute
1954 2269 53 17 von

1157 2309 152 38 gehaltlosen
1334 2302 221 29 Hackländereien.
1594 2300 88 25 Wenn
1705 2298 144 26 Liliencron
1873 2300 57 33 jetzt
1954 2299 53 26 sein

1157 2351 104 27 kleines,
1276 2347 55 27 aber
1349 2341 211 29 weitverbreitetes
1574 2337 52 27 und
1642 2336 298 37 begeisterungfreudiges
1958 2339 34 24 Pu-

1157 2389 98 27 blikum
1269 2387 54 29 hat,
1337 2394 27 16 so
1378 2383 31 25 ist
1423 2381 75 27 daran
1511 2388 57 17 zum
1581 2376 100 37 grofsen
1694 2376 56 26 Teil
1764 2375 39 27 die
1818 2375 125 27 lärmende
1958 2379 34 23 Re-

1157 2429 83 26 klame
1257 2424 96 30 schuld,
1367 2423 40 26 die
1421 2430 44 17 vor
1485 2419 40 27 ein
1544 2427 58 27 paar
1621 2415 87 35 Jahren
1729 2414 80 27 durch
1829 2415 40 26 die
1888 2415 120 26 moderne

1158 2463 186 31 Dichterschule
1367 2470 50 18 von
1439 2458 129 27 München
1592 2465 41 17 aus
1654 2453 40 27 für
1717 2454 47 26 ihn
1783 2454 27 26 in
1830 2456 73 24 Szene
1918 2461 90 29 gesetzt

1157 2506 96 28 wurde.
1284 2502 87 29 Dank,
1392 2502 64 24 Otto
1469 2496 90 36 Julius!

1216 2547 49 24 Der
1279 2541 143 34 „verkannte
1564 2534 55 28 aber
1633 2534 30 25 ist
1681 2532 152 26 inzwischen
1851 2532 71 26 nicht
1941 2539 67 20 etwa

1158 2585 159 34 verhungert,
1337 2579 105 27 sondern
1459 2575 73 37 grade
1549 2580 46 21 erst
1616 2582 29 16 zu
1663 2570 104 28 Kräften
1786 2570 160 37 gekommen.
1974 2573 34 25 So

1158 2624 84 35 wenig
1266 2620 110 38 poetisch
1402 2614 151 29 Wertvolles
1583 2613 26 26 in
1631 2614 70 32 jenen
1724 2611 161 35 Dichtungen
1908 2610 100 27 stecken

1158 2673 70 26 mag,
1252 2662 26 26 in
1299 2660 78 26 denen
1394 2656 140 27 Liliencron
1555 2653 83 26 seinen
1654 2650 113 27 Schmerz
1787 2649 53 27 und
1854 2650 80 26 Hohn
1948 2650 61 26 über

619 1364 60 10 ADOLF
691 1362 125 12 HILDEBRAND,
829 1357 119 14 BACCHISCHES
958 1356 63 12 RELIEF
1042 1350 134 21 (TERRAGOTTA)

1195 2860 0 0 95
