3091 4351
109 103 249 29 richterstatter?
394 103 78 29 Was
489 104 121 28 können
630 104 47 28 die
697 103 124 31 Richter
840 104 96 33 dafür,
954 102 59 30 daß

108 154 48 30 die
183 154 205 29 Journalisten
417 155 84 31 jedes
528 153 221 35 Schimpfwort
777 157 40 27 im
844 153 169 30 Fettdruck

105 203 244 35 wiedergeben?
386 205 72 29 Also
475 204 77 29 auch
567 205 28 28 in
611 204 116 30 diesem
743 203 61 30 Fall
819 203 110 30 sollten
946 203 65 30 sich

104 254 52 30 die
176 254 145 35 Kollegen
345 255 50 29 auf
418 254 62 30 ihre
503 254 194 30 Mitarbeiter
719 255 157 29 besinnen.

182 304 77 31 Was
282 306 38 30 ist
340 313 59 21 nun
423 304 161 35 eigentlich
605 304 246 32 Fürchterliches
873 306 40 28 im
933 304 59 29 Pro-

105 355 57 29 zeß
182 354 199 31 Metternicht
399 355 129 30 enthüllt
544 356 139 28 worden.
723 355 47 29 Da
789 356 60 33 gab
870 364 33 21 es
922 356 88 28 einen

104 405 126 35 Grafen,
252 407 54 28 der
328 405 152 31 Schulden
504 405 121 30 rtlachte
648 407 60 29 und
729 407 43 28 sie
793 406 82 29 nicht
897 405 95 30 bezah-

104 457 49 28 len
178 456 123 30 konnte.
347 456 65 30 Das
436 456 84 31 hätte
547 464 70 21 man
645 456 82 30 nicht
752 459 165 26 vermutet.
963 456 47 29 Da

103 506 62 35 gab
191 515 34 21 es
249 508 67 28 eine
339 507 143 32 Kokotte.
528 507 31 29 In
585 506 113 31 Berlin.
740 506 66 30 Das
828 506 85 30 hätte
939 515 70 21 man

104 557 82 29 nicht
214 561 164 26 vermutet.
426 557 47 30 Da
500 558 59 33 gab
590 566 34 21 es
652 559 67 28 eine
746 557 185 35 Lebedame,
962 558 48 28 die

102 607 185 33 Kavalieren
304 608 79 29 Geld
401 611 133 31 pumpte.
570 607 64 31 Das
651 608 85 29 hätte
752 616 69 21 man
838 607 82 31 nicht
938 616 54 21 ver-

103 661 107 27 mutet.
249 658 46 29 Da
311 659 60 34 gab
389 667 34 22 es
444 661 66 28 eine
530 658 102 30 reiche
649 658 90 34 Frau,
759 659 47 28 die
826 658 63 31 ihre
908 658 81 29 Toch-

101 711 49 27 ter
167 717 75 26 gern
260 713 55 26 mit
332 710 100 29 einem
446 709 215 30 Aristokraten
679 709 196 30 verheiraten
894 708 115 31 wallte.

102 758 65 32 Das
190 759 84 30 hätte
298 768 70 21 man
392 760 81 30 nicht
498 762 165 28 vermutet.
707 760 48 29 Da
778 760 59 34 gab
862 769 34 21 es
921 760 87 29 einen

101 809 351 35 Schuhwarenhändler,
494 811 54 29 der
578 810 122 30 Schuhe
731 812 40 28 im
799 810 107 30 Preise
945 819 63 21 von

101 860 114 34 fünfzig
236 859 91 31 Mark
349 861 153 35 anfertigt.
544 861 64 30 Das
631 861 86 30 hätte
738 870 71 21 man
831 861 82 30 nicht
936 870 54 21 ver-

101 914 106 27 mutet.
245 911 47 30 Da
311 912 60 33 gab
392 920 34 21 es
445 913 87 29 einen
553 912 383 34 Automobilfabrikanten,
955 913 52 28 der

100 962 88 29 einen
216 962 120 34 Wagen
362 963 51 29 auf
439 962 145 30 Wechsel
612 963 173 29 verkaufte.
831 963 65 30 Das
923 963 84 30 hätte

100 1020 70 22 man
190 1012 81 30 nicht
291 1016 165 26 vermutet.
498 1012 46 30 Da
564 1014 60 33 gab
645 1021 34 24 es
701 1014 57 29 den
778 1013 123 35 Zeugen
924 1013 84 35 Edel,

98 1063 57 29 der
178 1064 45 28 als
246 1063 159 31 Humorist
427 1065 153 29 auftreten
604 1065 116 29 wollte.
762 1064 84 31 Das
869 1073 67 21 war
961 1065 46 29 die

99 1115 119 33 einzige
239 1111 193 39 Enthüllung,
454 1115 47 30 die
525 1115 53 30 der
602 1115 120 30 Prozeß
744 1116 63 29 bot.
849 1115 68 30 Und
940 1115 38 30 di
991 1123 16 21 e

99 1164 195 35 mißglückte.
334 1164 61 30 Wo
416 1166 75 29 aber
510 1167 38 29 ist
568 1167 54 28 der
644 1166 130 34 Sumpf?
814 1166 63 30 Der
899 1166 109 34 Sumpf

99 1223 63 21 von
181 1214 103 31 Berlin
304 1216 63 28 W?
407 1216 129 30 Warum
557 1226 35 21 so
609 1216 197 35 pathetisch?
844 1217 73 29 Muß
936 1226 70 20 man

98 1266 80 29 denn
209 1266 68 32 jede
307 1266 111 30 Pfütze
445 1267 98 34 gleich
574 1268 108 34 Sumpf
713 1267 144 30 nennen?
908 1268 98 29 Jeden

99 1315 281 31 Schuldenmacher
402 1317 177 35 Betrüger?
619 1319 77 29 Jede
718 1319 101 29 reiche
842 1319 79 29 Frau
944 1319 42 29 He-

96 1367 129 30 rodias?
262 1368 93 31 Jedes
374 1369 153 29 erotische
545 1368 154 31 Mädchen
720 1369 148 30 Salome?
908 1369 98 30 Jeden

97 1417 248 31 Zeilenschinder
364 1419 149 30 Dichter?
550 1420 62 29 Nur
631 1421 81 28 nicht
732 1420 173 34 pathetisch
924 1428 61 21 wer-

98 1468 67 30 der:.
200 1468 56 30 Die
274 1469 148 30 Schieber
439 1471 52 29 auf
506 1471 78 29 allen
604 1471 149 30 Gebieten
769 1472 68 29 sind
853 1471 78 30 doch
950 1480 55 21 nur

98 1519 213 31 Geschobene.
351 1520 56 30 Die
427 1521 98 32 Kunst
543 1522 128 30 braucht
689 1524 44 28 sie
752 1521 57 31 alle
830 1523 59 29 auf.
929 1522 77 29 Wer

96 1571 108 29 weder
231 1571 103 29 Größe
362 1572 78 29 noch
468 1572 99 30 Wahn
597 1573 122 34 besitzt,
747 1573 55 29 soll
830 1573 64 30 sich
923 1573 81 29 nicht

96 1621 76 29 über
193 1621 218 30 Größenwahn
435 1624 155 33 aufregen.
632 1623 39 31 Es
692 1625 63 33 gibt
778 1625 78 28 auch
878 1625 126 33 Lumpe,

96 1672 47 29 die
162 1673 82 28 nicht
262 1674 185 29 bescheiden
466 1675 77 29 sind.

864 1726 94 29 Trust

171 1825 103 34 „Wir
303 1827 148 29 lassen
483 1828 204 28 nunmehr
715 1828 77 30 den
822 1828 182 32 Bericht

93 1884 185 23 unseres
319 1879 153 32 eigens
515 1880 269 28 entsandten
818 1879 159 35 xw-Spe-

94 1928 325 29 zialberichter
432 1931 193 28 statters
668 1931 105 28 über
797 1931 75 30 das
896 1930 107 30 Cafe

95 1977 300 31 Größenwahn
499 1980 158 35 folgen.
788 1981 215 30 Derselbe

93 2029 200 30 schreibt
320 2039 76 22 uns
422 2032 103 29 über
552 2033 210 29 dasselbe

93 2123 169 67 Café
310 2129 522 62 Grössenwahn

169 2232 86 35 Dort,
284 2242 51 21 wo
366 2235 48 28 die
444 2235 364 31 Joachimsthalerstraße
837 2237 57 30 den
925 2237 57 32 Kur-

94 2283 224 31 fürstendamm
350 2286 167 35 schneidet,
548 2286 99 30 haben
679 2288 45 29 sie
757 2288 58 29 den
847 2288 65 29 Sitz
945 2289 54 29 der

91 2333 88 31 Hölle
200 2335 249 35 aufgeschlagen.
479 2336 86 30 Noch
586 2338 91 29 rasch
698 2347 59 21 vor
776 2340 117 29 seinem
914 2339 87 30 Tode

91 2385 53 30 hat
164 2384 118 31 Messel
305 2387 55 29 das
381 2387 78 29 Cafe
483 2389 117 34 erbaut,
626 2391 60 28 und
710 2389 143 31 Cassirer
876 2391 52 29 hat
953 2392 47 28 die

89 2435 124 32 Wände
235 2438 54 29 mit
310 2437 188 33 Klimtschen
519 2439 243 31 Satanswerken
788 2443 136 33 ringsum
946 2443 36 28 be-

90 2486 104 35 hängt.
233 2488 55 29 Die
317 2488 167 31 Fußböden
515 2491 66 29 sind
611 2492 54 29 mit
695 2491 164 31 Mosaiken
889 2502 92 26 ausge-

92 2540 71 33 legt,
193 2539 51 29 auf
274 2540 97 30 denen
401 2540 133 31 Hodlers
565 2543 212 30 anatomische
807 2543 175 31 Selbstherr-

91 2589 123 31 lichkeit
244 2590 106 35 lagert.
389 2592 145 30 Getische
566 2594 60 28 und
657 2594 148 30 Gestühle
835 2596 61 28 und
924 2596 75 29 alles

92 2639 146 31 Geschirr
257 2643 60 27 und
338 2642 123 35 Geräte,
484 2644 54 29 der
559 2644 92 30 letzte
670 2645 107 30 Schrei
800 2647 53 30 der
873 2646 127 31 Wiener

91 2690 224 32 Werkstätten.

167 2742 101 30 Scheu
289 2745 59 28 und
368 2747 175 33 geängstigt
560 2747 103 30 hastet
682 2749 54 28 der
755 2749 146 29 schlichte
922 2749 58 29 Bür-

91 2801 57 26 ger
178 2802 50 20 am
259 2794 195 40 Höllenpfuhl
485 2798 119 29 vorbei.
645 2798 62 30 Der
739 2799 131 31 ehrbare
900 2801 75 32 Kauf-

87 2852 104 27 mann,
217 2846 53 29 der
296 2854 159 25 sparsame
481 2848 135 35 Rentier,
644 2851 53 28 der
723 2852 114 33 mutige
863 2851 135 35 Offizier,

91 2895 54 29 der
174 2896 71 28 tiefe
273 2896 154 37 Gelehrte,
458 2899 52 29 der
539 2900 145 30 berufene
713 2902 285 36 Theaterdirektor,

90 2946 54 29 der
164 2947 273 31 standesbewußte
454 2949 225 37 Schauspieler,
699 2952 53 30 der
771 2954 64 28 sich
853 2953 66 31 Zeit
937 2955 45 30 las-

88 2997 97 29 sende
211 2997 224 37 Handwerker,
462 3001 53 29 der
541 3001 240 32 herkömmliche
807 3004 110 36 Maler,
944 3007 54 28 der

89 3048 171 30 klassische
300 3050 134 34 Dichter,
472 3053 53 28 der
564 3055 131 28 rasende
722 3054 184 37 Fuhrmann,
944 3057 55 29 der

89 3101 87 27 treue
194 3099 194 36 Dramaturg,
408 3103 53 28 der
480 3105 297 30 tennisverdammte
797 3107 180 35 Demi-Jüng-

90 3148 68 36 ling,
182 3151 47 28 die
251 3151 332 36 handkoffertragende
609 3156 148 36 Jungfrau,
781 3159 61 28 und
863 3159 59 29 last
945 3163 53 26 not

90 3201 78 29 least
186 3201 54 30 der
254 3202 204 31 bescheidene
472 3205 285 34 Lumpensammler
773 3210 118 28 werfen
909 3211 88 28 einen

91 3251 134 30 scheuen
253 3251 86 30 Blick
367 3255 94 29 durch
490 3257 48 28 die
567 3258 249 30 revolutionären
845 3260 152 30 Scheiben

87 3302 65 28 und
178 3303 170 34 empfehlen
378 3305 62 30 ihre
468 3306 89 31 Seele
585 3307 220 32 Wildenbruch
833 3313 59 28 und
919 3312 78 30 allen

89 3356 93 30 guten
206 3353 144 31 Geistern
374 3356 53 29 der
447 3358 116 33 großen
586 3359 298 37 Kunstausstellung.
916 3363 65 29 Blei-

89 3403 75 29 cher
192 3404 137 32 Schauer
357 3407 103 30 rieselt
491 3409 93 29 durch
612 3410 45 29 ihr
687 3413 154 30 normales
869 3413 128 36 Gebein,

90 3454 95 29 durch
207 3456 44 28 ihr
271 3458 156 31 gesundes
446 3459 79 30 Blut.
553 3460 67 30 Tief
642 3463 38 28 im
703 3463 108 29 Innern
831 3464 100 29 haben
952 3467 45 28 sie

90 3505 199 30 dämonische
320 3507 160 32 Gestalten
511 3512 97 29 sitzen
640 3512 103 30 sehen.
783 3514 130 31 Männer
942 3518 54 27 mit

89 3556 109 34 langen
227 3557 131 36 Haaren,
386 3559 232 36 schlangenhaft
646 3565 189 34 geringelten
861 3566 135 36 Locken,

89 3607 259 31 wildflatternden
376 3610 180 37 Kra.vatten,
583 3616 308 30 sezessionistischen
917 3618 60 29 Sok-

91 3657 57 29 ken
176 3659 59 28 und
261 3659 219 31 alkoholfreien
506 3662 194 33 Unterhosen
726 3667 88 29 leben
841 3669 64 28 sich
931 3678 65 21 aus.

89 3707 144 30 Drücken
256 3711 62 28 sich
341 3711 183 31 bedeutsam
547 3716 27 27 in
599 3716 48 30 die
670 3716 183 35 Sofaecken,
875 3720 103 34 bespie-

87 3759 71 35 geln
188 3759 62 30 sich
280 3762 96 29 selbst
405 3765 60 28 und
492 3768 199 33 gegenseitig,
720 3768 181 31 schleudern
932 3772 63 29 sich

87 3808 281 37 biertonnengroße
393 3813 200 35 Weihgefäße
619 3827 49 19 um
692 3819 47 29 die
763 3821 215 35 stefangeorge-

87 3859 96 30 schen
209 3860 233 37 Ohrmuscheln,
468 3868 60 28 und
552 3867 127 35 bringen
706 3871 93 32 durch
826 3872 169 37 ruchloses,

91 3910 189 32 dekadentes
311 3914 228 32 Kaffeetrinken
571 3920 47 28 die
649 3921 146 30 deutsche
827 3923 98 33 Kunst
957 3934 37 20 an

91 3961 56 30 den
165 3961 87 33 Rand
273 3965 54 28 des
345 3965 174 35 Abgrunds.
549 3969 185 38 Gurgelnde,
753 3974 165 30 röchelnde
935 3976 40 29 Pe-

88 4015 79 26 reati
176 4013 47 29 ufe
251 4015 50 28 auf
327 4015 127 32 Schiller
480 4022 60 28 und
567 4020 174 33 Konsorten
770 4026 223 30 unterbrechen

89 4061 49 29 die
165 4063 86 30 Stille
280 4066 53 29 des
362 4069 167 30 modernen
559 4071 154 37 Denkens,
740 4077 60 28 und
826 4076 79 30 Holz
934 4079 59 28 und

91 4111 118 30 behlais
226 4113 124 34 Familie
367 4117 120 31 Selicke
508 4121 37 28 ist
564 4121 54 29 der
637 4123 74 29 Gral
729 4125 54 29 der
799 4126 194 32 Tafelrunde.

166 4159 212 34 Ermunternd,
407 4170 195 23 erweckend,
631 4174 176 19 antretend
836 4178 59 15 und

1091 104 120 33 ewigen
1228 103 67 29 Maß
1308 112 100 26 gegen
1424 104 137 31 Weimar
1577 106 163 34 mahnend,
1755 107 147 30 schreitet
1917 108 83 29 Arno

1091 152 79 31 Holz
1190 153 97 30 selbst
1306 163 61 21 von
1386 155 93 29 Tisch
1501 164 39 21 zu
1557 155 103 35 Tisch,
1680 157 62 29 und
1761 158 47 28 die
1827 157 173 31 Modernen

1091 203 115 30 küssen
1232 205 54 29 des
1309 203 148 32 Meisters
1480 205 119 31 Hände.
1632 207 162 32 Krachend
1818 207 110 36 fliegen
1954 209 46 29 die

1090 253 220 34 Tagesblätter
1329 256 28 28 in
1376 256 48 30 die
1441 256 115 35 Ecken,
1576 257 48 30 die
1642 257 287 32 Brockhausbände
1947 261 53 28 mit

1093 304 121 30 Goethe
1256 304 66 37 undj
1347 306 130 31 Schiller
1508 307 69 30 sind
1608 304 181 42 verbrannjt,
1818 310 76 29 aber
1936 318 62 21 von

1089 353 91 32 Hand
1201 364 38 20 zu
1261 355 89 31 Hand
1372 357 98 34 gehen
1494 358 48 29 die
1564 360 225 32 gesammelten
1812 359 116 31 Werke
1949 362 34 28 Al-

1089 404 67 31 fred
1178 405 183 32 Momberts.
1394 409 169 34 Altenberg
1584 409 80 30 kann
1688 411 95 29 leider
1808 412 56 29 das
1887 411 113 33 Reisen

1091 456 81 29 nicht
1192 461 176 31 vertragen,
1388 459 75 29 aber
1485 459 155 30 Hermann
1662 460 83 31 Bahr
1767 461 119 30 kommt
1906 464 76 28 zwei-

1090 507 60 29 mal
1173 508 28 29 in
1225 508 54 29 der
1301 508 119 31 Woche
1443 510 142 36 herüber,
1608 512 59 29 und
1689 511 106 30 Alfred
1818 512 78 33 Kerr
1919 513 81 30 steht

1089 557 28 29 in
1138 559 305 31 ununterbrochener
1461 561 247 34 telephonischer
1729 563 199 36 Verbindung
1947 565 53 29 mit

1091 607 53 30 der
1174 609 169 30 modernen
1376 610 117 35 Clique,
1524 612 149 30 während
1705 613 71 33 Karl
1808 614 100 33 Kraus
1938 624 61 21 von

1091 659 54 28 der
1185 659 126 31 Wiener
1351 661 114 31 Fackel
1507 662 183 35 Depeschen
1733 666 119 29 sendet.
1910 666 90 30 Dann

1089 709 145 31 schwirrt
1259 719 34 21 es
1316 713 29 28 in
1370 711 172 36 Telephon-
1568 715 59 29 und
1653 715 346 35 Telegraphendrähten

1089 768 63 21 von
1180 760 88 30 Ibsen
1306 764 58 28 und
1391 762 207 37 Hauptmann,
1637 774 62 21 von
1728 767 183 35 Strindberg
1941 770 59 28 und

1089 809 183 36 Wedekind,
1289 821 61 21 von
1366 813 248 33 Hoffmannsthal
1632 818 59 29 und
1705 815 214 38 Maeterlinck,
1938 828 61 22 von

1089 860 96 31 Shaw
1208 863 60 29 und
1294 863 199 32 d'Annunzio.

1167 912 43 30 So
1243 915 131 33 vergeht
1406 917 54 29 der
1489 916 75 36 Tag,
1595 919 46 28 bis
1672 919 118 31 abends
1823 921 47 28 die
1902 922 95 33 große

1089 962 94 35 Orgie
1209 965 54 29 der
1286 966 153 34 täglichen
1465 969 170 30 modernen
1660 969 99 31 Nacht
1784 971 140 34 beginnt:
1952 974 48 28 die

1087 1014 308 32 markzerfressende
1418 1018 309 36 Zersetzungsarbeit
1750 1023 55 28 der
1828 1022 152 31 Cafehaus-

1087 1065 152 31 literaten.
1266 1066 88 31 Dann
1372 1068 119 31 kommt
1510 1078 34 21 es
1561 1070 274 36 herangekrochen
1853 1083 56 21 aus
1924 1074 57 30 Wil-

1087 1117 156 29 mersdorf
1258 1120 59 28 und
1333 1119 163 36 Halensee,
1515 1123 307 32 sezessionistisches
1842 1125 157 35 Gewürm,

1087 1166 164 31 krankhaft
1291 1169 230 37 Empfindende,
1561 1173 121 30 bizarre
1722 1175 153 36 Gesellen,
1907 1186 92 28 „vom

1355 1222 216 35 geschlagene.
1632 1224 66 30 Und
1730 1235 33 21 es
1795 1228 125 33 beginnt
1952 1230 46 28 ein

1087 1269 178 34 irrsinniges
1296 1271 113 30 Lallen.
1469 1273 85 33 Klein
1585 1274 189 35 Eyolfschen
1805 1278 192 31 Banalitäten

1088 1320 128 29 werden
1254 1321 235 36 Shakespeares
1531 1327 238 30 unsterblichste
1811 1329 188 35 Wortspiele

1086 1371 151 33 geopfert.
1305 1373 213 36 Hauptmanns
1549 1378 246 31 naturalistische
1823 1380 176 31 Platitüden

1086 1420 146 33 Schillers
1256 1423 251 37 Betrachtungen
1536 1429 75 29 über
1638 1430 48 28 die
1711 1430 208 32 Lebenskraft
1945 1435 53 28 der

1086 1471 103 31 Sonne
1216 1482 211 28 vorgezogen.
1461 1477 233 38 Lerchenjubel,
1721 1484 170 32 wogendes
1917 1485 61 28 Aeh-

1087 1524 126 35 renfeld,
1244 1526 116 30 braune
1391 1528 133 36 Scholle,
1556 1531 167 30 schmucke
1755 1533 242 35 Bauerndirnen,

1087 1574 54 30 der
1164 1574 106 31 Schrei
1296 1578 54 29 der
1374 1578 107 31 Möwe
1508 1583 60 27 und
1594 1583 37 29 all
1659 1584 48 29 die
1734 1587 130 27 tausend
1891 1587 106 35 Vögel,

1087 1626 46 28 die
1160 1627 27 27 in
1215 1628 53 28 der
1293 1628 94 32 Brust
1412 1632 54 28 der
1490 1632 310 34 heimatkünstlichen
1827 1636 170 32 Menschen

1086 1677 116 35 singen,
1228 1679 57 29 alle
1312 1681 47 28 die
1383 1682 80 29 alten
1489 1683 185 36 geheiligten
1699 1686 97 31 Güter
1823 1689 53 28 der
1900 1689 98 33 Kunst

1084 1729 128 29 werden
1236 1731 140 30 verlacht
1401 1734 59 28 und
1484 1734 163 31 verhöhnt.
1679 1737 206 33 Scheerbarts
1906 1740 91 31 Muse

1085 1780 79 28 wird
1194 1782 53 28 mit
1277 1783 271 34 metaphysischer
1578 1787 142 31 Inbrunst
1761 1790 236 37 abgeknutscht,

1084 1828 144 33 Heinrich
1252 1832 112 31 Manns
1390 1835 139 32 Romane
1554 1839 27 27 in
1608 1840 57 28 den
1690 1842 214 33 unmöglichen
1933 1842 43 30 Me-

1084 1881 99 29 lodien
1211 1882 165 33 Herwarth
1406 1886 148 32 Waldens
1581 1898 169 27 gesungen.

1159 1933 69 29 Und
1253 1943 49 21 um
1324 1935 202 33 Mitternacht
1548 1940 73 30 hebt
1642 1950 37 21 an
1703 1944 55 30 das
1779 1945 97 33 große
1899 1945 98 35 Opfer

1086 1983 54 29 der
1171 1988 233 33 gegenseitigen
1435 1988 340 40 Beweihräucherung:
1809 1997 47 28 ein
1889 1999 89 33 gigan-

1084 2034 114 31 tisches
1248 2036 257 40 Ueberschreien,
1555 2042 317 42 Einandervorlesen;
1923 2049 72 30 tolle

1084 2084 216 36 Wortgebilde
1332 2091 225 36 durchdringen
1592 2095 47 29 die
1671 2096 98 35 Lüfte,
1801 2098 105 35 Sätze,
1940 2101 46 28 die

1083 2144 69 21 man
1171 2139 108 29 weder
1296 2140 47 29 bei
1361 2141 130 31 Schiller
1509 2145 78 28 noch
1609 2147 46 28 bei
1677 2147 120 30 Goethe
1817 2148 103 37 findet,
1942 2160 36 19 un-

1083 2189 246 33 verständliches
1347 2192 201 38 Gestammle,
1567 2195 222 39 französische,
1806 2201 190 30 italienische

1082 2236 349 37 Wortkonstruktionen
1470 2245 80 30 ohne
1585 2250 216 31 germanische
1839 2251 139 31 Deutlich-

1081 2288 71 36 keit,
1171 2293 115 28 unreife
1303 2293 167 33 Ansichten
1489 2298 76 29 über
1581 2298 188 35 Grillparzer
1787 2305 61 28 und
1865 2303 129 32 Hebbel.

1082 2340 98 34 Junge
1202 2342 105 36 Fante,
1330 2345 47 29 die
1398 2347 46 29 nie
1465 2349 58 28 den
1543 2349 92 30 Ernst
1655 2352 57 30 des
1728 2352 125 31 Lebens
1874 2356 120 29 kennen

1080 2392 120 32 gelernt
1227 2395 109 36 haben,
1364 2399 165 32 entziehen,
1554 2401 65 29 sich
1647 2404 223 31 weimarscher
1898 2406 97 31 Zucht

1082 2444 59 28 und
1166 2446 139 33 weigern
1329 2449 75 34 sich,
1427 2450 27 29 in
1477 2451 189 36 fünffüßigen
1692 2454 130 31 Jamben
1848 2465 38 21 zu
1912 2458 66 30 dich-

1081 2496 50 27 ten
1161 2496 59 28 Auf
1240 2496 198 33 kristallenen
1459 2501 129 31 Schalen
1609 2505 130 30 werden
1762 2508 47 28 die
1832 2510 144 29 wertvoll-

1081 2547 67 27 sten
1167 2549 254 33 unaufgeklärten
1439 2552 134 31 Dramen
1592 2556 28 28 in
1637 2556 147 31 Lilasamt
1803 2560 60 29 und
1879 2559 99 31 Silber-

1080 2596 114 31 schnitt
1220 2600 163 32 gebunden
1409 2603 258 36 herumgereicht.
1705 2608 106 33 Kaffee
1839 2612 78 29 rinnt
1944 2613 52 28 auf

1082 2646 114 36 Kaffee,
1227 2658 55 21 nur
1312 2655 97 27 Seiten
1441 2663 73 21 vom
1544 2657 168 32 schlichten
1742 2660 119 31 Selters
1891 2666 86 27 unter-

1080 2698 147 32 brochen.
1267 2701 63 31 Der
1359 2703 129 32 Taumel
1519 2708 131 31 wächst.
1691 2710 192 37 Baudelaire,
1916 2714 57 29 Ver-

1080 2749 79 30 laine
1187 2753 59 28 und
1275 2753 145 32 Flaubert
1448 2759 128 30 werden
1606 2761 28 29 in
1665 2763 66 29 eine
1761 2764 118 34 einzige
1909 2766 83 30 Silbe

1078 2801 202 37 geschweißt,
1303 2804 108 33 Monet
1435 2809 77 29 wird
1538 2819 37 20 zu
1601 2811 108 30 Manet
1736 2816 59 28 und
1822 2815 107 31 Manet
1954 2826 38 21 zu

1079 2850 117 33 Monet.
1232 2854 94 31 Peter
1353 2857 77 31 Hille
1456 2862 79 29 wird
1562 2863 95 28 durch
1686 2864 210 33 Tischrücken
1924 2868 51 30 her-

1079 2904 153 36 angeholt,
1263 2906 408 40 Begrüßungstelegramme
1703 2918 127 29 werden
1860 2921 132 32 gesandt

1079 2962 36 20 an
1136 2954 75 30 Paul
1232 2956 127 32 Claudel
1381 2962 60 28 und
1461 2961 167 33 Thaddäus
1649 2965 130 33 Rittner.
1809 2968 71 30 Und
1899 2971 75 28 nach-

1079 3005 68 30 dem
1164 3006 70 31 Else
1247 3008 265 35 Lasker-Schüler
1528 3016 91 30 sechs
1636 3017 151 32 Gedichte
1804 3022 187 33 vorgelesen

1077 3055 61 36 hat,
1162 3057 27 29 in
1215 3060 98 30 denen
1337 3064 64 27 sich
1425 3065 99 30 nichts
1550 3069 88 28 reimt
1663 3071 61 27 und
1747 3071 90 29 keine
1862 3072 110 31 Verbin-

1080 3108 81 34 dung
1188 3112 52 28 mit
1268 3111 96 31 Heine
1392 3116 76 28 oder
1495 3116 226 34 Busse-Palma
1750 3131 37 20 zu
1813 3122 101 31 finden
1943 3126 47 33 ist,

1077 3159 101 30 läuten
1194 3161 209 38 fingerfertige
1418 3166 162 37 Jünglinge
1593 3178 70 21 zum
1678 3171 312 37 Beardsley-Dienst.

1078 3209 67 31 Und
1166 3212 148 31 während
1335 3215 145 35 Speisen-
1501 3221 62 28 und
1581 3220 281 40 Getränkekarten,
1881 3227 109 35 Tage-,

1077 3260 155 32 Wochen-
1254 3267 60 27 und
1338 3266 250 40 Monatsblätter,
1609 3272 122 33 Wände
1754 3279 61 28 und
1835 3277 133 32 Marmor-

1076 3313 116 32 platten
1239 3318 53 27 mit
1336 3319 196 32 schamlosen
1560 3332 206 24 amoureusen
1792 3328 178 32 Verrenkun-

1077 3372 58 24 gen
1157 3366 134 32 gedeckt
1314 3372 137 34 werden,
1472 3372 116 31 kauern
1609 3379 291 31 sezessionistische
1922 3380 46 32 Ma-

1075 3415 45 29 ler
1136 3417 51 28 auf
1203 3418 54 29 der
1272 3418 122 36 Treppe
1408 3424 60 28 und
1484 3426 207 31 verzeichnen
1707 3432 193 29 anatomisch
1914 3433 60 29 fest-

1077 3466 148 32 stehende
1251 3469 186 34 Tatsachen.
1502 3475 95 30 Lovis
1624 3477 128 32 Corinth
1780 3483 104 29 stöhnt
1912 3486 77 29 nach

1077 3517 207 34 degoutanten
1305 3522 196 38 Vorwürfen,
1523 3525 104 33 Oskar
1645 3529 187 32 Kokoschka
1851 3533 52 30 hat
1925 3537 64 28 sich

1077 3570 101 29 etwas
1209 3570 225 35 Straßenstaub
1465 3579 216 36 mitgebracht,
1712 3583 57 28 den
1800 3592 32 20 er
1863 3585 47 30 für
1942 3588 47 28 ein

1077 3618 288 37 Kolossalgemälde
1383 3626 139 37 braucht,
1540 3628 75 31 Max
1633 3631 165 31 Pechstein
1820 3634 62 31 hält
1902 3636 66 30 Men-

1077 3670 193 32 schenleiber
1296 3674 47 30 für
1366 3676 151 32 Paletten.
1554 3680 81 31 Wild
1662 3684 111 30 dröhnt
1798 3686 48 29 die
1872 3687 98 31 Tschu-

1080 3721 166 32 dikantate.
1287 3725 157 37 Hungrige
1477 3732 170 34 verlangen
1680 3733 220 35 Speisekarten
1933 3741 54 27 mit

1077 3770 93 32 Peter
1208 3773 277 40 Behrens-Typen.
1536 3783 83 29 Aber
1660 3788 117 29 anstatt
1819 3797 36 20 zu
1898 3798 91 22 essen

1078 3824 139 30 schieien
1246 3828 43 29 sie
1318 3831 208 30 unaufhörlich
1555 3834 112 36 Greco,
1695 3837 103 30 Greco
1823 3859 39 2 —
1888 3850 17 19 a
1935 3841 54 30 bas

1077 3873 188 36 Velasquez!
1295 3881 59 28 und
1381 3880 242 40 Minderjährige
1650 3888 128 34 bringen
1806 3890 105 33 Hochs
1939 3893 51 29 auf

1076 3923 114 33 Münch
1222 3930 60 28 und
1314 3931 96 31 Julius
1441 3932 231 35 Meier-Graefe
1703 3948 65 21 aus.
1809 3941 69 31 Und
1909 3944 80 28 dann

1077 3979 115 30 spreizt
1223 3981 54 29 der
1307 3982 170 32 Wahnsinn
1508 3987 54 30 der
1591 3987 152 33 Moderne
1775 3993 83 29 seine
1888 3994 81 35 Fang-

1077 4036 85 21 arme
1185 4039 69 21 aus:
1280 4033 89 34 lange
1392 4036 102 36 Arme,
1519 4039 59 28 viel
1602 4040 106 34 länger
1729 4043 46 30 als
1797 4047 192 28 anatomisch

1078 4079 138 30 denkbar
1234 4085 60 27 und
1312 4087 174 29 erweislich
1505 4090 87 29 wahr
1609 4092 48 34 ist,
1675 4095 54 27 mit
1745 4094 244 38 Fiederhänden,

1079 4130 48 28 die
1157 4139 33 21 es
1220 4140 35 21 so
1284 4137 103 32 wenig
1414 4138 65 32 gibt
1510 4140 45 28 als
1585 4141 56 31 das
1670 4142 91 30 Wort
1792 4145 106 37 selbst,
1928 4149 61 28 und

1077 4178 221 34 Neo-Krallen:
1323 4186 141 29 weißlich
1490 4191 112 30 grüner
1625 4191 109 31 Gischt
1757 4195 65 27 tritt
1845 4196 60 29 den
1929 4197 60 30 Be-

2082 117 148 23 sessenen
2256 119 58 21 vor
2337 111 59 30 den
2421 111 104 35 Mund,
2549 113 63 30 ilire
2637 115 105 34 Augen
2766 117 126 29 werden
2916 126 75 20 van-

2083 159 156 35 Goghisch
2264 163 86 33 grün,
2375 170 67 23 was
2464 163 65 30 sich
2555 163 94 32 durch
2673 165 204 31 Lichtreflexe
2903 167 74 30 aller-

2083 210 87 34 dings
2196 211 205 31 erklären
2426 213 62 30 läßt

2157 261 68 29 Und
2252 263 47 30 die
2324 263 203 31 beliebtesten
2554 265 118 30 Genien
2698 268 28 28 in
2755 267 83 30 ihren
2866 269 108 34 respek-

2082 313 84 28 tiven
2195 312 129 31 Heimen
2353 314 252 34 aufgescheucht,
2632 317 59 29 und
2721 326 37 20 an
2786 318 84 30 ihren
2899 320 77 29 tradi-

2083 362 174 30 tionellsten
2469 365 179 32 verhindert
2678 368 135 29 brechen
2842 370 52 29 auf
2933 371 58 29 und

2082 413 114 29 suchen
2226 415 55 29 das
2308 414 95 34 Land,
2432 424 51 21 wo
2510 417 55 28 der
2591 417 192 31 koffeinfreie
2810 419 104 32 Kaffee
2940 429 34 27 ge-

2083 463 81 31 deiht
2190 466 59 28 und
2274 465 55 29 der
2355 465 207 35 koholhaltige
2587 467 107 33 Kohol.

2080 672 540 79 Schopenhauer
2662 679 141 61 und
2849 680 106 60 die

2080 759 235 61 Politik

2082 855 91 34 Von
2197 856 100 35 Max
2319 857 163 36 Steiner

90 4227 60 29 652

2156 922 67 30 Wir
2240 924 67 30 sind
2324 925 172 33 glückliche
2514 926 106 30 Leute.
2648 927 227 30 Jahrtausende
2895 927 98 30 haben

2082 973 95 30 daran
2199 976 186 32 gezweifelt,
2406 976 58 29 daß
2487 986 34 21 es
2540 978 47 29 für
2607 978 48 29 die
2674 977 172 30 Menschen
2869 979 50 28 auf
2939 978 36 29 Er-

2083 1025 56 28 den
2164 1026 89 29 einen
2277 1026 185 30 Fortschritt
2487 1028 72 33 gibt
2592 1028 100 30 Heute
2718 1030 68 29 sind
2811 1030 57 28 wir
2892 1030 102 34 längst

2081 1084 48 20 am
2156 1075 72 30 Ziel.

2157 1127 93 29 Jeder
2274 1127 210 32 Volksredner
2510 1129 81 30 weiß
2615 1139 49 21 es:
2691 1131 82 29 Gebt
2799 1132 70 28 dem
2895 1131 98 29 Volke

2081 1176 142 37 Freiheit,
2244 1179 76 30 über
2338 1180 65 29 sich
2424 1180 97 31 selbst
2542 1190 38 20 zu
2601 1181 194 35 bestimmen,
2815 1185 99 27 räumt
2933 1183 61 29 ihm

2081 1228 57 30 alle
2159 1228 182 31 Schranken
2361 1232 133 34 hinweg,
2514 1233 50 28 auf
2586 1232 58 29 daß
2666 1242 34 21 es
2723 1234 63 29 sich
2808 1233 185 30 entwickeln

2081 1279 91 30 kann.
2210 1280 88 30 Denn
2326 1282 54 29 der
2408 1282 186 31 Fortschritt
2622 1285 54 28 des
2704 1283 116 30 Volkes
2846 1286 149 29 bedeutet

2081 1331 57 28 den
2161 1331 185 31 Fortschritt
2370 1334 53 30 der
2446 1333 204 31 Menschheit.

2157 1382 93 31 Jeder
2276 1383 212 31 Volksredner
2514 1388 69 32 sagt
2609 1394 42 21 es.
2688 1386 68 29 Und
2784 1387 47 29 die
2856 1386 136 30 Größten

2081 1433 53 29 der
2163 1433 134 30 Nation?
2335 1434 74 31 Sind
2439 1437 78 28 auch
2547 1438 43 29 sie
2622 1437 69 29 dem
2724 1438 268 30 demokratischen

2080 1484 171 30 Gedanken
2291 1487 54 28 mit
2375 1486 183 35 Sympathie
2599 1491 153 32 entgegen
2783 1489 209 34 gekommen?

2079 1534 69 30 Wie
2171 1536 99 30 haben
2294 1539 68 30 jene
2384 1538 76 29 über
2483 1540 57 28 den
2564 1539 185 30 Fortschritt
2772 1541 53 29 der
2848 1540 125 30 Mensch-

2079 1587 61 29 heit
2160 1588 143 34 gedacht,
2324 1590 47 28 die
2392 1589 78 29 doch
2489 1590 88 30 allein
2598 1592 56 29 der
2669 1590 196 31 Menschheit
2883 1594 111 33 geistig

2079 1637 62 30 Gut
2164 1639 141 33 gemehrt
2327 1641 59 28 und
2410 1642 167 28 verwaltet
2599 1642 125 30 haben?

2156 1689 50 30 Sie
2236 1691 151 33 sprachen
2416 1693 82 28 nicht
2526 1694 61 28 wie
2617 1694 47 30 die
2691 1694 211 30 Volksredner
2930 1703 63 21 von

2078 1740 100 30 heute.
2213 1741 66 30 Daß
2303 1741 121 31 Goethe
2450 1752 34 21 so
2510 1747 107 31 streng
2641 1745 207 30 konservativ
2871 1747 123 33 gesinnt

2078 1800 77 21 war.
2178 1792 101 29 haben
2304 1794 60 28 ihm
2390 1795 46 28 die
2462 1794 210 31 Demokraten
2698 1797 55 29 des
2779 1797 213 30 neunzehnten

2079 1842 226 32 Jahrhunderts
2323 1854 61 20 von
2403 1846 130 35 Ludwig
2553 1846 103 30 Börne
2676 1848 47 31 bis
2740 1848 102 29 Anton
2862 1848 132 35 Menger

2079 1894 150 30 verübelt.
2269 1895 137 32 Goethes
2434 1898 113 33 großer
2575 1898 203 35 Zeitgenosse
2807 1901 28 28 in
2862 1900 112 34 Königs-

2079 1945 84 35 berg,
2188 1946 56 29 den
2270 1948 46 28 ein
2337 1947 116 31 Führer
2477 1950 54 28 der
2552 1949 167 31 äußersten
2742 1950 117 30 Linken
2882 1952 110 29 einmal

2078 2005 37 20 zu
2145 1998 57 28 den
2230 1997 250 35 Republikanern
2509 2000 101 30 zählte
2639 1997 84 36 (bloß
2750 2002 70 30 weil
2850 2012 32 20 er
2909 2002 83 30 nicht

2077 2047 115 35 wußte,
2216 2058 69 21 was
2310 2058 70 21 man
2405 2051 29 29 in
2459 2051 196 36 Königsberg
2678 2056 88 26 unter
2792 2054 70 28 dem
2886 2053 85 30 Wört-

2077 2099 77 29 chen
2480 2104 191 30 verstanden
2691 2101 75 37 hat),
2787 2105 128 30 widmet
2933 2106 45 29 sei-

2076 2158 57 20 nen
2147 2151 202 33 angeblichen
2364 2153 355 34 Gesinnungsgenossen
2737 2157 47 26 die
2800 2156 192 28 lehrreichen

2076 2199 125 31 Worte:
2224 2201 83 34 „Der
2328 2201 97 31 Pöbel
2449 2204 53 29 der
2525 2204 198 30 Vernünftler
2745 2229 6 5 .
2773 2228 7 6 .
2803 2229 5 5 .
2831 2206 161 29 schmähet

2076 2251 52 29 auf
2147 2252 47 29 die
2215 2252 186 36 Regierung,
2422 2256 26 27 in
2470 2255 94 29 deren
2584 2256 156 30 innersten
2760 2256 77 30 Plan
2858 2266 33 20 er
2909 2256 83 30 nicht

2076 2311 37 20 zu
2143 2303 126 35 dringen
2298 2314 141 26 vermag,
2468 2307 93 29 deren
2587 2307 204 35 wohltätigen
2817 2307 176 31 Einflüssen

2077 2362 32 20 er
2129 2354 77 29 auch
2229 2356 97 29 selbst
2347 2358 85 28 seine
2453 2357 169 35 Erhaltung
2641 2359 61 29 und
2723 2359 46 30 die
2791 2359 107 33 Kultur
2919 2368 54 21 ver-

2076 2405 122 31 danken
2224 2407 99 35 sollte,
2350 2408 49 29 die
2427 2409 47 28 ihn
2502 2411 28 28 in
2557 2410 58 29 den
2641 2409 99 32 Stand
2765 2413 90 32 setzt,
2883 2412 43 29 sie
2954 2420 37 20 zu

2076 2457 103 29 tadeln
2203 2459 60 28 und
2286 2467 37 21 zu
2577 2456 110 37 (Kritik
2710 2462 53 29 der
2787 2463 104 29 reinen
2913 2462 59 29 Ver-

2076 2508 95 35 nunft,
2197 2508 85 30 Seite
2307 2509 70 37 668;
2405 2514 83 27 erste
2516 2509 179 37 Ausgabe.).

2151 2558 67 31 Daß
2244 2560 159 30 Friedrich
2428 2562 165 31 Nietzsche
2622 2564 270 30 demokratischen
2920 2564 52 30 Ein-

2076 2610 180 35 richtungen
2276 2613 83 28 nicht
2379 2617 132 31 zugetan
2530 2623 76 27 war,
2625 2617 39 28 ist
2683 2615 146 30 bekannt.
2859 2616 78 30 Was
2957 2626 34 20 er

2074 2661 76 30 aber
2168 2670 75 21 vom
2258 2663 222 32 Liberalismus
2498 2669 98 33 sagte,
2615 2668 80 28 wird
2715 2667 98 30 selten
2832 2667 157 37 erwähnt;

2075 2713 61 29 und
2163 2714 38 29 ist
2228 2714 79 29 doch
2335 2716 82 29 nicht
2445 2716 79 30 ohne
2552 2717 167 31 Interesse.
2754 2718 42 30 Ist
2824 2719 166 35 allerdings

2074 2763 76 30 auch
2178 2766 67 28 eine
2272 2768 233 33 unangenehme
2531 2768 171 31 Wahrheit.
2740 2770 76 34 „Die
2843 2770 146 30 liberalen

2073 2815 215 31 Institutionen
2310 2817 96 30 hören
2430 2819 119 31 alsbald
2572 2820 60 35 auf,
2653 2821 106 29 liberal
2780 2830 38 21 zu
2841 2825 74 32 sein,
2938 2830 34 21 so-

2074 2866 71 29 bald
2165 2868 44 29 sie
2230 2869 133 29 erreicht
2384 2871 81 28 sind:
2488 2879 33 21 es
2539 2872 64 33 gibt
2624 2874 105 31 später
2748 2872 90 30 keine
2857 2875 132 32 ärgeren

2074 2918 60 29 und
2156 2919 236 33 gründlicheren
2417 2921 170 35 Schädiger
2613 2923 54 29 der
2691 2923 132 31 Freiheit
2847 2925 46 29 als
2915 2924 59 30 libe-

2074 2969 64 29 rale
2161 2970 223 31 Institutionen.
2418 2972 237 32 Liberalismus:
2682 2975 51 29 auf
2757 2975 129 29 deutsch
2910 2975 59 30 Her-

2360 3020 342 40 (Götzendämmerung
2727 3021 17 37 §
2768 3024 57 36 38).

2153 3072 30 28 In
2218 3074 47 29 die
2297 3074 198 35 freisinnigen
2527 3076 110 35 Zirkel,
2671 3078 94 29 deren
2798 3081 168 28 unverstan-

2074 3123 94 29 dener
2190 3123 140 36 Liebling
2349 3125 164 31 Nietzsche
2534 3128 48 35 ist,
2604 3128 54 30 hat
2679 3129 65 29 sich
2765 3130 88 31 jenes
2876 3130 111 29 bittere

2072 3172 91 31 Wort
2180 3176 47 28 nie
2246 3180 136 30 gewagt.
2411 3177 57 30 Die
2484 3178 108 33 Kreise
2612 3180 55 29 der
2933 3181 36 29 be-

2072 3225 98 30 sitzen
2194 3227 47 28 ein
2262 3228 251 35 merkwürdiges
2535 3230 154 30 Geschick
2714 3232 96 34 darin,
2834 3232 56 29 das
2912 3231 50 30 We-

2072 3277 149 29 sentliche
2248 3279 27 28 in
2304 3279 57 29 den
2387 3280 247 35 Anschauungen
2662 3283 84 31 eines
2773 3282 148 30 Meisters
2949 3292 36 20 zu

2071 3327 181 31 verkennen
2279 3331 76 28 oder
2382 3339 38 21 zu
2445 3332 168 29 verhüllen.
2650 3333 69 30 Und
2749 3343 35 20 so
2809 3333 115 36 gelingt
2951 3342 34 22 es

2073 3386 55 21 nur
2147 3379 79 29 allzu
2246 3384 63 31 gut,
2330 3382 55 30 das
2402 3383 145 29 Ansehen
2566 3384 179 30 berühmter
2764 3384 131 31 Männer
2916 3385 70 30 dem

2072 3431 237 30 verderblichen
2330 3432 267 32 Doktrinarismus
2617 3436 159 29 dienstbar
2799 3445 36 20 zu
2857 3436 130 30 machen

2072 3481 59 28 und
2156 3483 47 28 die
2225 3482 208 32 mißdeuteten
2458 3485 100 30 Ideale
2584 3487 53 29 der
2658 3486 251 35 Vergangenheit
2932 3490 55 28 mit

2072 3532 57 27 den
2153 3533 181 32 politischen
2358 3534 102 31 Zielen
2484 3538 83 28 einer
2589 3537 122 29 kleinen
2733 3538 192 34 Gegenwart
2947 3547 38 21 zu

2072 3583 204 30 verbrüdern.
2329 3585 40 30 Es
2402 3587 65 33 gibt
2498 3587 359 38 Frauenrechtlerinnen,
2892 3591 93 28 deren

2072 3632 282 37 Wortaberglaube
2383 3638 230 31 verführerisch
2643 3648 101 26 genug
2775 3641 47 33 ist,
2851 3642 44 29 sie
2926 3641 59 29 den

2072 3683 142 31 Erzfeind
2236 3686 165 31 Nietzsche
2420 3692 183 31 vergöttern
2624 3700 38 19 zu
2683 3691 112 29 lassen.
2825 3691 70 30 Und
2914 3700 71 22 man

2070 3734 96 31 kennt
2539 3742 48 28 die
2609 3741 80 33 Kant
2711 3742 45 29 als

2072 3786 136 30 rühmen.
2240 3787 176 32 Denselben
2439 3791 88 35 Kant,
2549 3793 69 27 dem
2638 3793 58 29 wir
2717 3794 88 28 einen
2826 3794 54 30 der
2899 3794 69 30 herr-

2072 3836 129 31 lichsten
2223 3838 202 36 Lobsprüche
2448 3842 56 30 des
2524 3842 130 34 Krieges
2678 3845 191 29 verdanken.
2900 3845 64 29 Wel-

2071 3887 73 30 cher
2163 3890 149 30 moderne
2516 3893 99 30 dürfte
2635 3895 56 29 das
2710 3894 190 32 Bekenntnis
2918 3905 45 20 wa-

2069 3946 69 27 gen,
2152 3940 57 28 daß
2223 3941 54 29 der
2292 3941 112 36 „Krieg
2417 3946 102 27 etwas
2533 3943 179 32 Erhabenes
2728 3955 38 20 an
2782 3947 64 29 sich

2071 3989 220 37 „Dahingegen
2317 3994 47 28 ein
2392 3994 106 34 langer
2523 3994 110 32 Friede
2681 3998 57 28 den
2763 3998 111 28 bloßen
2900 3998 63 29 Han-

2072 4041 157 36 delsgeist,
2257 4045 55 28 mit
2340 4045 61 28 ihm
2429 4046 74 29 aber
2530 4047 58 29 den
2618 4048 157 34 niedrigen
2804 4048 180 36 Eigennutz,

2069 4091 139 34 Feigheit
2232 4095 62 28 und
2317 4094 234 33 Weichlichkeit
2577 4099 189 29 herrschend
2791 4108 38 20 zu
2853 4100 129 29 machen

2070 4144 61 28 und
2161 4144 49 28 die
2239 4143 221 36 Denkungsart
2491 4148 54 29 des
2575 4147 118 32 Volkes
2721 4158 38 20 zu
2789 4152 193 32 erniedrigen

2208 4190 111 35 (Kritik
2345 4195 54 29 der
2424 4196 211 31 ästhetischen
2659 4198 148 31 Urteilski
2815 4201 43 30 aft
2883 4196 17 38 §
2924 4198 60 37 28).
