3571 4437
1771 164 112 53 324

196 309 182 67 füglich
428 310 293 66 wegbleiben
779 309 204 57 können,
1040 311 151 48 zumal
1244 310 59 49 da
1351 310 63 49 sie
1464 309 147 49 durch
1663 310 102 49 eine

195 390 174 66 Menge
398 405 85 34 von
508 390 303 57 Recitativen,
840 387 74 51 die
944 390 383 49 wahrscheinlich
1357 388 182 66 einigen
1571 390 162 48 Zusam-

196 471 235 65 menhang
459 470 46 49 in
529 468 81 51 das
635 470 156 49 Ganze
816 468 200 68 bringen
1038 471 181 56 sollten,
1249 470 101 49 eine
1372 468 395 51 unvermeidliche

195 548 327 68 Abspannung
553 548 83 50 der
665 548 433 51 Aufmerksamkeit
1126 557 231 58 erzeugte.

313 628 70 49 Im
745 645 75 33 am
862 630 165 49 letzten
1073 630 236 65 Festtage,
1353 645 99 33 war
1491 627 72 50 die
1591 627 175 51 Kirche

196 724 51 34 so
278 707 246 59 überfüllt,
555 707 104 50 dass
690 707 73 51 die
792 716 128 42 sonst
948 706 323 69 gewöhnliche
1300 715 188 60 strenge
1519 707 215 50 Beobach-

196 795 113 58 tung
360 786 80 51 des
486 787 304 66 angezeigten
838 788 261 65 Beginnens
1148 786 270 67 unmöglich
1470 786 295 66 eingehalten

196 866 191 51 werden
419 867 197 59 konnte;
646 867 84 50 der
753 869 189 66 Anfang
965 867 81 50 der
1069 867 155 50 Musik
1253 871 267 62 verzögerte
1549 867 95 48 sich
1677 867 90 50 fast

198 964 78 33 um
320 946 101 51 eine
462 946 137 51 halbe
630 942 196 64 Stunde,
870 947 68 50 bis
983 946 80 50 das
1094 946 248 51 Publicum
1372 947 126 50 Platz
1529 946 237 66 gefunden

196 1026 94 50 und
320 1042 81 34 zur
429 1026 140 50 Ruhe
598 1026 280 67 gekommen
910 1042 113 34 war.
1055 1026 152 50 Allein
1237 1025 165 51 sobald
1432 1026 73 50 die
1536 1025 139 51 Ruhe
1706 1025 60 51 da

196 1123 116 40 war,
354 1106 174 51 konnte
563 1123 108 33 man
701 1106 94 50 sich
828 1105 233 51 wahrhaft
1091 1106 209 50 erbauen
1332 1123 57 33 an
1421 1106 84 50 der
1534 1121 203 51 gespann-

195 1192 79 42 ten
295 1183 435 53 Aufmerksamkeit
751 1185 82 49 der
862 1185 293 51 zahlreichen
1181 1185 170 66 Menge
1381 1201 104 33 vom
1517 1192 153 44 ersten
1696 1183 70 51 bis

196 1281 106 33 zum
341 1265 165 49 letzten
538 1266 144 48 Tone.
737 1263 253 51 Jedenfalls
1033 1281 99 33 war
1173 1263 125 51 diese
1341 1263 310 67 Aufführung
1695 1262 72 51 die

200 1343 132 51 beste
362 1361 102 33 vom
495 1361 175 50 ganzen
702 1346 162 56 Feste;
909 1343 72 51 die
1026 1343 327 68 glänzendsten
1385 1343 156 51 Chöre
1572 1342 195 51 wurden

200 1423 85 50 mit
326 1422 239 69 Schwung
607 1440 257 50 gesungen,
917 1440 135 33 wenn
1103 1423 120 50 auch
1267 1423 151 67 einige
1469 1422 174 51 andere
1694 1422 73 50 die

202 1502 142 50 schon
374 1502 167 50 vorher
570 1502 306 68 angegebene
906 1502 304 68 Eigenschaft
1247 1502 128 50 einer
1412 1511 85 59 gut
1526 1504 240 66 gelernten

202 1581 218 67 Aufgabe
449 1582 126 50 nicht
603 1582 288 52 übertrafen.
934 1584 131 50 Beim
1097 1582 234 68 Halleluja
1360 1582 148 51 erhob
1538 1584 113 58 sich,
1681 1582 88 50 wie

202 1661 182 58 immer,
425 1660 74 51 die
541 1677 144 51 ganze
723 1662 378 66 Versammlung.
1158 1662 104 50 Von
1304 1661 89 51 den
1432 1662 197 50 Solisten
1670 1677 100 34 war

203 1741 82 50 der
315 1742 157 50 Tenor
500 1742 122 50 Sims
650 1745 178 49 Reeves
872 1744 158 49 besser
1074 1741 72 51 bei
1190 1742 213 59 Stimme,
1447 1742 87 50 wie
1577 1759 58 33 an
1679 1740 88 51 den

203 1821 192 66 vorigen
424 1821 181 69 Tagen,
649 1840 73 33 wo
762 1840 50 32 er
847 1822 96 50 sich
974 1839 58 33 an
1065 1821 151 51 einem
1248 1821 198 51 Abende
1477 1838 163 49 wegen
1671 1821 64 50 Un-

205 1900 223 54 wohlsein
452 1902 353 68 entschuldigen
826 1902 118 51 liess.
974 1902 89 50 Ein
1087 1901 288 51 öffentliches
1392 1902 125 50 Blatt
1539 1900 232 58 bemerkt,

205 1982 104 52 dass
346 2000 50 33 er
435 1981 74 51 die
539 1982 369 66 Missstimmung
950 1981 80 51 des
1065 1980 271 51 Publicums
1379 1981 208 51 darüber
1623 1980 148 49 durch

207 2064 127 49 seine
365 2061 134 52 Gabe
541 2078 86 34 von
666 2062 178 66 fünfzig
881 2061 154 50 Pfund
1077 2078 59 33 an
1167 2060 84 51 der
1280 2060 259 49 Kirchthür
1581 2061 77 48 für
1698 2058 72 51 die

205 2142 181 50 Armen
407 2140 249 68 besänftigt
671 2141 122 50 habe
805 2141 178 50 —echt
1004 2140 227 65 englisch!
1261 2140 118 49 Eine
1395 2141 148 66 junge
1568 2140 202 58 Altistin,

205 2219 223 53 Madame
456 2220 430 67 Patey-Whytock,
928 2227 94 42 trat
1063 2236 104 32 zum
1210 2226 152 42 ersten
1399 2220 123 49 Male
1565 2219 83 49 mit
1689 2217 84 51 der

208 2300 137 51 Arie:
386 2300 72 57 „0
490 2299 80 58 du,
602 2299 72 50 die
707 2300 189 49 Wonne
925 2297 259 51 verkündet
1212 2299 44 48 in
1487 2299 84 49 auf
1595 2297 176 51 welche

207 2380 157 51 bisher
405 2379 219 50 Madame
665 2379 379 67 Sainton-Dolby
1094 2379 82 49 das
1219 2379 296 64 Privilegium
1568 2379 42 49 in
1654 2395 116 48 ganz

207 2457 215 68 England
453 2459 145 57 hatte,
642 2460 80 47 mit
760 2459 164 66 Erfolg
965 2457 104 59 auf;
1112 2459 144 49 leider
1285 2459 164 48 wurde
1479 2459 81 48 das
1590 2459 180 66 Tempo

205 2556 55 32 zu
289 2537 173 51 schnell
503 2555 302 50 genommen,
848 2540 88 47 wie
975 2537 121 50 denn
1127 2537 270 66 überhaupt
1423 2537 43 50 in
1499 2537 149 50 dieser
1684 2539 57 48 Be-

203 2617 199 65 ziehung
433 2634 85 48 gar
548 2617 224 50 Manches
801 2634 151 48 gegen
984 2616 73 50 die
1087 2633 85 33 von
1216 2615 88 51 den
1348 2616 266 66 englischen
1646 2616 97 48 Diri-

204 2705 170 60 genten
405 2695 284 68 behauptete
712 2696 243 51 Tradition
984 2714 54 32 zu
1069 2696 217 51 erinnern
1315 2697 96 49 sein
1442 2696 168 50 dürfte.

325 2775 95 51 Soll
449 2775 73 49 ich
552 2793 95 33 nun
679 2776 118 48 noch
829 2775 118 49 über
976 2775 83 49 das
1096 2775 161 48 zweite
1287 2775 92 49 und
1411 2774 137 50 dritte
1578 2774 192 50 Abend-

208 2856 199 50 Concert
435 2856 151 65 einige
619 2855 174 49 Worte
821 2873 82 31 zur
933 2854 373 52 Charakteristik
1337 2854 244 50 derselben
1612 2855 130 48 hinzu-

207 2936 166 65 fügen,
415 2950 51 33 so
510 2935 90 49 will
637 2935 73 48 ich
750 2935 271 57 erwähnen,
1063 2934 105 49 dass
1206 2935 43 48 in
1291 2934 106 49 dem
1433 2935 192 48 zweiten
1668 2934 102 49 eine

204 3012 227 52 Auswahl
463 3030 83 33 aus
576 3015 263 48 Mozart's
871 3012 246 54 Clemenza
1143 3010 53 53 di
1221 3011 104 52 Tito
1355 3012 210 68 gegeben
1591 3012 182 57 wurde,

207 3094 72 49 die
309 3092 113 51 Arie
449 3091 159 52 Parto
638 3091 238 67 (Fräulein
899 3091 241 69 Tietjens),
1169 3092 83 50 das
1282 3092 151 50 kleine
1458 3092 161 56 Duett,
1649 3091 124 50 dann

205 3171 118 53 Non
359 3168 91 74 piü
490 3168 54 55 di
570 3168 127 70 fiori
734 3170 238 68 (Madame
1007 3172 269 56 Lemmens,
1319 3172 178 50 welche
1540 3170 72 51 die
1657 3171 117 50 dazu

207 3252 191 66 nöthige
443 3251 131 50 Tiefe
616 3251 83 50 der
743 3251 196 50 Stimme
981 3250 126 51 nicht
1150 3248 196 69 besitzt),
1393 3250 81 51 das
1506 3250 160 51 Finale
1695 3248 81 53 Ah

198 3331 230 70 perdona.
461 3331 186 51 Darauf
671 3331 173 65 folgten
875 3331 73 50 ein
977 3346 115 52 paar
1113 3330 552 67 Local-Compositionen
1698 3330 78 48 für

208 3411 308 65 Sologesang,
560 3409 123 50 dann
729 3410 214 67 Caspar's
985 3410 114 49 Arie
1130 3409 47 67 (!)
1207 3426 83 33 aus
1338 3409 104 50 dem
1491 3409 284 57 Freischütz,

209 3489 367 52 Mendelssohn's
1049 3490 146 49 durch
1225 3490 103 49 eine
1360 3490 146 66 junge
1536 3489 239 57 Pianistin,

210 3569 206 50 Tochter
458 3567 80 51 des
579 3570 407 65 Fest-Dirigenten
1017 3569 154 55 Done,
1214 3569 219 49 Rossini's
1464 3569 281 49 Tell-Ouver-

209 3656 122 51 ture,
360 3649 75 49 die
464 3647 276 51 wiederholt
769 3649 188 49 werden
989 3656 189 48 musste,
1210 3665 43 32 u.
1284 3665 34 32 s.
1350 3665 57 32 w.

330 3729 98 48 Das
457 3729 132 49 letzte
627 3726 257 66 gemischte
914 3727 199 51 Concert
1150 3726 193 51 brachte
1465 3726 102 51 eine
1596 3725 155 51 Selten-

210 3806 96 51 heit
334 3806 76 51 bei
439 3806 88 51 den
557 3806 266 67 englischen
853 3806 324 51 Musikfesten!
1295 3806 102 50 eine
1425 3805 223 57 Sinfonie,
1681 3803 94 51 und

209 3903 126 34 zwar
384 3886 378 51 Beethoven's
817 3886 615 58 Pastoral-Sinfonie,
1488 3883 94 51 und
1639 3885 135 49 einen

212 3965 412 58 Gesammt-Chor,
669 3966 88 50 den
795 3965 280 67 Jagd-Chor
1118 3983 83 31 aus
1253 3965 253 68 Haydn's
1557 3963 190 60 „Jahres-

464 4045 242 49 Zwischen
750 4045 248 49 mehreren
1042 4044 200 50 Liedern
1286 4044 97 49 und
1419 4042 224 51 Balladen
1687 4060 88 32 von

210 4125 267 67 englischen
509 4124 330 68 Componisten
880 4125 170 49 kamen
1082 4125 213 48 Mozart's
1323 4121 117 55 Non
1456 4121 97 72 piü
1579 4118 195 66 andrai,

212 4202 72 51 die
316 4205 443 51 Wahnsinn-Scene
798 4202 83 52 der
909 4205 145 49 Lucia
1083 4202 67 67 (!),
1197 4204 51 49 F.
1278 4204 272 49 Schubert's
1590 4202 184 59 „Wan-

2076 327 42 32 u.
2148 326 35 33 s.
2216 326 57 33 w.
2303 326 80 33 vor
2430 310 92 49 und
2561 326 101 33 zum
2695 308 215 50 Schlüsse
2942 308 81 49 der
3055 316 151 42 ersten
3239 307 168 51 Abthei-

1866 391 114 67 lung
2010 390 276 49 Maurer's
2319 390 202 49 Concert
2548 390 79 48 für
2655 388 93 50 vier
2780 387 236 51 Violinen!
3054 390 90 48 Am
3178 388 132 50 Ende
3340 387 73 50 die-

1866 488 70 33 ses
1969 468 450 51 Abend-Concertes
2458 470 93 49 und
2592 468 80 51 des
2701 485 175 49 ganzen
2909 468 158 49 Festes
3098 467 83 50 der
3209 468 117 49 Sitte
3356 485 54 48 ge-

1868 554 119 47 mäss
2018 548 80 50 das
2399 547 106 54 God
2659 564 110 35 save
2933 548 75 53 the
3143 550 169 63 Queen.

1986 628 110 50 Man
2140 627 174 50 erzählt
2357 628 78 49 für
2480 628 183 65 gewiss,
2708 626 102 51 dass
2852 625 124 50 Lord
3009 625 185 67 Dudley
3229 625 207 58 15,000

1866 708 69 50 Pf.
1980 726 81 32 zur
2108 707 489 66 Wiederherstellung
2642 707 84 50 der
2766 706 288 51 Kathedrale
3097 706 153 66 geben
3297 706 134 49 wolle

1866 796 139 41 unter
2034 786 83 49 der
2145 786 301 69 Bedingung,
2476 787 104 50 dass
2612 786 133 49 keine
2775 785 492 66 Musik-Aufführung
3300 785 135 49 mehr

1868 866 73 51 bei
1986 866 89 49 den
2118 867 169 48 Festen
2331 867 45 48 in
2420 865 244 52 derselben
2705 866 120 49 Statt
2870 865 138 50 finde.
3068 866 61 48 Es
3161 881 124 32 muss
3314 865 120 48 auch

1866 946 157 50 solche
2052 946 159 50 Kauze
2240 945 178 66 geben!

1987 1025 89 49 Die
2098 1025 115 51 Zahl
2245 1026 82 50 der
2352 1026 233 50 Besucher
2615 1025 55 48 ist
2698 1025 99 49 laut
2827 1022 106 51 dem
2968 1022 255 52 Worcester
3250 1020 191 53 Herald

1869 1105 215 67 folgende
2114 1121 244 50 gewesen:

1866 1186 200 65 Dinstag
2129 1185 46 49 in
2206 1183 82 51 der
2320 1183 288 53 Kathedrale
2646 1183 168 58 1621,
2843 1183 61 49 im
2937 1182 329 51 Concertsaale
3309 1181 131 52 812.

1869 1263 244 51 Mittwoch
2148 1302 18 19 „
2236 1302 18 19 „
2456 1302 18 19 „
2644 1262 172 62 2086,
2872 1300 18 21 „
3097 1299 19 19 „
3309 1260 131 58 870,

1868 1345 254 49 Donnerst.
2147 1382 17 19 „
2237 1383 19 18 „
2456 1382 18 19 „
2645 1342 173 57 2100,
2874 1380 17 21 „
3098 1379 19 19 „
3307 1340 132 58 900,

1869 1423 192 67 Freitag
2147 1460 18 21 „
2240 1460 19 19 „
2458 1460 18 19 „
2642 1421 174 57 2900,
2870 1459 19 20 „
3095 1458 17 19 „
3300 1420 117 48 Ball.

2651 1516 169 51 8707.
3210 1511 3 56 .
3263 1511 172 52 2582.

1987 1596 80 50 Als
2096 1596 134 50 einen
2255 1595 179 51 Beweis
2462 1595 79 49 des
2566 1596 329 50 Fortschrittes
2924 1594 135 49 führt
3088 1592 82 51 das
3199 1601 235 57 genannte

1868 1675 125 49 Blatt
2038 1674 72 50 die
2154 1675 311 66 Aufführung
2509 1691 86 35 von
2639 1675 204 51 Stücken
2886 1691 83 33 aus
3007 1672 105 51 dem
3154 1671 277 52 Oratorium

2237 1755 125 51 eines
2399 1755 315 51 italiänischen
2745 1754 333 67 Componisten
3123 1751 92 51 und
3247 1751 184 67 Opern-

1869 1834 241 49 Directors
2138 1834 46 51 in
2214 1835 129 50 einer
2372 1834 192 59 Kirche,
2606 1834 73 51 die
2710 1834 237 49 Direction
2979 1832 240 50 mehrerer
3250 1831 184 50 Sachen

1869 1912 149 50 durch
2067 1914 135 49 einen
2251 1914 337 49 französischen
2628 1912 390 53 Concertmeister
3056 1909 248 69 (Sainton),
3351 1907 83 52 der

1870 1992 226 51 ebenfalls
2126 1995 72 48 ein
2228 1992 408 69 Opern-Dirigent
2663 1995 81 57 sei,
2773 1992 90 53 den
2885 1992 229 68 Triumph
3144 1991 128 50 einer
3302 1989 106 50 deut-

1868 2072 141 50 schen
2039 2072 319 53 Primadonna
2400 2072 94 51 und
2532 2074 72 49 die
2648 2074 311 65 Aufführung
3001 2072 128 50 einer
3157 2071 151 48 Messe
3352 2069 82 49 an!

1873 2151 260 68 Uebrigens
2161 2154 207 51 schliesst
2396 2152 83 51 der
2501 2154 239 58 Referent,
2769 2152 162 51 dessen
2961 2151 188 51 Bericht
3177 2150 93 49 sieb
3302 2149 134 49 mehr

1872 2232 119 51 über
2032 2234 73 51 die
2143 2234 277 67 Opposition
2467 2234 127 49 einer
2634 2234 155 49 Partei
2835 2249 152 50 gegen
3037 2231 74 50 die
3158 2231 278 65 Benutzung

1872 2312 82 51 der
1976 2315 223 57 Kirchen,
2223 2315 66 48 als
2312 2312 120 51 über
2447 2312 72 50 die
2537 2312 152 51 Musik
2715 2312 265 58 verbreitet,
2998 2311 80 50 mit
3096 2311 87 50 den
3206 2310 228 49 Worten:

3267 2388 46 53 C.

1882 2394 155 57 „Alles
2066 2410 99 33 war
2194 2401 100 58 gut,
2325 2393 113 49 aber
2468 2391 82 50 der
2583 2393 98 49 Ball
2714 2409 97 32 war
2839 2391 73 50 ein

2145 2653 94 55 Die
2278 2653 170 55 Kunst
2489 2653 91 55 des
2623 2651 468 57 Clavierstimmens

3104 2652 56 66 *).

1992 2793 148 51 Unter
2180 2793 172 48 diesem
2385 2793 119 48 Titel
2543 2793 80 48 hat
2660 2792 73 48 ein
2772 2792 116 47 alter
2917 2788 244 50 Prakticus
3190 2785 124 50 seine
3345 2785 57 47 Er-

1873 2873 263 66 fahrungen
2169 2873 91 48 und
2292 2873 253 48 Ansichten
2583 2872 119 48 über
2731 2871 80 49 das
2842 2871 228 48 Stimmen
3109 2868 82 48 der
3223 2864 208 52 Claviere

1873 2953 278 65 mitgetheilt
2189 2951 93 50 und
2326 2952 206 65 zugleich
2578 2952 325 63 Belehrungen
2942 2948 118 50 über
3102 2947 89 49 den
3223 2945 100 50 Bau
3355 2943 80 49 des

1872 3032 285 56 Pianoforte,
2188 3031 71 48 die
2283 3031 213 66 Prüfung
2526 3029 81 51 der
2630 3031 330 55 Instrumente,
2989 3025 310 64 Behandlung
3331 3023 78 48 der-

1872 3111 158 49 selben
2071 3109 173 51 Behufs
2287 3109 79 50 des
2408 3109 326 50 Conservirens
2775 3126 44 32 u.
2848 3126 33 30 s.
2913 3125 58 31 w.
3021 3105 146 50 daran
3210 3100 226 70 geknüpft

1875 3191 93 49 und
1992 3191 172 49 daraus
2188 3192 71 47 ein
2282 3189 223 51 Büchlein
2528 3207 85 33 von
2637 3197 125 42 etwa
2790 3188 202 65 sechszig
3016 3187 155 48 Seiten
3201 3183 235 67 gemacht,

1874 3269 81 50 das
1986 3277 136 42 unter
2152 3269 97 49 rein
2282 3271 307 64 praktischem
2623 3267 390 67 Gesichtspunkte
3058 3266 44 46 in
3140 3263 107 49 sehr
3288 3277 118 51 popu-

1874 3351 137 55 lärer,
2061 3348 85 50 fast
2184 3349 184 50 möchte
2408 3367 105 32 man
2551 3365 163 49 sagen,
2754 3346 341 67 gemüthlicher
3138 3342 298 64 Darstellung

1875 3428 249 66 allerdings
2166 3427 156 51 weder
2362 3428 81 50 für
2484 3427 87 49 den
2613 3424 539 56 Clavier-Fabricanten,
3195 3420 118 51 noch
3356 3419 80 48 für

1874 3508 295 67 denjenigen,
2209 3507 83 49 der
2331 3509 83 47 mit
2451 3507 105 51 dem
2595 3508 192 48 inneren
2820 3507 99 48 Bau
2951 3504 79 50 des
3062 3503 201 51 Claviers
3294 3499 142 50 schon

1874 3587 245 67 gründlich
2150 3596 205 40 vertraut
2385 3588 72 60 ist,
2488 3596 144 40 etwas
2660 3587 158 48 Neues
2848 3584 191 59 enthält,
3068 3583 114 50 aber
3213 3579 118 51 doch
3364 3578 71 49 bei

1875 3666 82 49 der
1997 3683 191 50 grossen
2227 3666 319 66 Verbreitung
2585 3666 80 49 des
2697 3663 318 67 Clavierspiels
3043 3662 90 49 den
3163 3657 273 53 Ankäufern

1875 3746 93 49 und
1990 3746 231 49 Besitzern
2242 3762 85 33 von
2347 3746 289 49 Pianofortes
2654 3761 85 32 von
2758 3743 180 50 Nutzen
2962 3743 94 48 sein
3078 3740 121 50 kann
3225 3737 94 52 und
3341 3738 95 48 also

1874 3826 318 67 Empfehlung
2216 3824 219 51 verdient.
2466 3826 137 49 Denn
2634 3841 134 32 wenn
2799 3840 47 33 es
2875 3823 72 50 bei
2979 3823 118 48 allen
3128 3819 204 51 anderen
3363 3817 48 48 In-

1873 3911 292 43 strumenten
2209 3904 82 50 der
2320 3904 179 68 Spieler
2527 3902 114 52 oder
2672 3902 157 49 Bläser
2871 3902 78 48 für
2992 3898 301 66 nothwendig
3326 3898 110 57 hält,

1873 3984 95 50 sich
1999 3986 81 47 mit
2110 3983 106 51 dem
2247 3983 357 51 Mechanischen
2644 3982 94 49 und
2768 3981 309 52 Akustischen
3116 3978 80 51 des
3230 3977 205 66 seinigen

1983 4162 39 47 *)
2050 4162 174 49 Leipzig.
2256 4163 144 35 Zweite
2429 4162 176 47 Auflage.
2639 4158 113 42 1866»
2790 4161 143 48 Verlag
2961 4172 77 24 von
3068 4160 41 36 C.
3140 4159 145 36 Minde.
3330 4160 106 36 Preis

1876 4224 22 37 5
1928 4224 91 48 Ngr.
