3060 4043
2909 3968 28 22 15

123 87 222 29 Tembeck:
367 88 64 27 sein
450 86 116 28 Thema
584 86 151 31 kollidiert
753 89 99 26 etwas
869 87 55 29 mit
946 87 67 28 dem

159 136 130 32 meinen,
313 135 151 29 Eherecht
483 136 63 28 und
566 143 37 20 so
636 132 94 35 (steht
756 136 58 32 auf,
837 137 105 28 nimmt
967 136 46 28 ein

160 184 82 29 Blatt
269 184 110 32 Papier
410 191 73 21 vom
509 183 210 29 Schreibtisch
748 184 61 28 und
837 180 97 36 liest):
965 183 47 29 die

161 231 317 33 Geburtenabnahme,
508 231 65 29 ihre
602 232 135 29 sozialen
767 232 61 29 und
857 231 155 30 ethischen

158 280 158 30 Ursachen
338 279 60 29 und
419 279 187 34 Wirkungen
628 277 73 38 (legt
717 282 57 27 das
795 280 82 30 Blatt
896 281 116 28 wieder

156 326 64 36 hin)
240 351 5 6 .
269 350 6 6 .
294 330 56 27 das
372 329 89 31 spielt
482 329 78 29 auch
580 331 30 27 in
631 331 98 27 meine
750 329 106 28 Arbeit
874 329 100 27 hinein

118 385 90 30 Mur
219 395 34 19 x:
272 384 38 30 ah
331 408 7 6 .
358 408 6 7 .
384 409 7 6 .
410 388 32 31 ja
458 408 6 6 .
484 408 7 6 .
510 410 6 6 .
538 386 156 30 Geburten

119 435 170 31 Kroller
304 431 88 35 (kaut
413 437 58 27 und
492 435 144 29 schüttelt
659 435 57 29 den
737 431 105 37 Kopf):
864 436 36 30 ja,
922 434 88 32 dann,

157 491 38 22 so
214 484 80 27 kann
315 492 70 21 man
408 484 64 29 sich
492 484 66 29 also
581 508 5 5 .
607 506 5 6 .
632 484 189 28 verändern!

118 531 119 30 Murx
259 529 126 35 (tänzelt
408 532 131 29 lachend
558 532 115 33 umher,
694 533 50 27 die
767 531 107 29 Hände
899 532 27 28 in
952 531 58 29 den

155 578 154 36 Taschen)

118 629 260 30 Scherwenz
398 627 94 36 (nickt
512 638 57 20 vor
591 630 63 28 sich
676 626 75 36 hin):
775 630 38 32 ja,
834 628 136 30 heiraten

120 678 115 30 Murx
264 674 305 36 (überschäumend):
601 677 68 29 seht
696 677 56 33 ihr,
779 677 69 29 seht
877 677 55 32 ihr,
963 679 46 27 ein

155 727 99 33 Weib,
277 729 46 28 ein
347 727 102 30 Weib!

116 785 81 32 Kro
207 785 29 29 11
248 795 15 19 e
276 796 13 19 r
313 785 148 35 (trocken,
485 783 176 36 spöttisch):
687 786 57 29 ach

115 833 121 30 Murx
258 831 265 37 (auftrumpfend):
544 835 122 32 jawohl,
689 837 53 28 der
765 835 88 30 Staat
875 835 57 30 soll
954 844 55 21 uns

154 884 47 28 ein
221 884 89 28 Weib
329 884 107 33 geben,
456 885 47 28 ein
525 884 89 29 Weib
635 885 125 28 müssen
783 885 57 27 wir
861 884 110 29 haben.

115 932 118 33 Kroll
247 942 41 20 er
306 930 94 35 (lacht
422 932 137 34 trocken,
581 931 160 36 höhnisch)

116 981 258 30 Scherwenz
400 979 95 35 (steht
521 982 49 29 auf
593 982 64 29 und
678 984 66 30 tritt
769 992 57 22 ans
851 980 156 36 Fenster):

153 1030 47 29 ich
226 1030 102 31 möcht
356 1031 81 28 wohl
464 1031 91 29 heute
582 1032 59 28 mal
670 1040 69 21 zum
766 1032 105 34 Kolleg
901 1033 108 34 gehen,

151 1087 68 21 was
243 1080 215 32 Vernünftiges
483 1079 97 30 hören

114 1127 115 33 Kroll
242 1137 41 20 er
305 1126 76 34 (tritt
399 1138 37 20 zu
456 1126 88 36 ihm):
566 1130 63 29 sieh
650 1131 44 28 sie
716 1131 44 29 dir
784 1131 78 29 doch
883 1140 46 23 an,
948 1132 59 28 wie

152 1179 43 28 sie
222 1186 122 24 rennen,
373 1178 47 29 die
446 1178 137 33 Streber,
609 1179 109 34 bleich,
744 1180 183 33 schloddrig,
955 1181 53 28 mit

151 1226 70 29 dem
243 1226 135 34 Stempel
402 1229 151 29 einsamer
577 1228 126 30 Nächte.

113 1275 118 30 Murx
254 1272 119 36 (immer
397 1277 78 30 noch
499 1274 179 36 fanatisch):
704 1287 66 24 nee,
796 1278 148 29 derda...
955 1278 54 29 hat

151 1334 40 21 nei
210 1326 152 33 Kellnerin
384 1351 5 5 .
413 1351 6 6 .
442 1329 47 32 .ja,
511 1328 80 29 kuck
612 1352 6 5 .
642 1352 5 5 .
669 1337 20 20 o
713 1350 5 6 .
743 1352 6 5 .
769 1329 48 28 ich
840 1337 56 25 sag
921 1327 86 34 euch,

149 1374 239 35 Volkshygiene,
410 1376 97 31 nichts
532 1377 44 29 als
597 1377 238 34 Volkshygiene.

113 1424 261 31 Scherwenz
399 1423 168 37 (trocken):
590 1427 67 29 hm!

112 1472 121 31 Murx
257 1470 119 37 (stolz):
401 1477 80 28 ooch

112 1522 210 30 Tembeck
348 1521 64 36 (am
438 1522 237 37 Schreibtisch):
704 1526 138 29 arbeiten

111 1571 122 30 Murx
252 1569 120 36 (immer
394 1574 145 32 geblasen
563 1574 50 29 auf
635 1574 59 29 und
715 1575 38 28 ab
773 1572 160 35 hetzend):
959 1574 47 33 ha,

151 1621 146 32 arbeiten,
325 1623 47 28 die
394 1621 255 32 Konzentration!
675 1622 122 30 Teufel!
824 1623 92 30 kaum
940 1626 67 27 setz

150 1670 48 29 ich
220 1671 79 29 mich
322 1671 57 33 hin,
403 1671 97 33 gleich
523 1675 84 27 tanzt
630 1674 56 27 mir
710 1682 17 19 n
752 1673 90 29 Weib
867 1682 58 20 vor
946 1674 61 28 den

149 1720 107 34 Augen
282 1717 84 37 (geht
395 1729 68 20 zum
491 1721 92 29 Tisch
613 1721 60 30 und
699 1722 61 29 will
788 1719 219 35 einschenken)

150 1791 6 6 .
182 1791 6 6 .
214 1791 7 6 .
244 1766 95 35 (stellt
363 1770 47 29 die
435 1769 128 31 Flasche
589 1772 54 29 mit
673 1772 82 28 einer
781 1771 143 30 Gebärde
952 1772 53 29 des

149 1818 226 30 Widerwillens
394 1818 117 30 wieder
527 1816 64 37 hin)
610 1819 51 30 äh!

113 1873 274 31 Scherwenz:
419 1877 40 29 ist
487 1876 55 29 das
571 1877 81 28 nicht
682 1877 203 33 Rohrbruch?

149 1921 77 36 (Alle
252 1926 136 33 drängen
412 1933 54 21 ans
487 1923 143 36 Fenster)

112 1980 80 31 Kro
202 1982 27 28 11
242 1990 12 20 e
268 1991 14 20 r
309 1978 221 37 (überrascht):
560 1983 254 30 Donnerwetter!

112 2029 119 30 Murx
251 2029 124 36 (hastig,
403 2028 170 35 entzückt):
601 2033 54 30 das
681 2034 39 27 ist
746 2033 83 29 seine
854 2032 89 34 Frau,
968 2035 43 30 ja,-

150 2079 69 29 seht
243 2080 69 32 mal,
336 2080 93 30 Blitz!
453 2081 105 29 was?!
584 2081 165 30 wie...?!
776 2081 75 30 he?!

113 2129 224 30 Tembeck:
363 2130 46 30 die
434 2131 100 34 bringt
560 2131 49 30 ihn
630 2133 81 28 wohl
737 2131 77 30 her?

113 2177 273 31 Scherwenz:
410 2179 49 30 die
484 2181 100 32 bringt
609 2190 31 20 er
666 2181 77 28 doch
768 2181 81 28 nicht
871 2180 76 29 mit?

111 2226 26 29 T
149 2228 171 29 embeck
340 2225 221 37 (beunruhigt):
584 2238 80 20 nanu
687 2254 6 5 .
715 2229 29 29 .?

111 2274 119 31 Murx
259 2274 106 35 (außer
393 2274 91 36 sich):
516 2277 195 35 wahrhaftig,
743 2280 47 28 die
819 2279 187 29 schwenken

149 2326 91 28 rüber
271 2323 106 38 (beugt
406 2327 64 29 sich
502 2335 78 26 ganz
611 2336 57 20 vor
700 2337 54 20 zur
787 2325 144 36 Scheibe)
962 2330 43 27 sie

148 2375 79 32 gehn
253 2376 44 30 ins
323 2375 94 34 Haus,
440 2376 45 29 ins
511 2376 85 29 Haus

111 2430 224 32 Tembeck:
364 2432 122 30 Teufel!

149 2477 70 37 (alle
243 2482 119 29 stieben
388 2480 215 37 auseinander)

149 2526 138 38 (Kroller,
310 2530 198 35 Scherwenz,
532 2531 93 30 Murx
650 2535 123 26 stürzen
797 2533 64 29 ihre
885 2533 120 29 Sachen

149 2580 308 33 zusammenraffend,
480 2590 54 20 zur
555 2581 62 29 Tür
639 2578 121 37 hinaus)

111 2634 119 32 Murx
248 2634 104 35 (brüllt
378 2638 134 29 draußen
537 2640 39 27 im
598 2636 97 37 Flur):
717 2639 80 30 Frau
819 2639 129 30 Starsch

111 2685 115 33 Kroll
238 2695 56 21 er:
317 2686 248 35 Waschwasser,
585 2688 81 28 Frau
687 2688 127 29 Starsch
837 2714 6 5 .
866 2688 120 29 .Wasen-

148 2742 120 21 wasser
283 2757 6 7 .
308 2758 7 6 .
332 2736 125 34 heiliges
474 2735 229 31 Kanonenrohr.

112 2792 210 30 Tembeck
362 2792 161 35 (schmeißt
562 2797 83 28 seine
685 2796 173 29 Schlabben
900 2797 104 27 unters

149 2841 71 31 Bett
255 2844 60 28 und
346 2844 80 28 zieht
458 2844 99 34 hastig
591 2845 47 29 die
672 2844 105 30 Stiefel
807 2854 49 24 an,
892 2846 46 28 die
973 2853 32 20 er

148 2890 143 30 fluchend
339 2895 121 27 unterm
508 2893 227 33 Waschgestell
784 2894 220 36 hervorsucht;

152 2941 77 27 dann
267 2941 104 29 taucht
408 2950 31 20 er
478 2944 86 27 einen
600 2943 254 34 Handtuchzipfel
892 2945 28 27 in
957 2943 48 28 die

150 2988 260 36 Wasserkaraffe,
436 2991 81 28 fährt
543 2992 62 28 sich
633 2991 101 35 hastig
761 2993 91 28 übers
880 2992 125 30 Gesicht

150 3039 60 28 und
231 3039 141 30 trocknet
391 3041 55 28 mit
469 3041 98 28 einem
586 3040 132 29 anderen
742 3041 94 33 Zipfel
856 3041 93 37 nach;
973 3050 32 20 er

150 3088 80 29 zieht
258 3090 85 28 einen
370 3088 248 31 Taschenkamm
647 3098 70 21 raus
744 3091 61 28 und
832 3090 81 29 fährt
940 3090 65 29 sich

150 3144 57 21 vor
229 3136 68 29 dem
318 3137 120 34 Spiegel
462 3138 111 30 durchs
594 3138 98 35 Haar;
712 3138 105 33 knöpft
840 3141 56 27 den
919 3139 86 33 Rock

151 3185 51 28 auf
229 3187 61 28 und
324 3187 80 30 zieht
434 3186 121 34 Kragen
588 3187 60 28 und
682 3186 118 33 Schlips
833 3190 27 26 in
894 3187 111 33 großer

149 3234 78 30 Hast
249 3231 50 35 an)

151 3279 51 35 (Es
224 3284 123 32 klingelt
369 3281 149 37 draußen)

114 3339 210 29 Tembeck
347 3337 82 36 (rafft
459 3342 47 28 die
534 3341 266 34 umherliegenden
826 3342 162 33 Kleidungs-

151 3388 106 29 stücke
284 3397 177 22 zusammen
489 3393 60 27 und
576 3390 83 30 wirft
686 3391 73 28 alles
788 3392 104 28 unters
918 3390 86 36 Bett;

153 3446 31 20 er
209 3437 95 33 klopft
327 3438 55 31 das
408 3439 71 29 Bett
504 3440 76 33 glatt
603 3441 61 28 und
688 3439 93 33 packt
805 3441 54 28 das
883 3439 105 32 Kaffee-

150 3486 138 31 geschirr
312 3487 93 29 ratlos
427 3488 166 33 gleichfalls
617 3491 105 27 unters
747 3485 85 36 Bett)

152 3532 51 34 (Es
227 3535 123 33 klingelt
375 3537 131 28 draußen
531 3546 69 20 zum
624 3539 131 27 zweiten
779 3534 95 36 Male)

152 3579 67 35 (Die
256 3584 212 30 schlürfenden
504 3586 133 30 Schritte
670 3587 57 28 der
762 3586 79 29 Frau
877 3586 127 29 Starsch

153 3633 113 28 nähern
297 3633 63 27 sich
390 3633 59 29 und
477 3643 68 19 man
573 3634 67 30 hört
669 3636 86 28 ihren
785 3635 219 29 überraschten

152 3681 152 29 süßlichen
322 3681 347 35 Begrüssungssermon,
689 3685 27 28 in
736 3686 52 28 der
804 3686 69 27 'eine
892 3683 112 30 frische

152 3730 199 30 burschikose
377 3730 249 31 Männerstimme
652 3730 179 36 hineintönt)

116 3786 207 29 Tembeck
346 3784 122 35 (horcht
489 3789 88 28 einen
600 3789 198 33 Augenblick,
819 3791 82 28 dann
925 3791 79 28 setzt

155 3843 31 20 er
219 3835 73 33 sich,
323 3837 105 27 immer
460 3836 76 28 noch
569 3838 62 28 sich
666 3838 268 34 zurechtzupfend,
966 3847 38 19 an

154 3883 56 30 den
238 3884 215 32 Schreibtisch,
479 3887 93 26 stützt
600 3886 56 28 den
682 3887 78 32 Kopf
786 3888 26 28 in
842 3888 46 28 die
915 3888 88 28 Hand

1130 86 61 29 und
1209 87 131 30 arbeitet
1358 87 209 31 anscheinend
1588 85 98 37 eifrig)

1130 132 52 35 (Es
1210 132 108 36 klopft)

1091 183 222 27 Tembeck:
1335 183 118 28 herein!

1091 231 107 28 Frau
1234 231 182 28 Starsch
1452 229 108 35 (öffnet
1597 233 47 30 die
1678 234 70 33 Tür,
1785 230 82 36 süß):
1903 235 79 28 Herr

1129 279 127 34 Doktor,
1303 280 78 29 Herr
1430 280 188 31 Referendar
1667 282 179 33 Rohrbruch
1892 280 90 35 (noch

1129 325 104 35 süßer)
1254 328 60 28 und

1091 375 255 32 Rohrbruch
1371 373 109 34 (hinter
1505 378 54 31 ihr,
1583 378 118 28 schiebt
1724 381 43 28 sie
1794 388 53 19 zur
1870 377 111 35 Seite):

1128 426 236 33 papperlapapp,
1392 429 93 30 guten
1512 426 128 34 Morgen
1671 427 119 33 Spund!
1820 426 83 37 (geht
1933 430 49 28 auf

1127 474 157 29 Tembeck
1310 483 47 25 zu,
1381 476 54 28 der
1461 476 64 28 sich
1550 476 134 30 erhoben
1710 477 61 33 hat,
1799 478 60 29 und
1886 478 96 29 reicht

1127 522 61 30 ihm
1206 524 46 27 die
1271 520 101 36 Hand)
1390 524 48 27 ich
1458 524 78 29 habe
1554 525 98 29 meine
1671 525 79 28 Frau
1769 527 212 33 mitgebracht,

1129 579 31 20 es
1186 573 211 29 interessierte
1422 574 53 30 sie,
1503 573 59 29 mal
1586 574 99 28 meine
1708 575 62 28 alte
1797 573 185 35 Behausung

1127 620 118 29 kennen
1267 630 36 19 zu
1321 621 114 30 lernen.
1461 621 186 30 Hoffentlich
1665 624 79 27 stört
1762 631 32 20 es
1814 623 66 29 dich
1901 624 81 28 nicht

1089 667 211 30 Tembeck
1328 666 160 36 (schüttelt
1518 670 112 35 kräftig
1661 670 47 29 die
1739 671 98 34 Hand,
1870 672 96 28 dienst-

1128 713 114 38 eifrig):
1268 718 73 29 aber
1369 718 47 29 ich
1441 718 85 34 bitte,
1550 720 75 29 bitte
1652 719 71 30 sehr

1089 765 250 30 Rohrbruch
1366 764 83 36 (geht
1475 776 53 21 zur
1554 765 90 36 Tür):
1670 768 113 29 Schatz

1089 814 108 30 Frau
1227 816 182 28 Starsch
1439 814 93 35 (reibt
1560 819 54 26 mit
1646 818 53 28 der
1729 818 136 29 Schürze
1896 818 86 31 eifrig

1127 865 74 28 über
1230 865 48 28 die
1307 865 105 31 Stühle
1442 867 61 28 und
1528 865 228 34 Möbelkanten,
1785 864 81 35 süß):
1898 867 83 32 bitte,

1125 914 85 33 bitte,
1230 913 130 35 gnädige
1381 915 81 29 Frau

1087 961 107 29 Frau
1227 962 251 32 Rohrbruch
1512 960 78 35 (tritt
1623 972 37 21 an
1693 964 52 28 der
1778 964 89 29 Hand
1901 964 80 29 ihres

1125 1011 130 30 Mannes
1284 1009 74 35 ein):
1386 1013 47 29 ich
1461 1014 75 28 bitte
1565 1021 50 21 um
1642 1014 259 35 Entschuldigung

1088 1061 24 28 T
1125 1062 171 27 embeck
1320 1059 165 35 (verbeugt
1508 1063 64 28 sich
1599 1063 180 29 unbeholfen
1802 1060 64 36 tief)

1089 1109 253 32 Rohrbruch
1365 1108 94 35 (stellt
1479 1108 85 36 vor):
1589 1112 79 29 Herr
1691 1113 87 28 cand.
1801 1112 69 33 phil.
1891 1113 68 28 Tem-

1124 1159 88 31 beck,
1233 1161 97 27 meine
1351 1159 89 29 Frau.

1087 1208 108 29 Frau
1216 1209 251 31 Rohrbruch
1488 1207 109 35 (reicht
1618 1211 156 29 Tembeck
1795 1212 47 28 die
1864 1207 116 35 Hand):

1123 1258 49 28 ich
1195 1258 146 29 überfalle
1364 1258 50 29 Sie

1087 1306 24 28 T
1124 1307 174 28 embeck
1312 1303 123 36 (immer
1456 1309 54 28 mit
1529 1308 92 29 tiefen
1640 1308 246 34 Verbeugungen
1905 1311 61 27 stot-

1124 1358 60 27 tert
1205 1358 145 27 verwirrt
1371 1359 98 26 etwas
1487 1357 289 31 unverständliches
1794 1366 187 24 zusammen,

1124 1404 64 30 ihre
1205 1404 89 30 Hand
1310 1402 164 36 nehmend)

1087 1453 250 31 Rohrbruch
1365 1451 285 38 (schwadroniert):
1680 1456 62 28 und
1769 1455 54 29 das
1851 1457 38 27 ist
1917 1456 64 29 hier

1125 1502 65 29 also
1211 1504 99 29 meine
1332 1503 96 33 Bude,
1447 1503 124 35 Schatz,
1587 1504 66 30 hier
1674 1504 78 30 habe
1773 1505 48 28 ich
1842 1505 139 33 gehaust,

1125 1559 37 21 an
1187 1552 46 29 die
1254 1553 66 28 vier
1344 1552 167 33 Semester,
1535 1561 32 21 es
1589 1555 39 28 ist
1648 1554 78 28 noch
1748 1554 61 29 fast
1832 1554 74 29 alles
1928 1562 36 20 un-

1124 1601 168 29 verändert

1086 1648 109 31 Frau
1214 1649 254 32 Rohrbruch
1489 1648 120 36 (schaut
1635 1652 63 28 sich
1722 1649 77 35 um):
1824 1652 55 29 das
1900 1652 80 30 freut

1124 1699 80 28 mich
1226 1700 79 32 sehr,
1325 1700 56 28 das
1403 1700 60 29 mal
1485 1709 37 20 zu
1545 1700 74 29 sehn

1087 1748 253 32 Rohrbruch
1371 1747 102 34 (greift
1503 1750 51 28 auf
1583 1750 47 28 die
1660 1746 197 36 Kommode):
1889 1759 92 25 sogar

1124 1799 99 27 meine
1246 1797 149 30 Stummel
1419 1799 98 33 liegen
1538 1799 78 29 noch
1636 1798 39 30 da
1696 1796 10 36 (
1730 1808 32 20 er
1785 1801 104 29 nimmt
1914 1802 66 26 eine

1123 1847 81 30 volle
1224 1846 228 29 Aschenschale
1475 1849 29 28 in
1527 1847 47 29 die
1596 1845 102 36 Hand)

1085 1895 106 29 Frau
1214 1895 180 29 Starsch
1419 1892 60 36 (die
1503 1905 36 21 an
1567 1898 52 28 der
1642 1896 62 30 Tür
1727 1897 253 30 liebedienerisch

1124 1944 107 29 stehen
1263 1945 160 33 geblieben
1452 1954 77 25 war,
1559 1948 97 27 stürzt
1691 1946 50 28 auf
1771 1947 48 28 ihn
1851 1955 37 20 zu
1920 1947 61 28 und

1127 1994 106 28 nimmt
1256 1994 59 27 ihm
1338 1994 47 28 die
1408 1994 228 29 Aschenschale
1662 1991 64 35 ab):
1752 1995 47 33 oh,
1822 1995 77 29 Herr
1924 1996 38 33 Re-

1127 2042 143 29 ferendar
1304 2041 48 33 (zu
1386 2044 79 28 Frau
1489 2041 193 35 Rohrbruch)
1715 2045 52 29 der
1792 2045 77 29 Herr
1893 2046 72 32 Refe-

1124 2095 111 28 rendar
1252 2102 105 22 waren
1377 2096 106 28 immer
1504 2103 34 21 so
1555 2096 106 32 spaßig
1673 2093 59 35 (sie
1750 2097 230 29 verschwindet

1124 2143 114 28 schnell
1263 2145 52 28 mit
1334 2144 57 28 der
1416 2141 123 36 Schale)

1086 2200 252 32 Rohrbruch
1365 2198 93 34 (lacht
1485 2201 98 30 hinter
1610 2202 44 28 ihr
1683 2199 81 36 her):
1792 2202 28 30 ja
1856 2202 124 32 Schatz,

1125 2249 53 30 der
1215 2250 124 29 Betrieb
1377 2251 39 29 ist
1456 2251 45 28 ein
1541 2251 125 29 bischen
1707 2253 142 31 primitiv,
1889 2251 90 28 sechs

1123 2298 34 28 W
1158 2298 4 34 r
1166 2299 96 29 ochen
1287 2299 49 29 bin
1360 2300 47 28 ich
1432 2308 58 21 nun
1515 2300 95 29 schon
1635 2309 72 23 weg

1085 2355 105 28 Frau
1211 2356 254 32 Rohrbruch
1487 2354 184 36 (belustigt):
1694 2358 59 27 wie
1774 2357 145 30 konntest
1940 2356 39 29 du

1124 2404 48 30 die
1196 2413 84 21 arme
1304 2406 79 29 Frau

1085 2460 255 33 Rohrbruch
1364 2460 120 35 (lacht):
1506 2463 49 28 ich
1576 2463 101 30 wollts
1704 2463 43 27 dir
1769 2464 29 31 ja
1821 2463 78 29 doch
1924 2470 54 21 nur

1122 2514 106 31 zeigen
1248 2509 92 36 (fährt
1360 2514 53 28 mit
1433 2512 70 29 dem
1523 2512 110 32 Finger
1654 2512 74 28 über
1748 2512 47 29 die
1813 2511 165 31 Bettkante

1124 2561 59 29 und
1209 2563 79 31 zeigt
1317 2559 57 35 ihr)
1402 2561 73 33 sieh,
1503 2562 56 28 das
1587 2563 72 30 liegt
1698 2561 76 29 auch
1809 2563 78 27 noch
1924 2570 54 21 aus

1123 2611 114 28 meiner
1259 2610 73 32 Zeit,
1356 2611 191 29 interessiert
1568 2610 70 30 dich
1659 2611 57 28 das
1740 2610 104 30 nicht?

1084 2667 104 29 Frau
1220 2667 253 31 Rohrbruch
1507 2664 131 35 (schlägt
1673 2667 58 28 ihm
1766 2667 126 30 lachend
1928 2667 50 28 auf

1124 2719 46 28 die
1195 2715 136 37 Finger):
1354 2727 32 20 er
1404 2721 40 27 ist
1468 2718 95 29 schon
1586 2719 47 29 ein
1657 2719 142 33 richtiger
1821 2718 157 29 Ehemann

1123 2768 178 33 geworden,
1327 2768 91 29 was?
1445 2769 73 28 oder
1547 2768 52 28 hat
1626 2776 32 20 er
1688 2767 55 29 das
1769 2767 103 29 früher
1901 2776 77 21 aucn

1126 2816 156 30 gesehen?
1306 2813 103 34 (blickt
1430 2816 64 28 sich
1515 2812 77 36 um):
1615 2815 83 33 aber,
1718 2817 147 33 wirklich,
1887 2825 33 20 es
1941 2818 39 26 ist

1123 2868 55 28 mir
1202 2867 71 29 alles
1299 2867 70 30 sehr
1391 2869 194 29 interessant,
1607 2867 48 28 ich
1681 2868 83 28 lerne
1788 2868 117 29 wieder
1931 2869 46 28 ein

1125 2914 61 30 Mal
1214 2918 46 26 ein
1287 2915 174 29 Stückchen
1485 2924 61 20 von
1574 2918 129 26 meinem
1730 2916 92 29 Mann
1849 2917 129 33 kennen,

1127 2965 54 29 das
1199 2968 32 26 tu
1252 2966 46 28 ich
1319 2975 36 19 zu
1376 2974 83 24 gern,
1478 2966 170 28 besonders
1668 2974 54 20 aus
1742 2968 116 27 seinem
1875 2967 86 28 frühe-

1123 3025 53 20 ren
1199 3017 102 29 Leben

1084 3073 24 28 T
1122 3075 170 28 embeck
1333 3071 95 35 (lacht
1470 3074 145 33 verlegen
1659 3076 59 26 und
1760 3075 87 30 rückt
1891 3077 85 27 einen

1121 3120 163 36 Fauteuil):
1325 3124 112 28 wollen
1477 3123 136 32 Gnädige
1652 3123 80 28 Frau
1771 3124 82 29 nicht
1889 3124 86 29 Platz

1121 3171 152 29 nehmen?

1083 3227 107 29 Frau
1224 3229 111 32 Rolb
1349 3238 13 19 r
1375 3238 16 19 u
1402 3238 17 19 c
1431 3229 18 28 h
1483 3225 91 35 (setzt
1611 3225 90 37 sich):
1739 3229 96 29 danke
1871 3230 103 32 schön,

1122 3278 144 29 wohnten
1291 3279 50 29 Sie
1368 3278 96 29 schon
1490 3277 87 29 hier?

1084 3332 253 33 Rohrbruch
1365 3332 74 36 (hält
1465 3333 156 30 Tembeck
1645 3335 49 28 die
1720 3334 254 34 Zigarrentasche

1121 3379 76 36 hin):
1219 3385 37 33 ja,
1277 3385 64 28 hier
1358 3384 91 30 haust
1468 3386 64 27 eine
1556 3392 95 25 ganze
1673 3384 301 34 Studentenkolonie,

1121 3431 90 35 fünfe,
1231 3432 93 29 was?

1084 3488 24 28 T
1121 3490 173 28 embeck
1331 3486 66 35 (der
1435 3492 64 27 eine
1535 3488 124 33 Zigarre
1694 3497 181 25 genommen
1912 3490 62 31 hat,

1122 3539 94 28 reicht
1241 3539 179 31 Rohrbruch
1443 3540 53 28 das
1517 3538 121 28 Messer
1661 3547 68 19 zum
1751 3539 222 33 Abschneiden,

1122 3584 113 36 ruhig):
1263 3587 108 30 danke.
1395 3589 71 28 Vier
1493 3589 81 31 jetzt,
1600 3587 130 28 seitdem
1753 3588 41 27 du
1817 3588 62 31 fort
1905 3589 68 31 bist,

1120 3638 38 26 ist
1184 3636 76 28 noch
1285 3636 84 30 nicht
1393 3638 116 28 wieder
1534 3636 172 28 vermietet.
1732 3636 42 29 So
1800 3638 106 28 mitten
1934 3638 39 28 im

1122 3685 155 28 Semester
1296 3682 9 35 (
1324 3694 36 19 zu
1377 3685 77 29 Frau
1471 3680 192 36 Rohrbruch)
1684 3685 59 28 und
1762 3684 47 29 ich
1825 3685 48 28 bin
1894 3685 78 28 dann

1124 3733 27 27 in
1172 3732 55 28 das
1244 3732 130 29 Zimmer
1392 3733 84 28 Ihres
1497 3732 112 29 Gatten
1629 3740 147 25 gezogen.

1083 3789 105 30 Frau
1212 3791 268 31 Rohrbruch:
1506 3791 59 29 so?
1590 3793 45 26 ein
1660 3791 126 32 lustiges
1809 3792 103 29 Leben
1934 3794 39 28 ist

1121 3838 55 32 das
1196 3840 98 29 sicher
1317 3841 72 32 hier,
1407 3840 90 30 was?
1515 3840 46 29 ich
1584 3840 97 29 denke
1703 3849 31 20 es
1755 3843 56 26 mir
1832 3841 139 33 herrlich,

1120 3891 87 26 unter
1230 3889 293 32 gleichgestimmten
1546 3888 109 30 Seelen

2061 89 253 31 Rohrbruch
2334 88 102 36 (lacht,
2456 92 63 34 gibt
2540 93 53 29 das
2614 94 119 30 Messer
2754 95 114 29 zurück
2888 95 61 29 und

2099 140 110 28 zündet
2244 140 63 27 sich
2341 141 47 28 die
2422 140 124 34 Zigarre
2578 139 64 35 an):
2676 143 46 34 oh,
2759 146 56 26 wir
2848 143 101 30 haben

2099 187 148 29 manchen
2272 188 57 28 Ulk
2355 189 128 32 gedreht
2507 186 109 35 (klopft
2641 191 153 30 Tembeck
2823 192 51 28 auf
2901 192 48 29 die

2100 233 153 35 Schulter)
2276 237 90 29 was?
2391 237 75 28 altes
2489 238 108 28 Haus?
2618 241 49 27 die
2691 240 84 30 Bude
2799 241 79 29 kann
2903 249 31 21 er-

2100 284 106 29 zählen

2061 332 106 30 Frau
2189 332 253 33 Rohrbruch
2468 332 119 36 (lacht):
2613 336 175 30 hoffentlich
2811 339 138 32 plaudert

2100 383 43 28 sie
2166 382 93 29 heute
2285 384 45 27 ein
2356 383 125 28 bischen
2507 391 54 21 aus
2587 381 55 36 (sie
2668 385 106 30 erhebt
2799 388 64 27 sich
2889 387 60 29 und

2098 432 66 28 tritt
2191 440 36 20 an
2256 432 56 28 den
2338 430 221 35 Schreibtisch)
2585 433 38 30 ist
2647 433 55 29 das
2727 435 52 28 der
2808 434 124 31 Schreib-

2099 480 86 32 tisch,
2206 489 38 20 an
2270 480 68 28 dem
2364 481 38 28 du
2425 489 35 21 so
2484 482 60 28 viel
2569 483 169 31 gearbeitet
2761 482 91 29 hast?

2061 527 266 30 Rohrbruch:
2350 529 110 35 jawoll,
2481 530 170 32 gearbeitet

2060 577 107 28 Frau
2187 578 251 31 Rohrbruch
2461 576 221 35 (schelmisch):
2707 583 60 27 und
2787 581 101 30 Briefe
2912 590 38 20 an

2098 627 78 28 mich
2202 628 225 31 geschrieben?

2061 674 25 32 R
2098 675 102 29 ohrb
2213 685 13 18 r
2239 685 17 19 u
2268 684 15 20 c
2296 677 18 27 h
2332 674 51 35 (ist
2397 677 98 29 hinter
2511 679 43 27 sie
2573 680 148 31 getreten,
2740 680 103 28 nimmt
2860 680 90 29 rasch

2100 725 47 27 ein
2164 724 66 29 Bild
2247 725 98 29 hinter
2366 726 93 29 ihrem
2479 726 125 32 Rücken
2622 735 61 21 von
2703 727 52 29 der
2771 727 99 30 Wand
2891 729 59 28 und

2099 774 100 30 steckt
2222 783 32 21 es
2280 776 53 29 mit
2357 774 264 35 Handbewegung
2644 776 156 29 Tembeck
2825 786 46 25 zu,
2897 778 53 27 der

2100 830 32 19 es
2159 823 96 29 hinter
2284 824 57 29 den
2366 823 144 36 Vorhang
2532 824 57 28 des
2616 825 232 33 Kleiderriegels
2876 824 75 35 legt)

2060 869 106 29 Frau
2206 870 253 32 Rohrbruch
2500 870 187 35 (betrachtet
2728 875 66 28 eine
2836 874 95 29 Photo-

2099 919 134 33 graphie,
2261 921 50 27 die
2341 922 51 28 auf
2421 921 68 29 dem
2518 922 208 29 Schreibtisch
2757 920 106 36 steht):
2896 924 54 28 das

2100 968 65 27 sind
2188 968 83 29 wohl

2062 1015 138 32 Rohrb
2213 1025 12 19 r
2237 1025 17 19 u
2267 1026 15 18 c
2292 1018 18 28 h
2339 1014 129 37 (rasch):
2497 1021 37 31 ja,
2562 1022 83 28 seine
2672 1021 197 29 Schwestern

2061 1063 104 30 Frau
2211 1064 254 32 Rohrbruch
2508 1065 120 36 (nimmt
2665 1069 56 29 das
2758 1063 93 40 Bild):
2890 1070 60 28 wie

2098 1113 115 30 hübsch
2242 1111 202 37 (vergleicht),
2470 1118 73 27 aber
2569 1119 159 31 eigentlich
2753 1120 101 33 wenig
2879 1119 55 29 ähn-

2098 1164 66 28 lich.

2061 1213 253 32 Rohrbruch
2335 1212 118 35 (nimmt
2474 1216 44 30 ihr
2540 1217 57 29 das
2620 1217 66 30 Bild
2707 1226 54 21 aus
2786 1220 53 28 der
2862 1220 88 27 Hand

2099 1263 62 28 und
2181 1264 62 32 legt
2266 1273 32 21 es
2319 1264 52 29 auf
2392 1266 57 28 den
2470 1265 329 31 Schreibtischaufsatz
2822 1269 51 29 mit
2898 1270 53 27 der

2098 1310 146 30 Bildseite
2267 1313 77 28 nach
2365 1311 119 36 unten):
2505 1314 78 34 Und,
2606 1315 82 33 Lieb,
2710 1317 64 28 sieh
2795 1317 68 30 mal,
2886 1317 64 28 hier

2098 1360 51 30 hat
2168 1363 106 27 immer
2297 1363 65 28 dein
2384 1361 67 30 Bild
2472 1364 179 33 gestanden,
2669 1366 71 27 dein
2760 1366 66 28 Bild
2848 1363 103 35 (weist

2100 1409 49 29 auf
2178 1412 85 27 einen
2292 1411 86 30 Platz
2407 1411 50 28 auf
2488 1414 55 28 den
2573 1411 219 36 Schreibtisch)
2822 1414 129 30 akkurat

2096 1458 74 29 hier.

2061 1507 106 31 Frau
2204 1508 253 33 Rohrbruch
2493 1508 93 35 (lacht
2621 1512 148 31 glücklich
2805 1514 50 27 auf
2891 1512 60 29 und

2099 1557 133 31 klatscht
2257 1567 57 20 vor
2340 1559 182 34 Vergnügen
2550 1562 28 27 in
2608 1562 47 29 die
2680 1557 120 36 Hände)
2829 1561 36 33 0,
2891 1562 59 28 wie

2098 1615 76 25 gern
2200 1608 65 29 hätt
2291 1609 46 27 ich
2361 1608 57 29 das
2444 1609 134 33 gesehen
2606 1606 116 37 (stutzt,
2748 1610 95 31 findet
2872 1611 78 28 dann

2099 1656 73 29 aber
2199 1656 95 34 gleich
2323 1657 64 30 ihre
2415 1658 170 30 Sicherheit
2611 1656 130 37 wieder)
2768 1660 108 33 gewiß,
2904 1660 47 28 ich

2097 1705 79 31 habe
2199 1707 42 29 oft
2264 1707 54 29 das
2341 1707 173 32 Verlangen
2536 1707 122 34 gehabt,
2681 1709 47 28 ich
2747 1708 122 30 möchte
2889 1710 62 28 mal

2098 1754 102 32 sehen,
2235 1763 50 20 wo
2322 1755 52 29 der
2405 1756 123 29 Liebste
2561 1758 105 29 wohnt
2700 1754 49 35 (zu
2782 1754 169 34 Tembeck)

2098 1802 120 30 können
2240 1804 50 28 Sie
2316 1804 54 29 das
2391 1805 189 29 verstehen?
2605 1815 46 24 na,
2675 1806 51 29 Sie
2748 1806 100 30 haben
2870 1807 81 30 doch

2098 1853 78 28 zwei
2194 1853 222 29 Schwestern?
2435 1854 106 29 Haben
2559 1854 74 30 die?
2654 1855 73 29 Sind
2745 1855 51 29 Sie
2815 1856 54 29 der
2889 1857 46 27 ein-

2097 1902 69 33 zige
2186 1902 142 28 Bruder?

2060 1950 210 30 Tembeck
2295 1947 184 36 (verwirrt):
2507 1954 36 30 ja,
2568 1953 47 29 ich
2641 1954 118 32 glaube.

2060 1999 109 30 Frau
2192 1999 251 33 Rohrbruch
2467 1999 90 35 (sieht
2583 2002 48 29 ihn
2657 2004 180 28 überrascht
2862 2001 51 35 an)

2060 2048 170 31 Kroller
2254 2047 77 34 (tritt
2356 2052 29 27 in
2411 2051 46 29 die
2484 2051 71 33 Tür,
2583 2052 205 34 geschniegelt
2814 2053 58 28 und
2898 2062 35 25 ge-

2097 2095 130 36 bügelt):
2250 2098 45 30 ah,
2317 2100 64 28 sieh
2404 2100 46 33 da,
2472 2100 118 29 welche
2609 2100 79 29 Ehre
2708 2098 77 35 (tritt
2807 2103 52 27 mit
2881 2110 52 20 aus-

2097 2148 192 32 gestreckter
2314 2149 87 29 Hand
2427 2149 52 29 auf
2501 2149 178 32 Rohrbruch
2705 2159 45 24 zu,
2774 2152 93 28 stutzt
2891 2150 58 29 und

2096 2197 54 33 tut,
2176 2197 42 29 als
2244 2197 144 30 bemerke
2414 2206 32 20 er
2471 2203 62 26 erst
2557 2200 73 30 jetzt
2655 2200 78 28 Frau
2757 2196 193 36 Rohrbruch)

2094 2246 50 33 oh,
2164 2246 201 35 Verzeihung.

2060 2295 250 32 Rohrbruch
2338 2294 137 35 (wendet
2504 2298 64 28 sich
2597 2307 50 20 um
2678 2301 59 27 und
2764 2300 95 29 reicht
2888 2299 60 29 ihm

2098 2344 46 29 die
2171 2342 116 34 Hand):
2315 2346 126 33 Kroller,
2470 2347 52 29 das
2550 2347 79 29 freut
2653 2349 79 27 mich
2759 2345 92 35 (stellt
2879 2345 70 36 vor)

2096 2394 73 33 hier,
2190 2394 122 34 Schatz,
2337 2398 78 27 mein
2440 2396 74 28 alter
2538 2396 201 30 Studibruder
2763 2397 126 32 Kroller.

2058 2443 172 33 Kroller
2249 2441 164 37 (verbeugt
2435 2446 63 29 sich
2519 2444 129 35 galant):
2674 2447 137 33 Gnädige
2832 2448 79 28 Frau

2059 2493 258 30 Scherwenz
2349 2495 77 28 und
2459 2495 119 31 Murx
2601 2493 111 35 (treten
2734 2498 28 27 in
2786 2496 48 30 die
2855 2493 94 36 Türe)

2058 2542 253 32 Rohrbruch
2332 2540 156 37 (erfreut):
2512 2545 58 30 und
2593 2547 46 30 da,
2661 2546 39 29 da
2724 2546 38 28 ist
2784 2546 46 28 die
2850 2554 97 24 ganze

2096 2592 131 32 Korona,
2251 2594 54 28 das
2330 2594 74 29 trifft
2430 2596 63 27 sich
2514 2594 109 34 famos,
2648 2604 59 19 nun
2729 2596 79 29 kann
2830 2596 47 28 ich
2903 2597 44 28 sie

2096 2641 45 29 dir
2169 2642 97 32 gleich
2298 2643 56 28 alle
2383 2643 175 34 vorführen,
2588 2644 86 33 Kind,
2707 2646 45 28 die
2783 2644 164 34 Getreuen,

2094 2693 88 26 unter
2204 2691 99 29 denen
2326 2691 47 29 ich
2397 2693 128 33 gehaust
2548 2693 86 32 habe,
2658 2693 72 33 hier,
2754 2695 76 27 mein
2853 2695 94 28 lieber

2094 2739 120 29 Freund
2247 2740 196 34 Scherwenz,
2475 2744 133 31 genannt
2637 2742 91 33 Loch,
2764 2742 38 28 du
2835 2742 112 29 findest

2094 2789 108 29 keinen
2221 2789 135 29 festeren
2378 2789 92 29 Mann
2493 2792 38 27 im
2551 2791 112 28 Trunk.
2683 2791 67 28 Und
2771 2792 63 28 hier
2854 2789 91 35 (zieht

2096 2838 56 28 den
2170 2840 98 27 etwas
2286 2838 123 33 zaghaft
2428 2839 283 29 zurückstehenden
2729 2840 93 29 Murx
2839 2838 107 36 heran)

2094 2895 92 21 unser
2220 2886 189 31 Bierdichter
2445 2888 100 33 Murx,
2581 2897 32 20 er
2650 2890 135 28 rezitiert
2819 2890 43 28 dir
2899 2890 46 28 die

2094 2936 254 30 wunderbarsten
2371 2937 172 31 Bierverse,
2565 2945 91 21 wenn
2679 2947 32 21 er
2735 2938 60 31 voll
2820 2939 46 32 ist,
2891 2939 54 27 des

2095 2985 121 28 Geistes

2056 3032 260 31 Scherwenz
2337 3034 57 29 und
2413 3034 118 30 Murx
2554 3031 187 37 (verbeugen
2762 3036 63 28 sich
2849 3036 94 33 eckig,

2093 3090 69 21 man
2190 3083 99 29 merkt
2316 3084 88 27 ihnen
2432 3083 47 29 die
2506 3083 213 34 Verlegenheit
2746 3085 74 28 über
2846 3085 78 31 Rohr-

2092 3131 112 29 bruchs
2225 3131 208 32 Erklärungen
2456 3130 51 36 an)

2055 3179 105 29 Frau
2206 3179 253 33 Rohrbruch
2506 3177 93 35 (lacht
2646 3182 190 33 unbefangen
2883 3181 60 29 und

2093 3229 96 29 reicht
2214 3229 75 29 allen
2316 3230 102 28 dreien
2444 3231 46 28 die
2515 3230 98 34 Hand,
2640 3231 46 28 die
2710 3233 42 27 sie
2777 3232 52 28 mit
2854 3231 89 29 tiefer

2092 3278 205 33 Verbeugung
2329 3278 136 29 nehmen,
2499 3279 112 28 zuletzt
2643 3278 68 29 dem
2743 3276 117 36 Murx):
2895 3280 47 32 oh,

2092 3326 50 29 Sie
2164 3326 138 29 Dichter!
2326 3327 49 29 Sie
2395 3328 66 28 sind
2484 3328 63 28 also
2569 3328 159 33 eigentlich
2753 3328 53 29 das
2829 3328 113 29 höhere

2090 3375 138 31 Element
2251 3376 63 27 hier
2339 3378 27 26 in
2395 3376 114 29 diesem
2536 3376 129 30 Kreise?

2058 3431 113 29 Murx
2199 3429 135 34 (stottert
2363 3435 86 27 unter
2479 3433 90 29 tiefen
2597 3433 242 34 Verbeugungen
2870 3441 53 21 ver-

2094 3476 114 35 legen):
2231 3480 70 29 sehr
2321 3480 257 33 schmeichclhaft,
2599 3481 137 33 Gnädige
2755 3483 79 28 Frau

2053 3539 250 31 Rohrbruch
2324 3537 129 35 (lustig):
2475 3542 35 31 ja,
2533 3542 96 29 meine
2651 3540 78 29 Frau
2750 3541 102 29 wollte
2875 3540 63 28 sich

2090 3589 58 28 mal
2169 3589 26 28 in
2216 3589 128 28 meinem
2362 3589 81 28 alten
2467 3589 100 28 Milieu
2589 3590 154 32 umsehen,
2762 3591 86 26 einen
2870 3589 51 28 Ein-

2089 3637 78 28 blick
2190 3639 50 27 tun
2265 3639 29 27 in
2318 3638 79 28 mein
2420 3638 285 31 vorsündflutliches
2730 3638 111 28 Leben.

2051 3693 170 32 Kroller
2244 3692 141 34 (galant):
2413 3697 45 27 ein
2483 3696 164 29 herrlicher
2670 3695 113 31 Einfall,
2808 3695 129 33 gnädige

2089 3742 87 32 Frau,
2204 3744 51 28 der
2280 3752 55 20 uns
2359 3744 85 29 diese
2471 3744 79 28 hohe
2571 3744 77 29 Ehre
2672 3743 167 29 verschafft

2051 3791 106 28 Frau
2185 3791 264 31 Rohrbruch:
2478 3793 50 29 Sie
2551 3792 98 28 haben
2680 3791 79 28 wohl
2786 3791 81 29 nicht
2891 3791 45 28 oft

2088 3840 258 29 Damenbesuch?

2049 3887 171 33 Kroller
2242 3886 139 35 (sicher):
2405 3889 92 29 leider
2521 3891 76 27 nein.
