4356 5557
387 5150 149 70 158

535 340 194 81 „Alle
783 340 356 66 Mädchen
1195 343 340 63 erwarten
1593 358 181 63 wen,

541 451 253 83 „Jump
851 450 229 79 Heidi,
1134 451 217 83 Jump
1405 451 251 82 Heida,

535 563 270 83 „Wenn
870 565 112 64 die
1037 563 268 66 Bäume
1361 565 68 62 in
1486 563 249 66 Blüten
1791 565 230 79 stehn,

529 675 322 81 „Tralala
1320 673 131 66 Die
1537 675 262 64 Kinder
1894 675 286 83 juchten

397 788 131 65 alle
572 787 139 66 mit.
783 787 234 79 „Aber
1061 804 144 47 wer
1232 787 87 64 ist
1349 787 186 64 denn
1571 788 125 63 das
1727 785 352 68 Mädchen

397 942 58 5 —
516 898 450 82 „Gleichsam
1048 902 122 62 der
1247 898 320 66 keusche
1645 897 231 67 Onkel
1933 897 253 67 Rainer

391 1012 247 78 Maria,
717 1013 122 63 der
892 1012 85 64 ist
1029 1012 151 64 hier
1236 1010 89 64 im
1376 1010 383 66 Paradiese
1838 1012 66 62 in
1984 1012 198 64 seine

392 1124 566 83 Operettenform
988 1122 392 85 gleichsam
1982 1125 202 82 sagte

402 1237 122 64 der
560 1234 196 69 Chef.
860 1234 155 66 Und
1070 1237 86 63 da
1212 1235 157 65 kam
1422 1235 125 65 das
1590 1234 355 66 Mädchen
2004 1235 176 65 auch

397 1345 224 66 schon
677 1345 274 78 heraus,
1005 1345 391 83 gleichsam
1454 1347 202 63 unter
1708 1349 134 61 den
1903 1344 241 66 Blüten-

404 1459 303 62 bäumen
761 1474 180 64 weg,
993 1474 148 47 was
1195 1457 122 64 der
1354 1454 230 67 Onkel
1642 1454 229 67 Pfizer
1921 1455 215 66 wiede-

392 1588 149 45 rum
580 1567 165 66 sehr
780 1567 263 66 schade
1080 1567 162 66 fand
1286 1571 141 61 und
1479 1567 244 83 hüpfte
1764 1571 139 62 und
1945 1569 227 64 lachte

394 1681 141 64 und
597 1684 202 80 sagte
865 1679 364 83 plötzlich,
1291 1681 102 64 als
1457 1698 207 45 wenn
1730 1681 125 62 das
1920 1698 79 47 so
2065 1681 112 64 ein

392 1792 415 65 neckischer
858 1791 252 66 Einfall
1166 1808 344 67 gewesen
1566 1796 220 62 wäre:

397 1921 451 75 „Aufeinmal
870 1921 212 64 weiss
1102 1921 107 64 ich
1239 1921 134 64 viel
1410 1938 141 47 von
1578 1923 135 62 den

392 2035 129 64 Die
540 2033 257 66 Kinder
819 2038 313 61 wussten
1163 2033 210 73 nicht,
1403 2035 132 64 wie
1564 2033 102 66 sie
1691 2035 127 62 das
1842 2033 189 64 wohl
2057 2052 82 64 ge-

392 2146 215 63 meint
648 2145 229 64 haben
941 2145 283 74 konnte,
1273 2143 411 83 jumpheidi,
1744 2143 431 85 jumpheida,

394 2258 137 63 und
618 2255 269 66 welche
975 2255 398 66 Fontänen.
1507 2256 165 65 Was
1755 2256 212 65 weiss
2045 2273 129 48 son

389 2370 354 64 Mädchen
800 2368 132 66 viel
990 2387 137 47 von
1183 2372 137 62 den
1373 2368 403 80 Fontänen,
1828 2387 207 47 wenn
2101 2387 74 47 se

391 2480 181 64 noch
629 2480 180 64 eben
895 2483 268 61 unterm
1225 2478 473 66 Blütenbaum
1777 2480 395 83 gestanden

391 2590 116 66 hat
563 2592 139 64 und
761 2592 117 64 hat
932 2592 89 62 da
1075 2609 161 47 wen
1293 2595 342 75 erwartet,
1691 2592 168 64 aber
1911 2593 127 63 das
2091 2592 84 64 ist

391 2702 179 66 eben
626 2700 335 85 Operette
1019 2720 157 48 man
1237 2702 170 66 ahnt
1461 2720 79 48 so
1595 2720 167 63 was,
1818 2703 141 65 und
2015 2703 157 65 kein

394 2812 293 68 Mensch
726 2815 212 65 weiss
977 2814 191 66 recht
1203 2815 261 65 wohin.
1552 2815 156 65 Und
1754 2815 112 65 die
1906 2814 268 66 Bäume

391 2927 281 64 knieten
729 2927 148 66 sich
938 2929 254 84 richtig
1246 2929 240 64 hinein
1557 2929 68 62 in
1694 2927 148 66 ihre
1898 2927 272 73 Blüten,

389 3037 102 66 als
518 3035 230 68 Onkel
782 3037 277 68 Herwie
1085 3040 242 65 weiter
1349 3040 303 65 zitierte:
1698 3037 171 86 „Die
1899 3037 275 68 Häuser

387 3149 209 66 fallen
653 3149 227 68 hinter
934 3169 134 48 uns
1126 3152 105 66 ins
1615 3150 154 68 Und
1827 3169 144 48 nun
2011 3152 154 65 karr

389 3262 125 63 das
568 3261 378 83 Mädchen,
1012 3262 112 66 die
1181 3281 109 47 wo
1344 3281 159 47 wen
1559 3266 322 62 erwartet
1957 3262 212 82 hatte,

391 3372 133 80 die,
594 3389 112 46 wo
761 3372 148 66 sich
966 3372 66 65 in
1090 3374 110 64 die
1263 3374 293 64 Blumen
1635 3372 535 85 hineingekniet

391 3484 206 76 hatte,
680 3484 405 83 jumpheidi,
1159 3486 436 81 jumpheida,
1674 3486 112 64 die
1857 3503 112 45 wo
2026 3504 143 46 nun

387 3594 119 64 auf
557 3596 257 64 einmal
885 3613 147 47 was
1087 3613 137 47 von
1291 3598 134 62 den
1485 3594 369 66 Fontänen
1935 3596 234 79 weiss,

387 3706 119 64 auf
541 3704 232 68 Onkel
829 3706 278 66 Herwie
1146 3726 85 46 zu
1273 3709 140 63 und
1452 3709 129 63 trat
1634 3708 118 64 ihn
1806 3708 119 66 auf
1972 3709 197 65 seine

389 3818 247 66 Füsse.
763 3819 156 65 Und
1004 3836 210 48 wenn
1293 3819 122 65 der
1498 3838 122 46 zur
1694 3818 192 67 Seite
1967 3819 202 85 ging,

389 3928 174 84 ging
601 3929 125 65 das
763 3928 354 66 Mädchen
1148 3929 264 65 wieder
1463 3931 89 63 da
1590 3929 143 82 hin,
1777 3931 141 64 und
1959 3948 206 47 wenn

386 4039 123 65 der
560 4058 144 48 nun
782 4039 117 67 auf
951 4039 112 67 die
1117 4041 261 65 andere
1434 4039 191 67 Seite
1700 4041 194 85 ging,
1979 4046 186 63 dann

386 4150 174 84 ging
614 4153 127 63 das
792 4150 356 66 Mädchen
1202 4151 264 66 wieder
1518 4153 87 66 da
1659 4153 144 81 hin,
1859 4155 140 64 und
2055 4173 112 48 wo

386 4263 121 63 der
560 4261 323 85 hinging,
958 4263 85 64 da
1098 4263 177 85 ging
1351 4280 76 49 se
1503 4265 249 64 immer
1833 4265 122 64 mit
2025 4266 139 65 und

386 4375 228 79 sagte:
675 4373 154 76 „Ich
885 4373 139 85 geh
1080 4373 184 66 doch
1322 4375 245 64 immer
1618 4375 121 67 auf
1784 4376 175 66 Dich

391 4483 154 66 Und
599 4485 88 66 da
741 4488 202 81 sagte
982 4488 122 63 der
1142 4485 371 68 Professor
1567 4487 260 69 Pfizer:
1889 4487 158 79 „Sie
2082 4490 87 64 ist

384 4595 305 66 nämlich
745 4597 113 64 ein
914 4595 450 73 Gottsucher.
1380 4603 25 24 u
1515 4598 156 66 Und
1740 4600 112 66 die
1910 4600 259 66 Kinder

386 4710 318 63 mussten
741 4707 359 67 furchtbar
1129 4708 273 80 lachen,
1442 4712 141 64 und
1617 4708 232 70 Onkel
1886 4712 281 67 Herwie

386 4822 232 81 sagte:
675 4820 219 78 „Aua,
951 4840 142 46 nun
1132 4820 129 66 hör
1300 4822 278 68 endlich
1620 4823 134 65 mal
1793 4823 137 78 auf,
1982 4825 183 66 mich

386 4930 245 65 immer
684 4930 118 66 auf
855 4932 230 68 meine
1141 4932 227 68 Füsse
1435 4954 87 44 zu
1576 4937 244 74 treten,
1882 4935 107 65 ich
2050 4935 115 66 bin

2304 341 310 66 sowieso
2704 340 179 67 Dein
2959 340 166 71 Gott
3207 341 206 82 nicht,
3489 341 109 68 Du
3679 341 154 68 hast
3909 341 175 68 Dich

2646 492 88 5 —
2839 455 154 66 Und
3075 455 115 66 die
3271 455 259 66 Kinder
3603 455 279 67 lachten
3958 473 127 49 aus

2307 565 253 66 vollem
2599 565 218 67 Halse
2856 568 142 64 und
3041 565 264 67 fanden
3359 568 127 64 das
3539 583 186 68 ganz
3762 568 277 66 wunder-

2302 677 222 66 schön
2604 677 151 66 hier
2832 678 66 65 in
2976 680 124 64 der
3173 677 184 67 alten
3439 677 643 89 Poesieabteilung,

2301 788 132 66 wie
2490 790 222 64 Tante
2766 788 256 66 Rainer
3073 790 223 66 Maria
3349 792 139 66 den
3528 787 231 69 Onkel
3804 788 280 68 Herwie

2301 898 120 65 auf
2467 898 113 66 die
2611 898 228 66 Füsse
2870 898 74 65 irr
2971 915 148 49 mer
3146 898 389 85 gleichsam
3567 902 222 64 treten
3830 898 255 68 wollte.

2301 1010 191 66 Aber
2567 1012 86 66 da
2733 1012 155 66 kam
2956 1010 142 66 ihm
3180 1012 157 66 eine
3413 1013 439 85 grossartige
3909 1013 176 78 Idee,

2304 1124 139 64 und
2501 1139 72 51 er
2624 1125 202 82 sagte
2893 1142 87 48 zu
3036 1125 125 65 das
3212 1124 389 69 Mädchen:
3660 1124 212 79 „Sieh
3928 1124 157 83 mal,

2301 1234 132 66 wie
2489 1235 120 65 der
2650 1234 243 67 Kleine
2948 1237 88 64 da
3090 1235 242 66 hinten
3789 1237 102 66 Da
3942 1254 143 47 war

2302 1347 102 64 sie
2458 1347 288 83 gerührt
2802 1349 139 64 und
2997 1349 179 83 ging
3227 1347 118 66 auf
3400 1350 135 65 den
3591 1369 108 53 zu,
3767 1350 139 65 und
3964 1349 121 64 der

2302 1476 154 49 sass
2511 1461 88 64 da
2653 1459 64 64 in
2775 1459 113 66 die
2942 1459 204 81 Ecke,
3202 1459 389 85 gleichsam
3657 1461 425 84 gekrümmt,

2302 1569 390 85 gleichsam
2731 1571 134 66 wie
2895 1571 158 66 eine
3081 1571 578 84 Jammergestalt
3689 1574 141 63 und
3862 1571 218 66 fasste

2299 1682 122 65 mit
2460 1682 252 66 beiden
2755 1684 299 64 Händen
3097 1684 208 64 einen
3356 1682 406 85 mächtigen
3803 1682 277 66 Bündel

2302 1791 305 67 Plunder
2683 1794 141 64 und
2904 1794 255 64 weinte
3235 1811 160 46 zum
3478 1792 604 66 Herzzerreissen.

2299 1904 157 66 Und
2519 1904 134 66 alle
2707 1904 261 66 Kinder
3029 1906 308 64 weinten
3403 1904 141 66 mit.
3647 1906 156 66 Und
3860 1906 222 64 Tante

2299 2013 254 67 Rainer
2589 2016 221 66 Maria
2848 2016 259 66 weinte
3147 2014 144 80 mit,
3332 2018 142 64 und
3515 2013 230 69 Onkel
3784 2016 295 64 Waiden

2297 2131 234 80 sagte:
2585 2128 188 76 „Das
2841 2129 86 65 ist
2981 2129 305 65 nämlich
3366 2128 112 66 ein
3528 2126 549 85 Expressionist,

2297 2241 126 65 das
2501 2239 84 67 ist
2668 2241 305 65 nämlich
3053 2243 121 63 der
3249 2245 168 79 gute
3498 2238 232 68 Onkel
3801 2238 279 66 Werfel.

2294 2353 201 66 Wein
2575 2353 181 64 doch
2836 2353 210 80 nicht,
3125 2350 232 69 Onkel
3432 2351 462 80 Werfelchen,
3972 2351 105 65 Du

2296 2463 154 66 hast
2480 2463 183 66 doch
2688 2463 183 66 noch
2898 2463 207 66 einen
3136 2463 320 66 schönen
3486 2463 239 66 Ballen
3765 2461 312 66 Plunder

2296 2576 199 63 unter
2548 2575 157 64 dem

2294 2703 188 66 Aber
2534 2705 122 64 der
2731 2703 408 66 schluchzte
3195 2707 139 62 und
3401 2707 234 81 sagte:
3693 2705 206 81 „Was
3952 2703 125 66 wir

2294 2815 262 83 hatten,
2633 2817 86 64 ist
2797 2815 188 66 nicht
3042 2817 195 66 mehr
3310 2836 83 45 zu
3450 2817 258 81 halten,
3767 2817 139 64 und
3964 2834 110 47 am

2292 2927 198 66 Ende
2531 2929 217 64 bleibt
2802 2946 134 47 uns
2981 2927 231 66 nichts
3251 2927 101 66 als
3390 2929 303 66 weinen.
3798 2927 276 81 Uchhu,

2294 3040 257 80 uchnu,
2634 3039 259 83 uchhu,
3393 3040 156 66 Und
3630 3039 132 66 alle
3820 3039 257 64 Kinder

2291 3150 484 67 schluchtzten
2841 3152 154 68 mit:
3071 3152 324 80 „Uchhu,
3450 3152 260 80 uchhu,
3767 3150 308 67 uhchhu.

2292 3261 259 81 uchhu,
2617 3262 415 83 jumpheidi,
3688 3264 188 64 Aber
3930 3283 142 45 nun

2289 3374 159 66 kam
2489 3374 223 66 Tante
2755 3372 254 70 Rainer
3051 3376 222 66 Maria
3312 3376 118 66 auf
3481 3374 440 68 Werfelchen
3964 3396 108 61 zu,

2291 3486 233 64 indem
2580 3486 102 66 sie
2738 3489 233 81 sagte:
3029 3484 205 78 „Nun
3295 3487 233 65 komm
3588 3487 106 65 ich
3737 3487 167 66 aber
3957 3487 118 66 auf

2292 3598 119 64 Dir
2687 3596 144 68 und
2870 3598 177 84 ging
3102 3599 245 65 immer
3401 3598 121 66 auf
3557 3599 119 65 ihn
3725 3618 108 47 zu.
3936 3599 139 66 Der

2287 3708 236 66 wollte
2600 3709 151 65 sich
2831 3711 167 63 aber
3091 3709 190 66 nicht
3359 3711 249 64 imhier
3679 3713 119 64 auf
3874 3711 198 66 seine

2291 3819 536 85 Hühneraugen
2883 3824 220 63 treten
3161 3821 259 81 lassen,
3478 3824 242 65 darum
3777 3823 168 66 Hess
3999 3841 73 48 er

2289 3933 152 64 sein
2499 3931 276 66 Bündel
2829 3933 135 66 alte
3003 3933 304 68 Wäsche
3359 3934 210 67 fallen
3628 3936 139 65 und
3809 3953 265 66 sprang

2287 4043 249 66 immer
2587 4043 393 85 gleichsam
3020 4045 204 67 hoch.
3329 4046 186 66 Aber
3554 4045 222 67 Tante
3821 4045 253 67 Rainer

2285 4153 222 68 Maria
2582 4155 178 84 ging
2836 4155 247 66 immer
3136 4155 118 66 auf
3307 4156 118 65 ihn
3488 4175 108 63 zu,
3677 4160 141 62 und
3872 4158 200 83 jedes

2287 4266 166 80 Mal,
2506 4283 211 48 wenn
2756 4268 102 64 sie
2897 4265 120 67 auf
3053 4266 198 68 seine
3285 4266 228 68 Füsse
3550 4273 222 61 treten
3813 4270 257 81 wollte,

2287 4395 264 68 sprang
2592 4395 73 49 er
2692 4378 205 81 hoch,
2937 4382 139 62 und
3119 4380 130 66 alle
3286 4380 444 86 schmutzige
3767 4382 303 67 Wäsche

2285 4507 266 68 sprang
2604 4490 122 66 mit
2780 4490 207 81 hoch,
3044 4492 142 66 und
3242 4492 452 67 dazwischen
3760 4493 305 83 hopsten

2289 4602 220 66 Tante
2550 4600 254 69 Rainer
2839 4603 222 66 Maria
3117 4605 140 64 und
3313 4602 232 69 Onkel
3608 4603 462 68 Werfelchen.

2287 4713 158 66 Und
2501 4715 101 64 sie
2656 4719 204 79 sagte
2898 4715 205 66 dabei
3161 4715 249 66 immer
3461 4735 84 46 zu
3601 4717 186 66 ihm:
3843 4717 227 81 „Jetzt

2287 4827 239 64 komm
2565 4825 113 68 ich
2717 4827 168 66 aber
2936 4827 118 66 auf
3091 4827 121 66 Dir
3522 4829 155 66 Und
3718 4847 75 49 er
3838 4832 232 81 sagte:

2636 4940 139 63 und
2863 4939 406 66 schluchzte
3357 4959 129 46 nur
3586 4940 181 66 noch
3848 4940 219 66 mehr.
