2347 3647
969 210 139 34 CÉSAR
1140 218 173 26 FRANCK

2057 217 77 37 457

141 304 194 39 diverses
369 305 163 41 classes
555 306 58 40 du
638 306 342 44 Conservatoire
1010 310 52 40 de
1097 312 222 50 musique,
1343 323 103 27 sans
1464 308 144 53 parler
1630 308 76 40 des
1730 308 144 40 élèves
1898 308 58 40 du
1976 308 161 42 dehors

141 374 74 49 qui
240 372 179 41 allaient
442 375 188 50 prendre
648 376 37 38 la
705 376 123 50 leçon
845 377 110 40 dans
973 391 81 27 son
1071 378 236 52 tranquille
1324 378 126 40 salon
1466 378 58 39 du
1542 376 240 42 boulevard
1805 374 332 46 Saint-Michel,

140 439 106 40 dont
270 439 62 41 les
354 440 155 41 hautes
538 441 190 42 fenêtres
761 445 241 40 donnaient
1039 459 75 27 sur
1149 461 58 24 un
1246 445 141 51 jardin
1421 445 118 51 plein
1572 444 217 51 d'ombre,
1829 444 133 40 chose
1998 458 97 26 rare
2116 448 20 36 à

140 506 142 40 Paris.

196 574 119 41 C'est
336 576 38 39 là
400 590 84 38 que
518 591 114 26 nous
657 592 111 26 nous
792 579 226 47 rendions,
1056 592 85 26 une
1163 579 85 41 fois
1281 595 79 37 par
1394 583 213 45 semaine,
1645 595 72 26 car
1740 582 38 39 le
1810 586 102 46 père
1945 580 189 46 Franck,

140 656 89 26 non
246 652 179 31 content
447 644 53 40 de
530 658 112 26 nous
663 647 211 38 instruire
896 647 112 38 dans
1029 646 39 39 la
1093 649 169 38 science
1284 649 58 39 du
1381 650 296 49 contrepoint,
1705 649 53 39 de
1782 649 39 38 la
1845 647 137 51 fugue
2011 656 40 31 et
2084 648 53 39 de

138 710 370 52 l'improvisation
545 717 21 34 à
600 726 45 26 sa
677 713 139 40 classe
851 714 57 39 du
935 713 360 51 Conservatoire,
1321 713 151 42 faisait
1512 717 124 37 venir
1657 715 102 40 chez
1778 716 61 39 lui
1863 729 105 26 ceux
1989 716 52 39 de
2065 728 70 27 ses

138 779 142 39 élèves
298 781 73 49 qui
390 780 59 39 lui
467 780 296 51 paraissaient
780 783 179 38 mériter
971 795 59 25 un
1049 783 337 48 enseignement
1406 783 270 50 particulier,
1698 791 40 31 et
1756 783 90 38 cela
1864 783 130 40 d'une
2007 782 128 50 façon

138 846 285 41 absolument
452 847 295 39 désintéressée
753 880 9 14 ,
795 862 46 25 ce
872 851 73 49 qui
982 848 111 40 n'est
1122 863 81 37 pas
1230 850 200 51 toujours
1465 850 38 39 le
1544 848 80 41 fait
1659 850 77 39 des
1770 849 277 52 professeurs
2083 851 52 38 de

137 913 364 41 l'établissement
526 913 160 42 officiel
710 916 110 39 dans
844 917 144 50 lequel
1012 916 293 41 l'instruction
1328 918 188 53 gratuite
1523 949 8 17 ,
1565 919 180 38 inscrite
1785 931 54 26 au
1871 917 261 49 règlement,

139 991 64 30 est
225 981 102 40 bien
344 981 106 47 loin,
473 981 143 40 hélas!
644 981 134 42 d'être
802 997 86 26 une
910 984 167 40 réalité.

193 1046 253 55 Lorsqu'on
486 1052 115 38 avait
628 1053 187 38 terminé
855 1065 100 26 avec
995 1052 173 40 Franck
1205 1051 160 42 l'étude
1400 1053 58 40 du
1491 1054 293 50 contrepoint,
1822 1051 104 53 qu'il
1968 1053 167 39 voulait

141 1119 199 50 toujours
363 1117 248 49 intelligent
630 1127 42 32 et
694 1119 270 53 mélodique,
990 1128 40 31 et
1062 1120 106 39 celle
1192 1121 52 39 de
1268 1121 39 39 la
1336 1120 150 51 fugue,
1517 1121 111 39 dans
1658 1119 192 53 laquelle
1869 1120 29 39 il
1918 1120 171 39 laissait
2113 1124 20 35 à

139 1187 151 39 l'élève
314 1198 84 27 une
422 1186 169 48 grande
614 1186 155 41 liberté
788 1190 267 49 expressive,
1082 1188 116 40 alors
1219 1188 244 40 seulement
1489 1202 56 26 on
1568 1189 299 50 entreprenait
1900 1185 160 42 l'étude
2083 1187 52 40 de

138 1254 40 39 la
216 1255 313 49 composition,
564 1258 291 38 entièrement
886 1256 174 48 fondée,
1100 1256 173 52 d'après
1310 1256 75 47 lui,
1429 1270 74 26 sur
1542 1256 38 39 la
1627 1257 301 39 construction
1968 1255 163 40 tonale.

138 1321 157 41 Aucun
326 1332 80 39 art,
445 1335 53 26 en
535 1322 116 51 effet,
679 1324 68 39 n'a
782 1324 100 51 plus
918 1325 53 39 de
1011 1333 181 43 rapport
1220 1338 102 26 avec
1355 1324 39 39 la
1432 1326 207 49 musique
1673 1338 85 37 que
1794 1323 335 40 l'architecture.

138 1390 120 39 Pour
281 1391 144 41 élever
447 1408 60 25 un
531 1390 169 49 édifice,
723 1392 29 38 il
770 1390 93 41 faut
884 1400 94 32 tout
1005 1390 183 42 d'abord
1212 1406 84 37 que
1314 1392 61 39 les
1399 1394 245 37 matériaux
1668 1394 143 38 soient
1833 1391 165 39 choisis
2022 1399 39 31 et
2081 1390 53 40 de

140 1457 148 42 bonne
315 1461 166 50 qualité
497 1471 9 38 ;
529 1460 30 39 il
586 1474 54 25 en
658 1467 64 32 est
741 1460 53 38 de
811 1463 143 36 même
978 1473 110 37 pour
1105 1460 62 39 les
1183 1459 113 39 idées
1309 1459 254 50 musicales,
1583 1474 75 25 sur
1677 1460 39 39 le
1737 1459 125 40 choix
1882 1458 251 52 desquelles

139 1526 39 39 le
200 1530 301 48 compositeur
525 1528 91 39 doit
642 1541 46 25 se
711 1535 196 31 montrer
929 1533 86 34 très
1034 1526 196 48 difficile,
1256 1527 67 39 s'il
1345 1536 102 32 veut
1470 1527 110 40 faire
1604 1541 86 25 une
1713 1540 151 26 œuvre
1886 1526 200 40 durable.

192 1593 116 41 Mais
325 1595 29 39 il
375 1593 109 42 n'est
504 1609 79 37 pas
608 1593 220 48 suffisant,
849 1608 112 37 pour
983 1597 260 44 construire,
1269 1594 168 40 d'avoir
1460 1595 52 39 de
1530 1594 140 40 beaux
1689 1596 260 45 matériaux,
1975 1607 157 27 encore

136 1660 150 42 faut-il
306 1665 147 38 savoir
473 1663 62 40 les
559 1663 203 51 disposer
785 1662 52 39 de
866 1661 128 50 façon
1015 1661 129 52 qu'ils
1168 1660 254 52 s'agencent
1451 1675 55 27 en
1543 1676 60 25 un
1626 1668 88 33 tout
1744 1663 204 49 puissant
1971 1669 40 31 et
2034 1662 73 38 har-

137 1731 208 38 monieux
364 1745 9 33 ;
408 1731 76 39 des
517 1733 166 49 pierres
707 1730 52 39 de
780 1729 134 46 taille,
941 1731 35 37 si
1001 1731 334 38 attentivement
1356 1728 240 51 façonnées
1628 1738 41 31 et
1693 1729 219 51 sculptées
1949 1728 183 52 qu'elles

136 1799 200 49 puissent
355 1802 105 44 être,
481 1813 53 25 ne
550 1799 322 38 constitueront
889 1798 157 50 jamais
1062 1811 61 26 un
1143 1806 262 31 monument
1429 1799 35 38 si
1484 1797 106 39 elles
1610 1805 99 32 sont
1733 1796 283 52 simplement
2039 1797 69 51 jux-

137 1870 203 46 taposées
361 1879 104 26 sans
485 1865 128 40 ordre
637 1867 44 38 ni
698 1864 229 48 méthode;
951 1865 53 39 de
1029 1868 159 44 même,
1214 1865 77 40 des
1314 1865 120 39 idées
1456 1865 253 47 musicales,
1733 1865 35 38 si
1792 1863 138 40 belles
1951 1863 183 53 qu'elles

137 1934 160 47 soient,
331 1947 54 26 ne
423 1936 322 37 constitueront
779 1934 157 51 jamais
965 1947 59 24 un
1054 1946 206 27 morceau
1296 1933 52 39 de
1381 1935 207 49 musique
1624 1934 35 37 si
1689 1933 95 39 leur
1806 1933 122 50 place
1965 1940 42 31 et
2041 1932 94 39 leur

136 1999 341 40 enchaînement
510 2013 55 26 ne
599 2008 99 31 sont
732 2000 143 50 réglés
902 2015 79 36 par
1012 2015 86 25 une
1126 2001 181 51 logique
1336 2010 40 30 et
1411 2006 100 34 sûre
1547 2001 284 39 ordonnance
1851 2015 8 33 ;
1907 2004 21 35 à
1959 2013 46 26 ce
2038 2001 93 50 prix

137 2067 261 48 seulement,
424 2067 38 40 le
498 2076 261 31 monument
788 2070 204 45 existera,
1014 2077 55 39 et,
1107 2070 35 37 si
1176 2069 61 39 les
1261 2069 215 40 éléments
1509 2082 54 26 en
1595 2077 99 31 sont
1723 2067 158 48 beaux,
1917 2069 35 38 si
1975 2066 160 41 l'ordre

136 2135 285 51 synthétique
461 2150 27 37 y
533 2143 64 32 est
630 2135 440 40 harmonieusement
1109 2135 221 48 combiné,
1366 2135 181 42 l'œuvre
1582 2150 96 27 sera
1719 2137 138 39 solide
1895 2144 40 32 et
1971 2149 161 38 pourra

136 2200 137 41 défier
295 2201 177 41 l'action
494 2203 58 39 du
576 2211 158 43 temps.

189 2268 65 41 La
278 2272 298 49 composition
609 2271 213 39 musicale
858 2269 110 41 n'est
1007 2272 124 50 point
1165 2279 123 32 autre
1312 2272 146 39 chose.
1485 2271 118 40 C'est
1624 2285 46 26 ce
1693 2285 85 38 que
1801 2271 189 48 Franck,
2012 2279 40 33 et
2072 2272 60 39 lui

133 2337 89 39 seul
239 2341 22 35 à
281 2346 111 31 cette
414 2343 188 47 époque,
625 2340 140 38 savait
787 2338 370 41 admirablement
1175 2337 109 41 faire
1303 2340 289 50 comprendre
1610 2344 22 35 à
1653 2352 68 27 ses
1739 2339 222 52 disciples.
1981 2338 150 50 Aussi,

138 2406 115 39 alors
279 2419 99 38 que,
414 2406 196 51 pendant
634 2406 62 40 les
717 2408 106 38 trois
846 2409 213 49 premiers
1093 2416 153 42 quarts
1270 2407 58 39 du
1362 2422 69 24 xix
1436 2415 12 15 e
1472 2407 145 50 siècle,
1657 2408 39 39 la
1721 2407 264 51 production
2018 2420 87 39 sym-

134 2473 228 51 phonique
379 2472 78 51 fut,
481 2488 54 25 en
561 2474 181 50 France,
770 2474 282 40 absolument
1075 2476 135 46 nulle,
1238 2488 57 27 on
1316 2476 61 39 vit
1398 2475 183 39 s'élever
1604 2483 94 32 tout
1723 2479 22 35 à
1768 2488 129 38 coup,
1924 2477 131 47 grâce
2079 2489 53 25 au

134 2541 148 48 génial
300 2543 337 48 enseignement
663 2542 57 39 du
736 2546 173 44 maître,
932 2556 85 26 une
1035 2542 206 40 nouvelle
1270 2542 120 40 école
1418 2542 219 50 française
1657 2542 145 52 pleine
1824 2542 52 40 de
1895 2547 100 35 sève
2018 2546 92 36 créa-

135 2610 104 38 trice
261 2617 40 31 et
336 2608 212 40 d'audace
585 2610 205 50 juvénile,
826 2618 175 42 experte
1022 2623 54 26 en
1112 2610 96 39 l'art
1241 2609 327 52 symphonique
1604 2619 39 31 et
1676 2624 54 25 en
1764 2610 39 39 la
1840 2611 206 50 musique
2081 2610 52 39 de

134 2675 225 48 chambre,
382 2690 57 26 on
457 2678 61 38 vit
541 2682 141 34 naître
699 2691 86 26 une
808 2678 223 50 phalange
1051 2678 52 39 de
1123 2678 151 50 jeunes
1309 2680 321 48 compositeurs
1653 2678 238 50 dépassant
1911 2691 53 26 en
1984 2682 149 46 portée

136 2745 245 49 artistique,
413 2758 79 36 par
525 2744 39 39 la
599 2744 132 40 clarté
761 2745 53 38 de
837 2744 39 39 la
910 2744 156 50 forme,
1093 2745 38 38 la
1164 2744 176 40 solidité
1364 2745 52 39 de
1440 2745 39 39 la
1516 2746 299 38 construction
1851 2752 41 32 et
1925 2748 144 36 même
2093 2745 39 39 la

133 2812 154 38 valeur
303 2812 75 38 des
395 2812 135 48 idées,
557 2820 99 31 tous
674 2812 62 38 les
757 2812 331 50 symphonistes
1119 2812 245 39 allemands
1384 2811 178 48 d'alors,
1589 2814 90 50 qui,
1711 2826 97 33 eux,
1831 2825 45 27 se
1897 2813 236 40 traînaient

134 2892 159 26 encore
316 2879 110 39 clans
461 2879 9 37 1
492 2880 173 38 ornière
695 2884 177 34 creusée
901 2893 78 37 par
1007 2878 338 41 Mendelssohn.
1368 2878 125 41 Cette
1514 2878 295 41 bienfaisante
1832 2880 216 39 influence
2080 2879 52 40 de

135 2947 10 38 1
166 2947 338 49 enseignement
524 2946 57 39 du
595 2952 102 45 père
717 2946 173 39 Franck
912 2960 54 26 ne
984 2945 201 41 s'étendit
1208 2949 123 49 point
1352 2947 245 40 seulement
1621 2961 74 26 sur
1714 2948 63 39 les
1794 2949 239 38 musiciens
2058 2949 73 50 qui

136 3013 297 40 travaillaient
456 3014 317 51 spécialement
794 3027 104 26 avec
914 3015 76 47 lui,
1010 3014 82 39 elle
1112 3028 45 26 se
1176 3013 48 41 fit
1245 3029 157 26 encore
1420 3017 137 38 sentir
1580 3029 74 26 sur
1676 3029 105 26 ceux
1804 3016 77 39 des
1905 3015 145 40 élèves
2074 3015 58 40 du

135 3080 343 41 Conservatoire
507 3083 75 49 qui
613 3091 201 40 reçurent
845 3095 69 26 ses
951 3084 91 37 avis
1063 3086 22 35 à
1107 3083 38 38 la
1173 3083 140 40 classe
1346 3083 199 50 d'orgue,
1574 3098 81 37 par
1683 3084 198 51 exemple
1900 3099 7 24 :
1948 3082 184 41 Samuel

136 3148 251 48 Rousseau,
411 3147 182 42 Gabriel
610 3148 175 49 Pierné,
806 3147 201 52 Auguste
1024 3149 215 52 Chapuis,
1257 3151 111 40 Paul
1385 3151 147 49 Vidal,
1553 3150 199 51 Georges
1768 3150 162 52 Marty,
1949 3150 181 48 Dallier,

133 3215 188 52 Dutacq,
346 3215 208 51 Galeotti,
578 3225 40 31 et
651 3219 120 37 aussi
795 3230 75 26 sur
901 3217 62 39 les
992 3219 221 39 virtuoses
1244 3220 74 50 qui
1348 3228 154 31 eurent
1521 3219 40 39 la
1580 3219 146 39 bonne
1749 3218 175 40 fortune
1944 3219 52 38 de
2011 3219 120 38 vivre

135 3283 192 52 quelque
367 3293 143 42 temps
535 3285 111 39 dans
680 3298 81 26 son
793 3286 205 48 intimité,
1034 3287 142 49 parmi
1209 3286 195 51 lesquels
1438 3287 38 51 je
1511 3288 150 38 citerai
1694 3296 124 30 notre
1839 3286 171 40 illustre
2044 3288 87 37 ami

135 3350 185 51 Eugène
340 3351 160 52 Ysaye,
522 3354 74 49 qui
613 3353 76 38 dut
710 3352 102 40 bien
835 3367 60 24 un
914 3366 85 37 peu
1023 3353 53 39 de
1097 3366 81 27 son
1197 3355 131 48 génie
1344 3355 341 50 interprétateur
1703 3359 21 34 à
1749 3354 180 40 l'amitié
1952 3354 58 40 du
2030 3360 101 46 père

134 3418 188 48 Franck,
364 3419 143 52 lequel
529 3420 155 40 voulut
708 3420 61 39 lui
798 3420 151 39 dédier
971 3420 39 39 la
1034 3420 170 40 célèbre
1230 3419 160 41 Sonate
1413 3421 52 39 de
1492 3422 166 40 violon.
1683 3420 71 42 On
1777 3432 201 30 retrouve
2011 3420 120 42 enfin

133 3487 76 39 des
246 3496 139 31 traces
410 3493 85 34 très
519 3497 139 31 nettes
683 3489 54 39 de
759 3497 109 31 cette
887 3488 216 40 influence
1138 3489 103 39 chez
1278 3489 76 40 des
1379 3492 173 38 artistes
1578 3492 91 49 qui,
1697 3489 102 41 bien
1835 3503 84 38 que
1953 3490 177 51 n'ayant
