2347 3647
561 272 190 25 LETTRES
784 272 55 25 DE
871 264 295 33 DIFFÉRENTES
1200 272 253 26 PERSONNES
1487 273 23 24 A
1543 271 161 26 CHOPIN

2037 271 75 37 495

150 365 216 39 heureuse
384 365 51 40 de
449 379 80 26 son
549 365 211 52 bouquet,
779 365 250 39 elle-même
1048 365 58 39 lui
1122 368 134 37 écrira
1274 380 52 25 en
1348 367 37 38 le
1406 368 272 37 remerciant.
1700 365 95 40 Elle
1813 368 90 49 prie
1923 365 192 51 Chopin,

150 445 52 25 en
224 431 239 52 l'appelant
483 444 20 26 ((
530 445 104 27 mon
656 433 101 38 cher
779 431 235 52 Chip-chip
1038 443 36 35 )),
1100 432 51 39 de
1179 434 171 39 vouloir
1373 447 150 37 passer
1541 434 103 39 chez
1669 433 83 40 elle
1790 447 111 37 pour
1940 447 54 25 un
2027 446 60 26 mo-

151 508 134 30 ment.
310 498 121 52 (Adr.
456 513 35 25 r.
512 499 119 51 Pig.)

206 599 46 39 M
257 605 49 16 me
327 599 169 40 DILLER
517 602 102 36 écrit
642 600 53 38 de
718 598 265 49 Heidelberg
1008 612 84 37 que
1124 598 189 51 Chopin,
1348 614 53 24 en
1423 610 160 30 venant
1614 602 52 38 de
1705 601 182 51 Leipzig
1926 614 110 37 pour
2073 614 43 26 se

151 667 155 39 rendre
338 672 21 33 à
384 666 287 49 Strasbourg,
694 679 51 26 ne
782 665 227 40 s'écartera
1045 679 77 36 pas
1145 665 227 52 beaucoup
1396 667 51 38 de
1472 681 80 25 son
1575 669 172 38 chemin
1787 668 64 39 sil
1879 667 177 41 s'arrête
2093 672 19 34 à

153 732 282 51 Ueiclelberg.
461 732 96 40 Elle
576 734 38 38 le
636 734 92 49 prie
759 733 52 38 de
832 734 123 37 venir
972 732 61 38 les
1057 732 198 39 consoler
1275 741 141 31 toutes
1436 734 110 39 deux
1568 744 39 30 et
1632 736 249 38 d'accorder
1901 736 213 50 quelques

153 802 190 37 instants
362 800 52 39 de
435 800 200 39 bonheur
651 804 21 33 à
697 800 39 37 la
759 811 162 38 pauvre
944 797 252 40 Catherine.

204 866 124 40 Cette
346 866 124 40 lettre
492 866 214 39 renferme
729 867 115 37 aussi
868 865 212 50 quelques
1096 873 114 30 mots
1233 865 51 38 de
1310 864 45 39 M
1360 870 46 16 ME
1428 865 259 41 CATHERINE
1708 868 406 50 PEREIRE-DILLER,

153 936 73 48 qui
251 939 145 46 répète
420 938 20 34 à
465 932 175 51 Chopin
663 931 262 40 l'invitation
948 931 52 38 de
1022 932 122 37 venir
1164 935 21 34 à
1210 930 265 51 Heidelberg
1496 943 7 33 ;
1522 933 81 38 elle
1627 934 144 49 ajoute
1792 948 82 36 que
1898 935 38 37 la
1957 939 158 46 pensée

151 1000 53 39 de
224 1000 37 38 le
275 1002 96 37 voir
385 1009 64 29 est
469 1012 45 25 sa
540 999 120 38 seule
677 998 275 39 consolation
976 997 110 39 dans
1110 1011 69 24 ces
1204 1006 140 42 temps
1364 998 52 39 de
1442 1000 196 38 tristesse
1657 1008 39 31 et
1719 1000 52 38 de
1810 1009 169 40 regrets
2014 1002 79 38 dou-

151 1065 181 39 loureux
364 1063 94 52 (son
475 1064 242 50 beau-père
739 1072 65 31 est
823 1065 237 47 mourant).
1086 1063 99 40 Dat.
1224 1079 44 34 14
1290 1064 55 39 IX
1371 1067 115 48 [1835
1519 1096 6 7 •

205 1132 120 39 Dans
345 1145 85 26 une
447 1132 186 39 seconde
652 1132 139 44 lettre,
816 1130 45 39 M
868 1139 43 16 mi
929 1130 137 39 Diller
1098 1131 59 39 lui
1195 1131 192 50 apprend
1421 1131 180 51 qu'elles
1640 1141 98 30 sont
1780 1141 141 30 toutes
1963 1133 109 38 deux
2096 1137 21 34 à

156 1197 282 50 Heidelberg,
463 1207 40 30 et
525 1211 100 38 que,
651 1200 238 36 incertaine
912 1197 66 40 s'il
1002 1212 21 24 a
1046 1211 99 36 reçu
1170 1198 61 38 les
1256 1199 147 38 lettres
1427 1213 56 36 qu
1503 1199 81 38 elle
1620 1199 56 39 lui
1704 1213 20 24 a
1748 1204 214 45 envoyées
1988 1214 106 36 aupa-

158 1276 167 39 ravant,
348 1268 82 39 elle
448 1268 38 38 le
510 1267 170 51 supplie
700 1267 52 38 de
769 1269 126 38 venir
919 1281 51 26 au
992 1268 142 39 moins
1148 1281 110 36 pour
1277 1268 110 39 deux
1403 1267 134 50 jours,
1558 1279 53 26 ou
1632 1270 142 35 même
1797 1279 110 37 pour
1929 1280 57 25 un
2010 1267 109 45 seul,

157 1348 78 35 par
254 1334 132 49 égard
407 1347 111 38 pour
538 1334 39 39 la
594 1347 163 38 pauvre
779 1333 253 40 Catherine.

214 1400 122 39 Dans
360 1414 85 26 une
464 1402 237 47 troisième,
724 1401 81 40 elle
830 1401 122 38 salue
987 1402 286 37 sincèrement
1308 1399 174 50 Chopin
1505 1407 40 30 et
1586 1397 163 40 l'invite
1784 1403 21 33 à
1830 1399 219 51 déjeuner,
2088 1402 33 36 si

157 1467 207 40 toutefois
386 1468 26 38 il
438 1468 101 39 s'est
562 1468 94 50 déjà
675 1472 155 46 reposé
854 1468 53 38 de
931 1480 78 26 son
1032 1480 184 37 voyage.
1244 1465 155 49 Sinon,
1420 1465 81 38 elle
1521 1465 38 38 le
1581 1466 91 49 prie
1692 1465 51 38 de
1768 1465 57 38 lui
1849 1465 106 38 faire
1978 1467 144 37 savoir

159 1535 147 50 quand
327 1534 105 39 elles
449 1543 212 42 pourront
678 1535 39 38 le
738 1536 109 37 voir.
872 1533 137 50 Signé
1037 1544 6 24 :

738 1634 269 40 CATHERINE
1032 1633 195 39 PEREIRE
1251 1642 39 30 et
1334 1634 37 37 la
1410 1632 144 38 vieille
1576 1646 118 25 sœur
1724 1631 181 39 DILLER.

300 1835 170 40 JOSEPH
496 1835 180 40 ELSNER
699 1845 38 30 et
761 1835 152 39 DAMSE
937 1833 56 53 (I)
1019 1839 21 35 à
1065 1834 174 50 Chopin
1279 1846 54 26 [en
1364 1834 202 49 polonais
1592 1833 108 39 dans
1733 1831 252 53 l'original].

380 1945 106 40 MON
521 1959 117 26 CHER
670 1944 192 50 CHOPIN,

215 2046 119 40 Ceux
358 2049 73 49 qui
447 2056 38 30 te
511 2056 254 30 remettront
789 2055 109 31 cette
936 2046 123 39 lettre
1083 2055 98 30 sont
1218 2045 247 40 Constance
1484 2055 40 29 et
1558 2046 171 40 Roman
1770 2046 353 50 Turczynowicz,

160 2116 217 38 danseurs
416 2115 52 38 de
510 2123 123 30 notre
673 2114 182 48 théâtre,
881 2112 173 40 enfants
1087 2114 52 37 de
1176 2112 61 38 M.
1277 2112 163 40 Damse
1463 2126 84 37 que
1570 2121 44 30 tu
1639 2126 45 25 as
1708 2126 155 32 connu,
1892 2122 63 30 cet
1980 2116 147 38 artiste

161 2183 279 49 dramatique
466 2190 39 30 et
531 2182 296 49 compositeur
861 2185 86 34 très
971 2180 104 39 utile
1099 2188 39 30 et
1170 2178 154 40 fécond
1357 2192 111 38 pour
1487 2188 123 30 notre
1642 2185 141 33 scène.
1811 2179 30 39 Il
1875 2193 68 25 me
1966 2183 90 47 prie
2076 2182 52 38 de

162 2249 59 39 lui
245 2249 169 39 donner
430 2261 111 37 pour
564 2261 67 25 ses
655 2246 173 40 enfants
851 2256 108 30 cette
978 2247 124 39 lettre
1130 2246 52 38 de
1202 2246 403 38 recommandation
1637 2246 200 38 adressée
1874 2251 21 34 à
1933 2256 72 30 ton
2038 2247 86 39 bon

162 2329 134 35 cœur,
322 2323 97 40 etc.,
442 2324 40 30 et
506 2316 72 49 qui
603 2327 159 37 pourra
786 2314 93 38 leur
902 2315 137 37 servir
1056 2313 193 50 pendant
1273 2313 92 39 leur
1397 2314 144 49 séjour
1564 2316 21 34 à
1618 2312 125 39 Paris
1764 2328 7 31 ;
1798 2313 52 39 ils
1875 2312 254 41 l'attendent

162 2396 54 26 en
235 2396 45 25 ce
303 2390 195 31 moment
519 2387 101 45 près
638 2382 53 38 de
708 2383 106 44 moi,
837 2381 109 39 dans
966 2394 69 25 ma
1059 2378 222 40 chambre.
1300 2379 48 53 Je
1369 2378 138 40 l'écris
1531 2392 101 25 avec
1655 2380 167 49 plaisir,
1851 2394 126 36 parce
2001 2380 128 50 qu'ils

160 2458 99 31 sont
282 2450 156 48 dignes
455 2449 53 38 de
532 2457 75 31 ton
630 2450 163 42 amitié,
813 2456 39 30 et
874 2448 117 38 aussi
1011 2460 127 37 parce
1159 2460 83 36 que
1265 2447 37 49 je
1341 2459 110 37 peux
1490 2453 38 31 te
1552 2450 168 46 répéter
1743 2460 83 36 que
1849 2448 37 49 je
1921 2446 145 40 t'aime
2089 2458 39 29 et

163 2529 82 37 que
278 2516 229 50 j'apprécie
543 2524 39 30 ta
606 2515 126 39 chère
762 2527 218 37 personne
1002 2514 98 50 plus
1139 2526 84 38 que
1258 2512 231 51 n'importe
1522 2514 87 49 qui.
1650 2512 211 40 Fais-moi
1901 2514 37 38 le
1976 2515 154 49 plaisir

162 2581 240 52 d'accepter
431 2590 109 31 cette
576 2594 235 26 assurance
852 2594 100 25 avec
986 2580 188 51 laquelle
1197 2580 38 49 je
1255 2581 90 37 suis
1369 2587 39 30 et
1428 2581 112 37 serai
1560 2579 195 50 toujours

1423 2663 96 39 Ton
1536 2665 92 36 vrai
1647 2665 211 37 serviteur
1880 2673 39 29 et
1944 2666 101 47 ami,

1545 2747 166 53 JOSEPH
1744 2747 193 40 ELSNER.

336 2833 182 38 Varsovie,
541 2837 30 27 le
588 2843 16 21 2
630 2834 74 40 juin
730 2832 100 41 1842.

218 2955 49 53 Je
290 2955 199 48 t'envoie,
508 2966 169 27 comme
699 2966 160 38 preuve
882 2953 51 39 de
957 2967 45 25 ce
1025 2966 83 37 que
1134 2953 207 50 j'avance,
1368 2966 104 26 mon
1497 2952 90 40 Ave
1609 2951 155 40 Maria.

386 3151 110 40 BIEN
532 3164 262 26 HONORABLE
826 3149 46 38 M
877 3156 12 15 R
922 3149 244 46 PTÉDÉRIC,

219 3252 172 50 Malgré
415 3253 37 38 la
475 3252 205 39 célébrité
704 3252 104 38 dont
826 3264 111 26 vous
976 3264 21 24 a
1020 3258 176 31 couvert
1235 3258 119 30 toute
1387 3248 221 50 l'Europe,
1651 3249 37 49 je
1721 3249 90 37 suis
1849 3249 161 37 certain
2048 3264 85 34 que

162 3328 122 31 votre
303 3333 120 25 cœur
444 3333 20 25 a
488 3319 137 49 gardé
648 3319 37 38 le
703 3319 205 38 souvenir
925 3317 50 38 de
1004 3329 77 26 vos
1103 3318 235 36 anciennes
1359 3316 356 45 connaissances,
1735 3316 140 49 parmi
1898 3314 234 51 lesquelles

210 3455 45 42 (r)
278 3455 129 41 Joseph
427 3455 130 31 Dcimse
561 3479 8 13 ,
594 3456 42 30 né
652 3464 42 21 en
716 3453 100 41 1768,
839 3459 89 24 mort
948 3462 41 21 en
1015 3452 102 41 1852;
1141 3450 120 32 artiste
1291 3449 223 40 dramatique
1536 3458 33 24 et
1592 3448 242 40 compositeur
1858 3449 177 40 polonais.
2062 3448 71 31 Son

163 3507 171 37 opérette,
355 3504 29 31 le
412 3503 275 32 Contrebandier
692 3528 7 14 f
723 3502 48 30 lui
793 3505 98 28 valut
915 3511 63 21 son
995 3503 80 37 plus
1093 3499 114 42 grand
1228 3500 122 30 succès
1373 3498 134 41 (1844).
