2347 3647
445 161 423 41 SOUVENIRS
905 154 299 51 INÉDITS
1244 163 92 41 DE
1379 163 278 42 CHOPIN

1696 163 22 47 (
1721 163 117 40 Suite
1841 163 22 51 )

903 383 191 58 C.-V.
1168 383 271 58 ALKAN

1085 498 13 60 (
1112 497 137 61 1836)

219 624 49 53 Je
291 626 123 38 viens
438 633 40 31 te
503 624 107 40 faire
633 626 52 38 de
708 625 39 38 la
772 626 143 49 peine,
949 637 103 26 mon
1077 625 102 38 cher
1201 624 192 51 Chopin,
1420 639 71 25 car
1513 626 37 49 je
1583 627 122 37 viens
1729 635 38 30 te
1801 628 238 38 demander
2062 641 83 26 une

165 691 131 39 chose
320 694 71 48 qui
419 701 38 30 te
480 697 174 34 coûtera
681 696 21 33 à
727 690 265 40 m'accorder
1023 704 170 25 comme
1234 692 83 38 elle
1340 699 40 31 te
1417 697 173 33 coûtera
1616 697 21 33 à
1660 706 69 25 me
1766 693 179 39 refuser.
1973 693 144 51 Cepen-

167 758 104 40 dant
296 759 38 51 je
359 772 53 25 ne
436 760 153 37 résiste
618 771 77 38 pas
714 762 21 34 à
760 756 85 40 t'en
867 757 145 50 parler
1033 769 7 26 :
1066 756 101 40 c'est
1188 762 21 33 à
1233 759 146 38 savoir
1401 760 34 37 si
1460 767 43 30 tu
1525 760 207 38 voudrais
1769 758 99 40 bien
1889 762 122 48 jouer
2045 774 99 26 avec

167 827 88 37 moi
285 824 189 49 l'adagio
510 833 40 30 et
574 825 38 38 le
649 823 103 40 final
777 824 52 39 de
852 824 39 38 la
938 824 262 51 symphonie
1223 837 54 26 en
1312 824 40 39 la
1393 824 52 40 de
1480 825 267 47 Beethoven,
1781 827 102 38 chez
1924 827 155 48 Erard,
2104 828 38 40 le

167 892 165 38 samedi
360 892 103 46 soir,
492 906 11 23 i
513 896 32 16 er
568 904 131 25 mars.

219 957 117 40 C'est
356 966 63 31 cet
444 965 309 42 arrangement
776 961 20 34 à
821 960 21 36 8
863 972 59 24 m.
945 971 83 36 que
1046 971 111 26 nous
1185 972 134 25 avons
1339 958 61 40 dit
1423 960 28 38 il
1473 974 27 36 y
1517 974 20 24 a
1566 972 12 37 5
1604 973 55 25 ou
1677 964 23 35 6
1721 974 77 25 ans
1818 961 101 39 chez
1938 976 111 37 papa
2075 960 65 54 [?1,

163 1033 39 30 et
225 1025 37 50 je
285 1026 279 49 proposerais
585 1033 108 30 cette
718 1029 139 34 année
880 1024 61 40 les
966 1025 109 39 deux
1101 1034 144 30 autres
1289 1028 162 48 parties
1487 1031 21 33 à
1532 1026 118 40 Pixis
1691 1036 40 30 et
1765 1032 21 34 à
1825 1028 315 49 Zimmerman,

165 1093 35 36 si
217 1100 44 30 tu
277 1106 27 36 y
322 1093 265 37 consentais.
615 1090 46 40 Si
686 1100 44 30 tu
755 1091 71 52 n'y
847 1105 187 26 consens
1059 1105 94 38 pas,
1174 1092 37 51 je
1233 1106 54 25 ne
1308 1106 110 26 veux
1456 1106 77 38 pas
1568 1098 142 35 même
1730 1108 83 36 que
1836 1104 43 30 tu
1900 1109 69 26 me
1991 1110 151 37 passes

164 1158 74 39 des
255 1171 192 33 excuses,
470 1158 38 39 la
534 1160 212 49 première
770 1157 82 40 fois
872 1172 83 37 que
975 1158 109 51 j'irai
1105 1167 38 30 te
1165 1161 110 45 voir,
1301 1174 72 25 car
1392 1158 102 42 c'est
1518 1174 73 26 sur
1613 1176 55 24 un
1691 1175 203 27 morceau
1917 1163 52 39 de
1992 1165 151 49 papier

164 1238 83 37 que
271 1233 43 30 tu
338 1233 180 31 mettras
541 1225 72 38 oui
635 1238 54 26 ou
713 1239 85 25 non
820 1230 20 34 à
859 1239 103 26 mon
986 1226 190 39 adresse.

216 1291 105 40 D'ici
348 1292 56 49 là,
430 1305 170 26 comme
625 1298 142 45 après,
795 1294 197 50 toujours
1018 1293 36 39 le
1078 1298 157 34 même.

1645 1350 34 39 C
1702 1351 77 39 -V.
1806 1350 167 40 ALKAN.

338 1399 129 32 Lundi.

217 1508 61 39 Le
301 1508 155 40 COMTE
478 1508 135 53 JULES
638 1507 184 40 APPONY
840 1510 103 37 écrit
961 1507 103 51 qu'il
1091 1522 53 25 ne
1164 1510 121 38 vient
1320 1522 79 37 pas
1439 1510 224 38 lui-même
1691 1510 102 38 chez
1825 1510 176 52 Chopin
2033 1512 108 40 dans

163 1576 39 38 la
226 1577 164 37 crainte
413 1576 51 38 de
489 1576 36 38 le
549 1576 229 49 déranger.
804 1574 61 40 M.
910 1574 308 40 Stockhausen
1250 1590 21 24 a
1311 1577 180 49 rappelé
1527 1580 21 34 à
1574 1575 176 51 Chopin
1790 1590 84 36 que
1908 1578 60 38 lui
1990 1576 151 54 (App.)

162 1643 227 39 désirerait
410 1644 145 37 savoir
578 1644 73 48 qui
676 1642 176 51 Chopin
877 1642 57 38 lui
960 1642 313 39 recommande
1308 1656 169 26 comme
1500 1647 154 35 maître
1677 1644 52 38 de
1764 1646 203 48 musique
1983 1658 8 33 ;
2026 1644 87 40 Cho-

161 1712 73 48 pin
254 1724 21 24 a
299 1710 180 49 indiqué
503 1708 158 41 Reber.
685 1708 32 40 Il
742 1709 37 38 le
801 1710 92 49 prie
917 1710 111 38 donc
1051 1709 52 39 de
1126 1709 60 39 lui
1209 1709 171 39 donner
1412 1723 79 26 son
1517 1710 191 49 adresse,
1732 1712 109 38 ainsi
1867 1724 83 37 que
1992 1712 38 38 le
2049 1713 92 49 prix

161 1776 51 39 de
237 1790 68 25 ses
331 1776 160 49 leçons.

219 1842 126 51 (Date
371 1858 5 24 :
404 1854 20 27 ((
448 1842 145 54 Jeudi,
616 1844 37 38 le
672 1857 47 36 27
741 1842 178 40 octobre
944 1854 35 38 »,
1004 1843 111 39 donc
1142 1847 121 45 1836;
1292 1844 90 38 adr.
1409 1843 272 53 Ch.-d'Ant.)

213 1933 62 40 Le
299 1933 155 40 COMTE
494 1933 249 41 RODOLPHE
778 1933 183 40 APPONY
981 1933 34 50 (1
1028 1934 7 48 )
1062 1936 104 37 écrit
1204 1948 83 37 que
1323 1935 39 38 la
1400 1937 222 48 princesse
1663 1934 374 49 Grassalkowich,
2063 1942 78 34 née

159 2000 256 52 Esterhazy,
435 2000 141 40 désire
598 2000 107 39 faire
730 2001 38 38 la
793 2003 317 37 connaissance
1134 2002 56 38 de
1211 2000 46 39 M
1263 2009 40 14 me
1325 2000 232 42 Dudevant
1582 2001 70 51 (G.
1679 2001 136 52 Sand)
1832 2018 8 33 ;
1867 2004 28 38 il
1920 2006 91 48 prie
2030 2005 110 39 donc

160 2067 173 51 Chopin
355 2068 51 38 de
444 2068 93 39 leur
553 2067 183 40 faciliter
756 2081 85 26 une
864 2077 242 30 rencontre.
1136 2067 125 52 (Adr.
1287 2082 78 25 rue
1382 2069 52 38 de
1457 2069 237 46 Provence,
1719 2077 45 31 n°
1789 2083 45 37 57
1858 2069 33 53 ?)

214 2146 209 39 THÉRÈSE
466 2145 458 41 APPONY-NOGAROLA
966 2148 314 39 recommande
1324 2152 21 34 à
1377 2147 175 52 Chopin
1585 2162 83 25 une
1703 2150 127 49 jeune
1867 2152 188 47 pianiste
2087 2152 51 38 de

159 2213 186 45 Vienne,
371 2219 86 33 très
477 2214 155 45 douée,
658 2213 45 38 M
709 2213 37 22 1Ie
770 2213 177 43 Millier,
967 2216 72 48 qui
1066 2223 64 30 est
1146 2228 141 25 venue
1311 2219 21 34 à
1357 2214 130 39 Paris
1505 2215 109 39 dans
1634 2214 195 52 l'unique
1848 2215 77 40 but
1943 2216 169 41 d'enten-

160 2281 76 38 dre
259 2279 175 52 Chopin
454 2289 39 30 et
517 2281 52 38 de
592 2281 179 38 devenir
795 2294 80 26 son
898 2281 134 39 élève.
1057 2281 96 39 Elle
1188 2284 91 48 prie
1300 2281 174 52 Chopin
1504 2282 51 39 de
1576 2283 59 39 lui
1656 2283 202 50 indiquer
1882 2283 163 41 l'heure
2081 2292 55 33 où

158 2345 45 39 M
210 2345 35 24 lle
267 2346 164 41 Muller
453 2350 198 48 pourrait
684 2361 45 25 se
768 2352 238 47 présenter.
1035 2347 121 52 (Adr.
1180 2348 244 41 Ch.-d'Ant
1446 2348 15 53 )

212 2424 283 50 EMM[ÀNUEL]
520 2425 155 40 ARAGO
699 2428 153 38 envoie
870 2432 21 33 à
915 2427 176 52 Chopin
1110 2443 59 24 un
1193 2430 271 49 autographe
1484 2429 52 39 de
1556 2442 80 27 son
1659 2435 114 45 père.

991 2715 300 57 ARTOT

379 2868 236 51 Monsieur,
640 2868 219 40 Monsieur
881 2868 183 54 Chopin,

586 2981 31 33 5,
638 2981 61 23 rue
717 2971 191 38 Tronchet,
927 2975 79 37 près
1028 2975 31 29 la
1080 2973 209 38 Madeleine,

1031 3041 111 31 Paris.

374 3145 107 40 MON
500 3160 116 25 CHER
638 3145 191 47 CHOPIN,

212 3235 268 41 Savez-vous
501 3251 83 37 que
604 3251 111 26 vous
739 3252 68 25 me
826 3238 171 39 donnez
1016 3239 51 38 de
1088 3239 39 38 la
1142 3239 184 50 jalousie
1342 3253 52 26 en
1416 3240 171 39 diable?
1608 3241 182 40 Partout
1815 3249 55 32 où
1890 3256 56 26 on
1966 3246 154 46 arrive,

157 3311 90 31 tout
281 3317 46 25 ce
358 3305 74 49 qui
465 3313 123 41 porte
607 3317 103 26 nom
737 3305 52 38 de
812 3304 159 39 femme
992 3319 109 26 vous
1126 3306 120 50 parle
1275 3307 51 38 de
1361 3305 198 52 Chopin:
1583 3307 401 43 Connaissez-vous
2008 3310 85 42 Cho-

198 3423 45 42 (1)
267 3426 46 30 Le
334 3433 115 23 comte
464 3425 154 42 Appony
641 3425 83 32 était
748 3426 252 32 ambassadeur
1022 3425 203 32 d'Autriche
1241 3429 18 28 à
1278 3426 111 32 Paris.

281 3499 39 30 R.
346 3498 35 31 M

1907 3515 16 31 3
1933 3514 14 21 2
