3479 4384
1772 233 0 0 109

186 1075 46 31 es
263 1057 214 51 modulirt
515 1059 57 48 im
616 1061 209 48 nächsten
856 1065 137 47 Tacte
1035 1068 111 47 nach
1375 1071 89 47 und
1494 1073 161 49 wieder-

188 1135 95 47 holt
311 1135 90 47 sich
431 1136 44 46 in
504 1135 145 49 dieser
678 1140 183 47 Tonart.
913 1141 104 47 Wir
1059 1142 146 49 halten
1244 1162 45 30 es
1331 1148 75 45 für
1444 1149 96 47 eine
1574 1158 107 56 gute

186 1211 294 64 Eigenschaft
524 1212 121 47 eines
692 1215 570 61 Instrumental-Thema's,
1309 1239 131 30 wenn
1480 1242 45 30 es
1563 1226 118 47 nicht

185 1287 114 47 allzu
329 1295 180 41 concret
537 1289 90 47 und
656 1289 236 50 individuel
915 1294 69 54 ist,
1014 1294 83 48 wie
1119 1296 96 48 eine
1239 1299 440 63 Gesangs-Melodie;

185 1362 117 48 denn
332 1381 87 29 nur
447 1362 244 66 dasjenige,
721 1384 91 30 was
842 1370 113 47 noch
984 1370 43 47 in
1055 1371 91 48 sich
1172 1372 138 49 selbst
1338 1375 70 47 ein
1437 1377 216 64 Allgemei-

184 1455 94 39 nes,
308 1440 351 49 Bestimmbares
687 1442 68 56 ist,
786 1443 117 49 kann
933 1446 259 66 Grundlage
1220 1450 122 47 einer
1370 1451 170 48 breiten
1569 1455 83 47 Ent-

184 1515 227 66 wicklung
439 1516 207 57 werden;
691 1518 77 49 das
797 1521 474 51 Instrumental-Motiv
1312 1527 77 46 soll
1428 1529 69 45 ein
1530 1530 146 47 Keim

184 1592 112 55 sein,
336 1592 131 48 keine
504 1593 247 50 vollendete
782 1597 180 48 Gestalt.
1011 1598 105 49 Man
1155 1601 111 47 wird
1309 1602 70 47 bei
1408 1605 269 57 Beethoven,

183 1667 102 48 dem
329 1685 185 47 grossen
564 1671 306 58 Thematiker,
918 1673 148 49 diesen
1098 1677 99 46 Satz
1240 1678 166 63 gerade
1447 1680 42 45 in
1527 1681 150 47 seinen

188 1744 499 65 Haupt-Schöpfungen
729 1747 43 47 in
810 1748 80 47 der
918 1752 138 62 Regel
1096 1751 205 66 bestätigt
1341 1755 164 48 finden.
1554 1756 126 49 Aber

183 1836 113 48 ganz
323 1821 314 66 nichtssagend
665 1823 104 48 darf
792 1824 112 49 doch
929 1827 113 47 auch
1073 1828 70 46 ein
1167 1830 510 52 Instrumental-Thema

180 1897 123 47 nicht
330 1897 108 57 sein,
470 1898 90 47 und
589 1916 72 30 am
693 1901 243 64 wenigsten
966 1903 156 56 trivial,
1160 1904 41 47 d.
1233 1906 40 47 h.
1304 1906 141 48 durch
1475 1908 97 47 eine
1600 1926 51 47 ge-

181 1973 130 48 wisse
337 1973 304 66 zudringliche
664 1977 311 65 Auffälligkeit
995 1981 262 57 verletzend,
1286 1982 89 47 und
1404 1984 167 63 gerade
1600 1986 77 47 das

183 2049 149 49 finden
357 2052 82 47 wir
461 2068 56 31 an
539 2052 165 48 diesem
729 2071 55 30 an
807 2054 70 49 die
894 2057 352 62 gewöhnlichste
1270 2059 212 49 moderne
1498 2062 179 62 Opern-

180 2125 94 47 und
326 2127 194 63 sonstige
569 2128 525 66 Unterhaltungs-Musik
1148 2133 296 50 erinnernden
1491 2137 186 48 Thema.

180 2200 344 55 Mathematisch
564 2202 222 49 beweisen
824 2204 179 50 können
1032 2208 81 46 wir
1140 2208 79 48 das
1248 2209 165 49 freilich
1442 2212 44 46 in
1513 2212 164 48 diesem

186 2278 27 47 t
227 2279 84 47 alle
340 2278 114 48 eben
484 2296 48 31 so
562 2280 163 64 wenig,
764 2282 62 48 als
863 2283 82 47 wir
980 2299 46 31 es
1066 2284 69 47 bei
1171 2285 157 64 irgend
1356 2288 122 47 einer
1506 2289 171 47 Verdi'-

181 2353 137 48 schen
335 2354 194 48 Melodie
552 2357 59 45 im
633 2357 168 48 Stande
825 2362 163 44 wären.
1016 2359 125 48 Aber
1162 2362 157 63 irgend
1341 2371 137 40 etwas
1500 2368 180 53 müsste,

183 2430 83 47 wie
310 2447 81 32 uns
421 2430 156 57 dünkt,
623 2432 351 66 eigenthümlich
1014 2437 110 54 sein,
1162 2438 59 47 sei
1263 2454 45 31 es
1351 2439 68 47 die
1461 2440 218 65 Tonfolge

180 2505 112 50 oder
320 2506 80 49 der
430 2509 269 63 Rhythmus,
741 2527 131 32 wenn
915 2510 257 68 überhaupt
1210 2513 77 48 das
1323 2515 173 49 Thema
1525 2517 155 64 irgend

184 2583 129 48 einen
345 2585 166 47 Werth
543 2585 149 47 haben
720 2588 147 54 sollte;
906 2588 97 47 hier
1037 2589 52 47 ist
1119 2589 109 48 aber
1256 2590 76 49 das
1360 2593 113 47 Eine
1501 2609 47 31 so
1577 2594 77 47 sim-

183 2660 71 64 pel
284 2659 84 48 wie
397 2660 79 48 das
504 2661 195 49 Andere.
741 2663 126 48 Aber
896 2663 70 48 die
995 2665 281 50 Harmonie?
1314 2669 121 55 Nun,
1464 2669 69 47 die
1560 2670 90 47 Har-

185 2738 149 47 monie
351 2738 55 47 ist
426 2738 275 64 schwülstig,
730 2739 110 48 aber
861 2741 122 47 nicht
1004 2743 198 63 gesucht.
1232 2744 73 47 Sie
1327 2745 137 47 sehen
1493 2763 53 30 an
1577 2746 100 47 dem

181 2813 195 57 kleinen,
400 2814 117 48 oben
541 2815 321 64 mitgetheilten
884 2818 215 64 Beispiele
1122 2819 69 48 die
1214 2820 226 57 Methode,
1468 2821 70 49 die
1567 2823 114 47 Liszt

181 2889 69 48 bis
271 2908 101 30 zum
391 2891 300 49 Uebermaass
713 2893 252 54 anwendet,
990 2910 74 32 um
1088 2912 85 30 neu
1199 2895 88 48 und
1310 2898 80 47 tief
1412 2914 53 31 zu
1487 2899 167 47 erschei-

181 2983 111 31 nen:
331 2966 70 48 die
430 2967 417 64 unangenehmsten
876 2970 251 64 Septimen-
1155 2971 91 47 und
1273 2974 404 57 Nonen-Accorde,

184 3042 71 49 die
290 3044 417 64 geschraubtesten,
751 3047 381 47 unnatürlichsten
1160 3049 232 48 Vorhalte.
1433 3051 133 47 Diese
1595 3053 84 45 Art

180 3136 86 32 von
288 3121 251 48 Harmonie
566 3122 183 47 verlässt
777 3139 80 30 uns
884 3139 48 32 so
956 3124 163 64 wenig,
1146 3124 101 48 dass
1273 3126 72 47 ein
1373 3126 146 48 reiner
1545 3127 106 49 Drei-

180 3195 138 66 klang
353 3197 44 49 in
434 3199 151 47 seinen
627 3199 222 55 Werken,
898 3200 266 63 wenigstens
1199 3201 44 48 in
1276 3201 84 48 den
1390 3202 195 56 Idealen,
1625 3221 52 30 zu

180 3271 88 50 den
289 3275 304 47 Seltenheiten
616 3275 175 63 gehört.
819 3276 85 47 Ein
928 3276 97 56 Stil,
1054 3276 43 47 in
1120 3276 101 48 dem
1249 3295 103 31 man
1376 3277 78 49 das
1478 3280 61 46 als
1560 3280 88 47 Aus-

180 3348 182 59 nahme,
391 3351 63 48 als
484 3351 182 48 höchste
694 3352 272 64 Steigerung
986 3354 226 64 Zulässige
1239 3371 79 31 zur
1345 3356 139 62 Regel
1515 3356 162 56 macht,

179 3426 54 48 ist
260 3427 272 65 schwülstig.
576 3427 103 50 Und
716 3427 180 50 werden
925 3428 83 49 wir
1036 3437 117 41 etwa
1182 3431 75 46 für
1284 3431 119 48 diese
1430 3432 141 47 Härte
1600 3431 79 48 der

179 3503 252 49 Harmonie
454 3505 143 48 durch
619 3505 98 48 eine
741 3505 245 49 kunstvolle
1004 3506 288 65 Polyphonie,
1315 3506 141 48 durch
1475 3507 175 48 meister-

179 3581 123 48 hafte
339 3582 383 65 Thematisirung,
764 3582 140 48 durch
946 3582 360 50 ausdrucksvolle
1345 3583 195 49 Melodik
1582 3591 73 41 ent-

177 3657 220 66 schädigt,
428 3660 83 47 wie
542 3658 71 49 bei
642 3658 104 50 Seb.
774 3660 157 48 Bach?
962 3661 97 47 Von
1089 3661 130 47 allem
1249 3660 102 48 dem
1379 3661 53 47 ist
1459 3661 122 47 nicht
1609 3661 68 48 die

177 3735 141 48 Rede.
344 3736 98 47 Von
466 3736 124 48 einer
612 3736 366 65 Thematisirung
999 3737 266 64 wenigstens
1292 3737 120 47 nicht
1440 3736 58 48 im
1519 3737 157 48 Bach'-

176 3811 135 47 sciien
340 3811 151 49 Sinne.
534 3813 132 47 Denn
704 3812 102 48 den
844 3813 228 56 Vorwurf,
1101 3812 99 48 dass
1228 3830 48 30 er
1303 3813 90 47 sich
1423 3812 257 65 überhaupt

176 3888 122 47 nicht
327 3888 212 57 bemühe,
580 3906 56 32 an
680 3889 101 49 dem
811 3891 161 47 einmal
1002 3889 308 65 hingestellten
1341 3889 335 49 musicalischen

177 3964 249 49 Gedanken
457 3966 289 49 festzuhalten
786 3966 90 48 und
915 3967 141 47 durch
1094 3966 259 48 veränderte
1380 3964 296 59 Modulation,

177 4042 220 65 Tonlage,
426 4042 141 49 durch
597 4042 198 49 anderen
824 4043 253 64 Rhythmus
1106 4061 42 30 u.
1171 4060 31 31 s.
1226 4060 55 31 w.
1310 4043 366 64 umzugestalten,

1754 324 160 48 wollen
1954 325 81 47 wir
2062 328 118 47 Liszt
2218 329 41 46 in
2297 331 147 63 Bezug
2482 333 80 46 auf
2596 332 69 48 die
2694 333 149 48 Ideale
2880 334 120 47 nicht
3038 337 198 48 machen.

1753 399 94 47 Das
1876 399 116 48 oben
2021 402 141 48 citirte
2191 404 173 47 Thema
2393 405 135 47 findet
2553 408 92 46 sich
2674 409 42 46 in
2745 408 80 48 der
2853 411 118 45 That
2999 411 81 47 fast
3108 412 41 46 in
3173 412 44 62 je-

1753 473 100 48 dem
1884 477 126 47 Satze
2039 478 183 57 wieder,
2251 478 44 47 in
2323 480 283 47 veränderter
2636 484 181 56 Gestalt,
2845 485 248 47 theilweise
3122 488 112 46 auch

1754 550 78 46 mit
1860 551 305 50 verändertem
2196 555 252 47 Ausdruck.
2495 558 48 44 In
2577 558 224 48 einzelnen
2830 562 150 47 Fällen
3009 563 114 63 zeigt
3149 564 90 46 sich

1752 624 44 47 in
1823 625 143 48 dieser
1993 628 84 47 Art
2104 629 80 46 der
2204 629 336 66 Ausarbeitung
2570 633 68 45 ein
2667 634 204 62 gewisses
2895 638 231 56 Geschick,
3150 639 90 46 und

1753 700 116 47 Liszt
1890 701 197 50 verdient
2100 704 233 63 jedenfalls
2356 705 68 47 die
2448 706 352 66 Anerkennung,
2821 725 81 32 von
2924 712 163 48 diesem
3111 714 127 47 einen

1756 775 325 67 Grundprincip
2104 780 256 47 classischer
2372 781 488 51 Instrumental-Musik
2881 786 90 46 sich
2987 788 119 47 nicht
3126 805 110 47 ganz

1753 850 222 66 losgesagt
2007 872 52 29 zu
2097 855 169 56 haben;
2314 856 202 47 dennoch
2560 858 176 48 können
2778 860 81 47 wir
2896 878 79 30 uns
3018 863 75 47 des
3132 865 81 46 Ein-

1753 925 161 49 drucks
1942 929 121 47 nicht
2091 931 251 56 erwehren,
2384 931 98 48 dass
2523 949 44 30 es
2606 932 70 49 bei
2712 935 89 47 ihm
2844 938 127 45 mehr
3007 939 61 46 als
3097 946 138 41 etwas

1753 1004 236 47 äusserlich
2011 1006 344 64 Angeeignetes,
2383 1007 117 47 denn
2528 1010 62 46 als
2619 1016 137 41 etwas
2783 1010 211 49 innerlich
3019 1015 186 64 Empfun-

1753 1076 133 48 denes
1914 1079 89 47 und
2032 1082 272 47 Erfahrenes
2333 1082 233 49 erscheint.

1865 1155 128 47 Noch
2022 1156 154 48 weiter
2212 1159 82 47 auf
2316 1159 299 47 Einzelheiten
2646 1160 288 65 einzugehen,
2972 1164 155 47 würde
3156 1181 80 31 uns

1751 1245 52 30 zu
1838 1231 104 47 weit
1984 1232 178 48 führen.
2210 1235 273 63 Abgesehen
2518 1251 83 32 von
2636 1235 100 48 dem
2775 1237 192 49 falschen
2999 1240 211 48 Verständ-

1751 1303 114 47 nisse
1893 1305 76 48 des
1998 1307 253 57 Gedichtes,
2290 1310 97 47 sind
2422 1308 70 49 die
2520 1311 277 63 Dürftigkeit
2834 1312 79 47 der
2941 1313 298 50 melodischen

1749 1380 269 66 Erfindung,
2041 1382 70 48 die
2128 1385 360 63 Schwülstigkeit
2509 1385 78 48 der
2603 1387 247 48 Harmonie
2873 1388 92 47 und
2986 1388 69 47 die
3078 1406 158 38 crasse,

1751 1456 267 48 realistische
2046 1458 221 49 Derbheit
2294 1460 75 48 des
2397 1461 260 48 Ausdrucks
2685 1462 70 48 die
2777 1465 313 47 wesentlichen
3112 1467 93 47 Män-

1752 1532 68 62 gel
1851 1532 80 47 der
1956 1533 149 48 Ideale
2133 1551 82 32 von
2243 1537 129 47 Liszt.
2420 1538 104 46 Man
2553 1538 128 63 greift
2708 1540 150 48 Liszt's
2888 1541 347 63 Compositions-

1751 1607 226 65 Bichtung
2013 1609 44 47 in
2095 1609 80 47 der
2210 1612 140 63 Begel
2384 1628 98 31 vom
2520 1613 310 64 Standpunkte
2871 1616 80 47 der
2980 1617 136 47 Form
3156 1635 80 30 aus

1751 1698 77 40 an;
1858 1684 82 47 wir
1968 1686 148 48 finden
2145 1686 86 48 den
2259 1688 146 47 Inhalt
2431 1688 82 47 viel
2540 1689 267 50 schlimmer.
2838 1693 58 46 Es
2925 1693 52 46 ist
3005 1693 97 47 eine
3125 1694 84 47 Ver-

1751 1758 233 66 mischung
2025 1761 80 48 der
2137 1762 382 48 Virtuosenmusik
2560 1764 77 47 mit
2673 1764 80 47 der
2792 1775 135 55 guten
2957 1768 161 55 Musik,
3168 1768 68 48 bei

1751 1834 78 47 der
1856 1835 70 49 die
1958 1837 234 48 Virtuosen
2222 1839 214 47 vielleicht
2463 1841 236 62 gewinnen
2730 1847 179 61 mögen,
2943 1844 70 47 die
3042 1844 197 49 Musiker

1751 1910 109 47 aber
1886 1929 87 30 nur
2001 1914 213 47 verlieren
2243 1914 191 48 können.

2989 1921 50 47 G.
3070 1922 49 44 E.

2060 2155 435 57 Händel’s
2543 2155 334 57 Jephta.

2478 2284 150 44 Bonn,
2666 2284 84 35 den
2788 2284 57 39 24.
2885 2286 128 35 März
3053 2285 110 39 1859.

2100 2369 219 65 Jephta,
2349 2371 129 64 lange
2506 2380 226 49 erwartet,
2761 2374 155 47 wurde
2947 2392 80 31 uns
3056 2375 174 48 endlich

1748 2441 60 49 im
1841 2443 171 47 fünften
2041 2443 583 52 Abonnements-Concerte
2652 2464 73 32 am
2753 2449 78 48 19.
2854 2451 122 46 März
2998 2458 129 40 unter
3149 2453 57 47 Al-

1752 2517 124 49 bert
1911 2520 294 48 Dietrich's
2239 2523 194 64 Leitung
2460 2525 277 64 vorgeführt.
2784 2526 82 49 Mit
2895 2528 311 49 unverkennba-

1749 2611 73 31 rer
1848 2595 139 48 Liebe
2016 2596 91 47 und
2135 2597 295 50 Theilnahme
2463 2600 55 47 ist
2553 2600 79 48 das
2659 2601 207 49 Studium
2902 2603 140 48 dieses
3070 2604 139 48 Orato-

1751 2671 138 47 riums
1930 2671 232 48 betrieben
2200 2674 198 58 worden,
2439 2675 137 48 damit
2619 2676 78 48 das
2732 2677 148 49 Werk
2915 2679 45 47 in
2995 2680 123 47 einer
3155 2680 78 48 des

1748 2746 201 48 Meisters
1983 2747 232 65 würdigen
2259 2750 170 48 Gestalt
2469 2750 101 48 dem
2598 2751 236 50 Publicum
2874 2754 91 47 sich
3014 2754 220 49 darstelle.

1748 2822 100 49 Alle
1894 2822 70 49 die
2011 2824 341 64 mannigfachen
2380 2826 307 57 Hindernisse,
2728 2827 70 50 die
2838 2830 44 46 in
2920 2846 191 32 unseren
3155 2831 52 48 be-

1748 2898 264 47 schränkten
2054 2901 335 51 musicalischen
2429 2902 334 50 Verhältnissen
2814 2905 80 47 der
2939 2906 300 65 Aufführung

1748 2975 118 47 eines
1905 2976 369 65 umfangreichen
2303 2978 197 49 Werkes
2538 2980 58 47 im
2647 2981 150 64 Wege
2836 2982 172 56 stehen,
3050 2984 189 48 wurden

1748 3051 220 63 glücklich
1991 3051 325 58 überwunden,
2345 3053 90 49 und
2457 3070 47 33 so
2526 3055 199 63 gereicht
2745 3072 44 32 es
2812 3057 84 47 mir
2915 3074 53 31 zu
2996 3058 244 49 herzlicher

1751 3127 353 65 Genugthuung,
2137 3145 85 32 von
2259 3130 144 48 einem
2441 3131 211 57 schönen,
2693 3132 297 50 erfreulichen
3019 3135 219 64 Gelingen

1748 3203 230 49 berichten
2015 3222 53 30 zu
2104 3205 194 49 können.
2350 3208 117 46 Dem
2505 3207 121 48 Chor
2664 3225 118 30 muss
2819 3226 104 31 man
2963 3211 157 63 gewiss
3160 3211 78 48 das

1747 3281 214 63 Zeugniss
1977 3281 162 63 geben,
2161 3281 99 48 dass
2289 3299 48 30 er
2364 3283 118 47 seine
2501 3283 163 49 Pflicht
2684 3286 166 62 gethan
2873 3286 94 56 hat;
2999 3286 240 49 besonders

1748 3372 145 48 gegen
1919 3356 70 47 die
2017 3357 126 47 Mitte
2171 3357 75 48 des
2276 3358 214 56 Werkes,
2534 3376 70 32 wo
2646 3359 168 49 freilich
2854 3361 112 48 auch
2996 3361 80 48 der
3104 3362 102 48 Com-

1748 3433 146 64 ponist
1927 3450 55 30 zu
2021 3433 160 47 immer
2222 3434 318 65 mächtigerem
2579 3437 311 65 Aufschwung
2929 3438 92 47 sich
3062 3439 177 56 erhebt,

1749 3509 153 47 wuchs
1930 3508 69 48 die
2029 3511 132 45 Kraft
2190 3509 89 49 und
2306 3511 328 64 Lebendigkeit
2669 3512 76 48 des
2773 3513 246 65 Vortrages
3047 3514 94 49 und
3169 3532 46 32 er-

1748 3584 105 47 hielt
1881 3584 92 49 sich
2002 3586 347 63 ungeschwächt
2370 3587 64 48 bis
2463 3605 99 30 zum
2585 3588 141 48 Ende.
2754 3589 104 47 Und
2880 3589 185 50 diesmal
3087 3592 156 48 wurde

1748 3660 70 49 die
1847 3662 231 63 Wirkung
2120 3660 80 49 der
2229 3663 149 48 Chöre
2417 3664 113 47 noch
2572 3663 140 50 durch
2754 3664 70 50 die
2853 3667 270 65 Begleitung
3163 3667 78 49 der

1748 3738 142 63 Orgel
1931 3738 255 63 gesteigert,
2228 3738 70 48 die
2339 3739 232 64 eigentlich
2613 3740 72 47 nie
2731 3740 147 49 einem
2919 3742 324 49 Händel'schen

1749 3814 262 47 Oratorium
2041 3814 145 48 fehlen
2214 3815 138 49 sollte.
2389 3817 84 45 Die
2502 3817 141 63 Orgel
2673 3817 94 48 und
2794 3818 138 48 deren
2962 3820 281 64 Aufstellung

1747 3890 43 47 in
1813 3889 100 48 dem
1938 3890 313 49 Concertsaale
2272 3892 153 47 hatten
2446 3892 84 47 wir
2549 3893 153 48 Herrn
2730 3894 92 48 Ad.
2852 3894 171 50 Ibach
3050 3895 43 47 in
3117 3897 124 45 Bonn

1747 3983 52 31 zu
1817 3965 190 56 danken,
2024 3965 100 49 dem
2143 3967 229 48 Genossen
2393 3967 80 47 der
2492 3967 272 50 berühmten
2780 3970 460 64 Orgelbauer-Firma

1747 4044 54 46 A.
1841 4041 162 50 Ibach
2044 4043 180 48 Söhne
2261 4043 43 48 in
2333 4045 210 49 Barmen.
2586 4047 94 47 Das
2714 4047 221 47 treffliche
2970 4048 270 46 Instrument
