<?xml version="1.0" encoding="UTF-8"?>
<alto xmlns:xsi="http://www.w3.org/2001/XMLSchema-instance" xmlns="http://www.loc.gov/standards/alto/ns-v2#" xsi:schemaLocation="http://www.loc.gov/standards/alto/ns-v2# http://www.loc.gov/standards/alto/alto-v2.0.xsd" xmlns:xlink="http://www.w3.org/1999/xlink">
	<Description>
		<MeasurementUnit>mm10</MeasurementUnit>
		<sourceImageInformation>
			<fileName>//fileserver7/IN2/Princeton/Batch5/bmtnabi/1859/04/02_01/00000120.tif</fileName>
		</sourceImageInformation>
		<OCRProcessing ID="OCRPROCESSING_1">
			<preProcessingStep>
				<processingSoftware>
					<softwareCreator>CCS Content Conversion Specialists GmbH, Germany</softwareCreator>
					<softwareName>CCS docWORKS</softwareName>
					<softwareVersion>6.6-1.18</softwareVersion>
				</processingSoftware>
			</preProcessingStep>
			<ocrProcessingStep>
				<processingSoftware>
					<softwareCreator>ABBYY (BIT Software), Russia</softwareCreator>
					<softwareName>FineReader</softwareName>
					<softwareVersion>10.0</softwareVersion>
				</processingSoftware>
			</ocrProcessingStep>
		</OCRProcessing>
	</Description>
	<Styles>
		<TextStyle ID="TXT_0" FONTSIZE="19" FONTFAMILY="Times New Roman"/>
		<TextStyle ID="TXT_1" FONTSIZE="15" FONTFAMILY="Times New Roman"/>
		<TextStyle ID="TXT_2" FONTSIZE="17" FONTFAMILY="Times New Roman" FONTSTYLE="italics"/>
		<ParagraphStyle ID="PAR_CENTER" ALIGN="Center"/>
		<ParagraphStyle ID="PAR_BLOCK" ALIGN="Block"/>
		<ParagraphStyle ID="PAR_LEFT" ALIGN="Left"/>
	</Styles>
	<Layout>
		<Page ID="P6" PHYSICAL_IMG_NR="6" HEIGHT="4384" WIDTH="3479" PRINTED_IMG_NR="110" PC="0.917">
			<TopMargin ID="P6_TM00001" HPOS="0" VPOS="0" WIDTH="3479" HEIGHT="231">
				<TextBlock ID="P6_TB00001" HPOS="1706" VPOS="177" WIDTH="103" HEIGHT="51" STYLEREFS="TXT_0 PAR_CENTER">
					<TextLine ID="P6_TL00001" HPOS="1706" VPOS="178" WIDTH="103" HEIGHT="50">
						<String ID="P6_ST00001" HPOS="1706" VPOS="178" WIDTH="103" HEIGHT="50" CONTENT="110" WC="0.56" CC="615"/>
					</TextLine>
				</TextBlock>
			</TopMargin>
			<LeftMargin ID="P6_LM00001" HPOS="0" VPOS="231" WIDTH="187" HEIGHT="3895"/>
			<RightMargin ID="P6_RM00001" HPOS="3291" VPOS="231" WIDTH="188" HEIGHT="3895"/>
			<BottomMargin ID="P6_BM00001" HPOS="0" VPOS="4126" WIDTH="3479" HEIGHT="258"/>
			<PrintSpace ID="P6_PS00001" HPOS="187" VPOS="231" WIDTH="3104" HEIGHT="3895">
				<TextBlock ID="P6_TB00002" HPOS="187" VPOS="311" WIDTH="1528" HEIGHT="3803" STYLEREFS="TXT_1 PAR_BLOCK">
					<TextLine ID="P6_TL00002" HPOS="234" VPOS="312" WIDTH="1481" HEIGHT="67">
						<String ID="P6_ST00002" HPOS="234" VPOS="312" WIDTH="158" HEIGHT="48" CONTENT="wurde" WC="0.96" CC="63456"/>
						<SP ID="P6_SP00001" HPOS="392" VPOS="360" WIDTH="29"/>
						<String ID="P6_ST00003" HPOS="421" VPOS="330" WIDTH="80" HEIGHT="30" CONTENT="von" WC="0.95" CC="544"/>
						<SP ID="P6_SP00002" HPOS="501" VPOS="360" WIDTH="30"/>
						<String ID="P6_ST00004" HPOS="531" VPOS="316" WIDTH="149" HEIGHT="47" CONTENT="Herrn" WC="0.98" CC="74004"/>
						<SP ID="P6_SP00003" HPOS="680" VPOS="363" WIDTH="28"/>
						<String ID="P6_ST00005" HPOS="708" VPOS="315" WIDTH="300" HEIGHT="48" CONTENT="Brambach" WC="0.98" CC="71622606"/>
						<SP ID="P6_SP00004" HPOS="1008" VPOS="363" WIDTH="33"/>
						<String ID="P6_ST00006" HPOS="1041" VPOS="332" WIDTH="77" HEIGHT="31" CONTENT="aus" WC="0.95" CC="560"/>
						<SP ID="P6_SP00005" HPOS="1118" VPOS="363" WIDTH="23"/>
						<String ID="P6_ST00007" HPOS="1141" VPOS="317" WIDTH="117" HEIGHT="47" CONTENT="Köln" WC="0.98" CC="3204"/>
						<SP ID="P6_SP00006" HPOS="1258" VPOS="364" WIDTH="29"/>
						<String ID="P6_ST00008" HPOS="1287" VPOS="317" WIDTH="126" HEIGHT="47" CONTENT="recht" WC="0.97" CC="10565"/>
						<SP ID="P6_SP00007" HPOS="1413" VPOS="364" WIDTH="28"/>
						<String ID="P6_ST00009" HPOS="1441" VPOS="324" WIDTH="80" HEIGHT="55" CONTENT="gut" WC="0.92" CC="956"/>
						<SP ID="P6_SP00008" HPOS="1521" VPOS="379" WIDTH="29"/>
						<String ID="P6_ST00010" HPOS="1550" VPOS="316" WIDTH="138" HEIGHT="48" CONTENT="behan" SUBS_TYPE="HypPart1" SUBS_CONTENT="behandelt." WC="0.98" CC="70007"/>
						<HYP HPOS="1688" VPOS="316" WIDTH="27" CONTENT="-"/>
					</TextLine>
					<TextLine ID="P6_TL00003" HPOS="230" VPOS="387" WIDTH="1485" HEIGHT="69">
						<String ID="P6_ST00011" HPOS="230" VPOS="387" WIDTH="102" HEIGHT="48" CONTENT="delt." SUBS_TYPE="HypPart2" SUBS_CONTENT="behandelt." WC="0.98" CC="80024"/>
						<SP ID="P6_SP00009" HPOS="332" VPOS="435" WIDTH="47"/>
						<String ID="P6_ST00012" HPOS="379" VPOS="388" WIDTH="84" HEIGHT="47" CONTENT="Die" WC="0.97" CC="700"/>
						<SP ID="P6_SP00010" HPOS="463" VPOS="435" WIDTH="28"/>
						<String ID="P6_ST00013" HPOS="491" VPOS="391" WIDTH="150" HEIGHT="46" CONTENT="Partie" WC="0.98" CC="700760"/>
						<SP ID="P6_SP00011" HPOS="641" VPOS="437" WIDTH="38"/>
						<String ID="P6_ST00014" HPOS="679" VPOS="390" WIDTH="80" HEIGHT="47" CONTENT="der" WC="1.00" CC="000"/>
						<SP ID="P6_SP00012" HPOS="759" VPOS="437" WIDTH="39"/>
						<String ID="P6_ST00015" HPOS="798" VPOS="391" WIDTH="170" HEIGHT="56" CONTENT="Sella," WC="0.78" CC="500042"/>
						<SP ID="P6_SP00013" HPOS="968" VPOS="447" WIDTH="38"/>
						<String ID="P6_ST00016" HPOS="1006" VPOS="407" WIDTH="99" HEIGHT="31" CONTENT="vom" WC="0.97" CC="241"/>
						<SP ID="P6_SP00014" HPOS="1105" VPOS="447" WIDTH="32"/>
						<String ID="P6_ST00017" HPOS="1137" VPOS="392" WIDTH="314" HEIGHT="64" CONTENT="Componisten" WC="0.43" CC="43965616736"/>
						<SP ID="P6_SP00015" HPOS="1451" VPOS="456" WIDTH="40"/>
						<String ID="P6_ST00018" HPOS="1491" VPOS="392" WIDTH="79" HEIGHT="46" CONTENT="mit" WC="1.00" CC="000"/>
						<SP ID="P6_SP00016" HPOS="1570" VPOS="456" WIDTH="40"/>
						<String ID="P6_ST00019" HPOS="1610" VPOS="391" WIDTH="105" HEIGHT="48" CONTENT="zwei" WC="0.98" CC="6003"/>
					</TextLine>
					<TextLine ID="P6_TL00004" HPOS="227" VPOS="465" WIDTH="1488" HEIGHT="58">
						<String ID="P6_ST00020" HPOS="227" VPOS="465" WIDTH="248" HEIGHT="45" CONTENT="herrlichen" WC="0.99" CC="7602030606"/>
						<SP ID="P6_SP00017" HPOS="475" VPOS="510" WIDTH="28"/>
						<String ID="P6_ST00021" HPOS="503" VPOS="466" WIDTH="138" HEIGHT="47" CONTENT="Arien" WC="0.98" CC="56000"/>
						<SP ID="P6_SP00018" HPOS="641" VPOS="513" WIDTH="29"/>
						<String ID="P6_ST00022" HPOS="670" VPOS="466" WIDTH="208" HEIGHT="57" CONTENT="bedacht," WC="0.99" CC="64000703"/>
						<SP ID="P6_SP00019" HPOS="878" VPOS="523" WIDTH="42"/>
						<String ID="P6_ST00023" HPOS="920" VPOS="468" WIDTH="157" HEIGHT="46" CONTENT="erhielt" WC="0.99" CC="0230004"/>
						<SP ID="P6_SP00020" HPOS="1077" VPOS="523" WIDTH="36"/>
						<String ID="P6_ST00024" HPOS="1113" VPOS="467" WIDTH="138" HEIGHT="47" CONTENT="durch" WC="0.96" CC="96906"/>
						<SP ID="P6_SP00021" HPOS="1251" VPOS="523" WIDTH="42"/>
						<String ID="P6_ST00025" HPOS="1293" VPOS="468" WIDTH="149" HEIGHT="47" CONTENT="Fräul." WC="0.75" CC="143410"/>
						<SP ID="P6_SP00022" HPOS="1442" VPOS="523" WIDTH="29"/>
						<String ID="P6_ST00026" HPOS="1471" VPOS="468" WIDTH="244" HEIGHT="47" CONTENT="Schreck" WC="0.99" CC="0004400"/>
					</TextLine>
					<TextLine ID="P6_TL00005" HPOS="227" VPOS="538" WIDTH="1488" HEIGHT="68">
						<String ID="P6_ST00027" HPOS="227" VPOS="538" WIDTH="96" HEIGHT="47" CONTENT="eine" WC="0.97" CC="6071"/>
						<SP ID="P6_SP00023" HPOS="323" VPOS="585" WIDTH="28"/>
						<String ID="P6_ST00028" HPOS="351" VPOS="539" WIDTH="300" HEIGHT="49" CONTENT="vortreffliche" WC="1.00" CC="0006000000042"/>
						<SP ID="P6_SP00024" HPOS="651" VPOS="588" WIDTH="19"/>
						<String ID="P6_ST00029" HPOS="670" VPOS="541" WIDTH="324" HEIGHT="65" CONTENT="Ausführung;" WC="0.99" CC="00571616760"/>
						<SP ID="P6_SP00025" HPOS="994" VPOS="606" WIDTH="30"/>
						<String ID="P6_ST00030" HPOS="1024" VPOS="542" WIDTH="69" HEIGHT="46" CONTENT="die" WC="1.00" CC="010"/>
						<SP ID="P6_SP00026" HPOS="1093" VPOS="606" WIDTH="16"/>
						<String ID="P6_ST00031" HPOS="1109" VPOS="542" WIDTH="106" HEIGHT="47" CONTENT="Arie" WC="0.96" CC="6416"/>
						<SP ID="P6_SP00027" HPOS="1215" VPOS="606" WIDTH="29"/>
						<String ID="P6_ST00032" HPOS="1244" VPOS="543" WIDTH="57" HEIGHT="46" CONTENT="im" WC="1.00" CC="00"/>
						<SP ID="P6_SP00028" HPOS="1301" VPOS="606" WIDTH="29"/>
						<String ID="P6_ST00033" HPOS="1330" VPOS="543" WIDTH="183" HEIGHT="47" CONTENT="zweiten" WC="0.99" CC="1000503"/>
						<SP ID="P6_SP00029" HPOS="1513" VPOS="606" WIDTH="27"/>
						<String ID="P6_ST00034" HPOS="1540" VPOS="543" WIDTH="175" HEIGHT="47" CONTENT="Theile:" WC="0.82" CC="0620300"/>
					</TextLine>
					<TextLine ID="P6_TL00006" HPOS="235" VPOS="614" WIDTH="1477" HEIGHT="68">
						<String ID="P6_ST00035" HPOS="235" VPOS="614" WIDTH="159" HEIGHT="55" CONTENT="„Such'" WC="0.98" CC="503072"/>
						<SP ID="P6_SP00030" HPOS="394" VPOS="669" WIDTH="28"/>
						<String ID="P6_ST00036" HPOS="422" VPOS="616" WIDTH="154" HEIGHT="47" CONTENT="and're" WC="0.61" CC="600356"/>
						<SP ID="P6_SP00031" HPOS="576" VPOS="669" WIDTH="29"/>
						<String ID="P6_ST00037" HPOS="605" VPOS="617" WIDTH="142" HEIGHT="65" CONTENT="Opfer" WC="0.98" CC="46710"/>
						<SP ID="P6_SP00032" HPOS="747" VPOS="682" WIDTH="27"/>
						<String ID="P6_ST00038" HPOS="774" VPOS="617" WIDTH="121" HEIGHT="56" CONTENT='dir",' WC="0.98" CC="00645"/>
						<SP ID="P6_SP00033" HPOS="895" VPOS="682" WIDTH="41"/>
						<String ID="P6_ST00039" HPOS="936" VPOS="625" WIDTH="162" HEIGHT="40" CONTENT="wusstc" WC="0.61" CC="033257"/>
						<SP ID="P6_SP00034" HPOS="1098" VPOS="682" WIDTH="38"/>
						<String ID="P6_ST00040" HPOS="1136" VPOS="620" WIDTH="61" HEIGHT="45" CONTENT="sie" WC="0.98" CC="005"/>
						<SP ID="P6_SP00035" HPOS="1197" VPOS="682" WIDTH="28"/>
						<String ID="P6_ST00041" HPOS="1225" VPOS="620" WIDTH="80" HEIGHT="45" CONTENT="auf" WC="0.97" CC="070"/>
						<SP ID="P6_SP00036" HPOS="1305" VPOS="682" WIDTH="21"/>
						<String ID="P6_ST00042" HPOS="1326" VPOS="618" WIDTH="78" HEIGHT="47" CONTENT="das" WC="0.98" CC="006"/>
						<SP ID="P6_SP00037" HPOS="1404" VPOS="682" WIDTH="30"/>
						<String ID="P6_ST00043" HPOS="1434" VPOS="618" WIDTH="278" HEIGHT="48" CONTENT="wirksamste" WC="0.99" CC="0057400304"/>
					</TextLine>
					<TextLine ID="P6_TL00007" HPOS="224" VPOS="688" WIDTH="1488" HEIGHT="53">
						<String ID="P6_ST00044" HPOS="224" VPOS="688" WIDTH="264" HEIGHT="48" CONTENT="dramatisch" WC="0.99" CC="0510010526"/>
						<SP ID="P6_SP00038" HPOS="488" VPOS="736" WIDTH="36"/>
						<String ID="P6_ST00045" HPOS="524" VPOS="708" WIDTH="51" HEIGHT="30" CONTENT="zu" WC="0.63" CC="60"/>
						<SP ID="P6_SP00039" HPOS="575" VPOS="738" WIDTH="36"/>
						<String ID="P6_ST00046" HPOS="611" VPOS="692" WIDTH="202" HEIGHT="48" CONTENT="beleben." WC="0.98" CC="70456450"/>
						<SP ID="P6_SP00040" HPOS="813" VPOS="740" WIDTH="50"/>
						<String ID="P6_ST00047" HPOS="863" VPOS="693" WIDTH="148" HEIGHT="46" CONTENT="Fräul." WC="0.62" CC="496010"/>
						<SP ID="P6_SP00041" HPOS="1011" VPOS="740" WIDTH="36"/>
						<String ID="P6_ST00048" HPOS="1047" VPOS="693" WIDTH="160" HEIGHT="47" CONTENT="Saart" WC="0.83" CC="20006"/>
						<SP ID="P6_SP00042" HPOS="1207" VPOS="740" WIDTH="34"/>
						<String ID="P6_ST00049" HPOS="1241" VPOS="710" WIDTH="79" HEIGHT="30" CONTENT="aus" WC="0.94" CC="905"/>
						<SP ID="P6_SP00043" HPOS="1320" VPOS="740" WIDTH="37"/>
						<String ID="P6_ST00050" HPOS="1357" VPOS="694" WIDTH="118" HEIGHT="47" CONTENT="Köln" WC="0.96" CC="1454"/>
						<SP ID="P6_SP00044" HPOS="1475" VPOS="741" WIDTH="52"/>
						<String ID="P6_ST00051" HPOS="1527" VPOS="693" WIDTH="185" HEIGHT="48" CONTENT="brachte" WC="0.98" CC="7203627"/>
					</TextLine>
					<TextLine ID="P6_TL00008" HPOS="221" VPOS="763" WIDTH="1489" HEIGHT="69">
						<String ID="P6_ST00052" HPOS="221" VPOS="763" WIDTH="139" HEIGHT="48" CONTENT="durch" WC="0.99" CC="08010"/>
						<SP ID="P6_SP00045" HPOS="360" VPOS="811" WIDTH="38"/>
						<String ID="P6_ST00053" HPOS="398" VPOS="764" WIDTH="97" HEIGHT="49" CONTENT="ihre" WC="0.97" CC="0554"/>
						<SP ID="P6_SP00046" HPOS="495" VPOS="813" WIDTH="27"/>
						<String ID="P6_ST00054" HPOS="522" VPOS="767" WIDTH="218" HEIGHT="56" CONTENT="liebliche," WC="0.99" CC="1017060603"/>
						<SP ID="P6_SP00047" HPOS="740" VPOS="823" WIDTH="29"/>
						<String ID="P6_ST00055" HPOS="769" VPOS="767" WIDTH="428" HEIGHT="65" CONTENT="wohlausgebildete" WC="1.00" CC="0172432007020200"/>
						<SP ID="P6_SP00048" HPOS="1197" VPOS="832" WIDTH="29"/>
						<String ID="P6_ST00056" HPOS="1226" VPOS="769" WIDTH="185" HEIGHT="47" CONTENT="Stimme" WC="0.99" CC="450001"/>
						<SP ID="P6_SP00049" HPOS="1411" VPOS="832" WIDTH="42"/>
						<String ID="P6_ST00057" HPOS="1453" VPOS="769" WIDTH="89" HEIGHT="47" CONTENT="und" WC="0.97" CC="070"/>
						<SP ID="P6_SP00050" HPOS="1542" VPOS="832" WIDTH="42"/>
						<String ID="P6_ST00058" HPOS="1584" VPOS="771" WIDTH="126" HEIGHT="47" CONTENT="ihren" WC="0.98" CC="12017"/>
					</TextLine>
					<TextLine ID="P6_TL00009" HPOS="220" VPOS="843" WIDTH="1487" HEIGHT="65">
						<String ID="P6_ST00059" HPOS="220" VPOS="847" WIDTH="80" HEIGHT="56" CONTENT="gut" WC="0.94" CC="708"/>
						<SP ID="P6_SP00051" HPOS="300" VPOS="903" WIDTH="38"/>
						<String ID="P6_ST00060" HPOS="338" VPOS="843" WIDTH="297" HEIGHT="47" CONTENT="accentuirten" WC="0.66" CC="566080604020"/>
						<SP ID="P6_SP00052" HPOS="635" VPOS="903" WIDTH="42"/>
						<String ID="P6_ST00061" HPOS="677" VPOS="844" WIDTH="196" HEIGHT="64" CONTENT="Vortrag" WC="0.98" CC="6325660"/>
						<SP ID="P6_SP00053" HPOS="873" VPOS="908" WIDTH="47"/>
						<String ID="P6_ST00062" HPOS="920" VPOS="844" WIDTH="128" HEIGHT="46" CONTENT="einen" WC="0.97" CC="70753"/>
						<SP ID="P6_SP00054" HPOS="1048" VPOS="908" WIDTH="38"/>
						<String ID="P6_ST00063" HPOS="1086" VPOS="844" WIDTH="350" HEIGHT="47" CONTENT="wohlthuenden" WC="0.82" CC="050046004000"/>
						<SP ID="P6_SP00055" HPOS="1436" VPOS="908" WIDTH="45"/>
						<String ID="P6_ST00064" HPOS="1481" VPOS="846" WIDTH="226" HEIGHT="47" CONTENT="Eindruck" WC="0.98" CC="01609363"/>
					</TextLine>
					<TextLine ID="P6_TL00010" HPOS="220" VPOS="917" WIDTH="1489" HEIGHT="66">
						<String ID="P6_ST00065" HPOS="220" VPOS="917" WIDTH="174" HEIGHT="47" CONTENT="hervor." WC="0.99" CC="7050004"/>
						<SP ID="P6_SP00056" HPOS="394" VPOS="964" WIDTH="52"/>
						<String ID="P6_ST00066" HPOS="446" VPOS="918" WIDTH="120" HEIGHT="46" CONTENT="Herr" WC="0.94" CC="8656"/>
						<SP ID="P6_SP00057" HPOS="566" VPOS="964" WIDTH="45"/>
						<String ID="P6_ST00067" HPOS="611" VPOS="919" WIDTH="82" HEIGHT="47" CONTENT="Dr." WC="0.94" CC="761"/>
						<SP ID="P6_SP00058" HPOS="693" VPOS="966" WIDTH="44"/>
						<String ID="P6_ST00068" HPOS="737" VPOS="920" WIDTH="144" HEIGHT="47" CONTENT="Kl..n" WC="1.00" CC="00000"/>
						<SP ID="P6_SP00059" HPOS="881" VPOS="967" WIDTH="38"/>
						<String ID="P6_ST00069" HPOS="919" VPOS="937" WIDTH="110" HEIGHT="46" CONTENT="sang" WC="0.96" CC="4059"/>
						<SP ID="P6_SP00060" HPOS="1029" VPOS="983" WIDTH="41"/>
						<String ID="P6_ST00070" HPOS="1070" VPOS="919" WIDTH="70" HEIGHT="48" CONTENT="die" WC="1.00" CC="000"/>
						<SP ID="P6_SP00061" HPOS="1140" VPOS="983" WIDTH="40"/>
						<String ID="P6_ST00071" HPOS="1180" VPOS="920" WIDTH="162" HEIGHT="47" CONTENT="beiden" WC="0.98" CC="600057"/>
						<SP ID="P6_SP00062" HPOS="1342" VPOS="983" WIDTH="40"/>
						<String ID="P6_ST00072" HPOS="1382" VPOS="922" WIDTH="207" HEIGHT="47" CONTENT="Partieen" WC="0.84" CC="20061002"/>
						<SP ID="P6_SP00063" HPOS="1589" VPOS="983" WIDTH="43"/>
						<String ID="P6_ST00073" HPOS="1632" VPOS="922" WIDTH="77" HEIGHT="48" CONTENT="des" WC="0.98" CC="050"/>
					</TextLine>
					<TextLine ID="P6_TL00011" HPOS="215" VPOS="992" WIDTH="1491" HEIGHT="66">
						<String ID="P6_ST00074" HPOS="215" VPOS="992" WIDTH="205" HEIGHT="62" CONTENT="Jephta" WC="0.88" CC="200400"/>
						<SP ID="P6_SP00064" HPOS="420" VPOS="1054" WIDTH="29"/>
						<String ID="P6_ST00075" HPOS="449" VPOS="993" WIDTH="89" HEIGHT="47" CONTENT="und" WC="0.97" CC="700"/>
						<SP ID="P6_SP00065" HPOS="538" VPOS="1054" WIDTH="29"/>
						<String ID="P6_ST00076" HPOS="567" VPOS="993" WIDTH="75" HEIGHT="48" CONTENT="des" WC="0.99" CC="003"/>
						<SP ID="P6_SP00066" HPOS="642" VPOS="1054" WIDTH="29"/>
						<String ID="P6_ST00077" HPOS="671" VPOS="995" WIDTH="206" HEIGHT="47" CONTENT="Hamor" WC="0.48" CC="85830"/>
						<SP ID="P6_SP00067" HPOS="877" VPOS="1054" WIDTH="29"/>
						<String ID="P6_ST00078" HPOS="906" VPOS="995" WIDTH="90" HEIGHT="47" CONTENT="und" WC="0.95" CC="560"/>
						<SP ID="P6_SP00068" HPOS="996" VPOS="1054" WIDTH="28"/>
						<String ID="P6_ST00079" HPOS="1024" VPOS="995" WIDTH="140" HEIGHT="63" CONTENT="zeigte" WC="0.98" CC="700961"/>
						<SP ID="P6_SP00069" HPOS="1164" VPOS="1058" WIDTH="21"/>
						<String ID="P6_ST00080" HPOS="1185" VPOS="997" WIDTH="89" HEIGHT="45" CONTENT="sich" WC="0.95" CC="9607"/>
						<SP ID="P6_SP00070" HPOS="1274" VPOS="1058" WIDTH="26"/>
						<String ID="P6_ST00081" HPOS="1300" VPOS="995" WIDTH="244" HEIGHT="49" CONTENT="besonders" WC="0.99" CC="600770010"/>
						<SP ID="P6_SP00071" HPOS="1544" VPOS="1058" WIDTH="21"/>
						<String ID="P6_ST00082" HPOS="1565" VPOS="997" WIDTH="141" HEIGHT="48" CONTENT="durch" WC="0.98" CC="04571"/>
					</TextLine>
					<TextLine ID="P6_TL00012" HPOS="216" VPOS="1067" WIDTH="1491" HEIGHT="67">
						<String ID="P6_ST00083" HPOS="216" VPOS="1067" WIDTH="118" HEIGHT="47" CONTENT="seine" WC="0.97" CC="60166"/>
						<SP ID="P6_SP00072" HPOS="334" VPOS="1114" WIDTH="30"/>
						<String ID="P6_ST00084" HPOS="364" VPOS="1067" WIDTH="298" HEIGHT="67" CONTENT="Behandlung" WC="0.99" CC="5017402470"/>
						<SP ID="P6_SP00073" HPOS="662" VPOS="1134" WIDTH="28"/>
						<String ID="P6_ST00085" HPOS="690" VPOS="1070" WIDTH="79" HEIGHT="47" CONTENT="der" WC="0.98" CC="005"/>
						<SP ID="P6_SP00074" HPOS="769" VPOS="1134" WIDTH="28"/>
						<String ID="P6_ST00086" HPOS="797" VPOS="1072" WIDTH="241" HEIGHT="47" CONTENT="Recitative" WC="0.64" CC="7061607007"/>
						<SP ID="P6_SP00075" HPOS="1038" VPOS="1134" WIDTH="31"/>
						<String ID="P6_ST00087" HPOS="1069" VPOS="1072" WIDTH="165" HEIGHT="47" CONTENT="wieder" WC="1.00" CC="020003"/>
						<SP ID="P6_SP00076" HPOS="1234" VPOS="1134" WIDTH="40"/>
						<String ID="P6_ST00088" HPOS="1274" VPOS="1073" WIDTH="64" HEIGHT="47" CONTENT="als" WC="0.96" CC="900"/>
						<SP ID="P6_SP00077" HPOS="1338" VPOS="1134" WIDTH="35"/>
						<String ID="P6_ST00089" HPOS="1373" VPOS="1072" WIDTH="84" HEIGHT="47" CONTENT="den" WC="0.94" CC="068"/>
						<SP ID="P6_SP00078" HPOS="1457" VPOS="1134" WIDTH="32"/>
						<String ID="P6_ST00090" HPOS="1489" VPOS="1073" WIDTH="42" HEIGHT="46" CONTENT="in" WC="0.76" CC="04"/>
						<SP ID="P6_SP00079" HPOS="1531" VPOS="1134" WIDTH="29"/>
						<String ID="P6_ST00091" HPOS="1560" VPOS="1074" WIDTH="126" HEIGHT="47" CONTENT="classi" SUBS_TYPE="HypPart1" SUBS_CONTENT="classischer" WC="0.58" CC="566520"/>
						<HYP HPOS="1686" VPOS="1074" WIDTH="21" CONTENT="-"/>
					</TextLine>
					<TextLine ID="P6_TL00013" HPOS="215" VPOS="1143" WIDTH="1490" HEIGHT="68">
						<String ID="P6_ST00092" HPOS="215" VPOS="1143" WIDTH="130" HEIGHT="48" CONTENT="scher" SUBS_TYPE="HypPart2" SUBS_CONTENT="classischer" WC="0.72" CC="40404"/>
						<SP ID="P6_SP00080" HPOS="345" VPOS="1191" WIDTH="20"/>
						<String ID="P6_ST00093" HPOS="365" VPOS="1145" WIDTH="145" HEIGHT="46" CONTENT="Musik" WC="0.97" CC="76500"/>
						<SP ID="P6_SP00081" HPOS="510" VPOS="1191" WIDTH="26"/>
						<String ID="P6_ST00094" HPOS="536" VPOS="1147" WIDTH="388" HEIGHT="48" CONTENT="wohlerfahrenen" WC="0.99" CC="03703600790700"/>
						<SP ID="P6_SP00082" HPOS="924" VPOS="1195" WIDTH="21"/>
						<String ID="P6_ST00095" HPOS="945" VPOS="1149" WIDTH="190" HEIGHT="62" CONTENT="Sänger," WC="0.97" CC="6799530"/>
						<SP ID="P6_SP00083" HPOS="1135" VPOS="1211" WIDTH="29"/>
						<String ID="P6_ST00096" HPOS="1164" VPOS="1148" WIDTH="82" HEIGHT="47" CONTENT="den" WC="0.95" CC="058"/>
						<SP ID="P6_SP00084" HPOS="1246" VPOS="1211" WIDTH="33"/>
						<String ID="P6_ST00097" HPOS="1279" VPOS="1149" WIDTH="82" HEIGHT="47" CONTENT="wir" WC="0.96" CC="900"/>
						<SP ID="P6_SP00085" HPOS="1361" VPOS="1211" WIDTH="28"/>
						<String ID="P6_ST00098" HPOS="1389" VPOS="1149" WIDTH="41" HEIGHT="46" CONTENT="in" WC="0.48" CC="36"/>
						<SP ID="P6_SP00086" HPOS="1430" VPOS="1211" WIDTH="25"/>
						<String ID="P6_ST00099" HPOS="1455" VPOS="1149" WIDTH="90" HEIGHT="47" CONTENT="ihm" WC="0.98" CC="050"/>
						<SP ID="P6_SP00087" HPOS="1545" VPOS="1211" WIDTH="25"/>
						<String ID="P6_ST00100" HPOS="1570" VPOS="1150" WIDTH="135" HEIGHT="47" CONTENT="schon" WC="0.97" CC="22746"/>
					</TextLine>
					<TextLine ID="P6_TL00014" HPOS="214" VPOS="1219" WIDTH="554" HEIGHT="65">
						<String ID="P6_ST00101" HPOS="214" VPOS="1219" WIDTH="81" HEIGHT="47" CONTENT="seit" WC="0.98" CC="0036"/>
						<SP ID="P6_SP00088" HPOS="295" VPOS="1266" WIDTH="26"/>
						<String ID="P6_ST00102" HPOS="321" VPOS="1220" WIDTH="200" HEIGHT="64" CONTENT="Langem" WC="0.97" CC="967070"/>
						<SP ID="P6_SP00089" HPOS="521" VPOS="1284" WIDTH="31"/>
						<String ID="P6_ST00103" HPOS="552" VPOS="1223" WIDTH="216" HEIGHT="48" CONTENT="schätzen." WC="0.98" CC="567775064"/>
					</TextLine>
					<TextLine ID="P6_TL00015" HPOS="328" VPOS="1295" WIDTH="1379" HEIGHT="61">
						<String ID="P6_ST00104" HPOS="328" VPOS="1295" WIDTH="151" HEIGHT="48" CONTENT="Wenn" WC="0.49" CC="0667"/>
						<SP ID="P6_SP00090" HPOS="479" VPOS="1343" WIDTH="29"/>
						<String ID="P6_ST00105" HPOS="508" VPOS="1298" WIDTH="173" HEIGHT="47" CONTENT="Händel" WC="0.97" CC="898072"/>
						<SP ID="P6_SP00091" HPOS="681" VPOS="1345" WIDTH="29"/>
						<String ID="P6_ST00106" HPOS="710" VPOS="1299" WIDTH="88" HEIGHT="46" CONTENT="sich" WC="0.99" CC="4000"/>
						<SP ID="P6_SP00092" HPOS="798" VPOS="1345" WIDTH="32"/>
						<String ID="P6_ST00107" HPOS="830" VPOS="1299" WIDTH="266" HEIGHT="47" CONTENT="vernehmen" WC="0.99" CC="000504505"/>
						<SP ID="P6_SP00093" HPOS="1096" VPOS="1346" WIDTH="39"/>
						<String ID="P6_ST00108" HPOS="1135" VPOS="1299" WIDTH="116" HEIGHT="57" CONTENT="lässt," WC="0.89" CC="000050"/>
						<SP ID="P6_SP00094" HPOS="1251" VPOS="1356" WIDTH="40"/>
						<String ID="P6_ST00109" HPOS="1291" VPOS="1315" WIDTH="47" HEIGHT="32" CONTENT="so" WC="0.34" CC="93"/>
						<SP ID="P6_SP00095" HPOS="1338" VPOS="1356" WIDTH="39"/>
						<String ID="P6_ST00110" HPOS="1377" VPOS="1300" WIDTH="52" HEIGHT="47" CONTENT="ist" WC="0.96" CC="037"/>
						<SP ID="P6_SP00096" HPOS="1429" VPOS="1356" WIDTH="33"/>
						<String ID="P6_ST00111" HPOS="1462" VPOS="1317" WIDTH="50" HEIGHT="30" CONTENT="er" WC="0.33" CC="75"/>
						<SP ID="P6_SP00097" HPOS="1512" VPOS="1356" WIDTH="35"/>
						<String ID="P6_ST00112" HPOS="1547" VPOS="1301" WIDTH="160" HEIGHT="47" CONTENT="immer" WC="0.98" CC="10405"/>
					</TextLine>
					<TextLine ID="P6_TL00016" HPOS="211" VPOS="1369" WIDTH="1493" HEIGHT="71">
						<String ID="P6_ST00113" HPOS="211" VPOS="1369" WIDTH="76" HEIGHT="48" CONTENT="des" WC="0.93" CC="952"/>
						<SP ID="P6_SP00098" HPOS="287" VPOS="1417" WIDTH="30"/>
						<String ID="P6_ST00114" HPOS="317" VPOS="1370" WIDTH="268" HEIGHT="66" CONTENT="Triumphes" WC="0.99" CC="070420500"/>
						<SP ID="P6_SP00099" HPOS="585" VPOS="1436" WIDTH="28"/>
						<String ID="P6_ST00115" HPOS="613" VPOS="1374" WIDTH="167" HEIGHT="54" CONTENT="sicher;" WC="0.98" CC="1569405"/>
						<SP ID="P6_SP00100" HPOS="780" VPOS="1436" WIDTH="38"/>
						<String ID="P6_ST00116" HPOS="818" VPOS="1390" WIDTH="47" HEIGHT="32" CONTENT="so" WC="0.75" CC="04"/>
						<SP ID="P6_SP00101" HPOS="865" VPOS="1436" WIDTH="40"/>
						<String ID="P6_ST00117" HPOS="905" VPOS="1375" WIDTH="76" HEIGHT="47" CONTENT="hat" WC="0.97" CC="700"/>
						<SP ID="P6_SP00102" HPOS="981" VPOS="1436" WIDTH="39"/>
						<String ID="P6_ST00118" HPOS="1020" VPOS="1375" WIDTH="90" HEIGHT="46" CONTENT="ihm" WC="0.96" CC="090"/>
						<SP ID="P6_SP00103" HPOS="1110" VPOS="1436" WIDTH="41"/>
						<String ID="P6_ST00119" HPOS="1151" VPOS="1375" WIDTH="116" HEIGHT="47" CONTENT="denn" WC="0.96" CC="0465"/>
						<SP ID="P6_SP00104" HPOS="1267" VPOS="1436" WIDTH="40"/>
						<String ID="P6_ST00120" HPOS="1307" VPOS="1376" WIDTH="112" HEIGHT="47" CONTENT="auch" WC="0.94" CC="6777"/>
						<SP ID="P6_SP00105" HPOS="1419" VPOS="1436" WIDTH="41"/>
						<String ID="P6_ST00121" HPOS="1460" VPOS="1393" WIDTH="56" HEIGHT="30" CONTENT="an" WC="0.57" CC="08"/>
						<SP ID="P6_SP00106" HPOS="1516" VPOS="1436" WIDTH="36"/>
						<String ID="P6_ST00122" HPOS="1552" VPOS="1378" WIDTH="152" HEIGHT="62" CONTENT="jenem" WC="0.97" CC="32863"/>
					</TextLine>
					<TextLine ID="P6_TL00017" HPOS="209" VPOS="1445" WIDTH="1493" HEIGHT="70">
						<String ID="P6_ST00123" HPOS="209" VPOS="1445" WIDTH="192" HEIGHT="48" CONTENT="Abende" WC="0.99" CC="040252"/>
						<SP ID="P6_SP00107" HPOS="401" VPOS="1493" WIDTH="35"/>
						<String ID="P6_ST00124" HPOS="436" VPOS="1449" WIDTH="89" HEIGHT="46" CONTENT="sein" WC="0.98" CC="0056"/>
						<SP ID="P6_SP00108" HPOS="525" VPOS="1495" WIDTH="42"/>
						<String ID="P6_ST00125" HPOS="567" VPOS="1450" WIDTH="213" HEIGHT="62" CONTENT='„Jephta"' WC="0.63" CC="00605654"/>
						<SP ID="P6_SP00109" HPOS="780" VPOS="1512" WIDTH="47"/>
						<String ID="P6_ST00126" HPOS="827" VPOS="1450" WIDTH="127" HEIGHT="47" CONTENT="einen" WC="0.97" CC="00758"/>
						<SP ID="P6_SP00110" HPOS="954" VPOS="1512" WIDTH="33"/>
						<String ID="P6_ST00127" HPOS="987" VPOS="1451" WIDTH="219" HEIGHT="64" CONTENT="Triumph" WC="0.98" CC="7006606"/>
						<SP ID="P6_SP00111" HPOS="1206" VPOS="1515" WIDTH="40"/>
						<String ID="P6_ST00128" HPOS="1246" VPOS="1451" WIDTH="200" HEIGHT="50" CONTENT="bereitet." WC="0.99" CC="706204050"/>
						<SP ID="P6_SP00112" HPOS="1446" VPOS="1515" WIDTH="47"/>
						<String ID="P6_ST00129" HPOS="1493" VPOS="1454" WIDTH="209" HEIGHT="47" CONTENT="Gesunde" WC="0.99" CC="2030400"/>
					</TextLine>
					<TextLine ID="P6_TL00018" HPOS="207" VPOS="1522" WIDTH="1495" HEIGHT="60">
						<String ID="P6_ST00130" HPOS="207" VPOS="1522" WIDTH="133" HEIGHT="46" CONTENT="Kraft" WC="0.98" CC="00084"/>
						<SP ID="P6_SP00113" HPOS="340" VPOS="1568" WIDTH="28"/>
						<String ID="P6_ST00131" HPOS="368" VPOS="1522" WIDTH="170" HEIGHT="49" CONTENT="athrnet" WC="0.39" CC="5778805"/>
						<SP ID="P6_SP00114" HPOS="538" VPOS="1571" WIDTH="26"/>
						<String ID="P6_ST00132" HPOS="564" VPOS="1540" WIDTH="79" HEIGHT="31" CONTENT="aus" WC="1.00" CC="000"/>
						<SP ID="P6_SP00115" HPOS="643" VPOS="1571" WIDTH="31"/>
						<String ID="P6_ST00133" HPOS="674" VPOS="1526" WIDTH="111" HEIGHT="46" CONTENT="allen" WC="0.97" CC="05138"/>
						<SP ID="P6_SP00116" HPOS="785" VPOS="1572" WIDTH="32"/>
						<String ID="P6_ST00134" HPOS="817" VPOS="1528" WIDTH="173" HEIGHT="54" CONTENT="Tönen," WC="0.99" CC="005240"/>
						<SP ID="P6_SP00117" HPOS="990" VPOS="1582" WIDTH="44"/>
						<String ID="P6_ST00135" HPOS="1034" VPOS="1526" WIDTH="90" HEIGHT="47" CONTENT="und" WC="0.95" CC="760"/>
						<SP ID="P6_SP00118" HPOS="1124" VPOS="1582" WIDTH="32"/>
						<String ID="P6_ST00136" HPOS="1156" VPOS="1543" WIDTH="128" HEIGHT="32" CONTENT="wenn" WC="0.95" CC="0967"/>
						<SP ID="P6_SP00119" HPOS="1284" VPOS="1582" WIDTH="31"/>
						<String ID="P6_ST00137" HPOS="1315" VPOS="1528" WIDTH="81" HEIGHT="47" CONTENT="wir" WC="0.99" CC="002"/>
						<SP ID="P6_SP00120" HPOS="1396" VPOS="1582" WIDTH="28"/>
						<String ID="P6_ST00138" HPOS="1424" VPOS="1529" WIDTH="61" HEIGHT="47" CONTENT="sie" WC="0.97" CC="600"/>
						<SP ID="P6_SP00121" HPOS="1485" VPOS="1582" WIDTH="29"/>
						<String ID="P6_ST00139" HPOS="1514" VPOS="1530" WIDTH="162" HEIGHT="46" CONTENT="verneh" SUBS_TYPE="HypPart1" SUBS_CONTENT="vernehmen," WC="0.98" CC="606706"/>
						<HYP HPOS="1676" VPOS="1530" WIDTH="26" CONTENT="-"/>
					</TextLine>
					<TextLine ID="P6_TL00019" HPOS="207" VPOS="1599" WIDTH="1494" HEIGHT="63">
						<String ID="P6_ST00140" HPOS="207" VPOS="1614" WIDTH="119" HEIGHT="39" CONTENT="men," SUBS_TYPE="HypPart2" SUBS_CONTENT="vernehmen," WC="0.95" CC="9462"/>
						<SP ID="P6_SP00122" HPOS="326" VPOS="1653" WIDTH="29"/>
						<String ID="P6_ST00141" HPOS="355" VPOS="1614" WIDTH="47" HEIGHT="32" CONTENT="so" WC="0.34" CC="57"/>
						<SP ID="P6_SP00123" HPOS="402" VPOS="1653" WIDTH="29"/>
						<String ID="P6_ST00142" HPOS="431" VPOS="1599" WIDTH="197" HEIGHT="63" CONTENT="glauben" WC="0.97" CC="0497768"/>
						<SP ID="P6_SP00124" HPOS="628" VPOS="1662" WIDTH="30"/>
						<String ID="P6_ST00143" HPOS="658" VPOS="1602" WIDTH="97" HEIGHT="53" CONTENT="wir," WC="0.98" CC="0600"/>
						<SP ID="P6_SP00125" HPOS="755" VPOS="1662" WIDTH="30"/>
						<String ID="P6_ST00144" HPOS="785" VPOS="1602" WIDTH="118" HEIGHT="47" CONTENT="diese" WC="1.00" CC="00030"/>
						<SP ID="P6_SP00126" HPOS="903" VPOS="1662" WIDTH="22"/>
						<String ID="P6_ST00145" HPOS="925" VPOS="1604" WIDTH="132" HEIGHT="45" CONTENT="Kraft" WC="0.97" CC="00991"/>
						<SP ID="P6_SP00127" HPOS="1057" VPOS="1662" WIDTH="28"/>
						<String ID="P6_ST00146" HPOS="1085" VPOS="1604" WIDTH="133" HEIGHT="47" CONTENT="theile" WC="0.64" CC="063307"/>
						<SP ID="P6_SP00128" HPOS="1218" VPOS="1662" WIDTH="30"/>
						<String ID="P6_ST00147" HPOS="1248" VPOS="1605" WIDTH="90" HEIGHT="46" CONTENT="sich" WC="0.97" CC="5007"/>
						<SP ID="P6_SP00129" HPOS="1338" VPOS="1662" WIDTH="30"/>
						<String ID="P6_ST00148" HPOS="1368" VPOS="1622" WIDTH="80" HEIGHT="30" CONTENT="uns" WC="0.94" CC="563"/>
						<SP ID="P6_SP00130" HPOS="1448" VPOS="1662" WIDTH="31"/>
						<String ID="P6_ST00149" HPOS="1479" VPOS="1606" WIDTH="91" HEIGHT="47" CONTENT="mit." WC="0.99" CC="0201"/>
						<SP ID="P6_SP00131" HPOS="1570" VPOS="1662" WIDTH="29"/>
						<String ID="P6_ST00150" HPOS="1599" VPOS="1605" WIDTH="102" HEIGHT="48" CONTENT="Und" WC="0.92" CC="749"/>
					</TextLine>
					<TextLine ID="P6_TL00020" HPOS="209" VPOS="1672" WIDTH="1493" HEIGHT="65">
						<String ID="P6_ST00151" HPOS="209" VPOS="1672" WIDTH="112" HEIGHT="49" CONTENT="doch" WC="0.95" CC="9436"/>
						<SP ID="P6_SP00132" HPOS="321" VPOS="1721" WIDTH="41"/>
						<String ID="P6_ST00152" HPOS="362" VPOS="1675" WIDTH="133" HEIGHT="47" CONTENT="schuf" WC="0.98" CC="00507"/>
						<SP ID="P6_SP00133" HPOS="495" VPOS="1722" WIDTH="34"/>
						<String ID="P6_ST00153" HPOS="529" VPOS="1676" WIDTH="175" HEIGHT="48" CONTENT="Händel" WC="0.98" CC="707010"/>
						<SP ID="P6_SP00134" HPOS="704" VPOS="1724" WIDTH="45"/>
						<String ID="P6_ST00154" HPOS="749" VPOS="1677" WIDTH="139" HEIGHT="47" CONTENT="dieses" WC="0.98" CC="034064"/>
						<SP ID="P6_SP00135" HPOS="888" VPOS="1724" WIDTH="29"/>
						<String ID="P6_ST00155" HPOS="917" VPOS="1679" WIDTH="148" HEIGHT="48" CONTENT="Werk" WC="0.96" CC="6660"/>
						<SP ID="P6_SP00136" HPOS="1065" VPOS="1727" WIDTH="39"/>
						<String ID="P6_ST00156" HPOS="1104" VPOS="1696" WIDTH="51" HEIGHT="31" CONTENT="zu" WC="0.29" CC="67"/>
						<SP ID="P6_SP00137" HPOS="1155" VPOS="1727" WIDTH="47"/>
						<String ID="P6_ST00157" HPOS="1202" VPOS="1680" WIDTH="122" HEIGHT="47" CONTENT="einer" WC="0.98" CC="10641"/>
						<SP ID="P6_SP00138" HPOS="1324" VPOS="1727" WIDTH="37"/>
						<String ID="P6_ST00158" HPOS="1361" VPOS="1681" WIDTH="110" HEIGHT="56" CONTENT="Zeit," WC="0.97" CC="06453"/>
						<SP ID="P6_SP00139" HPOS="1471" VPOS="1737" WIDTH="48"/>
						<String ID="P6_ST00159" HPOS="1519" VPOS="1699" WIDTH="70" HEIGHT="29" CONTENT="wo" WC="1.00" CC="00"/>
						<SP ID="P6_SP00140" HPOS="1589" VPOS="1737" WIDTH="42"/>
						<String ID="P6_ST00160" HPOS="1631" VPOS="1681" WIDTH="71" HEIGHT="48" CONTENT="die" WC="0.98" CC="004"/>
					</TextLine>
					<TextLine ID="P6_TL00021" HPOS="205" VPOS="1749" WIDTH="1496" HEIGHT="63">
						<String ID="P6_ST00161" HPOS="205" VPOS="1749" WIDTH="268" HEIGHT="58" CONTENT="Krankheit," WC="0.99" CC="0306700064"/>
						<SP ID="P6_SP00141" HPOS="473" VPOS="1807" WIDTH="29"/>
						<String ID="P6_ST00162" HPOS="502" VPOS="1750" WIDTH="70" HEIGHT="48" CONTENT="die" WC="0.98" CC="060"/>
						<SP ID="P6_SP00142" HPOS="572" VPOS="1807" WIDTH="28"/>
						<String ID="P6_ST00163" HPOS="600" VPOS="1752" WIDTH="119" HEIGHT="49" CONTENT="seine" WC="0.98" CC="04360"/>
						<SP ID="P6_SP00143" HPOS="719" VPOS="1807" WIDTH="30"/>
						<String ID="P6_ST00164" HPOS="749" VPOS="1755" WIDTH="154" HEIGHT="46" CONTENT="letzten" WC="0.98" CC="6325033"/>
						<SP ID="P6_SP00144" HPOS="903" VPOS="1807" WIDTH="28"/>
						<String ID="P6_ST00165" HPOS="931" VPOS="1755" WIDTH="139" HEIGHT="47" CONTENT="Jahre" WC="0.99" CC="00400"/>
						<SP ID="P6_SP00145" HPOS="1070" VPOS="1807" WIDTH="30"/>
						<String ID="P6_ST00166" HPOS="1100" VPOS="1755" WIDTH="292" HEIGHT="57" CONTENT="umdiisterte," WC="0.73" CC="800645210200"/>
						<SP ID="P6_SP00146" HPOS="1392" VPOS="1812" WIDTH="30"/>
						<String ID="P6_ST00167" HPOS="1422" VPOS="1757" WIDTH="134" HEIGHT="47" CONTENT="schon" WC="0.96" CC="66757"/>
						<SP ID="P6_SP00147" HPOS="1556" VPOS="1812" WIDTH="26"/>
						<String ID="P6_ST00168" HPOS="1582" VPOS="1757" WIDTH="119" HEIGHT="49" CONTENT="seine" WC="0.97" CC="70084"/>
					</TextLine>
					<TextLine ID="P6_TL00022" HPOS="207" VPOS="1825" WIDTH="1490" HEIGHT="73">
						<String ID="P6_ST00169" HPOS="207" VPOS="1825" WIDTH="253" HEIGHT="63" CONTENT="Thätigkeit" WC="0.66" CC="7800707003"/>
						<SP ID="P6_SP00148" HPOS="460" VPOS="1888" WIDTH="26"/>
						<String ID="P6_ST00170" HPOS="486" VPOS="1845" WIDTH="52" HEIGHT="29" CONTENT="zu" WC="0.68" CC="41"/>
						<SP ID="P6_SP00149" HPOS="538" VPOS="1888" WIDTH="28"/>
						<String ID="P6_ST00171" HPOS="566" VPOS="1829" WIDTH="175" HEIGHT="47" CONTENT="lähmen" WC="0.98" CC="547006"/>
						<SP ID="P6_SP00150" HPOS="741" VPOS="1888" WIDTH="32"/>
						<String ID="P6_ST00172" HPOS="773" VPOS="1830" WIDTH="199" HEIGHT="63" CONTENT="begann;" WC="0.98" CC="5407780"/>
						<SP ID="P6_SP00151" HPOS="972" VPOS="1893" WIDTH="31"/>
						<String ID="P6_ST00173" HPOS="1003" VPOS="1848" WIDTH="44" HEIGHT="30" CONTENT="es" WC="0.71" CC="05"/>
						<SP ID="P6_SP00152" HPOS="1047" VPOS="1893" WIDTH="28"/>
						<String ID="P6_ST00174" HPOS="1075" VPOS="1831" WIDTH="53" HEIGHT="47" CONTENT="ist" WC="0.96" CC="514"/>
						<SP ID="P6_SP00153" HPOS="1128" VPOS="1893" WIDTH="28"/>
						<String ID="P6_ST00175" HPOS="1156" VPOS="1831" WIDTH="70" HEIGHT="48" CONTENT="die" WC="1.00" CC="000"/>
						<SP ID="P6_SP00154" HPOS="1226" VPOS="1893" WIDTH="29"/>
						<String ID="P6_ST00176" HPOS="1255" VPOS="1834" WIDTH="126" HEIGHT="45" CONTENT="letzte" WC="0.98" CC="607006"/>
						<SP ID="P6_SP00155" HPOS="1381" VPOS="1893" WIDTH="23"/>
						<String ID="P6_ST00177" HPOS="1404" VPOS="1834" WIDTH="147" HEIGHT="47" CONTENT="seiner" WC="0.97" CC="271734"/>
						<SP ID="P6_SP00156" HPOS="1551" VPOS="1893" WIDTH="20"/>
						<String ID="P6_ST00178" HPOS="1571" VPOS="1850" WIDTH="101" HEIGHT="48" CONTENT="gros" SUBS_TYPE="HypPart1" SUBS_CONTENT="grossen" WC="0.99" CC="0540"/>
						<HYP HPOS="1672" VPOS="1850" WIDTH="25" CONTENT="-"/>
					</TextLine>
					<TextLine ID="P6_TL00023" HPOS="204" VPOS="1902" WIDTH="438" HEIGHT="68">
						<String ID="P6_ST00179" HPOS="204" VPOS="1916" WIDTH="77" HEIGHT="32" CONTENT="sen" SUBS_TYPE="HypPart2" SUBS_CONTENT="grossen" WC="0.95" CC="507"/>
						<SP ID="P6_SP00157" HPOS="281" VPOS="1948" WIDTH="28"/>
						<String ID="P6_ST00180" HPOS="309" VPOS="1902" WIDTH="333" HEIGHT="68" CONTENT="Schöpfungen." WC="0.99" CC="406007770281"/>
					</TextLine>
					<TextLine ID="P6_TL00024" HPOS="315" VPOS="1978" WIDTH="1381" HEIGHT="72">
						<String ID="P6_ST00181" HPOS="315" VPOS="1978" WIDTH="164" HEIGHT="49" CONTENT="Keines" WC="0.98" CC="004346"/>
						<SP ID="P6_SP00158" HPOS="479" VPOS="2027" WIDTH="28"/>
						<String ID="P6_ST00182" HPOS="507" VPOS="1980" WIDTH="80" HEIGHT="47" CONTENT="der" WC="0.97" CC="044"/>
						<SP ID="P6_SP00159" HPOS="587" VPOS="2027" WIDTH="29"/>
						<String ID="P6_ST00183" HPOS="616" VPOS="1981" WIDTH="209" HEIGHT="48" CONTENT="früheren" WC="0.97" CC="76267565"/>
						<SP ID="P6_SP00160" HPOS="825" VPOS="2029" WIDTH="30"/>
						<String ID="P6_ST00184" HPOS="855" VPOS="1983" WIDTH="241" HEIGHT="47" CONTENT="Oratorien" WC="0.98" CC="460649656"/>
						<SP ID="P6_SP00161" HPOS="1096" VPOS="2030" WIDTH="32"/>
						<String ID="P6_ST00185" HPOS="1128" VPOS="1985" WIDTH="120" HEIGHT="47" CONTENT="hatte" WC="0.97" CC="76070"/>
						<SP ID="P6_SP00162" HPOS="1248" VPOS="2032" WIDTH="30"/>
						<String ID="P6_ST00186" HPOS="1278" VPOS="1985" WIDTH="72" HEIGHT="47" CONTENT="ihn" WC="0.92" CC="498"/>
						<SP ID="P6_SP00163" HPOS="1350" VPOS="2032" WIDTH="31"/>
						<String ID="P6_ST00187" HPOS="1381" VPOS="2001" WIDTH="47" HEIGHT="32" CONTENT="so" WC="0.30" CC="76"/>
						<SP ID="P6_SP00164" HPOS="1428" VPOS="2033" WIDTH="30"/>
						<String ID="P6_ST00188" HPOS="1458" VPOS="1986" WIDTH="133" HEIGHT="64" CONTENT="lange" WC="0.98" CC="16700"/>
						<SP ID="P6_SP00165" HPOS="1591" VPOS="2050" WIDTH="30"/>
						<String ID="P6_ST00189" HPOS="1621" VPOS="1986" WIDTH="50" HEIGHT="48" CONTENT="be" SUBS_TYPE="HypPart1" SUBS_CONTENT="beschäftigt." WC="0.95" CC="72"/>
						<HYP HPOS="1671" VPOS="1986" WIDTH="25" CONTENT="-"/>
					</TextLine>
					<TextLine ID="P6_TL00025" HPOS="202" VPOS="2053" WIDTH="1496" HEIGHT="74">
						<String ID="P6_ST00190" HPOS="202" VPOS="2053" WIDTH="215" HEIGHT="66" CONTENT="schäftigt." SUBS_TYPE="HypPart2" SUBS_CONTENT="beschäftigt." WC="0.99" CC="6000030992"/>
						<SP ID="P6_SP00166" HPOS="417" VPOS="2119" WIDTH="57"/>
						<String ID="P6_ST00191" HPOS="474" VPOS="2057" WIDTH="238" HEIGHT="48" CONTENT="Während" WC="0.99" CC="3065050"/>
						<SP ID="P6_SP00167" HPOS="712" VPOS="2119" WIDTH="39"/>
						<String ID="P6_ST00192" HPOS="751" VPOS="2058" WIDTH="79" HEIGHT="49" CONTENT="der" WC="0.99" CC="010"/>
						<SP ID="P6_SP00168" HPOS="830" VPOS="2119" WIDTH="35"/>
						<String ID="P6_ST00193" HPOS="865" VPOS="2061" WIDTH="183" HEIGHT="47" CONTENT="Messias" WC="0.99" CC="3002250"/>
						<SP ID="P6_SP00169" HPOS="1048" VPOS="2119" WIDTH="41"/>
						<String ID="P6_ST00194" HPOS="1089" VPOS="2062" WIDTH="42" HEIGHT="46" CONTENT="in" WC="0.70" CC="50"/>
						<SP ID="P6_SP00170" HPOS="1131" VPOS="2119" WIDTH="40"/>
						<String ID="P6_ST00195" HPOS="1171" VPOS="2061" WIDTH="404" HEIGHT="66" CONTENT="dreiundzwanzig," WC="1.00" CC="003030050063003"/>
						<SP ID="P6_SP00171" HPOS="1575" VPOS="2127" WIDTH="43"/>
						<String ID="P6_ST00196" HPOS="1618" VPOS="2063" WIDTH="80" HEIGHT="49" CONTENT="der" WC="0.99" CC="020"/>
					</TextLine>
					<TextLine ID="P6_TL00026" HPOS="204" VPOS="2131" WIDTH="1493" HEIGHT="70">
						<String ID="P6_ST00197" HPOS="204" VPOS="2131" WIDTH="188" HEIGHT="48" CONTENT="Samson" WC="0.99" CC="006050"/>
						<SP ID="P6_SP00172" HPOS="392" VPOS="2179" WIDTH="29"/>
						<String ID="P6_ST00198" HPOS="421" VPOS="2132" WIDTH="43" HEIGHT="47" CONTENT="in" WC="0.64" CC="07"/>
						<SP ID="P6_SP00173" HPOS="464" VPOS="2179" WIDTH="37"/>
						<String ID="P6_ST00199" HPOS="501" VPOS="2133" WIDTH="382" HEIGHT="68" CONTENT="fünfunddreissig" WC="0.74" CC="093088000500040"/>
						<SP ID="P6_SP00174" HPOS="883" VPOS="2201" WIDTH="29"/>
						<String ID="P6_ST00200" HPOS="912" VPOS="2137" WIDTH="154" HEIGHT="64" CONTENT="Tagen" WC="0.98" CC="09006"/>
						<SP ID="P6_SP00175" HPOS="1066" VPOS="2201" WIDTH="38"/>
						<String ID="P6_ST00201" HPOS="1104" VPOS="2137" WIDTH="263" HEIGHT="50" CONTENT="entstanden" WC="0.99" CC="6573707003"/>
						<SP ID="P6_SP00176" HPOS="1367" VPOS="2201" WIDTH="30"/>
						<String ID="P6_ST00202" HPOS="1397" VPOS="2155" WIDTH="110" HEIGHT="41" CONTENT="war," WC="0.99" CC="0002"/>
						<SP ID="P6_SP00177" HPOS="1507" VPOS="2201" WIDTH="43"/>
						<String ID="P6_ST00203" HPOS="1550" VPOS="2140" WIDTH="123" HEIGHT="47" CONTENT="arbei" SUBS_TYPE="HypPart1" SUBS_CONTENT="arbeitete" WC="0.99" CC="00600"/>
						<HYP HPOS="1673" VPOS="2140" WIDTH="24" CONTENT="-"/>
					</TextLine>
					<TextLine ID="P6_TL00027" HPOS="201" VPOS="2207" WIDTH="1494" HEIGHT="69">
						<String ID="P6_ST00204" HPOS="201" VPOS="2212" WIDTH="89" HEIGHT="41" CONTENT="tete" SUBS_TYPE="HypPart2" SUBS_CONTENT="arbeitete" WC="0.98" CC="2041"/>
						<SP ID="P6_SP00178" HPOS="290" VPOS="2253" WIDTH="29"/>
						<String ID="P6_ST00205" HPOS="319" VPOS="2207" WIDTH="79" HEIGHT="47" CONTENT="der" WC="0.98" CC="006"/>
						<SP ID="P6_SP00179" HPOS="398" VPOS="2254" WIDTH="28"/>
						<String ID="P6_ST00206" HPOS="426" VPOS="2210" WIDTH="180" HEIGHT="47" CONTENT="Meister" WC="0.99" CC="0323506"/>
						<SP ID="P6_SP00180" HPOS="606" VPOS="2257" WIDTH="38"/>
						<String ID="P6_ST00207" HPOS="644" VPOS="2227" WIDTH="71" HEIGHT="31" CONTENT="am" WC="0.65" CC="70"/>
						<SP ID="P6_SP00181" HPOS="715" VPOS="2258" WIDTH="30"/>
						<String ID="P6_ST00208" HPOS="745" VPOS="2212" WIDTH="164" HEIGHT="64" CONTENT="Jephta" WC="0.76" CC="000770"/>
						<SP ID="P6_SP00182" HPOS="909" VPOS="2276" WIDTH="38"/>
						<String ID="P6_ST00209" HPOS="947" VPOS="2229" WIDTH="97" HEIGHT="30" CONTENT="vom" WC="0.98" CC="004"/>
						<SP ID="P6_SP00183" HPOS="1044" VPOS="2276" WIDTH="33"/>
						<String ID="P6_ST00210" HPOS="1077" VPOS="2213" WIDTH="83" HEIGHT="47" CONTENT="21." WC="0.48" CC="950"/>
						<SP ID="P6_SP00184" HPOS="1160" VPOS="2276" WIDTH="28"/>
						<String ID="P6_ST00211" HPOS="1188" VPOS="2215" WIDTH="174" HEIGHT="47" CONTENT="Januar" WC="0.98" CC="008605"/>
						<SP ID="P6_SP00185" HPOS="1362" VPOS="2276" WIDTH="23"/>
						<String ID="P6_ST00212" HPOS="1385" VPOS="2215" WIDTH="66" HEIGHT="47" CONTENT="bis" WC="0.93" CC="728"/>
						<SP ID="P6_SP00186" HPOS="1451" VPOS="2276" WIDTH="26"/>
						<String ID="P6_ST00213" HPOS="1477" VPOS="2232" WIDTH="100" HEIGHT="30" CONTENT="zum" WC="0.91" CC="789"/>
						<SP ID="P6_SP00187" HPOS="1577" VPOS="2276" WIDTH="34"/>
						<String ID="P6_ST00214" HPOS="1611" VPOS="2215" WIDTH="84" HEIGHT="49" CONTENT="30." WC="0.49" CC="652"/>
					</TextLine>
					<TextLine ID="P6_TL00028" HPOS="199" VPOS="2282" WIDTH="1494" HEIGHT="63">
						<String ID="P6_ST00215" HPOS="199" VPOS="2282" WIDTH="180" HEIGHT="63" CONTENT="August" WC="0.98" CC="030706"/>
						<SP ID="P6_SP00188" HPOS="379" VPOS="2345" WIDTH="34"/>
						<String ID="P6_ST00216" HPOS="413" VPOS="2283" WIDTH="156" HEIGHT="57" CONTENT="1751," WC="0.38" CC="78670"/>
						<SP ID="P6_SP00189" HPOS="569" VPOS="2345" WIDTH="41"/>
						<String ID="P6_ST00217" HPOS="610" VPOS="2286" WIDTH="92" HEIGHT="47" CONTENT="also" WC="0.98" CC="0114"/>
						<SP ID="P6_SP00190" HPOS="702" VPOS="2345" WIDTH="38"/>
						<String ID="P6_ST00218" HPOS="740" VPOS="2288" WIDTH="66" HEIGHT="46" CONTENT="ein" WC="0.97" CC="034"/>
						<SP ID="P6_SP00191" HPOS="806" VPOS="2345" WIDTH="44"/>
						<String ID="P6_ST00219" HPOS="850" VPOS="2287" WIDTH="155" HEIGHT="48" CONTENT="halbes" WC="0.98" CC="301715"/>
						<SP ID="P6_SP00192" HPOS="1005" VPOS="2345" WIDTH="27"/>
						<String ID="P6_ST00220" HPOS="1032" VPOS="2288" WIDTH="136" HEIGHT="57" CONTENT="Jahr;" WC="0.96" CC="80595"/>
						<SP ID="P6_SP00193" HPOS="1168" VPOS="2345" WIDTH="43"/>
						<String ID="P6_ST00221" HPOS="1211" VPOS="2290" WIDTH="166" HEIGHT="47" CONTENT="freilich" WC="0.98" CC="07465607"/>
						<SP ID="P6_SP00194" HPOS="1377" VPOS="2345" WIDTH="42"/>
						<String ID="P6_ST00222" HPOS="1419" VPOS="2291" WIDTH="79" HEIGHT="47" CONTENT="mit" WC="0.90" CC="969"/>
						<SP ID="P6_SP00195" HPOS="1498" VPOS="2345" WIDTH="38"/>
						<String ID="P6_ST00223" HPOS="1536" VPOS="2292" WIDTH="131" HEIGHT="47" CONTENT="Unter" SUBS_TYPE="HypPart1" SUBS_CONTENT="Unterbrechungen," WC="0.97" CC="88660"/>
						<HYP HPOS="1667" VPOS="2292" WIDTH="26" CONTENT="-"/>
					</TextLine>
					<TextLine ID="P6_TL00029" HPOS="199" VPOS="2357" WIDTH="1494" HEIGHT="74">
						<String ID="P6_ST00224" HPOS="199" VPOS="2357" WIDTH="306" HEIGHT="66" CONTENT="brechungen," SUBS_TYPE="HypPart2" SUBS_CONTENT="Unterbrechungen," WC="0.99" CC="76037580570"/>
						<SP ID="P6_SP00196" HPOS="505" VPOS="2423" WIDTH="28"/>
						<String ID="P6_ST00225" HPOS="533" VPOS="2378" WIDTH="50" HEIGHT="30" CONTENT="zu" WC="0.41" CC="55"/>
						<SP ID="P6_SP00197" HPOS="583" VPOS="2423" WIDTH="31"/>
						<String ID="P6_ST00226" HPOS="614" VPOS="2362" WIDTH="143" HEIGHT="48" CONTENT="denen" WC="0.98" CC="06304"/>
						<SP ID="P6_SP00198" HPOS="757" VPOS="2423" WIDTH="31"/>
						<String ID="P6_ST00227" HPOS="788" VPOS="2363" WIDTH="68" HEIGHT="48" CONTENT="die" WC="0.95" CC="860"/>
						<SP ID="P6_SP00199" HPOS="856" VPOS="2423" WIDTH="26"/>
						<String ID="P6_ST00228" HPOS="882" VPOS="2364" WIDTH="250" HEIGHT="47" CONTENT="Krankheit" WC="0.98" CC="690797656"/>
						<SP ID="P6_SP00200" HPOS="1132" VPOS="2423" WIDTH="27"/>
						<String ID="P6_ST00229" HPOS="1159" VPOS="2382" WIDTH="183" HEIGHT="49" CONTENT="zwang;" WC="0.96" CC="577692"/>
						<SP ID="P6_SP00201" HPOS="1342" VPOS="2431" WIDTH="30"/>
						<String ID="P6_ST00230" HPOS="1372" VPOS="2367" WIDTH="83" HEIGHT="47" CONTENT="auf" WC="0.92" CC="929"/>
						<SP ID="P6_SP00202" HPOS="1455" VPOS="2431" WIDTH="21"/>
						<String ID="P6_ST00231" HPOS="1476" VPOS="2366" WIDTH="84" HEIGHT="48" CONTENT="den" WC="0.93" CC="936"/>
						<SP ID="P6_SP00203" HPOS="1560" VPOS="2431" WIDTH="32"/>
						<String ID="P6_ST00232" HPOS="1592" VPOS="2368" WIDTH="81" HEIGHT="47" CONTENT="letz" SUBS_TYPE="HypPart1" SUBS_CONTENT="letzten" WC="0.98" CC="4460"/>
						<HYP HPOS="1673" VPOS="2368" WIDTH="20" CONTENT="-"/>
					</TextLine>
					<TextLine ID="P6_TL00030" HPOS="197" VPOS="2437" WIDTH="1496" HEIGHT="67">
						<String ID="P6_ST00233" HPOS="197" VPOS="2442" WIDTH="74" HEIGHT="41" CONTENT="ten" SUBS_TYPE="HypPart2" SUBS_CONTENT="letzten" WC="0.96" CC="406"/>
						<SP ID="P6_SP00204" HPOS="271" VPOS="2483" WIDTH="23"/>
						<String ID="P6_ST00234" HPOS="294" VPOS="2437" WIDTH="147" HEIGHT="46" CONTENT="Seiten" WC="0.98" CC="400667"/>
						<SP ID="P6_SP00205" HPOS="441" VPOS="2483" WIDTH="32"/>
						<String ID="P6_ST00235" HPOS="473" VPOS="2437" WIDTH="75" HEIGHT="47" CONTENT="des" WC="0.99" CC="020"/>
						<SP ID="P6_SP00206" HPOS="548" VPOS="2484" WIDTH="23"/>
						<String ID="P6_ST00236" HPOS="571" VPOS="2439" WIDTH="324" HEIGHT="65" CONTENT="Manuscriptes" WC="0.66" CC="067653000370"/>
						<SP ID="P6_SP00207" HPOS="895" VPOS="2504" WIDTH="29"/>
						<String ID="P6_ST00237" HPOS="924" VPOS="2442" WIDTH="174" HEIGHT="47" CONTENT="verrälh" WC="0.39" CC="0699905"/>
						<SP ID="P6_SP00208" HPOS="1098" VPOS="2504" WIDTH="25"/>
						<String ID="P6_ST00238" HPOS="1123" VPOS="2443" WIDTH="88" HEIGHT="47" CONTENT="sich" WC="0.97" CC="4007"/>
						<SP ID="P6_SP00209" HPOS="1211" VPOS="2504" WIDTH="32"/>
						<String ID="P6_ST00239" HPOS="1243" VPOS="2443" WIDTH="41" HEIGHT="47" CONTENT="in" WC="0.55" CC="17"/>
						<SP ID="P6_SP00210" HPOS="1284" VPOS="2504" WIDTH="31"/>
						<String ID="P6_ST00240" HPOS="1315" VPOS="2443" WIDTH="82" HEIGHT="47" CONTENT="den" WC="0.94" CC="816"/>
						<SP ID="P6_SP00211" HPOS="1397" VPOS="2504" WIDTH="31"/>
						<String ID="P6_ST00241" HPOS="1428" VPOS="2444" WIDTH="265" HEIGHT="49" CONTENT="unsicheren" WC="0.99" CC="3760735703"/>
					</TextLine>
					<TextLine ID="P6_TL00031" HPOS="196" VPOS="2512" WIDTH="1499" HEIGHT="63">
						<String ID="P6_ST00242" HPOS="196" VPOS="2512" WIDTH="154" HEIGHT="63" CONTENT="Zügen" WC="0.98" CC="48005"/>
						<SP ID="P6_SP00212" HPOS="350" VPOS="2575" WIDTH="45"/>
						<String ID="P6_ST00243" HPOS="395" VPOS="2512" WIDTH="79" HEIGHT="48" CONTENT="der" WC="0.96" CC="056"/>
						<SP ID="P6_SP00213" HPOS="474" VPOS="2575" WIDTH="37"/>
						<String ID="P6_ST00244" HPOS="511" VPOS="2514" WIDTH="132" HEIGHT="47" CONTENT="Hand" WC="0.95" CC="8960"/>
						<SP ID="P6_SP00214" HPOS="643" VPOS="2575" WIDTH="38"/>
						<String ID="P6_ST00245" HPOS="681" VPOS="2514" WIDTH="69" HEIGHT="49" CONTENT="die" WC="0.95" CC="067"/>
						<SP ID="P6_SP00215" HPOS="750" VPOS="2575" WIDTH="40"/>
						<String ID="P6_ST00246" HPOS="790" VPOS="2517" WIDTH="160" HEIGHT="48" CONTENT="immer" WC="0.99" CC="03420"/>
						<SP ID="P6_SP00216" HPOS="950" VPOS="2575" WIDTH="37"/>
						<String ID="P6_ST00247" HPOS="987" VPOS="2518" WIDTH="309" HEIGHT="48" CONTENT="zunehmende" WC="0.98" CC="5581160894"/>
						<SP ID="P6_SP00217" HPOS="1296" VPOS="2575" WIDTH="34"/>
						<String ID="P6_ST00248" HPOS="1330" VPOS="2519" WIDTH="245" HEIGHT="49" CONTENT="Schwäche" WC="0.98" CC="67660364"/>
						<SP ID="P6_SP00218" HPOS="1575" VPOS="2575" WIDTH="43"/>
						<String ID="P6_ST00249" HPOS="1618" VPOS="2521" WIDTH="77" HEIGHT="47" CONTENT="des" WC="0.98" CC="060"/>
					</TextLine>
					<TextLine ID="P6_TL00032" HPOS="199" VPOS="2588" WIDTH="1494" HEIGHT="71">
						<String ID="P6_ST00250" HPOS="199" VPOS="2588" WIDTH="198" HEIGHT="48" CONTENT="Gesichts" WC="0.99" CC="70000775"/>
						<SP ID="P6_SP00219" HPOS="397" VPOS="2636" WIDTH="29"/>
						<String ID="P6_ST00251" HPOS="426" VPOS="2588" WIDTH="277" HEIGHT="65" CONTENT="(Schölcher," WC="0.73" CC="20080126700"/>
						<SP ID="P6_SP00220" HPOS="703" VPOS="2653" WIDTH="35"/>
						<String ID="P6_ST00252" HPOS="738" VPOS="2592" WIDTH="110" HEIGHT="65" CONTENT="Life" WC="1.00" CC="0000" STYLEREFS="TXT_2"/>
						<SP ID="P6_SP00221" HPOS="848" VPOS="2657" WIDTH="26"/>
						<String ID="P6_ST00253" HPOS="874" VPOS="2596" WIDTH="59" HEIGHT="62" CONTENT="of" WC="0.70" CC="50" STYLEREFS="TXT_2"/>
						<SP ID="P6_SP00222" HPOS="933" VPOS="2658" WIDTH="15"/>
						<String ID="P6_ST00254" HPOS="948" VPOS="2596" WIDTH="203" HEIGHT="58" CONTENT="Handel," WC="0.99" CC="0760300" STYLEREFS="TXT_2"/>
						<SP ID="P6_SP00223" HPOS="1151" VPOS="2658" WIDTH="42"/>
						<String ID="P6_ST00255" HPOS="1193" VPOS="2594" WIDTH="141" HEIGHT="65" CONTENT="321)." WC="0.39" CC="78580"/>
						<SP ID="P6_SP00224" HPOS="1334" VPOS="2659" WIDTH="47"/>
						<String ID="P6_ST00256" HPOS="1381" VPOS="2597" WIDTH="127" HEIGHT="48" CONTENT="Aber" WC="0.97" CC="0626"/>
						<SP ID="P6_SP00225" HPOS="1508" VPOS="2659" WIDTH="43"/>
						<String ID="P6_ST00257" HPOS="1551" VPOS="2598" WIDTH="142" HEIGHT="47" CONTENT="dieses" WC="0.99" CC="000042"/>
					</TextLine>
					<TextLine ID="P6_TL00033" HPOS="195" VPOS="2664" WIDTH="1497" HEIGHT="73">
						<String ID="P6_ST00258" HPOS="195" VPOS="2664" WIDTH="167" HEIGHT="56" CONTENT="Werk," WC="0.98" CC="50063"/>
						<SP ID="P6_SP00226" HPOS="362" VPOS="2720" WIDTH="39"/>
						<String ID="P6_ST00259" HPOS="401" VPOS="2665" WIDTH="77" HEIGHT="49" CONTENT="das" WC="1.00" CC="000"/>
						<SP ID="P6_SP00227" HPOS="478" VPOS="2720" WIDTH="30"/>
						<String ID="P6_ST00260" HPOS="508" VPOS="2676" WIDTH="130" HEIGHT="38" CONTENT="unter" WC="0.96" CC="68806"/>
						<SP ID="P6_SP00228" HPOS="638" VPOS="2720" WIDTH="30"/>
						<String ID="P6_ST00261" HPOS="668" VPOS="2668" WIDTH="309" HEIGHT="65" CONTENT="körperlichen" WC="0.99" CC="801069025567"/>
						<SP ID="P6_SP00229" HPOS="977" VPOS="2733" WIDTH="33"/>
						<String ID="P6_ST00262" HPOS="1010" VPOS="2672" WIDTH="175" HEIGHT="56" CONTENT="Qualen" WC="0.98" CC="550306"/>
						<SP ID="P6_SP00230" HPOS="1185" VPOS="2733" WIDTH="37"/>
						<String ID="P6_ST00263" HPOS="1222" VPOS="2673" WIDTH="255" HEIGHT="64" CONTENT="geschaffen" WC="0.99" CC="0006652226"/>
						<SP ID="P6_SP00231" HPOS="1477" VPOS="2737" WIDTH="40"/>
						<String ID="P6_ST00264" HPOS="1517" VPOS="2674" WIDTH="175" HEIGHT="58" CONTENT="wurde," WC="0.98" CC="084014"/>
					</TextLine>
					<TextLine ID="P6_TL00034" HPOS="196" VPOS="2742" WIDTH="1494" HEIGHT="71">
						<String ID="P6_ST00265" HPOS="196" VPOS="2756" WIDTH="93" HEIGHT="31" CONTENT="wer" WC="0.94" CC="069"/>
						<SP ID="P6_SP00232" HPOS="289" VPOS="2787" WIDTH="29"/>
						<String ID="P6_ST00266" HPOS="318" VPOS="2742" WIDTH="178" HEIGHT="48" CONTENT="möchte" WC="0.99" CC="500312"/>
						<SP ID="P6_SP00233" HPOS="496" VPOS="2790" WIDTH="28"/>
						<String ID="P6_ST00267" HPOS="524" VPOS="2744" WIDTH="90" HEIGHT="47" CONTENT="sich" WC="0.96" CC="4725"/>
						<SP ID="P6_SP00234" HPOS="614" VPOS="2791" WIDTH="30"/>
						<String ID="P6_ST00268" HPOS="644" VPOS="2761" WIDTH="267" HEIGHT="42" CONTENT="vermessen," WC="0.99" CC="0450243450"/>
						<SP ID="P6_SP00235" HPOS="911" VPOS="2803" WIDTH="32"/>
						<String ID="P6_ST00269" HPOS="943" VPOS="2765" WIDTH="53" HEIGHT="30" CONTENT="an" WC="0.23" CC="68"/>
						<SP ID="P6_SP00236" HPOS="996" VPOS="2803" WIDTH="32"/>
						<String ID="P6_ST00270" HPOS="1028" VPOS="2748" WIDTH="89" HEIGHT="47" CONTENT="ihm" WC="0.93" CC="179"/>
						<SP ID="P6_SP00237" HPOS="1117" VPOS="2803" WIDTH="32"/>
						<String ID="P6_ST00271" HPOS="1149" VPOS="2748" WIDTH="68" HEIGHT="47" CONTENT="die" WC="0.97" CC="024"/>
						<SP ID="P6_SP00238" HPOS="1217" VPOS="2803" WIDTH="24"/>
						<String ID="P6_ST00272" HPOS="1241" VPOS="2751" WIDTH="176" HEIGHT="62" CONTENT="Spuren" WC="0.97" CC="698308"/>
						<SP ID="P6_SP00239" HPOS="1417" VPOS="2813" WIDTH="30"/>
						<String ID="P6_ST00273" HPOS="1447" VPOS="2751" WIDTH="124" HEIGHT="47" CONTENT="einer" WC="0.97" CC="02755"/>
						<SP ID="P6_SP00240" HPOS="1571" VPOS="2813" WIDTH="23"/>
						<String ID="P6_ST00274" HPOS="1594" VPOS="2751" WIDTH="64" HEIGHT="48" CONTENT="Ab" SUBS_TYPE="HypPart1" SUBS_CONTENT="Abnahme" WC="0.96" CC="47"/>
						<HYP HPOS="1658" VPOS="2751" WIDTH="32" CONTENT="-"/>
					</TextLine>
					<TextLine ID="P6_TL00035" HPOS="194" VPOS="2818" WIDTH="1496" HEIGHT="66">
						<String ID="P6_ST00275" HPOS="194" VPOS="2818" WIDTH="163" HEIGHT="48" CONTENT="nahme" SUBS_TYPE="HypPart2" SUBS_CONTENT="Abnahme" WC="0.97" CC="87450"/>
						<SP ID="P6_SP00241" HPOS="357" VPOS="2866" WIDTH="23"/>
						<String ID="P6_ST00276" HPOS="380" VPOS="2820" WIDTH="208" HEIGHT="64" CONTENT="geistiger" WC="0.99" CC="900972020"/>
						<SP ID="P6_SP00242" HPOS="588" VPOS="2884" WIDTH="22"/>
						<String ID="P6_ST00277" HPOS="610" VPOS="2823" WIDTH="132" HEIGHT="47" CONTENT="Kraft" WC="0.98" CC="08005"/>
						<SP ID="P6_SP00243" HPOS="742" VPOS="2884" WIDTH="20"/>
						<String ID="P6_ST00278" HPOS="762" VPOS="2824" WIDTH="370" HEIGHT="48" CONTENT="nachzuweisen?" WC="0.99" CC="5000770409672"/>
						<SP ID="P6_SP00244" HPOS="1132" VPOS="2884" WIDTH="29"/>
						<String ID="P6_ST00279" HPOS="1161" VPOS="2827" WIDTH="60" HEIGHT="45" CONTENT="Es" WC="0.26" CC="49"/>
						<SP ID="P6_SP00245" HPOS="1221" VPOS="2884" WIDTH="23"/>
						<String ID="P6_ST00280" HPOS="1244" VPOS="2827" WIDTH="53" HEIGHT="45" CONTENT="ist" WC="0.95" CC="077"/>
						<SP ID="P6_SP00246" HPOS="1297" VPOS="2884" WIDTH="22"/>
						<String ID="P6_ST00281" HPOS="1319" VPOS="2827" WIDTH="113" HEIGHT="47" CONTENT="auch" WC="0.97" CC="0607"/>
						<SP ID="P6_SP00247" HPOS="1432" VPOS="2884" WIDTH="24"/>
						<String ID="P6_ST00282" HPOS="1456" VPOS="2827" WIDTH="96" HEIGHT="47" CONTENT="hier" WC="0.97" CC="2705"/>
						<SP ID="P6_SP00248" HPOS="1552" VPOS="2884" WIDTH="22"/>
						<String ID="P6_ST00283" HPOS="1574" VPOS="2828" WIDTH="116" HEIGHT="47" CONTENT="noch" WC="0.97" CC="6404"/>
					</TextLine>
					<TextLine ID="P6_TL00036" HPOS="195" VPOS="2893" WIDTH="1495" HEIGHT="73">
						<String ID="P6_ST00284" HPOS="195" VPOS="2893" WIDTH="202" HEIGHT="49" CONTENT="derselbe" WC="0.99" CC="00360375"/>
						<SP ID="P6_SP00249" HPOS="397" VPOS="2942" WIDTH="28"/>
						<String ID="P6_ST00285" HPOS="425" VPOS="2897" WIDTH="190" HEIGHT="57" CONTENT="Händel," WC="0.98" CC="8080642"/>
						<SP ID="P6_SP00250" HPOS="615" VPOS="2954" WIDTH="31"/>
						<String ID="P6_ST00286" HPOS="646" VPOS="2899" WIDTH="85" HEIGHT="47" CONTENT="wie" WC="0.96" CC="055"/>
						<SP ID="P6_SP00251" HPOS="731" VPOS="2954" WIDTH="28"/>
						<String ID="P6_ST00287" HPOS="759" VPOS="2900" WIDTH="82" HEIGHT="47" CONTENT="wir" WC="0.98" CC="040"/>
						<SP ID="P6_SP00252" HPOS="841" VPOS="2954" WIDTH="27"/>
						<String ID="P6_ST00288" HPOS="868" VPOS="2900" WIDTH="74" HEIGHT="49" CONTENT="ihn" WC="0.93" CC="567"/>
						<SP ID="P6_SP00253" HPOS="942" VPOS="2954" WIDTH="33"/>
						<String ID="P6_ST00289" HPOS="975" VPOS="2918" WIDTH="77" HEIGHT="31" CONTENT="aus" WC="0.98" CC="300"/>
						<SP ID="P6_SP00254" HPOS="1052" VPOS="2954" WIDTH="28"/>
						<String ID="P6_ST00290" HPOS="1080" VPOS="2902" WIDTH="150" HEIGHT="48" CONTENT="seinen" WC="0.98" CC="533036"/>
						<SP ID="P6_SP00255" HPOS="1230" VPOS="2954" WIDTH="30"/>
						<String ID="P6_ST00291" HPOS="1260" VPOS="2903" WIDTH="193" HEIGHT="63" CONTENT="übrigen" WC="0.98" CC="6500966"/>
						<SP ID="P6_SP00256" HPOS="1453" VPOS="2966" WIDTH="31"/>
						<String ID="P6_ST00292" HPOS="1484" VPOS="2904" WIDTH="206" HEIGHT="48" CONTENT="Werken" WC="0.99" CC="005007"/>
					</TextLine>
					<TextLine ID="P6_TL00037" HPOS="194" VPOS="2969" WIDTH="1498" HEIGHT="64">
						<String ID="P6_ST00293" HPOS="194" VPOS="2969" WIDTH="191" HEIGHT="58" CONTENT="kennen," WC="0.98" CC="6087000"/>
						<SP ID="P6_SP00257" HPOS="385" VPOS="3027" WIDTH="29"/>
						<String ID="P6_ST00294" HPOS="414" VPOS="2972" WIDTH="79" HEIGHT="48" CONTENT="der" WC="0.98" CC="004"/>
						<SP ID="P6_SP00258" HPOS="493" VPOS="3027" WIDTH="37"/>
						<String ID="P6_ST00295" HPOS="530" VPOS="2974" WIDTH="212" HEIGHT="59" CONTENT='„Riese",' WC="0.99" CC="06100003"/>
						<SP ID="P6_SP00259" HPOS="742" VPOS="3033" WIDTH="42"/>
						<String ID="P6_ST00296" HPOS="784" VPOS="2977" WIDTH="79" HEIGHT="47" CONTENT="der" WC="1.00" CC="001"/>
						<SP ID="P6_SP00260" HPOS="863" VPOS="3033" WIDTH="49"/>
						<String ID="P6_ST00297" HPOS="912" VPOS="2979" WIDTH="238" HEIGHT="54" CONTENT="„Briareus" WC="0.76" CC="270100630"/>
						<SP ID="P6_SP00261" HPOS="1150" VPOS="3033" WIDTH="42"/>
						<String ID="P6_ST00298" HPOS="1192" VPOS="2979" WIDTH="78" HEIGHT="47" CONTENT="mit" WC="0.98" CC="004"/>
						<SP ID="P6_SP00262" HPOS="1270" VPOS="3033" WIDTH="35"/>
						<String ID="P6_ST00299" HPOS="1305" VPOS="2980" WIDTH="151" HEIGHT="47" CONTENT="seinen" WC="0.98" CC="400805"/>
						<SP ID="P6_SP00263" HPOS="1456" VPOS="3033" WIDTH="39"/>
						<String ID="P6_ST00300" HPOS="1495" VPOS="2980" WIDTH="197" HEIGHT="49" CONTENT="hundert" WC="0.98" CC="7760006"/>
					</TextLine>
					<TextLine ID="P6_TL00038" HPOS="192" VPOS="3046" WIDTH="1498" HEIGHT="70">
						<String ID="P6_ST00301" HPOS="192" VPOS="3046" WIDTH="245" HEIGHT="59" CONTENT='Händen",' WC="0.98" CC="68400740"/>
						<SP ID="P6_SP00264" HPOS="437" VPOS="3105" WIDTH="30"/>
						<String ID="P6_ST00302" HPOS="467" VPOS="3050" WIDTH="83" HEIGHT="47" CONTENT="wie" WC="1.00" CC="000"/>
						<SP ID="P6_SP00265" HPOS="550" VPOS="3105" WIDTH="27"/>
						<String ID="P6_ST00303" HPOS="577" VPOS="3050" WIDTH="75" HEIGHT="47" CONTENT="ihn" WC="0.96" CC="056"/>
						<SP ID="P6_SP00266" HPOS="652" VPOS="3105" WIDTH="24"/>
						<String ID="P6_ST00304" HPOS="676" VPOS="3053" WIDTH="121" HEIGHT="63" CONTENT="Pope" WC="0.97" CC="9500"/>
						<SP ID="P6_SP00267" HPOS="797" VPOS="3116" WIDTH="28"/>
						<String ID="P6_ST00305" HPOS="825" VPOS="3062" WIDTH="180" HEIGHT="40" CONTENT="nannte." WC="0.99" CC="6006002"/>
						<SP ID="P6_SP00268" HPOS="1005" VPOS="3116" WIDTH="29"/>
						<String ID="P6_ST00306" HPOS="1034" VPOS="3054" WIDTH="127" HEIGHT="48" CONTENT="Noch" WC="0.96" CC="5707"/>
						<SP ID="P6_SP00269" HPOS="1161" VPOS="3116" WIDTH="26"/>
						<String ID="P6_ST00307" HPOS="1187" VPOS="3055" WIDTH="161" HEIGHT="49" CONTENT="immer" WC="0.99" CC="02052"/>
						<SP ID="P6_SP00270" HPOS="1348" VPOS="3116" WIDTH="19"/>
						<String ID="P6_ST00308" HPOS="1367" VPOS="3057" WIDTH="117" HEIGHT="47" CONTENT="steht" WC="0.99" CC="40031"/>
						<SP ID="P6_SP00271" HPOS="1484" VPOS="3116" WIDTH="20"/>
						<String ID="P6_ST00309" HPOS="1504" VPOS="3057" WIDTH="92" HEIGHT="47" CONTENT="ihm" WC="0.96" CC="071"/>
						<SP ID="P6_SP00272" HPOS="1596" VPOS="3116" WIDTH="24"/>
						<String ID="P6_ST00310" HPOS="1620" VPOS="3057" WIDTH="70" HEIGHT="48" CONTENT="die" WC="0.98" CC="005"/>
					</TextLine>
					<TextLine ID="P6_TL00039" HPOS="192" VPOS="3125" WIDTH="1499" HEIGHT="62">
						<String ID="P6_ST00311" HPOS="192" VPOS="3139" WIDTH="139" HEIGHT="48" CONTENT="ganze" WC="0.96" CC="99660"/>
						<SP ID="P6_SP00273" HPOS="331" VPOS="3187" WIDTH="25"/>
						<String ID="P6_ST00312" HPOS="356" VPOS="3125" WIDTH="127" HEIGHT="48" CONTENT="Welt" WC="0.98" CC="0025"/>
						<SP ID="P6_SP00274" HPOS="483" VPOS="3187" WIDTH="28"/>
						<String ID="P6_ST00313" HPOS="511" VPOS="3125" WIDTH="79" HEIGHT="48" CONTENT="der" WC="0.98" CC="041"/>
						<SP ID="P6_SP00275" HPOS="590" VPOS="3187" WIDTH="29"/>
						<String ID="P6_ST00314" HPOS="619" VPOS="3129" WIDTH="124" HEIGHT="47" CONTENT="Töne" WC="0.97" CC="5060"/>
						<SP ID="P6_SP00276" HPOS="743" VPOS="3187" WIDTH="27"/>
						<String ID="P6_ST00315" HPOS="770" VPOS="3148" WIDTH="53" HEIGHT="29" CONTENT="zu" WC="0.69" CC="60"/>
						<SP ID="P6_SP00277" HPOS="823" VPOS="3187" WIDTH="32"/>
						<String ID="P6_ST00316" HPOS="855" VPOS="3130" WIDTH="189" HEIGHT="57" CONTENT="Gebote," WC="0.98" CC="0271553"/>
						<SP ID="P6_SP00278" HPOS="1044" VPOS="3187" WIDTH="31"/>
						<String ID="P6_ST00317" HPOS="1075" VPOS="3148" WIDTH="129" HEIGHT="31" CONTENT="wenn" WC="0.96" CC="0386"/>
						<SP ID="P6_SP00279" HPOS="1204" VPOS="3187" WIDTH="31"/>
						<String ID="P6_ST00318" HPOS="1235" VPOS="3149" WIDTH="48" HEIGHT="30" CONTENT="er" WC="1.00" CC="00"/>
						<SP ID="P6_SP00280" HPOS="1283" VPOS="3187" WIDTH="28"/>
						<String ID="P6_ST00319" HPOS="1311" VPOS="3133" WIDTH="71" HEIGHT="47" CONTENT="die" WC="1.00" CC="000"/>
						<SP ID="P6_SP00281" HPOS="1382" VPOS="3187" WIDTH="23"/>
						<String ID="P6_ST00320" HPOS="1405" VPOS="3133" WIDTH="175" HEIGHT="48" CONTENT="Thaten" WC="0.63" CC="340057"/>
						<SP ID="P6_SP00282" HPOS="1580" VPOS="3187" WIDTH="30"/>
						<String ID="P6_ST00321" HPOS="1610" VPOS="3134" WIDTH="81" HEIGHT="48" CONTENT="der" WC="0.97" CC="026"/>
					</TextLine>
					<TextLine ID="P6_TL00040" HPOS="190" VPOS="3200" WIDTH="1501" HEIGHT="57">
						<String ID="P6_ST00322" HPOS="190" VPOS="3200" WIDTH="242" HEIGHT="48" CONTENT="Menschen" WC="0.98" CC="80740708"/>
						<SP ID="P6_SP00283" HPOS="432" VPOS="3248" WIDTH="41"/>
						<String ID="P6_ST00323" HPOS="473" VPOS="3200" WIDTH="235" HEIGHT="51" CONTENT="darstellen" WC="0.99" CC="0000703406"/>
						<SP ID="P6_SP00284" HPOS="708" VPOS="3251" WIDTH="39"/>
						<String ID="P6_ST00324" HPOS="747" VPOS="3205" WIDTH="109" HEIGHT="48" CONTENT="oder" WC="0.99" CC="6000"/>
						<SP ID="P6_SP00285" HPOS="856" VPOS="3253" WIDTH="39"/>
						<String ID="P6_ST00325" HPOS="895" VPOS="3206" WIDTH="83" HEIGHT="49" CONTENT="den" WC="0.97" CC="024"/>
						<SP ID="P6_SP00286" HPOS="978" VPOS="3255" WIDTH="40"/>
						<String ID="P6_ST00326" HPOS="1018" VPOS="3208" WIDTH="123" HEIGHT="47" CONTENT="Preis" WC="0.99" CC="00503"/>
						<SP ID="P6_SP00287" HPOS="1141" VPOS="3255" WIDTH="42"/>
						<String ID="P6_ST00327" HPOS="1183" VPOS="3208" WIDTH="76" HEIGHT="47" CONTENT="des" WC="1.00" CC="001"/>
						<SP ID="P6_SP00288" HPOS="1259" VPOS="3255" WIDTH="47"/>
						<String ID="P6_ST00328" HPOS="1306" VPOS="3210" WIDTH="152" HEIGHT="46" CONTENT="Herrn" WC="0.97" CC="74900"/>
						<SP ID="P6_SP00289" HPOS="1458" VPOS="3256" WIDTH="37"/>
						<String ID="P6_ST00329" HPOS="1495" VPOS="3210" WIDTH="168" HEIGHT="47" CONTENT="verkün" SUBS_TYPE="HypPart1" SUBS_CONTENT="verkünden" WC="0.99" CC="905000"/>
						<HYP HPOS="1663" VPOS="3210" WIDTH="28" CONTENT="-"/>
					</TextLine>
					<TextLine ID="P6_TL00041" HPOS="191" VPOS="3275" WIDTH="216" HEIGHT="51">
						<String ID="P6_ST00330" HPOS="191" VPOS="3275" WIDTH="84" HEIGHT="48" CONTENT="den" SUBS_TYPE="HypPart2" SUBS_CONTENT="verkünden" WC="0.91" CC="967"/>
						<SP ID="P6_SP00290" HPOS="275" VPOS="3323" WIDTH="29"/>
						<String ID="P6_ST00331" HPOS="304" VPOS="3278" WIDTH="103" HEIGHT="48" CONTENT="will." WC="0.99" CC="00400"/>
					</TextLine>
					<TextLine ID="P6_TL00042" HPOS="301" VPOS="3355" WIDTH="1386" HEIGHT="69">
						<String ID="P6_ST00332" HPOS="301" VPOS="3355" WIDTH="93" HEIGHT="46" CONTENT="Das" WC="0.95" CC="760"/>
						<SP ID="P6_SP00291" HPOS="394" VPOS="3401" WIDTH="22"/>
						<String ID="P6_ST00333" HPOS="416" VPOS="3355" WIDTH="147" HEIGHT="48" CONTENT="Werk" WC="0.95" CC="7059"/>
						<SP ID="P6_SP00292" HPOS="563" VPOS="3403" WIDTH="23"/>
						<String ID="P6_ST00334" HPOS="586" VPOS="3356" WIDTH="53" HEIGHT="49" CONTENT="ist" WC="0.94" CC="445"/>
						<SP ID="P6_SP00293" HPOS="639" VPOS="3405" WIDTH="22"/>
						<String ID="P6_ST00335" HPOS="661" VPOS="3359" WIDTH="81" HEIGHT="46" CONTENT="voll" WC="0.96" CC="0575"/>
						<SP ID="P6_SP00294" HPOS="742" VPOS="3405" WIDTH="19"/>
						<String ID="P6_ST00336" HPOS="761" VPOS="3375" WIDTH="81" HEIGHT="31" CONTENT="von" WC="0.99" CC="030"/>
						<SP ID="P6_SP00295" HPOS="842" VPOS="3406" WIDTH="25"/>
						<String ID="P6_ST00337" HPOS="867" VPOS="3359" WIDTH="266" HEIGHT="65" CONTENT="mächtigem" WC="0.98" CC="990540046"/>
						<SP ID="P6_SP00296" HPOS="1133" VPOS="3424" WIDTH="24"/>
						<String ID="P6_ST00338" HPOS="1157" VPOS="3360" WIDTH="346" HEIGHT="50" CONTENT="dramatischem" WC="0.99" CC="004005340446"/>
						<SP ID="P6_SP00297" HPOS="1503" VPOS="3424" WIDTH="13"/>
						<String ID="P6_ST00339" HPOS="1516" VPOS="3363" WIDTH="171" HEIGHT="51" CONTENT="Leben." WC="0.98" CC="407073"/>
					</TextLine>
					<TextLine ID="P6_TL00043" HPOS="191" VPOS="3429" WIDTH="1493" HEIGHT="70">
						<String ID="P6_ST00340" HPOS="191" VPOS="3429" WIDTH="173" HEIGHT="65" CONTENT="Kräftig" WC="0.98" CC="5908600"/>
						<SP ID="P6_SP00298" HPOS="364" VPOS="3494" WIDTH="29"/>
						<String ID="P6_ST00341" HPOS="393" VPOS="3431" WIDTH="89" HEIGHT="47" CONTENT="und" WC="0.96" CC="036"/>
						<SP ID="P6_SP00299" HPOS="482" VPOS="3494" WIDTH="23"/>
						<String ID="P6_ST00342" HPOS="505" VPOS="3434" WIDTH="293" HEIGHT="65" CONTENT="eindringlich" WC="0.99" CC="036007700044"/>
						<SP ID="P6_SP00300" HPOS="798" VPOS="3499" WIDTH="29"/>
						<String ID="P6_ST00343" HPOS="827" VPOS="3435" WIDTH="112" HEIGHT="47" CONTENT="wird" WC="0.98" CC="0009"/>
						<SP ID="P6_SP00301" HPOS="939" VPOS="3499" WIDTH="22"/>
						<String ID="P6_ST00344" HPOS="961" VPOS="3435" WIDTH="77" HEIGHT="48" CONTENT="das" WC="0.95" CC="093"/>
						<SP ID="P6_SP00302" HPOS="1038" VPOS="3499" WIDTH="23"/>
						<String ID="P6_ST00345" HPOS="1061" VPOS="3438" WIDTH="166" HEIGHT="47" CONTENT="Leiden" WC="0.98" CC="440507"/>
						<SP ID="P6_SP00303" HPOS="1227" VPOS="3499" WIDTH="26"/>
						<String ID="P6_ST00346" HPOS="1253" VPOS="3438" WIDTH="92" HEIGHT="48" CONTENT="und" WC="0.97" CC="070"/>
						<SP ID="P6_SP00304" HPOS="1345" VPOS="3499" WIDTH="25"/>
						<String ID="P6_ST00347" HPOS="1370" VPOS="3439" WIDTH="69" HEIGHT="48" CONTENT="die" WC="0.97" CC="007"/>
						<SP ID="P6_SP00305" HPOS="1439" VPOS="3499" WIDTH="25"/>
						<String ID="P6_ST00348" HPOS="1464" VPOS="3440" WIDTH="220" HEIGHT="48" CONTENT="Schmach" WC="0.98" CC="5570046"/>
					</TextLine>
					<TextLine ID="P6_TL00044" HPOS="191" VPOS="3504" WIDTH="1496" HEIGHT="71">
						<String ID="P6_ST00349" HPOS="191" VPOS="3504" WIDTH="76" HEIGHT="48" CONTENT="des" WC="0.92" CC="964"/>
						<SP ID="P6_SP00306" HPOS="267" VPOS="3552" WIDTH="22"/>
						<String ID="P6_ST00350" HPOS="289" VPOS="3507" WIDTH="346" HEIGHT="50" CONTENT="unterdrückten" WC="0.99" CC="7865006000503"/>
						<SP ID="P6_SP00307" HPOS="635" VPOS="3557" WIDTH="23"/>
						<String ID="P6_ST00351" HPOS="658" VPOS="3511" WIDTH="165" HEIGHT="47" CONTENT="Volkes" WC="0.99" CC="611000"/>
						<SP ID="P6_SP00308" HPOS="823" VPOS="3558" WIDTH="25"/>
						<String ID="P6_ST00352" HPOS="848" VPOS="3513" WIDTH="283" HEIGHT="62" CONTENT="geschildert," WC="0.99" CC="905070100750"/>
						<SP ID="P6_SP00309" HPOS="1131" VPOS="3575" WIDTH="29"/>
						<String ID="P6_ST00353" HPOS="1160" VPOS="3514" WIDTH="100" HEIGHT="48" CONTENT="dem" WC="0.97" CC="034"/>
						<SP ID="P6_SP00310" HPOS="1260" VPOS="3575" WIDTH="31"/>
						<String ID="P6_ST00354" HPOS="1291" VPOS="3515" WIDTH="90" HEIGHT="47" CONTENT="sich" WC="0.96" CC="5606"/>
						<SP ID="P6_SP00311" HPOS="1381" VPOS="3575" WIDTH="30"/>
						<String ID="P6_ST00355" HPOS="1411" VPOS="3515" WIDTH="173" HEIGHT="48" CONTENT="alsbald" WC="0.99" CC="0027510"/>
						<SP ID="P6_SP00312" HPOS="1584" VPOS="3575" WIDTH="22"/>
						<String ID="P6_ST00356" HPOS="1606" VPOS="3516" WIDTH="81" HEIGHT="49" CONTENT="der" WC="0.98" CC="060"/>
					</TextLine>
					<TextLine ID="P6_TL00045" HPOS="190" VPOS="3582" WIDTH="1494" HEIGHT="75">
						<String ID="P6_ST00357" HPOS="190" VPOS="3582" WIDTH="156" HEIGHT="47" CONTENT="Retter" WC="0.98" CC="830705"/>
						<SP ID="P6_SP00313" HPOS="346" VPOS="3629" WIDTH="25"/>
						<String ID="P6_ST00358" HPOS="371" VPOS="3584" WIDTH="134" HEIGHT="64" CONTENT="zeigt;" WC="0.97" CC="703960"/>
						<SP ID="P6_SP00314" HPOS="505" VPOS="3648" WIDTH="28"/>
						<String ID="P6_ST00359" HPOS="533" VPOS="3586" WIDTH="42" HEIGHT="47" CONTENT="in" WC="0.65" CC="24"/>
						<SP ID="P6_SP00315" HPOS="575" VPOS="3648" WIDTH="27"/>
						<String ID="P6_ST00360" HPOS="602" VPOS="3586" WIDTH="230" HEIGHT="50" CONTENT="lieblicher" WC="0.99" CC="2207000405"/>
						<SP ID="P6_SP00316" HPOS="832" VPOS="3648" WIDTH="26"/>
						<String ID="P6_ST00361" HPOS="858" VPOS="3590" WIDTH="289" HEIGHT="65" CONTENT="Darstellung" WC="0.99" CC="00040406779"/>
						<String ID="P6_ST00362" HPOS="1156" VPOS="3591" WIDTH="155" HEIGHT="47" CONTENT="—wie" WC="0.95" CC="8904"/>
						<SP ID="P6_SP00317" HPOS="1311" VPOS="3655" WIDTH="24"/>
						<String ID="P6_ST00363" HPOS="1335" VPOS="3593" WIDTH="235" HEIGHT="64" CONTENT="anmuthig" WC="0.61" CC="00760609"/>
						<SP ID="P6_SP00318" HPOS="1570" VPOS="3657" WIDTH="23"/>
						<String ID="P6_ST00364" HPOS="1593" VPOS="3594" WIDTH="91" HEIGHT="47" CONTENT="und" WC="0.96" CC="630"/>
					</TextLine>
					<TextLine ID="P6_TL00046" HPOS="188" VPOS="3657" WIDTH="1496" HEIGHT="75">
						<String ID="P6_ST00365" HPOS="188" VPOS="3657" WIDTH="125" HEIGHT="65" CONTENT="innig" WC="0.97" CC="67810"/>
						<SP ID="P6_SP00319" HPOS="313" VPOS="3722" WIDTH="28"/>
						<String ID="P6_ST00366" HPOS="341" VPOS="3660" WIDTH="53" HEIGHT="46" CONTENT="ist" WC="0.95" CC="067"/>
						<SP ID="P6_SP00320" HPOS="394" VPOS="3722" WIDTH="27"/>
						<String ID="P6_ST00367" HPOS="421" VPOS="3660" WIDTH="77" HEIGHT="48" CONTENT="das" WC="0.99" CC="002"/>
						<SP ID="P6_SP00321" HPOS="498" VPOS="3722" WIDTH="28"/>
						<String ID="P6_ST00368" HPOS="526" VPOS="3664" WIDTH="158" HEIGHT="47" CONTENT="Duett:" WC="0.99" CC="054000"/>
						<SP ID="P6_SP00322" HPOS="684" VPOS="3722" WIDTH="37"/>
						<String ID="P6_ST00369" HPOS="721" VPOS="3665" WIDTH="139" HEIGHT="48" CONTENT="These" WC="0.96" CC="77613" STYLEREFS="TXT_2"/>
						<SP ID="P6_SP00323" HPOS="860" VPOS="3722" WIDTH="29"/>
						<String ID="P6_ST00370" HPOS="889" VPOS="3665" WIDTH="332" HEIGHT="67" CONTENT="labourspast!" WC="0.53" CC="745741361562" STYLEREFS="TXT_2"/>
						<SP ID="P6_SP00324" HPOS="1221" VPOS="3732" WIDTH="121"/>
						<String ID="P6_ST00371" HPOS="1342" VPOS="3669" WIDTH="94" HEIGHT="47" CONTENT="tritt" WC="0.98" CC="63060"/>
						<SP ID="P6_SP00325" HPOS="1436" VPOS="3732" WIDTH="26"/>
						<String ID="P6_ST00372" HPOS="1462" VPOS="3669" WIDTH="71" HEIGHT="48" CONTENT="die" WC="0.99" CC="030"/>
						<SP ID="P6_SP00326" HPOS="1533" VPOS="3732" WIDTH="28"/>
						<String ID="P6_ST00373" HPOS="1561" VPOS="3670" WIDTH="123" HEIGHT="48" CONTENT="reine" WC="0.97" CC="35504"/>
					</TextLine>
					<TextLine ID="P6_TL00047" HPOS="188" VPOS="3732" WIDTH="1496" HEIGHT="74">
						<String ID="P6_ST00374" HPOS="188" VPOS="3732" WIDTH="93" HEIGHT="47" CONTENT="und" WC="0.94" CC="880"/>
						<SP ID="P6_SP00327" HPOS="281" VPOS="3779" WIDTH="29"/>
						<String ID="P6_ST00375" HPOS="310" VPOS="3742" WIDTH="117" HEIGHT="41" CONTENT="zarte" WC="0.98" CC="70900"/>
						<SP ID="P6_SP00328" HPOS="427" VPOS="3783" WIDTH="27"/>
						<String ID="P6_ST00376" HPOS="454" VPOS="3737" WIDTH="208" HEIGHT="65" CONTENT="Neigung" WC="0.97" CC="6549740"/>
						<SP ID="P6_SP00329" HPOS="662" VPOS="3802" WIDTH="26"/>
						<String ID="P6_ST00377" HPOS="688" VPOS="3741" WIDTH="217" HEIGHT="48" CONTENT="zwischen" WC="0.99" CC="60021634"/>
						<SP ID="P6_SP00330" HPOS="905" VPOS="3802" WIDTH="23"/>
						<String ID="P6_ST00378" HPOS="928" VPOS="3742" WIDTH="119" HEIGHT="64" CONTENT="Iphis" WC="0.57" CC="70408"/>
						<SP ID="P6_SP00331" HPOS="1047" VPOS="3806" WIDTH="29"/>
						<String ID="P6_ST00379" HPOS="1076" VPOS="3742" WIDTH="93" HEIGHT="49" CONTENT="und" WC="0.95" CC="480"/>
						<SP ID="P6_SP00332" HPOS="1169" VPOS="3806" WIDTH="20"/>
						<String ID="P6_ST00380" HPOS="1189" VPOS="3745" WIDTH="178" HEIGHT="47" CONTENT="Hamor" WC="0.74" CC="80040"/>
						<SP ID="P6_SP00333" HPOS="1367" VPOS="3806" WIDTH="27"/>
						<String ID="P6_ST00381" HPOS="1394" VPOS="3745" WIDTH="183" HEIGHT="57" CONTENT="hervor;" WC="0.98" CC="6060642"/>
						<SP ID="P6_SP00334" HPOS="1577" VPOS="3806" WIDTH="30"/>
						<String ID="P6_ST00382" HPOS="1607" VPOS="3746" WIDTH="77" HEIGHT="49" CONTENT="das" WC="0.98" CC="005"/>
					</TextLine>
					<TextLine ID="P6_TL00048" HPOS="191" VPOS="3810" WIDTH="1491" HEIGHT="73">
						<String ID="P6_ST00383" HPOS="191" VPOS="3810" WIDTH="114" HEIGHT="47" CONTENT="Volk" WC="0.96" CC="0577"/>
						<SP ID="P6_SP00335" HPOS="305" VPOS="3857" WIDTH="33"/>
						<String ID="P6_ST00384" HPOS="338" VPOS="3812" WIDTH="153" HEIGHT="47" CONTENT="Gottes" WC="0.97" CC="962714"/>
						<SP ID="P6_SP00336" HPOS="491" VPOS="3859" WIDTH="38"/>
						<String ID="P6_ST00385" HPOS="529" VPOS="3815" WIDTH="114" HEIGHT="47" CONTENT="zieht" WC="0.99" CC="00054"/>
						<SP ID="P6_SP00337" HPOS="643" VPOS="3862" WIDTH="38"/>
						<String ID="P6_ST00386" HPOS="681" VPOS="3834" WIDTH="98" HEIGHT="30" CONTENT="zum" WC="0.94" CC="709"/>
						<SP ID="P6_SP00338" HPOS="779" VPOS="3864" WIDTH="29"/>
						<String ID="P6_ST00387" HPOS="808" VPOS="3819" WIDTH="193" HEIGHT="64" CONTENT="Kampfe" WC="1.00" CC="000004"/>
						<SP ID="P6_SP00339" HPOS="1001" VPOS="3883" WIDTH="41"/>
						<String ID="P6_ST00388" HPOS="1042" VPOS="3836" WIDTH="95" HEIGHT="41" CONTENT="aus," WC="0.99" CC="0202"/>
						<SP ID="P6_SP00340" HPOS="1137" VPOS="3883" WIDTH="39"/>
						<String ID="P6_ST00389" HPOS="1176" VPOS="3820" WIDTH="81" HEIGHT="48" CONTENT="der" WC="0.97" CC="025"/>
						<SP ID="P6_SP00341" HPOS="1257" VPOS="3883" WIDTH="27"/>
						<String ID="P6_ST00390" HPOS="1284" VPOS="3821" WIDTH="180" HEIGHT="48" CONTENT="Führer" WC="0.97" CC="855524"/>
						<SP ID="P6_SP00342" HPOS="1464" VPOS="3883" WIDTH="39"/>
						<String ID="P6_ST00391" HPOS="1503" VPOS="3822" WIDTH="100" HEIGHT="47" CONTENT="thut" WC="0.54" CC="6650"/>
						<SP ID="P6_SP00343" HPOS="1603" VPOS="3883" WIDTH="36"/>
						<String ID="P6_ST00392" HPOS="1639" VPOS="3824" WIDTH="43" HEIGHT="47" CONTENT="in" WC="0.54" CC="26"/>
					</TextLine>
					<TextLine ID="P6_TL00049" HPOS="187" VPOS="3887" WIDTH="1495" HEIGHT="76">
						<String ID="P6_ST00393" HPOS="187" VPOS="3887" WIDTH="145" HEIGHT="48" CONTENT="einem" WC="0.97" CC="03609"/>
						<SP ID="P6_SP00344" HPOS="332" VPOS="3935" WIDTH="38"/>
						<String ID="P6_ST00394" HPOS="370" VPOS="3890" WIDTH="390" HEIGHT="49" CONTENT="ausdrucksvollen" WC="0.99" CC="970045000336110"/>
						<SP ID="P6_SP00345" HPOS="760" VPOS="3939" WIDTH="35"/>
						<String ID="P6_ST00395" HPOS="795" VPOS="3895" WIDTH="214" HEIGHT="49" CONTENT="Recitativ" WC="0.75" CC="503000750"/>
						<SP ID="P6_SP00346" HPOS="1009" VPOS="3944" WIDTH="39"/>
						<String ID="P6_ST00396" HPOS="1048" VPOS="3897" WIDTH="78" HEIGHT="49" CONTENT="das" WC="0.96" CC="090"/>
						<SP ID="P6_SP00347" HPOS="1126" VPOS="3946" WIDTH="34"/>
						<String ID="P6_ST00397" HPOS="1160" VPOS="3899" WIDTH="405" HEIGHT="64" CONTENT="verhängnissvolle" WC="0.99" CC="9460080646604051"/>
						<SP ID="P6_SP00348" HPOS="1565" VPOS="3963" WIDTH="31"/>
						<String ID="P6_ST00398" HPOS="1596" VPOS="3901" WIDTH="58" HEIGHT="47" CONTENT="Ge" SUBS_TYPE="HypPart1" SUBS_CONTENT="Gelübde," WC="0.97" CC="40"/>
						<HYP HPOS="1654" VPOS="3901" WIDTH="28" CONTENT="-"/>
					</TextLine>
					<TextLine ID="P6_TL00050" HPOS="187" VPOS="3963" WIDTH="1209" HEIGHT="60">
						<String ID="P6_ST00399" HPOS="187" VPOS="3963" WIDTH="153" HEIGHT="59" CONTENT="lübde," SUBS_TYPE="HypPart2" SUBS_CONTENT="Gelübde," WC="0.98" CC="807004"/>
						<SP ID="P6_SP00349" HPOS="340" VPOS="4022" WIDTH="30"/>
						<String ID="P6_ST00400" HPOS="370" VPOS="3965" WIDTH="90" HEIGHT="48" CONTENT="und" WC="0.92" CC="858"/>
						<SP ID="P6_SP00350" HPOS="460" VPOS="4022" WIDTH="31"/>
						<String ID="P6_ST00401" HPOS="491" VPOS="3966" WIDTH="80" HEIGHT="49" CONTENT="der" WC="0.96" CC="900"/>
						<SP ID="P6_SP00351" HPOS="571" VPOS="4022" WIDTH="21"/>
						<String ID="P6_ST00402" HPOS="592" VPOS="3968" WIDTH="328" HEIGHT="51" CONTENT="Schluss-Chor" WC="0.65" CC="205555035440"/>
						<SP ID="P6_SP00352" HPOS="920" VPOS="4022" WIDTH="15"/>
						<String ID="P6_ST00403" HPOS="935" VPOS="3972" WIDTH="75" HEIGHT="47" CONTENT="des" WC="0.98" CC="050"/>
						<SP ID="P6_SP00353" HPOS="1010" VPOS="4022" WIDTH="23"/>
						<String ID="P6_ST00404" HPOS="1033" VPOS="3980" WIDTH="146" HEIGHT="42" CONTENT="ersten" WC="0.98" CC="063627"/>
						<SP ID="P6_SP00354" HPOS="1179" VPOS="4022" WIDTH="18"/>
						<String ID="P6_ST00405" HPOS="1197" VPOS="3975" WIDTH="199" HEIGHT="48" CONTENT="Theiles:" WC="0.85" CC="16003000"/>
					</TextLine>
					<TextLine ID="P6_TL00051" HPOS="187" VPOS="4040" WIDTH="1492" HEIGHT="74">
						<String ID="P6_ST00406" HPOS="187" VPOS="4040" WIDTH="112" HEIGHT="53" CONTENT="Imd" WC="0.54" CC="561" STYLEREFS="TXT_2"/>
						<SP ID="P6_SP00355" HPOS="299" VPOS="4093" WIDTH="162"/>
						<String ID="P6_ST00407" HPOS="461" VPOS="4040" WIDTH="79" HEIGHT="63" CONTENT="voice," WC="0.66" CC="451602" STYLEREFS="TXT_2"/>
						<String ID="P6_ST00408" HPOS="541" VPOS="4043" WIDTH="52" HEIGHT="50" CONTENT="mit" WC="0.96" CC="503"/>
						<SP ID="P6_SP00356" HPOS="593" VPOS="4103" WIDTH="1"/>
						<String ID="P6_ST00409" HPOS="594" VPOS="4045" WIDTH="146" HEIGHT="48" CONTENT="seiner" WC="0.98" CC="306725"/>
						<SP ID="P6_SP00357" HPOS="740" VPOS="4103" WIDTH="25"/>
						<String ID="P6_ST00410" HPOS="765" VPOS="4047" WIDTH="185" HEIGHT="50" CONTENT="sinnlich" WC="0.99" CC="33760003"/>
						<SP ID="P6_SP00358" HPOS="950" VPOS="4103" WIDTH="37"/>
						<String ID="P6_ST00411" HPOS="987" VPOS="4051" WIDTH="121" HEIGHT="47" CONTENT="stark" WC="0.98" CC="40090"/>
						<SP ID="P6_SP00359" HPOS="1108" VPOS="4103" WIDTH="30"/>
						<String ID="P6_ST00412" HPOS="1138" VPOS="4052" WIDTH="327" HEIGHT="62" CONTENT="ausgeführten" WC="0.99" CC="047940054001"/>
						<SP ID="P6_SP00360" HPOS="1465" VPOS="4114" WIDTH="29"/>
						<String ID="P6_ST00413" HPOS="1494" VPOS="4054" WIDTH="185" HEIGHT="48" CONTENT="Malerei" WC="0.99" CC="0003007"/>
					</TextLine>
				</TextBlock>
				<TextBlock ID="P6_TB00003" HPOS="1753" VPOS="319" WIDTH="1538" HEIGHT="3807" STYLEREFS="TXT_1 PAR_LEFT">
					<TextLine ID="P6_TL00052" HPOS="1795" VPOS="319" WIDTH="1496" HEIGHT="72">
						<String ID="P6_ST00414" HPOS="1795" VPOS="320" WIDTH="127" HEIGHT="47" CONTENT="feiert" WC="0.98" CC="060556"/>
						<SP ID="P6_SP00361" HPOS="1922" VPOS="367" WIDTH="37"/>
						<String ID="P6_ST00415" HPOS="1959" VPOS="319" WIDTH="70" HEIGHT="49" CONTENT="die" WC="0.96" CC="045"/>
						<SP ID="P6_SP00362" HPOS="2029" VPOS="368" WIDTH="38"/>
						<String ID="P6_ST00416" HPOS="2067" VPOS="321" WIDTH="120" HEIGHT="46" CONTENT="Alles" WC="0.97" CC="07650"/>
						<SP ID="P6_SP00363" HPOS="2187" VPOS="368" WIDTH="44"/>
						<String ID="P6_ST00417" HPOS="2231" VPOS="321" WIDTH="318" HEIGHT="69" CONTENT="bezwingende" WC="0.99" CC="72493004404"/>
						<SP ID="P6_SP00364" HPOS="2549" VPOS="390" WIDTH="42"/>
						<String ID="P6_ST00418" HPOS="2591" VPOS="325" WIDTH="154" HEIGHT="48" CONTENT="Macht" WC="0.97" CC="06670"/>
						<SP ID="P6_SP00365" HPOS="2745" VPOS="390" WIDTH="25"/>
						<String ID="P6_ST00419" HPOS="2770" VPOS="326" WIDTH="239" HEIGHT="47" CONTENT="Jehovah's" WC="0.65" CC="037400645"/>
						<SP ID="P6_SP00366" HPOS="3009" VPOS="390" WIDTH="39"/>
						<String ID="P6_ST00420" HPOS="3048" VPOS="329" WIDTH="80" HEIGHT="45" CONTENT="mit" WC="0.96" CC="054"/>
						<SP ID="P6_SP00367" HPOS="3128" VPOS="390" WIDTH="34"/>
						<String ID="P6_ST00421" HPOS="3162" VPOS="329" WIDTH="129" HEIGHT="62" CONTENT="jener" WC="0.97" CC="57800"/>
					</TextLine>
					<TextLine ID="P6_TL00053" HPOS="1792" VPOS="396" WIDTH="1495" HEIGHT="67">
						<String ID="P6_ST00422" HPOS="1792" VPOS="396" WIDTH="280" HEIGHT="61" CONTENT="Tongewalt," WC="0.99" CC="0470290200"/>
						<SP ID="P6_SP00368" HPOS="2072" VPOS="457" WIDTH="42"/>
						<String ID="P6_ST00423" HPOS="2114" VPOS="396" WIDTH="113" HEIGHT="47" CONTENT="über" WC="0.97" CC="0535"/>
						<SP ID="P6_SP00369" HPOS="2227" VPOS="457" WIDTH="28"/>
						<String ID="P6_ST00424" HPOS="2255" VPOS="399" WIDTH="85" HEIGHT="57" CONTENT="die," WC="0.99" CC="0070"/>
						<SP ID="P6_SP00370" HPOS="2340" VPOS="457" WIDTH="43"/>
						<String ID="P6_ST00425" HPOS="2383" VPOS="400" WIDTH="179" HEIGHT="47" CONTENT="möchte" WC="0.98" CC="500562"/>
						<SP ID="P6_SP00371" HPOS="2562" VPOS="457" WIDTH="43"/>
						<String ID="P6_ST00426" HPOS="2605" VPOS="418" WIDTH="103" HEIGHT="30" CONTENT="man" WC="0.97" CC="008"/>
						<SP ID="P6_SP00372" HPOS="2708" VPOS="457" WIDTH="38"/>
						<String ID="P6_ST00427" HPOS="2746" VPOS="400" WIDTH="214" HEIGHT="63" CONTENT="glauben," WC="0.99" CC="00077280"/>
						<SP ID="P6_SP00373" HPOS="2960" VPOS="463" WIDTH="38"/>
						<String ID="P6_ST00428" HPOS="2998" VPOS="419" WIDTH="86" HEIGHT="29" CONTENT="nur" WC="0.97" CC="700"/>
						<SP ID="P6_SP00374" HPOS="3084" VPOS="463" WIDTH="29"/>
						<String ID="P6_ST00429" HPOS="3113" VPOS="402" WIDTH="174" HEIGHT="49" CONTENT="Händel" WC="0.98" CC="406006"/>
					</TextLine>
					<TextLine ID="P6_TL00054" HPOS="1789" VPOS="471" WIDTH="428" HEIGHT="63">
						<String ID="P6_ST00430" HPOS="1789" VPOS="471" WIDTH="217" HEIGHT="63" CONTENT="verfügen" WC="0.99" CC="50470025"/>
						<SP ID="P6_SP00375" HPOS="2006" VPOS="534" WIDTH="33"/>
						<String ID="P6_ST00431" HPOS="2039" VPOS="472" WIDTH="178" HEIGHT="48" CONTENT="konnte." WC="0.98" CC="0558070"/>
					</TextLine>
					<TextLine ID="P6_TL00055" HPOS="1899" VPOS="547" WIDTH="1390" HEIGHT="69">
						<String ID="P6_ST00432" HPOS="1899" VPOS="548" WIDTH="83" HEIGHT="46" CONTENT="Mit" WC="0.94" CC="906"/>
						<SP ID="P6_SP00376" HPOS="1982" VPOS="594" WIDTH="26"/>
						<String ID="P6_ST00433" HPOS="2008" VPOS="547" WIDTH="99" HEIGHT="48" CONTENT="dem" WC="0.97" CC="080"/>
						<SP ID="P6_SP00377" HPOS="2107" VPOS="595" WIDTH="31"/>
						<String ID="P6_ST00434" HPOS="2138" VPOS="550" WIDTH="183" HEIGHT="47" CONTENT="zweiten" WC="0.98" CC="5071644"/>
						<SP ID="P6_SP00378" HPOS="2321" VPOS="597" WIDTH="30"/>
						<String ID="P6_ST00435" HPOS="2351" VPOS="551" WIDTH="155" HEIGHT="47" CONTENT="Theile" WC="0.81" CC="050014"/>
						<SP ID="P6_SP00379" HPOS="2506" VPOS="598" WIDTH="36"/>
						<String ID="P6_ST00436" HPOS="2542" VPOS="551" WIDTH="184" HEIGHT="65" CONTENT="steigert" WC="0.99" CC="00609027"/>
						<SP ID="P6_SP00380" HPOS="2726" VPOS="616" WIDTH="39"/>
						<String ID="P6_ST00437" HPOS="2765" VPOS="553" WIDTH="93" HEIGHT="46" CONTENT="sich" WC="0.95" CC="5177"/>
						<SP ID="P6_SP00381" HPOS="2858" VPOS="616" WIDTH="30"/>
						<String ID="P6_ST00438" HPOS="2888" VPOS="553" WIDTH="69" HEIGHT="47" CONTENT="die" WC="0.94" CC="905"/>
						<SP ID="P6_SP00382" HPOS="2957" VPOS="616" WIDTH="29"/>
						<String ID="P6_ST00439" HPOS="2986" VPOS="552" WIDTH="303" HEIGHT="50" CONTENT="dramatische" WC="0.99" CC="04600809679"/>
					</TextLine>
					<TextLine ID="P6_TL00056" HPOS="1785" VPOS="623" WIDTH="1501" HEIGHT="69">
						<String ID="P6_ST00440" HPOS="1785" VPOS="623" WIDTH="277" HEIGHT="64" CONTENT="Bewegung." WC="0.99" CC="700008500"/>
						<SP ID="P6_SP00383" HPOS="2062" VPOS="687" WIDTH="49"/>
						<String ID="P6_ST00441" HPOS="2111" VPOS="625" WIDTH="83" HEIGHT="47" CONTENT="Die" WC="0.99" CC="002"/>
						<SP ID="P6_SP00384" HPOS="2194" VPOS="687" WIDTH="30"/>
						<String ID="P6_ST00442" HPOS="2224" VPOS="626" WIDTH="195" HEIGHT="46" CONTENT="Tochter" WC="0.99" CC="0507600"/>
						<SP ID="P6_SP00385" HPOS="2419" VPOS="687" WIDTH="29"/>
						<String ID="P6_ST00443" HPOS="2448" VPOS="626" WIDTH="76" HEIGHT="47" CONTENT="des" WC="0.96" CC="009"/>
						<SP ID="P6_SP00386" HPOS="2524" VPOS="687" WIDTH="30"/>
						<String ID="P6_ST00444" HPOS="2554" VPOS="627" WIDTH="174" HEIGHT="46" CONTENT="Helden" WC="0.98" CC="840017"/>
						<SP ID="P6_SP00387" HPOS="2728" VPOS="687" WIDTH="41"/>
						<String ID="P6_ST00445" HPOS="2769" VPOS="630" WIDTH="235" HEIGHT="62" CONTENT="empfängt" WC="0.98" CC="74089690"/>
						<SP ID="P6_SP00388" HPOS="3004" VPOS="692" WIDTH="28"/>
						<String ID="P6_ST00446" HPOS="3032" VPOS="645" WIDTH="83" HEIGHT="30" CONTENT="von" WC="0.98" CC="024"/>
						<SP ID="P6_SP00389" HPOS="3115" VPOS="692" WIDTH="29"/>
						<String ID="P6_ST00447" HPOS="3144" VPOS="628" WIDTH="142" HEIGHT="49" CONTENT="ihrem" WC="0.97" CC="06069"/>
					</TextLine>
					<TextLine ID="P6_TL00057" HPOS="1785" VPOS="698" WIDTH="1501" HEIGHT="65">
						<String ID="P6_ST00448" HPOS="1785" VPOS="698" WIDTH="232" HEIGHT="47" CONTENT="Geliebten" WC="0.99" CC="000257526"/>
						<SP ID="P6_SP00390" HPOS="2017" VPOS="745" WIDTH="31"/>
						<String ID="P6_ST00449" HPOS="2048" VPOS="700" WIDTH="70" HEIGHT="47" CONTENT="die" WC="0.99" CC="001"/>
						<SP ID="P6_SP00391" HPOS="2118" VPOS="747" WIDTH="30"/>
						<String ID="P6_ST00450" HPOS="2148" VPOS="701" WIDTH="446" HEIGHT="62" CONTENT="Sieges-Nachricht:" WC="0.67" CC="02395600408000760"/>
						<SP ID="P6_SP00392" HPOS="2594" VPOS="763" WIDTH="30"/>
						<String ID="P6_ST00451" HPOS="2624" VPOS="702" WIDTH="277" HEIGHT="48" CONTENT="himmlische" WC="0.99" CC="7000210070"/>
						<SP ID="P6_SP00393" HPOS="2901" VPOS="763" WIDTH="24"/>
						<String ID="P6_ST00452" HPOS="2925" VPOS="705" WIDTH="198" HEIGHT="47" CONTENT="Scharen" WC="0.98" CC="0077057"/>
						<SP ID="P6_SP00394" HPOS="3123" VPOS="763" WIDTH="32"/>
						<String ID="P6_ST00453" HPOS="3155" VPOS="706" WIDTH="131" HEIGHT="46" CONTENT="eilten" WC="0.98" CC="001678"/>
					</TextLine>
					<TextLine ID="P6_TL00058" HPOS="1781" VPOS="776" WIDTH="1506" HEIGHT="66">
						<String ID="P6_ST00454" HPOS="1781" VPOS="791" WIDTH="99" HEIGHT="29" CONTENT="zum" WC="0.97" CC="250"/>
						<SP ID="P6_SP00395" HPOS="1880" VPOS="820" WIDTH="31"/>
						<String ID="P6_ST00455" HPOS="1911" VPOS="776" WIDTH="237" HEIGHT="47" CONTENT="Beistande" WC="0.98" CC="702166704"/>
						<SP ID="P6_SP00396" HPOS="2148" VPOS="823" WIDTH="28"/>
						<String ID="P6_ST00456" HPOS="2176" VPOS="777" WIDTH="259" HEIGHT="56" CONTENT="hernieder;" WC="0.99" CC="6026020000"/>
						<SP ID="P6_SP00397" HPOS="2435" VPOS="833" WIDTH="38"/>
						<String ID="P6_ST00457" HPOS="2473" VPOS="778" WIDTH="69" HEIGHT="46" CONTENT="ein" WC="0.95" CC="607"/>
						<SP ID="P6_SP00398" HPOS="2542" VPOS="833" WIDTH="42"/>
						<String ID="P6_ST00458" HPOS="2584" VPOS="778" WIDTH="195" HEIGHT="64" CONTENT="feuriger" WC="0.99" CC="05200960"/>
						<SP ID="P6_SP00399" HPOS="2779" VPOS="842" WIDTH="31"/>
						<String ID="P6_ST00459" HPOS="2810" VPOS="780" WIDTH="141" HEIGHT="47" CONTENT="Chor:" WC="0.98" CC="50650"/>
						<SP ID="P6_SP00400" HPOS="2951" VPOS="842" WIDTH="39"/>
						<String ID="P6_ST00460" HPOS="2990" VPOS="781" WIDTH="173" HEIGHT="47" CONTENT="Cherub" WC="0.97" CC="536578" STYLEREFS="TXT_2"/>
						<SP ID="P6_SP00401" HPOS="3163" VPOS="842" WIDTH="28"/>
						<String ID="P6_ST00461" HPOS="3191" VPOS="782" WIDTH="96" HEIGHT="47" CONTENT="and" WC="0.94" CC="356" STYLEREFS="TXT_2"/>
					</TextLine>
					<TextLine ID="P6_TL00059" HPOS="1781" VPOS="848" WIDTH="1505" HEIGHT="71">
						<String ID="P6_ST00462" HPOS="1781" VPOS="848" WIDTH="260" HEIGHT="66" CONTENT="Seraphim," WC="0.99" CC="650060100" STYLEREFS="TXT_2"/>
						<SP ID="P6_SP00402" HPOS="2041" VPOS="914" WIDTH="31"/>
						<String ID="P6_ST00463" HPOS="2072" VPOS="851" WIDTH="156" HEIGHT="48" CONTENT="dessen" WC="0.98" CC="000468"/>
						<SP ID="P6_SP00403" HPOS="2228" VPOS="914" WIDTH="24"/>
						<String ID="P6_ST00464" HPOS="2252" VPOS="853" WIDTH="316" HEIGHT="64" CONTENT="Haupt-Motiv" WC="0.99" CC="70602300700"/>
						<SP ID="P6_SP00404" HPOS="2568" VPOS="917" WIDTH="30"/>
						<String ID="P6_ST00465" HPOS="2598" VPOS="853" WIDTH="85" HEIGHT="47" CONTENT="den" WC="0.96" CC="064"/>
						<SP ID="P6_SP00405" HPOS="2683" VPOS="917" WIDTH="28"/>
						<String ID="P6_ST00466" HPOS="2711" VPOS="856" WIDTH="185" HEIGHT="45" CONTENT="zweiten" WC="0.99" CC="2070005"/>
						<SP ID="P6_SP00406" HPOS="2896" VPOS="917" WIDTH="31"/>
						<String ID="P6_ST00467" HPOS="2927" VPOS="854" WIDTH="125" HEIGHT="47" CONTENT="Theil" WC="0.50" CC="57470"/>
						<SP ID="P6_SP00407" HPOS="3052" VPOS="917" WIDTH="24"/>
						<String ID="P6_ST00468" HPOS="3076" VPOS="856" WIDTH="187" HEIGHT="63" CONTENT="eingelei" SUBS_TYPE="HypPart1" SUBS_CONTENT="eingeleitet," WC="0.99" CC="02705560"/>
						<HYP HPOS="3263" VPOS="856" WIDTH="23" CONTENT="-"/>
					</TextLine>
					<TextLine ID="P6_TL00060" HPOS="1781" VPOS="927" WIDTH="1504" HEIGHT="68">
						<String ID="P6_ST00469" HPOS="1781" VPOS="932" WIDTH="77" HEIGHT="49" CONTENT="tet," SUBS_TYPE="HypPart2" SUBS_CONTENT="eingeleitet," WC="0.96" CC="9450"/>
						<SP ID="P6_SP00408" HPOS="1858" VPOS="981" WIDTH="30"/>
						<String ID="P6_ST00470" HPOS="1888" VPOS="927" WIDTH="53" HEIGHT="46" CONTENT="ist" WC="0.97" CC="051"/>
						<SP ID="P6_SP00409" HPOS="1941" VPOS="981" WIDTH="28"/>
						<String ID="P6_ST00471" HPOS="1969" VPOS="927" WIDTH="241" HEIGHT="62" CONTENT="gleichsam" WC="0.99" CC="030005460"/>
						<SP ID="P6_SP00410" HPOS="2210" VPOS="989" WIDTH="31"/>
						<String ID="P6_ST00472" HPOS="2241" VPOS="928" WIDTH="80" HEIGHT="47" CONTENT="der" WC="0.96" CC="072"/>
						<SP ID="P6_SP00411" HPOS="2321" VPOS="989" WIDTH="28"/>
						<String ID="P6_ST00473" HPOS="2349" VPOS="929" WIDTH="218" HEIGHT="47" CONTENT="Nachhall" WC="0.99" CC="00057650"/>
						<SP ID="P6_SP00412" HPOS="2567" VPOS="989" WIDTH="32"/>
						<String ID="P6_ST00474" HPOS="2599" VPOS="929" WIDTH="146" HEIGHT="47" CONTENT="dieser" WC="0.98" CC="000645"/>
						<SP ID="P6_SP00413" HPOS="2745" VPOS="989" WIDTH="29"/>
						<String ID="P6_ST00475" HPOS="2774" VPOS="929" WIDTH="334" HEIGHT="49" CONTENT="wundervollen" WC="0.99" CC="905053031120"/>
						<SP ID="P6_SP00414" HPOS="3108" VPOS="989" WIDTH="29"/>
						<String ID="P6_ST00476" HPOS="3137" VPOS="933" WIDTH="119" HEIGHT="62" CONTENT="Bege" SUBS_TYPE="HypPart1" SUBS_CONTENT="Begebenheit." WC="0.97" CC="0796"/>
						<HYP HPOS="3256" VPOS="933" WIDTH="29" CONTENT="-"/>
					</TextLine>
					<TextLine ID="P6_TL00061" HPOS="1781" VPOS="1001" WIDTH="1504" HEIGHT="64">
						<String ID="P6_ST00477" HPOS="1781" VPOS="1001" WIDTH="196" HEIGHT="49" CONTENT="benheit." SUBS_TYPE="HypPart2" SUBS_CONTENT="Begebenheit." WC="0.98" CC="75660054"/>
						<SP ID="P6_SP00415" HPOS="1977" VPOS="1050" WIDTH="29"/>
						<String ID="P6_ST00478" HPOS="2006" VPOS="1003" WIDTH="119" HEIGHT="62" CONTENT="Iphis" WC="0.63" CC="50706"/>
						<SP ID="P6_SP00416" HPOS="2125" VPOS="1065" WIDTH="28"/>
						<String ID="P6_ST00479" HPOS="2153" VPOS="1004" WIDTH="191" HEIGHT="49" CONTENT="bereitet" WC="0.99" CC="40050106"/>
						<SP ID="P6_SP00417" HPOS="2344" VPOS="1065" WIDTH="28"/>
						<String ID="P6_ST00480" HPOS="2372" VPOS="1006" WIDTH="108" HEIGHT="54" CONTENT="sich," WC="0.98" CC="50660"/>
						<SP ID="P6_SP00418" HPOS="2480" VPOS="1065" WIDTH="30"/>
						<String ID="P6_ST00481" HPOS="2510" VPOS="1006" WIDTH="85" HEIGHT="47" CONTENT="den" WC="0.98" CC="022"/>
						<SP ID="P6_SP00419" HPOS="2595" VPOS="1065" WIDTH="29"/>
						<String ID="P6_ST00482" HPOS="2624" VPOS="1007" WIDTH="157" HEIGHT="54" CONTENT="Vater," WC="0.99" CC="000700"/>
						<SP ID="P6_SP00420" HPOS="2781" VPOS="1065" WIDTH="33"/>
						<String ID="P6_ST00483" HPOS="2814" VPOS="1007" WIDTH="83" HEIGHT="47" CONTENT="den" WC="0.97" CC="007"/>
						<SP ID="P6_SP00421" HPOS="2897" VPOS="1065" WIDTH="32"/>
						<String ID="P6_ST00484" HPOS="2929" VPOS="1008" WIDTH="206" HEIGHT="46" CONTENT="Erretter" WC="0.99" CC="59500070"/>
						<SP ID="P6_SP00422" HPOS="3135" VPOS="1065" WIDTH="28"/>
						<String ID="P6_ST00485" HPOS="3163" VPOS="1009" WIDTH="122" HEIGHT="46" CONTENT="ihres" WC="0.98" CC="00529"/>
					</TextLine>
					<TextLine ID="P6_TL00062" HPOS="1780" VPOS="1078" WIDTH="1509" HEIGHT="69">
						<String ID="P6_ST00486" HPOS="1780" VPOS="1078" WIDTH="181" HEIGHT="56" CONTENT="Volkes," WC="0.99" CC="0680050"/>
						<SP ID="P6_SP00423" HPOS="1961" VPOS="1134" WIDTH="31"/>
						<String ID="P6_ST00487" HPOS="1992" VPOS="1079" WIDTH="79" HEIGHT="47" CONTENT="mit" WC="0.96" CC="900"/>
						<SP ID="P6_SP00424" HPOS="2071" VPOS="1134" WIDTH="26"/>
						<String ID="P6_ST00488" HPOS="2097" VPOS="1081" WIDTH="123" HEIGHT="63" CONTENT="Sang" WC="0.97" CC="0960"/>
						<SP ID="P6_SP00425" HPOS="2220" VPOS="1144" WIDTH="30"/>
						<String ID="P6_ST00489" HPOS="2250" VPOS="1081" WIDTH="90" HEIGHT="47" CONTENT="und" WC="0.96" CC="380"/>
						<SP ID="P6_SP00426" HPOS="2340" VPOS="1144" WIDTH="24"/>
						<String ID="P6_ST00490" HPOS="2364" VPOS="1082" WIDTH="117" HEIGHT="63" CONTENT="Spiel" WC="0.99" CC="10021"/>
						<SP ID="P6_SP00427" HPOS="2481" VPOS="1145" WIDTH="32"/>
						<String ID="P6_ST00491" HPOS="2513" VPOS="1082" WIDTH="167" HEIGHT="47" CONTENT="festlich" WC="0.99" CC="02106263"/>
						<SP ID="P6_SP00428" HPOS="2680" VPOS="1145" WIDTH="24"/>
						<String ID="P6_ST00492" HPOS="2704" VPOS="1100" WIDTH="52" HEIGHT="29" CONTENT="zu" WC="0.73" CC="50"/>
						<SP ID="P6_SP00429" HPOS="2756" VPOS="1145" WIDTH="25"/>
						<String ID="P6_ST00493" HPOS="2781" VPOS="1083" WIDTH="293" HEIGHT="64" CONTENT="empfangen;" WC="0.99" CC="0007079561"/>
						<SP ID="P6_SP00430" HPOS="3074" VPOS="1147" WIDTH="29"/>
						<String ID="P6_ST00494" HPOS="3103" VPOS="1084" WIDTH="61" HEIGHT="46" CONTENT="sie" WC="0.95" CC="734"/>
						<SP ID="P6_SP00431" HPOS="3164" VPOS="1147" WIDTH="29"/>
						<String ID="P6_ST00495" HPOS="3193" VPOS="1086" WIDTH="96" HEIGHT="45" CONTENT="tritt" WC="0.97" CC="66204"/>
					</TextLine>
					<TextLine ID="P6_TL00063" HPOS="1778" VPOS="1154" WIDTH="1507" HEIGHT="67">
						<String ID="P6_ST00496" HPOS="1778" VPOS="1154" WIDTH="92" HEIGHT="46" CONTENT="ihm" WC="0.97" CC="330"/>
						<SP ID="P6_SP00432" HPOS="1870" VPOS="1200" WIDTH="30"/>
						<String ID="P6_ST00497" HPOS="1900" VPOS="1161" WIDTH="223" HEIGHT="57" CONTENT="entgegen" WC="0.99" CC="32704000"/>
						<SP ID="P6_SP00433" HPOS="2123" VPOS="1218" WIDTH="39"/>
						<String ID="P6_ST00498" HPOS="2162" VPOS="1158" WIDTH="77" HEIGHT="44" CONTENT="mit" WC="1.00" CC="001"/>
						<SP ID="P6_SP00434" HPOS="2239" VPOS="1218" WIDTH="37"/>
						<String ID="P6_ST00499" HPOS="2276" VPOS="1157" WIDTH="102" HEIGHT="47" CONTENT="dem" WC="0.98" CC="004"/>
						<SP ID="P6_SP00435" HPOS="2378" VPOS="1218" WIDTH="32"/>
						<String ID="P6_ST00500" HPOS="2410" VPOS="1158" WIDTH="186" HEIGHT="62" CONTENT="Gefolge" WC="0.99" CC="0084300"/>
						<SP ID="P6_SP00436" HPOS="2596" VPOS="1220" WIDTH="40"/>
						<String ID="P6_ST00501" HPOS="2636" VPOS="1159" WIDTH="120" HEIGHT="46" CONTENT="ihrer" WC="0.98" CC="06311"/>
						<SP ID="P6_SP00437" HPOS="2756" VPOS="1220" WIDTH="28"/>
						<String ID="P6_ST00502" HPOS="2784" VPOS="1159" WIDTH="301" HEIGHT="62" CONTENT="Jungfrauen," WC="0.99" CC="85607000340"/>
						<SP ID="P6_SP00438" HPOS="3085" VPOS="1221" WIDTH="37"/>
						<String ID="P6_ST00503" HPOS="3122" VPOS="1161" WIDTH="90" HEIGHT="45" CONTENT="und" WC="0.96" CC="280"/>
						<SP ID="P6_SP00439" HPOS="3212" VPOS="1221" WIDTH="31"/>
						<String ID="P6_ST00504" HPOS="3243" VPOS="1161" WIDTH="42" HEIGHT="48" CONTENT="in" WC="0.94" CC="10"/>
					</TextLine>
					<TextLine ID="P6_TL00064" HPOS="1780" VPOS="1229" WIDTH="1506" HEIGHT="69">
						<String ID="P6_ST00505" HPOS="1780" VPOS="1229" WIDTH="122" HEIGHT="46" CONTENT="einer" WC="0.98" CC="40304"/>
						<SP ID="P6_SP00440" HPOS="1902" VPOS="1275" WIDTH="21"/>
						<String ID="P6_ST00506" HPOS="1923" VPOS="1229" WIDTH="170" HEIGHT="48" CONTENT="einfach" WC="0.98" CC="6068077"/>
						<SP ID="P6_SP00441" HPOS="2093" VPOS="1277" WIDTH="21"/>
						<String ID="P6_ST00507" HPOS="2114" VPOS="1232" WIDTH="284" HEIGHT="63" CONTENT="gehaltenen," WC="0.99" CC="92703006213"/>
						<SP ID="P6_SP00442" HPOS="2398" VPOS="1295" WIDTH="24"/>
						<String ID="P6_ST00508" HPOS="2422" VPOS="1249" WIDTH="99" HEIGHT="31" CONTENT="vom" WC="0.98" CC="050"/>
						<SP ID="P6_SP00443" HPOS="2521" VPOS="1295" WIDTH="23"/>
						<String ID="P6_ST00509" HPOS="2544" VPOS="1234" WIDTH="296" HEIGHT="47" CONTENT="Frauenchor" WC="0.99" CC="6001602641"/>
						<SP ID="P6_SP00444" HPOS="2840" VPOS="1295" WIDTH="23"/>
						<String ID="P6_ST00510" HPOS="2863" VPOS="1234" WIDTH="268" HEIGHT="64" CONTENT="begleiteten" WC="0.99" CC="66007804064"/>
						<SP ID="P6_SP00445" HPOS="3131" VPOS="1298" WIDTH="23"/>
						<String ID="P6_ST00511" HPOS="3154" VPOS="1237" WIDTH="132" HEIGHT="47" CONTENT="Arie:" WC="0.98" CC="32420"/>
					</TextLine>
					<TextLine ID="P6_TL00065" HPOS="1841" VPOS="1304" WIDTH="1442" HEIGHT="72">
						<String ID="P6_ST00512" HPOS="1841" VPOS="1304" WIDTH="208" HEIGHT="50" CONTENT="Welcome" WC="0.98" CC="0522623" STYLEREFS="TXT_2"/>
						<SP ID="P6_SP00446" HPOS="2049" VPOS="1354" WIDTH="262"/>
						<String ID="P6_ST00513" HPOS="2311" VPOS="1322" WIDTH="52" HEIGHT="33" CONTENT="as" WC="0.61" CC="52" STYLEREFS="TXT_2"/>
						<SP ID="P6_SP00447" HPOS="2363" VPOS="1355" WIDTH="106"/>
						<String ID="P6_ST00514" HPOS="2469" VPOS="1309" WIDTH="71" HEIGHT="47" CONTENT="the" WC="0.62" CC="505" STYLEREFS="TXT_2"/>
						<SP ID="P6_SP00448" HPOS="2540" VPOS="1356" WIDTH="125"/>
						<String ID="P6_ST00515" HPOS="2665" VPOS="1309" WIDTH="223" HEIGHT="65" CONTENT="ehearful," WC="0.76" CC="000580700" STYLEREFS="TXT_2"/>
						<String ID="P6_ST00516" HPOS="2481" VPOS="1309" WIDTH="151" HEIGHT="65" CONTENT="bringt" WC="0.98" CC="660606"/>
						<SP ID="P6_SP00449" HPOS="2888" VPOS="1374" WIDTH="-228"/>
						<String ID="P6_ST00517" HPOS="2660" VPOS="1310" WIDTH="61" HEIGHT="47" CONTENT="sie" WC="0.96" CC="234"/>
						<SP ID="P6_SP00450" HPOS="2888" VPOS="1374" WIDTH="-139"/>
						<String ID="P6_ST00518" HPOS="2749" VPOS="1310" WIDTH="91" HEIGHT="47" CONTENT="ihm" WC="0.97" CC="150"/>
						<SP ID="P6_SP00451" HPOS="2888" VPOS="1374" WIDTH="-8"/>
						<String ID="P6_ST00519" HPOS="2880" VPOS="1312" WIDTH="128" HEIGHT="45" CONTENT="ihren" WC="0.96" CC="54477"/>
						<SP ID="P6_SP00452" HPOS="3008" VPOS="1374" WIDTH="46"/>
						<String ID="P6_ST00520" HPOS="3054" VPOS="1312" WIDTH="229" HEIGHT="64" CONTENT="freudigen" WC="0.99" CC="000805005"/>
					</TextLine>
					<TextLine ID="P6_TL00066" HPOS="1780" VPOS="1383" WIDTH="1351" HEIGHT="66">
						<String ID="P6_ST00521" HPOS="1780" VPOS="1383" WIDTH="152" HEIGHT="47" CONTENT="Gruss." WC="0.54" CC="926053"/>
						<SP ID="P6_SP00453" HPOS="1932" VPOS="1430" WIDTH="46"/>
						<String ID="P6_ST00522" HPOS="1978" VPOS="1384" WIDTH="96" HEIGHT="46" CONTENT="Den" WC="0.95" CC="068"/>
						<SP ID="P6_SP00454" HPOS="2074" VPOS="1430" WIDTH="35"/>
						<String ID="P6_ST00523" HPOS="2109" VPOS="1384" WIDTH="136" HEIGHT="47" CONTENT="Vater" WC="0.98" CC="07044"/>
						<SP ID="P6_SP00455" HPOS="2245" VPOS="1431" WIDTH="29"/>
						<String ID="P6_ST00524" HPOS="2274" VPOS="1385" WIDTH="185" HEIGHT="64" CONTENT="cfgreift" WC="0.38" CC="87933095"/>
						<SP ID="P6_SP00456" HPOS="2459" VPOS="1449" WIDTH="28"/>
						<String ID="P6_ST00525" HPOS="2487" VPOS="1387" WIDTH="262" HEIGHT="53" CONTENT="Entsetzen;" WC="0.99" CC="0806256260"/>
						<SP ID="P6_SP00457" HPOS="2749" VPOS="1449" WIDTH="30"/>
						<String ID="P6_ST00526" HPOS="2779" VPOS="1385" WIDTH="79" HEIGHT="49" CONTENT="das" WC="0.98" CC="005"/>
						<SP ID="P6_SP00458" HPOS="2858" VPOS="1449" WIDTH="29"/>
						<String ID="P6_ST00527" HPOS="2887" VPOS="1387" WIDTH="244" HEIGHT="48" CONTENT="Recitativ:" WC="0.76" CC="5360050030"/>
					</TextLine>
					<TextLine ID="P6_TL00067" HPOS="1803" VPOS="1456" WIDTH="1479" HEIGHT="64">
						<String ID="P6_ST00528" HPOS="1803" VPOS="1473" WIDTH="77" HEIGHT="32" CONTENT="ror" WC="0.95" CC="066" STYLEREFS="TXT_2"/>
						<SP ID="P6_SP00459" HPOS="1880" VPOS="1505" WIDTH="131"/>
						<String ID="P6_ST00529" HPOS="2011" VPOS="1456" WIDTH="227" HEIGHT="64" CONTENT="confusion," WC="0.65" CC="6030450463" STYLEREFS="TXT_2"/>
						<String ID="P6_ST00530" HPOS="2239" VPOS="1460" WIDTH="22" HEIGHT="47" CONTENT="und" WC="0.95" CC="670"/>
						<SP ID="P6_SP00460" HPOS="2261" VPOS="1520" WIDTH="28"/>
						<String ID="P6_ST00531" HPOS="2289" VPOS="1462" WIDTH="70" HEIGHT="47" CONTENT="die" WC="0.98" CC="005"/>
						<SP ID="P6_SP00461" HPOS="2359" VPOS="1520" WIDTH="30"/>
						<String ID="P6_ST00532" HPOS="2389" VPOS="1462" WIDTH="127" HEIGHT="47" CONTENT="Arie:" WC="0.99" CC="60030"/>
						<SP ID="P6_SP00462" HPOS="2516" VPOS="1520" WIDTH="672"/>
						<String ID="P6_ST00533" HPOS="3188" VPOS="1465" WIDTH="94" HEIGHT="46" CONTENT="sind" WC="0.97" CC="9040"/>
					</TextLine>
					<TextLine ID="P6_TL00068" HPOS="1777" VPOS="1533" WIDTH="1501" HEIGHT="71">
						<String ID="P6_ST00534" HPOS="1777" VPOS="1533" WIDTH="79" HEIGHT="47" CONTENT="der" WC="0.98" CC="004"/>
						<SP ID="P6_SP00463" HPOS="1856" VPOS="1580" WIDTH="29"/>
						<String ID="P6_ST00535" HPOS="1885" VPOS="1535" WIDTH="222" HEIGHT="64" CONTENT="mächtige" WC="0.99" CC="00579005"/>
						<SP ID="P6_SP00464" HPOS="2107" VPOS="1599" WIDTH="22"/>
						<String ID="P6_ST00536" HPOS="2129" VPOS="1535" WIDTH="239" HEIGHT="48" CONTENT="Ausdruck" WC="0.99" CC="05504600"/>
						<SP ID="P6_SP00465" HPOS="2368" VPOS="1599" WIDTH="33"/>
						<String ID="P6_ST00537" HPOS="2401" VPOS="1538" WIDTH="73" HEIGHT="45" CONTENT="für" WC="0.96" CC="803"/>
						<SP ID="P6_SP00466" HPOS="2474" VPOS="1599" WIDTH="23"/>
						<String ID="P6_ST00538" HPOS="2497" VPOS="1536" WIDTH="84" HEIGHT="49" CONTENT="den" WC="0.95" CC="058"/>
						<SP ID="P6_SP00467" HPOS="2581" VPOS="1599" WIDTH="26"/>
						<String ID="P6_ST00539" HPOS="2607" VPOS="1539" WIDTH="152" HEIGHT="46" CONTENT="Sturm" WC="0.97" CC="50609"/>
						<SP ID="P6_SP00468" HPOS="2759" VPOS="1599" WIDTH="24"/>
						<String ID="P6_ST00540" HPOS="2783" VPOS="1555" WIDTH="84" HEIGHT="31" CONTENT="von" WC="0.96" CC="036"/>
						<SP ID="P6_SP00469" HPOS="2867" VPOS="1599" WIDTH="23"/>
						<String ID="P6_ST00541" HPOS="2890" VPOS="1539" WIDTH="388" HEIGHT="65" CONTENT="Empfindungen," WC="0.99" CC="5090080769603"/>
					</TextLine>
					<TextLine ID="P6_TL00069" HPOS="1775" VPOS="1609" WIDTH="1503" HEIGHT="68">
						<String ID="P6_ST00542" HPOS="1775" VPOS="1609" WIDTH="80" HEIGHT="48" CONTENT="der" WC="0.99" CC="001"/>
						<SP ID="P6_SP00470" HPOS="1855" VPOS="1657" WIDTH="26"/>
						<String ID="P6_ST00543" HPOS="1881" VPOS="1610" WIDTH="42" HEIGHT="47" CONTENT="in" WC="0.58" CC="16"/>
						<SP ID="P6_SP00471" HPOS="1923" VPOS="1657" WIDTH="29"/>
						<String ID="P6_ST00544" HPOS="1952" VPOS="1611" WIDTH="93" HEIGHT="47" CONTENT="ihm" WC="0.93" CC="539"/>
						<SP ID="P6_SP00472" HPOS="2045" VPOS="1658" WIDTH="29"/>
						<String ID="P6_ST00545" HPOS="2074" VPOS="1613" WIDTH="111" HEIGHT="47" CONTENT="tobt." WC="0.96" CC="56674"/>
						<SP ID="P6_SP00473" HPOS="2185" VPOS="1660" WIDTH="30"/>
						<String ID="P6_ST00546" HPOS="2215" VPOS="1614" WIDTH="127" HEIGHT="47" CONTENT="Noch" WC="0.97" CC="0407"/>
						<SP ID="P6_SP00474" HPOS="2342" VPOS="1661" WIDTH="24"/>
						<String ID="P6_ST00547" HPOS="2366" VPOS="1614" WIDTH="308" HEIGHT="63" CONTENT="ergreifender" WC="0.99" CC="009700848602"/>
						<SP ID="P6_SP00475" HPOS="2674" VPOS="1677" WIDTH="26"/>
						<String ID="P6_ST00548" HPOS="2700" VPOS="1615" WIDTH="55" HEIGHT="46" CONTENT="ist" WC="0.92" CC="768"/>
						<SP ID="P6_SP00476" HPOS="2755" VPOS="1677" WIDTH="22"/>
						<String ID="P6_ST00549" HPOS="2777" VPOS="1614" WIDTH="71" HEIGHT="48" CONTENT="die" WC="1.00" CC="000"/>
						<SP ID="P6_SP00477" HPOS="2848" VPOS="1677" WIDTH="23"/>
						<String ID="P6_ST00550" HPOS="2871" VPOS="1615" WIDTH="141" HEIGHT="47" CONTENT="herbe" WC="0.98" CC="60073"/>
						<SP ID="P6_SP00478" HPOS="3012" VPOS="1677" WIDTH="25"/>
						<String ID="P6_ST00551" HPOS="3037" VPOS="1616" WIDTH="215" HEIGHT="47" CONTENT="Verzweif" SUBS_TYPE="HypPart1" SUBS_CONTENT="Verzweiflung" WC="0.99" CC="07050058"/>
						<HYP HPOS="3252" VPOS="1616" WIDTH="26" CONTENT="-"/>
					</TextLine>
					<TextLine ID="P6_TL00070" HPOS="1773" VPOS="1685" WIDTH="1503" HEIGHT="69">
						<String ID="P6_ST00552" HPOS="1773" VPOS="1686" WIDTH="110" HEIGHT="63" CONTENT="lung" SUBS_TYPE="HypPart2" SUBS_CONTENT="Verzweiflung" WC="0.98" CC="0360"/>
						<SP ID="P6_SP00479" HPOS="1883" VPOS="1749" WIDTH="28"/>
						<String ID="P6_ST00553" HPOS="1911" VPOS="1685" WIDTH="80" HEIGHT="48" CONTENT="der" WC="0.96" CC="009"/>
						<SP ID="P6_SP00480" HPOS="1991" VPOS="1749" WIDTH="29"/>
						<String ID="P6_ST00554" HPOS="2020" VPOS="1689" WIDTH="180" HEIGHT="47" CONTENT="Mutter." WC="0.98" CC="0866000"/>
						<SP ID="P6_SP00481" HPOS="2200" VPOS="1749" WIDTH="48"/>
						<String ID="P6_ST00555" HPOS="2248" VPOS="1689" WIDTH="127" HEIGHT="48" CONTENT="Aber" WC="0.97" CC="0645"/>
						<SP ID="P6_SP00482" HPOS="2375" VPOS="1749" WIDTH="27"/>
						<String ID="P6_ST00556" HPOS="2402" VPOS="1689" WIDTH="164" HEIGHT="65" CONTENT="Jephta" WC="0.43" CC="057777"/>
						<SP ID="P6_SP00483" HPOS="2566" VPOS="1754" WIDTH="42"/>
						<String ID="P6_ST00557" HPOS="2608" VPOS="1690" WIDTH="53" HEIGHT="47" CONTENT="ist" WC="0.95" CC="390"/>
						<SP ID="P6_SP00484" HPOS="2661" VPOS="1754" WIDTH="37"/>
						<String ID="P6_ST00558" HPOS="2698" VPOS="1690" WIDTH="316" HEIGHT="56" CONTENT="entschlossen," WC="0.99" CC="5600047270040"/>
						<SP ID="P6_SP00485" HPOS="3014" VPOS="1754" WIDTH="41"/>
						<String ID="P6_ST00559" HPOS="3055" VPOS="1691" WIDTH="99" HEIGHT="47" CONTENT="dem" WC="0.99" CC="020"/>
						<SP ID="P6_SP00486" HPOS="3154" VPOS="1754" WIDTH="34"/>
						<String ID="P6_ST00560" HPOS="3188" VPOS="1694" WIDTH="59" HEIGHT="46" CONTENT="Ge" SUBS_TYPE="HypPart1" SUBS_CONTENT="Gelübde" WC="0.97" CC="07"/>
						<HYP HPOS="3247" VPOS="1694" WIDTH="29" CONTENT="-"/>
					</TextLine>
					<TextLine ID="P6_TL00071" HPOS="1772" VPOS="1761" WIDTH="1505" HEIGHT="60">
						<String ID="P6_ST00561" HPOS="1772" VPOS="1761" WIDTH="137" HEIGHT="48" CONTENT="lübde" SUBS_TYPE="HypPart2" SUBS_CONTENT="Gelübde" WC="0.98" CC="09700"/>
						<SP ID="P6_SP00487" HPOS="1909" VPOS="1809" WIDTH="28"/>
						<String ID="P6_ST00562" HPOS="1937" VPOS="1770" WIDTH="99" HEIGHT="41" CONTENT="treu" WC="0.96" CC="6073"/>
						<SP ID="P6_SP00488" HPOS="2036" VPOS="1811" WIDTH="29"/>
						<String ID="P6_ST00563" HPOS="2065" VPOS="1782" WIDTH="51" HEIGHT="29" CONTENT="zu" WC="0.45" CC="45"/>
						<SP ID="P6_SP00489" HPOS="2116" VPOS="1811" WIDTH="32"/>
						<String ID="P6_ST00564" HPOS="2148" VPOS="1764" WIDTH="196" HEIGHT="57" CONTENT="bleiben," WC="0.98" CC="70406780"/>
						<SP ID="P6_SP00490" HPOS="2344" VPOS="1821" WIDTH="38"/>
						<String ID="P6_ST00565" HPOS="2382" VPOS="1765" WIDTH="91" HEIGHT="48" CONTENT="und" WC="0.95" CC="570"/>
						<SP ID="P6_SP00491" HPOS="2473" VPOS="1821" WIDTH="34"/>
						<String ID="P6_ST00566" HPOS="2507" VPOS="1766" WIDTH="44" HEIGHT="46" CONTENT="in" WC="0.65" CC="06"/>
						<SP ID="P6_SP00492" HPOS="2551" VPOS="1821" WIDTH="40"/>
						<String ID="P6_ST00567" HPOS="2591" VPOS="1765" WIDTH="102" HEIGHT="48" CONTENT="dem" WC="0.96" CC="009"/>
						<SP ID="P6_SP00493" HPOS="2693" VPOS="1821" WIDTH="43"/>
						<String ID="P6_ST00568" HPOS="2736" VPOS="1766" WIDTH="271" HEIGHT="49" CONTENT="berühmten" WC="0.98" CC="704370697"/>
						<SP ID="P6_SP00494" HPOS="3007" VPOS="1821" WIDTH="30"/>
						<String ID="P6_ST00569" HPOS="3037" VPOS="1769" WIDTH="240" HEIGHT="47" CONTENT="Recitativ:" WC="0.54" CC="7648097001"/>
					</TextLine>
					<TextLine ID="P6_TL00072" HPOS="1771" VPOS="1837" WIDTH="1506" HEIGHT="70">
						<String ID="P6_ST00570" HPOS="1771" VPOS="1837" WIDTH="184" HEIGHT="66" CONTENT="Deeper" WC="0.89" CC="510000" STYLEREFS="TXT_2"/>
						<SP ID="P6_SP00495" HPOS="1955" VPOS="1903" WIDTH="34"/>
						<String ID="P6_ST00571" HPOS="1989" VPOS="1840" WIDTH="97" HEIGHT="48" CONTENT="and" WC="1.00" CC="000" STYLEREFS="TXT_2"/>
						<SP ID="P6_SP00496" HPOS="2086" VPOS="1903" WIDTH="23"/>
						<String ID="P6_ST00572" HPOS="2109" VPOS="1840" WIDTH="176" HEIGHT="67" CONTENT="deeper," WC="0.80" CC="0000741" STYLEREFS="TXT_2"/>
						<SP ID="P6_SP00497" HPOS="2285" VPOS="1907" WIDTH="43"/>
						<String ID="P6_ST00573" HPOS="2328" VPOS="1841" WIDTH="112" HEIGHT="47" CONTENT="wird" WC="0.99" CC="0040"/>
						<SP ID="P6_SP00498" HPOS="2440" VPOS="1907" WIDTH="37"/>
						<String ID="P6_ST00574" HPOS="2477" VPOS="1841" WIDTH="145" HEIGHT="49" CONTENT="dieser" WC="0.99" CC="004630"/>
						<SP ID="P6_SP00499" HPOS="2622" VPOS="1907" WIDTH="35"/>
						<String ID="P6_ST00575" HPOS="2657" VPOS="1843" WIDTH="79" HEIGHT="47" CONTENT="der" WC="0.95" CC="066"/>
						<SP ID="P6_SP00500" HPOS="2736" VPOS="1907" WIDTH="29"/>
						<String ID="P6_ST00576" HPOS="2765" VPOS="1844" WIDTH="221" HEIGHT="63" CONTENT="innigsten" WC="0.98" CC="777008638"/>
						<SP ID="P6_SP00501" HPOS="2986" VPOS="1907" WIDTH="31"/>
						<String ID="P6_ST00577" HPOS="3017" VPOS="1845" WIDTH="260" HEIGHT="47" CONTENT="Väterliche" WC="0.99" CC="0094802770"/>
					</TextLine>
					<TextLine ID="P6_TL00073" HPOS="1772" VPOS="1915" WIDTH="1501" HEIGHT="68">
						<String ID="P6_ST00578" HPOS="1772" VPOS="1915" WIDTH="203" HEIGHT="48" CONTENT="mühsam" WC="0.98" CC="008090"/>
						<SP ID="P6_SP00502" HPOS="1975" VPOS="1963" WIDTH="46"/>
						<String ID="P6_ST00579" HPOS="2021" VPOS="1916" WIDTH="324" HEIGHT="66" CONTENT="abgerungene" WC="0.98" CC="97950580471"/>
						<SP ID="P6_SP00503" HPOS="2345" VPOS="1982" WIDTH="28"/>
						<String ID="P6_ST00580" HPOS="2373" VPOS="1920" WIDTH="261" HEIGHT="46" CONTENT="Entschluss" WC="0.54" CC="0870070894"/>
						<SP ID="P6_SP00504" HPOS="2634" VPOS="1982" WIDTH="37"/>
						<String ID="P6_ST00581" HPOS="2671" VPOS="1920" WIDTH="375" HEIGHT="63" CONTENT="ausgesprochen." WC="0.99" CC="04706692246470"/>
						<SP ID="P6_SP00505" HPOS="3046" VPOS="1983" WIDTH="43"/>
						<String ID="P6_ST00582" HPOS="3089" VPOS="1921" WIDTH="108" HEIGHT="46" CONTENT="Dies" WC="0.95" CC="9083"/>
						<SP ID="P6_SP00506" HPOS="3197" VPOS="1983" WIDTH="28"/>
						<String ID="P6_ST00583" HPOS="3225" VPOS="1923" WIDTH="48" HEIGHT="45" CONTENT="ist" WC="0.97" CC="070"/>
					</TextLine>
					<TextLine ID="P6_TL00074" HPOS="1770" VPOS="1991" WIDTH="1506" HEIGHT="71">
						<String ID="P6_ST00584" HPOS="1770" VPOS="1991" WIDTH="80" HEIGHT="47" CONTENT="das" WC="1.00" CC="000"/>
						<SP ID="P6_SP00507" HPOS="1850" VPOS="2038" WIDTH="26"/>
						<String ID="P6_ST00585" HPOS="1876" VPOS="1994" WIDTH="233" HEIGHT="54" CONTENT="Recitativ," WC="0.84" CC="9000600000"/>
						<SP ID="P6_SP00508" HPOS="2109" VPOS="2048" WIDTH="29"/>
						<String ID="P6_ST00586" HPOS="2138" VPOS="2010" WIDTH="79" HEIGHT="32" CONTENT="vor" WC="0.96" CC="350"/>
						<SP ID="P6_SP00509" HPOS="2217" VPOS="2048" WIDTH="28"/>
						<String ID="P6_ST00587" HPOS="2245" VPOS="1994" WIDTH="100" HEIGHT="48" CONTENT="dem" WC="0.93" CC="099"/>
						<SP ID="P6_SP00510" HPOS="2345" VPOS="2048" WIDTH="32"/>
						<String ID="P6_ST00588" HPOS="2377" VPOS="1995" WIDTH="111" HEIGHT="47" CONTENT="einst" WC="0.99" CC="40510"/>
						<SP ID="P6_SP00511" HPOS="2488" VPOS="2048" WIDTH="21"/>
						<String ID="P6_ST00589" HPOS="2509" VPOS="1995" WIDTH="165" HEIGHT="65" CONTENT="Haydn" WC="0.59" CC="54505"/>
						<SP ID="P6_SP00512" HPOS="2674" VPOS="2060" WIDTH="29"/>
						<String ID="P6_ST00590" HPOS="2703" VPOS="1996" WIDTH="119" HEIGHT="47" CONTENT="seine" WC="0.98" CC="40080"/>
						<SP ID="P6_SP00513" HPOS="2822" VPOS="2060" WIDTH="23"/>
						<String ID="P6_ST00591" HPOS="2845" VPOS="1996" WIDTH="353" HEIGHT="66" CONTENT="Bewunderung" WC="0.99" CC="73036029670"/>
						<SP ID="P6_SP00514" HPOS="3198" VPOS="2062" WIDTH="30"/>
						<String ID="P6_ST00592" HPOS="3228" VPOS="2015" WIDTH="48" HEIGHT="31" CONTENT="so" WC="0.25" CC="77"/>
					</TextLine>
					<TextLine ID="P6_TL00075" HPOS="1768" VPOS="2069" WIDTH="1507" HEIGHT="67">
						<String ID="P6_ST00593" HPOS="1768" VPOS="2069" WIDTH="99" HEIGHT="47" CONTENT="naiv" WC="0.98" CC="4600"/>
						<SP ID="P6_SP00515" HPOS="1867" VPOS="2116" WIDTH="30"/>
						<String ID="P6_ST00594" HPOS="1897" VPOS="2069" WIDTH="271" HEIGHT="49" CONTENT="ausdrückte" WC="0.98" CC="6760963004"/>
						<SP ID="P6_SP00516" HPOS="2168" VPOS="2118" WIDTH="31"/>
						<String ID="P6_ST00595" HPOS="2199" VPOS="2071" WIDTH="278" HEIGHT="62" CONTENT="(Schölcher," WC="0.69" CC="26270445000"/>
						<SP ID="P6_SP00517" HPOS="2477" VPOS="2133" WIDTH="23"/>
						<String ID="P6_ST00596" HPOS="2500" VPOS="2070" WIDTH="143" HEIGHT="66" CONTENT="392)," WC="0.38" CC="95770"/>
						<SP ID="P6_SP00518" HPOS="2643" VPOS="2136" WIDTH="31"/>
						<String ID="P6_ST00597" HPOS="2674" VPOS="2071" WIDTH="89" HEIGHT="47" CONTENT="und" WC="0.94" CC="860"/>
						<SP ID="P6_SP00519" HPOS="2763" VPOS="2136" WIDTH="23"/>
						<String ID="P6_ST00598" HPOS="2786" VPOS="2072" WIDTH="43" HEIGHT="47" CONTENT="in" WC="0.75" CC="04"/>
						<SP ID="P6_SP00520" HPOS="2829" VPOS="2136" WIDTH="24"/>
						<String ID="P6_ST00599" HPOS="2853" VPOS="2072" WIDTH="80" HEIGHT="47" CONTENT="der" WC="0.93" CC="934"/>
						<SP ID="P6_SP00521" HPOS="2933" VPOS="2136" WIDTH="23"/>
						<String ID="P6_ST00600" HPOS="2956" VPOS="2074" WIDTH="117" HEIGHT="48" CONTENT="That" WC="0.80" CC="0124"/>
						<SP ID="P6_SP00522" HPOS="3073" VPOS="2136" WIDTH="24"/>
						<String ID="P6_ST00601" HPOS="3097" VPOS="2075" WIDTH="178" HEIGHT="48" CONTENT="möchte" WC="0.97" CC="166277"/>
					</TextLine>
					<TextLine ID="P6_TL00076" HPOS="1768" VPOS="2145" WIDTH="1509" HEIGHT="53">
						<String ID="P6_ST00602" HPOS="1768" VPOS="2161" WIDTH="46" HEIGHT="31" CONTENT="es" WC="0.64" CC="51"/>
						<SP ID="P6_SP00523" HPOS="1814" VPOS="2192" WIDTH="36"/>
						<String ID="P6_ST00603" HPOS="1850" VPOS="2145" WIDTH="137" HEIGHT="48" CONTENT="selbst" WC="0.98" CC="570406"/>
						<SP ID="P6_SP00524" HPOS="1987" VPOS="2193" WIDTH="40"/>
						<String ID="P6_ST00604" HPOS="2027" VPOS="2146" WIDTH="70" HEIGHT="47" CONTENT="bei" WC="0.96" CC="622"/>
						<SP ID="P6_SP00525" HPOS="2097" VPOS="2193" WIDTH="40"/>
						<String ID="P6_ST00605" HPOS="2137" VPOS="2147" WIDTH="175" HEIGHT="49" CONTENT="Händel" WC="0.97" CC="898006"/>
						<SP ID="P6_SP00526" HPOS="2312" VPOS="2196" WIDTH="44"/>
						<String ID="P6_ST00606" HPOS="2356" VPOS="2149" WIDTH="124" HEIGHT="47" CONTENT="nicht" WC="0.97" CC="80445"/>
						<SP ID="P6_SP00527" HPOS="2480" VPOS="2196" WIDTH="40"/>
						<String ID="P6_ST00607" HPOS="2520" VPOS="2150" WIDTH="108" HEIGHT="46" CONTENT="viele" WC="0.98" CC="00607"/>
						<SP ID="P6_SP00528" HPOS="2628" VPOS="2196" WIDTH="42"/>
						<String ID="P6_ST00608" HPOS="2670" VPOS="2150" WIDTH="142" HEIGHT="46" CONTENT="seines" WC="0.97" CC="910764"/>
						<SP ID="P6_SP00529" HPOS="2812" VPOS="2196" WIDTH="42"/>
						<String ID="P6_ST00609" HPOS="2854" VPOS="2150" WIDTH="214" HEIGHT="47" CONTENT="Gleichen" WC="0.98" CC="63427607"/>
						<SP ID="P6_SP00530" HPOS="3068" VPOS="2197" WIDTH="43"/>
						<String ID="P6_ST00610" HPOS="3111" VPOS="2150" WIDTH="166" HEIGHT="48" CONTENT="finden." WC="0.98" CC="0080674"/>
					</TextLine>
					<TextLine ID="P6_TL00077" HPOS="1770" VPOS="2220" WIDTH="1505" HEIGHT="70">
						<String ID="P6_ST00611" HPOS="1770" VPOS="2220" WIDTH="108" HEIGHT="47" CONTENT="Wie" WC="0.96" CC="055"/>
						<SP ID="P6_SP00531" HPOS="1878" VPOS="2267" WIDTH="27"/>
						<String ID="P6_ST00612" HPOS="1905" VPOS="2221" WIDTH="111" HEIGHT="47" CONTENT="trifft" WC="0.98" CC="040449"/>
						<SP ID="P6_SP00532" HPOS="2016" VPOS="2268" WIDTH="28"/>
						<String ID="P6_ST00613" HPOS="2044" VPOS="2221" WIDTH="56" HEIGHT="48" CONTENT="da" WC="0.50" CC="90"/>
						<SP ID="P6_SP00533" HPOS="2100" VPOS="2269" WIDTH="24"/>
						<String ID="P6_ST00614" HPOS="2124" VPOS="2222" WIDTH="128" HEIGHT="64" CONTENT="jeder" WC="0.99" CC="07020"/>
						<SP ID="P6_SP00534" HPOS="2252" VPOS="2286" WIDTH="22"/>
						<String ID="P6_ST00615" HPOS="2274" VPOS="2225" WIDTH="118" HEIGHT="46" CONTENT="Laut" WC="0.98" CC="6300"/>
						<SP ID="P6_SP00535" HPOS="2392" VPOS="2286" WIDTH="21"/>
						<String ID="P6_ST00616" HPOS="2413" VPOS="2224" WIDTH="155" HEIGHT="47" CONTENT="mitten" WC="1.00" CC="000005"/>
						<SP ID="P6_SP00536" HPOS="2568" VPOS="2286" WIDTH="31"/>
						<String ID="P6_ST00617" HPOS="2599" VPOS="2225" WIDTH="42" HEIGHT="46" CONTENT="in" WC="0.67" CC="06"/>
						<SP ID="P6_SP00537" HPOS="2641" VPOS="2286" WIDTH="32"/>
						<String ID="P6_ST00618" HPOS="2673" VPOS="2224" WIDTH="69" HEIGHT="47" CONTENT="die" WC="0.98" CC="006"/>
						<SP ID="P6_SP00538" HPOS="2742" VPOS="2286" WIDTH="23"/>
						<String ID="P6_ST00619" HPOS="2765" VPOS="2225" WIDTH="310" HEIGHT="65" CONTENT="Empfindung" WC="0.98" CC="7902269730"/>
						<SP ID="P6_SP00539" HPOS="3075" VPOS="2290" WIDTH="29"/>
						<String ID="P6_ST00620" HPOS="3104" VPOS="2226" WIDTH="171" HEIGHT="47" CONTENT="hinein!" WC="0.98" CC="6084083"/>
					</TextLine>
					<TextLine ID="P6_TL00078" HPOS="1767" VPOS="2296" WIDTH="842" HEIGHT="65">
						<String ID="P6_ST00621" HPOS="1767" VPOS="2296" WIDTH="97" HEIGHT="47" CONTENT="Auf" WC="0.94" CC="088"/>
						<SP ID="P6_SP00540" HPOS="1864" VPOS="2343" WIDTH="31"/>
						<String ID="P6_ST00622" HPOS="1895" VPOS="2296" WIDTH="69" HEIGHT="48" CONTENT="die" WC="0.98" CC="004"/>
						<SP ID="P6_SP00541" HPOS="1964" VPOS="2344" WIDTH="43"/>
						<String ID="P6_ST00623" HPOS="2007" VPOS="2298" WIDTH="377" HEIGHT="63" CONTENT="abgebrochenen" WC="0.99" CC="9690702575806"/>
						<SP ID="P6_SP00542" HPOS="2384" VPOS="2361" WIDTH="32"/>
						<String ID="P6_ST00624" HPOS="2416" VPOS="2301" WIDTH="193" HEIGHT="46" CONTENT="Worte:" WC="0.98" CC="053700"/>
						<SP ID="P6_SP00543" HPOS="2609" VPOS="2361" WIDTH="0"/>
					</TextLine>
					<TextLine ID="P6_TL00079" HPOS="1782" VPOS="2376" WIDTH="1491" HEIGHT="66">
						<String ID="P6_ST00625" HPOS="1782" VPOS="2389" WIDTH="88" HEIGHT="31" CONTENT="can" WC="0.59" CC="506" STYLEREFS="TXT_2"/>
						<SP ID="P6_SP00544" HPOS="1870" VPOS="2420" WIDTH="94"/>
						<String ID="P6_ST00626" HPOS="1964" VPOS="2390" WIDTH="135" HEIGHT="42" CONTENT="nomore," WC="0.46" CC="3849460" STYLEREFS="TXT_2"/>
						<SP ID="P6_SP00545" HPOS="2099" VPOS="2432" WIDTH="43"/>
						<String ID="P6_ST00627" HPOS="2142" VPOS="2377" WIDTH="77" HEIGHT="46" CONTENT="mit" WC="0.98" CC="023"/>
						<SP ID="P6_SP00546" HPOS="2219" VPOS="2432" WIDTH="29"/>
						<String ID="P6_ST00628" HPOS="2248" VPOS="2376" WIDTH="143" HEIGHT="48" CONTENT="denen" WC="0.97" CC="04747"/>
						<SP ID="P6_SP00547" HPOS="2391" VPOS="2432" WIDTH="30"/>
						<String ID="P6_ST00629" HPOS="2421" VPOS="2377" WIDTH="165" HEIGHT="64" CONTENT="Jephta" WC="0.71" CC="770100"/>
						<SP ID="P6_SP00548" HPOS="2586" VPOS="2441" WIDTH="37"/>
						<String ID="P6_ST00630" HPOS="2623" VPOS="2377" WIDTH="216" HEIGHT="56" CONTENT="schliesst," WC="0.71" CC="3070030760"/>
						<SP ID="P6_SP00549" HPOS="2839" VPOS="2441" WIDTH="41"/>
						<String ID="P6_ST00631" HPOS="2880" VPOS="2378" WIDTH="110" HEIGHT="64" CONTENT="folgt" WC="0.96" CC="67390"/>
						<SP ID="P6_SP00550" HPOS="2990" VPOS="2442" WIDTH="28"/>
						<String ID="P6_ST00632" HPOS="3018" VPOS="2378" WIDTH="79" HEIGHT="49" CONTENT="der" WC="0.98" CC="005"/>
						<SP ID="P6_SP00551" HPOS="3097" VPOS="2442" WIDTH="31"/>
						<String ID="P6_ST00633" HPOS="3128" VPOS="2380" WIDTH="145" HEIGHT="47" CONTENT="Chor:" WC="0.97" CC="30690"/>
					</TextLine>
					<TextLine ID="P6_TL00080" HPOS="1781" VPOS="2448" WIDTH="1491" HEIGHT="60">
						<String ID="P6_ST00634" HPOS="1781" VPOS="2448" WIDTH="264" HEIGHT="60" CONTENT="lloivdarlc," WC="0.56" CC="54545060662" STYLEREFS="TXT_2"/>
						<SP ID="P6_SP00552" HPOS="2045" VPOS="2508" WIDTH="349"/>
						<String ID="P6_ST00635" HPOS="2394" VPOS="2467" WIDTH="25" HEIGHT="31" CONTENT="o" WC="0.72" CC="2" STYLEREFS="TXT_2"/>
						<SP ID="P6_SP00553" HPOS="2419" VPOS="2508" WIDTH="76"/>
						<String ID="P6_ST00636" HPOS="2495" VPOS="2452" WIDTH="131" HEIGHT="48" CONTENT="Lord" WC="0.98" CC="0601" STYLEREFS="TXT_2"/>
						<SP ID="P6_SP00554" HPOS="2626" VPOS="2508" WIDTH="-308"/>
						<String ID="P6_ST00637" HPOS="2318" VPOS="2480" WIDTH="14" HEIGHT="6" CONTENT="-" WC="0.51" CC="4"/>
						<SP ID="P6_SP00555" HPOS="2626" VPOS="2508" WIDTH="-272"/>
						<String ID="P6_ST00638" HPOS="2354" VPOS="2453" WIDTH="118" HEIGHT="47" CONTENT="wohl" WC="0.97" CC="0570"/>
						<SP ID="P6_SP00556" HPOS="2626" VPOS="2508" WIDTH="-122"/>
						<String ID="P6_ST00639" HPOS="2504" VPOS="2452" WIDTH="71" HEIGHT="48" CONTENT="die" WC="0.97" CC="052"/>
						<SP ID="P6_SP00557" HPOS="2626" VPOS="2508" WIDTH="-22"/>
						<String ID="P6_ST00640" HPOS="2604" VPOS="2453" WIDTH="130" HEIGHT="47" CONTENT="Perle" WC="0.97" CC="03087"/>
						<SP ID="P6_SP00558" HPOS="2734" VPOS="2508" WIDTH="31"/>
						<String ID="P6_ST00641" HPOS="2765" VPOS="2453" WIDTH="76" HEIGHT="49" CONTENT="des" WC="0.95" CC="806"/>
						<SP ID="P6_SP00559" HPOS="2841" VPOS="2508" WIDTH="32"/>
						<String ID="P6_ST00642" HPOS="2873" VPOS="2455" WIDTH="195" HEIGHT="48" CONTENT="Ganzen." WC="0.97" CC="0976480"/>
						<SP ID="P6_SP00560" HPOS="3068" VPOS="2508" WIDTH="45"/>
						<String ID="P6_ST00643" HPOS="3113" VPOS="2457" WIDTH="46" HEIGHT="45" CONTENT="In" WC="0.20" CC="78"/>
						<SP ID="P6_SP00561" HPOS="3159" VPOS="2508" WIDTH="32"/>
						<String ID="P6_ST00644" HPOS="3191" VPOS="2455" WIDTH="54" HEIGHT="47" CONTENT="dü" SUBS_TYPE="HypPart1" SUBS_CONTENT="düsteren" WC="0.96" CC="90"/>
						<HYP HPOS="3245" VPOS="2455" WIDTH="27" CONTENT="-"/>
					</TextLine>
					<TextLine ID="P6_TL00081" HPOS="1765" VPOS="2527" WIDTH="1510" HEIGHT="66">
						<String ID="P6_ST00645" HPOS="1765" VPOS="2532" WIDTH="147" HEIGHT="41" CONTENT="steren" SUBS_TYPE="HypPart2" SUBS_CONTENT="düsteren" WC="0.98" CC="370057"/>
						<SP ID="P6_SP00562" HPOS="1912" VPOS="2573" WIDTH="25"/>
						<String ID="P6_ST00646" HPOS="1937" VPOS="2527" WIDTH="155" HEIGHT="48" CONTENT="Tönen" WC="0.97" CC="30807"/>
						<SP ID="P6_SP00563" HPOS="2092" VPOS="2575" WIDTH="29"/>
						<String ID="P6_ST00647" HPOS="2121" VPOS="2530" WIDTH="167" HEIGHT="63" CONTENT="spricht" WC="0.99" CC="0044470"/>
						<SP ID="P6_SP00564" HPOS="2288" VPOS="2593" WIDTH="28"/>
						<String ID="P6_ST00648" HPOS="2316" VPOS="2530" WIDTH="90" HEIGHT="47" CONTENT="sich" WC="0.97" CC="6007"/>
						<SP ID="P6_SP00565" HPOS="2406" VPOS="2593" WIDTH="32"/>
						<String ID="P6_ST00649" HPOS="2438" VPOS="2528" WIDTH="69" HEIGHT="49" CONTENT="die" WC="0.96" CC="027"/>
						<SP ID="P6_SP00566" HPOS="2507" VPOS="2593" WIDTH="25"/>
						<String ID="P6_ST00650" HPOS="2532" VPOS="2531" WIDTH="143" HEIGHT="62" CONTENT="Klage" WC="0.97" CC="32097"/>
						<SP ID="P6_SP00567" HPOS="2675" VPOS="2593" WIDTH="31"/>
						<String ID="P6_ST00651" HPOS="2706" VPOS="2546" WIDTH="95" HEIGHT="41" CONTENT="aus," WC="0.96" CC="7750"/>
						<SP ID="P6_SP00568" HPOS="2801" VPOS="2593" WIDTH="33"/>
						<String ID="P6_ST00652" HPOS="2834" VPOS="2531" WIDTH="82" HEIGHT="46" CONTENT="wie" WC="0.98" CC="005"/>
						<SP ID="P6_SP00569" HPOS="2916" VPOS="2593" WIDTH="31"/>
						<String ID="P6_ST00653" HPOS="2947" VPOS="2531" WIDTH="328" HEIGHT="49" CONTENT="freudenvoller" WC="0.99" CC="7009006704769"/>
					</TextLine>
					<TextLine ID="P6_TL00082" HPOS="1766" VPOS="2603" WIDTH="1505" HEIGHT="68">
						<String ID="P6_ST00654" HPOS="1766" VPOS="2603" WIDTH="219" HEIGHT="64" CONTENT="Triumph" WC="0.98" CC="0907097"/>
						<SP ID="P6_SP00570" HPOS="1985" VPOS="2667" WIDTH="53"/>
						<String ID="P6_ST00655" HPOS="2038" VPOS="2606" WIDTH="90" HEIGHT="47" CONTENT="sich" WC="0.98" CC="4005"/>
						<SP ID="P6_SP00571" HPOS="2128" VPOS="2667" WIDTH="48"/>
						<String ID="P6_ST00656" HPOS="2176" VPOS="2606" WIDTH="39" HEIGHT="47" CONTENT="in" WC="0.86" CC="02"/>
						<SP ID="P6_SP00572" HPOS="2215" VPOS="2667" WIDTH="44"/>
						<String ID="P6_ST00657" HPOS="2259" VPOS="2607" WIDTH="143" HEIGHT="64" CONTENT="Sorge" WC="0.96" CC="09592"/>
						<SP ID="P6_SP00573" HPOS="2402" VPOS="2671" WIDTH="37"/>
						<String ID="P6_ST00658" HPOS="2439" VPOS="2606" WIDTH="90" HEIGHT="48" CONTENT="und" WC="0.97" CC="070"/>
						<SP ID="P6_SP00574" HPOS="2529" VPOS="2671" WIDTH="43"/>
						<String ID="P6_ST00659" HPOS="2572" VPOS="2608" WIDTH="177" HEIGHT="46" CONTENT="Trauer" WC="0.98" CC="076400"/>
						<SP ID="P6_SP00575" HPOS="2749" VPOS="2671" WIDTH="40"/>
						<String ID="P6_ST00660" HPOS="2789" VPOS="2607" WIDTH="219" HEIGHT="56" CONTENT="wandelt;" WC="0.99" CC="00806002"/>
						<SP ID="P6_SP00576" HPOS="3008" VPOS="2671" WIDTH="44"/>
						<String ID="P6_ST00661" HPOS="3052" VPOS="2608" WIDTH="111" HEIGHT="49" CONTENT="aber" WC="0.95" CC="8750"/>
						<SP ID="P6_SP00577" HPOS="3163" VPOS="2671" WIDTH="29"/>
						<String ID="P6_ST00662" HPOS="3192" VPOS="2610" WIDTH="79" HEIGHT="47" CONTENT="das" WC="0.95" CC="057"/>
					</TextLine>
					<TextLine ID="P6_TL00083" HPOS="1766" VPOS="2679" WIDTH="1509" HEIGHT="70">
						<String ID="P6_ST00663" HPOS="1766" VPOS="2679" WIDTH="197" HEIGHT="47" CONTENT="Gemüth" WC="0.53" CC="640357"/>
						<SP ID="P6_SP00578" HPOS="1963" VPOS="2726" WIDTH="31"/>
						<String ID="P6_ST00664" HPOS="1994" VPOS="2679" WIDTH="79" HEIGHT="49" CONTENT="der" WC="0.95" CC="850"/>
						<SP ID="P6_SP00579" HPOS="2073" VPOS="2728" WIDTH="27"/>
						<String ID="P6_ST00665" HPOS="2100" VPOS="2682" WIDTH="265" HEIGHT="63" CONTENT="Klagenden" WC="0.99" CC="205020007"/>
						<SP ID="P6_SP00580" HPOS="2365" VPOS="2745" WIDTH="37"/>
						<String ID="P6_ST00666" HPOS="2402" VPOS="2682" WIDTH="161" HEIGHT="50" CONTENT="erhebt" WC="0.99" CC="040171"/>
						<SP ID="P6_SP00581" HPOS="2563" VPOS="2745" WIDTH="36"/>
						<String ID="P6_ST00667" HPOS="2599" VPOS="2685" WIDTH="89" HEIGHT="45" CONTENT="sich" WC="0.98" CC="1107"/>
						<SP ID="P6_SP00582" HPOS="2688" VPOS="2745" WIDTH="30"/>
						<String ID="P6_ST00668" HPOS="2718" VPOS="2701" WIDTH="79" HEIGHT="31" CONTENT="zur" WC="0.94" CC="653"/>
						<SP ID="P6_SP00583" HPOS="2797" VPOS="2745" WIDTH="27"/>
						<String ID="P6_ST00669" HPOS="2824" VPOS="2685" WIDTH="344" HEIGHT="64" CONTENT="Anerkennung" WC="0.99" CC="06502147069"/>
						<SP ID="P6_SP00584" HPOS="3168" VPOS="2749" WIDTH="29"/>
						<String ID="P6_ST00670" HPOS="3197" VPOS="2686" WIDTH="78" HEIGHT="47" CONTENT="des" WC="0.90" CC="979"/>
					</TextLine>
					<TextLine ID="P6_TL00084" HPOS="1765" VPOS="2756" WIDTH="1504" HEIGHT="62">
						<String ID="P6_ST00671" HPOS="1765" VPOS="2756" WIDTH="241" HEIGHT="62" CONTENT="göttlichen" WC="0.99" CC="0066000576"/>
						<SP ID="P6_SP00585" HPOS="2006" VPOS="2818" WIDTH="33"/>
						<String ID="P6_ST00672" HPOS="2039" VPOS="2757" WIDTH="228" HEIGHT="48" CONTENT="Waltens:" WC="0.98" CC="59770750"/>
						<SP ID="P6_SP00586" HPOS="2267" VPOS="2818" WIDTH="42"/>
						<String ID="P6_ST00673" HPOS="2309" VPOS="2759" WIDTH="145" HEIGHT="55" CONTENT="„Was" WC="0.96" CC="3096"/>
						<SP ID="P6_SP00587" HPOS="2454" VPOS="2818" WIDTH="29"/>
						<String ID="P6_ST00674" HPOS="2483" VPOS="2759" WIDTH="160" HEIGHT="47" CONTENT="immer" WC="0.97" CC="40904"/>
						<SP ID="P6_SP00588" HPOS="2643" VPOS="2818" WIDTH="28"/>
						<String ID="P6_ST00675" HPOS="2671" VPOS="2761" WIDTH="70" HEIGHT="54" CONTENT="ist," WC="0.96" CC="2970"/>
						<SP ID="P6_SP00589" HPOS="2741" VPOS="2818" WIDTH="28"/>
						<String ID="P6_ST00676" HPOS="2769" VPOS="2761" WIDTH="55" HEIGHT="45" CONTENT="ist" WC="0.97" CC="304"/>
						<SP ID="P6_SP00590" HPOS="2824" VPOS="2818" WIDTH="28"/>
						<String ID="P6_ST00677" HPOS="2852" VPOS="2761" WIDTH="172" HEIGHT="47" CONTENT='recht!"' WC="0.99" CC="4307500"/>
						<SP ID="P6_SP00591" HPOS="3024" VPOS="2818" WIDTH="50"/>
						<String ID="P6_ST00678" HPOS="3074" VPOS="2762" WIDTH="163" HEIGHT="47" CONTENT="Bewun" SUBS_TYPE="HypPart1" SUBS_CONTENT="Bewunderungswürdig" WC="0.97" CC="80988"/>
						<HYP HPOS="3237" VPOS="2762" WIDTH="32" CONTENT="-"/>
					</TextLine>
					<TextLine ID="P6_TL00085" HPOS="1763" VPOS="2832" WIDTH="1505" HEIGHT="68">
						<String ID="P6_ST00679" HPOS="1763" VPOS="2832" WIDTH="380" HEIGHT="66" CONTENT="derungswürdig" SUBS_TYPE="HypPart2" SUBS_CONTENT="Bewunderungswürdig" WC="1.00" CC="0202200700900"/>
						<SP ID="P6_SP00592" HPOS="2143" VPOS="2898" WIDTH="36"/>
						<String ID="P6_ST00680" HPOS="2179" VPOS="2836" WIDTH="53" HEIGHT="45" CONTENT="ist" WC="0.97" CC="080"/>
						<SP ID="P6_SP00593" HPOS="2232" VPOS="2898" WIDTH="35"/>
						<String ID="P6_ST00681" HPOS="2267" VPOS="2852" WIDTH="61" HEIGHT="40" CONTENT="es," WC="0.95" CC="570"/>
						<SP ID="P6_SP00594" HPOS="2328" VPOS="2898" WIDTH="41"/>
						<String ID="P6_ST00682" HPOS="2369" VPOS="2837" WIDTH="85" HEIGHT="46" CONTENT="wie" WC="0.98" CC="005"/>
						<SP ID="P6_SP00595" HPOS="2454" VPOS="2898" WIDTH="29"/>
						<String ID="P6_ST00683" HPOS="2483" VPOS="2836" WIDTH="177" HEIGHT="48" CONTENT="Händel" WC="0.98" CC="806001"/>
						<SP ID="P6_SP00596" HPOS="2660" VPOS="2898" WIDTH="30"/>
						<String ID="P6_ST00684" HPOS="2690" VPOS="2837" WIDTH="151" HEIGHT="47" CONTENT="diesen" WC="0.97" CC="906447"/>
						<SP ID="P6_SP00597" HPOS="2841" VPOS="2898" WIDTH="30"/>
						<String ID="P6_ST00685" HPOS="2871" VPOS="2855" WIDTH="111" HEIGHT="45" CONTENT="ganz" WC="0.97" CC="0083"/>
						<SP ID="P6_SP00598" HPOS="2982" VPOS="2900" WIDTH="31"/>
						<String ID="P6_ST00686" HPOS="3013" VPOS="2837" WIDTH="255" HEIGHT="49" CONTENT="abstracten" WC="0.55" CC="0566660048"/>
					</TextLine>
					<TextLine ID="P6_TL00086" HPOS="1763" VPOS="2909" WIDTH="1505" HEIGHT="68">
						<String ID="P6_ST00687" HPOS="1763" VPOS="2909" WIDTH="101" HEIGHT="47" CONTENT="Satz" WC="0.96" CC="4057"/>
						<SP ID="P6_SP00599" HPOS="1864" VPOS="2956" WIDTH="40"/>
						<String ID="P6_ST00688" HPOS="1904" VPOS="2909" WIDTH="187" HEIGHT="49" CONTENT="sinnlich" WC="0.99" CC="00072053"/>
						<SP ID="P6_SP00600" HPOS="2091" VPOS="2958" WIDTH="38"/>
						<String ID="P6_ST00689" HPOS="2129" VPOS="2912" WIDTH="210" HEIGHT="65" CONTENT="lebendig" WC="0.99" CC="24627000"/>
						<SP ID="P6_SP00601" HPOS="2339" VPOS="2977" WIDTH="43"/>
						<String ID="P6_ST00690" HPOS="2382" VPOS="2913" WIDTH="211" HEIGHT="62" CONTENT="gemacht" WC="0.99" CC="0600060"/>
						<SP ID="P6_SP00602" HPOS="2593" VPOS="2977" WIDTH="34"/>
						<String ID="P6_ST00691" HPOS="2627" VPOS="2913" WIDTH="91" HEIGHT="48" CONTENT="hat." WC="0.98" CC="4004"/>
						<SP ID="P6_SP00603" HPOS="2718" VPOS="2977" WIDTH="50"/>
						<String ID="P6_ST00692" HPOS="2768" VPOS="2916" WIDTH="94" HEIGHT="45" CONTENT="Das" WC="0.97" CC="700"/>
						<SP ID="P6_SP00604" HPOS="2862" VPOS="2977" WIDTH="240"/>
						<String ID="P6_ST00693" HPOS="3102" VPOS="2919" WIDTH="96" HEIGHT="44" CONTENT="tönt" WC="0.96" CC="6085"/>
						<SP ID="P6_SP00605" HPOS="3198" VPOS="2977" WIDTH="30"/>
						<String ID="P6_ST00694" HPOS="3228" VPOS="2917" WIDTH="40" HEIGHT="46" CONTENT="in" WC="0.51" CC="18"/>
					</TextLine>
					<TextLine ID="P6_TL00087" HPOS="1762" VPOS="2984" WIDTH="1509" HEIGHT="70">
						<String ID="P6_ST00695" HPOS="1762" VPOS="2984" WIDTH="71" HEIGHT="47" CONTENT="die" WC="0.99" CC="003"/>
						<SP ID="P6_SP00606" HPOS="1833" VPOS="3031" WIDTH="27"/>
						<String ID="P6_ST00696" HPOS="1860" VPOS="2986" WIDTH="150" HEIGHT="57" CONTENT="trübe," WC="1.00" CC="000200"/>
						<SP ID="P6_SP00607" HPOS="2010" VPOS="3043" WIDTH="28"/>
						<String ID="P6_ST00697" HPOS="2038" VPOS="2987" WIDTH="336" HEIGHT="49" CONTENT="vorwurfsvolle" WC="1.00" CC="0000670200060"/>
						<SP ID="P6_SP00608" HPOS="2374" VPOS="3043" WIDTH="22"/>
						<String ID="P6_ST00698" HPOS="2396" VPOS="2989" WIDTH="146" HEIGHT="64" CONTENT="Klage" WC="0.97" CC="01991"/>
						<SP ID="P6_SP00609" HPOS="2542" VPOS="3053" WIDTH="29"/>
						<String ID="P6_ST00699" HPOS="2571" VPOS="2988" WIDTH="80" HEIGHT="48" CONTENT="der" WC="1.00" CC="000"/>
						<SP ID="P6_SP00610" HPOS="2651" VPOS="3053" WIDTH="20"/>
						<String ID="P6_ST00700" HPOS="2671" VPOS="2989" WIDTH="245" HEIGHT="49" CONTENT="Menschen" WC="0.98" CC="15601707"/>
						<SP ID="P6_SP00611" HPOS="2916" VPOS="3053" WIDTH="32"/>
						<String ID="P6_ST00701" HPOS="2948" VPOS="2991" WIDTH="194" HEIGHT="63" CONTENT="mächtig" WC="0.99" CC="0006009"/>
						<SP ID="P6_SP00612" HPOS="3142" VPOS="3054" WIDTH="31"/>
						<String ID="P6_ST00702" HPOS="3173" VPOS="2992" WIDTH="74" HEIGHT="47" CONTENT="hin" SUBS_TYPE="HypPart1" SUBS_CONTENT="hinein," WC="0.96" CC="058"/>
						<HYP HPOS="3247" VPOS="2992" WIDTH="24" CONTENT="-"/>
					</TextLine>
					<TextLine ID="P6_TL00088" HPOS="1762" VPOS="3062" WIDTH="1507" HEIGHT="71">
						<String ID="P6_ST00703" HPOS="1762" VPOS="3062" WIDTH="86" HEIGHT="56" CONTENT="ein," SUBS_TYPE="HypPart2" SUBS_CONTENT="hinein," WC="0.99" CC="0060"/>
						<SP ID="P6_SP00613" HPOS="1848" VPOS="3118" WIDTH="33"/>
						<String ID="P6_ST00704" HPOS="1881" VPOS="3063" WIDTH="87" HEIGHT="47" CONTENT="wie" WC="0.98" CC="006"/>
						<SP ID="P6_SP00614" HPOS="1968" VPOS="3118" WIDTH="29"/>
						<String ID="P6_ST00705" HPOS="1997" VPOS="3064" WIDTH="70" HEIGHT="47" CONTENT="ein" WC="0.97" CC="006"/>
						<SP ID="P6_SP00615" HPOS="2067" VPOS="3118" WIDTH="42"/>
						<String ID="P6_ST00706" HPOS="2109" VPOS="3064" WIDTH="174" HEIGHT="57" CONTENT="Befehl," WC="0.98" CC="6480002"/>
						<SP ID="P6_SP00616" HPOS="2283" VPOS="3121" WIDTH="42"/>
						<String ID="P6_ST00707" HPOS="2325" VPOS="3064" WIDTH="80" HEIGHT="49" CONTENT="der" WC="0.99" CC="003"/>
						<SP ID="P6_SP00617" HPOS="2405" VPOS="3121" WIDTH="49"/>
						<String ID="P6_ST00708" HPOS="2454" VPOS="3066" WIDTH="159" HEIGHT="48" CONTENT="keinen" WC="0.99" CC="000701"/>
						<SP ID="P6_SP00618" HPOS="2613" VPOS="3121" WIDTH="43"/>
						<String ID="P6_ST00709" HPOS="2656" VPOS="3067" WIDTH="332" HEIGHT="65" CONTENT="Widerspruch" WC="0.99" CC="81020004456"/>
						<SP ID="P6_SP00619" HPOS="2988" VPOS="3132" WIDTH="50"/>
						<String ID="P6_ST00710" HPOS="3038" VPOS="3076" WIDTH="231" HEIGHT="57" CONTENT="gestattet;" WC="0.98" CC="9069060266"/>
					</TextLine>
					<TextLine ID="P6_TL00089" HPOS="1759" VPOS="3138" WIDTH="1509" HEIGHT="67">
						<String ID="P6_ST00711" HPOS="1759" VPOS="3138" WIDTH="93" HEIGHT="47" CONTENT="ihm" WC="0.97" CC="070"/>
						<SP ID="P6_SP00620" HPOS="1852" VPOS="3185" WIDTH="38"/>
						<String ID="P6_ST00712" HPOS="1890" VPOS="3139" WIDTH="90" HEIGHT="48" CONTENT="sich" WC="0.99" CC="4000"/>
						<SP ID="P6_SP00621" HPOS="1980" VPOS="3187" WIDTH="28"/>
						<String ID="P6_ST00713" HPOS="2008" VPOS="3158" WIDTH="51" HEIGHT="29" CONTENT="zu" WC="0.33" CC="85"/>
						<SP ID="P6_SP00622" HPOS="2059" VPOS="3187" WIDTH="32"/>
						<String ID="P6_ST00714" HPOS="2091" VPOS="3140" WIDTH="218" HEIGHT="65" CONTENT="ergeben," WC="0.99" CC="00037063"/>
						<SP ID="P6_SP00623" HPOS="2309" VPOS="3205" WIDTH="40"/>
						<String ID="P6_ST00715" HPOS="2349" VPOS="3143" WIDTH="54" HEIGHT="46" CONTENT="ist" WC="0.94" CC="472"/>
						<SP ID="P6_SP00624" HPOS="2403" VPOS="3205" WIDTH="33"/>
						<String ID="P6_ST00716" HPOS="2436" VPOS="3142" WIDTH="70" HEIGHT="48" CONTENT="die" WC="0.96" CC="037"/>
						<SP ID="P6_SP00625" HPOS="2506" VPOS="3205" WIDTH="28"/>
						<String ID="P6_ST00717" HPOS="2534" VPOS="3143" WIDTH="164" HEIGHT="47" CONTENT="Pflicht" WC="0.98" CC="0601660"/>
						<SP ID="P6_SP00626" HPOS="2698" VPOS="3205" WIDTH="39"/>
						<String ID="P6_ST00718" HPOS="2737" VPOS="3143" WIDTH="77" HEIGHT="48" CONTENT="des" WC="0.98" CC="060"/>
						<SP ID="P6_SP00627" HPOS="2814" VPOS="3205" WIDTH="29"/>
						<String ID="P6_ST00719" HPOS="2843" VPOS="3144" WIDTH="190" HEIGHT="49" CONTENT="Weisen" WC="1.00" CC="000002"/>
						<SP ID="P6_SP00628" HPOS="3033" VPOS="3205" WIDTH="38"/>
						<String ID="P6_ST00720" HPOS="3071" VPOS="3144" WIDTH="91" HEIGHT="49" CONTENT="und" WC="0.97" CC="510"/>
						<SP ID="P6_SP00629" HPOS="3162" VPOS="3205" WIDTH="29"/>
						<String ID="P6_ST00721" HPOS="3191" VPOS="3146" WIDTH="77" HEIGHT="47" CONTENT="des" WC="0.97" CC="043"/>
					</TextLine>
					<TextLine ID="P6_TL00090" HPOS="1762" VPOS="3217" WIDTH="262" HEIGHT="48">
						<String ID="P6_ST00722" HPOS="1762" VPOS="3217" WIDTH="262" HEIGHT="48" CONTENT="Frommen." WC="0.98" CC="68400064"/>
					</TextLine>
					<TextLine ID="P6_TL00091" HPOS="1874" VPOS="3292" WIDTH="1394" HEIGHT="53">
						<String ID="P6_ST00723" HPOS="1874" VPOS="3293" WIDTH="66" HEIGHT="46" CONTENT="Im" WC="1.00" CC="00"/>
						<SP ID="P6_SP00630" HPOS="1940" VPOS="3339" WIDTH="29"/>
						<String ID="P6_ST00724" HPOS="1969" VPOS="3292" WIDTH="164" HEIGHT="49" CONTENT="dritten" WC="0.99" CC="0205503"/>
						<SP ID="P6_SP00631" HPOS="2133" VPOS="3341" WIDTH="29"/>
						<String ID="P6_ST00725" HPOS="2162" VPOS="3294" WIDTH="155" HEIGHT="48" CONTENT="Theile" WC="0.89" CC="004010"/>
						<SP ID="P6_SP00632" HPOS="2317" VPOS="3342" WIDTH="28"/>
						<String ID="P6_ST00726" HPOS="2345" VPOS="3294" WIDTH="199" HEIGHT="48" CONTENT="zeichnet" WC="0.99" CC="41106641"/>
						<SP ID="P6_SP00633" HPOS="2544" VPOS="3342" WIDTH="41"/>
						<String ID="P6_ST00727" HPOS="2585" VPOS="3295" WIDTH="91" HEIGHT="47" CONTENT="sich" WC="0.97" CC="5406"/>
						<SP ID="P6_SP00634" HPOS="2676" VPOS="3342" WIDTH="38"/>
						<String ID="P6_ST00728" HPOS="2714" VPOS="3297" WIDTH="308" HEIGHT="47" CONTENT="vornehmlich" WC="0.99" CC="07050700005"/>
						<SP ID="P6_SP00635" HPOS="3022" VPOS="3344" WIDTH="38"/>
						<String ID="P6_ST00729" HPOS="3060" VPOS="3297" WIDTH="70" HEIGHT="47" CONTENT="die" WC="0.99" CC="020"/>
						<SP ID="P6_SP00636" HPOS="3130" VPOS="3344" WIDTH="29"/>
						<String ID="P6_ST00730" HPOS="3159" VPOS="3298" WIDTH="109" HEIGHT="47" CONTENT="Arie" WC="0.97" CC="0067"/>
					</TextLine>
					<TextLine ID="P6_TL00092" HPOS="1759" VPOS="3369" WIDTH="1509" HEIGHT="66">
						<String ID="P6_ST00731" HPOS="1759" VPOS="3384" WIDTH="96" HEIGHT="40" CONTENT="aus," WC="0.99" CC="0011"/>
						<SP ID="P6_SP00637" HPOS="1855" VPOS="3424" WIDTH="43"/>
						<String ID="P6_ST00732" HPOS="1898" VPOS="3369" WIDTH="43" HEIGHT="46" CONTENT="in" WC="0.81" CC="03"/>
						<SP ID="P6_SP00638" HPOS="1941" VPOS="3424" WIDTH="39"/>
						<String ID="P6_ST00733" HPOS="1980" VPOS="3370" WIDTH="195" HEIGHT="47" CONTENT="welcher" WC="0.97" CC="9665739"/>
						<SP ID="P6_SP00639" HPOS="2175" VPOS="3424" WIDTH="29"/>
						<String ID="P6_ST00734" HPOS="2204" VPOS="3372" WIDTH="118" HEIGHT="63" CONTENT="Iphis" WC="0.77" CC="00703"/>
						<SP ID="P6_SP00640" HPOS="2322" VPOS="3435" WIDTH="37"/>
						<String ID="P6_ST00735" HPOS="2359" VPOS="3388" WIDTH="100" HEIGHT="31" CONTENT="vom" WC="0.98" CC="060"/>
						<SP ID="P6_SP00641" HPOS="2459" VPOS="3435" WIDTH="29"/>
						<String ID="P6_ST00736" HPOS="2488" VPOS="3372" WIDTH="157" HEIGHT="47" CONTENT="Leben" WC="0.98" CC="12705"/>
						<SP ID="P6_SP00642" HPOS="2645" VPOS="3435" WIDTH="38"/>
						<String ID="P6_ST00737" HPOS="2683" VPOS="3372" WIDTH="228" HEIGHT="50" CONTENT="Abschied" WC="0.98" CC="06457090"/>
						<SP ID="P6_SP00643" HPOS="2911" VPOS="3435" WIDTH="42"/>
						<String ID="P6_ST00738" HPOS="2953" VPOS="3373" WIDTH="173" HEIGHT="48" CONTENT="nimmt." WC="0.98" CC="570060"/>
						<SP ID="P6_SP00644" HPOS="3126" VPOS="3435" WIDTH="44"/>
						<String ID="P6_ST00739" HPOS="3170" VPOS="3375" WIDTH="98" HEIGHT="47" CONTENT="Der" WC="0.97" CC="025"/>
					</TextLine>
					<TextLine ID="P6_TL00093" HPOS="1758" VPOS="3444" WIDTH="1506" HEIGHT="70">
						<String ID="P6_ST00740" HPOS="1758" VPOS="3444" WIDTH="198" HEIGHT="50" CONTENT="schönen" WC="0.99" CC="0040804"/>
						<SP ID="P6_SP00645" HPOS="1956" VPOS="3494" WIDTH="31"/>
						<String ID="P6_ST00741" HPOS="1987" VPOS="3448" WIDTH="128" HEIGHT="47" CONTENT="Welt" WC="0.99" CC="0040"/>
						<SP ID="P6_SP00646" HPOS="2115" VPOS="3495" WIDTH="34"/>
						<String ID="P6_ST00742" HPOS="2149" VPOS="3455" WIDTH="99" HEIGHT="58" CONTENT="sagt" WC="0.95" CC="2697"/>
						<SP ID="P6_SP00647" HPOS="2248" VPOS="3513" WIDTH="33"/>
						<String ID="P6_ST00743" HPOS="2281" VPOS="3449" WIDTH="61" HEIGHT="46" CONTENT="sie" WC="0.97" CC="007"/>
						<SP ID="P6_SP00648" HPOS="2342" VPOS="3513" WIDTH="30"/>
						<String ID="P6_ST00744" HPOS="2372" VPOS="3449" WIDTH="43" HEIGHT="46" CONTENT="in" WC="0.44" CC="37"/>
						<SP ID="P6_SP00649" HPOS="2415" VPOS="3513" WIDTH="30"/>
						<String ID="P6_ST00745" HPOS="2445" VPOS="3448" WIDTH="236" HEIGHT="48" CONTENT="liebliehen" WC="0.99" CC="0007003702"/>
						<SP ID="P6_SP00650" HPOS="2681" VPOS="3513" WIDTH="30"/>
						<String ID="P6_ST00746" HPOS="2711" VPOS="3450" WIDTH="207" HEIGHT="64" CONTENT="Klängen" WC="0.99" CC="0107001"/>
						<SP ID="P6_SP00651" HPOS="2918" VPOS="3514" WIDTH="30"/>
						<String ID="P6_ST00747" HPOS="2948" VPOS="3450" WIDTH="203" HEIGHT="47" CONTENT="rührend" WC="0.99" CC="1066060"/>
						<SP ID="P6_SP00652" HPOS="3151" VPOS="3514" WIDTH="28"/>
						<String ID="P6_ST00748" HPOS="3179" VPOS="3452" WIDTH="57" HEIGHT="47" CONTENT="Le" SUBS_TYPE="HypPart1" SUBS_CONTENT="Lebewohl," WC="0.96" CC="72"/>
						<HYP HPOS="3236" VPOS="3452" WIDTH="28" CONTENT="-"/>
					</TextLine>
					<TextLine ID="P6_TL00094" HPOS="1759" VPOS="3520" WIDTH="1509" HEIGHT="70">
						<String ID="P6_ST00749" HPOS="1759" VPOS="3520" WIDTH="196" HEIGHT="59" CONTENT="bewohl," SUBS_TYPE="HypPart2" SUBS_CONTENT="Lebewohl," WC="0.98" CC="6005663"/>
						<SP ID="P6_SP00653" HPOS="1955" VPOS="3579" WIDTH="38"/>
						<String ID="P6_ST00750" HPOS="1993" VPOS="3523" WIDTH="92" HEIGHT="48" CONTENT="und" WC="0.96" CC="280"/>
						<SP ID="P6_SP00654" HPOS="2085" VPOS="3579" WIDTH="39"/>
						<String ID="P6_ST00751" HPOS="2124" VPOS="3525" WIDTH="80" HEIGHT="46" CONTENT="mit" WC="0.99" CC="001"/>
						<SP ID="P6_SP00655" HPOS="2204" VPOS="3579" WIDTH="30"/>
						<String ID="P6_ST00752" HPOS="2234" VPOS="3525" WIDTH="343" HEIGHT="47" CONTENT="schmerzlicher" WC="0.99" CC="0270017367102"/>
						<SP ID="P6_SP00656" HPOS="2577" VPOS="3579" WIDTH="30"/>
						<String ID="P6_ST00753" HPOS="2607" VPOS="3525" WIDTH="251" HEIGHT="65" CONTENT="Ergebung" WC="0.98" CC="30954170"/>
						<SP ID="P6_SP00657" HPOS="2858" VPOS="3590" WIDTH="42"/>
						<String ID="P6_ST00754" HPOS="2900" VPOS="3525" WIDTH="169" HEIGHT="65" CONTENT="spricht" WC="0.98" CC="5091075"/>
						<SP ID="P6_SP00658" HPOS="3069" VPOS="3590" WIDTH="37"/>
						<String ID="P6_ST00755" HPOS="3106" VPOS="3528" WIDTH="61" HEIGHT="47" CONTENT="sie" WC="0.97" CC="006"/>
						<SP ID="P6_SP00659" HPOS="3167" VPOS="3590" WIDTH="30"/>
						<String ID="P6_ST00756" HPOS="3197" VPOS="3527" WIDTH="71" HEIGHT="48" CONTENT="die" WC="0.92" CC="855"/>
					</TextLine>
					<TextLine ID="P6_TL00095" HPOS="1758" VPOS="3599" WIDTH="1508" HEIGHT="65">
						<String ID="P6_ST00757" HPOS="1758" VPOS="3599" WIDTH="235" HEIGHT="65" CONTENT="Hoffnung" WC="0.98" CC="82227760"/>
						<SP ID="P6_SP00660" HPOS="1993" VPOS="3664" WIDTH="28"/>
						<String ID="P6_ST00758" HPOS="2021" VPOS="3601" WIDTH="83" HEIGHT="47" CONTENT="auf" WC="0.96" CC="650"/>
						<SP ID="P6_SP00661" HPOS="2104" VPOS="3664" WIDTH="22"/>
						<String ID="P6_ST00759" HPOS="2126" VPOS="3603" WIDTH="70" HEIGHT="45" CONTENT="ein" WC="0.97" CC="106"/>
						<SP ID="P6_SP00662" HPOS="2196" VPOS="3664" WIDTH="23"/>
						<String ID="P6_ST00760" HPOS="2219" VPOS="3603" WIDTH="241" HEIGHT="47" CONTENT="schöneres" WC="0.99" CC="705060005"/>
						<SP ID="P6_SP00663" HPOS="2460" VPOS="3664" WIDTH="28"/>
						<String ID="P6_ST00761" HPOS="2488" VPOS="3603" WIDTH="168" HEIGHT="47" CONTENT="Dasein" WC="0.98" CC="504707"/>
						<SP ID="P6_SP00664" HPOS="2656" VPOS="3664" WIDTH="29"/>
						<String ID="P6_ST00762" HPOS="2685" VPOS="3619" WIDTH="94" HEIGHT="32" CONTENT="aus." WC="0.97" CC="0362"/>
						<SP ID="P6_SP00665" HPOS="2779" VPOS="3664" WIDTH="40"/>
						<String ID="P6_ST00763" HPOS="2819" VPOS="3603" WIDTH="125" HEIGHT="48" CONTENT="Aber" WC="0.96" CC="0629"/>
						<SP ID="P6_SP00666" HPOS="2944" VPOS="3664" WIDTH="17"/>
						<String ID="P6_ST00764" HPOS="2961" VPOS="3604" WIDTH="145" HEIGHT="47" CONTENT="—sie" WC="0.97" CC="8204"/>
						<SP ID="P6_SP00667" HPOS="3106" VPOS="3664" WIDTH="29"/>
						<String ID="P6_ST00765" HPOS="3135" VPOS="3605" WIDTH="131" HEIGHT="49" CONTENT="stirbt" WC="0.96" CC="086966"/>
					</TextLine>
					<TextLine ID="P6_TL00096" HPOS="1756" VPOS="3674" WIDTH="1508" HEIGHT="67">
						<String ID="P6_ST00766" HPOS="1756" VPOS="3674" WIDTH="133" HEIGHT="48" CONTENT="nicht." WC="0.99" CC="500702"/>
						<SP ID="P6_SP00668" HPOS="1889" VPOS="3722" WIDTH="30"/>
						<String ID="P6_ST00767" HPOS="1919" VPOS="3676" WIDTH="86" HEIGHT="47" CONTENT="Ein" WC="0.95" CC="048"/>
						<SP ID="P6_SP00669" HPOS="2005" VPOS="3723" WIDTH="22"/>
						<String ID="P6_ST00768" HPOS="2027" VPOS="3678" WIDTH="145" HEIGHT="63" CONTENT="Engel" WC="0.97" CC="68006"/>
						<SP ID="P6_SP00670" HPOS="2172" VPOS="3741" WIDTH="31"/>
						<String ID="P6_ST00769" HPOS="2203" VPOS="3678" WIDTH="113" HEIGHT="47" CONTENT="wird" WC="1.00" CC="0010"/>
						<SP ID="P6_SP00671" HPOS="2316" VPOS="3741" WIDTH="20"/>
						<String ID="P6_ST00770" HPOS="2336" VPOS="3695" WIDTH="100" HEIGHT="31" CONTENT="vom" WC="0.96" CC="009"/>
						<SP ID="P6_SP00672" HPOS="2436" VPOS="3741" WIDTH="24"/>
						<String ID="P6_ST00771" HPOS="2460" VPOS="3679" WIDTH="200" HEIGHT="47" CONTENT="Himmel" WC="0.99" CC="400053"/>
						<SP ID="P6_SP00673" HPOS="2660" VPOS="3741" WIDTH="24"/>
						<String ID="P6_ST00772" HPOS="2684" VPOS="3679" WIDTH="351" HEIGHT="57" CONTENT="herabbemüht," WC="0.99" CC="600055500602"/>
						<SP ID="P6_SP00674" HPOS="3035" VPOS="3741" WIDTH="22"/>
						<String ID="P6_ST00773" HPOS="3057" VPOS="3680" WIDTH="92" HEIGHT="48" CONTENT="und" WC="0.96" CC="620"/>
						<SP ID="P6_SP00675" HPOS="3149" VPOS="3741" WIDTH="24"/>
						<String ID="P6_ST00774" HPOS="3173" VPOS="3698" WIDTH="91" HEIGHT="32" CONTENT="was" WC="0.93" CC="990"/>
					</TextLine>
					<TextLine ID="P6_TL00097" HPOS="1756" VPOS="3753" WIDTH="1512" HEIGHT="66">
						<String ID="P6_ST00775" HPOS="1756" VPOS="3768" WIDTH="49" HEIGHT="30" CONTENT="er" WC="0.33" CC="67"/>
						<SP ID="P6_SP00676" HPOS="1805" VPOS="3798" WIDTH="36"/>
						<String ID="P6_ST00776" HPOS="1841" VPOS="3753" WIDTH="75" HEIGHT="47" CONTENT="für" WC="0.95" CC="705"/>
						<SP ID="P6_SP00677" HPOS="1916" VPOS="3800" WIDTH="34"/>
						<String ID="P6_ST00777" HPOS="1950" VPOS="3755" WIDTH="231" HEIGHT="47" CONTENT="Botschaft" WC="0.99" CC="660606080"/>
						<SP ID="P6_SP00678" HPOS="2181" VPOS="3802" WIDTH="36"/>
						<String ID="P6_ST00778" HPOS="2217" VPOS="3755" WIDTH="166" HEIGHT="64" CONTENT="bringt," WC="0.99" CC="7006000"/>
						<SP ID="P6_SP00679" HPOS="2383" VPOS="3819" WIDTH="41"/>
						<String ID="P6_ST00779" HPOS="2424" VPOS="3756" WIDTH="103" HEIGHT="47" CONTENT="lässt" WC="0.52" CC="70905"/>
						<SP ID="P6_SP00680" HPOS="2527" VPOS="3819" WIDTH="40"/>
						<String ID="P6_ST00780" HPOS="2567" VPOS="3755" WIDTH="93" HEIGHT="48" CONTENT="sich" WC="0.99" CC="0060"/>
						<SP ID="P6_SP00681" HPOS="2660" VPOS="3819" WIDTH="43"/>
						<String ID="P6_ST00781" HPOS="2703" VPOS="3755" WIDTH="191" HEIGHT="50" CONTENT="denken." WC="0.99" CC="0004051"/>
						<SP ID="P6_SP00682" HPOS="2894" VPOS="3819" WIDTH="53"/>
						<String ID="P6_ST00782" HPOS="2947" VPOS="3758" WIDTH="88" HEIGHT="47" CONTENT="Ein" WC="0.96" CC="207"/>
						<SP ID="P6_SP00683" HPOS="3035" VPOS="3819" WIDTH="38"/>
						<String ID="P6_ST00783" HPOS="3073" VPOS="3774" WIDTH="195" HEIGHT="33" CONTENT="neuerer" WC="0.99" CC="0000506"/>
					</TextLine>
					<TextLine ID="P6_TL00098" HPOS="1757" VPOS="3828" WIDTH="1510" HEIGHT="67">
						<String ID="P6_ST00784" HPOS="1757" VPOS="3828" WIDTH="263" HEIGHT="64" CONTENT="Componist" WC="0.52" CC="657016544"/>
						<SP ID="P6_SP00684" HPOS="2020" VPOS="3892" WIDTH="34"/>
						<String ID="P6_ST00785" HPOS="2054" VPOS="3830" WIDTH="78" HEIGHT="48" CONTENT="des" WC="0.98" CC="012"/>
						<SP ID="P6_SP00685" HPOS="2132" VPOS="3892" WIDTH="34"/>
						<String ID="P6_ST00786" HPOS="2166" VPOS="3831" WIDTH="181" HEIGHT="64" CONTENT="Jephta," WC="0.78" CC="0090400"/>
						<SP ID="P6_SP00686" HPOS="2347" VPOS="3895" WIDTH="50"/>
						<String ID="P6_ST00787" HPOS="2397" VPOS="3830" WIDTH="80" HEIGHT="48" CONTENT="der" WC="0.97" CC="007"/>
						<SP ID="P6_SP00687" HPOS="2477" VPOS="3895" WIDTH="47"/>
						<String ID="P6_ST00788" HPOS="2524" VPOS="3831" WIDTH="70" HEIGHT="49" CONTENT="die" WC="0.98" CC="012"/>
						<SP ID="P6_SP00688" HPOS="2594" VPOS="3895" WIDTH="43"/>
						<String ID="P6_ST00789" HPOS="2637" VPOS="3833" WIDTH="197" HEIGHT="48" CONTENT="Tochter" WC="0.99" CC="0406000"/>
						<SP ID="P6_SP00689" HPOS="2834" VPOS="3895" WIDTH="42"/>
						<String ID="P6_ST00790" HPOS="2876" VPOS="3833" WIDTH="216" HEIGHT="49" CONTENT="ebenfalls" WC="0.99" CC="170370304"/>
						<SP ID="P6_SP00690" HPOS="3092" VPOS="3895" WIDTH="43"/>
						<String ID="P6_ST00791" HPOS="3135" VPOS="3841" WIDTH="132" HEIGHT="42" CONTENT="rettet" WC="0.99" CC="540003"/>
					</TextLine>
					<TextLine ID="P6_TL00099" HPOS="1754" VPOS="3904" WIDTH="1513" HEIGHT="68">
						<String ID="P6_ST00792" HPOS="1754" VPOS="3904" WIDTH="91" HEIGHT="48" CONTENT="und" WC="0.98" CC="040"/>
						<SP ID="P6_SP00691" HPOS="1845" VPOS="3952" WIDTH="29"/>
						<String ID="P6_ST00793" HPOS="1874" VPOS="3905" WIDTH="101" HEIGHT="50" CONTENT="dem" WC="0.97" CC="009"/>
						<SP ID="P6_SP00692" HPOS="1975" VPOS="3955" WIDTH="32"/>
						<String ID="P6_ST00794" HPOS="2007" VPOS="3906" WIDTH="119" HEIGHT="49" CONTENT="diese" WC="0.97" CC="90205"/>
						<SP ID="P6_SP00693" HPOS="2126" VPOS="3955" WIDTH="22"/>
						<String ID="P6_ST00795" HPOS="2148" VPOS="3909" WIDTH="203" HEIGHT="63" CONTENT="Rettung" WC="0.98" CC="6000860"/>
						<SP ID="P6_SP00694" HPOS="2351" VPOS="3972" WIDTH="27"/>
						<String ID="P6_ST00796" HPOS="2378" VPOS="3925" WIDTH="85" HEIGHT="31" CONTENT="von" WC="0.99" CC="001"/>
						<SP ID="P6_SP00695" HPOS="2463" VPOS="3972" WIDTH="30"/>
						<String ID="P6_ST00797" HPOS="2493" VPOS="3909" WIDTH="221" HEIGHT="47" CONTENT="manchen" WC="0.99" CC="0011508"/>
						<SP ID="P6_SP00696" HPOS="2714" VPOS="3972" WIDTH="25"/>
						<String ID="P6_ST00798" HPOS="2739" VPOS="3910" WIDTH="149" HEIGHT="48" CONTENT="Seiten" WC="0.98" CC="004548"/>
						<SP ID="P6_SP00697" HPOS="2888" VPOS="3972" WIDTH="25"/>
						<String ID="P6_ST00799" HPOS="2913" VPOS="3910" WIDTH="102" HEIGHT="48" CONTENT="übel" WC="0.95" CC="9705"/>
						<SP ID="P6_SP00698" HPOS="3015" VPOS="3972" WIDTH="25"/>
						<String ID="P6_ST00800" HPOS="3040" VPOS="3911" WIDTH="227" HEIGHT="49" CONTENT="vermerkt" WC="0.98" CC="06094597"/>
					</TextLine>
					<TextLine ID="P6_TL00100" HPOS="1754" VPOS="3981" WIDTH="1508" HEIGHT="69">
						<String ID="P6_ST00801" HPOS="1754" VPOS="3981" WIDTH="173" HEIGHT="59" CONTENT="wurde," WC="0.98" CC="865041"/>
						<SP ID="P6_SP00699" HPOS="1927" VPOS="4040" WIDTH="41"/>
						<String ID="P6_ST00802" HPOS="1968" VPOS="3984" WIDTH="117" HEIGHT="48" CONTENT="kann" WC="0.96" CC="0934"/>
						<SP ID="P6_SP00700" HPOS="2085" VPOS="4040" WIDTH="45"/>
						<String ID="P6_ST00803" HPOS="2130" VPOS="3985" WIDTH="92" HEIGHT="47" CONTENT="also" WC="0.97" CC="0335"/>
						<SP ID="P6_SP00701" HPOS="2222" VPOS="4040" WIDTH="43"/>
						<String ID="P6_ST00804" HPOS="2265" VPOS="3984" WIDTH="141" HEIGHT="48" CONTENT="durch" WC="0.98" CC="00805"/>
						<SP ID="P6_SP00702" HPOS="2406" VPOS="4040" WIDTH="44"/>
						<String ID="P6_ST00805" HPOS="2450" VPOS="3984" WIDTH="85" HEIGHT="49" CONTENT="den" WC="0.98" CC="006"/>
						<SP ID="P6_SP00703" HPOS="2535" VPOS="4040" WIDTH="32"/>
						<String ID="P6_ST00806" HPOS="2567" VPOS="3986" WIDTH="219" HEIGHT="64" CONTENT="Vorgang" WC="0.98" CC="0049440"/>
						<SP ID="P6_SP00704" HPOS="2786" VPOS="4050" WIDTH="31"/>
						<String ID="P6_ST00807" HPOS="2817" VPOS="3986" WIDTH="212" HEIGHT="49" CONTENT="HändePs" WC="0.66" CC="8000680"/>
						<SP ID="P6_SP00705" HPOS="3029" VPOS="4050" WIDTH="31"/>
						<String ID="P6_ST00808" HPOS="3060" VPOS="3988" WIDTH="77" HEIGHT="47" CONTENT="für" WC="0.96" CC="506"/>
						<SP ID="P6_SP00706" HPOS="3137" VPOS="4050" WIDTH="30"/>
						<String ID="P6_ST00809" HPOS="3167" VPOS="3995" WIDTH="72" HEIGHT="41" CONTENT="ent" SUBS_TYPE="HypPart1" SUBS_CONTENT="entschuldigt" WC="0.98" CC="600"/>
						<HYP HPOS="3239" VPOS="3995" WIDTH="23" CONTENT="-"/>
					</TextLine>
					<TextLine ID="P6_TL00101" HPOS="1753" VPOS="4059" WIDTH="1513" HEIGHT="67">
						<String ID="P6_ST00810" HPOS="1753" VPOS="4059" WIDTH="222" HEIGHT="66" CONTENT="schuldigt" SUBS_TYPE="HypPart2" SUBS_CONTENT="entschuldigt" WC="0.99" CC="106279000"/>
						<SP ID="P6_SP00707" HPOS="1975" VPOS="4125" WIDTH="31"/>
						<String ID="P6_ST00811" HPOS="2006" VPOS="4062" WIDTH="161" HEIGHT="63" CONTENT="gelten." WC="0.98" CC="9026073"/>
						<SP ID="P6_SP00708" HPOS="2167" VPOS="4125" WIDTH="33"/>
						<String ID="P6_ST00812" HPOS="2200" VPOS="4062" WIDTH="349" HEIGHT="64" CONTENT="Gerechtfertigt" WC="0.99" CC="24000748506593"/>
						<SP ID="P6_SP00709" HPOS="2549" VPOS="4126" WIDTH="23"/>
						<String ID="P6_ST00813" HPOS="2572" VPOS="4062" WIDTH="111" HEIGHT="50" CONTENT="aber" WC="0.95" CC="0779"/>
						<SP ID="P6_SP00710" HPOS="2683" VPOS="4126" WIDTH="23"/>
						<String ID="P6_ST00814" HPOS="2706" VPOS="4065" WIDTH="168" HEIGHT="47" CONTENT="scheint" WC="0.98" CC="0326176"/>
						<SP ID="P6_SP00711" HPOS="2874" VPOS="4126" WIDTH="25"/>
						<String ID="P6_ST00815" HPOS="2899" VPOS="4065" WIDTH="83" HEIGHT="47" CONTENT="mir" WC="0.98" CC="006"/>
						<SP ID="P6_SP00712" HPOS="2982" VPOS="4126" WIDTH="30"/>
						<String ID="P6_ST00816" HPOS="3012" VPOS="4065" WIDTH="144" HEIGHT="48" CONTENT="dieser" WC="0.97" CC="942444"/>
						<SP ID="P6_SP00713" HPOS="3156" VPOS="4126" WIDTH="30"/>
						<String ID="P6_ST00817" HPOS="3186" VPOS="4065" WIDTH="80" HEIGHT="48" CONTENT="der" WC="0.91" CC="967"/>
					</TextLine>
				</TextBlock>
			</PrintSpace>
		</Page>
	</Layout>
</alto>
