3479 4384
1701 192 99 49 108

219 341 243 50 Abschluss
494 324 161 72 bildet,
701 339 221 47 erscheint
962 336 69 49 bei
1060 336 116 49 Liszt
1216 350 84 32 nur
1338 334 62 48 als
1428 333 69 48 ein
1527 333 149 47 Durch-

218 415 300 66 gangspunkt,
567 415 89 47 und
697 414 77 47 das
812 415 230 46 verlorene
1083 411 119 47 Ideal
1244 409 76 47 des
1361 409 217 62 Anfangs,
1628 406 77 49 das

218 494 187 47 Schiller
424 493 200 45 verloren
647 490 111 64 gibt,
788 490 111 47 wird
928 505 83 32 von
1037 489 90 46 ihm
1153 485 166 47 wieder
1341 485 362 62 aufgenommen.

215 569 106 46 Dies
350 566 131 47 heisst
509 565 113 47 doch
651 566 136 55 wohl,
829 566 67 46 ein
927 562 188 49 Gedicht
1149 578 51 29 zu
1238 566 138 41 etwas
1413 575 111 47 ganz
1552 557 122 49 Ande-

214 660 93 31 rem
337 641 204 56 machen,
583 642 62 46 als
685 658 92 30 was
817 656 45 31 es
901 640 66 46 ist.
1017 637 101 49 Und
1155 636 78 47 das
1271 635 259 53 Bedürfnis?
1565 634 140 47 dieses

212 717 387 49 Andersmachens
627 716 203 48 entstand
858 715 180 54 daraus,
1066 712 99 49 dass
1193 712 117 47 Liszt
1337 711 151 48 weder
1511 710 86 48 den
1620 711 57 46 Be-

210 794 110 63 griff
341 792 76 49 des
445 792 159 56 Ideals,
633 792 83 47 den
741 791 187 48 Schiller
951 790 152 56 meint,
1130 789 115 47 noch
1276 787 85 47 den
1394 786 80 47 der
1496 786 182 47 Beschäf-

209 871 160 61 tigung
401 866 263 48 verstanden
704 867 89 47 hat.
848 866 85 47 Die
1413 862 76 47 hat
1516 861 117 47 Liszt
1659 860 44 48 in

209 945 145 47 einem
381 942 356 64 scherzoartigen
765 943 144 54 Satze,
948 941 80 47 der
1056 940 229 63 übrigens,
1314 937 278 48 musicalisch
1623 936 52 48 be-

207 1020 207 56 trachtet,
442 1018 121 49 nicht
589 1036 86 31 nur
697 1018 79 47 der
798 1016 350 66 abgerundetste
1169 1015 238 48 Abschnitt
1428 1013 80 47 der
1530 1030 170 48 ganzen

208 1095 216 57 Sinfonie,
462 1095 195 48 sondern
696 1095 114 47 auch
840 1095 117 47 ohne
985 1092 236 64 Vergleich
1252 1091 126 47 recht
1405 1090 116 63 artig
1549 1090 126 47 erfun-

208 1171 85 48 den
321 1170 93 48 und
442 1170 331 64 durchgeführt
800 1170 68 54 ist,
897 1167 256 50 behandelt.
1182 1168 62 45 Es
1272 1164 161 49 drückt
1460 1164 90 47 sich
1574 1163 127 48 darin

208 1248 98 47 eine
334 1247 269 65 geschäftige
631 1246 263 64 Emsigkeit,
936 1244 109 49 aber
1079 1242 197 65 spielend
1315 1242 92 47 und
1440 1242 117 47 ohne
1586 1242 114 47 allen

209 1323 201 47 höheren
431 1322 327 63 Aufschwung,
787 1337 91 31 aus.
908 1322 92 46 Das
1028 1319 79 47 hat
1132 1318 91 47 sich
1248 1318 188 47 Schiller
1463 1323 132 41 unter
1623 1316 81 48 der

661 1398 120 47 nicht
807 1396 205 64 gedacht.
1078 1394 127 56 „Und
1240 1394 77 56 du,
1358 1393 70 48 die
1472 1410 109 48 gern
1609 1393 91 47 sich

208 1474 77 47 mit
313 1474 71 47 ihr
412 1473 97 65 (der
537 1472 340 63 Freundschaft)
909 1478 156 57 gattet,
1094 1471 84 47 wie
1206 1471 61 47 sie
1295 1469 80 47 der
1397 1471 128 45 Seele
1546 1471 154 45 Sturm

207 1551 269 54 beschwört,
506 1549 360 62 Beschäftigung,
908 1548 69 47 die
1017 1548 71 46 nie
1125 1552 223 48 ermattet,
1389 1544 70 48 die
1496 1545 202 63 langsam

203 1625 174 56 schafft,
406 1624 113 48 doch
547 1625 70 47 nie
646 1628 199 51 zerstört,
875 1623 69 48 die
972 1641 50 29 zu
1052 1623 101 47 dem
1184 1624 97 46 Bau
1310 1622 79 47 der
1417 1620 282 64 Ewigkeiten

204 1718 119 32 zwar
339 1700 237 50 Sandkorn
598 1718 85 29 nur
707 1700 75 47 für
797 1699 236 50 Sandkorn
1057 1699 155 55 reicht,
1229 1698 114 47 doch
1367 1714 83 30 von
1473 1697 80 47 der
1573 1714 101 47 gros-

204 1796 76 29 sen
309 1778 166 47 Schuld
505 1777 79 48 der
609 1777 153 47 Zeiten
792 1777 219 54 Minuten,
1041 1777 140 62 Tage,
1209 1774 138 47 Jahre
1638 1775 60 45 Ist

203 1855 43 47 in
275 1854 144 48 dieser
877 1859 117 42 etwa
1021 1853 70 47 ein
1118 1850 310 65 vollständiges
1458 1849 238 65 Aufgeben

204 1930 76 47 des
307 1930 161 55 Ideals,
496 1930 97 46 eine
621 1929 331 63 gleichgültige,
981 1926 244 49 zwecklose
1254 1925 256 65 Thätigkeit
1538 1933 132 57 gutge-

205 2008 204 47 heissen?
459 2008 169 47 Gewiss
656 2005 134 48 nicht.
839 2005 203 47 Sondern
1073 2020 44 31 es
1145 2005 53 46 ist
1225 2020 86 31 nur
1339 2003 80 47 der
1449 2004 247 62 Gegensatz

203 2099 145 50 gegen
368 2084 135 63 jenen
532 2081 274 56 Idealismus,
835 2080 80 48 der
944 2081 41 46 in
1008 2079 297 49 Phantasieen
1329 2079 90 48 und
1442 2079 250 48 trunkenen

205 2161 228 46 Träumen
461 2159 105 54 lebt,
609 2158 80 48 der
715 2158 119 48 seine
862 2158 306 63 Subjectivität
1195 2156 43 47 in
1267 2155 70 48 die
1367 2156 130 49 Welt
1525 2156 146 47 hinein-

202 2240 133 60 trägt,
364 2241 104 42 statt
490 2235 118 47 diese
633 2252 54 29 zu
716 2234 211 54 erfassen,
957 2234 84 47 wie
1070 2233 61 48 sie
1159 2233 69 54 ist,
1258 2231 80 49 der
1366 2248 79 32 aus
1473 2231 90 47 sich
1595 2231 75 47 her-

203 2329 80 31 aus
312 2313 119 47 Alles
467 2311 230 47 erreichen
726 2310 105 53 will,
873 2310 80 47 der
991 2310 140 47 nichts
1176 2310 73 46 für
1284 2326 52 30 zu
1369 2325 125 47 gross
1525 2307 90 47 und
1643 2325 52 31 zu

205 2389 112 47 hoch
348 2387 114 55 hält;
510 2404 45 30 es
595 2386 55 47 ist
685 2386 80 47 der
795 2386 250 64 Gegensatz
1087 2401 143 49 geggn
1273 2384 83 47 den
1386 2384 310 64 trügerischen

199 2464 277 56 Idealismus,
504 2464 80 47 der
610 2464 42 47 in
683 2464 80 47 der
790 2464 175 45 Sturm-
994 2462 90 47 und
1115 2460 373 65 Drang-Periode
1517 2460 78 48 des
1623 2478 49 30 vo-

202 2541 124 64 rigen
354 2540 329 49 Jahrhunderts
710 2540 91 47 sich
830 2540 42 46 in
903 2539 78 48 der
1011 2540 176 54 Politik,
1218 2539 227 47 Literatur
1474 2537 89 47 und
1593 2537 78 47 Phi-

203 2617 197 65 losophie
429 2624 142 57 regte,
607 2615 91 48 und
726 2633 83 30 von
839 2615 100 47 dem
972 2615 83 47 alle
1084 2615 184 47 tieferen
1299 2614 175 47 Geister
1501 2614 90 47 sich
1621 2631 50 30 zu-

203 2695 98 47 letzt
342 2692 285 50 abwandten.
683 2694 103 45 Man
830 2692 164 47 könnte
1036 2691 216 47 vielleicht
1292 2690 84 47 den
1407 2690 175 63 Begriff
1618 2690 80 47 der

640 2770 113 45 noch
772 2775 137 42 etwas
925 2767 199 48 schärfer
1143 2770 273 61 ausgeprägt
1437 2766 259 53 wünschen,

202 2846 110 48 aber
353 2847 95 47 wie
485 2846 204 47 derselbe
729 2862 52 30 zu
820 2845 232 47 verstehen
1093 2845 69 53 ist,
1202 2861 73 29 um
1313 2861 51 29 zu
1404 2842 292 65 befriedigen,

204 2923 119 49 kann
350 2923 78 47 für
457 2922 157 47 keinen
646 2921 359 48 aufmerksamen
1036 2921 137 47 Leser
1201 2920 265 47 zweifelhaft
1494 2920 108 54 sein,
1626 2936 72 31 am

202 3001 245 63 wenigsten
476 2998 76 47 für
579 2998 101 55 den,
710 2997 78 48 der
817 3014 82 31 von
928 2996 80 48 der
1036 2997 215 64 geistigen
1273 2996 319 65 Entwicklung
1621 2996 80 47 der

202 3076 509 48 Schiller-Göthe'schen
725 3075 96 47 Zeit
842 3073 160 65 irgend
1019 3073 145 65 einige
1181 3073 162 47 Kunde
1374 3073 89 47 hat.
1496 3072 174 48 Charak-

199 3152 217 48 teristisch
452 3152 53 47 ist
533 3167 44 32 es
605 3151 111 48 aber
745 3151 76 47 für
848 3151 131 54 Liszt,
1021 3149 100 49 dass
1162 3166 63 39 er,
1265 3149 78 47 der
1372 3149 41 46 in
1442 3148 82 47 der
1550 3148 148 48 Musik

202 3247 45 31 es
274 3231 93 47 sich
395 3228 167 65 gerade
591 3229 63 47 als
675 3227 210 65 Aufgabe
908 3227 172 65 gestellt
1103 3227 92 56 hat,
1224 3226 197 48 ethische
1445 3226 89 47 und
1559 3226 117 64 poeti-

202 3307 101 47 sche
331 3306 135 48 Ideen
496 3304 310 55 darzustellen,
848 3304 75 46 für
951 3303 70 47 die
1050 3303 154 48 wahre
1233 3303 270 64 Bedeutung
1531 3302 144 48 dersel-

205 3383 84 48 ben
317 3400 81 48 gar
425 3382 122 48 nicht
575 3382 161 48 einmal
767 3381 70 48 ein
866 3378 311 50 Verständniss
1207 3379 91 49 hat.

316 3536 147 47 Hielte
491 3552 103 32 man
623 3533 84 50 den
731 3534 108 47 Sinn
870 3533 94 55 fest,
986 3532 85 48 den
1101 3533 42 47 in
1168 3532 166 48 diesem
1358 3532 340 48 Schiller'schen

207 3610 213 50 Gedichte
458 3610 76 49 das
562 3612 140 47 Wort
964 3609 91 57 hat,
1102 3626 47 30 so
1191 3608 166 48 könnte
1393 3626 105 31 man
1546 3608 152 47 Liszt's

205 3687 304 64 Composition
543 3687 211 47 allenfalls
790 3685 130 56 noch,
960 3685 266 64 wenigstens
1262 3685 113 47 nach
1412 3685 138 46 Einer
1579 3684 120 47 Seite

203 3765 76 49 hin
307 3763 93 48 und
426 3781 130 30 wenn
586 3781 101 30 man
715 3763 69 47 die
805 3764 129 47 Bolle
962 3763 120 47 eines
1106 3762 258 48 Advocaten
1388 3762 310 48 übernehmen

203 3842 165 54 wollte,
389 3838 324 65 vertheidigen;
743 3854 47 32 so
819 3839 123 56 aber,
972 3839 84 47 wie
1084 3839 117 46 Liszt
1228 3838 77 47 das
1336 3838 120 48 Ideal
1485 3838 121 54 fasst,
1635 3838 63 47 als

200 3918 80 48 das
309 3915 268 55 wahrhafte,
612 3915 52 47 ist
702 3931 81 48 gar
820 3914 124 50 keine
976 3914 358 65 Vertheidigung
1372 3914 211 65 möglich.
1626 3914 73 47 Sie

195 3994 150 50 haben
374 3994 43 47 in
447 3993 123 48 einer
596 3991 129 47 Ihrer
750 3991 156 49 letzten
927 3994 249 46 Nummern
1206 3993 69 47 ein
1299 3993 174 47 Thema
1501 4008 80 32 aus
1609 3990 86 48 den

198 4070 180 50 Idealen
406 4071 43 47 in
478 4070 148 47 Noten
655 4066 288 66 mitgetheilt;
985 4083 46 32 es
1059 4069 52 47 ist
1139 4068 119 48 nicht
1287 4068 79 48 das
1395 4068 271 64 Haupt-The-

1783 348 89 38 ma,
1913 330 111 48 aber
2063 328 115 48 doch
2221 328 70 47 ein
2333 326 182 49 vielfach
2559 323 431 50 wiederkehrendes.
3040 324 116 47 Dass
3204 324 77 48 das

1780 408 174 47 Thema
1990 405 136 48 selbst
2160 404 93 48 und
2287 404 70 47 die
2385 405 85 46 Art
2507 401 80 48 der
2616 402 301 61 Ausführung
2946 400 70 47 ein
3050 416 88 31 non
3170 400 111 66 plii#

1793 481 123 48 ultra
1939 498 84 30 von
2054 479 356 63 Maasslosigkeit
2449 477 69 54 ist,
2559 477 128 47 darin
2726 477 176 46 stimme
2938 475 69 48 ich
3051 491 111 47 ganz
3205 475 79 51 mit

1778 557 139 47 Ihnen
1946 556 211 53 überein;
2197 571 130 31 wenn
2366 569 102 32 man
2499 552 70 47 die
2598 552 401 63 widerwärtigsten
3030 551 251 64 Septimen-

1779 632 89 47 und
1898 630 407 53 Nonen-Accorde,
2334 630 72 47 die
2435 627 347 48 verletzendsten
2814 627 215 47 Vorhalte
3045 655 62 5 —
3135 642 145 47 gegen

1776 709 71 47 die
1877 709 166 47 freilich
2073 707 69 49 die
2173 706 308 48 Vorschriften
2521 705 80 47 der
2631 703 279 47 Grammatik
2955 703 121 47 nicht
3112 701 144 49 ausrei-

1776 785 130 56 chen,
1934 783 193 49 sondern
2156 799 86 31 nur
2278 781 71 48 die
2386 781 185 47 inneren
2603 780 184 47 Gesetze
2815 778 76 47 des
2921 778 333 49 Schönheitssin-

1776 876 77 31 nes
1971 858 255 55 anwendet,
2264 857 90 48 und
2391 872 121 31 zwar
2552 856 123 47 nicht
2714 853 115 49 bloss
2857 853 297 64 gelegentlich
3186 853 91 47 und

1776 935 395 54 ausnahmsweise,
2211 932 194 48 sondern
2433 931 306 63 regelmässig,
2787 929 120 47 dann
2947 929 52 46 ist
3036 945 45 30 es
3111 929 170 47 freilich

1778 1011 127 48 keine
1935 1012 163 53 Kunst,
2126 1016 139 40 etwas
2293 1008 113 48 noch
2432 1007 122 47 nicht
2580 1008 330 62 Dagewesenes
2933 1004 320 49 hervorzubrin-

1775 1103 112 47 gen;
1917 1087 111 47 aber
2056 1102 44 32 es
2128 1086 55 47 ist
2209 1084 162 49 darum
2395 1084 129 47 keine
2548 1084 160 54 Kunst,
2739 1082 98 47 weil
2867 1081 120 48 dann
3017 1081 260 64 überhaupt

1775 1180 83 31 von
1887 1164 148 46 Kunst
2062 1162 122 48 nicht
2211 1162 130 47 mehr
2368 1159 71 49 die
2465 1159 128 49 Bede
2622 1159 66 49 ist.
2745 1157 99 49 Und
2880 1175 93 30 nun
3007 1157 117 47 steht
3161 1157 119 48 diese

1774 1239 134 46 Stelle
1938 1238 120 47 nicht
2086 1246 118 39 etwa
2231 1237 42 47 in
2303 1237 80 47 der
2413 1236 124 47 Mitte
2566 1233 111 50 oder
2705 1251 72 30 am
2806 1233 225 55 Schlüsse,
3070 1233 65 47 als
3162 1224 89 56 Aus-

1774 1314 141 49 druck
1954 1314 80 49 der
2072 1314 215 47 höchsten
2317 1312 350 62 Verzweiflung,
2707 1310 195 47 sondern
2945 1326 72 30 am
3055 1309 225 65 Anfange,

1774 1392 63 45 als
1860 1389 239 48 Ausdruck
2122 1389 76 47 des
2220 1388 160 56 Ideals,
2410 1387 90 48 und
2528 1387 121 47 nicht
2679 1387 61 47 als
2766 1384 238 48 Ausdruck
3034 1384 120 47 eines
3182 1401 74 31 ver-

1774 1467 189 47 kehrten
2004 1465 160 56 Ideals,
2213 1464 84 48 wie
2333 1483 33 28 z.
2404 1465 48 46 B.
2495 1463 80 48 der
2620 1462 259 48 Idealismus
2918 1462 119 47 eines
3078 1462 203 52 Danton,

1773 1543 162 56 Marat,
1967 1542 300 64 Bobespierre
2306 1539 192 65 gedacht
2536 1539 180 47 werden
2759 1538 183 54 könnte,
2989 1537 194 48 sondern
3214 1538 63 47 als

1771 1619 239 47 Ausdruck
2039 1618 76 47 des
2145 1618 202 53 wahren,
2376 1615 275 65 siegreichen
2674 1615 156 47 Ideals.
2863 1614 233 47 Vielleicht
3125 1613 149 48 haben

1770 1695 117 47 Liszt
1929 1694 204 64 folgende
2161 1695 168 47 Worte
2369 1693 77 47 des
2484 1691 339 49 Schiller'schen
2860 1689 238 48 Gedichtes
3139 1689 132 48 dabei

1770 1770 363 65 vorgeschwebt:
2187 1770 87 55 „Es
2311 1769 165 47 dehnte
2512 1768 77 47 mit
2617 1766 330 64 allmächt'gem
2978 1765 193 48 Streben
3199 1765 71 47 die

1770 1864 114 47 enge
1906 1848 136 47 Brust
2068 1848 70 45 ein
2169 1845 205 48 kreisend
2408 1845 87 52 All,
2526 1845 365 46 herauszutreten
2923 1843 42 45 in
2996 1841 77 47 das
3102 1841 173 55 Leben,

1769 1924 43 47 in
1841 1924 118 47 That
1990 1923 89 48 und
2109 1923 155 56 Wort,
2293 1923 42 47 in
2364 1921 99 47 Bild
2494 1921 87 47 und
2844 1920 132 46 Diese
3003 1919 164 47 Worte
3197 1919 77 47 hat

1767 2000 119 47 Liszt
1913 2017 56 30 an
1999 1999 86 48 den
2115 1992 182 69 Anfang
2325 1998 77 47 des
2424 1999 151 46 Satzes
2604 1996 190 64 gestellt,
2824 1995 43 46 in
2898 1994 100 48 dem
3022 1994 130 63 jenes
3172 1995 67 47 Mo-

1767 2078 58 47 tiv
1854 2076 91 49 sich
1974 2084 146 39 zuerst
2154 2075 154 56 findet,
2350 2074 89 48 und
2479 2074 139 48 damit
2654 2072 118 47 wohl
2810 2071 137 47 selbst
2984 2070 291 65 angedeutet,

1769 2153 100 48 dass
1898 2169 45 32 es
1972 2153 80 46 der
2081 2151 240 48 Ausdruck
2350 2151 77 47 des
2475 2149 292 57 „kreisenden
2964 2147 92 47 sein
3086 2147 95 47 soll.
3209 2147 62 47 Es

1770 2229 118 47 kann
1919 2227 171 49 hierbei
2123 2229 81 47 auf
2236 2227 127 47 einen
2409 2224 294 50 Unterschied
2745 2222 220 49 zwischen
2996 2222 154 47 Poesie
3182 2221 89 47 und

1769 2305 146 48 Musik
1945 2305 304 48 aufmerksam
2279 2304 210 63 gemacht
2518 2301 196 48 werden.
2771 2302 49 45 In
2849 2300 84 47 den
2965 2299 306 64 angeführten

1770 2381 342 48 Schiller'schen
2143 2381 198 47 Worten
2382 2380 55 46 ist
2474 2377 78 49 das
2601 2375 262 58 „kreisende
3032 2375 117 48 eben
3185 2393 92 29 nur

1769 2465 216 55 genannt,
2033 2457 70 47 die
2132 2456 250 48 Harmonie
2410 2455 81 48 der
2518 2455 259 62 Stimmung
2815 2451 114 48 wird
2971 2451 143 48 daher
3153 2451 123 48 nicht

1769 2536 58 46 im
1851 2535 248 48 Mindesten
2123 2534 197 64 getrübt.
2349 2534 86 46 Ein
2468 2532 201 55 Dichter,
2697 2549 34 29 z.
2755 2531 50 47 B.
2835 2530 69 47 ein
2935 2527 341 56 dramatischer,

1769 2611 80 47 der
1872 2611 77 47 das
1976 2611 138 47 näher
2137 2610 249 48 ausführen
2411 2608 165 55 wollte,
2606 2606 157 47 würde
2791 2605 136 48 schon
2959 2605 70 47 ein
3053 2603 96 49 Bild
3181 2611 72 41 ent-

1770 2688 166 47 werfen
1968 2692 194 51 müssen,
2204 2686 79 48 das
2324 2702 81 31 uns
2434 2686 121 47 nicht
2583 2682 251 50 sonderlich
2865 2682 208 47 erfreuen
3103 2680 176 55 würde,

1769 2763 110 49 aber
1907 2763 70 47 die
2006 2762 315 48 Innerlichkeit
2348 2762 80 47 der
2457 2761 155 48 Poesie
2650 2758 156 49 würde
2844 2774 46 30 es
2919 2757 115 48 noch
3062 2758 217 47 zulassen.

1771 2842 94 46 Der
1887 2841 200 47 Musiker
2117 2841 224 62 hingegen
2371 2842 167 43 müsste
2568 2837 85 47 den
2678 2834 239 49 Ausdruck
2942 2834 104 46 sehr
3068 2832 209 57 mildern,

1771 2917 111 48 oder
1911 2935 47 30 er
1986 2917 112 47 wird
2129 2932 82 32 uns
2239 2922 139 41 etwas
2408 2912 377 65 Widerwärtiges
2811 2930 54 29 zu
2894 2911 155 48 Gehör
3070 2909 207 65 bringen.

1771 2993 134 49 Nicht
1927 2992 105 65 jede
2060 2993 148 47 Kunst
2244 2992 117 47 kann
2391 2991 138 56 Alles,
2571 2988 193 50 sondern
2802 2988 46 64 je
2890 2987 268 65 geistiger
3199 2986 81 48 der

1771 3069 121 49 Stoff
1907 3071 123 47 einer
2053 3069 147 47 Kunst
2221 3068 68 56 ist,
2317 3067 126 48 desto
2474 3067 156 47 weiter
2660 3066 117 47 kann
2806 3064 61 47 sie
2895 3064 43 47 in
2969 3063 79 47 der
3077 3063 177 48 Darstel-

1771 3147 108 63 lung
1900 3147 255 63 einseitiger
2171 3146 305 63 Bichtungen,
2500 3141 429 50 leidenschaftlicher
2946 3141 335 63 Stimmungen,

1771 3224 164 63 greller
1967 3223 235 47 Contraste
2231 3240 43 29 u.
2303 3237 32 32 s.
2367 3237 54 31 w.
2452 3221 163 63 gehen,
2642 3219 129 47 theils
2800 3218 99 47 weil
2929 3215 82 50 der
3040 3217 240 63 geistigere

1770 3299 122 49 Stoff
1913 3299 80 47 der
2016 3298 331 65 beweglichere
2368 3296 92 49 und
2482 3297 160 48 darum
2668 3296 138 48 dafür
2828 3293 302 65 befähigtere,
3150 3293 131 48 theils

1771 3378 99 47 weil
1901 3377 80 47 der
2007 3376 230 48 Eindruck
2269 3376 81 47 auf
2381 3374 70 47 die
2480 3374 136 47 Sinne
2654 3373 201 63 weniger
2893 3370 139 64 heftig
3062 3369 92 48 und
3182 3386 73 31 ver-

1770 3453 171 48 letzend
1971 3454 66 47 ist.
2077 3452 225 48 Desshalb
2334 3452 117 47 kann
2481 3450 70 49 die
2579 3449 185 48 Malerei
2796 3448 156 47 weiter
2979 3447 44 47 in
3054 3445 80 49 der
3161 3448 90 47 Dar-

1769 3532 193 63 stellung
1991 3529 76 48 des
2090 3528 462 48 Leidenschaftlichen
2578 3527 162 63 gehen,
2771 3525 63 47 als
2862 3523 71 48 die
2957 3523 229 65 Sculptur,
3209 3523 72 48 die

1769 3608 157 47 Poesie
1955 3607 173 54 weiter,
2157 3607 63 47 als
2249 3604 70 47 die
2343 3604 161 47 Musik.
2533 3604 122 47 War
2677 3617 44 32 es
2745 3602 92 47 also
2860 3599 260 65 überhaupt
3140 3599 140 48 schon

1770 3684 202 55 verfehlt,
2004 3684 127 62 jenes
2178 3682 263 57 „kreisende
2468 3682 92 53 All,
2597 3679 78 48 das
2706 3678 70 47 die
2804 3678 137 47 Brust
2966 3693 55 30 zu
3048 3692 207 49 zerspren-

1770 3778 86 47 gen
2096 3760 42 46 in
2169 3759 80 47 der
2270 3758 149 48 Musik
2449 3755 357 55 auszudrücken,
2834 3769 48 33 so
2912 3760 169 41 musste
3109 3753 144 64 wenig-

1770 3845 117 40 stens
1915 3837 122 47 nicht
2063 3852 49 32 so
2143 3835 186 47 bitterer
2358 3835 136 46 Ernst
2528 3831 141 50 damit
2706 3830 210 65 gemacht
2943 3829 201 56 werden,
3181 3828 102 48 dass

1770 3914 80 48 der
1893 3915 153 47 Hörer
2094 3910 174 67 glaubt,
2308 3911 121 47 seine
2477 3910 159 48 Ohren
2677 3909 158 48 sollten
2882 3908 94 47 ihm
3017 3913 262 58 zersprengt

1773 3989 195 49 werden.

1886 4068 92 47 Das
2000 4064 268 65 eigentliche
2292 4063 357 64 Haupt-Thema
2672 4060 81 50 der
2775 4060 149 50 Ideale
2947 4060 55 47 ist
3025 4058 258 67 folgendes:
