3479 4384
1724 191 97 47 106

240 329 160 63 spiclcr
440 329 149 47 Herrn
631 327 256 56 Binlield,
934 327 129 47 einen
1092 326 213 48 Künstler
1338 326 186 47 zweiten
1553 329 176 61 Ranges

237 405 83 47 auf
332 406 164 47 seinem
519 406 312 52 Instrumente,
857 404 90 47 und
972 405 152 47 Italien
1146 404 69 47 die
1238 404 282 45 Schwestern
1550 404 179 55 Ferni,

237 480 86 54 die,
359 496 130 29 wenn
524 480 61 45 sie
623 478 113 47 auch
773 478 121 47 nicht
920 480 270 53 Beethoven,
1219 477 331 56 Mendelssohn,
1581 478 148 63 Spohr

236 555 90 47 und
368 553 329 49 meinethalben
741 556 113 46 auch
890 555 121 47 nicht
1045 555 161 47 einmal
1234 553 293 64 Vieuxtemps
1562 555 164 62 spielen

334 630 90 47 und
466 646 172 31 warum
669 631 156 47 sollten
852 631 61 46 sie
942 630 121 47 nicht
1103 630 113 47 auch
1257 630 91 47 dies
1385 630 168 55 lernen,
1596 646 131 31 wenn

232 706 61 46 sie
321 705 145 62 einige
492 706 140 47 Jahre
661 706 42 47 in
734 705 303 47 Deutschland
1065 705 248 62 zubringen
1356 703 91 47 und
1489 703 238 49 deutscher

231 781 147 47 Musik
406 782 140 47 näher
571 782 175 46 treten?
758 781 279 47 —dennoch
1066 798 112 46 ganz
1206 779 70 49 die
1305 781 295 47 Theilnahme
1629 798 72 30 ver-

229 856 174 54 dienen,
444 856 69 47 die
541 857 61 46 sie
631 856 148 47 bisher
817 854 224 65 gefunden
1078 856 162 48 haben.
1289 856 76 45 Ihr
1394 856 330 49 musicalischer

231 931 218 49 Horizont
475 933 53 46 ist
557 932 166 47 freilich
754 932 132 56 klein,
924 948 47 31 so
1003 932 131 56 klein,
1171 932 99 47 dass
1299 948 44 31 es
1372 932 108 47 viele
1508 932 214 49 deutsche

232 1008 225 47 Cantoren
485 1008 145 64 geben
660 1025 118 47 mag,
819 1007 70 48 die
917 1008 134 47 ihnen
1079 1009 179 46 Führer
1284 1025 53 30 zu
1365 1008 232 47 Höherem
1628 1011 94 45 sein

226 1083 212 48 könnten.
462 1083 127 48 Aber
609 1084 70 47 die
693 1084 269 64 Bedeutung
985 1086 118 45 eines
1118 1083 304 48 Individuums
1445 1084 138 64 hängt
1604 1086 115 47 auch

224 1159 144 48 davon
391 1160 73 56 ab,
494 1160 83 47 wie
600 1176 45 31 es
668 1159 69 48 die
763 1160 161 47 einmal
950 1160 354 47 übernommene
1322 1159 209 65 Aufgabe
1554 1159 136 50 durch-

226 1235 138 47 führt.
421 1237 266 47 Caroline
726 1237 151 54 Ferni,
919 1235 69 49 die
1017 1237 185 62 jüngere
1234 1237 268 56 Schwester,
1539 1237 54 48 ist
1620 1238 98 48 eine

223 1312 366 63 ausgezeichnete
636 1312 366 63 Violinspielerin.
1059 1312 73 47 Sie
1176 1310 153 49 besitzt
1371 1313 130 47 einen
1548 1320 167 51 zarten,

221 1387 111 46 aber
354 1387 113 48 doch
490 1388 119 47 nicht
630 1387 165 64 gerade
819 1387 241 48 kraftlosen
1083 1387 107 57 und,
1214 1404 90 31 was
1324 1388 78 47 das
1426 1389 289 65 Wichtigste,

222 1464 40 44 in
292 1463 80 47 der
398 1464 131 47 Kraft
555 1464 184 47 niemals
768 1463 69 48 die
862 1464 201 47 Gränzen
1092 1464 76 47 des
1197 1465 207 49 Schönen
1435 1467 255 48 überschrei-

222 1539 162 47 tenden
415 1541 113 54 Ton,
569 1540 95 46 eine
693 1547 122 55 gute,
853 1557 131 30 wenn
1013 1541 114 46 auch
1164 1541 76 47 für
1268 1541 83 47 den
1384 1544 183 47 Kenner
1595 1545 120 47 nicht

219 1614 140 47 durch
396 1615 68 47 die
494 1615 369 65 Ueberwindung
899 1633 176 46 grosser
1103 1618 398 64 Schwierigkeiten
1531 1620 157 51 hervor-

218 1689 197 65 ragende
457 1691 214 55 Technik,
718 1693 97 45 eine
858 1693 291 47 musterhafte
1195 1694 254 49 Intonation
1489 1696 90 47 und
1616 1699 97 46 eine

217 1766 100 47 echt
358 1766 285 56 italiänische,
683 1768 261 54 affectvolle,
988 1769 110 47 aber
1134 1768 113 48 doch
1277 1771 112 47 nach
1426 1773 131 63 jeder
1592 1775 120 47 Seite

215 1842 73 46 hin
320 1844 354 47 maasshaltende
698 1846 84 45 Art
810 1845 76 46 des
915 1845 231 65 Vortrags.
1178 1846 84 49 Die
1284 1849 137 47 ältere
1444 1851 268 52 Schwester,

214 1919 267 63 Virginie,
509 1920 115 47 steht
652 1919 82 48 der
754 1920 222 65 jüngeren
1008 1921 39 46 in
1079 1921 79 47 der
1188 1924 129 47 Kraft
1346 1924 75 48 des
1445 1928 146 47 Tones
1621 1928 91 47 und

213 1995 44 47 in
295 1994 79 48 der
406 1995 326 65 Lebendigkeit
773 1996 79 47 der
881 1997 325 49 Accentuation
1248 2001 284 48 entschieden
1574 2005 136 55 nach;

213 2071 43 46 in
278 2070 80 48 der
379 2071 276 48 vollendeten
676 2072 270 49 Sauberkeit
969 2074 76 47 des
1068 2075 142 63 Spiels
1290 2077 124 49 einer
1444 2080 100 47 echt
1572 2081 111 47 weib-

218 2147 142 47 lichen
387 2149 303 63 Eigenschaft,
731 2150 69 47 die
840 2166 102 31 man
979 2151 134 47 selbst
1144 2152 68 47 bei
1243 2152 85 49 den
1358 2154 354 52 bedeutendsten

218 2225 22 44 \
260 2223 194 49 irtuosen
483 2226 139 46 selten
645 2226 43 46 in
711 2226 216 63 gleichem
953 2229 172 45 Maasse
1148 2230 254 49 entwickelt
1426 2231 147 50 finden
1599 2235 113 47 wird

290 2300 51 45 ist
368 2315 61 30 sie
458 2300 69 45 ihr
553 2300 285 64 ebenbürtig.
871 2303 82 46 Die
984 2303 300 65 Genauigkeit
1310 2305 78 49 des
1416 2310 261 47 Zusammen-

212 2376 128 62 spiels
370 2375 154 48 beider
552 2377 283 48 Schwestern
864 2380 54 45 ist
946 2378 462 55 bewundernswert!].
1445 2387 95 46 Der
1568 2387 114 47 wohl-

213 2452 194 48 thuende
431 2453 303 49 musicalische
755 2455 230 48 Eindruck
1012 2457 110 47 wird
1153 2458 139 49 durch
1324 2460 70 49 die
1422 2466 179 44 äussere
1626 2465 56 45 Er-

212 2528 244 64 scheinung
483 2528 82 48 der
585 2530 173 64 jungen
786 2532 178 47 Damen
994 2533 113 47 noch
1139 2536 181 47 erhöht:
1364 2540 108 45 zwei
1511 2540 169 63 hochge-

213 2606 234 47 wachsene
475 2607 306 48 Römerinnen
816 2625 83 32 von
937 2610 123 48 edier
1091 2612 184 55 Gestalt,
1315 2613 143 50 feinen
1489 2616 90 48 und
1609 2634 75 31 ern-

210 2688 94 41 sten
329 2682 361 66 Gesichtszügen,
718 2684 72 49 die
817 2684 196 50 dunklen
1044 2688 160 60 Augen
1238 2690 173 49 blicken
1438 2700 150 57 streng
1619 2693 91 49 und

213 2757 81 47 fest
322 2759 41 45 in
392 2757 70 48 die
486 2758 362 67 Versammlung,
878 2761 70 48 die
969 2763 171 64 Lippen
1167 2764 176 49 bleiben
1371 2768 335 65 unbeweglich;

210 2832 70 48 die
311 2834 98 56 Art,
438 2851 82 30 wie
548 2836 61 48 sie
638 2837 70 47 die
740 2837 173 48 Violine
943 2839 165 55 halten,
1144 2841 82 47 den
1258 2844 155 63 Bogen
1445 2846 181 56 führen,
1656 2847 53 47 ist

212 2926 81 31 von
323 2911 257 63 plastischer
608 2913 256 48 Schönheit.
894 2917 144 46 Unser
1060 2917 236 49 Publicum
1328 2922 147 47 wollte
1506 2923 202 64 Anfangs

209 2985 85 49 den
325 2988 233 47 Berichten
588 2989 119 47 nicht
737 2991 124 47 recht
889 2993 212 62 glauben,
1143 2994 113 47 doch
1292 2997 115 47 nach
1445 2997 85 48 den
1560 3007 146 41 ersten

210 3064 115 55 lünl,
353 3064 124 47 sechs
897 3069 121 49 hatte
1054 3071 78 48 das
1160 3072 350 66 Stadtgespräch
1541 3076 142 48 hinrei-

208 3139 142 47 chend
376 3140 74 47 für
472 3140 85 47 den
580 3140 352 52 künstlerischen
955 3147 95 47 Ruf
1065 3145 80 49 der
1167 3148 171 63 jungen
1362 3152 343 48 Italiänerinnen

208 3224 195 59 gesorgt,
448 3218 90 47 und
567 3219 107 64 jetzt
707 3220 53 47 ist
797 3220 80 49 der
905 3223 249 48 Kroll'sche
1184 3227 120 53 Saal,
1347 3243 47 32 so
1425 3228 62 48 oft
1515 3229 61 47 sie
1605 3229 103 49 dort

207 3294 236 56 auftreten,
472 3295 178 64 gefüllt,
689 3313 48 31 so
776 3297 99 49 dass
913 3299 62 47 sie
1011 3302 149 45 Berlin
1200 3318 47 32 so
1291 3303 103 48 bald
1433 3307 120 47 wohl
1588 3307 115 47 noch

208 3369 115 48 nicht
345 3372 220 47 verlassen
589 3373 195 48 werden.
796 3375 259 49 —Endlich
1085 3377 159 48 hörten
1276 3379 82 47 wir
1379 3379 86 50 den
1489 3383 188 48 Concert-

207 3446 176 47 ineister
421 3448 173 48 David
638 3465 79 32 aus
745 3450 197 66 Leipzig,
985 3454 127 47 einen
1154 3455 257 50 trefflichen
1440 3458 264 49 Violinisten

207 3523 161 47 älterer
414 3525 176 57 Schule,
638 3526 82 49 der
768 3528 79 47 mit
892 3529 122 48 einer
1056 3530 255 51 trefflichen
1356 3535 201 49 Technik
1605 3538 98 47 eine

207 3600 274 55 maassvolle,
504 3601 137 49 solide
668 3604 83 47 Art
779 3604 77 47 des
886 3605 218 66 Vortrags
1135 3608 88 47 und
1253 3610 69 47 ein
1351 3612 104 47 sehr
1485 3612 84 48 fein
1600 3629 75 32 aus-

207 3675 245 62 gebildetes
480 3676 150 50 Piano
657 3680 244 50 verbindet.

322 3753 118 47 Herr
481 3770 33 30 v.
552 3755 192 48 Bülow
784 3758 89 64 gab
913 3759 115 48 nach
1068 3760 101 48 dem
1214 3761 256 51 bekannten
1501 3766 200 49 Vorfalle

202 3829 115 47 noch
346 3829 71 47 ein
440 3830 473 62 Orchester-Conccrt,
941 3854 52 31 zu
1022 3836 103 49 dem
1154 3839 147 48 Liszt
1329 3840 156 50 hieher
1513 3843 157 63 gekom-

202 3920 101 32 men
334 3921 108 32 war.
481 3907 94 46 Der
603 3909 103 47 Saal
736 3925 93 32 war
856 3911 194 50 ziemlich
1082 3915 177 64 gefüllt,
1289 3916 113 49 doch
1432 3934 156 33 waren
1618 3935 83 32 von

196 3981 103 47 dem
341 3984 344 62 gewöhnlichen
730 3985 448 53 Concert-Publicum
1219 4010 86 31 nur
1347 3994 197 49 einzelne
1587 3996 86 47 Ver-

195 4066 211 57 sprengte
439 4078 53 29 zu
524 4060 268 57 bemerken;
837 4062 68 50 die
934 4066 245 65 Anhänger
1220 4069 80 48 der
1328 4071 371 51 Zukunftsmusik

1804 329 152 47 hatten
1995 328 132 48 somit
2163 329 70 47 die
2263 332 179 48 Freude
2472 334 119 47 eines
2620 334 305 65 ungetrübten
2956 334 223 65 Erfolges,
3222 353 82 32 von

1801 403 100 47 dem
1933 403 66 47 bis
2036 421 53 29 zu
2119 403 80 48 der
2225 405 358 68 Anerkennung,
2633 410 70 47 die
2741 410 62 47 sie
2843 410 247 55 erstreben,
3136 412 168 48 freilich

1800 479 114 47 noch
1943 480 71 46 ein
2044 480 152 47 weiter
2229 482 122 63 Weg
2379 484 65 47 ist.
2491 485 119 46 Kam
2641 502 44 30 es
2716 504 86 28 nur
2830 485 166 49 darauf
3018 503 72 38 an,
3119 487 162 63 diejeni-

1799 570 102 47 gen,
1932 554 70 47 die
2030 555 120 47 nicht
2177 573 50 29 zu
2258 556 83 47 den
2370 559 236 48 Freunden
2630 560 80 47 der
2735 579 144 31 neuen
2902 562 229 64 Richtung
3159 564 113 61 gehö-

1797 648 96 38 ren,
1934 649 54 29 zu
2016 633 330 47 verscheuchen
2381 635 93 47 und
2514 652 48 31 so
2600 638 70 45 ein
2699 638 193 48 sicheres
2923 639 187 47 Terrain
3138 657 52 28 zu
3221 656 52 47 ge-

1797 708 193 56 winnen,
2021 708 81 47 auf
2125 708 100 48 dem
2256 710 99 56 alle,
2385 710 70 48 die
2483 711 305 64 gemeinsame
2811 714 145 47 Sache
2981 715 187 46 machen
3193 717 81 45 wol-

1796 784 86 56 len,
1910 799 56 32 eil
1980 781 184 66 famille
2191 784 97 47 sind
2324 786 93 47 und
2445 788 91 47 sich
2566 793 235 58 ungestört
2839 805 56 31 an
2931 790 85 45 den
3046 790 224 64 Schöpfun-

1795 874 85 47 gen
1909 859 80 47 der
2016 875 146 31 neuen
2188 860 98 47 Zeit
2313 861 201 49 erbauen
2543 863 90 47 und
2665 863 252 64 begeistern
2947 864 195 56 können,
3179 865 121 48 dann

1793 935 78 47 hat
1901 935 167 47 freilich
2097 937 122 45 Herr
2247 953 35 30 v.
2310 939 162 47 Bülow
2502 939 78 47 das
2610 939 123 48 beste
2764 940 141 47 Mittel
3206 943 91 47 dies

1791 1028 51 29 zu
1873 1011 248 56 erreichen,
2164 1012 63 46 als
2267 1028 50 31 er
2352 1014 122 47 seine
2506 1015 265 63 Ansprach#
2811 1031 56 32 an
2906 1015 86 47 den
3030 1016 266 48 zischenden

1793 1087 127 47 Theil
1948 1086 77 50 des
2054 1087 259 50 Publicums
2342 1090 120 48 hielt.
2508 1091 163 64 Einige
2703 1091 208 48 Freunde
2940 1092 113 47 wird
3084 1110 106 31 man
3218 1095 78 46 für

1785 1161 127 65 jedes
1957 1164 116 47 noch
2108 1180 49 31 so
2195 1165 239 49 verkehrte
2470 1167 339 47 Unternehmen
2851 1167 254 64 gewinnen,
3147 1171 146 47 zumal

1790 1255 132 33 wenn
1951 1256 44 31 es
2022 1258 84 31 von
2127 1242 221 47 Männern
2378 1244 254 63 empfohlen
2663 1244 127 57 wird,
2820 1244 71 47 die
2919 1245 115 47 nach
3063 1245 124 47 einer
3216 1263 54 30 an-

1788 1313 139 49 deren
1954 1316 228 65 Richtung
2210 1316 76 48 hin
2314 1318 296 49 unbestritten
2643 1320 280 47 bedeutende
2945 1321 348 64 Eigenschaften

1788 1391 166 56 haben,
2002 1393 85 46 wie
2124 1411 33 31 z.
2187 1393 50 47 B.
2268 1395 121 48 Herr
2417 1412 36 31 v.
2484 1396 160 47 Bülow
2675 1396 296 47 unbestritten
3014 1397 71 46 ein
3124 1396 140 49 bedeu-

1786 1467 159 48 tender
1962 1468 338 65 Clavierspieler
2318 1472 67 55 ist,
2409 1471 112 48 aber
2543 1471 113 48 doch
2681 1472 159 47 darum
2867 1472 247 64 möglicher
3137 1475 159 48 Weise

1787 1545 69 45 ein
1885 1543 104 47 sehr
2027 1546 186 48 falsches
2242 1548 171 47 Urtheil
2455 1547 113 47 über
2597 1548 367 64 Compositionen
2995 1548 146 49 haben
3173 1550 119 48 kann

1791 1649 62 5 —
1865 1621 311 51 bedeutenden
2197 1625 346 64 Schauspielern
2568 1626 160 61 gleich,
2757 1625 70 47 die
2859 1626 81 46 wir
2968 1625 215 49 ebenfalls
3215 1645 52 29 un-

1786 1697 308 49 terschiedslos
2122 1701 70 47 ihr
2215 1703 161 46 Talent
2403 1699 100 47 dem
2526 1702 160 46 Besten
2716 1699 91 49 und
2836 1701 100 47 dem
2956 1702 335 48 Schlechtesten

1785 1772 195 49 widmen
2008 1777 151 48 sehen.
2209 1780 179 46 Suchen
2417 1777 84 47 wir
2528 1777 69 48 die
2625 1780 237 45 Elemente
2889 1795 276 42 zusammen,
3208 1796 79 32 aus

1783 1848 145 48 denen
1969 1849 90 50 sich
2110 1853 80 48 der
2230 1856 129 47 letzte
2387 1854 302 65 Liszt-Erfolg
2728 1872 51 29 zu
2825 1854 148 49 bilden
3015 1856 271 48 vermochte.

1783 1927 73 47 Da
1884 1926 96 63 gibt
2008 1943 45 32 es
2083 1938 169 40 erstens
2281 1931 98 47 eine
2407 1931 168 47 Anzahl
2599 1931 221 63 jüngerer
2840 1931 218 56 Musiker,
3083 1931 207 63 obgleich

1782 2003 426 69 verhältnissmässig
2235 2008 176 62 wenige
2453 2007 90 47 und
2581 2023 86 31 nur
2704 2007 168 56 solche,
2914 2007 69 47 die
3022 2008 90 47 sieh
3149 2008 143 48 durch

1782 2079 156 64 eigene
1964 2080 363 67 Compositionen
2359 2083 158 47 keinen
2547 2084 175 47 Namen
2752 2083 240 47 erworben
3024 2083 165 56 haben,
3220 2084 70 49 die

1782 2155 91 47 sich
1910 2155 87 49 den
2023 2159 345 65 Bestrebungen
2395 2159 153 47 Liszt's
2585 2159 322 54 anschliessen;
2949 2161 208 45 meistens
3194 2161 98 46 sind

1783 2248 45 32 es
1849 2232 259 59 Virtuosen,
2138 2235 143 49 denen
2313 2253 44 31 es
2387 2252 55 30 an
2472 2235 124 47 einer
2624 2234 295 65 gründlichen
2952 2235 339 49 musicalischen

1782 2309 196 65 Bildung
2017 2314 198 62 mangelt
2263 2313 92 47 und
2395 2313 70 47 die
2506 2312 86 48 den
2627 2312 415 63 Zusammenhang,
3091 2313 45 47 in
3187 2312 101 48 dem

1782 2387 151 47 Liszt's
1978 2388 467 65 Compositionsweise
2487 2389 79 47 mit
2613 2389 101 47 dem
2757 2389 338 47 excentrischen
3140 2389 150 48 Geiste

1785 2463 240 48 moderner
2056 2465 262 49 Virtuosität
2355 2465 133 56 steht,
2533 2465 165 47 dunkel
2743 2465 327 47 herausfühlen
3114 2469 177 61 mögen.

1782 2542 133 46 Dann
1952 2542 97 46 sind
2087 2559 44 31 es
2169 2544 191 47 Schüler
2398 2543 77 48 des
2503 2544 154 46 Herrn
2695 2559 37 32 v.
2761 2542 179 57 Bülow,
2982 2542 310 49 Bewunderer

1781 2616 142 47 seines
1955 2618 322 64 Ciavierspiels,
2323 2620 213 46 mitunter
2566 2620 113 46 auch
2710 2619 146 47 seiner
2883 2619 229 62 sonstigen
3141 2619 128 63 geisti-

1781 2710 86 46 gen
1890 2694 363 65 Eigenschaften.
2282 2695 341 48 Musikhändler
2646 2696 163 56 ferner,
2839 2702 164 40 sammt
3029 2695 102 47 dem
3156 2696 136 47 Tross

1782 2770 79 47 der
1889 2788 82 30 von
2000 2771 135 49 ihnen
2164 2771 287 66 abhängigen
2477 2774 213 55 Commis,
2721 2773 69 47 die
2821 2771 114 47 doch
2967 2773 215 47 wahrlich
3212 2773 78 48 das

1782 2848 307 47 musicalische
2117 2849 174 47 Urtheil
2323 2849 172 48 Berlins
2531 2849 121 47 nicht
2688 2849 341 63 repräsentiren.
3076 2849 106 47 Wir
3210 2849 54 48 ha-

1782 2923 86 48 ben
1908 2924 114 47 auch
2065 2925 145 47 Leute
2247 2925 155 48 Beifall
2444 2925 198 65 spenden
2684 2925 153 55 sehen,
2879 2924 71 48 die
2980 2925 70 47 ein
3079 2925 208 64 gewisses

1781 3000 171 48 Urtheil
1983 3000 148 50 haben
2163 3003 90 47 und
2281 3003 90 48 sich
2402 3003 251 64 persönlich
2685 3001 263 65 vollständig
2976 3003 314 63 absprechend

1781 3076 113 48 über
1922 3076 71 48 die
2022 3077 245 50 modernen
2298 3079 344 63 Bestrebungen
2684 3083 199 50 äussern,
2924 3077 366 65 absprechender

1778 3152 234 58 vielleicht,
2042 3155 64 47 als
2135 3154 80 48 der
2242 3156 217 47 Referent
2487 3155 146 48 dieser
2661 3156 170 47 Blätter
2864 3183 64 5 —
2962 3156 96 47 eine
3089 3156 173 64 Doppel-

1777 3230 274 65 züngigkeit,
2094 3232 72 47 die
2194 3250 87 29 nur
2309 3232 122 49 ihrer
2459 3232 425 66 Ungefährlichkeit
2912 3249 159 48 wegen
3100 3234 192 63 ignorirt

1778 3306 182 48 werden
2009 3307 111 50 darf.
2181 3310 62 47 Es
2286 3310 211 48 kommen
2540 3309 174 49 endlich
2757 3310 281 65 persönliche
3079 3310 213 49 Freunde

1777 3385 198 46 Bülow's
2021 3385 93 47 und
2148 3386 151 47 Liszt's
2341 3386 129 55 dazu,
2519 3386 144 47 denen
2709 3403 104 31 man
2863 3386 96 47 ihre
3001 3387 290 64 gutmüthige

1777 3461 297 48 Theilnahme
2103 3464 118 47 wohl
2252 3464 231 48 verzeihen
2515 3464 181 55 könnte,
2741 3480 133 32 wenn
2915 3464 62 47 sie
3015 3464 122 47 nicht
3179 3471 111 42 trotz

1776 3537 122 48 ihrer
1945 3540 285 48 notorischen
2285 3541 342 48 musicalischen
2676 3540 615 64 Unzurechnungsfähigkeit

1776 3613 70 49 die
1875 3615 292 64 Dreistigkeit
2197 3616 223 57 besässen,
2449 3617 43 47 in
2521 3616 125 48 einer
2669 3616 160 49 Weise
2856 3616 149 48 Partei
3034 3635 54 29 zu
3118 3618 148 64 ergrei-

1777 3691 86 54 fen,
1894 3691 70 48 die
1993 3692 70 47 ein
2092 3693 254 49 schlimmes
2369 3693 217 65 Zeugniss
2615 3693 172 49 sowohl
2812 3709 84 31 von
2924 3693 123 49 ihrer
3070 3695 191 48 Urteils-

1777 3768 218 64 fähigkeit
2031 3770 62 47 als
2133 3786 86 32 von
2257 3768 127 50 ihren
2420 3770 221 48 sittlichen
2672 3770 310 48 Grundsätzen
3013 3771 167 65 ablegt.
3216 3801 65 7 —

1773 3845 75 48 Ich
1887 3845 117 48 habe
2045 3846 116 48 über
2194 3847 71 47 die
2597 3847 188 47 Liszt's
2830 3848 40 46 in
2902 3848 193 49 meinem
3126 3851 160 47 letzten

1773 3922 147 48 Briefe
1948 3940 88 30 nur
2065 3923 108 49 kurz
2205 3925 241 55 berichtet;
2486 3925 80 48 das
2595 3925 138 48 Stück
2773 3926 157 48 wurde
2964 3944 101 29 zum
3094 3927 190 50 zweiten

1773 3999 118 47 Male
1922 3999 283 65 aufgeführt,
2247 3999 93 49 und
2368 4017 49 32 so
2446 3999 115 50 wird
2591 4001 85 48 mir
2704 4002 334 48 willkommene
3063 4003 196 66 Gelegen-

1774 4076 107 56 heit,
1909 4077 117 48 noch
2055 4077 164 49 einmal
2249 4077 168 49 darauf
2437 4078 456 50 zurückzukommen.
