2626 4280
1278 3954 86 47 290

1886 320 197 37 ,,sursum
2109 321 169 33 corda!«

864 386 41 44 ir
944 384 191 57 erheben
1174 381 161 58 unsere
1365 384 172 54 Herzen
1577 385 45 44 in
1659 385 69 44 die
1759 384 186 55 Einheit
1977 387 92 42 und
2103 384 153 57 Kraft
2287 388 80 43 des

906 457 443 57 Zufammenhanges
1395 458 168 55 ewiger
1607 456 379 58 Notwendigkeit
2036 460 93 42 und
2175 457 164 58 Entfal-

907 539 118 47 tung
1057 534 94 41 und
1184 530 216 45 erkennen
1431 528 160 56 dieses:

978 594 119 52 Dem
1124 601 201 47 Walten
1358 603 119 45 einer
1509 604 310 44 iinmaitenten
1860 598 242 61 göttlichen
2133 604 234 56 Ordnung

905 670 165 61 gemäß
1132 672 198 59 spaltete
1393 674 76 55 sich
1523 678 90 42 das
1664 674 416 58 vorgefchrittenste
2137 678 92 41 und
2273 687 62 32 um-

905 745 239 58 fassendste
1198 751 80 41 der
1324 747 181 46 antiken
1546 746 295 56 Weltreiche,
1894 745 202 58 spaltete
2148 746 80 57 fiel)
2277 751 90 41 das

906 821 255 55 lmperium
1213 823 265 41 Romanum
1538 821 46 45 in
1635 821 69 44 ein
1756 816 346 60 weströmifchcs
2150 823 93 42 und
2297 821 68 45 ein

906 888 304 61 oströnxisches
1251 893 147 55 Reich.
1459 888 226 61 Göttliche
1724 892 375 57 Arbeitsteilung
2142 896 81 41 des
2263 904 103 35 vor-

283 963 298 56 schreitenden
613 965 259 55 christlichen
900 963 439 59 (menschheitlichen)
1362 966 245 56 Prinzipes
1640 968 107 50 nach
1779 966 108 53 zwei
1911 966 169 46 Seiten
2112 966 78 55 hin
2224 963 143 59 seiner

281 1035 231 59 Aufgabe,
546 1042 81 41 der
656 1038 365 57 Einverleibung
1052 1041 94 42 und
1178 1038 270 46 kulturellen
1480 1038 228 57 Bindung
1746 1039 119 44 eines
1897 1038 329 57 ungeheuerem
2259 1038 85 45 viel-

283 1106 235 60 spältigeit
575 1109 326 58 barbarischen
947 1111 447 55 Seelenmaterials,
1450 1108 563 60 bewunderungswürdig
2061 1110 305 58 angemessen:

282 1185 95 55 hier
393 1185 234 55 Westrom
648 1187 92 42 und
763 1187 89 42 das
875 1182 394 57 athanasianische
1290 1183 285 47 Bekenntnis
1598 1182 89 58 auf
1707 1185 68 44 die
1792 1184 167 45 Kelten
1982 1187 92 43 und
2097 1183 266 46 Germanen

281 1258 232 55 gerichtet,
558 1260 108 42 dort
698 1258 187 54 Ostroin
923 1260 93 42 und
1056 1260 89 41 das
1184 1255 249 58 arianischc
1470 1256 288 46 Bekenntnis
1797 1255 337 60 vorzugsweise
2174 1256 89 58 auf
2299 1258 68 44 die

283 1328 190 47 Slaven
505 1334 92 40 und
629 1331 68 44 die
717 1325 176 50 Völker
926 1333 79 41 des
1027 1331 165 54 Ostens
1223 1331 224 55 gerichtetz
1480 1328 321 58 entsprechend
1832 1332 119 44 einer
1971 1328 266 59 Abstufung
2268 1342 93 34 von

281 1403 164 54 Wert,
488 1400 159 59 Beruf
684 1406 93 41 und
820 1401 267 47 kultureller
1118 1400 197 58 Zukunft
1353 1403 160 53 zweier
1544 1406 303 42 verwandter
1879 1407 91 41 und
2005 1406 100 51 doch
2140 1403 98 57 sehr
2269 1415 72 33 ver-

283 1474 238 56 schiedener
551 1473 415 58 Rassenkomplexe

417 1548 231 55 Westrom
671 1551 124 42 dann
817 1559 92 34 von
933 1551 83 42 den
1040 1547 264 46 Germanen
1328 1544 336 58 zertrümmert.
1698 1547 121 56 Doch
1842 1547 266 54 Fortdauer
2130 1551 79 42 der
2231 1549 134 54 durch

283 1623 83 42 den
408 1619 642 59 Weltreichbildungsprozeß
1093 1622 239 53 erreichten
1375 1621 447 56 vorgefchrittensten
1866 1619 499 58 menschheitlichen

281 1691 446 59 Weltreichbildung
777 1694 45 45 in
869 1706 136 33 neuer
1044 1692 164 53 Form:
1262 1697 80 42 der
1382 1692 304 58 germanische
1727 1689 252 61 Heerkönig
2024 1688 341 61 weströmischer

282 1765 168 54 Kaiser
481 1770 266 53 geworden;
780 1768 187 54 Ostroin
999 1766 112 46 aber
1142 1767 393 55 weiterdauernd,
1567 1766 73 45 bis
1674 1779 47 31 es
1752 1768 99 43 dem
1883 1766 141 56 polar
2057 1765 76 54 sich
2167 1767 83 43 mit
2283 1770 79 40 der

283 1837 261 56 christlichen
570 1838 183 45 Kultur
784 1840 46 44 in
863 1836 201 59 näheren
1084 1838 159 57 Bezug
1274 1838 280 62 bringenden
1587 1837 323 57 islamitischen
1932 1838 217 56 Ansturm
2182 1838 178 56 erliegt,

282 1909 147 47 wobei
462 1925 46 30 es
541 1909 113 57 seine
676 1909 398 58 Kulturfunktion
1106 1915 92 41 und
1220 1909 271 58 Herrschaft
1523 1909 88 58 auf
1639 1915 89 41 das
1753 1908 210 59 russische
1983 1911 146 47 Zarat
2160 1910 202 46 vererbt.

427 1982 115 57 Also
585 1985 86 43 wie
706 1996 144 41 zuvor
888 1982 229 58 lateinisch
1149 1984 230 55 Westrom
1420 1988 92 41 und
1544 1985 214 55 Ostrom,
1803 1982 49 58 so
1892 1985 98 55 jetzt
2031 1982 332 59 germanischer

282 2054 227 59 deutscher
540 2055 170 57 Kaiser
743 2060 91 42 und
867 2052 196 61 östlicher
1093 2056 90 48 Zar
1215 2055 381 47 nebeneinander.

324 2127 2 59 e
427 2128 122 55 Doch
572 2131 104 55 noch
700 2131 113 54 nicht
837 2130 96 44 dies
965 2130 68 44 die
1064 2129 162 56 wahre
1248 2127 198 59 organis
1447 2131 74 52 ehe,
1556 2128 245 58 lebendigst
1822 2129 225 45 wirkende
2069 2127 294 58 Polsetzung!

282 2200 129 56 Diese
453 2200 190 47 bereitet
682 2200 78 57 sich
799 2201 221 57 vielmehr
1059 2205 92 42 und
1191 2203 209 53 vollzieht
1440 2201 78 56 sich
1552 2203 84 44 mit
1669 2202 124 45 einer
1823 2202 213 44 weiteren
2068 2199 297 58 Entfaltung

282 2278 79 40 des
392 2273 258 57 westlichen,
684 2274 192 55 deutsch-
886 2273 333 59 germanischen
1250 2273 351 57 Kaiserreiches.

425 2346 94 45 Bis
540 2358 141 45 gegen
704 2350 88 49 das
813 2346 348 57 Interregnum
1193 2348 144 55 heran
1369 2348 85 55 hat
1485 2346 143 58 dieses
1661 2348 46 45 in
1739 2346 139 56 seiner
1901 2348 165 54 Macht
2098 2350 93 41 und
2216 2343 150 49 Blüte

281 2420 257 55 gestanden.
594 2419 120 54 Doch
757 2431 93 33 von
895 2424 83 41 den
1017 2417 276 60 fränkischen
1325 2419 201 56 Kaisern
1564 2433 62 33 an
1671 2419 275 58 beginnende
1977 2416 265 60 Loslösung
2273 2431 92 34 von

281 2492 141 56 Rom;
457 2490 385 58 vorschreitender
874 2492 300 56 Durchbruch
1198 2492 344 58 selbsteigenster
1585 2492 488 58 protestantischer
2104 2492 135 56 Rasse
2269 2504 72 45 ger-

283 2565 246 55 manischen
561 2565 370 45 Kulturtriebes
984 2564 237 59 Aufblüte
1253 2570 79 42 der
1363 2565 337 58 germanischen
1734 2565 189 58 Mystik,
1955 2563 286 59 Vertiefung
2271 2568 94 42 und

281 2633 227 61 Klärung
546 2636 333 58 germanischer
910 2638 261 58 Geistigkeit
1210 2643 94 42 und
1334 2635 320 61 Religiosität,
1702 2639 68 44 die
1810 2634 225 61 anfängt,
2079 2637 154 45 klarer
2272 2642 92 41 und

282 2710 154 46 klarer
458 2712 166 43 reinem
648 2711 258 56 christlichen
923 2712 194 56 Prinzip
1136 2715 91 42 und
1247 2713 147 44 reiner
1414 2711 145 58 Lehre
1579 2724 54 41 zu
1655 2709 302 58 entsprechen.
1988 2709 136 47 Bald
2142 2713 105 52 nach
2266 2713 99 42 dem

282 2782 346 58 Interregnum
650 2783 113 45 aber
785 2788 89 41 das
895 2786 159 44 immer
1077 2783 343 58 entschiedenere
1436 2784 311 57 Auskommen
1772 2788 78 41 der
1868 2783 188 56 Sekten,
2075 2785 67 44 die
2163 2782 89 58 auf
2273 2785 90 45 eine

283 2857 189 55 endliche
485 2852 243 61 Ablösung
746 2860 78 42 des
832 2856 350 56 Bekenntnisses
1195 2869 93 34 von
1300 2858 122 45 Rom
1435 2858 182 55 hinaus,
1638 2858 68 45 die
1717 2855 330 58 Reformation
2061 2856 303 47 vorbereiten.

283 2927 347 58 Gleichlaufend
656 2931 69 43 die
747 2931 297 55 zunehmende
1068 2931 152 45 innere
1237 2934 93 42 und
1347 2927 169 59 äußere
1532 2927 285 61 Zerrüttung
1829 2933 86 41 des
1930 2930 195 56 Reiches.
2163 2929 200 57 Zugleich

281 3001 170 46 kommt
469 3002 67 44 die
558 3000 332 58 Kaiserwürde
916 3016 61 31 an
994 3004 68 44 die
1081 3012 261 37 romtreuen
1359 3002 326 58 Zzabsburgey
1704 3006 133 53 deren
1856 3000 258 59 politisches
2125 3001 240 58 Jintereise

282 3075 159 44 immer
458 3074 314 57 nachhaltiger
789 3078 106 51 nach
921 3078 98 42 dem
1034 3077 135 55 Osten
1187 3077 75 55 hin
1281 3077 46 45 in
1340 3073 237 59 Anspruch
1596 3087 268 45 genommen
1881 3077 137 45 wird.
2048 3074 109 46 Das
2178 3073 187 59 ,,heilige

282 3142 209 61 römische
521 3147 129 56 Reich
684 3146 227 57 deutscher
931 3148 220 47 Nation«
1182 3149 224 54 nunmehr
1437 3152 79 41 der
1549 3148 163 56 Spott
1744 3151 80 42 der
1855 3144 261 50 Völker...

426 3221 107 44 Und
552 3221 102 54 doch
678 3221 51 55 ist
751 3224 88 41 das
862 3233 89 33 nur
975 3219 91 58 sein
1091 3217 197 60 äußerer
1306 3221 209 56 Zustand,
1539 3225 93 41 und
1651 3222 46 44 in
1712 3221 255 56 Wahrheit
1989 3222 112 55 steht
2123 3234 49 31 es
2195 3219 170 47 bereits

281 3293 46 43 in
359 3292 120 46 einer
511 3305 152 37 neuen,
697 3295 105 54 noch
834 3296 294 55 ungeahnten
1149 3291 184 48 Würde
1365 3297 93 42 und
1480 3292 168 58 Kraft,
1683 3295 159 44 immer
1862 3303 138 36 unter
2022 3294 120 45 allen
2163 3291 202 59 äußeren

279 3365 197 45 TVirren
508 3364 77 55 sich
618 3366 329 56 vollziehenden
979 3364 216 48 kulturell
1220 3366 197 56 polaren
1438 3365 338 58 Ausgleichung
1808 3371 93 41 und
1924 3367 340 56 Neuordnung,
2297 3367 68 44 die
