2626 4280
1286 3976 84 45 287

427 429 316 57 Lucretia
769 430 288 69 Borgim
1090 436 199 58 Fliegen,
1313 436 158 56 lieben,
1494 435 273 58 zerschellen!
1799 436 108 46 Das
1932 432 173 50 können
2129 436 88 47 Sie
2239 438 114 54 nicht

284 509 244 59 begreifen,
559 510 88 46 Sie
676 507 196 61 gehören
904 512 138 43 einem
1075 522 158 32 armen
1262 509 350 57 Jahrhundert,
1647 510 120 44 einer
1797 509 93 49 Zeit
1930 505 241 61 kläglicher
2202 509 120 54 Hans-

285 585 165 54 wurste
482 595 76 34 an.
603 584 110 56 Erst
743 585 96 54 jetzt
871 582 132 45 keimt
1034 581 160 55 Leben,
1227 582 68 45 die
1325 582 125 45 Erde
1480 582 119 45 wird
1631 582 167 45 wieder
1829 582 133 56 jung!

429 683 170 73 Felix
624 683 229 63 Faure:
883 692 105 43 Und
1015 691 58 53 ich
1105 690 117 52 habe
1252 703 47 31 es
1327 689 293 47 vorbereitet.
1661 688 88 47 Bei
1775 679 224 78 ntanchejn
2019 681 159 63 Diner,
2203 686 152 59 schöne

287 763 162 56 Dame,
482 763 70 46 bei
585 766 222 53 manchem
831 762 110 56 Fest.
986 761 90 57 Ich
1110 760 83 58 sah
1226 763 158 43 immer
1413 773 112 46 gern
1553 761 266 57 Schultern,
1852 758 222 50 blendend
2106 760 131 58 weiß,
2269 763 85 44 wie

288 836 66 45 die
384 834 160 58 Ihren
568 871 10 11 .
600 871 12 11 .
635 871 11 11 .

431 929 314 58 Lucretia
771 928 286 68 Borgim
1097 937 71 43 Er
1207 937 83 56 hat
1328 935 213 58 gegessen,
1575 948 47 32 er
1661 937 83 54 hat
1783 935 260 58 getrunken,
2076 937 147 43 damit
2259 937 93 52 jene

288 1006 229 60 kämpfen.
566 1010 223 55 Verstehst
832 1012 60 41 du
931 1012 100 51 das,
1062 1006 142 47 Ada?
1255 1007 89 57 Ich
1386 1009 193 55 verstehe
1621 1009 100 55 nur,
1765 1006 92 63 daß
1903 1020 47 32 er
1989 1006 131 46 dabei
2158 1005 91 57 fett
2287 1018 45 46 ge-

290 1086 186 41 worden
509 1082 62 55 ist.
620 1083 105 43 Und
758 1095 46 30 es
835 1081 102 45 kam
967 1081 157 54 keiner,
1158 1083 78 42 der
1267 1081 93 44 Dir
1392 1082 67 43 ein
1492 1078 109 58 Gift
1633 1081 45 44 in
1709 1081 68 44 die
1795 1080 177 55 Suppe
2003 1078 214 59 schüttete
2249 1083 106 42 oder

290 1155 45 44 in
368 1157 83 42 den
481 1150 173 48 Wein?
692 1156 104 42 Und
828 1153 157 55 keiner,
1019 1156 78 41 der
1128 1152 91 46 Dir
1250 1154 122 44 einen
1403 1151 141 56 Dolch
1577 1154 45 44 in
1654 1153 67 62 die
1751 1153 186 55 Rippen
1969 1153 130 55 stach!
2145 1151 118 56 Ada,
2296 1153 59 53 ich

290 1227 194 56 verstehe
516 1227 146 54 nichts
688 1237 91 34 von
812 1228 78 42 der
918 1225 145 55 Welt,
1096 1226 85 44 wie
1212 1224 55 59 sie
1298 1224 74 45 bis
1403 1226 129 54 heute
1562 1223 202 58 gewesen
1797 1226 65 54 ist.
1901 1224 125 45 Aber
2052 1226 97 54 jetzt
2180 1223 96 57 sehe
2297 1225 57 53 ich

290 1300 163 43 wieder
486 1299 226 55 hinunter,
747 1296 166 57 lüstern
945 1300 91 42 und
1067 1295 124 58 froh.
1234 1299 88 54 Oh,
1346 1308 133 34 wenn
1509 1298 58 55 ich
1596 1299 103 54 noch
1730 1293 162 61 länger
1913 1298 193 54 wittere,
2131 1295 224 58 schwellen

292 1371 86 44 mir
410 1371 67 44 die
507 1367 167 59 Brüste
705 1382 107 33 vom
841 1368 139 47 Blut.
1080 1367 4 59 .

433 1462 175 73 Felix
633 1463 229 63 Faure:
906 1472 104 44 Und
1054 1473 89 42 das
1186 1469 85 58 soll
1314 1483 106 32 man
1464 1471 136 56 ruhig
1641 1469 204 56 ansehen.
1895 1469 99 45 Der
2032 1481 140 46 ganze
2211 1470 144 55 Krieg

292 1539 130 60 hätte
461 1545 121 44 einen
622 1546 289 54 ungeahnten
941 1541 188 59 Erfolg,
1169 1555 131 33 wenn
1340 1544 92 44 eine
1462 1542 217 46 Lucretia
1709 1542 188 56 Borgia
1936 1541 209 57 lebendig
2184 1538 172 48 würde.

291 1617 242 52 Madame,
566 1627 133 34 wenn
732 1616 87 45 Sie
850 1612 202 59 wüßten,
1086 1616 84 44 wie
1202 1614 101 57 sehr
1334 1617 57 52 ich
1424 1614 88 45 Sie
1542 1614 293 45 bewundere!

296 1708 4 67 ,
433 1708 314 56 Lucretia
773 1708 286 67 Borgim
1095 1715 93 46 Gib
1220 1715 175 45 Raum!
1436 1715 142 45 Dein:
1600 1714 133 46 Liebe
1764 1715 50 55 ist
1845 1710 214 61 einåugig
2090 1717 93 43 und
2214 1714 144 46 Dein:

293 1786 132 47 Glut
454 1784 160 59 wächst
653 1794 133 39 unter
827 1788 140 45 Glas.
1018 1789 136 44 Mein
1184 1786 273 52 Feueratem
1497 1788 207 55 verzehrt
1741 1785 146 46 Deine
1925 1783 249 59 lächerliche
2205 1787 150 55 Seele,

291 1860 68 44 die
396 1858 75 56 sich
511 1856 170 59 rühmt,
715 1864 83 40 den
829 1861 146 54 Krieg
1012 1859 340 57 herangegessen
1391 1862 93 42 und
1523 1858 393 57 herangetrunken
1953 1871 53 40 zu
2037 1858 163 57 haben.
2250 1860 107 44 Wie

291 1930 119 45 kann
448 1943 108 32 man
596 1934 104 50 nach
732 1932 222 44 Weibern
994 1930 176 57 blicken,
1203 1943 132 34 wenn
1365 1931 174 55 Helden
1577 1927 238 59 kämpfen!
1865 1931 133 55 Nach
2029 1934 79 41 der
2141 1929 216 58 Schlacht

291 2002 133 45 Liebe
455 2007 92 41 und
580 2002 198 46 niemals
809 2003 184 57 solange
1023 2002 229 58 gefochten
1283 2005 135 44 wird.

435 2095 171 74 Felix
630 2096 229 62 Faure:
887 2104 89 56 Ich
999 2104 118 54 habe
1139 2104 77 46 als
1238 2103 184 57 Mensch
1448 2106 66 43 nie
1536 2104 123 45 Blut
1683 2102 130 58 sehen
1842 2099 189 50 können!
2064 2106 103 43 Und
2190 2103 78 45 bin
2297 2116 61 32 an

294 2177 78 42 der
392 2175 133 45 Liebe
551 2176 247 57 gestorben.
834 2176 89 57 Ich
954 2177 108 56 muß
1090 2177 158 45 immer
1269 2176 155 57 lieben,
1450 2176 188 57 solange
1661 2177 136 44 meine
1819 2174 147 47 Seele
1982 2171 376 60 zusammenhält.

436 2269 313 56 Lucretia
775 2269 287 69 Borgim
1094 2276 74 46 An
1203 2280 78 42 der
1312 2277 131 46 Liebe
1474 2276 247 58 gestorben,
1753 2273 337 60 Schwächling
2141 2276 88 56 Ich
2263 2276 97 45 will

293 2346 223 58 Männer,
549 2351 67 44 die
648 2351 45 44 in
726 2351 167 44 ineinen
925 2350 171 45 Armen
1127 2348 140 57 leben,
1301 2351 114 54 nicht
1447 2349 184 55 sterben.
1676 2349 171 46 Davor
1876 2350 160 55 graust
2067 2350 119 54 mich.
2290 2346 2 59 .

436 2442 170 74 Felix
631 2443 231 63 Faure:
889 2450 90 58 Ich
1012 2451 79 46 bin
1123 2450 113 47 aber
1266 2449 248 57 Präsident
1547 2454 79 42 der
1655 2449 242 58 Republik

436 2550 312 57 Lucretia
774 2553 288 68 Borgiat
1096 2560 114 45 Soll
1241 2563 88 42 das
1362 2557 178 59 kräftig
1579 2557 212 59 machen?
1837 2560 118 53 Ada,
1990 2562 79 42 der
2100 2555 258 58 Schwätzer

296 2630 245 57 langweilt
582 2633 118 54 »sich.
760 2632 135 57 Sieh’
928 2634 99 53 her!
1079 2632 82 46 Da
1198 2632 143 57 platzt
1380 2634 91 43 eine
1511 2633 247 54 leuchtende
1795 2630 155 58 Kugel
1988 2633 93 43 und
2120 2631 68 44 ein
2225 2631 135 54 Haus

295 2703 180 45 brennt.
519 2706 89 54 Oh,
642 2717 46 31 es
720 2704 109 56 muß
862 2704 186 57 herrlich
1080 2718 52 41 zu
1166 2704 126 46 leben
1324 2703 112 57 sein!
1473 2709 89 42 (Sic
1586 2705 114 47 fährt
1723 2709 74 35 mit
1819 2709 91 36 Ada
1935 2709 39 35 i»
1998 2709 242 42 gewaltigem
2263 2708 97 43 Flug

294 2773 77 43 auf
391 2774 60 35 die
476 2775 106 34 Erde
604 2775 202 44 gerichtet)
2029 2773 2 46 »

437 2854 169 73 Felix
631 2855 226 62 FaUre:
905 2863 88 46 Die
1031 2864 146 48 Zeiten
1220 2861 176 47 ändern
1440 2862 91 56 sich.
1591 2864 71 42 Es
1706 2863 50 56 ist
1796 2871 98 48 gut,
1934 2862 93 56 daß
2070 2863 67 43 die
2175 2861 185 52 Frauen

296 2936 157 43 iinmer
498 2948 51 40 zu
595 2938 82 42 den
724 2934 305 58 betreffenden
1075 2932 245 49 Männern
1367 2934 165 57 passen.
1601 2935 62 47 Zu
1709 2936 168 44 nieiner
1923 2934 89 49 Zeit
2058 2931 196 60 genügte
2299 2946 60 43 es,

293 3002 249 60 Präsident
571 3019 52 41 zu
655 3005 104 58 sein.
805 3007 231 57 Vielleicht
1069 3007 77 46 bin
1179 3009 55 52 ich
1269 3008 248 55 rechtzeitig
1549 3006 246 58 gestorben.

1399 3136 256 56 Alexander
1686 3148 91 35 von
1809 3135 494 57 Gleichens=Rukwurm
