3662 4455
370 140 1468 219 \ioderriiciiiisflic
2006 140 1168 214 Hiisik-Zcifmi»

738 427 196 92 für
985 427 886 92 Kunstfreunde
1924 427 242 87 und
2222 422 599 92 Hünstier.

182 630 456 87 Herausgegeben
678 648 106 40 von
830 628 275 57 Professor
2120 627 57 53 L.
2302 624 247 76 Bischoff.
1663 621 200 88 Verlag
1908 620 93 59 der
2138 624 575 74 DuMont-Sekauberg
2714 620 174 60 'sehen
2933 623 439 90 Buchhandlung.

1463 816 177 86 KÖLN,
1682 829 74 58 17.
1796 826 117 60 Juni
1956 823 148 61 1854.

2955 830 59 58 11.
3054 827 288 78 Jahrgang.

213 836 86 61 Nr.
336 835 86 62 24.

213 1018 161 61 Ueber
434 1018 92 60 das
579 1016 324 61 Verhältniss
955 1016 86 59 des
1093 1013 398 62 Musikalischen
1543 1031 112 41 zum

513 1110 382 59 Dramatischen
959 1108 50 60 in
1068 1108 86 60 der
1213 1107 138 79 Oper.

595 1233 338 76 Abgerissene
1015 1232 270 61 Gedanken

891 1353 77 27 von

674 1421 245 60 Roderich
952 1420 233 61 Benedix.

597 1528 191 51 (Schluss.
829 1527 38 41 S.
896 1527 71 41 Nr.
996 1526 51 40 22
1076 1526 84 39 und
1189 1525 82 53 23.)

267 1620 70 51 Zu
367 1617 120 52 noch
517 1620 264 66 grösserem
800 1615 329 52 Verständniss
1162 1613 80 52 des
1272 1616 207 52 Wesens
1512 1613 80 51 des
1626 1631 66 33 mu-

141 1704 268 52 sikalischen
441 1704 208 49 Drama's
696 1701 191 51 werden
932 1701 84 51 wir
1058 1700 240 67 gelangen,
1345 1716 135 35 wenn
1527 1698 84 50 wir
1656 1698 70 50 die

137 1790 242 66 Wirkung
402 1787 80 51 des
499 1787 149 50 Chors
675 1785 285 60 betrachten,
992 1785 149 49 dieses
1174 1784 81 49 der
1274 1785 131 67 Oper
1430 1801 116 50 ganz
1573 1782 128 68 eigen-

140 1872 282 51 thümfichen
463 1870 190 60 Mittels,
699 1869 200 50 welches
943 1869 78 50 das
1066 1866 202 51 recitirte
1296 1869 175 49 Drama
1503 1866 151 69 wenig
1684 1866 43 51 in

139 1958 316 66 Anwendung
484 1955 196 67 bringen
711 1952 136 51 kann.

264 2043 99 48 Der
395 2039 126 51 Chor
551 2039 44 49 in
626 2038 82 50 der
739 2038 131 68 Oper
911 2036 58 51 ist
1007 2036 239 51 entweder
1288 2035 292 52 theatralisch
1614 2035 113 51 oder

140 2125 292 54 dramatisch.
464 2123 311 52 Theatralisch
805 2123 59 50 ist
893 2139 66 42 er,
992 2138 135 34 wenn
1159 2139 50 33 er
1239 2121 124 52 nicht
1391 2121 42 51 in
1465 2121 71 51 die
1565 2120 128 51 Hand-

139 2212 113 67 lung
281 2209 225 69 eingreift.
537 2208 168 52 Solche
736 2206 124 51 bloss
893 2205 641 52 musikalisch-theatralische
1566 2205 155 50 Chöre

140 2295 99 51 sind
267 2292 276 53 namentlich
573 2292 71 50 die
664 2292 45 49 in
732 2290 143 51 vielen
902 2290 161 68 Opern
1087 2290 394 51 vorkommenden
1498 2289 223 51 Priester-

140 2378 165 52 Chöre.
356 2378 76 51 Sie
464 2377 99 52 sind
593 2377 162 49 immer
785 2393 56 33 an
873 2375 145 50 ihrem
1054 2375 169 60 Platze,
1268 2375 164 51 immer
1462 2393 89 32 von
1583 2382 138 59 guter

137 2462 256 68 Wirkung.
423 2463 95 50 Das
548 2460 268 60 Feierliche,
849 2459 331 51 Ceremonielle
1211 2459 120 51 ihres
1362 2459 270 51 Auftretens
1664 2458 58 51 ist

137 2547 199 52 trefflich
363 2546 319 59 theatralisch;
714 2546 83 50 der
818 2543 155 52 Musik
1002 2543 59 51 ist
1091 2543 71 51 für
1192 2544 88 51 den
1305 2544 303 68 Chorgesang
1639 2543 80 51 das

137 2631 223 52 breiteste
389 2629 113 51 Feld
544 2629 204 69 geöffnet
788 2627 330 70 (Zauberllöte,
1150 2627 221 60 Vestalin,
1399 2629 189 58 Norma,
1617 2628 77 51 Jes-

139 2716 144 51 sonda
314 2734 44 31 u.
390 2732 36 33 s.
457 2713 93 70 w.).
602 2713 135 51 Auch
770 2713 154 51 Chöre
964 2730 89 33 von
1085 2712 463 60 Genossenschaften,
1594 2731 36 33 z.
1664 2713 53 51 B.

136 2801 182 67 Jäger-,
347 2797 391 70 Krieger-Chöre,
778 2797 100 52 sind
907 2796 135 52 meist
1067 2815 90 33 nur
1186 2797 295 51 theatralisch
1523 2796 94 51 und
1649 2796 71 51 ein

137 2885 252 52 treffliches
417 2883 216 51 Element
661 2883 83 51 der
775 2883 146 69 Oper.
950 2881 134 51 Eben
1115 2900 51 33 so
1199 2882 71 51 die
1298 2882 155 51 Chöre
1484 2882 69 51 bei
1588 2883 105 50 Fest-

137 2968 243 53 lichkeiten
410 2986 45 33 u.
488 2985 36 33 s.
554 2984 60 34 w.
673 2968 64 50 So
788 2966 133 68 lange
972 2966 84 51 der
1086 2967 127 51 Chor
1252 2984 58 33 an
1354 2967 83 50 der
1467 2966 253 67 Handlung

137 3054 126 52 nicht
292 3054 130 50 Theil
452 3054 177 58 nimmt,
670 3070 50 33 so
761 3052 133 66 lange
925 3069 51 33 er
1012 3050 125 52 bloss
1169 3054 157 66 Zeuge
1358 3051 242 52 derselben
1645 3051 74 58 ist,

137 3137 97 52 und
273 3136 217 52 allenfalls
544 3136 124 51 seine
708 3135 378 70 Empfindungen
1127 3135 117 51 über
1287 3135 80 52 das
1406 3135 313 67 Vorgehende

136 3221 273 70 ausspricht,
438 3220 59 51 ist
527 3220 83 51 der
640 3220 125 52 Chor
797 3220 123 51 bloss
952 3220 356 67 theatralisch*).

261 3306 152 50 Allein
444 3304 143 52 selbst
617 3305 149 51 dieser
795 3304 322 51 theatralische
1150 3304 125 52 Chor
1316 3304 104 51 darf
1444 3304 125 51 nicht
1599 3322 115 50 ganz

136 3390 274 67 überflüssig
441 3389 109 51 sein.
610 3389 67 51 Er
718 3407 127 33 muss
885 3389 47 49 in
962 3389 72 49 die
1063 3389 254 67 Handlung
1346 3389 221 67 gehören.
1627 3389 89 49 Ein

137 3474 141 63 Chor,
319 3475 81 51 der
444 3473 125 52 bloss
610 3473 193 61 auftritt,
854 3480 146 45 etwas
1040 3473 122 67 singt
1200 3474 97 51 und
1326 3473 173 52 wieder
1528 3473 188 68 abgeht,

136 3562 121 50 ohne
287 3560 104 52 dass
422 3568 143 42 etwas
596 3559 182 67 erfolgt,
811 3558 119 51 ohne
960 3558 105 51 dass
1096 3558 281 68 wenigstens
1409 3559 99 51 eine
1540 3558 175 70 passive

136 3644 299 52 Theilnahme
466 3643 179 68 gezeigt
673 3643 131 60 wird,
835 3642 58 50 ist
922 3642 303 53 verwerflich.

262 3729 123 52 Geht
414 3728 83 52 der
527 3727 125 52 Chor
681 3746 88 33 von
809 3727 84 50 der
926 3725 207 70 passiven
1164 3727 299 53 Theilnahme
1495 3746 81 33 zur
1606 3728 88 52 acti-

135 3830 86 34 ven
252 3813 132 61 über,
426 3831 53 35 so
510 3812 115 53 wird
656 3830 52 34 er
737 3812 274 52 dramatisch
1040 3812 97 52 und
1166 3812 118 52 wird
1320 3812 256 53 handelnde
1603 3814 112 50 Per-

208 3981 32 49 *)
270 3982 53 41 So
352 3983 222 42 betrachtet
604 3984 48 41 ist
681 3983 71 41 der
781 3981 108 42 Chor
918 3981 40 42 in
988 3979 71 42 der
1087 3979 279 55 griechischen
1385 3983 199 54 Tragödie
1614 3983 102 41 auch

266 4056 78 28 nur
372 4044 267 42 theatralisch.
694 4045 81 42 Das
814 4044 116 41 Hesse
957 4043 85 41 sich
1079 4043 105 41 noch
1213 4043 140 42 weiter
1379 4047 232 47 ausführen,
1647 4058 46 28 na-

266 4106 193 41 mentlich
488 4106 63 41 für
579 4108 240 52 diejenigen,
847 4105 151 42 welche
1026 4105 42 41 in
1098 4106 92 40 dem
1218 4105 277 53 griechischen
1514 4108 109 43 Chor
1653 4109 63 42 ein

267 4169 335 44 unabwe'sliches
633 4170 183 53 Requisit
844 4171 64 41 lür
935 4169 66 43 die
1029 4167 198 55 Tragödie
1258 4169 217 43 erblicken.

1828 1037 98 34 son.
1987 1019 105 52 Und
2136 1019 99 51 hier
2276 1019 57 51 ist
2379 1037 51 33 er
2472 1038 90 32 von
2603 1020 81 51 der
2724 1022 226 50 höchsten
2989 1023 254 70 Wirkung.
3301 1025 112 51 Man

1827 1104 149 51 denke
2017 1123 58 32 an
2116 1104 72 51 die
2222 1104 153 51 Chöre
2418 1104 44 51 in
2506 1104 83 51 der
2620 1107 244 49 Stummen
2892 1124 89 33 von
3010 1108 184 61 Portici,
3246 1109 44 51 in
3323 1110 90 51 den

1827 1190 318 66 Hugenotten,
2191 1189 60 50 im
2281 1189 107 51 Don
2418 1190 127 50 Juan
2580 1188 58 51 im
2672 1197 155 43 ersten
2858 1190 156 51 Finale
3043 1208 43 35 u.
3122 1210 34 31 s.
3188 1211 57 34 w.
3297 1194 116 50 Hier

1824 1273 58 52 ist
1928 1274 83 50 der
2051 1274 126 51 Chor
2216 1273 125 52 nicht
2388 1274 245 60 Beiläufer,
2693 1291 52 34 er
2796 1274 168 69 gehört
3017 1277 267 51 wesentlich
3331 1295 82 33 zur

1823 1359 264 69 Handlung.
2133 1361 105 49 Den
2270 1359 336 51 dramatischen
2638 1358 127 52 Chor
2796 1359 82 51 viel
2911 1359 94 51 und
3033 1359 108 52 weit
3173 1361 131 50 mehr
3334 1378 53 33 an-

1824 1444 271 60 zuwenden,
2139 1444 65 51 als
2251 1443 179 70 bislang
2473 1444 262 69 geschehen
2779 1444 72 61 ist,
2905 1448 128 47 wäre
3080 1446 71 51 die
3194 1447 219 51 schönste

1823 1527 216 70 Aufgabe
2070 1530 71 49 für
2172 1528 71 52 die
2274 1530 144 67 Oper.
2479 1528 103 54 Und
2625 1530 143 50 schon
2815 1530 177 59 darum,
3034 1531 102 51 weil
3174 1531 71 51 die
3278 1532 133 69 Oper

1821 1613 133 51 allein
1981 1613 60 51 im
2075 1613 174 52 Stande
2295 1613 59 51 ist
2403 1613 188 51 Massen
2637 1613 228 52 handelnd
2906 1616 81 48 auf
3028 1615 71 50 die
3144 1616 162 52 Bühne
3352 1635 59 33 zu

1821 1696 209 70 bringen.
2072 1698 68 50 Im
2168 1697 234 52 recitirten
2431 1698 175 50 Drama
2637 1697 100 52 sind
2766 1698 511 70 Massen-Wirkungen
3306 1701 102 51 eine

1821 1780 249 52 unlösbare
2101 1781 228 69 Aufgabe.
2383 1782 63 50 Es
2478 1781 57 51 ist
2566 1782 195 50 nämlich
2793 1782 43 51 in
2868 1782 82 50 der
2981 1782 307 70 Ausführung
3318 1803 58 31 un-

1821 1865 216 68 möglich,
2065 1866 187 51 Massen
2276 1865 207 67 zugleich
2515 1866 88 50 voll
2619 1865 160 52 Leben
2810 1867 95 50 und
2928 1866 118 52 doch
3076 1867 89 51 voll
3194 1869 217 68 nöthiger

1820 1951 136 51 Ruhe
1987 1951 316 51 hinzustellen.
2356 1951 106 51 Voll
2493 1950 160 51 Leben
2695 1970 128 32 muss
2863 1952 70 50 die
2964 1952 153 51 Masse
3149 1954 111 59 sein,
3304 1955 105 51 weil

1821 2035 100 51 eine
1951 2035 131 60 stille,
2114 2043 201 44 stumme
2346 2036 169 66 Menge
2547 2035 69 51 ein
2641 2035 188 70 Unding
2855 2036 73 60 ist,
2959 2036 71 51 die
3056 2038 248 50 höchstens
3334 2038 74 52 bei

1819 2119 147 52 einem
1997 2119 321 70 Leichenzuge
2347 2126 277 45 vorkommt.
2655 2120 156 69 Ruhig
2840 2120 113 51 aber
2982 2139 129 33 muss
3144 2121 71 52 die
3243 2124 157 51 Masse

1818 2205 110 60 sein,
1945 2205 141 51 damit
2108 2205 63 51 sie
2195 2205 70 51 die
2284 2205 287 51 handelnden
2594 2208 237 48 Personen
2854 2205 126 52 nicht
2995 2210 135 47 stört.
3160 2206 78 51 An
3257 2208 149 52 dieser

1815 2289 371 67 Unmöglichkeit
2202 2289 228 51 scheitern
2449 2288 164 52 immer
2637 2289 71 51 die
2726 2290 362 68 Vorführungen
3113 2290 83 52 der
3217 2292 189 52 Massen

1815 2373 60 51 im
1904 2373 235 51 recitirten
2157 2374 188 50 Drama.
2375 2374 125 51 Wer
2528 2373 202 52 entsinnt
2751 2374 95 51 sich
2873 2374 140 61 nicht,
3043 2375 141 50 Feste
3216 2375 81 51 auf
3323 2375 83 51 der

1814 2458 164 49 Bühne
1994 2457 268 68 dargestellt
2274 2457 202 69 gesehen
2492 2476 56 33 zu
2571 2457 166 61 haben,
2755 2476 76 34 wo
2849 2458 79 51 das
2942 2476 144 50 ganze
3100 2459 202 51 Theater
3319 2460 90 53 voll

1815 2543 230 52 sitzender
2074 2542 114 52 oder
2225 2543 315 58 wandelnder,
2581 2542 113 52 aber
2724 2543 348 69 schweigender
3109 2544 142 51 Gäste
3291 2563 113 45 war,

1815 2627 224 52 während
2059 2627 225 52 natürlich
2312 2628 71 50 die
2403 2627 252 68 Handlung
2679 2627 144 52 selbst
2840 2646 89 33 nur
2944 2628 236 52 innerhalb
3197 2629 206 70 weniger

1815 2713 238 50 Personen
2072 2711 94 50 sich
2181 2713 251 67 fortspann.
2458 2711 111 50 Sind
2583 2712 155 51 solche
2755 2713 179 50 Scenen
2948 2712 123 52 nicht
3088 2713 161 51 immer
3263 2714 137 51 todt?

1814 2798 66 49 Ist
1922 2815 49 33 es
2025 2797 124 51 nicht
2200 2796 207 71 peinlich,
2459 2797 258 58 lächerlich,
2769 2798 101 51 eine
2919 2800 169 66 Menge
3141 2800 254 50 Menschen

1815 2888 172 44 stumm
2028 2881 145 51 sitzen
2204 2881 113 51 oder
2346 2881 211 49 wandeln
2604 2900 57 30 zu
2693 2882 156 59 sehen,
2892 2881 70 51 die
3004 2882 80 50 das
3124 2882 100 51 Bild
3269 2883 130 51 einer

1814 2966 247 68 geselligen
2092 2966 184 51 Freude
2322 2966 246 51 darstellen
2611 2966 159 60 sollen,
2816 2965 112 52 aber
2968 2967 80 51 das
3091 2967 183 51 leiseste
3306 2968 62 51 Ge-

1811 3050 169 51 räusch
2009 3050 262 51 vermeiden
2303 3054 199 54 müssen,
2548 3048 141 51 damit
2731 3050 72 51 die
2835 3050 289 51 handelnden
3157 3052 242 51 Personen

1811 3135 125 51 nicht
1987 3137 180 66 gestört
2219 3135 222 51 werden?
2498 3134 105 50 Alle
2655 3134 323 69 Comparserie
3039 3136 61 50 im
3160 3136 238 52 recitirten

1810 3221 174 48 Drama
2014 3219 115 52 wird
2150 3219 287 68 gewöhnlich
2460 3219 258 59 lächerlich,
2750 3220 124 49 nicht
2906 3220 103 51 weil
3042 3221 63 50 sie
3137 3221 61 50 im
3230 3221 141 51 einzel-

1810 3320 89 33 nen
1917 3304 125 49 Falle
2074 3304 202 51 schlecht
2303 3302 270 69 ausgeführt
2596 3304 130 59 wird,
2759 3304 203 51 sondern
2994 3305 103 51 weil
3128 3305 64 51 sie
3220 3323 142 33 unaus-

1810 3386 189 51 führbar
2035 3388 71 50 ist.
2166 3388 83 49 Die
2280 3386 192 51 höchste
2503 3388 204 67 Sorgfalt
2745 3388 44 50 in
2834 3388 83 50 der
2942 3389 303 67 Ausführung
3273 3389 114 52 wird

1809 3473 188 50 niemals
2049 3473 100 50 eine
2206 3471 278 52 lebensvolle
2544 3474 150 49 Scene
2743 3473 248 50 darstellen
3042 3474 209 60 können;
3306 3473 81 52 das

1809 3555 223 61 Höchste,
2077 3574 95 33 was
2216 3555 64 52 sie
2312 3574 57 33 zu
2399 3555 239 52 erreichen
2669 3574 203 51 vermag,
2916 3556 56 51 ist
3004 3556 117 51 eben
3262 3556 127 53 nicht

1809 3640 268 69 ausgelacht
2106 3658 57 33 zu
2195 3640 206 52 werden.

1932 3727 100 50 Nur
2063 3725 72 52 die
2166 3727 132 68 Oper
2327 3725 123 52 kann
2481 3727 72 50 die
2583 3725 211 69 Aufgabe
2825 3725 142 60 lösen,
3006 3725 187 52 Massen
3221 3744 139 35 vorzu-

1807 3809 178 52 führen.
2042 3809 108 52 Die
2190 3809 194 54 Musik
2427 3810 79 51 ist
2543 3810 101 53 der
2686 3809 143 60 Kitt,
2874 3809 103 52 der
3022 3809 91 51 die
3150 3810 239 53 Massen

1810 3896 498 61 zusammenhält,
2349 3897 76 51 ist
2468 3896 98 52 das
2596 3894 291 60 Element,
2919 3894 101 51 das
3053 3896 83 49 sie
3166 3897 220 66 regelt.

1809 3979 101 52 Auf
1945 3978 90 53 den
2078 3979 226 69 richtigen
2332 3979 288 69 Augenblick
2663 3978 177 51 kommt
2878 3978 62 52 im
2986 3978 126 51 Chor
3150 3979 72 51 die
3254 3979 100 54 Wir-

1811 4063 146 70 kung,
1992 4064 72 53 die
2092 4064 297 53 Theilnahme
2420 4064 81 51 der
2529 4063 169 59 Masse,
2740 4062 83 51 auf
2855 4063 89 51 den
2972 4063 192 51 rechten
3193 4063 165 69 Augen-

1811 4147 125 56 blick
1975 4157 277 48 verstummt
2290 4150 79 52 sie.
2426 4147 146 52 Dabei
2616 4148 59 51 ist
2719 4147 73 52 die
2835 4147 559 71 Orchester-Begleitung

2953 4230 72 53 24
