3035 4394
187 199 82 42 926

1302 193 240 37 BRUNO'S
1618 193 249 37 WEEKLY

793 2651 164 40 Arthur
983 2649 246 42 Schnitzler.
1284 2646 61 47 By
1378 2644 283 42 Gulbransson

312 2801 63 42 D
402 2799 184 42 EILLY
613 2800 32 41 is
673 2799 119 49 Irish,

442 2858 42 41 A
509 2858 133 50 poetic
666 2872 209 27 summons
900 2872 149 26 server.

313 2916 141 52 Reilly
478 2917 81 41 and
586 2916 19 41 I
633 2931 68 26 are
726 2915 105 42 alike
833 2940 56 5 —

315 2975 104 42 He's
449 2973 183 52 happiest

313 3032 143 43 When
480 3032 63 42 his
567 3047 122 36 purse

315 3091 42 42 Is
383 3091 86 49 flat,

313 3149 98 42 And
434 3164 43 27 so
500 3165 66 26 am
590 3148 35 42 I.
687 3180 9 10 .
759 3180 8 9 .
830 3180 8 9 .

317 3231 18 40 I
362 3230 117 41 often
505 3230 173 41 wonder
703 3228 96 43 how
827 3227 137 52 Reilly
991 3227 111 49 feels,

314 3288 143 42 When
485 3287 67 41 for
578 3286 69 43 the
673 3297 119 31 court

317 3346 70 41 He
411 3361 168 35 pursues
604 3361 24 25 a
652 3345 157 42 debtor.

317 3404 116 42 How
464 3404 95 41 does
588 3403 50 42 he
668 3417 187 36 suppress

314 3461 119 43 That
463 3460 275 52 irrepressible
767 3461 152 50 grin—

314 3520 144 43 When
479 3519 51 42 he
550 3519 215 42 confronts
785 3518 61 42 his
866 3533 98 36 prey
974 3518 17 41 ?

316 3578 69 43 Or
412 3579 96 41 does
536 3578 50 41 he
612 3577 117 42 smile
758 3575 253 53 regardless?

317 3659 139 52 Reilly
482 3659 80 41 and
588 3658 63 42 his
675 3657 121 43 Wife
823 3673 68 26 are
917 3657 106 42 alike

315 3717 97 42 The
437 3717 196 42 domestic
654 3731 120 35 purse
799 3716 31 41 is
854 3714 68 43 the
946 3714 145 52 family
1114 3715 106 51 joke.

318 3777 86 42 But
432 3775 95 52 they
555 3790 69 27 are
651 3773 153 52 always
831 3773 156 51 happy;

315 3834 100 42 And
440 3849 44 26 so
511 3848 68 26 are
604 3832 70 42 the
698 3832 109 41 little
830 3846 109 27 ones.

319 3893 141 41 Never
493 3907 23 26 a
547 3900 128 32 storm

317 3951 87 44 But
428 3950 133 42 leaves
586 3948 69 43 the
680 3947 156 52 Reillys

319 4008 176 50 Smiling
519 4007 81 43 and
624 4005 138 53 joyful
786 4005 185 51 entirely.

1747 2790 69 40 No
1844 2799 142 40 poetry
2013 2788 133 42 shows
2175 2788 40 40 in
2245 2785 170 52 Reilly's
2441 2784 166 51 speech-

1748 2848 75 42 It's
1846 2846 156 52 wholly
2027 2846 42 41 in
2093 2845 63 42 his
2180 2860 89 36 eyes
2295 2844 80 41 and
2400 2843 105 52 grin.

1749 2906 114 41 How
1888 2905 191 50 cheering
2105 2903 80 42 this
2211 2912 110 32 must
2347 2901 47 41 be

1747 2964 83 41 For
1855 2962 223 42 ten-dollar
2102 2960 131 42 clerks
2258 2960 80 41 and
2364 2959 68 40 the
2457 2957 81 42 like

1745 3022 141 42 When
1914 3018 264 44 conscience's
2206 3018 101 50 prod

1747 3080 69 41 He
1841 3078 280 42 corroborates

1744 3137 125 42 With
1895 3152 51 26 an
1970 3136 123 41 order
2118 3134 109 41 from
2253 3133 68 41 the
2345 3131 138 42 court!

1748 3196 41 40 If
1815 3210 94 26 ever
1934 3193 69 42 the
2029 3202 118 32 court

1747 3253 52 42 So
1829 3250 287 52 distinguishes
2145 3265 65 25 me

1747 3312 19 40 I
1789 3311 104 50 hope
1914 3309 80 42 it'll
2017 3309 47 41 be
2088 3306 136 52 Reilly

1745 3368 118 42 That
1889 3368 32 41 is
1945 3377 89 31 sent

1744 3427 71 41 To
1841 3434 162 43 present
2029 3423 69 42 the
2122 3422 193 42 mandate

1747 3485 83 50 My
1859 3497 296 35 unmercenary
2184 3490 84 31 acts

1747 3543 123 41 Have
1896 3540 163 42 earned.

1748 3602 86 40 But
1860 3597 90 44 will
1977 3613 68 35 my
2072 3596 99 42 wife
2199 3595 47 41 be
2274 3594 81 42 like
2384 3593 197 52 Reilly's?

1745 3657 151 44 Who's
1916 3653 241 53 everything
2178 3663 42 31 to
2243 3652 149 51 Reilly,
2417 3652 78 41 I'm
2517 3667 90 26 sure

1747 3718 86 40 But
1863 3730 53 26 no
1948 3711 194 43 financial
2173 3710 154 43 anchor
2387 3742 9 9 .
2458 3743 9 8 .
2529 3743 9 8 .

1748 3775 41 42 If
1814 3775 32 40 it
1868 3773 60 48 be,
1952 3787 43 26 so
2018 3771 49 41 be
2089 3770 45 49 it,
2158 3768 65 43 an'
2250 3768 19 42 I
2295 3768 90 42 love
2408 3767 85 43 her.

1747 3834 85 40 But
1855 3831 34 42 if
1910 3829 69 43 the
2001 3838 90 42 past
2114 3828 33 41 is
2169 3826 200 52 anything

1745 3890 71 42 To
1842 3905 51 36 go
1920 3888 51 51 by

1745 3949 159 42 Where
1928 3944 106 44 shall
2058 3959 64 27 we
2145 3942 49 42 be
2219 3942 41 41 in
2286 3957 23 26 a
2333 3941 124 50 year?

2028 4004 171 39 Hubert
2221 4001 139 41 James
2383 4001 272 42 McCurrach

1118 2714 263 70 Reilly's
1411 2710 175 62 Wife
1587 2707 210 63 —and
1827 2706 178 61 Mine
