3035 4394
381 218 1059 163 BRUNO'S
1572 213 1047 163 WEEKLY

393 421 196 50 Edited
639 421 72 53 by
761 420 180 51 Guido
993 419 183 49 Bruno
1222 420 53 47 in
1325 416 98 55 His
1472 416 201 51 Garret
1722 435 70 31 on
1843 414 364 60 Washington
2254 414 215 60 Square

2701 515 99 44 Vol.
2827 516 69 41 11l

94 535 83 41 No.
208 535 49 41 10

1141 526 261 45 AUGUST
1433 526 110 49 19th,
1571 524 272 42 MCMXVI

94 643 58 33 To
178 642 87 34 God
290 642 68 33 the
384 641 143 34 Father

236 702 51 32 To
316 700 58 34 the
402 699 106 41 little,
532 698 129 44 pitiful
691 699 83 33 God
799 701 18 30 I
845 698 104 33 make
977 710 57 30 my
1059 703 148 36 prayer,

236 759 77 33 The
338 758 84 34 God
442 757 90 35 with
554 758 60 33 the
636 757 86 42 long
743 769 90 30 grey
857 756 113 34 beard

229 816 89 33 And
338 815 159 43 flowing
522 816 87 33 robe
629 815 172 43 fastened
823 813 90 35 with
939 827 20 20 a
984 815 152 40 hempen
1161 811 122 44 girdle

235 875 92 33 Who
351 874 64 33 sits
438 873 163 43 nodding
626 874 73 33 and
723 872 197 42 muttering
946 885 42 20 on
1013 872 58 33 the
1097 869 213 43 all-too-big
1334 870 128 33 throne

324 931 38 44 of
384 935 170 31 Heaven.

235 992 113 32 What
370 1003 21 20 a
415 990 97 42 long,
535 990 86 42 long
643 989 97 40 time,
763 989 91 34 dear
880 988 94 41 God,
995 987 98 35 since
1115 999 69 31 you
1208 994 53 26 set
1280 987 63 35 the
1366 992 95 28 stars

325 1048 34 34 in
386 1048 94 34 their
502 1048 138 42 places,

235 1106 144 34 Girded
402 1107 59 33 the
486 1107 104 33 earth
613 1105 90 34 with
729 1106 58 33 the
811 1117 74 28 sea,
911 1104 73 34 and
1009 1103 174 34 invented
1207 1103 59 33 the
1291 1103 73 42 day
1389 1102 73 33 and

325 1164 114 42 night.

231 1223 89 34 And
349 1223 129 42 longer
508 1223 58 34 the
596 1221 86 35 time
711 1221 98 34 since
836 1234 70 29 you
939 1220 131 34 looked
1098 1220 158 42 through
1287 1219 59 34 the
1377 1218 84 34 blue

323 1280 164 34 window
515 1279 38 44 of
579 1283 158 31 Heaven

237 1342 51 31 To
315 1352 59 21 see
396 1351 92 31 your
515 1338 165 34 children
706 1345 37 26 at
766 1338 89 42 play
880 1337 36 33 in
943 1350 20 20 a
988 1337 142 41 garden
1181 1363 7 6 .
1239 1363 6 7 .
1296 1363 7 6 .

231 1399 98 32 Now
355 1410 57 20 we
440 1410 64 20 are
532 1397 53 33 all
612 1403 169 34 stronger
809 1396 87 33 than
923 1408 70 30 you
1022 1394 74 35 and
1122 1392 111 36 wiser
1261 1393 75 34 and
1364 1405 99 22 more

325 1462 190 35 arrogant,

231 1516 44 31 In
298 1513 103 43 swift
421 1512 210 44 procession
654 1524 57 22 we
732 1518 86 36 pass
840 1524 71 30 you
936 1512 54 42 by.

387 1571 29 34 is
449 1572 79 33 that
560 1570 217 34 marionette
810 1568 164 43 nodding
1007 1569 74 33 and
1115 1568 198 42 muttering

235 1632 56 32 On
321 1630 60 34 the
410 1628 214 43 all-too-big
654 1629 129 33 throne
813 1627 39 44 of
878 1628 187 34 Heaven?

236 1690 111 32 Come
373 1688 109 34 down
509 1687 97 43 from
634 1699 92 31 your
751 1686 118 43 place,
901 1687 99 41 Grey
1026 1685 136 40 Beard,

236 1747 68 33 We
332 1747 96 33 have
455 1745 74 35 had
557 1746 142 41 enough
728 1744 39 43 of
791 1757 92 30 your
908 1743 232 43 play-acting

232 1806 35 32 It
292 1804 29 34 is
347 1803 178 35 centuries
550 1803 99 34 since
672 1805 19 31 I
716 1802 169 35 believed
911 1801 35 35 in
971 1815 82 30 you,

233 1864 71 32 But
326 1862 128 43 to-day
476 1874 56 30 my
555 1862 92 33 need
670 1860 39 44 of
727 1874 70 30 you
821 1861 66 34 has
911 1872 98 22 come
1031 1860 100 33 back.

232 1923 20 31 I
276 1927 103 27 want
403 1933 44 21 no
475 1919 277 35 rose-coloured
774 1918 139 44 future,

233 1981 57 32 No
319 1979 109 34 books
457 1978 38 42 of
523 1977 263 43 learning—no
814 1976 260 44 protestations
1103 1976 74 34 and
1203 1975 193 35 denials—

233 2039 19 32 I
280 2050 58 21 am
367 2036 75 35 sick
471 2036 39 43 of
539 2036 70 34 this
639 2036 88 42 ugly
754 2035 194 40 scramble,

233 2098 20 31 I
276 2108 58 21 am
360 2095 97 35 tired
482 2094 38 43 of
545 2093 108 44 being
676 2094 131 43 pulled
832 2094 119 34 about-
951 2114 39 4 —

237 2155 29 33 O
294 2154 94 40 God,
410 2156 19 31 I
450 2160 102 27 want
575 2160 33 27 to
633 2152 47 35 sit
703 2165 43 21 on
769 2165 92 30 your
885 2152 106 34 knees

237 2213 55 33 On
321 2212 60 34 the
409 2210 213 43 all-too-big
652 2211 129 34 throne
810 2209 39 43 of
875 2212 170 37 Heaven,

229 2270 88 34 And
334 2269 74 44 fall
428 2271 123 42 asleep
570 2269 91 35 with
681 2281 57 31 my
758 2268 118 34 hands
896 2267 152 43 tangled
1067 2267 35 34 in
1122 2279 91 31 your
1231 2279 91 31 grey
1342 2267 125 33 heard.

890 2337 106 35 Boris
1024 2337 214 43 Petrovsky.

130 2419 232 71 France,
391 2419 356 60 Literature
774 2418 128 60 and
927 2417 110 61 the
1062 2417 157 59 War

122 2528 31 27 y
176 2514 123 42 Remy
322 2514 59 33 De
404 2514 224 34 Gourmont

120 2584 168 43 Vritten
314 2585 156 48 shortly
496 2586 111 47 after
633 2586 66 37 the
727 2584 196 39 outbreak
951 2585 45 47 of
1021 2585 66 37 the
1112 2583 220 48 European
1364 2582 106 40 War

126 2652 41 40 r
188 2652 87 40 HE
313 2668 90 26 war
442 2662 69 32 cut
549 2652 115 41 short
704 2652 56 41 all
800 2651 169 51 literary
1009 2652 169 50 activity
1216 2652 41 39 in
1299 2652 169 46 France,

245 2712 237 48 suppressed
508 2711 41 40 in
576 2727 22 24 a
624 2711 78 50 day
728 2710 56 41 all
810 2710 70 41 the
904 2725 140 26 means
1069 2709 51 51 by
1144 2709 137 42 which
1307 2725 93 25 men
1427 2709 44 40 of

120 2781 121 30 etters
265 2769 228 51 ordinarily
518 2770 167 40 derived
711 2784 51 26 an
789 2770 157 40 income
972 2768 109 41 from
1108 2768 107 41 their
1240 2778 77 31 art.
1373 2767 97 41 The

129 2838 135 31 reater
286 2838 94 40 part
403 2828 44 41 of
473 2827 68 42 the
567 2828 189 41 Reviews
781 2827 102 41 have
908 2827 139 41 ceased
1074 2837 41 30 to
1142 2841 161 35 appear,
1329 2841 48 26 or
1403 2841 68 26 are

128 2882 70 55 hly
229 2886 214 51 published
478 2887 40 40 in
552 2902 22 25 a
605 2886 122 41 much
761 2885 166 42 smaller
960 2885 132 48 form;
1125 2900 99 26 even
1258 2884 68 41 the
1360 2884 110 51 daily

134 2960 110 35 apers
266 2945 103 41 have
391 2945 226 50 suspended
642 2943 56 42 all
721 2944 169 51 literary
912 2960 48 25 or
982 2944 257 49 picturesque
1263 2942 185 42 contribu-

134 3004 87 40 bns.
274 3004 41 40 It
336 3003 31 41 is
389 3003 148 51 hardly
558 3018 209 35 necessary
790 3012 41 31 to
854 3018 69 35 say
946 3001 91 42 that
1060 3001 68 41 the
1150 3001 253 51 publication
1425 3000 45 41 of

127 3062 98 44 poks
243 3061 73 42 has
335 3062 239 50 undergone
595 3061 67 41 the
683 3076 109 26 same
813 3060 98 41 fate.
946 3059 124 52 They
1089 3059 56 42 all
1165 3061 170 48 stopped
1357 3059 114 42 short

127 3130 17 30 t
175 3120 68 41 the
273 3130 183 31 moment
486 3120 121 41 when
640 3119 68 41 the
738 3120 123 40 order
892 3118 67 42 for
989 3117 166 52 general
1185 3118 285 41 mobilization

118 3191 69 47 pas
215 3179 196 41 received.
472 3178 49 41 In
551 3177 68 42 the
648 3177 186 51 complex
863 3177 146 41 labour
1036 3176 136 42 which
1202 3177 31 40 is
1263 3191 208 36 necessary

113 3240 31 38 b
179 3236 68 42 the
280 3236 189 42 material
504 3236 245 50 production
783 3236 45 40 of
863 3252 22 24 a
917 3235 118 50 book,
1070 3235 69 41 the
1172 3235 186 50 slightest
1393 3235 59 41 dis-

112 3295 276 51 organization
414 3295 43 40 of
483 3310 77 25 one
585 3294 44 41 of
657 3294 68 41 the
751 3304 112 40 parts
889 3304 109 40 stops
1024 3294 69 40 the
1118 3294 131 40 work.
1307 3294 84 40 But
1417 3309 53 25 on

112 3353 68 42 fhis
207 3354 184 41 occasion
421 3353 56 41 all
503 3369 109 26 were
641 3353 188 41 attacked
859 3351 317 52 progressively;
1205 3352 80 41 and
1315 3367 22 26 a
1366 3351 105 41 total

112 3412 185 50 baralysis
329 3428 86 25 was
448 3412 70 40 the
552 3410 140 42 result.
757 3411 240 48 Moreover,
1032 3410 115 42 what
1180 3426 85 26 was
1300 3410 68 41 the
1401 3425 70 27 use

112 3470 32 56 |112
172 3470 236 51 publishing
436 3470 135 48 books,
602 3485 99 25 even
730 3469 32 40 if
792 3469 31 41 it
850 3469 81 40 had
960 3469 98 40 been
1087 3468 233 51 materially
1349 3469 102 49 possi-

114 3528 79 41 )le?
245 3528 143 42 There
412 3544 85 26 was
522 3528 162 50 nobody
710 3538 42 31 to
777 3527 80 51 buy
883 3527 125 49 them,
1035 3527 80 41 and
1141 3526 147 51 hardly
1315 3542 156 35 anyone

124 3602 18 45 p
177 3588 95 40 read
306 3587 134 48 them;
474 3588 31 39 it
536 3586 142 42 would
711 3586 103 41 have
845 3586 99 40 been
978 3586 168 50 making
1178 3601 22 25 a
1233 3595 161 40 present
1428 3595 42 31 to

130 3648 38 38 he
190 3645 138 50 public
350 3645 136 42 which
510 3645 67 40 the
601 3644 138 50 public
760 3643 142 42 would
926 3654 72 30 not
1021 3643 102 41 have
1146 3643 175 41 noticed.
1374 3642 97 42 The

112 3699 143 51 lewest
286 3705 79 40 and
398 3714 106 31 most
535 3704 228 49 passionate
794 3703 105 41 book
929 3702 44 41 of
1006 3703 68 40 the
1105 3703 78 50 day
1214 3702 141 41 before
1384 3718 58 25 mo-

123 3762 190 44 ilization
341 3763 69 40 did
437 3772 74 31 not
535 3762 102 41 exist
662 3777 53 25 on
742 3761 68 41 the
836 3762 77 50 day
940 3760 121 42 after.

156 3821 219 51 Although
401 3821 18 40 I
443 3836 86 26 was
553 3830 73 31 not
650 3821 40 40 in
717 3820 117 41 Paris
857 3835 53 25 on
936 3819 68 41 the
1029 3819 77 51 day
1130 3818 44 41 of
1200 3819 67 40 the
1292 3818 180 42 declara-

123 3938 8 12 I

135 3956 78 44 opy
220 3953 123 47 right
371 3953 120 40 1916.
523 3957 50 41 by
602 3950 92 40 Qui
694 3950 50 39 do
767 3951 150 39 Bruno

1531 634 85 38 lion
1638 632 43 40 of
1703 647 101 31 war,
1830 631 18 39 I
1872 630 102 40 have
1997 630 97 40 been
2120 628 100 49 able,
2245 629 107 39 since
2375 643 67 35 my
2466 637 155 37 return,
2646 636 42 30 to
2712 625 183 40 discover

1530 691 95 40 how
1646 688 243 50 completely
1911 689 31 39 it
1964 687 285 50 disorganized
2272 686 67 40 the
2362 685 167 50 literary
2550 683 148 48 world,
2724 683 80 40 and
2828 682 68 40 the

1531 747 258 41 commercial
1835 761 193 26 concerns
2072 745 135 41 which
2253 744 158 49 depend
2456 757 110 35 upon
2613 741 68 41 the
2728 740 169 50 literary

1530 805 147 42 world.
1729 805 60 40 At
1811 804 68 41 the
1901 804 77 40 end
2000 803 44 41 of
2066 802 101 51 July
2189 802 67 40 the
2279 800 188 51 monthly
2489 799 193 42 financial
2705 808 191 31 accounts

1531 863 43 40 of
1610 863 67 40 the
1710 862 160 41 French
1904 861 234 50 publishing
2171 860 155 49 houses,
2360 858 104 42 with
2498 858 107 40 their
2639 857 182 50 agencies
2855 856 41 40 in

1532 922 68 40 the
1631 922 211 48 provinces
1874 920 80 41 and
1988 919 164 48 abroad,
2186 918 80 40 had
2298 927 72 30 not
2402 917 99 40 been
2533 915 160 41 settled.
2754 914 32 40 TL
2802 914 94 40 here

1531 995 98 32 was,
1656 978 217 47 therefore,
1901 994 22 24 a
1948 977 90 41 lack
2063 976 43 41 of
2132 992 158 34 money,
2317 974 135 42 which
2478 974 81 41 had
2586 988 51 26 an
2663 973 235 40 immediate

1534 1037 119 40 effect
1684 1053 52 24 on
1769 1037 68 39 the
1868 1036 162 41 writers
2063 1034 252 41 themselves.
2378 1034 125 39 From
2535 1031 69 41 the
2634 1030 90 41 first
2756 1030 78 51 day
2865 1030 34 40 it

1531 1110 85 26 was
1644 1095 154 40 certain
1827 1094 90 41 that
1945 1093 68 40 the
2042 1093 168 49 literary
2237 1090 135 42 world
2400 1089 143 42 would
2572 1089 103 41 have
2702 1088 123 41 much
2855 1098 42 30 to

1532 1152 128 42 suffer
1680 1152 32 40 if
1734 1152 67 40 the
1821 1167 89 26 war
1929 1167 109 25 were
2059 1161 41 30 to
2123 1150 46 40 be
2191 1166 22 24 a
2234 1149 98 50 long
2353 1164 87 25 one.
2491 1147 143 42 When
2658 1147 18 40 I
2701 1146 195 41 returned

1533 1222 41 29 at
1596 1211 68 40 the
1685 1211 223 49 beginning
1928 1209 44 41 of
1995 1208 197 47 October,
2216 1208 251 40 committees
2488 1205 43 41 of
2555 1204 117 42 relief
2694 1204 81 40 had
2797 1204 101 40 been

1532 1269 223 50 organized
1799 1267 66 41 for
1905 1268 174 44 writers,
2125 1266 79 41 and
2247 1265 68 40 the
2585 1263 67 41 des
2694 1261 115 42 Gens
2850 1262 50 40 de

1534 1328 97 40 Lett
1753 1326 79 40 had
1862 1326 215 40 instituted
2106 1324 86 41 free
2220 1324 166 40 dinners
2413 1322 66 41 for
2507 1323 51 39 its
2585 1321 212 41 members.
2858 1320 41 39 It

1534 1387 30 39 is
1588 1395 197 39 apparent
1808 1384 95 41 how
1927 1382 160 51 rapidly
2111 1383 162 41 distress
2296 1381 81 41 had
2400 1380 154 40 broken
2578 1389 73 31 out
2673 1378 108 42 since
2804 1378 96 50 they

1533 1444 79 40 had
1642 1443 80 40 had
1750 1453 41 30 to
1820 1443 101 40 raise
1948 1441 98 41 such
2076 1440 199 41 Homeric
2304 1439 206 40 remedies.

1592 1502 41 40 It
1659 1502 31 39 is
1716 1500 97 51 only
1839 1516 95 25 now
1961 1499 91 41 that
2080 1499 19 40 I
2128 1498 119 50 begin
2276 1507 41 31 to
2345 1496 254 41 understand
2628 1493 96 44 how
2751 1493 149 52 closely

1534 1575 99 26 even
1675 1559 68 40 the
1783 1568 106 31 most
1930 1557 284 42 disinterested
2256 1555 264 50 productions
2561 1553 44 41 of
2647 1553 143 50 genius
2832 1567 69 25 are

1533 1618 205 50 governed
1763 1617 51 50 by
1837 1616 68 41 the
1930 1615 165 52 general
2119 1615 230 40 conditions
2373 1613 43 41 of
2442 1611 122 42 social
2589 1611 86 41 life.
2731 1610 169 50 Liberty

1534 1676 43 40 of
1618 1676 68 40 the
1725 1676 114 40 mind
1880 1675 31 40 is
1951 1674 68 40 the
2059 1672 90 42 first
2189 1672 207 50 necessity,
2437 1671 75 40 but
2551 1669 227 51 prosperity
2820 1669 80 40 and

1534 1733 262 51 equilibrium
1817 1732 44 41 of
1884 1732 68 41 the
1972 1732 142 40 nation
2137 1747 67 24 are
2226 1730 84 41 also
2333 1744 220 34 necessary.
2590 1728 99 40 And
2713 1743 22 25 a
2758 1727 142 40 nation

1536 1803 42 29 at
1600 1807 101 32 war,
1730 1791 126 41 above
1883 1790 55 41 all
1965 1806 21 25 a
2012 1790 141 40 nation
2180 1787 136 43 which
2343 1787 71 41 has
2439 1802 89 26 war
2552 1785 148 42 within
2728 1785 51 40 its
2804 1799 96 26 own

1536 1850 207 48 frontiers,
1775 1865 74 25 can
1879 1864 124 25 never
2032 1848 47 40 be
2109 1863 22 25 a
2160 1861 243 36 prosperous
2431 1860 76 25 nor
2536 1860 23 25 a
2587 1843 314 42 well-balanced

1535 1909 154 40 nation.
1743 1908 115 39 Even
1880 1907 331 49 supposing—an
2235 1904 150 41 absurd
2407 1901 403 51 proposition—that
2834 1900 68 42 the

1534 1982 89 25 war
1649 1966 80 40 had
1758 1965 286 50 disorganized
2072 1963 159 41 neither
2258 1977 224 26 commerce
2509 1976 76 25 nor
2613 1960 201 49 industry,
2843 1959 40 40 in-

1536 2024 210 41 tellectual
1788 2024 266 49 productions
2094 2020 141 43 would
2277 2030 73 31 not
2391 2020 102 40 have
2534 2019 99 40 been
2676 2017 225 42 disturbed.

1534 2082 141 41 There
1699 2083 30 40 is
1753 2098 22 24 a
1799 2081 104 40 close
1927 2080 173 41 relation
2125 2079 183 40 between
2334 2078 68 40 the
2427 2076 194 42 different
2645 2085 112 40 parts
2780 2075 44 41 of
2851 2090 51 26 an

1535 2141 219 50 organism,
1779 2140 80 40 and
1882 2139 32 40 if
1937 2138 312 50 disintegration
2272 2137 80 40 had
2376 2146 71 30 not
2470 2135 134 51 begun
2627 2135 41 39 in
2691 2133 68 41 the
2782 2133 123 41 lesser

1536 2208 112 40 parts
1672 2199 31 40 it
1724 2197 142 42 would
1889 2197 103 41 have
2014 2196 134 50 begun
2173 2196 40 39 in
2237 2194 68 41 the
2328 2204 173 41 greater.
2555 2199 40 35 It
2618 2199 35 34 Is
2674 2191 231 51 impossible

1537 2267 41 30 to
1610 2259 121 48 enjoy
1761 2255 109 41 one*s
1902 2255 81 41 full
2015 2253 255 41 intellectual
2303 2252 188 41 faculties
2521 2251 122 41 when
2675 2250 69 41 the
2774 2249 130 51 youth

1536 2315 43 41 of
1608 2331 22 24 a
1657 2325 174 40 country
1859 2314 30 40 is
1917 2313 177 50 fighting
2120 2328 23 25 a
2170 2310 206 51 powerful
2405 2325 154 35 enemy,
2587 2308 122 42 when
2738 2309 51 40 its
2818 2308 65 40 des-

1538 2373 117 40 tinies
1684 2388 68 25 are
1781 2372 110 50 daily
1919 2382 41 30 at
1988 2371 124 41 stake.
2173 2370 84 40 But
2286 2368 67 42 the
2382 2368 117 41 truth
2527 2368 32 40 is
2588 2366 91 42 that
2707 2365 57 42 all
2792 2376 113 40 parts

1537 2431 43 41 of
1619 2431 68 40 the
1725 2430 169 50 literary
1931 2429 207 51 organism
2174 2443 110 26 were
2322 2426 188 41 attacked
2550 2435 41 31 at
2628 2440 112 26 once.
2808 2423 97 41 The

1539 2490 160 40 writers
1725 2488 121 42 could
1875 2498 72 30 not
1972 2487 134 48 write,
2134 2486 68 41 the
2230 2487 176 48 printers
2434 2484 121 41 could
2583 2493 72 31 not
2682 2483 125 50 print,
2837 2483 68 40 the

1539 2548 160 40 readers
1729 2546 121 41 could
1882 2556 72 30 not
1983 2546 80 50 buy
2094 2545 80 41 and
2206 2544 108 40 read.
2373 2542 99 42 The
2500 2542 168 50 literary
2697 2543 208 48 organism

1538 2606 116 49 slept.
1715 2605 40 40 It
1782 2604 86 41 still
1896 2603 137 50 sleeps,
2065 2603 80 41 and
2174 2618 52 25 no
2255 2617 76 25 one
2359 2601 143 41 knows
2529 2600 121 41 when
2679 2600 33 40 it
2738 2598 91 42 will
2858 2598 49 42 be

1540 2663 279 41 reawakened.

1597 2721 112 42 Now
1733 2721 67 40 for
1822 2737 22 24 a
1867 2720 83 41 few
1973 2719 157 42 details.
2183 2718 96 41 The
2304 2718 219 42 Goncourt
2547 2716 198 47 brothers,
2773 2716 40 39 in
2839 2714 68 41 the

1538 2780 89 41 first
1659 2795 119 35 pages
1809 2779 43 41 of
1885 2779 107 41 their
2302 2787 107 37 note,
2443 2791 41 26 as
2515 2791 77 25 one
2622 2774 44 41 of
2700 2774 69 41 the
2800 2783 107 32 most

1539 2839 236 49 distressing
1807 2848 139 30 events
1978 2836 43 41 of
2055 2836 106 40 their
2193 2836 169 49 literary
2395 2849 148 34 career*
2578 2833 91 41 that
2701 2832 69 41 the
2802 2847 104 34 coup

1539 2897 127 41 d'etat
1692 2895 45 42 of
1766 2895 68 42 the
1861 2896 146 40 second
2035 2895 44 40 of
2108 2893 241 49 December,
2384 2891 118 50 1851,
2531 2891 197 42 occurred
2756 2906 53 25 on
2839 2889 69 41 the

1539 2954 118 51 night
1685 2954 136 42 which
1851 2954 197 49 preceded
2079 2953 68 41 the
2177 2951 251 51 publication
2459 2951 43 40 of
2533 2950 107 41 their
2668 2949 91 40 first
2787 2948 120 49 book,

1667 3013 47 41 18
1717 3008 98 46 —/'
1873 3012 59 40 As
1962 3028 22 24 a
2012 3026 274 35 consequence
2315 3010 79 41 this
2423 3008 104 42 book
2558 3007 207 42 remained
2795 3007 91 40 abso-

1539 3071 129 51 lutely
1699 3071 225 47 unknown,
1958 3069 157 51 though
2148 3069 69 41 the
2248 3068 247 48 confidence,
2528 3063 236 53 frequently
2796 3080 84 26 men-

1540 3130 151 47 tioned,
1725 3128 70 42 has
1827 3129 119 41 made
1978 3129 52 40 its
2061 3127 91 41 title
2185 3127 174 41 famous.
2420 3125 142 42 There
2594 3125 31 40 is
2657 3141 22 24 a
2710 3125 98 40 time
2841 3123 67 40 for

1539 3188 136 40 books.
1735 3187 40 41 If
1804 3187 69 41 the
1899 3187 105 41 hour
2031 3202 131 34 passes
2189 3186 140 40 before
2356 3184 68 41 the
2452 3184 104 40 book
2583 3183 161 41 obtains
2772 3196 114 36 recog-

1540 3247 144 47 nition,
1708 3245 239 51 practically
1969 3244 56 41 all
2046 3244 103 50 hope
2170 3243 44 42 of
2235 3243 199 51 publicity
2456 3243 31 40 is
2509 3242 91 41 lost.
2652 3240 97 42 The
2774 3240 134 42 works

1539 3304 44 41 of
1614 3304 68 40 the
1711 3304 86 40 best
1825 3304 163 41 writers
2017 3318 96 26 now
2143 3318 148 34 appear
2319 3317 98 35 very
2447 3301 81 40 late
2558 3301 41 40 in
2630 3299 68 41 the
2728 3314 180 26 summer

1539 3378 138 25 season
1703 3363 80 40 and
1810 3377 50 36 go
1885 3361 176 51 straight
2087 3372 41 30 to
2155 3361 161 41 readers
2340 3360 41 40 in
2407 3359 68 41 the
2500 3374 175 35 couniry
2699 3373 48 26 or
2772 3367 42 31 at
2839 3356 69 41 the

1539 3421 164 40 seaside.
1760 3421 18 40 I
1804 3421 125 40 know
1952 3420 44 41 of
2021 3419 155 42 several
2200 3419 124 40 books
2348 3417 136 42 which
2508 3432 110 26 were
2642 3416 126 51 going
2792 3425 42 31 to
2861 3416 47 40 be

1538 3489 90 31 sent
1649 3480 40 39 in
1712 3478 80 42 this
1812 3495 105 34 way.
1969 3474 122 55 They
2112 3477 102 41 have
2236 3477 99 40 been
2357 3476 144 50 spared
2526 3491 22 25 a
2571 3475 148 41 useless
2739 3489 168 36 voyage,

1540 3538 80 40 and
1646 3537 94 50 they
1765 3537 101 41 have
1892 3537 207 40 remained
2124 3537 104 40 done
2253 3551 54 33 up
2333 3536 41 39 in
2399 3533 168 51 parcels.
2624 3531 169 50 Others,
2820 3543 89 30 sent

1539 3606 73 30 out
1638 3596 40 39 in
1703 3595 113 51 July,
1844 3595 80 41 had
1950 3596 87 49 just
2061 3595 119 40 made
2206 3593 106 41 their
2338 3607 249 36 appearance
2612 3607 53 25 on
2692 3591 70 41 the
2787 3591 97 40 book-

1539 3653 115 41 stalls
1676 3654 121 40 when
1821 3653 68 41 the
1913 3652 166 42 terrible
2103 3653 77 50 day
2204 3652 175 41 arrived.
2432 3650 125 52 They
2580 3666 67 25 are
2670 3649 86 42 still
2780 3649 127 41 there.

1539 3712 40 41 A
1608 3711 112 51 large
1749 3712 173 41 number
1949 3729 32 24 w
1982 3729 8 8 T
1993 3727 65 25 ere
2086 3711 41 40 in
2156 3710 68 41 the
2252 3710 186 50 printing
2466 3725 121 34 press,
2620 3709 80 41 and
2728 3723 109 27 were
2867 3718 41 30 to

1539 3770 102 40 have
1673 3771 198 49 appeared
1904 3771 151 50 during
2086 3769 67 41 the
2183 3769 89 41 first
2303 3769 97 50 days
2430 3768 44 41 of
2506 3767 198 49 October,
2736 3767 73 40 but
2841 3766 67 41 the

1540 3844 150 34 presses
1717 3828 201 51 suddenly
1944 3828 182 50 stopped,
2157 3828 80 40 and
2266 3826 107 42 their
2400 3826 211 51 rumbling
2638 3826 32 40 is
2696 3824 121 42 silent
2818 3825 91 39 —it

1540 3887 71 40 has
1642 3897 72 30 not
1743 3897 67 40 yet
1841 3887 133 50 begun
2007 3887 132 50 again.
2199 3885 96 41 The
2328 3885 189 41 Reviews
2548 3884 67 41 for
2646 3884 68 41 the
2745 3883 89 41 first
2864 3883 44 41 of

1540 3945 164 50 August
1735 3945 120 41 could
1889 3955 71 31 not
1991 3944 97 51 only
2119 3960 148 34 appear
2298 3943 102 42 with
2434 3943 212 51 difficulty,
2681 3943 80 41 and
2795 3943 112 40 those
