3035 4394
1265 195 239 36 BRUNO'S
1581 196 248 35 WEEKLY

2866 206 76 40 931

158 285 285 62 Pasteles
481 290 66 58 in
584 291 198 61 Prose

157 369 270 35 I.—Sacrifice

244 425 86 42 HE
355 437 84 33 two
462 445 94 26 men
579 441 63 31 sat
666 432 42 40 in
732 432 68 42 the
824 434 322 41 summer-house
1169 434 102 41 back
1294 434 44 40 of
1364 434 67 40 the
1459 433 64 51 big

287 486 215 42 residence.
564 488 40 41 It
631 506 86 25 was
746 491 114 42 dark.
918 491 96 42 The
1042 492 127 41 white
1199 492 144 41 candle
1371 507 52 26 on
1454 495 68 38 the

155 542 108 41 table
289 544 189 42 flickered
504 562 51 25 an
581 548 244 41 insufficient
849 549 151 51 yellow
1025 550 117 51 light.
1198 550 95 40 The
1320 550 108 40 river
1454 554 65 36 far

156 601 132 41 below
325 604 157 40 seemed
523 620 51 24 an
612 608 390 49 untransgressable,
1042 609 233 49 separating
1314 608 123 49 depth
1477 608 44 41 of

155 658 67 41 the
254 659 97 51 high
386 661 94 41 hills
514 662 90 41 that
637 679 113 35 grew
783 666 87 40 into
904 665 68 41 the
1005 666 174 41 heavens
1212 682 52 25 on
1299 666 68 41 the
1400 666 119 41 other

154 718 95 39 side.
306 719 90 40 Not
421 735 21 24 a
467 730 84 31 star
576 721 123 41 shone
723 738 52 24 on
801 722 68 42 the
894 723 174 41 clouded
1094 724 114 40 skies.
1263 727 41 37 A
1329 729 68 46 Dig
1421 724 98 51 ugly

154 775 115 41 moth
299 776 69 41 did
397 776 73 42 her
499 778 85 41 best
614 789 41 31 to
684 782 170 39 commit
881 782 150 40 suicide
1061 782 40 40 in
1132 782 68 40 the
1230 782 118 41 flame
1377 782 44 40 of
1451 782 67 41 the

155 834 155 41 candle.
369 834 96 42 The
495 837 60 40 air
583 853 84 25 was
696 837 120 42 laden
845 839 103 41 with
979 839 220 42 heaviness.
1260 840 41 41 It
1329 856 85 25 was
1443 856 76 25 one

154 891 43 42 of
224 892 67 41 the
318 893 137 50 nights
482 895 90 40 that
597 912 63 24 we
687 896 159 41 declare
871 913 79 25 our
975 897 103 49 love,
1108 898 89 40 that
1223 914 63 25 we
1314 898 205 51 exchange

154 950 265 50 confidences,
444 953 41 39 in
509 952 135 42 which
669 970 62 25 we
756 964 135 41 regret
915 955 78 41 lost
1017 956 168 40 chances
1212 957 79 39 and
1318 968 201 29 resurrect

155 1009 101 40 dead
285 1011 227 40 memories.
571 1010 97 42 The
696 1028 95 25 man
821 1012 104 42 with
955 1029 23 26 a
1006 1014 83 49 sad,
1121 1013 147 42 almost
1296 1015 224 51 mourning

153 1067 105 47 look,
291 1067 123 42 broke
443 1069 68 41 the
539 1069 160 42 silence.

572 1143 42 25 so
639 1129 17 39 I
680 1143 101 35 gave
803 1145 53 33 up
880 1129 165 41 because
1068 1130 44 40 of
1135 1147 67 34 my
1226 1130 96 48 real,
1346 1131 169 48 eternal,

152 1199 123 25 never
299 1183 205 53 changing
529 1185 102 42 love.
688 1187 17 40 I
732 1203 124 24 never
881 1187 177 51 thought
1084 1188 92 41 that
1200 1189 18 40 I
1245 1188 122 42 could
1393 1190 52 40 do
1472 1190 44 40 it.

155 1242 82 41 But
262 1242 89 41 love
374 1244 118 40 wins.
549 1244 18 40 I
593 1244 188 41 watched
807 1245 72 40 her
904 1245 160 48 closely.
1121 1247 18 39 I
1167 1247 106 40 tried
1300 1257 41 31 to
1368 1248 125 40 under-

151 1301 119 40 stand
296 1316 120 36 every
440 1317 76 25 one
541 1302 43 41 of
610 1302 74 41 her
709 1303 166 42 actions.
918 1304 20 41 I
965 1303 199 53 indulged
1189 1303 74 44 her
1287 1305 211 42 eccentrici-

153 1359 84 40 ties.
297 1359 79 41 She
401 1376 85 25 was
513 1361 94 48 sick,
639 1362 17 39 I
687 1361 76 41 felt
790 1363 71 40 her
889 1363 107 48 pain.
1057 1364 18 39 I
1104 1364 188 40 watched
1320 1380 98 24 over
1446 1364 72 41 her

152 1417 77 50 day
259 1418 78 40 and
367 1418 130 50 night.
554 1418 99 42 And
683 1420 73 40 her
783 1420 187 42 husband
998 1437 84 25 was
1112 1421 152 51 always
1293 1432 41 31 at

392 1476 73 41 life
500 1476 70 41 has
608 1477 152 51 always
795 1478 99 41 been
930 1479 154 49 sirhple,
1122 1496 68 34 my
1226 1481 98 40 dear
1360 1480 155 42 fellow.

150 1533 96 42 You
268 1534 115 41 don't
402 1535 124 41 know
544 1535 114 41 what
678 1537 32 39 it
729 1552 138 25 means
887 1547 41 30 to
950 1537 89 41 love
1061 1554 21 24 a
1101 1553 178 34 woman,
1300 1549 41 29 to
1364 1540 153 40 receive

151 1591 138 41 favors
314 1592 109 40 from
447 1592 83 50 her,
558 1593 56 41 all
639 1594 112 40 those
776 1594 120 41 small
922 1596 79 40 and
1028 1596 68 50 big
1120 1596 139 41 favors
1284 1596 90 41 that
1399 1597 118 41 make

149 1649 73 41 life
249 1650 137 41 worth
417 1650 271 52 living—and
720 1652 109 48 then,
859 1669 79 34 you
969 1653 101 41 have
1101 1664 41 30 to
1173 1670 68 35 say
1271 1655 244 50 good-night

151 1723 118 35 every
297 1709 185 50 evening.
539 1710 96 41 You
664 1710 101 41 have
794 1721 41 30 to
863 1711 117 41 make
1009 1712 303 49 appointments
1340 1723 41 30 to
1409 1723 107 31 meet

150 1776 41 30 at
216 1766 80 41 this
322 1768 79 40 and
428 1767 92 41 that
544 1767 113 50 place
682 1768 121 41 when
828 1785 80 35 you
934 1770 125 41 know
1084 1770 90 40 that
1200 1770 68 41 she
1294 1770 147 42 should
1468 1771 47 41 be

148 1824 102 41 with
270 1841 80 33 you
372 1825 56 40 all
449 1825 68 41 the
538 1827 110 40 time.
699 1825 125 42 Then
847 1827 113 41 there
980 1843 109 26 were
1111 1828 72 41 her
1204 1828 197 42 children.
1442 1829 73 40 It's

148 1898 22 25 a
193 1882 133 51 funny
348 1881 118 53 thing
489 1884 124 41 about
635 1884 113 41 those
771 1885 198 41 children.
1021 1886 228 41 Wouldn't
1270 1903 80 34 you
1374 1898 141 39 expect

149 1940 139 42 rather
314 1951 176 41 strange,
520 1958 99 25 even
646 1942 103 42 hard
778 1943 172 51 feelings
978 1945 181 40 towards
1186 1944 68 41 the
1282 1944 131 52 living
1440 1956 57 30 tes-

149 1999 157 51 timony
325 1999 45 41 of
391 1999 73 42 her
483 2001 192 40 devotion
697 2011 43 41 to,
761 2001 172 41 another
953 2017 95 26 man
1061 2001 16 41 ?
1130 2003 84 40 But
1235 2019 52 24 no
1289 2003 79 41 —I
1392 2019 123 26 never

149 2058 82 41 did.
293 2057 123 51 They
447 2059 158 40 seemed
639 2069 41 30 to
713 2059 47 40 be
794 2076 22 24 a
847 2070 93 39 part
971 2060 45 40 of
1048 2060 84 41 her.
1197 2061 19 40 I
1250 2060 119 42 loved
1402 2061 111 41 them

148 2115 147 41 almost
324 2132 42 25 as
392 2116 123 42 much
545 2132 42 26 as
614 2116 165 43 herself.

203 2173 98 42 You
324 2174 136 50 know,
485 2190 65 26 we
572 2185 114 31 went
709 2191 53 25 on
788 2175 80 41 this
891 2192 92 35 way
1009 2176 66 41 for
1099 2177 177 41 months.
1330 2178 183 41 Women

148 2248 68 25 are
247 2232 97 41 such
376 2243 170 31 masters
579 2243 41 31 at
652 2233 180 51 burning
863 2234 106 41 life's
1000 2234 164 42 candles
1197 2245 41 31 at
1270 2235 99 42 both
1402 2237 110 40 ends.

146 2289 123 52 They
303 2290 125 42 know
463 2291 90 41 that
588 2291 68 41 the
692 2302 84 31 two
812 2292 126 50 lights
971 2303 111 30 must
1115 2307 107 27 meet
1256 2309 110 26 some
1401 2298 111 37 time.

145 2348 99 41 And
278 2349 90 41 that
402 2349 97 41 then
533 2349 114 42 there
678 2349 91 42 will
802 2350 46 41 be
882 2351 205 41 darkness.
1152 2352 85 40 But
1270 2352 95 50 they
1399 2353 115 40 don't

147 2406 131 42 think.
353 2406 124 52 They
523 2408 116 40 don't
685 2408 80 40 feel
812 2408 68 41 the
926 2424 116 35 creep
1087 2409 45 41 of
1179 2410 68 40 the
1294 2410 219 42 inevitable

334 2534 85 31 met
438 2540 119 35 every
577 2525 90 50 day.
715 2526 85 40 We
820 2525 121 41 lived.
991 2527 85 40 We
1095 2526 144 41 kissed.
1289 2527 84 41 We
1394 2527 118 41 loved

143 2583 140 40 —and
304 2583 40 39 in
365 2582 68 41 the
453 2584 174 49 evening
645 2582 68 42 she
731 2593 113 31 went
864 2583 118 41 home
1003 2594 41 31 to
1064 2584 72 41 her
1155 2584 200 42 husband.
1392 2585 120 42 God!

144 2640 96 41 The
266 2651 160 31 torture
452 2640 44 41 of
522 2641 52 40 it!
631 2641 143 41 When
802 2642 18 40 I
849 2652 61 31 sat
937 2643 174 50 evening
1137 2643 109 41 after
1272 2644 174 50 evening
1472 2645 40 39 in

145 2714 69 35 my
238 2699 112 49 quiet
376 2709 187 40 quarters
588 2699 104 41 with
718 2699 73 41 her
816 2700 158 49 picture
1000 2701 40 40 in
1069 2700 116 42 front
1210 2700 44 42 of
1281 2717 77 25 me.
1413 2702 99 41 And

145 2757 69 41 she
275 2791 151 8 ...
490 2758 18 40 I
537 2758 116 41 don't
678 2758 126 42 know
828 2758 115 42 what
967 2758 69 42 she
1062 2775 85 25 was
1174 2760 137 50 doing.
1370 2760 18 40 I
1417 2760 97 50 only

146 2816 227 50 imagined:
408 2816 114 41 Now
551 2815 70 42 she
653 2817 32 40 is
715 2817 164 50 serving
910 2817 85 40 him
1026 2833 110 26 some
1168 2817 102 49 dish,
1304 2819 211 50 inquiring

144 2873 252 52 solicitously
417 2874 32 40 if
471 2874 32 40 it
523 2874 32 41 is
576 2884 41 31 to
639 2874 61 42 his
721 2874 143 52 liking.
917 2875 114 41 Now
1051 2875 68 41 she
1140 2875 122 42 kisses
1283 2876 84 41 him
1390 2877 100 50 good-

145 2932 119 51 night
325 2966 152 8 ...
541 2933 17 40 I
584 2932 181 42 believed
790 2934 40 40 in
854 2933 71 41 her
948 2933 104 42 with
1076 2933 56 42 all
1155 2950 68 35 my
1244 2938 131 37 heart.
1430 2935 84 41 But

144 2991 97 41 how
268 2991 122 41 could
421 3007 21 25 a
470 3007 96 24 man
595 2992 119 40 made
743 2991 43 41 of
817 2991 97 42 flesh
944 2993 80 40 and
1054 2991 122 43 blood
1207 2993 115 41 resist
1352 2993 162 50 forcing

144 3048 62 42 his
238 3065 92 35 way
364 3059 41 31 to
440 3049 73 41 her
546 3049 191 41 chamber
799 3082 151 8 ...
1012 3067 23 24 a
1068 3066 96 25 man
1199 3050 95 42 who
1329 3051 80 41 had
1445 3050 68 42 the

145 3107 108 51 legal
282 3107 111 51 right
422 3118 42 30 to
494 3108 73 40 her
628 3141 8 8 .
699 3141 8 8 .
771 3141 8 8 .

335 3165 119 42 loved
481 3165 72 42 her
578 3165 131 50 home,
737 3166 68 41 the
829 3165 69 42 old
926 3167 209 41 furniture
1161 3183 42 25 so
1231 3167 201 51 carefully
1458 3184 38 24 se-

145 3223 130 43 lected
306 3224 51 51 by
387 3224 73 41 her
489 3225 80 40 and
600 3224 67 41 for
697 3224 94 49 her;
823 3225 68 41 the
920 3225 69 41 old
1021 3236 184 30 servants
1235 3242 110 34 upon
1375 3226 138 42 whom

146 3282 68 41 she
238 3283 233 49 depended;
496 3283 69 40 she
589 3283 115 51 hung
726 3283 104 42 with
857 3283 56 41 all
937 3283 72 41 her
1033 3283 90 42 soul
1148 3300 110 34 upon
1285 3285 68 41 the
1378 3301 115 34 every-

146 3341 78 51 day
247 3342 162 40 routine
432 3341 43 41 of
501 3341 130 51 living
654 3341 90 41 that
766 3341 69 41 she
858 3341 81 41 had
964 3341 198 43 followed
1186 3342 68 42 for
1277 3358 113 26 more
1414 3343 100 41 than

146 3409 157 41 twenty
323 3415 127 35 years.
503 3400 19 40 I
544 3414 85 27 was
650 3415 97 26 now
769 3416 22 24 a
811 3415 94 27 new
926 3399 135 43 factor
1082 3401 41 40 in
1145 3400 69 42 the
1236 3416 93 27 new
1352 3402 162 40 routine

142 3474 82 24 —a
250 3457 169 42 beloved
445 3473 89 33 one,
562 3457 75 42 but
663 3473 52 26 an
741 3458 198 42 addition.

388 3516 18 41 I
432 3532 104 35 gave
557 3516 73 41 her
654 3532 67 34 up.
777 3516 18 41 I
821 3531 101 36 gave
946 3517 32 40 it
1003 3516 56 42 all
1083 3533 67 34 up.
1207 3517 19 41 I
1253 3517 135 42 didn't
1411 3518 102 42 have

146 3574 67 42 the
242 3575 118 41 heart
390 3585 42 31 to
463 3570 146 46 induce
638 3574 74 41 her
741 3584 42 31 to
812 3576 91 49 give
933 3591 54 33 up
1018 3575 68 41 the
1116 3577 300 50 surroundings
1445 3576 68 42 she

144 3633 133 42 loved.
341 3633 18 41 I
393 3633 126 42 know
550 3633 67 41 she
648 3633 143 41 would
823 3632 102 42 have
958 3633 99 41 been
1089 3633 164 52 willing
1285 3644 42 31 to
1360 3635 51 41 do
1445 3635 68 41 the

145 3691 289 41 conventional
457 3691 120 51 thing
597 3691 74 41 but
694 3692 19 40 I
738 3690 135 42 didn't
895 3692 98 41 dare
1016 3692 51 40 do
1091 3692 43 40 it.
1190 3692 18 41 I
1233 3692 120 42 loved
1376 3692 73 42 her
1470 3709 43 25 so

144 3750 134 41 much.
333 3751 18 40 I
375 3750 185 41 sacrified
584 3749 242 51 everything
847 3749 68 41 for
935 3749 74 41 her
1030 3750 104 41 sake.
1189 3750 96 42 Life
1306 3751 33 42 is
1359 3751 130 42 worth-

144 3808 76 42 less
245 3809 67 41 for
335 3824 77 26 me.
470 3808 69 41 I'll
564 3824 123 25 never
711 3824 63 25 see
798 3807 73 42 her
896 3809 119 50 again
1042 3809 80 41 and
1150 3809 69 40 I'll
1245 3824 125 27 never
1395 3811 119 50 again

144 3867 80 41 feel
248 3868 180 42 warmth
455 3868 41 40 in
521 3883 69 35 my
614 3866 130 42 heart.
802 3866 69 41 I'll
897 3882 124 26 never
1045 3883 63 25 see
1134 3867 72 41 her
1232 3869 120 50 again
1379 3870 41 40 in
1446 3885 68 35 my

144 3925 75 43 life
239 3927 81 42 and
342 3926 20 42 I
383 3925 106 43 shall
510 3924 100 53 long
630 3925 67 42 for
718 3925 73 42 her
812 3924 109 43 until
944 3925 19 41 I
986 3925 77 42 die.

1725 294 133 51 might
1887 295 46 41 be
1963 296 133 51 happy
2126 308 41 30 at
2198 298 90 41 that
2318 332 8 8 .
2389 332 8 8 .
2461 333 8 8 .
2528 300 33 41 if
2592 301 31 40 it
2653 302 31 39 is
2714 301 238 51 happiness;

1588 351 66 40 the
1675 354 297 40 consciousness
1992 354 43 41 of
2055 371 68 35 my

1643 408 96 42 The
1762 427 94 24 man
1879 412 103 41 with
2007 428 22 25 a
2052 414 82 47 sad,
2159 415 184 50 resigned
2369 415 87 41 face
2480 416 145 42 looked
2649 416 205 52 forlornly
2876 428 75 32 out

1589 467 84 41 into
1702 468 69 40 the
1798 470 204 41 darkness.
2059 470 142 42 There
2227 488 85 26 was
2341 489 21 25 a
2390 473 98 51 long
2515 474 159 42 silence.
2734 476 80 41 His
2841 492 84 25 com-

1586 526 148 48 panion
1759 528 68 40 did
1851 538 72 30 not
1945 545 130 25 move.
2131 531 40 38 It
2194 532 155 39 seemed
2375 547 50 24 an
2450 534 186 49 eternity,
2662 533 73 41 but
2760 535 31 39 it
2814 535 136 50 surely

1586 583 127 42 lasted
1743 601 49 24 an
1820 585 116 42 hour.
1997 587 174 41 Neither
2199 589 68 40 did
2296 589 61 41 his
2384 592 241 47 companion
2653 592 92 40 take
2773 592 60 40 his
2862 608 90 34 eyes

1586 657 116 35 away
1732 642 108 41 from
1869 644 67 40 the
1967 644 87 41 face
2082 646 44 40 of
2156 646 67 40 the
2252 663 95 24 man
2376 648 94 40 who
2500 665 84 24 was
2612 650 205 50 speaking.
2880 651 74 40 He

1586 701 155 40 seemed
1776 711 41 30 to
1851 712 66 40 try
1949 713 41 30 to
2025 705 94 39 read
2153 704 60 41 his
2246 706 114 39 mind
2395 707 79 40 and
2509 706 93 41 look
2636 708 97 49 deep
2768 708 85 41 into
2888 708 61 41 his

1586 757 127 42 heart.
1767 759 70 41 He
1858 776 85 25 was
1964 762 195 50 studying
2181 762 68 41 the
2272 762 178 42 features
2472 764 43 40 of
2540 765 60 40 his
2623 765 87 41 face
2734 766 79 40 and
2837 767 85 40 mak-

1586 816 70 49 ing
1680 818 286 48 comparisons.

1640 873 98 41 And
1761 876 201 50 suddenly
1984 877 56 40 all
2063 877 67 41 the
2154 877 225 42 relaxation
2404 880 275 49 disappeared.
2734 882 69 40 He
2825 898 101 26 seem-

1585 932 46 39 ed
1654 933 141 47 active,
1821 934 200 50 dynamic.
2074 936 68 40 He
2164 936 66 51 lay
2251 937 99 41 back
2372 938 40 40 in
2435 938 68 41 the
2524 940 154 49 garden
2701 940 124 41 chair.
2879 941 71 41 He

1585 990 202 42 stretched
1827 992 61 40 his
1927 992 82 51 legs
2050 994 79 40 and
2171 1010 107 26 arms
2317 997 207 40 conscious
2564 997 43 40 of
2646 997 61 41 his
2746 999 203 50 strength.

1585 1047 139 42 There
1746 1065 84 25 was
1853 1066 22 24 a
1896 1051 192 50 vigorous
2112 1053 252 41 exhaltation
2388 1055 103 40 with
2514 1055 61 40 his
2597 1056 207 49 powerful
2828 1056 123 52 lungs

1585 1106 90 41 that
1696 1107 106 41 blew
1823 1118 73 31 out
1918 1109 67 40 the
2007 1109 117 51 light.
2135 1123 8 6 v

1642 1197 7 8 .
1713 1198 8 8 .
1785 1199 8 7 .
2035 1201 150 9 ...
2242 1170 18 40 I
2301 1170 141 41 would
2482 1171 102 40 have
2624 1172 121 41 taken
2785 1173 85 41 her.
2927 1174 20 41 I

1583 1223 140 41 would
1745 1223 101 42 have
1866 1226 117 40 made
2004 1225 73 42 her
2098 1227 135 50 forget
2254 1228 72 40 her
2345 1230 299 50 surroundings
2665 1231 80 40 and
2767 1231 72 41 her
2860 1232 70 40 fur-

1583 1281 136 40 niture
1743 1283 80 40 and
1847 1283 72 41 her
1942 1284 199 41 husband.
2196 1286 18 39 I
2239 1286 141 41 would
2406 1286 102 42 have
2531 1289 118 40 made
2673 1288 73 42 her
2768 1290 52 40 sit
2843 1290 105 41 with

1581 1355 65 24 me
1672 1340 40 39 in
1738 1356 67 34 my
1831 1341 135 51 lonely
1992 1353 198 38 quarters.
2249 1345 18 39 I
2295 1344 140 41 would
2463 1345 101 42 have
2590 1347 139 49 passed
2757 1357 41 31 to
2826 1347 73 42 her
2925 1364 24 26 a

1583 1408 92 38 part
1694 1398 44 40 of
1757 1415 68 34 my
1845 1415 94 26 own
1961 1401 102 40 dish.
2115 1401 18 40 I
2155 1401 141 42 would
2317 1403 101 40 have
2440 1404 118 40 made
2579 1404 72 41 her
2672 1404 79 42 feel
2773 1405 68 42 the
2861 1407 66 41 des-

1583 1455 179 42 ecration
1790 1457 44 40 of
1863 1458 172 41 another
2061 1459 130 41 man's
2220 1460 135 42 touch.
2416 1462 18 40 I
2462 1457 141 46 would
2632 1463 103 41 have
2762 1465 186 49 guarded

1581 1513 72 41 her
1677 1514 55 40 all
1757 1516 130 50 night.
1945 1517 17 39 I
1988 1517 141 41 would
2155 1517 101 42 have
2282 1519 178 51 brought
2484 1520 73 41 her
2581 1521 213 50 happiness
2820 1523 40 40 in
2888 1538 42 26 re-

1582 1582 111 31 turn.
1758 1574 18 39 I
1811 1574 141 41 would
1987 1575 101 41 have
2121 1576 207 42 sacrificed
2363 1578 241 51 everything
2637 1579 73 41 but
2743 1579 84 50 her,
2865 1582 82 44 and

1582 1632 206 40 conscious
1809 1632 44 40 of
1875 1632 90 41 that
1988 1634 18 39 I
2029 1634 142 41 would
2192 1634 102 42 have
2316 1635 98 41 been

1637 1688 40 41 A
1698 1690 163 50 glaring
1880 1691 126 40 white
2028 1691 208 52 lightning
2255 1695 144 47 parted
2421 1694 68 41 the
2509 1696 102 40 dark
2630 1696 115 41 skies.
2796 1696 124 42 Thun-

1581 1747 72 40 der
1674 1749 226 40 resounded
1924 1749 108 41 from
2055 1750 55 41 all
2133 1766 162 26 corners
2315 1752 44 40 of
2382 1752 67 42 the
2471 1753 128 41 earth.
2653 1754 150 51 Heavy
2824 1756 125 50 drops

1580 1805 43 40 of
1644 1822 50 24 an
1715 1808 251 48 unexpected
1988 1809 88 39 rain
2098 1809 91 40 beat
2209 1810 159 50 against
2387 1810 68 41 the
2476 1811 104 42 roof.
2629 1811 97 42 The
2747 1823 83 31 two
2853 1829 93 26 men

1580 1863 167 42 hurried
1773 1865 99 40 back
1896 1876 41 30 to
1962 1866 67 41 the
2053 1867 67 50 big
2143 1867 155 50 lighted
2324 1868 135 41 house.

2564 1929 138 41 Guido
2729 1931 157 39 Bruno.

1580 1993 316 70 Replated
1924 1994 355 62 Platitudes

1640 2073 120 41 Most
1790 2076 171 40 modern
1991 2076 153 49 fiction,
2176 2077 68 41 the
2274 2077 169 52 literary
2472 2079 198 49 pabulum
2699 2080 44 42 of
2773 2081 70 41 the
2872 2097 51 26 un-

1580 2131 180 51 literary,
1783 2149 202 26 measures
2005 2151 53 33 up
2081 2135 124 40 about
2227 2152 21 24 a
2268 2135 239 44 thimbleful
2526 2138 44 41 of
2592 2138 85 41 fact
2698 2140 40 39 in
2762 2156 22 24 a
2805 2139 143 43 tubful

1579 2190 44 40 of
1647 2190 133 51 fancy.

1637 2248 96 42 You
1761 2250 116 40 don't
1902 2250 102 41 have
2032 2260 40 32 to
2101 2262 63 30 eat
2192 2252 68 41 the
2286 2252 135 42 whole
2447 2253 44 41 of
2519 2271 22 24 a
2568 2255 95 41 cake
2690 2266 41 31 to
2759 2255 86 42 find
2872 2267 76 31 out

1579 2307 114 41 what
1716 2308 32 39 it
1772 2307 55 41 all
1852 2318 122 32 tastes
1997 2309 92 41 like.

1639 2366 48 39 In
1720 2365 68 41 the
1817 2367 135 40 world
1984 2368 44 40 of
2061 2368 195 41 fashion's
2288 2369 130 50 favor,
2453 2386 22 25 a
2507 2370 62 42 fat
2601 2387 120 34 purse
2752 2373 80 41 and
2865 2373 83 42 fine

1578 2423 207 51 millinery
1811 2424 104 41 shall
1942 2441 119 25 cover
2089 2442 22 25 a
2136 2426 225 42 multitude
2386 2427 44 42 of
2458 2429 264 42 imbecilities.

1635 2482 141 41 When
1806 2499 76 25 one
1910 2483 86 41 fool
2025 2484 151 41 blames
2206 2485 172 41 another
2406 2486 99 49 fool,
2534 2487 96 42 how
2658 2488 32 40 if
2720 2504 79 36 any
2826 2490 122 42 other

1578 2539 86 41 fool
1688 2550 41 31 to
1753 2540 74 42 t&l
1849 2541 136 41 which
2010 2542 86 41 fool
2120 2543 32 41 is
2175 2542 129 52 really
2327 2544 68 41 the
2420 2544 85 42 real
2528 2545 116 42 fool?

1635 2596 96 44 The
1761 2615 95 25 man
1888 2600 95 41 who
2013 2601 136 40 makes
2180 2601 61 41 his
2270 2617 96 26 own
2397 2605 299 48 opportunities
2725 2605 90 42 will
2846 2622 101 26 soon

1578 2655 85 42 find
1686 2659 299 48 opportunities
2006 2659 168 51 making
2197 2659 66 41 for
2286 2659 97 43 him.

2518 2721 139 42 Julius
2680 2722 206 41 Doerner.
