3630 4572
2114 3882 142 44 322

884 529 222 38 Architekten
1133 534 157 32 stammt,
1319 524 53 35 die
1400 535 69 22 von
1498 520 115 35 keiner
1638 515 302 50 lebenskräftigen,
1968 514 69 36 selb-

884 583 175 48 ständigen
1094 578 264 38 einheimischen
1386 574 164 49 Skulptur
1590 572 71 35 und
1693 570 142 36 Malerei
1867 569 189 49 irgendwie

885 635 190 37 befruchtet
1094 633 144 35 worden
1257 631 85 34 sind.

964 693 101 31 Denn
1081 686 88 36 auch
1183 686 58 34 der
1256 682 141 37 Malerei
1412 681 72 34 und
1500 679 162 49 Skulptur
1677 678 35 34 in
1727 675 183 48 Hamburg
1927 674 131 36 fehlten

885 744 96 35 nicht
1001 742 53 35 die
1072 740 152 39 Talente,
1244 736 146 36 sondern
1409 734 57 34 der
1486 731 117 37 Boden
1622 731 57 35 der
1693 730 151 34 Heimat.
1880 729 63 34 Die
1962 728 96 34 Stadt

885 797 61 35 bot
966 795 65 35 den
1052 790 254 39 aufstrebenden
1321 788 163 35 Talenten
1499 785 99 35 keine
1616 781 247 51 Möglichkeit,
1882 795 42 22 zu
1943 784 117 32 Hause

887 863 40 23 zu
953 849 132 39 lernen,
1105 858 72 23 was
1207 857 44 22 an
1277 843 56 34 der
1359 844 110 33 Kunst
1493 837 133 37 lernbar
1652 838 53 34 ist.
1743 837 103 34 Auch
1871 836 46 34 sie
1941 848 118 22 waren

889 914 222 38 gezwungen,
1132 898 72 35 sich
1224 895 65 36 auf
1304 896 54 34 die
1373 892 213 37 Akademien
1605 905 41 21 zu
1666 889 159 49 begeben.

967 955 94 34 Viele
1081 953 126 48 gingen
1226 949 152 35 dadurch
1398 948 57 34 der
1470 945 192 36 Vaterstadt
1682 943 56 35 für
1757 943 120 34 immer
1895 942 164 36 verloren.

887 1011 87 33 Wer
989 1004 257 40 zurückkehrte,
1267 1004 93 33 hatte
1379 1001 63 34 mit
1458 999 169 48 widrigen
1642 996 153 36 äufseren
1810 995 251 36 Verhältnissen

888 1075 40 23 zu
942 1058 175 51 kämpfen,
1129 1056 71 36 und
1211 1069 64 22 nur
1285 1056 75 34 sehr
1371 1055 134 47 wenige
1520 1051 128 36 fanden
1662 1051 71 35 sich
1744 1049 98 35 selbst
1853 1048 127 36 wieder
1990 1048 71 35 und

889 1112 241 38 entwickelten
1148 1112 37 33 in
1204 1110 56 35 der
1280 1108 94 35 Stille
1399 1109 71 34 ihre
1489 1106 195 48 Begabung.
1729 1106 89 32 Was
1845 1104 46 33 sie
1917 1103 47 34 im
1988 1103 50 33 An-

888 1166 128 38 schlufs
1031 1179 44 22 an
1089 1165 64 35 den
1167 1162 208 37 heimischen
1389 1161 116 35 Boden
1521 1156 196 53 geschaffen
1730 1156 122 41 haben,
1868 1155 195 35 überrascht

887 1226 96 44 jetzt,
1009 1232 62 23 wo
1097 1218 54 34 die
1174 1215 203 37 Kunsthalle
1404 1228 31 21 es
1460 1227 41 21 zu
1526 1212 167 36 sammeln
1722 1210 71 36 und
1821 1223 42 22 zu
1887 1210 110 34 Ehren
2022 1222 42 21 zu

889 1276 142 47 bringen
1058 1270 173 40 versucht,
1266 1269 105 34 durch
1400 1269 99 33 einen
1528 1266 91 36 Grad
1651 1278 69 22 von
1751 1263 211 37 Gesundheit
1991 1262 72 34 und

891 1324 297 49 Selbständigkeit,
1218 1323 57 34 der
1304 1322 56 35 der
1391 1320 260 36 akademischen
1677 1321 112 32 Kunst
1814 1315 249 37 Deutschlands

890 1382 37 34 in
953 1393 134 22 unserm
1112 1376 225 47 Jahrhundert
1361 1389 64 20 nur
1451 1372 285 37 ausnahmsweise
1755 1371 97 48 eigen
1871 1384 86 22 war.
1996 1372 69 33 Am

891 1433 140 48 Anfang
1056 1444 132 23 unseres
1214 1429 238 47 Jahrhunderts
1473 1425 218 38 entwickelte
1715 1425 60 35 Ph.
1797 1426 45 33 O.
1862 1427 123 45 Runge
2010 1423 56 34 ein

891 1491 199 44 Programm
1115 1485 57 34 der
1194 1486 111 33 Kunst
1328 1482 57 35 der
1405 1495 110 22 neuen
1539 1481 90 40 Zeit,
1655 1479 116 35 dessen
1796 1481 152 32 Grenzen
1973 1477 94 35 noch

892 1543 120 33 immer
1040 1540 95 34 nicht
1165 1550 86 36 ganz
1282 1535 115 36 erfüllt
1426 1535 86 35 sind.
1558 1536 39 32 In
1630 1532 65 36 den
1731 1532 188 48 zwanziger
1945 1531 122 45 Jahren

894 1592 155 38 entstand
1068 1593 49 34 im
1137 1589 182 37 Anschlufs
1340 1603 44 22 an
1404 1589 54 35 die
1477 1585 351 38 Panoramenmalerei
1847 1583 223 49 unabhängig

894 1661 70 23 von
972 1646 109 49 jedem
1091 1643 134 37 äufsern
1236 1642 142 37 Einflufs
1395 1643 72 34 eine
1483 1640 161 37 moderne
1659 1638 161 36 deutsche
1831 1636 220 37 Landschafts-

894 1701 149 40 malerei,
1063 1699 104 35 deren
1195 1698 136 35 weitere
1350 1695 249 49 Entwicklung
1618 1698 128 44 gestört
1770 1691 132 41 wurde,
1923 1691 46 35 als
1990 1704 80 21 man

896 1756 53 34 die
972 1757 126 45 jungen
1117 1755 127 44 Träger
1270 1750 57 35 der
1354 1763 109 22 neuen
1488 1749 101 35 Ideen
1614 1748 62 34 mit
1705 1745 198 50 Stipendien
1929 1744 66 36 auf
2017 1744 53 35 die

896 1806 214 38 Akademien
1128 1804 126 35 sandte.
1291 1806 69 33 Um
1379 1803 54 35 die
1448 1804 104 33 Mitte
1576 1802 58 34 der
1653 1798 174 50 dreifsiger
1845 1799 98 45 Jahre
1967 1797 104 35 malte

896 1862 118 35 Erwin
1038 1858 174 51 Speckter,
1240 1871 70 22 von
1339 1857 58 35 der
1425 1857 106 34 Lehre
1562 1863 100 27 unter
1688 1852 180 36 Cornelius
1898 1851 71 35 und
1994 1851 78 35 dem

897 1911 333 39 Studienaufenthalt
1249 1912 37 35 in
1306 1911 119 34 Italien
1444 1907 289 50 zurückgekehrt,
1753 1906 57 35 das
1825 1906 163 35 Interieur
2007 1905 65 35 mit

897 1968 77 35 dem
990 1966 172 36 Mädchen
1176 1978 70 23 von
1259 1967 122 39 Fanoe,
1402 1963 57 35 das
1482 1961 64 37 auf
1561 1962 100 48 lange
1680 1960 74 35 Zeit
1773 1960 121 35 hinaus
1916 1959 56 35 das
1992 1971 61 23 vor-

900 2019 336 50 aussetzungsloseste
1268 2018 160 35 deutsche
1457 2015 139 36 Oelbild
1625 2013 175 51 geblieben
1828 2014 53 35 ist.
1920 2015 71 32 Um
2019 2011 55 35 die

898 2076 103 35 Mitte
1026 2074 57 35 der
1109 2073 159 48 vierziger
1291 2072 95 46 Jahre
1418 2072 94 34 hatte
1538 2072 179 32 Hermann
1745 2064 227 43 Kauffmann,
1997 2065 76 35 dem

899 2127 167 37 mifsliche
1089 2126 228 36 Verhältnisse
1345 2138 41 21 zu
1421 2125 126 34 seinem
1574 2120 117 38 Glück
1719 2119 53 36 die
1801 2119 187 37 Rückkehr
2016 2131 58 23 zur

899 2180 190 37 Akademie
1109 2179 205 49 unmöglich
1332 2178 159 48 gemacht
1515 2179 134 38 hatten,
1670 2175 74 34 eine
1768 2174 164 34 schlichte
1952 2171 123 37 Gröfse

899 2235 72 36 und
994 2232 218 37 Einfachheit
1237 2232 152 42 erreicht,
1409 2232 55 34 die
1488 2230 61 35 ihn
1570 2243 42 22 zu
1626 2230 92 34 einer
1738 2241 85 35 ganz
1842 2227 154 47 einzigen
2015 2229 40 31 Er-

901 2288 186 48 scheinung
1113 2288 36 33 in
1169 2299 133 22 unserer
1320 2288 110 32 Kunst
1449 2285 156 40 machen,
1632 2296 60 21 um
1716 2281 144 36 dieselbe
1880 2281 73 35 Zeit
1973 2279 102 35 malte

901 2341 208 36 Valentin
1138 2341 134 34 Ruths
1303 2339 47 35 als
1379 2336 220 37 Autodidakt
1627 2336 90 35 seine
1747 2344 107 26 ersten
1882 2333 195 35 köstlichen

900 2394 111 36 Bilder
1040 2408 58 21 aus
1127 2394 80 35 dem
1234 2391 135 43 Hafen,
1406 2392 102 35 deren
1541 2389 197 36 malerische
1769 2388 202 46 Qualitäten
2006 2387 70 34 sein

904 2453 144 46 späterer
1067 2448 123 35 Lehrer
1209 2447 168 34 Schirmer
1400 2445 55 34 nie
1471 2443 150 50 gekannt
1635 2444 77 40 hat,
1732 2441 72 36 und
1827 2443 47 33 im
1889 2438 188 51 folgenden

901 2502 176 46 Jahrzehnt
1093 2500 218 36 entwickelte
1326 2500 71 34 sich
1412 2497 202 41 Steinfurth,
1629 2509 69 23 von
1715 2493 207 38 Düsseldorf
1932 2492 125 37 zurück-

904 2554 170 41 kehrend,
1101 2555 127 34 einsam
1254 2551 192 43 schaffend,
1473 2565 39 21 zu
1539 2552 112 34 einem
1675 2549 58 35 der
1758 2549 114 35 besten
1893 2547 185 36 deutschen

904 2607 246 37 Bildnismaler.

986 2660 84 36 Dafs
1101 2661 87 35 auch
1215 2660 54 35 die
1298 2657 276 38 Kunstindustrie
1607 2658 64 34 mit
1700 2656 197 35 Ausnahme
1928 2655 152 47 weniger

906 2716 141 47 Zweige
1067 2715 72 34 sich
1158 2715 95 34 nicht
1272 2726 42 22 zu
1333 2712 241 48 selbständiger
1589 2710 97 36 Blüte
1698 2709 146 35 erheben
1858 2708 142 41 konnte,
2020 2720 61 22 wo

908 2770 73 33 eine
1000 2768 205 48 eigenartige
1224 2766 239 41 Architektur,
1494 2765 142 36 Malerei
1665 2763 71 35 und
1756 2761 164 50 Skulptur
1939 2760 142 43 fehlten,

908 2820 120 37 bedarf
1042 2820 116 36 keiner
1178 2820 235 48 Ausführung.

1480 2906 29 33 ❖

991 3036 123 33 Immer
1133 3034 140 35 weitere
1287 3034 115 34 Kreise
1422 3031 140 37 werden
1581 3045 70 22 von
1671 3030 77 36 dem
1764 3029 182 36 Wunsche
1960 3028 106 34 durch-

913 3088 165 47 drungen,
1091 3085 73 37 dafs
1176 3086 54 35 die
1241 3086 274 49 Hamburgische
1531 3083 221 37 Architektur
1766 3084 54 35 die
1831 3082 256 47 Nachahmung

913 3140 145 36 fremder
1077 3140 182 35 Vorbilder
1279 3138 169 50 aufgeben
1468 3139 71 35 und
1559 3141 48 33 im
1626 3137 185 36 Anschlufs
1832 3150 44 22 an
1900 3135 187 36 heimische

914 3193 187 36 Gedanken
1115 3192 56 36 für
1188 3193 53 35 die
1256 3194 229 47 eigenartigen
1501 3191 211 37 Bedürfnisse
1732 3191 64 35 den
1812 3191 140 48 eigenen
1967 3187 100 36 künst-

915 3247 164 34 lerischen
1099 3245 183 36 Ausdruck
1297 3246 114 35 finden
1425 3252 119 42 möge;
1565 3245 71 35 dafs
1653 3245 53 35 die
1720 3246 38 34 in
1776 3245 66 35 den
1856 3241 232 37 kommenden

917 3301 249 34 Generationen
1200 3299 280 36 heranreifenden
1513 3299 268 35 künstlerischen
1818 3297 141 35 Talente
1992 3295 97 35 nicht

918 3366 211 35 gezwungen
1144 3353 151 40 werden,
1312 3353 62 35 den
1389 3353 117 35 Boden
1526 3353 57 35 der
1597 3353 141 33 Heimat
1756 3365 40 21 zu
1812 3350 175 40 verlassen,
2007 3361 62 23 son-

918 3405 81 35 dern
1018 3405 72 35 dafs
1101 3406 71 34 ihre
1184 3406 218 48 Ausbildung
1412 3415 98 26 unter
1526 3407 77 33 dem
1614 3405 145 35 Einflufs
1774 3405 57 35 der
1845 3402 246 37 heimatlichen

918 3457 206 36 Landschaft
1143 3459 72 35 und
1235 3459 56 35 des
1312 3461 139 47 eigenen
1470 3459 269 35 Volksstammes
1759 3457 196 36 stattfinden
1976 3462 114 42 möge,

920 3511 108 35 damit
1047 3513 47 33 sie
1118 3511 50 35 im
1187 3511 121 36 Stande
1334 3514 106 39 seien,
1461 3523 160 38 getragen
1640 3525 67 21 von
1734 3513 91 33 einer
1844 3509 247 48 Bevölkerung,

925 3563 54 35 die
997 3563 58 35 das
1070 3563 115 37 Glück
1204 3568 112 32 Kunst
1331 3566 253 34 mitzuerheben
1599 3564 121 36 fühlen
1740 3566 97 40 lernt,
1857 3565 74 33 eine
1945 3561 148 49 kräftige

925 3615 214 36 Lokalkunst
1165 3630 41 22 zu
1226 3616 166 43 schaffen,
1419 3619 53 35 die
1499 3620 89 34 einer
1614 3619 230 48 eigenartigen
1870 3617 223 35 dekorativen

925 3672 111 32 Kunst
1056 3683 78 21 zum
1152 3671 294 49 Ausgangspunkt
1464 3672 104 35 dient.

2244 512 181 47 Hamburg
2443 512 42 33 ist
2501 508 134 37 absolut
2653 510 36 34 in
2710 508 56 35 der
2781 512 101 44 Lage,
2898 508 73 34 eine
2988 507 216 35 ansehnliche
3220 507 113 35 lokale

2164 565 218 37 Produktion
2401 574 117 39 tragen
2537 577 41 21 zu
2597 562 150 35 können.

2246 618 191 36 Aehnliche
2456 616 180 37 Wünsche
2655 616 165 47 bewegen
2841 614 53 35 die
2915 616 163 33 Gemüter
3097 614 35 33 in
3152 615 110 45 Bezug
3278 611 63 37 auf

2166 674 54 34 die
2239 670 243 38 literarischen
2503 669 238 36 Verhältnisse.
2778 670 40 33 In
2837 667 65 34 den
2922 667 138 34 Kreisen
3079 665 104 42 derer,
3204 666 54 34 die
3283 667 55 33 die

2165 726 250 47 Entwicklung
2434 725 37 34 in
2489 722 182 49 Hamburg
2689 722 230 39 beobachten,
2939 719 91 36 wird
3053 720 62 34 seit
3138 719 121 45 Jahren
3286 719 53 34 die

2167 779 194 49 Gründung
2387 779 90 35 einer
2495 778 182 35 Wochen-
2703 775 82 36 oder
2804 771 265 38 Monatsschrift
3095 772 167 41 ventilirt,
3288 771 52 35 die

2167 848 84 22 vom
2275 832 299 48 Hamburgischen
2600 828 215 50 Standpunkt
2842 841 57 22 aus
2929 825 64 36 den
3023 825 95 36 Lauf
3144 825 58 35 der
3228 825 92 35 Welt-

2167 887 269 48 begebenheiten
2456 883 148 49 verfolgt
2623 882 72 36 und
2719 882 57 35 der
2801 881 141 35 lokalen
2961 879 215 36 Produktion
3201 879 47 35 als
3276 881 46 33 Ge-

2168 926 67 50 fäß
2261 940 103 36 dient.
2404 939 168 36 Versuche
2599 936 75 35 sind
2698 936 110 35 bisher
2834 935 93 34 noch
2950 934 96 34 nicht
3071 932 189 49 gelungen,
3281 931 42 35 ob-

2169 994 113 48 gleich
2301 1007 32 21 es
2362 1006 43 22 an
2429 992 243 35 literarischen
2695 987 144 37 Kräften
2863 988 96 35 nicht
2979 985 87 37 fehlt
3091 985 73 37 und
3190 984 63 36 auf
3272 986 73 34 eine

2171 1046 113 50 grofse
2303 1046 134 36 Anzahl
2456 1058 71 23 von
2547 1044 229 35 Abonnenten
2796 1041 107 36 sicher
2922 1054 40 21 zu
2982 1041 146 34 rechnen
3147 1041 53 34 ist.

2250 1100 181 48 Hamburg
2451 1097 123 37 drückt
2593 1098 72 34 sich
2684 1097 92 35 noch
2795 1096 96 34 nicht
2911 1107 68 22 aus.

2252 1155 63 34 Die
2334 1154 157 35 Institute
2512 1151 70 36 und
2597 1148 280 42 Gesellschaften,
2893 1148 53 34 die
2961 1146 54 37 die
3030 1147 191 36 Bewohner
3236 1148 84 32 Ham-

2171 1209 101 47 burgs
2284 1207 46 35 als
2340 1210 136 45 Organe
2488 1206 88 35 ihrer
2586 1203 207 36 kulturellen
2802 1199 209 38 Bedürfnisse
3021 1198 194 51 geschaffen
3225 1199 122 40 haben,

2173 1263 53 34 die
2239 1263 120 33 immer
2370 1269 159 26 erneuten
2539 1258 248 47 Bemühungen
2802 1256 166 35 einzelner
2978 1252 256 37 Kunstfreunde
3251 1252 98 48 legen

2173 1329 69 22 von
2259 1314 57 35 der
2333 1313 137 50 grofsen
2487 1310 99 37 Kraft
2603 1312 55 35 des
2674 1310 144 40 Bodens,
2834 1309 124 35 Kultur
2976 1321 41 22 zu
3036 1316 128 40 tragen,
3184 1306 148 36 entschei-

2174 1368 122 36 dendes
2317 1368 146 48 Zeugnis
2484 1366 52 35 ab.
2574 1366 82 35 Wir
2675 1364 174 35 verstehen
2867 1363 90 34 diese
2977 1362 147 35 Zeichen
3144 1360 46 36 als
3213 1359 137 36 Glieder

2174 1423 90 34 einer
2284 1422 85 35 weit
2390 1418 331 38 zurückreichenden
2744 1420 118 38 Kette,
2883 1429 105 22 wenn
3011 1416 68 35 wir
3100 1427 59 21 uns
3185 1416 165 39 erinnern,

2175 1475 73 36 dafs
2268 1474 54 36 die
2347 1474 221 35 Patriotische
2592 1469 224 39 Gesellschaft
2838 1483 61 22 um
2919 1470 54 34 die
3001 1469 104 34 Mitte
3134 1467 55 35 des
3211 1479 122 35 vergan-

2175 1542 106 36 genen
2294 1526 242 48 Jahrhunderts
2557 1525 186 50 gegründet
2762 1523 134 41 wurde,
2917 1521 72 37 dafs
3010 1521 66 36 fast
3095 1521 148 35 hundert
3257 1520 97 46 Jahre

2177 1584 121 34 vorher
2326 1584 125 45 Bürger
2471 1579 194 49 Hamburgs
2694 1578 72 35 sich
2792 1576 323 49 zusammengethan
3133 1575 133 40 hatten,
3293 1586 62 22 um

2178 1637 57 35 das
2256 1644 82 26 erste
2359 1634 203 50 Opernhaus
2582 1632 186 36 modernen
2788 1630 75 35 Stils
2883 1630 36 35 in
2938 1632 136 46 Europa
3094 1641 40 22 zu
3153 1627 122 42 bauen,
3296 1626 58 35 das

2180 1690 55 35 der
2260 1689 184 35 deutschen
2473 1690 93 47 Oper
2595 1686 53 35 die
2684 1695 81 25 erste
2794 1683 234 49 Möglichkeit
3053 1681 59 35 der
3138 1679 106 37 freien
3272 1683 63 32 Ent-

2179 1742 136 49 faltung
2344 1741 61 36 bot
2430 1741 70 35 und
2526 1741 36 34 in
2586 1740 56 35 der
2667 1740 90 34 That
2782 1738 54 35 die
2868 1745 82 27 erste
2972 1735 253 49 Blütenepoche
3252 1734 104 34 dieser

2181 1800 260 45 Kunstgattung
2456 1803 98 26 unter
2572 1792 175 37 Reinhold
2768 1792 117 34 Kaiser
2898 1788 244 42 herbeiführte,
3162 1787 73 36 und
3253 1799 104 23 wenn

2179 1851 67 35 wir
2256 1863 64 21 uns
2333 1848 350 49 vergegenwärtigen,
2696 1845 131 36 welche
2838 1843 101 36 Rolle
2950 1844 58 35 das
3018 1842 218 48 Hamburger
3246 1841 89 35 Thea-

2181 1916 48 23 ter
2249 1905 37 33 in
2312 1902 56 36 der
2389 1900 248 49 Entwicklung
2657 1899 57 36 der
2733 1898 183 35 deutschen
2932 1898 181 34 Litteratur
3131 1895 140 49 gespielt
3286 1895 70 35 hat.

2261 1956 90 36 Aber
2362 1970 31 21 es
2406 1953 103 37 fehlte
2519 1955 49 34 im
2578 1954 163 48 geistigen
2756 1952 113 35 Leben
2880 1952 194 46 Hamburgs
3094 1949 48 35 bis
3159 1950 35 34 in
3209 1949 53 35 die
3274 1961 63 21 neu-

2181 2020 66 26 este
2267 2011 73 34 Zeit
2359 2010 55 34 ein
2427 2009 135 41 Faktor,
2583 2008 64 35 den
2666 2008 54 34 ein
2739 2005 222 40 Geschlecht,
2983 2003 56 36 das
3059 2005 116 33 Neues
3194 2001 165 49 gestalten

2183 2065 152 40 möchte,
2354 2064 118 48 gering
2492 2075 41 22 zu
2553 2062 155 34 schätzen
2728 2059 116 50 pflegt,
2865 2057 56 35 der
2942 2057 78 36 aber
3040 2056 99 35 allein
3161 2056 52 34 die
3234 2055 105 35 Konti-

2182 2119 113 34 nuität
2315 2118 88 33 eines
2423 2116 205 49 gesicherten
2649 2112 240 37 Besitzstandes
2909 2111 172 48 verbürgt,
3103 2110 53 34 die
3166 2108 191 36 Tradition.

2265 2171 63 35 Die
2348 2170 204 36 Geschichte
2580 2168 57 35 der
2655 2166 126 36 Kultur
2809 2166 37 34 in
2868 2165 184 47 Hamburg
3080 2163 103 35 bietet
3211 2160 149 37 dasselbe

2183 2225 75 35 Bild
2279 2223 217 35 unendlicher
2514 2220 311 50 Umgestaltungen
2844 2217 70 36 und
2929 2217 272 48 Neubildungen
3220 2216 70 35 wie
3306 2215 55 34 die

2184 2279 55 34 des
2259 2276 193 37 Erdbodens
2480 2275 70 36 und
2575 2274 58 35 der
2652 2273 171 36 Familien.
2863 2270 122 37 Grofse
3004 2274 195 44 Vermögen
3223 2268 140 36 werden

2184 2331 128 36 schnell
2333 2328 185 51 aufgebaut
2538 2328 70 35 und
2628 2326 130 41 sinken,
2780 2339 104 22 wenn
2904 2325 54 34 die
2969 2323 99 36 Kraft
3084 2323 55 35 des
3152 2321 210 50 Begründers

2185 2384 281 49 zurückgetreten
2481 2383 54 41 ist,
2551 2382 123 34 ebenso
2690 2379 128 36 schnell
2832 2380 37 34 in
2879 2380 192 33 Trümmer.
3091 2375 93 48 Jeder
3194 2376 168 41 Einzelne,

2183 2438 73 49 jede
2289 2438 207 35 Generation
2536 2436 92 35 hatte
2664 2447 70 23 von
2767 2446 88 23 vorn
2887 2445 42 21 zu
2968 2431 186 48 beginnen,
3191 2443 74 23 war
3305 2427 65 37 auf

2186 2493 72 35 sich
2284 2491 105 35 selber
2414 2490 147 49 gestellt,
2587 2488 71 35 und
2687 2496 112 39 sorgte
2822 2485 202 36 wesentlich
3048 2497 66 22 nur
3138 2482 57 36 für
3220 2483 53 35 die
3300 2496 44 21 un-

2186 2544 171 37 mittelbar
2376 2542 185 37 fühlbaren
2580 2539 224 38 Bedürfnisse.

2267 2599 78 34 Dies
2375 2596 221 48 notwendige
2615 2595 154 35 Element
2789 2593 57 36 der
2864 2591 182 36 Tradition
3066 2591 92 35 kann
3178 2591 36 35 in
3232 2589 58 36 der
3309 2588 40 36 be-

2189 2652 194 49 weglichen
2411 2653 112 33 Masse
2554 2649 58 35 der
2640 2646 223 41 Individuen,
2894 2645 53 35 die
2967 2645 276 48 vorübergehen,
3272 2642 96 36 nicht

2189 2706 144 36 Wurzel
2362 2704 127 42 fassen,
2517 2704 45 35 sie
2592 2704 43 33 ist
2655 2700 64 37 auf
2734 2700 56 36 das
2811 2699 169 36 dauernde
2999 2699 149 49 Prinzip,
3179 2697 65 35 den
3263 2699 105 38 Staat,

2190 2759 232 49 angewiesen,
2442 2770 106 23 wenn
2569 2756 54 35 die
2643 2755 128 36 Kultur
2796 2754 82 35 über
2903 2753 73 34 eine
3003 2752 209 48 ungünstige
3231 2750 139 50 Epoche

2190 2813 284 47 hinweggerettet
2493 2810 138 37 werden
2650 2808 77 36 soll.

2271 2869 86 32 Man
2387 2866 42 34 ist
2456 2866 37 33 in
2512 2863 184 48 Hamburg
2724 2875 37 22 so
2790 2861 75 35 sehr
2894 2860 187 48 gewöhnt,
3110 2859 54 34 die
3182 2857 110 49 Pflege
3312 2856 58 36 der

2192 2920 127 36 Kultur
2351 2919 46 35 als
2427 2919 73 35 eine
2519 2915 271 51 Angelegenheit
2816 2913 238 36 individueller
3074 2912 171 35 Initiative
3265 2923 85 23 anzu-

2193 2975 111 40 sehen,
2328 2972 73 36 dafs
2415 2970 281 38 wohlmeinende
2706 2967 166 37 Politiker
2887 2967 159 35 ernstlich
3060 2964 170 41 zweifeln,
3253 2964 44 36 ob
3313 2964 58 35 der

2194 3031 94 31 Staat
2307 3026 191 48 überhaupt
2517 3024 55 36 die
2588 3022 159 49 Aufgabe
2766 3022 71 40 hat,
2858 3020 157 50 pflegend
3034 3019 69 36 und
3119 3018 164 36 fördernd
3300 3018 54 34 ein-

2194 3078 182 52 zugreifen.

2275 3133 90 35 Aber
2385 3146 37 22 so
2439 3130 246 37 überraschend
2705 3129 89 36 diese
2804 3127 212 48 Auffassung
3031 3128 36 33 in
3081 3126 66 35 den
3157 3128 134 32 Staaten
3306 3123 64 35 mit

2196 3187 146 36 ehemals
2364 3185 171 37 absoluter
2554 3181 326 39 Fürstenherrschaft
2898 3182 71 34 sein
2988 3194 91 34 mag,
3100 3192 61 22 wo
3180 3177 88 35 nach
3288 3175 83 35 alter

2195 3240 237 37 Gewohnheit
2451 3252 84 23 vom
2550 3241 91 32 Staat
2662 3236 78 36 alles
2761 3243 158 29 erwartet
2942 3233 100 40 wird,
3062 3245 37 21 so
3120 3229 126 50 gesund
3267 3230 42 34 ist
3323 3229 47 35 sie

2196 3296 49 34 im
2256 3293 153 41 Grunde,
2426 3292 71 36 und
2512 3306 31 21 es
2559 3295 92 33 wäre
2667 3292 74 33 sehr
2756 3287 225 40 bedauerlich,
2999 3298 104 23 wenn
3119 3283 56 35 das
3193 3281 178 50 Gegenteil

2198 3348 124 35 einmal
2341 3348 38 34 in
2397 3345 181 49 Hamburg
2597 3344 91 35 Platz
2706 3341 129 50 greifen
2856 3339 131 37 würde.

2279 3403 78 33 Nur
2377 3399 78 36 läfst
2474 3400 73 34 sich
2567 3398 58 35 der
2644 3394 231 50 Standpunkt,
2905 3391 73 36 dafs
3005 3390 56 35 der
3081 3392 92 32 Staat
3192 3388 54 36 die
3267 3391 104 46 Sorge

2199 3454 55 36 für
2274 3455 54 34 die
2348 3454 124 35 Kultur
2493 3452 69 35 und
2583 3452 52 34 die
2653 3449 169 36 Initiative
2843 3445 65 36 auf
2923 3445 125 34 diesem
3068 3442 121 36 Gebiet
3208 3441 78 36 dem
3302 3443 54 34 Pri-

2199 3516 163 28 vatmann
2381 3506 155 49 gänzlich
2557 3502 185 37 überlassen
2767 3499 110 42 sollte,
2905 3496 64 37 auf
2990 3497 53 35 die
3062 3500 114 31 Dauer
3201 3497 97 34 nicht
3317 3496 39 35 be-

2199 3563 164 46 haupten,
2389 3559 69 36 und
2482 3559 61 34 seit
2567 3557 57 34 der
2644 3555 102 34 Mitte
2770 3553 101 34 dieses
2895 3550 240 47 Jahrhunderts
3161 3551 59 33 hat
3244 3551 73 35 sich
3340 3551 36 34 in

2199 3613 183 48 Hamburg
2409 3610 199 37 allmählich
2641 3609 54 33 ein
2720 3606 244 46 Umschwung
2994 3603 198 49 vollzogen,
3222 3603 57 36 der
3309 3617 69 23 von

2201 3667 69 35 Fall
2290 3680 43 21 zu
2352 3666 69 35 Fall
2439 3661 271 41 fortschreitend,
2729 3659 77 35 dem
2825 3661 92 32 Staat
2936 3658 162 34 zunächst
3118 3657 54 36 die
3191 3657 111 49 Pflege
3323 3657 56 36 der
