<?xml version="1.0" encoding="UTF-8"?>
<alto xmlns:xsi="http://www.w3.org/2001/XMLSchema-instance" xmlns="http://www.loc.gov/standards/alto/ns-v2#" xsi:schemaLocation="http://www.loc.gov/standards/alto/ns-v2# http://www.loc.gov/standards/alto/v2/alto-2-0.xsd" xmlns:xlink="http://www.w3.org/1999/xlink">
	<Description>
		<MeasurementUnit>mm10</MeasurementUnit>
		<sourceImageInformation>
			<fileName>//lib-docworks1/IN/PUL-BlueMountain-RQA/periodicals/bmtnabe/issues/1897/04_01/00000068.jp2</fileName>
		</sourceImageInformation>
		<OCRProcessing ID="OCRPROCESSING_1">
			<preProcessingStep>
				<processingSoftware>
					<softwareCreator>CCS Content Conversion Specialists GmbH, Germany</softwareCreator>
					<softwareName>CCS docWorks</softwareName>
					<softwareVersion>6.8-1.24</softwareVersion>
				</processingSoftware>
			</preProcessingStep>
			<ocrProcessingStep>
				<processingSoftware>
					<softwareCreator>ABBYY (BIT Software), Russia</softwareCreator>
					<softwareName>FineReader</softwareName>
					<softwareVersion>11.0</softwareVersion>
				</processingSoftware>
			</ocrProcessingStep>
			<postProcessingStep>
				<processingSoftware>
					<softwareCreator>CCS Content Conversion Specialists GmbH, Germany</softwareCreator>
					<softwareName>CCS docWorks</softwareName>
					<softwareVersion>6.8-1.24</softwareVersion>
					<applicationDescription>docWorks: Text modified manually, or automatically replaced</applicationDescription>
				</processingSoftware>
			</postProcessingStep>
		</OCRProcessing>
	</Description>
	<Styles>
		<TextStyle ID="TXT_0" FONTSIZE="43" FONTFAMILY="Courier New"/>
		<TextStyle ID="TXT_1" FONTSIZE="13" FONTFAMILY="Times New Roman"/>
		<TextStyle ID="TXT_2" FONTSIZE="10" FONTFAMILY="Times New Roman"/>
		<ParagraphStyle ID="PAR_RIGHT" ALIGN="Right"/>
		<ParagraphStyle ID="PAR_BLOCK" ALIGN="Block"/>
		<ParagraphStyle ID="PAR_LEFT" ALIGN="Left"/>
	</Styles>
	<Layout>
		<Page ID="P68" PHYSICAL_IMG_NR="68" HEIGHT="4572" WIDTH="3623" PRINTED_IMG_NR="316" PC="0.967">
			<TopMargin ID="P68_TM00001" HPOS="0" VPOS="0" WIDTH="3623" HEIGHT="538"/>
			<LeftMargin ID="P68_LM00001" HPOS="0" VPOS="538" WIDTH="878" HEIGHT="3385"/>
			<RightMargin ID="P68_RM00001" HPOS="3359" VPOS="538" WIDTH="264" HEIGHT="3385"/>
			<BottomMargin ID="P68_BM00001" HPOS="0" VPOS="3923" WIDTH="3623" HEIGHT="649">
				<TextBlock ID="P68_TB00001" HPOS="2018" VPOS="3926" WIDTH="214" HEIGHT="41" STYLEREFS="TXT_0 PAR_RIGHT">
					<TextLine ID="P68_TL00001" HPOS="2018" VPOS="3926" WIDTH="214" HEIGHT="41">
						<String ID="P68_ST00001" HPOS="2018" VPOS="3926" WIDTH="214" HEIGHT="41" CONTENT="316" WC="1.00" CC="000"/>
					</TextLine>
				</TextBlock>
			</BottomMargin>
			<PrintSpace ID="P68_PS00001" HPOS="878" VPOS="538" WIDTH="2481" HEIGHT="3385">
				<TextBlock ID="P68_TB00002" HPOS="878" VPOS="541" WIDTH="1198" HEIGHT="3204" STYLEREFS="TXT_1 PAR_BLOCK">
					<TextLine ID="P68_TL00002" HPOS="879" VPOS="541" WIDTH="1197" HEIGHT="57">
						<String ID="P68_ST00002" HPOS="879" VPOS="550" WIDTH="102" HEIGHT="48" CONTENT="liegt," WC="0.99" CC="560000"/>
						<SP ID="P68_SP00001" HPOS="981" VPOS="598" WIDTH="33"/>
						<String ID="P68_ST00003" HPOS="1014" VPOS="549" WIDTH="70" HEIGHT="36" CONTENT="und" WC="0.98" CC="600"/>
						<SP ID="P68_SP00002" HPOS="1084" VPOS="598" WIDTH="25"/>
						<String ID="P68_ST00004" HPOS="1109" VPOS="549" WIDTH="98" HEIGHT="48" CONTENT="lange" WC="0.98" CC="36005"/>
						<SP ID="P68_SP00003" HPOS="1207" VPOS="598" WIDTH="26"/>
						<String ID="P68_ST00005" HPOS="1233" VPOS="546" WIDTH="158" HEIGHT="37" CONTENT="Strecken" WC="0.99" CC="06525000"/>
						<SP ID="P68_SP00004" HPOS="1391" VPOS="598" WIDTH="29"/>
						<String ID="P68_ST00006" HPOS="1420" VPOS="545" WIDTH="197" HEIGHT="36" CONTENT="Uferlandes" WC="1.00" CC="0060300000"/>
						<SP ID="P68_SP00005" HPOS="1617" VPOS="598" WIDTH="29"/>
						<String ID="P68_ST00007" HPOS="1646" VPOS="545" WIDTH="54" HEIGHT="34" CONTENT="die" WC="0.98" CC="040"/>
						<SP ID="P68_SP00006" HPOS="1700" VPOS="598" WIDTH="23"/>
						<String ID="P68_ST00008" HPOS="1723" VPOS="543" WIDTH="97" HEIGHT="42" CONTENT="Elbe," WC="0.98" CC="52054"/>
						<SP ID="P68_SP00007" HPOS="1820" VPOS="598" WIDTH="28"/>
						<String ID="P68_ST00009" HPOS="1848" VPOS="543" WIDTH="110" HEIGHT="35" CONTENT="Alster" WC="0.99" CC="043006"/>
						<SP ID="P68_SP00008" HPOS="1958" VPOS="598" WIDTH="29"/>
						<String ID="P68_ST00010" HPOS="1987" VPOS="541" WIDTH="89" HEIGHT="42" CONTENT="und." WC="0.98" CC="7004"/>
					</TextLine>
					<TextLine ID="P68_TL00003" HPOS="880" VPOS="594" WIDTH="1177" HEIGHT="45">
						<String ID="P68_ST00011" HPOS="880" VPOS="604" WIDTH="84" HEIGHT="34" CONTENT="Bille" WC="0.99" CC="04400"/>
						<SP ID="P68_SP00009" HPOS="964" VPOS="638" WIDTH="25"/>
						<String ID="P68_ST00012" HPOS="989" VPOS="600" WIDTH="133" HEIGHT="38" CONTENT="hinauf." WC="0.99" CC="7500500"/>
						<SP ID="P68_SP00010" HPOS="1122" VPOS="638" WIDTH="40"/>
						<String ID="P68_ST00013" HPOS="1162" VPOS="605" WIDTH="55" HEIGHT="33" CONTENT="An" WC="0.52" CC="62"/>
						<SP ID="P68_SP00011" HPOS="1217" VPOS="638" WIDTH="23"/>
						<String ID="P68_ST00014" HPOS="1240" VPOS="601" WIDTH="58" HEIGHT="36" CONTENT="der" WC="0.97" CC="006"/>
						<SP ID="P68_SP00012" HPOS="1298" VPOS="638" WIDTH="19"/>
						<String ID="P68_ST00015" HPOS="1317" VPOS="600" WIDTH="164" HEIGHT="35" CONTENT="Altonaer" WC="0.94" CC="04000000"/>
						<SP ID="P68_SP00013" HPOS="1481" VPOS="638" WIDTH="24"/>
						<String ID="P68_ST00016" HPOS="1505" VPOS="600" WIDTH="104" HEIGHT="39" CONTENT="Seite," WC="0.99" CC="054000"/>
						<SP ID="P68_SP00014" HPOS="1609" VPOS="639" WIDTH="27"/>
						<String ID="P68_ST00017" HPOS="1636" VPOS="611" WIDTH="61" HEIGHT="22" CONTENT="wo" WC="1.00" CC="00"/>
						<SP ID="P68_SP00015" HPOS="1697" VPOS="639" WIDTH="27"/>
						<String ID="P68_ST00018" HPOS="1724" VPOS="597" WIDTH="57" HEIGHT="35" CONTENT="das" WC="0.99" CC="001"/>
						<SP ID="P68_SP00016" HPOS="1781" VPOS="639" WIDTH="26"/>
						<String ID="P68_ST00019" HPOS="1807" VPOS="597" WIDTH="93" HEIGHT="35" CONTENT="hohe" WC="1.00" CC="0101"/>
						<SP ID="P68_SP00017" HPOS="1900" VPOS="639" WIDTH="20"/>
						<String ID="P68_ST00020" HPOS="1920" VPOS="594" WIDTH="137" HEIGHT="37" CONTENT="Elbufer" WC="0.98" CC="1477042"/>
					</TextLine>
					<TextLine ID="P68_TL00004" HPOS="885" VPOS="647" WIDTH="1177" HEIGHT="46">
						<String ID="P68_ST00021" HPOS="885" VPOS="658" WIDTH="72" HEIGHT="34" CONTENT="sich" WC="0.98" CC="0206"/>
						<SP ID="P68_SP00018" HPOS="957" VPOS="692" WIDTH="19"/>
						<String ID="P68_ST00022" HPOS="976" VPOS="655" WIDTH="222" HEIGHT="36" CONTENT="unmittelbar" WC="0.99" CC="02000013606"/>
						<SP ID="P68_SP00019" HPOS="1198" VPOS="692" WIDTH="19"/>
						<String ID="P68_ST00023" HPOS="1217" VPOS="668" WIDTH="58" HEIGHT="23" CONTENT="aus" WC="0.95" CC="760"/>
						<SP ID="P68_SP00020" HPOS="1275" VPOS="692" WIDTH="20"/>
						<String ID="P68_ST00024" HPOS="1295" VPOS="653" WIDTH="77" HEIGHT="36" CONTENT="dem" WC="0.98" CC="050"/>
						<SP ID="P68_SP00021" HPOS="1372" VPOS="692" WIDTH="20"/>
						<String ID="P68_ST00025" HPOS="1392" VPOS="656" WIDTH="113" HEIGHT="32" CONTENT="Strom" WC="1.00" CC="00300"/>
						<SP ID="P68_SP00022" HPOS="1505" VPOS="692" WIDTH="26"/>
						<String ID="P68_ST00026" HPOS="1531" VPOS="651" WIDTH="127" HEIGHT="42" CONTENT="erhebt," WC="0.98" CC="3470094"/>
						<SP ID="P68_SP00023" HPOS="1658" VPOS="693" WIDTH="21"/>
						<String ID="P68_ST00027" HPOS="1679" VPOS="651" WIDTH="200" HEIGHT="35" CONTENT="verzichtete" WC="1.00" CC="02103170000"/>
						<SP ID="P68_SP00024" HPOS="1879" VPOS="693" WIDTH="19"/>
						<String ID="P68_ST00028" HPOS="1898" VPOS="663" WIDTH="80" HEIGHT="21" CONTENT="man" WC="1.00" CC="000"/>
						<SP ID="P68_SP00025" HPOS="1978" VPOS="693" WIDTH="20"/>
						<String ID="P68_ST00029" HPOS="1998" VPOS="647" WIDTH="64" HEIGHT="36" CONTENT="auf" WC="0.98" CC="060"/>
					</TextLine>
					<TextLine ID="P68_TL00005" HPOS="882" VPOS="701" WIDTH="1176" HEIGHT="55">
						<String ID="P68_ST00030" HPOS="882" VPOS="710" WIDTH="378" HEIGHT="46" CONTENT="Gebietserweiterung:" WC="1.00" CC="6163300140002030602"/>
						<SP ID="P68_SP00026" HPOS="1260" VPOS="756" WIDTH="16"/>
						<String ID="P68_ST00031" HPOS="1276" VPOS="706" WIDTH="72" HEIGHT="36" CONTENT="und" WC="0.98" CC="600"/>
						<SP ID="P68_SP00027" HPOS="1348" VPOS="756" WIDTH="14"/>
						<String ID="P68_ST00032" HPOS="1362" VPOS="707" WIDTH="73" HEIGHT="35" CONTENT="hier" WC="0.96" CC="7432"/>
						<SP ID="P68_SP00028" HPOS="1435" VPOS="756" WIDTH="11"/>
						<String ID="P68_ST00033" HPOS="1446" VPOS="705" WIDTH="132" HEIGHT="35" CONTENT="konnte" WC="0.99" CC="100015"/>
						<SP ID="P68_SP00029" HPOS="1578" VPOS="756" WIDTH="16"/>
						<String ID="P68_ST00034" HPOS="1594" VPOS="705" WIDTH="54" HEIGHT="34" CONTENT="ein" WC="0.98" CC="400"/>
						<SP ID="P68_SP00030" HPOS="1648" VPOS="756" WIDTH="15"/>
						<String ID="P68_ST00035" HPOS="1663" VPOS="701" WIDTH="395" HEIGHT="49" CONTENT="Konkurrenzhamburg" WC="1.00" CC="00004564007007309"/>
					</TextLine>
					<TextLine ID="P68_TL00006" HPOS="882" VPOS="755" WIDTH="1176" HEIGHT="55">
						<String ID="P68_ST00036" HPOS="882" VPOS="764" WIDTH="184" HEIGHT="39" CONTENT="entstehen," WC="0.99" CC="2300006064"/>
						<SP ID="P68_SP00031" HPOS="1066" VPOS="803" WIDTH="16"/>
						<String ID="P68_ST00037" HPOS="1082" VPOS="763" WIDTH="126" HEIGHT="34" CONTENT="seinem" WC="0.99" CC="064000"/>
						<SP ID="P68_SP00032" HPOS="1208" VPOS="803" WIDTH="19"/>
						<String ID="P68_ST00038" HPOS="1227" VPOS="764" WIDTH="194" HEIGHT="46" CONTENT="Ursprünge" WC="0.99" CC="024056000"/>
						<SP ID="P68_SP00033" HPOS="1421" VPOS="810" WIDTH="18"/>
						<String ID="P68_ST00039" HPOS="1439" VPOS="759" WIDTH="89" HEIGHT="35" CONTENT="nach" WC="1.00" CC="0000"/>
						<SP ID="P68_SP00034" HPOS="1528" VPOS="810" WIDTH="19"/>
						<String ID="P68_ST00040" HPOS="1547" VPOS="757" WIDTH="262" HEIGHT="36" CONTENT="bezeichnender" WC="1.00" CC="6100030010006"/>
						<SP ID="P68_SP00035" HPOS="1809" VPOS="810" WIDTH="15"/>
						<String ID="P68_ST00041" HPOS="1824" VPOS="757" WIDTH="119" HEIGHT="35" CONTENT="Weise" WC="0.99" CC="03700"/>
						<SP ID="P68_SP00036" HPOS="1943" VPOS="810" WIDTH="19"/>
						<String ID="P68_ST00042" HPOS="1962" VPOS="755" WIDTH="96" HEIGHT="36" CONTENT="nicht" WC="0.99" CC="03400"/>
					</TextLine>
					<TextLine ID="P68_TL00007" HPOS="878" VPOS="810" WIDTH="1179" HEIGHT="42">
						<String ID="P68_ST00043" HPOS="878" VPOS="818" WIDTH="77" HEIGHT="34" CONTENT="•eine" WC="0.99" CC="42000"/>
						<SP ID="P68_SP00037" HPOS="955" VPOS="852" WIDTH="11"/>
						<String ID="P68_ST00044" HPOS="966" VPOS="816" WIDTH="137" HEIGHT="35" CONTENT="Rivalin" WC="0.99" CC="6200240"/>
						<SP ID="P68_SP00038" HPOS="1103" VPOS="852" WIDTH="12"/>
						<String ID="P68_ST00045" HPOS="1115" VPOS="816" WIDTH="57" HEIGHT="35" CONTENT="der" WC="0.98" CC="005"/>
						<SP ID="P68_SP00039" HPOS="1172" VPOS="852" WIDTH="10"/>
						<String ID="P68_ST00046" HPOS="1182" VPOS="812" WIDTH="243" HEIGHT="37" CONTENT="Handelsstadt" WC="1.00" CC="300010200000"/>
						<SP ID="P68_SP00040" HPOS="1425" VPOS="852" WIDTH="75"/>
						<String ID="P68_ST00047" HPOS="1500" VPOS="812" WIDTH="56" HEIGHT="35" CONTENT="das" WC="0.97" CC="070"/>
						<SP ID="P68_SP00041" HPOS="1556" VPOS="852" WIDTH="16"/>
						<String ID="P68_ST00048" HPOS="1572" VPOS="812" WIDTH="42" HEIGHT="35" CONTENT="ist" WC="0.99" CC="300"/>
						<SP ID="P68_SP00042" HPOS="1614" VPOS="852" WIDTH="11"/>
						<String ID="P68_ST00049" HPOS="1625" VPOS="812" WIDTH="47" HEIGHT="34" CONTENT="sie" WC="0.98" CC="040"/>
						<SP ID="P68_SP00043" HPOS="1672" VPOS="852" WIDTH="17"/>
						<String ID="P68_ST00050" HPOS="1689" VPOS="811" WIDTH="176" HEIGHT="35" CONTENT="innerhalb" WC="0.99" CC="200030726"/>
						<SP ID="P68_SP00044" HPOS="1865" VPOS="852" WIDTH="12"/>
						<String ID="P68_ST00051" HPOS="1877" VPOS="811" WIDTH="57" HEIGHT="34" CONTENT="der" WC="0.96" CC="036"/>
						<SP ID="P68_SP00045" HPOS="1934" VPOS="852" WIDTH="15"/>
						<String ID="P68_ST00052" HPOS="1949" VPOS="810" WIDTH="108" HEIGHT="34" CONTENT="durch" WC="0.98" CC="03307"/>
					</TextLine>
					<TextLine ID="P68_TL00008" HPOS="884" VPOS="862" WIDTH="1174" HEIGHT="55">
						<String ID="P68_ST00053" HPOS="884" VPOS="870" WIDTH="55" HEIGHT="35" CONTENT="die" WC="1.00" CC="000"/>
						<SP ID="P68_SP00046" HPOS="939" VPOS="905" WIDTH="20"/>
						<String ID="P68_ST00054" HPOS="959" VPOS="872" WIDTH="114" HEIGHT="33" CONTENT="Natur" WC="0.98" CC="80005"/>
						<SP ID="P68_SP00047" HPOS="1073" VPOS="905" WIDTH="19"/>
						<String ID="P68_ST00055" HPOS="1092" VPOS="868" WIDTH="193" HEIGHT="49" CONTENT="gegebenen" WC="1.00" CC="000070000"/>
						<SP ID="P68_SP00048" HPOS="1285" VPOS="917" WIDTH="20"/>
						<String ID="P68_ST00056" HPOS="1305" VPOS="870" WIDTH="152" HEIGHT="33" CONTENT="Grenzen" WC="1.00" CC="0000000"/>
						<SP ID="P68_SP00049" HPOS="1457" VPOS="917" WIDTH="20"/>
						<String ID="P68_ST00057" HPOS="1477" VPOS="874" WIDTH="63" HEIGHT="26" CONTENT="erst" WC="0.98" CC="2500"/>
						<SP ID="P68_SP00050" HPOS="1540" VPOS="917" WIDTH="26"/>
						<String ID="P68_ST00058" HPOS="1566" VPOS="866" WIDTH="60" HEIGHT="34" CONTENT="seit" WC="0.98" CC="0630"/>
						<SP ID="P68_SP00051" HPOS="1626" VPOS="917" WIDTH="28"/>
						<String ID="P68_ST00059" HPOS="1654" VPOS="865" WIDTH="111" HEIGHT="34" CONTENT="einem" WC="1.00" CC="00000"/>
						<SP ID="P68_SP00052" HPOS="1765" VPOS="917" WIDTH="20"/>
						<String ID="P68_ST00060" HPOS="1785" VPOS="862" WIDTH="273" HEIGHT="37" CONTENT="Menschenalter" WC="0.99" CC="4060160004806"/>
					</TextLine>
					<TextLine ID="P68_TL00009" HPOS="879" VPOS="916" WIDTH="1179" HEIGHT="55">
						<String ID="P68_ST00061" HPOS="879" VPOS="922" WIDTH="189" HEIGHT="49" CONTENT="geworden" WC="1.00" CC="00003030"/>
						<SP ID="P68_SP00053" HPOS="1068" VPOS="971" WIDTH="87"/>
						<String ID="P68_ST00062" HPOS="1155" VPOS="920" WIDTH="147" HEIGHT="37" CONTENT="sondern" WC="1.00" CC="0000250"/>
						<SP ID="P68_SP00054" HPOS="1302" VPOS="971" WIDTH="18"/>
						<String ID="P68_ST00063" HPOS="1320" VPOS="921" WIDTH="74" HEIGHT="34" CONTENT="eine" WC="0.99" CC="0301"/>
						<SP ID="P68_SP00055" HPOS="1394" VPOS="971" WIDTH="19"/>
						<String ID="P68_ST00064" HPOS="1413" VPOS="922" WIDTH="115" HEIGHT="38" CONTENT="Karte," WC="0.99" CC="204004"/>
						<SP ID="P68_SP00056" HPOS="1528" VPOS="971" WIDTH="26"/>
						<String ID="P68_ST00065" HPOS="1554" VPOS="918" WIDTH="54" HEIGHT="35" CONTENT="die" WC="0.99" CC="010"/>
						<SP ID="P68_SP00057" HPOS="1608" VPOS="971" WIDTH="20"/>
						<String ID="P68_ST00066" HPOS="1628" VPOS="932" WIDTH="109" HEIGHT="35" CONTENT="gegen" WC="0.98" CC="44020"/>
						<SP ID="P68_SP00058" HPOS="1737" VPOS="971" WIDTH="20"/>
						<String ID="P68_ST00067" HPOS="1757" VPOS="917" WIDTH="65" HEIGHT="35" CONTENT="den" WC="1.00" CC="000"/>
						<SP ID="P68_SP00059" HPOS="1822" VPOS="971" WIDTH="19"/>
						<String ID="P68_ST00068" HPOS="1841" VPOS="916" WIDTH="217" HEIGHT="49" CONTENT="Hamburger" WC="0.99" CC="200560006"/>
					</TextLine>
					<TextLine ID="P68_TL00010" HPOS="884" VPOS="971" WIDTH="1174" HEIGHT="52">
						<String ID="P68_ST00069" HPOS="884" VPOS="974" WIDTH="262" HEIGHT="38" CONTENT="Gewerbestand" WC="1.00" CC="530350100030"/>
						<SP ID="P68_SP00060" HPOS="1146" VPOS="1012" WIDTH="13"/>
						<String ID="P68_ST00070" HPOS="1159" VPOS="973" WIDTH="200" HEIGHT="50" CONTENT="ausgespielt" WC="0.99" CC="06000202029"/>
						<SP ID="P68_SP00061" HPOS="1359" VPOS="1023" WIDTH="11"/>
						<String ID="P68_ST00071" HPOS="1370" VPOS="972" WIDTH="130" HEIGHT="36" CONTENT="wurde." WC="0.99" CC="036030"/>
						<SP ID="P68_SP00062" HPOS="1500" VPOS="1023" WIDTH="22"/>
						<String ID="P68_ST00072" HPOS="1522" VPOS="973" WIDTH="64" HEIGHT="34" CONTENT="Die" WC="0.99" CC="030"/>
						<SP ID="P68_SP00063" HPOS="1586" VPOS="1023" WIDTH="12"/>
						<String ID="P68_ST00073" HPOS="1598" VPOS="972" WIDTH="132" HEIGHT="35" CONTENT="flachen" WC="0.99" CC="2203640"/>
						<SP ID="P68_SP00064" HPOS="1730" VPOS="1023" WIDTH="15"/>
						<String ID="P68_ST00074" HPOS="1745" VPOS="971" WIDTH="173" HEIGHT="36" CONTENT="Elbinseln" WC="0.99" CC="356551050"/>
						<SP ID="P68_SP00065" HPOS="1918" VPOS="1023" WIDTH="12"/>
						<String ID="P68_ST00075" HPOS="1930" VPOS="971" WIDTH="128" HEIGHT="35" CONTENT="Altona" WC="0.99" CC="020006"/>
					</TextLine>
					<TextLine ID="P68_TL00011" HPOS="883" VPOS="1024" WIDTH="1075" HEIGHT="55">
						<String ID="P68_ST00076" HPOS="883" VPOS="1028" WIDTH="190" HEIGHT="51" CONTENT="gegenüber" WC="1.00" CC="000000004"/>
						<SP ID="P68_SP00066" HPOS="1073" VPOS="1079" WIDTH="19"/>
						<String ID="P68_ST00077" HPOS="1092" VPOS="1028" WIDTH="148" HEIGHT="49" CONTENT="gehören" WC="0.99" CC="0077300"/>
						<SP ID="P68_SP00067" HPOS="1240" VPOS="1079" WIDTH="20"/>
						<String ID="P68_ST00078" HPOS="1260" VPOS="1028" WIDTH="84" HEIGHT="34" CONTENT="weit" WC="0.98" CC="0520"/>
						<SP ID="P68_SP00068" HPOS="1344" VPOS="1079" WIDTH="18"/>
						<String ID="P68_ST00079" HPOS="1362" VPOS="1026" WIDTH="65" HEIGHT="35" CONTENT="den" WC="0.97" CC="600"/>
						<SP ID="P68_SP00069" HPOS="1427" VPOS="1079" WIDTH="20"/>
						<String ID="P68_ST00080" HPOS="1447" VPOS="1029" WIDTH="114" HEIGHT="32" CONTENT="Strom" WC="0.99" CC="00440"/>
						<SP ID="P68_SP00070" HPOS="1561" VPOS="1079" WIDTH="19"/>
						<String ID="P68_ST00081" HPOS="1580" VPOS="1025" WIDTH="105" HEIGHT="35" CONTENT="hinab" WC="0.98" CC="04007"/>
						<SP ID="P68_SP00071" HPOS="1685" VPOS="1079" WIDTH="20"/>
						<String ID="P68_ST00082" HPOS="1705" VPOS="1039" WIDTH="42" HEIGHT="21" CONTENT="zu" WC="0.81" CC="03"/>
						<SP ID="P68_SP00072" HPOS="1747" VPOS="1079" WIDTH="21"/>
						<String ID="P68_ST00083" HPOS="1768" VPOS="1024" WIDTH="190" HEIGHT="49" CONTENT="Hamburg." WC="0.99" CC="60000104"/>
					</TextLine>
					<TextLine ID="P68_TL00012" HPOS="962" VPOS="1078" WIDTH="1098" HEIGHT="50">
						<String ID="P68_ST00084" HPOS="962" VPOS="1086" WIDTH="68" HEIGHT="31" CONTENT="Das" WC="0.99" CC="300"/>
						<SP ID="P68_SP00073" HPOS="1030" VPOS="1117" WIDTH="16"/>
						<String ID="P68_ST00085" HPOS="1046" VPOS="1082" WIDTH="196" HEIGHT="35" CONTENT="Geheimnis" WC="0.99" CC="157130001"/>
						<SP ID="P68_SP00074" HPOS="1242" VPOS="1117" WIDTH="17"/>
						<String ID="P68_ST00086" HPOS="1259" VPOS="1080" WIDTH="58" HEIGHT="35" CONTENT="der" WC="0.98" CC="013"/>
						<SP ID="P68_SP00075" HPOS="1317" VPOS="1117" WIDTH="11"/>
						<String ID="P68_ST00087" HPOS="1328" VPOS="1079" WIDTH="198" HEIGHT="49" CONTENT="Zähigkeit," WC="0.99" CC="5002010340"/>
						<SP ID="P68_SP00076" HPOS="1526" VPOS="1128" WIDTH="16"/>
						<String ID="P68_ST00088" HPOS="1542" VPOS="1080" WIDTH="64" HEIGHT="33" CONTENT="mit" WC="0.99" CC="030"/>
						<SP ID="P68_SP00077" HPOS="1606" VPOS="1128" WIDTH="16"/>
						<String ID="P68_ST00089" HPOS="1622" VPOS="1079" WIDTH="58" HEIGHT="34" CONTENT="der" WC="0.98" CC="005"/>
						<SP ID="P68_SP00078" HPOS="1680" VPOS="1128" WIDTH="15"/>
						<String ID="P68_ST00090" HPOS="1695" VPOS="1079" WIDTH="106" HEIGHT="35" CONTENT="durch" WC="0.98" CC="02526"/>
						<SP ID="P68_SP00079" HPOS="1801" VPOS="1128" WIDTH="19"/>
						<String ID="P68_ST00091" HPOS="1820" VPOS="1079" WIDTH="54" HEIGHT="34" CONTENT="die" WC="0.99" CC="030"/>
						<SP ID="P68_SP00080" HPOS="1874" VPOS="1128" WIDTH="14"/>
						<String ID="P68_ST00092" HPOS="1888" VPOS="1078" WIDTH="151" HEIGHT="46" CONTENT="Jahrhun" SUBS_TYPE="HypPart1" SUBS_CONTENT="Jahrhunderte" WC="0.99" CC="0905004"/>
						<HYP HPOS="2039" VPOS="1078" WIDTH="21" CONTENT="-"/>
					</TextLine>
					<TextLine ID="P68_TL00013" HPOS="879" VPOS="1129" WIDTH="1181" HEIGHT="54">
						<String ID="P68_ST00093" HPOS="879" VPOS="1136" WIDTH="95" HEIGHT="35" CONTENT="derte" SUBS_TYPE="HypPart2" SUBS_CONTENT="Jahrhunderte" WC="0.99" CC="70200"/>
						<SP ID="P68_SP00081" HPOS="974" VPOS="1171" WIDTH="28"/>
						<String ID="P68_ST00094" HPOS="1002" VPOS="1135" WIDTH="173" HEIGHT="36" CONTENT="hindurch" WC="0.99" CC="05706600"/>
						<SP ID="P68_SP00082" HPOS="1175" VPOS="1171" WIDTH="24"/>
						<String ID="P68_ST00095" HPOS="1199" VPOS="1133" WIDTH="170" HEIGHT="36" CONTENT="dieselben" WC="0.99" CC="034024617"/>
						<SP ID="P68_SP00083" HPOS="1369" VPOS="1171" WIDTH="26"/>
						<String ID="P68_ST00096" HPOS="1395" VPOS="1133" WIDTH="205" HEIGHT="50" CONTENT="politischen" WC="0.99" CC="02440460720"/>
						<SP ID="P68_SP00084" HPOS="1600" VPOS="1183" WIDTH="25"/>
						<String ID="P68_ST00097" HPOS="1625" VPOS="1132" WIDTH="210" HEIGHT="36" CONTENT="Grundsätze" WC="1.00" CC="3150000000"/>
						<SP ID="P68_SP00085" HPOS="1835" VPOS="1183" WIDTH="25"/>
						<String ID="P68_ST00098" HPOS="1860" VPOS="1129" WIDTH="200" HEIGHT="38" CONTENT="verfochten" WC="0.99" CC="0560230030"/>
					</TextLine>
					<TextLine ID="P68_TL00014" HPOS="884" VPOS="1185" WIDTH="1176" HEIGHT="50">
						<String ID="P68_ST00099" HPOS="884" VPOS="1188" WIDTH="70" HEIGHT="37" CONTENT="und" WC="0.95" CC="660"/>
						<SP ID="P68_SP00086" HPOS="954" VPOS="1225" WIDTH="20"/>
						<String ID="P68_ST00100" HPOS="974" VPOS="1188" WIDTH="171" HEIGHT="35" CONTENT="dieselben" WC="1.00" CC="010500500"/>
						<SP ID="P68_SP00087" HPOS="1145" VPOS="1225" WIDTH="15"/>
						<String ID="P68_ST00101" HPOS="1160" VPOS="1187" WIDTH="91" HEIGHT="36" CONTENT="Ziele" WC="0.99" CC="03011"/>
						<SP ID="P68_SP00088" HPOS="1251" VPOS="1225" WIDTH="16"/>
						<String ID="P68_ST00102" HPOS="1267" VPOS="1186" WIDTH="188" HEIGHT="49" CONTENT="angestrebt" WC="1.00" CC="0504004000"/>
						<SP ID="P68_SP00089" HPOS="1455" VPOS="1235" WIDTH="15"/>
						<String ID="P68_ST00103" HPOS="1470" VPOS="1187" WIDTH="155" HEIGHT="40" CONTENT="wurden," WC="0.99" CC="0060500"/>
						<SP ID="P68_SP00090" HPOS="1625" VPOS="1235" WIDTH="17"/>
						<String ID="P68_ST00104" HPOS="1642" VPOS="1185" WIDTH="114" HEIGHT="36" CONTENT="dürfte" WC="0.99" CC="006004"/>
						<SP ID="P68_SP00091" HPOS="1756" VPOS="1235" WIDTH="19"/>
						<String ID="P68_ST00105" HPOS="1775" VPOS="1187" WIDTH="36" HEIGHT="34" CONTENT="in" WC="0.72" CC="50"/>
						<SP ID="P68_SP00092" HPOS="1811" VPOS="1235" WIDTH="21"/>
						<String ID="P68_ST00106" HPOS="1832" VPOS="1185" WIDTH="56" HEIGHT="36" CONTENT="der" WC="0.97" CC="025"/>
						<SP ID="P68_SP00093" HPOS="1888" VPOS="1235" WIDTH="15"/>
						<String ID="P68_ST00107" HPOS="1903" VPOS="1185" WIDTH="157" HEIGHT="47" CONTENT="Stellung" WC="0.99" CC="00343660"/>
					</TextLine>
					<TextLine ID="P68_TL00015" HPOS="882" VPOS="1238" WIDTH="1177" HEIGHT="53">
						<String ID="P68_ST00108" HPOS="882" VPOS="1242" WIDTH="74" HEIGHT="35" CONTENT="und" WC="0.99" CC="010"/>
						<SP ID="P68_SP00094" HPOS="956" VPOS="1277" WIDTH="17"/>
						<String ID="P68_ST00109" HPOS="973" VPOS="1242" WIDTH="245" HEIGHT="49" CONTENT="Organisation" WC="1.00" CC="050005000400"/>
						<SP ID="P68_SP00095" HPOS="1218" VPOS="1291" WIDTH="15"/>
						<String ID="P68_ST00110" HPOS="1233" VPOS="1240" WIDTH="53" HEIGHT="36" CONTENT="des" WC="0.98" CC="005"/>
						<SP ID="P68_SP00096" HPOS="1286" VPOS="1291" WIDTH="16"/>
						<String ID="P68_ST00111" HPOS="1302" VPOS="1244" WIDTH="114" HEIGHT="32" CONTENT="Senats" WC="0.99" CC="000053"/>
						<SP ID="P68_SP00097" HPOS="1416" VPOS="1291" WIDTH="21"/>
						<String ID="P68_ST00112" HPOS="1437" VPOS="1240" WIDTH="122" HEIGHT="49" CONTENT="liegen." WC="1.00" CC="2000004"/>
						<SP ID="P68_SP00098" HPOS="1559" VPOS="1291" WIDTH="29"/>
						<String ID="P68_ST00113" HPOS="1588" VPOS="1241" WIDTH="97" HEIGHT="34" CONTENT="Seine" WC="0.98" CC="05302"/>
						<SP ID="P68_SP00099" HPOS="1685" VPOS="1291" WIDTH="20"/>
						<String ID="P68_ST00114" HPOS="1705" VPOS="1240" WIDTH="197" HEIGHT="49" CONTENT="Mitglieder" WC="0.99" CC="6000034007"/>
						<SP ID="P68_SP00100" HPOS="1902" VPOS="1291" WIDTH="19"/>
						<String ID="P68_ST00115" HPOS="1921" VPOS="1238" WIDTH="138" HEIGHT="36" CONTENT="werden" WC="0.99" CC="036000"/>
					</TextLine>
					<TextLine ID="P68_TL00016" HPOS="884" VPOS="1293" WIDTH="1176" HEIGHT="50">
						<String ID="P68_ST00116" HPOS="884" VPOS="1296" WIDTH="107" HEIGHT="35" CONTENT="durch" WC="0.98" CC="05507"/>
						<SP ID="P68_SP00101" HPOS="991" VPOS="1331" WIDTH="20"/>
						<String ID="P68_ST00117" HPOS="1011" VPOS="1297" WIDTH="55" HEIGHT="34" CONTENT="ein" WC="0.96" CC="233"/>
						<SP ID="P68_SP00102" HPOS="1066" VPOS="1331" WIDTH="19"/>
						<String ID="P68_ST00118" HPOS="1085" VPOS="1295" WIDTH="75" HEIGHT="35" CONTENT="sehr" WC="0.99" CC="0006"/>
						<SP ID="P68_SP00103" HPOS="1160" VPOS="1331" WIDTH="18"/>
						<String ID="P68_ST00119" HPOS="1178" VPOS="1294" WIDTH="252" HEIGHT="49" CONTENT="kompliziertes" WC="1.00" CC="0000340016000"/>
						<SP ID="P68_SP00104" HPOS="1430" VPOS="1343" WIDTH="20"/>
						<String ID="P68_ST00120" HPOS="1450" VPOS="1294" WIDTH="238" HEIGHT="47" CONTENT="Wahlsystem" WC="0.99" CC="0003061950"/>
						<SP ID="P68_SP00105" HPOS="1688" VPOS="1343" WIDTH="20"/>
						<String ID="P68_ST00121" HPOS="1708" VPOS="1293" WIDTH="66" HEIGHT="36" CONTENT="auf" WC="0.94" CC="950"/>
						<SP ID="P68_SP00106" HPOS="1774" VPOS="1343" WIDTH="16"/>
						<String ID="P68_ST00122" HPOS="1790" VPOS="1293" WIDTH="192" HEIGHT="36" CONTENT="Lebenszeit" WC="0.99" CC="0064400430"/>
						<SP ID="P68_SP00107" HPOS="1982" VPOS="1343" WIDTH="19"/>
						<String ID="P68_ST00123" HPOS="2001" VPOS="1306" WIDTH="40" HEIGHT="34" CONTENT="ge" SUBS_TYPE="HypPart1" SUBS_CONTENT="gewählt," WC="0.96" CC="06"/>
						<HYP HPOS="2041" VPOS="1306" WIDTH="19" CONTENT="-"/>
					</TextLine>
					<TextLine ID="P68_TL00017" HPOS="882" VPOS="1347" WIDTH="1178" HEIGHT="50">
						<String ID="P68_ST00124" HPOS="882" VPOS="1349" WIDTH="124" HEIGHT="41" CONTENT="wählt," SUBS_TYPE="HypPart2" SUBS_CONTENT="gewählt," WC="0.99" CC="007000"/>
						<SP ID="P68_SP00108" HPOS="1006" VPOS="1390" WIDTH="20"/>
						<String ID="P68_ST00125" HPOS="1026" VPOS="1348" WIDTH="173" HEIGHT="37" CONTENT="wodurch" WC="0.99" CC="0206500"/>
						<SP ID="P68_SP00109" HPOS="1199" VPOS="1390" WIDTH="19"/>
						<String ID="P68_ST00126" HPOS="1218" VPOS="1348" WIDTH="71" HEIGHT="35" CONTENT="sich" WC="0.97" CC="3540"/>
						<SP ID="P68_SP00110" HPOS="1289" VPOS="1390" WIDTH="19"/>
						<String ID="P68_ST00127" HPOS="1308" VPOS="1347" WIDTH="178" HEIGHT="36" CONTENT="innerhalb" WC="0.99" CC="020540046"/>
						<SP ID="P68_SP00111" HPOS="1486" VPOS="1390" WIDTH="28"/>
						<String ID="P68_ST00128" HPOS="1514" VPOS="1347" WIDTH="55" HEIGHT="36" CONTENT="des" WC="0.98" CC="013"/>
						<SP ID="P68_SP00112" HPOS="1569" VPOS="1390" WIDTH="21"/>
						<String ID="P68_ST00129" HPOS="1590" VPOS="1350" WIDTH="159" HEIGHT="47" CONTENT="Körpers," WC="0.99" CC="07501104"/>
						<SP ID="P68_SP00113" HPOS="1749" VPOS="1397" WIDTH="22"/>
						<String ID="P68_ST00130" HPOS="1771" VPOS="1348" WIDTH="57" HEIGHT="35" CONTENT="der" WC="0.97" CC="070"/>
						<SP ID="P68_SP00114" HPOS="1828" VPOS="1397" WIDTH="30"/>
						<String ID="P68_ST00131" HPOS="1858" VPOS="1347" WIDTH="53" HEIGHT="34" CONTENT="die" WC="0.99" CC="030"/>
						<SP ID="P68_SP00115" HPOS="1911" VPOS="1397" WIDTH="20"/>
						<String ID="P68_ST00132" HPOS="1931" VPOS="1349" WIDTH="108" HEIGHT="32" CONTENT="Souve" SUBS_TYPE="HypPart1" SUBS_CONTENT="Souverenität" WC="0.75" CC="02503"/>
						<HYP HPOS="2039" VPOS="1349" WIDTH="21" CONTENT="-"/>
					</TextLine>
					<TextLine ID="P68_TL00018" HPOS="885" VPOS="1398" WIDTH="1176" HEIGHT="44">
						<String ID="P68_ST00133" HPOS="885" VPOS="1404" WIDTH="123" HEIGHT="34" CONTENT="renität" SUBS_TYPE="HypPart2" SUBS_CONTENT="Souverenität" WC="0.94" CC="0004000"/>
						<SP ID="P68_SP00116" HPOS="1008" VPOS="1438" WIDTH="19"/>
						<String ID="P68_ST00134" HPOS="1027" VPOS="1402" WIDTH="56" HEIGHT="35" CONTENT="des" WC="1.00" CC="000"/>
						<SP ID="P68_SP00117" HPOS="1083" VPOS="1438" WIDTH="20"/>
						<String ID="P68_ST00135" HPOS="1103" VPOS="1406" WIDTH="125" HEIGHT="31" CONTENT="Staates" WC="0.99" CC="0900000"/>
						<SP ID="P68_SP00118" HPOS="1228" VPOS="1438" WIDTH="26"/>
						<String ID="P68_ST00136" HPOS="1254" VPOS="1402" WIDTH="147" HEIGHT="40" CONTENT="vertritt," WC="0.99" CC="005043000"/>
						<SP ID="P68_SP00119" HPOS="1401" VPOS="1442" WIDTH="28"/>
						<String ID="P68_ST00137" HPOS="1429" VPOS="1402" WIDTH="74" HEIGHT="34" CONTENT="eine" WC="0.99" CC="2000"/>
						<SP ID="P68_SP00120" HPOS="1503" VPOS="1442" WIDTH="23"/>
						<String ID="P68_ST00138" HPOS="1526" VPOS="1399" WIDTH="85" HEIGHT="36" CONTENT="feste" WC="0.99" CC="03200"/>
						<SP ID="P68_SP00121" HPOS="1611" VPOS="1442" WIDTH="19"/>
						<String ID="P68_ST00139" HPOS="1630" VPOS="1400" WIDTH="182" HEIGHT="36" CONTENT="Tradition" WC="0.99" CC="240055030"/>
						<SP ID="P68_SP00122" HPOS="1812" VPOS="1442" WIDTH="22"/>
						<String ID="P68_ST00140" HPOS="1834" VPOS="1402" WIDTH="36" HEIGHT="33" CONTENT="in" WC="0.77" CC="40"/>
						<SP ID="P68_SP00123" HPOS="1870" VPOS="1442" WIDTH="25"/>
						<String ID="P68_ST00141" HPOS="1895" VPOS="1399" WIDTH="56" HEIGHT="36" CONTENT="der" WC="0.96" CC="036"/>
						<SP ID="P68_SP00124" HPOS="1951" VPOS="1442" WIDTH="20"/>
						<String ID="P68_ST00142" HPOS="1971" VPOS="1398" WIDTH="68" HEIGHT="37" CONTENT="Auf" SUBS_TYPE="HypPart1" SUBS_CONTENT="Auffassung" WC="0.98" CC="060"/>
						<HYP HPOS="2039" VPOS="1398" WIDTH="22" CONTENT="-"/>
					</TextLine>
					<TextLine ID="P68_TL00019" HPOS="883" VPOS="1453" WIDTH="1177" HEIGHT="52">
						<String ID="P68_ST00143" HPOS="883" VPOS="1454" WIDTH="138" HEIGHT="51" CONTENT="fassung" SUBS_TYPE="HypPart2" SUBS_CONTENT="Auffassung" WC="0.99" CC="7040600"/>
						<SP ID="P68_SP00125" HPOS="1021" VPOS="1505" WIDTH="21"/>
						<String ID="P68_ST00144" HPOS="1042" VPOS="1455" WIDTH="70" HEIGHT="36" CONTENT="und" WC="0.99" CC="200"/>
						<SP ID="P68_SP00126" HPOS="1112" VPOS="1505" WIDTH="16"/>
						<String ID="P68_ST00145" HPOS="1128" VPOS="1455" WIDTH="222" HEIGHT="49" CONTENT="Behandlung" WC="1.00" CC="2060005100"/>
						<SP ID="P68_SP00127" HPOS="1350" VPOS="1505" WIDTH="19"/>
						<String ID="P68_ST00146" HPOS="1369" VPOS="1455" WIDTH="58" HEIGHT="35" CONTENT="der" WC="0.99" CC="030"/>
						<SP ID="P68_SP00128" HPOS="1427" VPOS="1505" WIDTH="12"/>
						<String ID="P68_ST00147" HPOS="1439" VPOS="1454" WIDTH="220" HEIGHT="49" CONTENT="wichtigsten" WC="1.00" CC="02300302030"/>
						<SP ID="P68_SP00129" HPOS="1659" VPOS="1505" WIDTH="15"/>
						<String ID="P68_ST00148" HPOS="1674" VPOS="1457" WIDTH="124" HEIGHT="46" CONTENT="Fragen" WC="0.99" CC="149000"/>
						<SP ID="P68_SP00130" HPOS="1798" VPOS="1505" WIDTH="19"/>
						<String ID="P68_ST00149" HPOS="1817" VPOS="1454" WIDTH="118" HEIGHT="35" CONTENT="bilden" WC="0.99" CC="742000"/>
						<SP ID="P68_SP00131" HPOS="1935" VPOS="1505" WIDTH="19"/>
						<String ID="P68_ST00150" HPOS="1954" VPOS="1453" WIDTH="106" HEIGHT="41" CONTENT="kann," WC="0.99" CC="00060"/>
					</TextLine>
					<TextLine ID="P68_TL00020" HPOS="886" VPOS="1507" WIDTH="1175" HEIGHT="50">
						<String ID="P68_ST00151" HPOS="886" VPOS="1510" WIDTH="70" HEIGHT="35" CONTENT="und" WC="0.98" CC="600"/>
						<SP ID="P68_SP00132" HPOS="956" VPOS="1545" WIDTH="26"/>
						<String ID="P68_ST00152" HPOS="982" VPOS="1510" WIDTH="170" HEIGHT="35" CONTENT="wodurch" WC="0.99" CC="0005507"/>
						<SP ID="P68_SP00133" HPOS="1152" VPOS="1545" WIDTH="28"/>
						<String ID="P68_ST00153" HPOS="1180" VPOS="1508" WIDTH="54" HEIGHT="36" CONTENT="die" WC="0.97" CC="070"/>
						<SP ID="P68_SP00134" HPOS="1234" VPOS="1545" WIDTH="20"/>
						<String ID="P68_ST00154" HPOS="1254" VPOS="1508" WIDTH="155" HEIGHT="49" CONTENT="Stellung" WC="0.99" CC="00521070"/>
						<SP ID="P68_SP00135" HPOS="1409" VPOS="1557" WIDTH="24"/>
						<String ID="P68_ST00155" HPOS="1433" VPOS="1508" WIDTH="54" HEIGHT="35" CONTENT="des" WC="0.98" CC="050"/>
						<SP ID="P68_SP00136" HPOS="1487" VPOS="1557" WIDTH="28"/>
						<String ID="P68_ST00156" HPOS="1515" VPOS="1511" WIDTH="115" HEIGHT="32" CONTENT="Senats" WC="0.99" CC="030031"/>
						<SP ID="P68_SP00137" HPOS="1630" VPOS="1557" WIDTH="27"/>
						<String ID="P68_ST00157" HPOS="1657" VPOS="1509" WIDTH="72" HEIGHT="34" CONTENT="und" WC="0.97" CC="700"/>
						<SP ID="P68_SP00138" HPOS="1729" VPOS="1557" WIDTH="28"/>
						<String ID="P68_ST00158" HPOS="1757" VPOS="1509" WIDTH="106" HEIGHT="35" CONTENT="seiner" WC="0.99" CC="006006"/>
						<SP ID="P68_SP00139" HPOS="1863" VPOS="1557" WIDTH="27"/>
						<String ID="P68_ST00159" HPOS="1890" VPOS="1507" WIDTH="171" HEIGHT="35" CONTENT="einzelnen" WC="1.00" CC="040000040"/>
					</TextLine>
					<TextLine ID="P68_TL00021" HPOS="880" VPOS="1561" WIDTH="1126" HEIGHT="51">
						<String ID="P68_ST00160" HPOS="880" VPOS="1562" WIDTH="203" HEIGHT="50" CONTENT="Mitglieder" WC="1.00" CC="0200200026"/>
						<SP ID="P68_SP00140" HPOS="1083" VPOS="1612" WIDTH="18"/>
						<String ID="P68_ST00161" HPOS="1101" VPOS="1564" WIDTH="89" HEIGHT="34" CONTENT="nach" WC="1.00" CC="0000"/>
						<SP ID="P68_SP00141" HPOS="1190" VPOS="1612" WIDTH="21"/>
						<String ID="P68_ST00162" HPOS="1211" VPOS="1564" WIDTH="103" HEIGHT="34" CONTENT="innen" WC="0.99" CC="40230"/>
						<SP ID="P68_SP00142" HPOS="1314" VPOS="1612" WIDTH="20"/>
						<String ID="P68_ST00163" HPOS="1334" VPOS="1562" WIDTH="72" HEIGHT="35" CONTENT="und" WC="0.97" CC="700"/>
						<SP ID="P68_SP00143" HPOS="1406" VPOS="1612" WIDTH="21"/>
						<String ID="P68_ST00164" HPOS="1427" VPOS="1576" WIDTH="120" HEIGHT="21" CONTENT="aussen" WC="0.99" CC="071000"/>
						<SP ID="P68_SP00144" HPOS="1547" VPOS="1612" WIDTH="19"/>
						<String ID="P68_ST00165" HPOS="1566" VPOS="1562" WIDTH="97" HEIGHT="35" CONTENT="ihren" WC="1.00" CC="00400"/>
						<SP ID="P68_SP00145" HPOS="1663" VPOS="1612" WIDTH="17"/>
						<String ID="P68_ST00166" HPOS="1680" VPOS="1562" WIDTH="188" HEIGHT="35" CONTENT="Charakter" WC="1.00" CC="200300000"/>
						<SP ID="P68_SP00146" HPOS="1868" VPOS="1612" WIDTH="20"/>
						<String ID="P68_ST00167" HPOS="1888" VPOS="1561" WIDTH="118" HEIGHT="35" CONTENT="erhält." WC="0.99" CC="0670200"/>
					</TextLine>
					<TextLine ID="P68_TL00022" HPOS="1455" VPOS="1703" WIDTH="30" HEIGHT="32">
						<String ID="P68_ST00168" HPOS="1455" VPOS="1703" WIDTH="30" HEIGHT="32" CONTENT="❖" WC="0.52" CC="4" STYLEREFS="TXT_2"/>
					</TextLine>
					<TextLine ID="P68_TL00023" HPOS="962" VPOS="1827" WIDTH="1100" HEIGHT="46">
						<String ID="P68_ST00169" HPOS="962" VPOS="1829" WIDTH="72" HEIGHT="33" CONTENT="Vor" WC="0.98" CC="004"/>
						<SP ID="P68_SP00147" HPOS="1034" VPOS="1862" WIDTH="19"/>
						<String ID="P68_ST00170" HPOS="1053" VPOS="1827" WIDTH="146" HEIGHT="35" CONTENT="hundert" WC="0.99" CC="0000560"/>
						<SP ID="P68_SP00148" HPOS="1199" VPOS="1862" WIDTH="17"/>
						<String ID="P68_ST00171" HPOS="1216" VPOS="1827" WIDTH="121" HEIGHT="46" CONTENT="Jahren" WC="0.99" CC="000530"/>
						<SP ID="P68_SP00149" HPOS="1337" VPOS="1873" WIDTH="19"/>
						<String ID="P68_ST00172" HPOS="1356" VPOS="1842" WIDTH="74" HEIGHT="22" CONTENT="war" WC="1.00" CC="000"/>
						<SP ID="P68_SP00150" HPOS="1430" VPOS="1873" WIDTH="17"/>
						<String ID="P68_ST00173" HPOS="1447" VPOS="1828" WIDTH="248" HEIGHT="36" CONTENT="Deutschlands" WC="1.00" CC="003000020000"/>
						<SP ID="P68_SP00151" HPOS="1695" VPOS="1873" WIDTH="20"/>
						<String ID="P68_ST00174" HPOS="1715" VPOS="1827" WIDTH="145" HEIGHT="37" CONTENT="direkter" WC="0.99" CC="04412066"/>
						<SP ID="P68_SP00152" HPOS="1860" VPOS="1873" WIDTH="15"/>
						<String ID="P68_ST00175" HPOS="1875" VPOS="1829" WIDTH="115" HEIGHT="36" CONTENT="Anteil" WC="0.99" CC="000044"/>
						<SP ID="P68_SP00153" HPOS="1990" VPOS="1873" WIDTH="16"/>
						<String ID="P68_ST00176" HPOS="2006" VPOS="1843" WIDTH="56" HEIGHT="22" CONTENT="am" WC="1.00" CC="00"/>
					</TextLine>
					<TextLine ID="P68_TL00024" HPOS="881" VPOS="1881" WIDTH="1182" HEIGHT="50">
						<String ID="P68_ST00177" HPOS="881" VPOS="1881" WIDTH="256" HEIGHT="34" CONTENT="überseeischen" WC="0.99" CC="9755000300630"/>
						<SP ID="P68_SP00154" HPOS="1137" VPOS="1915" WIDTH="27"/>
						<String ID="P68_ST00178" HPOS="1164" VPOS="1881" WIDTH="136" HEIGHT="35" CONTENT="Handel" WC="0.99" CC="400021"/>
						<SP ID="P68_SP00155" HPOS="1300" VPOS="1916" WIDTH="29"/>
						<String ID="P68_ST00179" HPOS="1329" VPOS="1882" WIDTH="74" HEIGHT="35" CONTENT="sehr" WC="1.00" CC="0000"/>
						<SP ID="P68_SP00156" HPOS="1403" VPOS="1917" WIDTH="29"/>
						<String ID="P68_ST00180" HPOS="1432" VPOS="1883" WIDTH="130" HEIGHT="48" CONTENT="gering." WC="0.99" CC="0663004"/>
						<SP ID="P68_SP00157" HPOS="1562" VPOS="1931" WIDTH="48"/>
						<String ID="P68_ST00181" HPOS="1610" VPOS="1884" WIDTH="64" HEIGHT="33" CONTENT="Die" WC="0.96" CC="035"/>
						<SP ID="P68_SP00158" HPOS="1674" VPOS="1931" WIDTH="28"/>
						<String ID="P68_ST00182" HPOS="1702" VPOS="1882" WIDTH="219" HEIGHT="49" CONTENT="Hamburger" WC="0.99" CC="400760005"/>
						<SP ID="P68_SP00159" HPOS="1921" VPOS="1931" WIDTH="22"/>
						<String ID="P68_ST00183" HPOS="1943" VPOS="1884" WIDTH="120" HEIGHT="34" CONTENT="hatten" WC="0.99" CC="700001"/>
					</TextLine>
					<TextLine ID="P68_TL00025" HPOS="881" VPOS="1933" WIDTH="1181" HEIGHT="52">
						<String ID="P68_ST00184" HPOS="881" VPOS="1934" WIDTH="86" HEIGHT="35" CONTENT="eben" WC="0.97" CC="7620"/>
						<SP ID="P68_SP00160" HPOS="967" VPOS="1969" WIDTH="19"/>
						<String ID="P68_ST00185" HPOS="986" VPOS="1933" WIDTH="201" HEIGHT="49" CONTENT="begonnen," WC="1.00" CC="020000404"/>
						<SP ID="P68_SP00161" HPOS="1187" VPOS="1982" WIDTH="20"/>
						<String ID="P68_ST00186" HPOS="1207" VPOS="1934" WIDTH="129" HEIGHT="37" CONTENT="direkte" WC="0.99" CC="0403405"/>
						<SP ID="P68_SP00162" HPOS="1336" VPOS="1982" WIDTH="19"/>
						<String ID="P68_ST00187" HPOS="1355" VPOS="1936" WIDTH="267" HEIGHT="49" CONTENT="Verbindungen" WC="0.99" CC="045000060035"/>
						<SP ID="P68_SP00163" HPOS="1622" VPOS="1985" WIDTH="21"/>
						<String ID="P68_ST00188" HPOS="1643" VPOS="1936" WIDTH="64" HEIGHT="35" CONTENT="mit" WC="0.99" CC="030"/>
						<SP ID="P68_SP00164" HPOS="1707" VPOS="1985" WIDTH="19"/>
						<String ID="P68_ST00189" HPOS="1726" VPOS="1936" WIDTH="256" HEIGHT="36" CONTENT="Nordamerika" WC="0.99" CC="01400006306"/>
						<SP ID="P68_SP00165" HPOS="1982" VPOS="1985" WIDTH="19"/>
						<String ID="P68_ST00190" HPOS="2001" VPOS="1950" WIDTH="41" HEIGHT="22" CONTENT="an" SUBS_TYPE="HypPart1" SUBS_CONTENT="anzuknüpfen," WC="0.96" CC="70"/>
						<HYP HPOS="2042" VPOS="1950" WIDTH="20" CONTENT="-"/>
					</TextLine>
					<TextLine ID="P68_TL00026" HPOS="885" VPOS="1982" WIDTH="1177" HEIGHT="57">
						<String ID="P68_ST00191" HPOS="885" VPOS="1982" WIDTH="218" HEIGHT="55" CONTENT="zuknüpfen," SUBS_TYPE="HypPart2" SUBS_CONTENT="anzuknüpfen," WC="0.99" CC="0600407200"/>
						<SP ID="P68_SP00166" HPOS="1103" VPOS="2037" WIDTH="20"/>
						<String ID="P68_ST00192" HPOS="1123" VPOS="2001" WIDTH="60" HEIGHT="22" CONTENT="wo" WC="1.00" CC="00"/>
						<SP ID="P68_SP00167" HPOS="1183" VPOS="2037" WIDTH="22"/>
						<String ID="P68_ST00193" HPOS="1205" VPOS="1989" WIDTH="103" HEIGHT="35" CONTENT="ihnen" WC="0.98" CC="37060"/>
						<SP ID="P68_SP00168" HPOS="1308" VPOS="2037" WIDTH="21"/>
						<String ID="P68_ST00194" HPOS="1329" VPOS="1989" WIDTH="54" HEIGHT="36" CONTENT="die" WC="0.98" CC="040"/>
						<SP ID="P68_SP00169" HPOS="1383" VPOS="2037" WIDTH="29"/>
						<String ID="P68_ST00195" HPOS="1412" VPOS="1990" WIDTH="181" HEIGHT="49" CONTENT="politische" WC="1.00" CC="0043040004"/>
						<SP ID="P68_SP00170" HPOS="1593" VPOS="2039" WIDTH="28"/>
						<String ID="P68_ST00196" HPOS="1621" VPOS="1990" WIDTH="255" HEIGHT="35" CONTENT="Konstellation" WC="1.00" CC="0005024100430"/>
						<SP ID="P68_SP00171" HPOS="1876" VPOS="2039" WIDTH="19"/>
						<String ID="P68_ST00197" HPOS="1895" VPOS="1990" WIDTH="167" HEIGHT="37" CONTENT="während" WC="1.00" CC="0005000"/>
					</TextLine>
					<TextLine ID="P68_TL00027" HPOS="885" VPOS="2041" WIDTH="1177" HEIGHT="52">
						<String ID="P68_ST00198" HPOS="885" VPOS="2041" WIDTH="55" HEIGHT="35" CONTENT="des" WC="1.00" CC="000"/>
						<SP ID="P68_SP00172" HPOS="940" VPOS="2076" WIDTH="12"/>
						<String ID="P68_ST00199" HPOS="952" VPOS="2041" WIDTH="451" HEIGHT="50" CONTENT="Unabhängigkeitskrieges" WC="1.00" CC="4207000050003420401030"/>
						<SP ID="P68_SP00173" HPOS="1403" VPOS="2091" WIDTH="12"/>
						<String ID="P68_ST00200" HPOS="1415" VPOS="2042" WIDTH="72" HEIGHT="36" CONTENT="und" WC="0.98" CC="600"/>
						<SP ID="P68_SP00174" HPOS="1487" VPOS="2091" WIDTH="11"/>
						<String ID="P68_ST00201" HPOS="1498" VPOS="2044" WIDTH="148" HEIGHT="35" CONTENT="nachher" WC="0.98" CC="0007655"/>
						<SP ID="P68_SP00175" HPOS="1646" VPOS="2091" WIDTH="11"/>
						<String ID="P68_ST00202" HPOS="1657" VPOS="2045" WIDTH="139" HEIGHT="48" CONTENT="günstig" WC="1.00" CC="0002030"/>
						<SP ID="P68_SP00176" HPOS="1796" VPOS="2093" WIDTH="12"/>
						<String ID="P68_ST00203" HPOS="1808" VPOS="2058" WIDTH="158" HEIGHT="34" CONTENT="gewesen" WC="1.00" CC="0001000"/>
						<SP ID="P68_SP00177" HPOS="1966" VPOS="2093" WIDTH="10"/>
						<String ID="P68_ST00204" HPOS="1976" VPOS="2058" WIDTH="86" HEIGHT="22" CONTENT="war." WC="0.98" CC="0034"/>
					</TextLine>
					<TextLine ID="P68_TL00028" HPOS="966" VPOS="2095" WIDTH="1097" HEIGHT="52">
						<String ID="P68_ST00205" HPOS="966" VPOS="2096" WIDTH="112" HEIGHT="33" CONTENT="Heute" WC="0.97" CC="07621"/>
						<SP ID="P68_SP00178" HPOS="1078" VPOS="2129" WIDTH="27"/>
						<String ID="P68_ST00206" HPOS="1105" VPOS="2096" WIDTH="42" HEIGHT="34" CONTENT="ist" WC="0.99" CC="200"/>
						<SP ID="P68_SP00179" HPOS="1147" VPOS="2130" WIDTH="19"/>
						<String ID="P68_ST00207" HPOS="1166" VPOS="2096" WIDTH="55" HEIGHT="34" CONTENT="die" WC="0.97" CC="024"/>
						<SP ID="P68_SP00180" HPOS="1221" VPOS="2130" WIDTH="19"/>
						<String ID="P68_ST00208" HPOS="1240" VPOS="2095" WIDTH="263" HEIGHT="52" CONTENT="Dampferflotte" WC="1.00" CC="2000705330000"/>
						<SP ID="P68_SP00181" HPOS="1503" VPOS="2147" WIDTH="21"/>
						<String ID="P68_ST00209" HPOS="1524" VPOS="2097" WIDTH="57" HEIGHT="36" CONTENT="der" WC="0.96" CC="424"/>
						<SP ID="P68_SP00182" HPOS="1581" VPOS="2147" WIDTH="19"/>
						<String ID="P68_ST00210" HPOS="1600" VPOS="2096" WIDTH="217" HEIGHT="50" CONTENT="Hamburger" WC="0.99" CC="300702060"/>
						<SP ID="P68_SP00183" HPOS="1817" VPOS="2147" WIDTH="20"/>
						<String ID="P68_ST00211" HPOS="1837" VPOS="2098" WIDTH="169" HEIGHT="35" CONTENT="Rhederei" WC="0.99" CC="27200400"/>
						<SP ID="P68_SP00184" HPOS="2006" VPOS="2147" WIDTH="19"/>
						<String ID="P68_ST00212" HPOS="2025" VPOS="2112" WIDTH="38" HEIGHT="21" CONTENT="so" WC="1.00" CC="00"/>
					</TextLine>
					<TextLine ID="P68_TL00029" HPOS="886" VPOS="2147" WIDTH="1178" HEIGHT="51">
						<String ID="P68_ST00213" HPOS="886" VPOS="2147" WIDTH="93" HEIGHT="50" CONTENT="grofs" WC="0.82" CC="06002"/>
						<SP ID="P68_SP00185" HPOS="979" VPOS="2197" WIDTH="20"/>
						<String ID="P68_ST00214" HPOS="999" VPOS="2149" WIDTH="69" HEIGHT="34" CONTENT="wie" WC="1.00" CC="000"/>
						<SP ID="P68_SP00186" HPOS="1068" VPOS="2197" WIDTH="21"/>
						<String ID="P68_ST00215" HPOS="1089" VPOS="2148" WIDTH="54" HEIGHT="35" CONTENT="die" WC="0.99" CC="020"/>
						<SP ID="P68_SP00187" HPOS="1143" VPOS="2197" WIDTH="19"/>
						<String ID="P68_ST00216" HPOS="1162" VPOS="2162" WIDTH="70" HEIGHT="22" CONTENT="von" WC="1.00" CC="000"/>
						<SP ID="P68_SP00188" HPOS="1232" VPOS="2197" WIDTH="21"/>
						<String ID="P68_ST00217" HPOS="1253" VPOS="2163" WIDTH="85" HEIGHT="35" CONTENT="ganz" WC="0.98" CC="0900"/>
						<SP ID="P68_SP00189" HPOS="1338" VPOS="2198" WIDTH="14"/>
						<String ID="P68_ST00218" HPOS="1352" VPOS="2150" WIDTH="214" HEIGHT="42" CONTENT="Frankreich," WC="0.99" CC="56001554200"/>
						<SP ID="P68_SP00190" HPOS="1566" VPOS="2198" WIDTH="22"/>
						<String ID="P68_ST00219" HPOS="1588" VPOS="2150" WIDTH="72" HEIGHT="35" CONTENT="und" WC="0.98" CC="600"/>
						<SP ID="P68_SP00191" HPOS="1660" VPOS="2198" WIDTH="20"/>
						<String ID="P68_ST00220" HPOS="1680" VPOS="2165" WIDTH="32" HEIGHT="21" CONTENT="es" WC="0.97" CC="00"/>
						<SP ID="P68_SP00192" HPOS="1712" VPOS="2198" WIDTH="20"/>
						<String ID="P68_ST00221" HPOS="1732" VPOS="2152" WIDTH="142" HEIGHT="40" CONTENT="scheint," WC="1.00" CC="00014004"/>
						<SP ID="P68_SP00193" HPOS="1874" VPOS="2198" WIDTH="21"/>
						<String ID="P68_ST00222" HPOS="1895" VPOS="2152" WIDTH="47" HEIGHT="35" CONTENT="als" WC="0.95" CC="940"/>
						<SP ID="P68_SP00194" HPOS="1942" VPOS="2198" WIDTH="16"/>
						<String ID="P68_ST00223" HPOS="1958" VPOS="2151" WIDTH="44" HEIGHT="36" CONTENT="ob" WC="0.69" CC="06"/>
						<SP ID="P68_SP00195" HPOS="2002" VPOS="2198" WIDTH="16"/>
						<String ID="P68_ST00224" HPOS="2018" VPOS="2152" WIDTH="46" HEIGHT="35" CONTENT="sie" WC="0.99" CC="030"/>
					</TextLine>
					<TextLine ID="P68_TL00030" HPOS="888" VPOS="2202" WIDTH="1031" HEIGHT="46">
						<String ID="P68_ST00225" HPOS="888" VPOS="2202" WIDTH="93" HEIGHT="35" CONTENT="noch" WC="0.99" CC="0007"/>
						<SP ID="P68_SP00196" HPOS="981" VPOS="2237" WIDTH="21"/>
						<String ID="P68_ST00226" HPOS="1002" VPOS="2203" WIDTH="35" HEIGHT="34" CONTENT="in" WC="0.81" CC="30"/>
						<SP ID="P68_SP00197" HPOS="1037" VPOS="2237" WIDTH="19"/>
						<String ID="P68_ST00227" HPOS="1056" VPOS="2202" WIDTH="127" HEIGHT="35" CONTENT="diesem" WC="1.00" CC="002000"/>
						<SP ID="P68_SP00198" HPOS="1183" VPOS="2237" WIDTH="19"/>
						<String ID="P68_ST00228" HPOS="1202" VPOS="2204" WIDTH="96" HEIGHT="44" CONTENT="Jahre" WC="0.99" CC="00015"/>
						<SP ID="P68_SP00199" HPOS="1298" VPOS="2248" WIDTH="20"/>
						<String ID="P68_ST00229" HPOS="1318" VPOS="2204" WIDTH="144" HEIGHT="35" CONTENT="darüber" WC="0.99" CC="0050603"/>
						<SP ID="P68_SP00200" HPOS="1462" VPOS="2248" WIDTH="19"/>
						<String ID="P68_ST00230" HPOS="1481" VPOS="2205" WIDTH="288" HEIGHT="35" CONTENT="hinauswachsen" WC="0.99" CC="7367200007000"/>
						<SP ID="P68_SP00201" HPOS="1769" VPOS="2248" WIDTH="19"/>
						<String ID="P68_ST00231" HPOS="1788" VPOS="2204" WIDTH="131" HEIGHT="37" CONTENT="würde." WC="1.00" CC="006000"/>
					</TextLine>
					<TextLine ID="P68_TL00031" HPOS="966" VPOS="2255" WIDTH="1099" HEIGHT="40">
						<String ID="P68_ST00232" HPOS="966" VPOS="2258" WIDTH="67" HEIGHT="33" CONTENT="Das" WC="0.99" CC="003"/>
						<SP ID="P68_SP00202" HPOS="1033" VPOS="2291" WIDTH="21"/>
						<String ID="P68_ST00233" HPOS="1054" VPOS="2256" WIDTH="59" HEIGHT="35" CONTENT="hat" WC="1.00" CC="000"/>
						<SP ID="P68_SP00203" HPOS="1113" VPOS="2291" WIDTH="21"/>
						<String ID="P68_ST00234" HPOS="1134" VPOS="2255" WIDTH="66" HEIGHT="36" CONTENT="auf" WC="0.95" CC="077"/>
						<SP ID="P68_SP00204" HPOS="1200" VPOS="2291" WIDTH="15"/>
						<String ID="P68_ST00235" HPOS="1215" VPOS="2256" WIDTH="78" HEIGHT="36" CONTENT="dem" WC="0.99" CC="020"/>
						<SP ID="P68_SP00205" HPOS="1293" VPOS="2292" WIDTH="14"/>
						<String ID="P68_ST00236" HPOS="1307" VPOS="2256" WIDTH="140" HEIGHT="37" CONTENT="kleinen" WC="0.99" CC="1403004"/>
						<SP ID="P68_SP00206" HPOS="1447" VPOS="2293" WIDTH="15"/>
						<String ID="P68_ST00237" HPOS="1462" VPOS="2272" WIDTH="69" HEIGHT="21" CONTENT="von" WC="1.00" CC="000"/>
						<SP ID="P68_SP00207" HPOS="1531" VPOS="2293" WIDTH="9"/>
						<String ID="P68_ST00238" HPOS="1540" VPOS="2258" WIDTH="285" HEIGHT="36" CONTENT="Menschenhand" WC="0.99" CC="000147607000"/>
						<SP ID="P68_SP00208" HPOS="1825" VPOS="2294" WIDTH="16"/>
						<String ID="P68_ST00239" HPOS="1841" VPOS="2258" WIDTH="224" HEIGHT="37" CONTENT="tausendfach" WC="0.99" CC="00506600020"/>
					</TextLine>
					<TextLine ID="P68_TL00032" HPOS="886" VPOS="2309" WIDTH="1179" HEIGHT="48">
						<String ID="P68_ST00240" HPOS="886" VPOS="2309" WIDTH="279" HEIGHT="48" CONTENT="umgemodelten" WC="1.00" CC="700000061000"/>
						<SP ID="P68_SP00209" HPOS="1165" VPOS="2357" WIDTH="20"/>
						<String ID="P68_ST00241" HPOS="1185" VPOS="2310" WIDTH="99" HEIGHT="35" CONTENT="Fleck" WC="0.99" CC="40004"/>
						<SP ID="P68_SP00210" HPOS="1284" VPOS="2357" WIDTH="19"/>
						<String ID="P68_ST00242" HPOS="1303" VPOS="2311" WIDTH="85" HEIGHT="36" CONTENT="Erde" WC="0.97" CC="5503"/>
						<SP ID="P68_SP00211" HPOS="1388" VPOS="2357" WIDTH="21"/>
						<String ID="P68_ST00243" HPOS="1409" VPOS="2312" WIDTH="54" HEIGHT="34" CONTENT="die" WC="0.98" CC="040"/>
						<SP ID="P68_SP00212" HPOS="1463" VPOS="2357" WIDTH="14"/>
						<String ID="P68_ST00244" HPOS="1477" VPOS="2312" WIDTH="120" HEIGHT="35" CONTENT="Arbeit" WC="0.99" CC="046030"/>
						<SP ID="P68_SP00213" HPOS="1597" VPOS="2357" WIDTH="19"/>
						<String ID="P68_ST00245" HPOS="1616" VPOS="2312" WIDTH="105" HEIGHT="35" CONTENT="dreier" WC="0.98" CC="030353"/>
						<SP ID="P68_SP00214" HPOS="1721" VPOS="2357" WIDTH="16"/>
						<String ID="P68_ST00246" HPOS="1737" VPOS="2313" WIDTH="252" HEIGHT="35" CONTENT="Generationen" WC="1.00" CC="100030001000"/>
						<SP ID="P68_SP00215" HPOS="1989" VPOS="2357" WIDTH="20"/>
						<String ID="P68_ST00247" HPOS="2009" VPOS="2313" WIDTH="56" HEIGHT="35" CONTENT="der" WC="0.96" CC="047"/>
					</TextLine>
					<TextLine ID="P68_TL00033" HPOS="886" VPOS="2363" WIDTH="1178" HEIGHT="52">
						<String ID="P68_ST00248" HPOS="886" VPOS="2363" WIDTH="195" HEIGHT="34" CONTENT="Bewohner" WC="0.99" CC="72007025"/>
						<SP ID="P68_SP00216" HPOS="1081" VPOS="2397" WIDTH="19"/>
						<String ID="P68_ST00249" HPOS="1100" VPOS="2364" WIDTH="88" HEIGHT="34" CONTENT="eines" WC="1.00" CC="03000"/>
						<SP ID="P68_SP00217" HPOS="1188" VPOS="2398" WIDTH="21"/>
						<String ID="P68_ST00250" HPOS="1209" VPOS="2363" WIDTH="137" HEIGHT="36" CONTENT="kleinen" WC="1.00" CC="1302000"/>
						<SP ID="P68_SP00218" HPOS="1346" VPOS="2399" WIDTH="16"/>
						<String ID="P68_ST00251" HPOS="1362" VPOS="2364" WIDTH="66" HEIGHT="36" CONTENT="auf" WC="0.97" CC="007"/>
						<SP ID="P68_SP00219" HPOS="1428" VPOS="2400" WIDTH="10"/>
						<String ID="P68_ST00252" HPOS="1438" VPOS="2366" WIDTH="72" HEIGHT="35" CONTENT="sich" WC="0.97" CC="2027"/>
						<SP ID="P68_SP00220" HPOS="1510" VPOS="2401" WIDTH="14"/>
						<String ID="P68_ST00253" HPOS="1524" VPOS="2366" WIDTH="100" HEIGHT="35" CONTENT="selbst" WC="0.98" CC="332600"/>
						<SP ID="P68_SP00221" HPOS="1624" VPOS="2401" WIDTH="16"/>
						<String ID="P68_ST00254" HPOS="1640" VPOS="2366" WIDTH="173" HEIGHT="49" CONTENT="gestellten" WC="1.00" CC="0040323000"/>
						<SP ID="P68_SP00222" HPOS="1813" VPOS="2415" WIDTH="12"/>
						<String ID="P68_ST00255" HPOS="1825" VPOS="2369" WIDTH="239" HEIGHT="33" CONTENT="Staatswesens" WC="1.00" CC="000000070000"/>
					</TextLine>
					<TextLine ID="P68_TL00034" HPOS="886" VPOS="2415" WIDTH="1181" HEIGHT="52">
						<String ID="P68_ST00256" HPOS="886" VPOS="2415" WIDTH="210" HEIGHT="47" CONTENT="vollbracht," WC="0.99" CC="53310500704"/>
						<SP ID="P68_SP00223" HPOS="1096" VPOS="2462" WIDTH="21"/>
						<String ID="P68_ST00257" HPOS="1117" VPOS="2418" WIDTH="90" HEIGHT="34" CONTENT="ohne" WC="1.00" CC="0000"/>
						<SP ID="P68_SP00224" HPOS="1207" VPOS="2462" WIDTH="21"/>
						<String ID="P68_ST00258" HPOS="1228" VPOS="2418" WIDTH="257" HEIGHT="36" CONTENT="Subventionen" WC="1.00" CC="057020030000"/>
						<SP ID="P68_SP00225" HPOS="1485" VPOS="2462" WIDTH="20"/>
						<String ID="P68_ST00259" HPOS="1505" VPOS="2421" WIDTH="87" HEIGHT="34" CONTENT="eines" WC="0.99" CC="02003"/>
						<SP ID="P68_SP00226" HPOS="1592" VPOS="2462" WIDTH="21"/>
						<String ID="P68_ST00260" HPOS="1613" VPOS="2418" WIDTH="137" HEIGHT="49" CONTENT="grofsen" WC="0.84" CC="0500310"/>
						<SP ID="P68_SP00227" HPOS="1750" VPOS="2467" WIDTH="19"/>
						<String ID="P68_ST00261" HPOS="1769" VPOS="2420" WIDTH="143" HEIGHT="43" CONTENT="Reichs," WC="0.98" CC="0332704"/>
						<SP ID="P68_SP00228" HPOS="1912" VPOS="2467" WIDTH="20"/>
						<String ID="P68_ST00262" HPOS="1932" VPOS="2421" WIDTH="69" HEIGHT="34" CONTENT="wie" WC="0.98" CC="005"/>
						<SP ID="P68_SP00229" HPOS="2001" VPOS="2467" WIDTH="19"/>
						<String ID="P68_ST00263" HPOS="2020" VPOS="2421" WIDTH="47" HEIGHT="34" CONTENT="sie" WC="0.97" CC="050"/>
					</TextLine>
					<TextLine ID="P68_TL00035" HPOS="887" VPOS="2467" WIDTH="1180" HEIGHT="56">
						<String ID="P68_ST00264" HPOS="887" VPOS="2469" WIDTH="66" HEIGHT="35" CONTENT="den" WC="0.99" CC="020"/>
						<SP ID="P68_SP00230" HPOS="953" VPOS="2504" WIDTH="28"/>
						<String ID="P68_ST00265" HPOS="981" VPOS="2467" WIDTH="252" HEIGHT="40" CONTENT="französischen" WC="0.99" CC="0570070530000"/>
						<SP ID="P68_SP00231" HPOS="1233" VPOS="2507" WIDTH="33"/>
						<String ID="P68_ST00266" HPOS="1266" VPOS="2472" WIDTH="210" HEIGHT="36" CONTENT="Rhedereien" WC="0.92" CC="0000010320"/>
						<SP ID="P68_SP00232" HPOS="1476" VPOS="2508" WIDTH="32"/>
						<String ID="P68_ST00267" HPOS="1508" VPOS="2487" WIDTH="37" HEIGHT="22" CONTENT="so" WC="0.72" CC="50"/>
						<SP ID="P68_SP00233" HPOS="1545" VPOS="2509" WIDTH="34"/>
						<String ID="P68_ST00268" HPOS="1579" VPOS="2473" WIDTH="163" HEIGHT="36" CONTENT="reichlich" WC="0.99" CC="303003410"/>
						<SP ID="P68_SP00234" HPOS="1742" VPOS="2509" WIDTH="33"/>
						<String ID="P68_ST00269" HPOS="1775" VPOS="2486" WIDTH="59" HEIGHT="23" CONTENT="zur" WC="0.94" CC="177"/>
						<SP ID="P68_SP00235" HPOS="1834" VPOS="2509" WIDTH="28"/>
						<String ID="P68_ST00270" HPOS="1862" VPOS="2472" WIDTH="205" HEIGHT="51" CONTENT="Verfügung" WC="1.00" CC="020000300"/>
					</TextLine>
					<TextLine ID="P68_TL00036" HPOS="884" VPOS="2523" WIDTH="155" HEIGHT="36">
						<String ID="P68_ST00271" HPOS="884" VPOS="2523" WIDTH="155" HEIGHT="36" CONTENT="standen." WC="0.99" CC="70000050"/>
					</TextLine>
					<TextLine ID="P68_TL00037" HPOS="969" VPOS="2575" WIDTH="1097" HEIGHT="55">
						<String ID="P68_ST00272" HPOS="969" VPOS="2575" WIDTH="82" HEIGHT="37" CONTENT="Dafs" WC="1.00" CC="0000"/>
						<SP ID="P68_SP00236" HPOS="1051" VPOS="2612" WIDTH="30"/>
						<String ID="P68_ST00273" HPOS="1081" VPOS="2577" WIDTH="90" HEIGHT="35" CONTENT="diese" WC="0.98" CC="02440"/>
						<SP ID="P68_SP00237" HPOS="1171" VPOS="2612" WIDTH="25"/>
						<String ID="P68_ST00274" HPOS="1196" VPOS="2580" WIDTH="163" HEIGHT="48" CONTENT="Leistung" WC="1.00" CC="04000500"/>
						<SP ID="P68_SP00238" HPOS="1359" VPOS="2628" WIDTH="28"/>
						<String ID="P68_ST00275" HPOS="1387" VPOS="2580" WIDTH="96" HEIGHT="35" CONTENT="nicht" WC="1.00" CC="00000"/>
						<SP ID="P68_SP00239" HPOS="1483" VPOS="2628" WIDTH="29"/>
						<String ID="P68_ST00276" HPOS="1512" VPOS="2580" WIDTH="92" HEIGHT="35" CONTENT="ohne" WC="1.00" CC="0001"/>
						<SP ID="P68_SP00240" HPOS="1604" VPOS="2628" WIDTH="28"/>
						<String ID="P68_ST00277" HPOS="1632" VPOS="2580" WIDTH="67" HEIGHT="36" CONTENT="den" WC="0.99" CC="020"/>
						<SP ID="P68_SP00241" HPOS="1699" VPOS="2628" WIDTH="28"/>
						<String ID="P68_ST00278" HPOS="1727" VPOS="2581" WIDTH="238" HEIGHT="49" CONTENT="Hintergrund" WC="0.99" CC="64061704000"/>
						<SP ID="P68_SP00242" HPOS="1965" VPOS="2630" WIDTH="31"/>
						<String ID="P68_ST00279" HPOS="1996" VPOS="2582" WIDTH="70" HEIGHT="35" CONTENT="und" WC="0.98" CC="500"/>
					</TextLine>
					<TextLine ID="P68_TL00038" HPOS="888" VPOS="2629" WIDTH="1179" HEIGHT="43">
						<String ID="P68_ST00280" HPOS="888" VPOS="2629" WIDTH="55" HEIGHT="35" CONTENT="die" WC="0.97" CC="016"/>
						<SP ID="P68_SP00243" HPOS="943" VPOS="2664" WIDTH="18"/>
						<String ID="P68_ST00281" HPOS="961" VPOS="2629" WIDTH="166" HEIGHT="43" CONTENT="Beihülfe," WC="1.00" CC="000003030"/>
						<SP ID="P68_SP00244" HPOS="1127" VPOS="2672" WIDTH="20"/>
						<String ID="P68_ST00282" HPOS="1147" VPOS="2630" WIDTH="54" HEIGHT="37" CONTENT="die" WC="0.99" CC="030"/>
						<SP ID="P68_SP00245" HPOS="1201" VPOS="2672" WIDTH="19"/>
						<String ID="P68_ST00283" HPOS="1220" VPOS="2633" WIDTH="58" HEIGHT="34" CONTENT="der" WC="0.98" CC="005"/>
						<SP ID="P68_SP00246" HPOS="1278" VPOS="2672" WIDTH="19"/>
						<String ID="P68_ST00284" HPOS="1297" VPOS="2634" WIDTH="118" HEIGHT="34" CONTENT="Arbeit" WC="0.98" CC="046060"/>
						<SP ID="P68_SP00247" HPOS="1415" VPOS="2672" WIDTH="19"/>
						<String ID="P68_ST00285" HPOS="1434" VPOS="2633" WIDTH="59" HEIGHT="36" CONTENT="der" WC="1.00" CC="001"/>
						<SP ID="P68_SP00248" HPOS="1493" VPOS="2672" WIDTH="18"/>
						<String ID="P68_ST00286" HPOS="1511" VPOS="2634" WIDTH="123" HEIGHT="35" CONTENT="letzten" WC="1.00" CC="4003000"/>
						<SP ID="P68_SP00249" HPOS="1634" VPOS="2672" WIDTH="19"/>
						<String ID="P68_ST00287" HPOS="1653" VPOS="2636" WIDTH="209" HEIGHT="34" CONTENT="Generation" WC="1.00" CC="3000100500"/>
						<SP ID="P68_SP00250" HPOS="1862" VPOS="2672" WIDTH="19"/>
						<String ID="P68_ST00288" HPOS="1881" VPOS="2636" WIDTH="57" HEIGHT="34" CONTENT="das" WC="0.99" CC="002"/>
						<SP ID="P68_SP00251" HPOS="1938" VPOS="2672" WIDTH="21"/>
						<String ID="P68_ST00289" HPOS="1959" VPOS="2635" WIDTH="108" HEIGHT="35" CONTENT="Reich" WC="0.99" CC="00307"/>
					</TextLine>
					<TextLine ID="P68_TL00039" HPOS="891" VPOS="2683" WIDTH="1175" HEIGHT="48">
						<String ID="P68_ST00290" HPOS="891" VPOS="2683" WIDTH="73" HEIGHT="41" CONTENT="bot," WC="0.99" CC="6000"/>
						<SP ID="P68_SP00252" HPOS="964" VPOS="2724" WIDTH="15"/>
						<String ID="P68_ST00291" HPOS="979" VPOS="2683" WIDTH="194" HEIGHT="37" CONTENT="vollbracht" WC="1.00" CC="0044060000"/>
						<SP ID="P68_SP00253" HPOS="1173" VPOS="2724" WIDTH="14"/>
						<String ID="P68_ST00292" HPOS="1187" VPOS="2686" WIDTH="140" HEIGHT="35" CONTENT="werden" WC="1.00" CC="031000"/>
						<SP ID="P68_SP00254" HPOS="1327" VPOS="2724" WIDTH="19"/>
						<String ID="P68_ST00293" HPOS="1346" VPOS="2686" WIDTH="142" HEIGHT="45" CONTENT="konnte," WC="1.00" CC="0000004"/>
						<SP ID="P68_SP00255" HPOS="1488" VPOS="2731" WIDTH="17"/>
						<String ID="P68_ST00294" HPOS="1505" VPOS="2688" WIDTH="87" HEIGHT="35" CONTENT="sieht" WC="0.98" CC="03470"/>
						<SP ID="P68_SP00256" HPOS="1592" VPOS="2731" WIDTH="15"/>
						<String ID="P68_ST00295" HPOS="1607" VPOS="2689" WIDTH="55" HEIGHT="34" CONTENT="ein" WC="0.98" CC="040"/>
						<SP ID="P68_SP00257" HPOS="1662" VPOS="2731" WIDTH="15"/>
						<String ID="P68_ST00296" HPOS="1677" VPOS="2689" WIDTH="103" HEIGHT="35" CONTENT="Kind." WC="0.99" CC="14000"/>
						<SP ID="P68_SP00258" HPOS="1780" VPOS="2731" WIDTH="35"/>
						<String ID="P68_ST00297" HPOS="1815" VPOS="2688" WIDTH="90" HEIGHT="36" CONTENT="Aber" WC="0.98" CC="0505"/>
						<SP ID="P68_SP00259" HPOS="1905" VPOS="2731" WIDTH="18"/>
						<String ID="P68_ST00298" HPOS="1923" VPOS="2690" WIDTH="46" HEIGHT="34" CONTENT="sie" WC="0.96" CC="036"/>
						<SP ID="P68_SP00260" HPOS="1969" VPOS="2731" WIDTH="14"/>
						<String ID="P68_ST00299" HPOS="1983" VPOS="2688" WIDTH="83" HEIGHT="36" CONTENT="kam" WC="1.00" CC="000"/>
					</TextLine>
					<TextLine ID="P68_TL00040" HPOS="886" VPOS="2737" WIDTH="1179" HEIGHT="51">
						<String ID="P68_ST00300" HPOS="886" VPOS="2737" WIDTH="97" HEIGHT="34" CONTENT="nicht" WC="0.98" CC="03170"/>
						<SP ID="P68_SP00261" HPOS="983" VPOS="2771" WIDTH="14"/>
						<String ID="P68_ST00301" HPOS="997" VPOS="2750" WIDTH="65" HEIGHT="22" CONTENT="nur" WC="0.98" CC="006"/>
						<SP ID="P68_SP00262" HPOS="1062" VPOS="2772" WIDTH="15"/>
						<String ID="P68_ST00302" HPOS="1077" VPOS="2739" WIDTH="180" HEIGHT="49" CONTENT="Hamburg" WC="0.98" CC="4007650"/>
						<SP ID="P68_SP00263" HPOS="1257" VPOS="2788" WIDTH="15"/>
						<String ID="P68_ST00303" HPOS="1272" VPOS="2754" WIDTH="41" HEIGHT="21" CONTENT="zu" WC="0.75" CC="04"/>
						<SP ID="P68_SP00264" HPOS="1313" VPOS="2788" WIDTH="15"/>
						<String ID="P68_ST00304" HPOS="1328" VPOS="2744" WIDTH="101" HEIGHT="39" CONTENT="Gute," WC="0.99" CC="00060"/>
						<SP ID="P68_SP00265" HPOS="1429" VPOS="2788" WIDTH="21"/>
						<String ID="P68_ST00305" HPOS="1450" VPOS="2740" WIDTH="149" HEIGHT="36" CONTENT="sondern" WC="0.99" CC="0000454"/>
						<SP ID="P68_SP00266" HPOS="1599" VPOS="2788" WIDTH="19"/>
						<String ID="P68_ST00306" HPOS="1618" VPOS="2742" WIDTH="123" HEIGHT="35" CONTENT="ebenso" WC="0.99" CC="003530"/>
						<SP ID="P68_SP00267" HPOS="1741" VPOS="2788" WIDTH="21"/>
						<String ID="P68_ST00307" HPOS="1762" VPOS="2742" WIDTH="76" HEIGHT="35" CONTENT="sehr" WC="0.97" CC="1066"/>
						<SP ID="P68_SP00268" HPOS="1838" VPOS="2788" WIDTH="19"/>
						<String ID="P68_ST00308" HPOS="1857" VPOS="2742" WIDTH="78" HEIGHT="36" CONTENT="dem" WC="1.00" CC="000"/>
						<SP ID="P68_SP00269" HPOS="1935" VPOS="2788" WIDTH="11"/>
						<String ID="P68_ST00309" HPOS="1946" VPOS="2743" WIDTH="119" HEIGHT="35" CONTENT="Reich." WC="0.99" CC="504200"/>
					</TextLine>
					<TextLine ID="P68_TL00041" HPOS="970" VPOS="2791" WIDTH="1098" HEIGHT="54">
						<String ID="P68_ST00310" HPOS="970" VPOS="2793" WIDTH="78" HEIGHT="32" CONTENT="Von" WC="1.00" CC="000"/>
						<SP ID="P68_SP00270" HPOS="1048" VPOS="2825" WIDTH="21"/>
						<String ID="P68_ST00311" HPOS="1069" VPOS="2791" WIDTH="65" HEIGHT="36" CONTENT="den" WC="1.00" CC="000"/>
						<SP ID="P68_SP00271" HPOS="1134" VPOS="2827" WIDTH="19"/>
						<String ID="P68_ST00312" HPOS="1153" VPOS="2794" WIDTH="173" HEIGHT="35" CONTENT="einzelnen" WC="1.00" CC="430200000"/>
						<SP ID="P68_SP00272" HPOS="1326" VPOS="2829" WIDTH="21"/>
						<String ID="P68_ST00313" HPOS="1347" VPOS="2796" WIDTH="144" HEIGHT="40" CONTENT="Thaten," WC="1.00" CC="0000000"/>
						<SP ID="P68_SP00273" HPOS="1491" VPOS="2836" WIDTH="21"/>
						<String ID="P68_ST00314" HPOS="1512" VPOS="2808" WIDTH="58" HEIGHT="22" CONTENT="aus" WC="0.96" CC="064"/>
						<SP ID="P68_SP00274" HPOS="1570" VPOS="2836" WIDTH="22"/>
						<String ID="P68_ST00315" HPOS="1592" VPOS="2795" WIDTH="108" HEIGHT="36" CONTENT="denen" WC="0.98" CC="05450"/>
						<SP ID="P68_SP00275" HPOS="1700" VPOS="2836" WIDTH="19"/>
						<String ID="P68_ST00316" HPOS="1719" VPOS="2796" WIDTH="73" HEIGHT="35" CONTENT="sich" WC="0.98" CC="0510"/>
						<SP ID="P68_SP00276" HPOS="1792" VPOS="2836" WIDTH="20"/>
						<String ID="P68_ST00317" HPOS="1812" VPOS="2796" WIDTH="58" HEIGHT="36" CONTENT="das" WC="1.00" CC="000"/>
						<SP ID="P68_SP00277" HPOS="1870" VPOS="2836" WIDTH="25"/>
						<String ID="P68_ST00318" HPOS="1895" VPOS="2797" WIDTH="173" HEIGHT="48" CONTENT="mächtige" WC="0.99" CC="00100505"/>
					</TextLine>
					<TextLine ID="P68_TL00042" HPOS="889" VPOS="2844" WIDTH="1179" HEIGHT="54">
						<String ID="P68_ST00319" HPOS="889" VPOS="2844" WIDTH="89" HEIGHT="34" CONTENT="Fazit" WC="0.99" CC="60040"/>
						<SP ID="P68_SP00278" HPOS="978" VPOS="2878" WIDTH="33"/>
						<String ID="P68_ST00320" HPOS="1011" VPOS="2844" WIDTH="126" HEIGHT="49" CONTENT="ergibt," WC="0.99" CC="4701600"/>
						<SP ID="P68_SP00279" HPOS="1137" VPOS="2893" WIDTH="35"/>
						<String ID="P68_ST00321" HPOS="1172" VPOS="2844" WIDTH="127" HEIGHT="38" CONTENT="erfährt" WC="0.98" CC="0660660"/>
						<SP ID="P68_SP00280" HPOS="1299" VPOS="2893" WIDTH="28"/>
						<String ID="P68_ST00322" HPOS="1327" VPOS="2848" WIDTH="54" HEIGHT="35" CONTENT="die" WC="0.97" CC="016"/>
						<SP ID="P68_SP00281" HPOS="1381" VPOS="2893" WIDTH="19"/>
						<String ID="P68_ST00323" HPOS="1400" VPOS="2848" WIDTH="100" HEIGHT="35" CONTENT="Welt" WC="0.98" CC="0240"/>
						<SP ID="P68_SP00282" HPOS="1500" VPOS="2893" WIDTH="27"/>
						<String ID="P68_ST00324" HPOS="1527" VPOS="2848" WIDTH="110" HEIGHT="36" CONTENT="kaum" WC="0.98" CC="1060"/>
						<SP ID="P68_SP00283" HPOS="1637" VPOS="2893" WIDTH="28"/>
						<String ID="P68_ST00325" HPOS="1665" VPOS="2850" WIDTH="82" HEIGHT="34" CONTENT="oder" WC="0.99" CC="0005"/>
						<SP ID="P68_SP00284" HPOS="1747" VPOS="2893" WIDTH="29"/>
						<String ID="P68_ST00326" HPOS="1776" VPOS="2863" WIDTH="65" HEIGHT="21" CONTENT="nur" WC="0.96" CC="036"/>
						<SP ID="P68_SP00285" HPOS="1841" VPOS="2893" WIDTH="27"/>
						<String ID="P68_ST00327" HPOS="1868" VPOS="2864" WIDTH="96" HEIGHT="34" CONTENT="vage." WC="1.00" CC="00000"/>
						<SP ID="P68_SP00286" HPOS="1964" VPOS="2898" WIDTH="38"/>
						<String ID="P68_ST00328" HPOS="2002" VPOS="2851" WIDTH="66" HEIGHT="34" CONTENT="Die" WC="0.99" CC="020"/>
					</TextLine>
					<TextLine ID="P68_TL00043" HPOS="891" VPOS="2898" WIDTH="1178" HEIGHT="54">
						<String ID="P68_ST00329" HPOS="891" VPOS="2898" WIDTH="138" HEIGHT="34" CONTENT="Namen" WC="1.00" CC="00000"/>
						<SP ID="P68_SP00287" HPOS="1029" VPOS="2932" WIDTH="19"/>
						<String ID="P68_ST00330" HPOS="1048" VPOS="2898" WIDTH="58" HEIGHT="35" CONTENT="der" WC="0.98" CC="005"/>
						<SP ID="P68_SP00288" HPOS="1106" VPOS="2933" WIDTH="20"/>
						<String ID="P68_ST00331" HPOS="1126" VPOS="2902" WIDTH="156" HEIGHT="40" CONTENT="Männer," WC="1.00" CC="0030050"/>
						<SP ID="P68_SP00289" HPOS="1282" VPOS="2942" WIDTH="22"/>
						<String ID="P68_ST00332" HPOS="1304" VPOS="2900" WIDTH="100" HEIGHT="37" CONTENT="deren" WC="0.98" CC="04660"/>
						<SP ID="P68_SP00290" HPOS="1404" VPOS="2942" WIDTH="16"/>
						<String ID="P68_ST00333" HPOS="1420" VPOS="2902" WIDTH="188" HEIGHT="35" CONTENT="Gedanken" WC="1.00" CC="04000000"/>
						<SP ID="P68_SP00291" HPOS="1608" VPOS="2942" WIDTH="19"/>
						<String ID="P68_ST00334" HPOS="1627" VPOS="2903" WIDTH="71" HEIGHT="35" CONTENT="und" WC="0.99" CC="300"/>
						<SP ID="P68_SP00292" HPOS="1698" VPOS="2942" WIDTH="10"/>
						<String ID="P68_ST00335" HPOS="1708" VPOS="2903" WIDTH="133" HEIGHT="36" CONTENT="Werke" WC="0.99" CC="00500"/>
						<SP ID="P68_SP00293" HPOS="1841" VPOS="2942" WIDTH="20"/>
						<String ID="P68_ST00336" HPOS="1861" VPOS="2904" WIDTH="54" HEIGHT="34" CONTENT="die" WC="0.99" CC="030"/>
						<SP ID="P68_SP00294" HPOS="1915" VPOS="2942" WIDTH="16"/>
						<String ID="P68_ST00337" HPOS="1931" VPOS="2902" WIDTH="138" HEIGHT="50" CONTENT="grofsen" WC="0.83" CC="0600400"/>
					</TextLine>
					<TextLine ID="P68_TL00044" HPOS="891" VPOS="2951" WIDTH="1176" HEIGHT="45">
						<String ID="P68_ST00338" HPOS="891" VPOS="2951" WIDTH="216" HEIGHT="36" CONTENT="Fortschritte" WC="0.99" CC="531000741140"/>
						<SP ID="P68_SP00295" HPOS="1107" VPOS="2987" WIDTH="30"/>
						<String ID="P68_ST00339" HPOS="1137" VPOS="2952" WIDTH="222" HEIGHT="44" CONTENT="bestimmen," WC="1.00" CC="7200300000"/>
						<SP ID="P68_SP00296" HPOS="1359" VPOS="2996" WIDTH="30"/>
						<String ID="P68_ST00340" HPOS="1389" VPOS="2954" WIDTH="106" HEIGHT="37" CONTENT="kennt" WC="1.00" CC="00000"/>
						<SP ID="P68_SP00297" HPOS="1495" VPOS="2996" WIDTH="29"/>
						<String ID="P68_ST00341" HPOS="1524" VPOS="2956" WIDTH="71" HEIGHT="35" CONTENT="und" WC="0.95" CC="650"/>
						<SP ID="P68_SP00298" HPOS="1595" VPOS="2996" WIDTH="28"/>
						<String ID="P68_ST00342" HPOS="1623" VPOS="2966" WIDTH="106" HEIGHT="26" CONTENT="nennt" WC="0.99" CC="05000"/>
						<SP ID="P68_SP00299" HPOS="1729" VPOS="2996" WIDTH="30"/>
						<String ID="P68_ST00343" HPOS="1759" VPOS="2958" WIDTH="49" HEIGHT="34" CONTENT="im" WC="0.79" CC="40"/>
						<SP ID="P68_SP00300" HPOS="1808" VPOS="2996" WIDTH="20"/>
						<String ID="P68_ST00344" HPOS="1828" VPOS="2958" WIDTH="108" HEIGHT="35" CONTENT="Reich" WC="0.99" CC="00117"/>
						<SP ID="P68_SP00301" HPOS="1936" VPOS="2996" WIDTH="25"/>
						<String ID="P68_ST00345" HPOS="1961" VPOS="2957" WIDTH="106" HEIGHT="35" CONTENT="selten" WC="1.00" CC="002000"/>
					</TextLine>
					<TextLine ID="P68_TL00045" HPOS="889" VPOS="3004" WIDTH="1180" HEIGHT="55">
						<String ID="P68_ST00346" HPOS="889" VPOS="3004" WIDTH="151" HEIGHT="44" CONTENT="Jemand." WC="0.99" CC="0600003"/>
						<SP ID="P68_SP00302" HPOS="1040" VPOS="3048" WIDTH="39"/>
						<String ID="P68_ST00347" HPOS="1079" VPOS="3005" WIDTH="85" HEIGHT="36" CONTENT="Dafs" WC="0.76" CC="2070"/>
						<SP ID="P68_SP00303" HPOS="1164" VPOS="3048" WIDTH="26"/>
						<String ID="P68_ST00348" HPOS="1190" VPOS="3009" WIDTH="158" HEIGHT="47" CONTENT="Energie," WC="0.99" CC="40430050"/>
						<SP ID="P68_SP00304" HPOS="1348" VPOS="3056" WIDTH="20"/>
						<String ID="P68_ST00349" HPOS="1368" VPOS="3008" WIDTH="122" HEIGHT="37" CONTENT="Talent" WC="1.00" CC="004000"/>
						<SP ID="P68_SP00305" HPOS="1490" VPOS="3056" WIDTH="20"/>
						<String ID="P68_ST00350" HPOS="1510" VPOS="3010" WIDTH="71" HEIGHT="35" CONTENT="und" WC="0.97" CC="600"/>
						<SP ID="P68_SP00306" HPOS="1581" VPOS="3056" WIDTH="21"/>
						<String ID="P68_ST00351" HPOS="1602" VPOS="3024" WIDTH="100" HEIGHT="35" CONTENT="sogar" WC="0.99" CC="00006"/>
						<SP ID="P68_SP00307" HPOS="1702" VPOS="3059" WIDTH="20"/>
						<String ID="P68_ST00352" HPOS="1722" VPOS="3011" WIDTH="107" HEIGHT="36" CONTENT="Genie" WC="0.98" CC="00643"/>
						<SP ID="P68_SP00308" HPOS="1829" VPOS="3059" WIDTH="20"/>
						<String ID="P68_ST00353" HPOS="1849" VPOS="3012" WIDTH="89" HEIGHT="34" CONTENT="auch" WC="1.00" CC="0020"/>
						<SP ID="P68_SP00309" HPOS="1938" VPOS="3059" WIDTH="19"/>
						<String ID="P68_ST00354" HPOS="1957" VPOS="3011" WIDTH="112" HEIGHT="35" CONTENT="hinter" WC="0.98" CC="075053"/>
					</TextLine>
					<TextLine ID="P68_TL00046" HPOS="892" VPOS="3057" WIDTH="1178" HEIGHT="48">
						<String ID="P68_ST00355" HPOS="892" VPOS="3057" WIDTH="105" HEIGHT="35" CONTENT="dieser" WC="0.98" CC="035106"/>
						<SP ID="P68_SP00310" HPOS="997" VPOS="3092" WIDTH="14"/>
						<String ID="P68_ST00356" HPOS="1011" VPOS="3059" WIDTH="198" HEIGHT="36" CONTENT="nationalen" WC="1.00" CC="0000000030"/>
						<SP ID="P68_SP00311" HPOS="1209" VPOS="3095" WIDTH="16"/>
						<String ID="P68_ST00357" HPOS="1225" VPOS="3061" WIDTH="180" HEIGHT="36" CONTENT="Grofsthat" WC="0.89" CC="134000000"/>
						<SP ID="P68_SP00312" HPOS="1405" VPOS="3097" WIDTH="18"/>
						<String ID="P68_ST00358" HPOS="1423" VPOS="3062" WIDTH="150" HEIGHT="43" CONTENT="stecken," WC="1.00" CC="40021100"/>
						<SP ID="P68_SP00313" HPOS="1573" VPOS="3105" WIDTH="21"/>
						<String ID="P68_ST00359" HPOS="1594" VPOS="3065" WIDTH="88" HEIGHT="35" CONTENT="wird" WC="0.97" CC="0560"/>
						<SP ID="P68_SP00314" HPOS="1682" VPOS="3105" WIDTH="17"/>
						<String ID="P68_ST00360" HPOS="1699" VPOS="3064" WIDTH="54" HEIGHT="36" CONTENT="oft" WC="0.98" CC="400"/>
						<SP ID="P68_SP00315" HPOS="1753" VPOS="3105" WIDTH="16"/>
						<String ID="P68_ST00361" HPOS="1769" VPOS="3064" WIDTH="193" HEIGHT="36" CONTENT="übersehen." WC="0.99" CC="0705307100"/>
						<SP ID="P68_SP00316" HPOS="1962" VPOS="3105" WIDTH="27"/>
						<String ID="P68_ST00362" HPOS="1989" VPOS="3067" WIDTH="81" HEIGHT="33" CONTENT="Nur" WC="0.95" CC="057"/>
					</TextLine>
					<TextLine ID="P68_TL00047" HPOS="894" VPOS="3112" WIDTH="1176" HEIGHT="53">
						<String ID="P68_ST00363" HPOS="894" VPOS="3123" WIDTH="104" HEIGHT="22" CONTENT="wenn" WC="1.00" CC="0000"/>
						<SP ID="P68_SP00317" HPOS="998" VPOS="3145" WIDTH="21"/>
						<String ID="P68_ST00364" HPOS="1019" VPOS="3112" WIDTH="72" HEIGHT="35" CONTENT="eine" WC="0.99" CC="0006"/>
						<SP ID="P68_SP00318" HPOS="1091" VPOS="3147" WIDTH="19"/>
						<String ID="P68_ST00365" HPOS="1110" VPOS="3126" WIDTH="87" HEIGHT="23" CONTENT="neue" WC="1.00" CC="0000"/>
						<SP ID="P68_SP00319" HPOS="1197" VPOS="3149" WIDTH="15"/>
						<String ID="P68_ST00366" HPOS="1212" VPOS="3112" WIDTH="118" HEIGHT="38" CONTENT="Staffel" WC="0.99" CC="0006004"/>
						<SP ID="P68_SP00320" HPOS="1330" VPOS="3150" WIDTH="20"/>
						<String ID="P68_ST00367" HPOS="1350" VPOS="3117" WIDTH="162" HEIGHT="48" CONTENT="erstiegen" WC="0.99" CC="365030010"/>
						<SP ID="P68_SP00321" HPOS="1512" VPOS="3165" WIDTH="20"/>
						<String ID="P68_ST00368" HPOS="1532" VPOS="3118" WIDTH="54" HEIGHT="42" CONTENT="ist," WC="1.00" CC="0000"/>
						<SP ID="P68_SP00322" HPOS="1586" VPOS="3165" WIDTH="22"/>
						<String ID="P68_ST00369" HPOS="1608" VPOS="3118" WIDTH="125" HEIGHT="36" CONTENT="meldet" WC="0.98" CC="000059"/>
						<SP ID="P68_SP00323" HPOS="1733" VPOS="3165" WIDTH="20"/>
						<String ID="P68_ST00370" HPOS="1753" VPOS="3132" WIDTH="31" HEIGHT="22" CONTENT="es" WC="1.00" CC="00"/>
						<SP ID="P68_SP00324" HPOS="1784" VPOS="3165" WIDTH="20"/>
						<String ID="P68_ST00371" HPOS="1804" VPOS="3119" WIDTH="172" HEIGHT="35" CONTENT="vielleicht" WC="1.00" CC="0403006100"/>
						<SP ID="P68_SP00325" HPOS="1976" VPOS="3165" WIDTH="20"/>
						<String ID="P68_ST00372" HPOS="1996" VPOS="3119" WIDTH="74" HEIGHT="35" CONTENT="eine" WC="0.98" CC="0071"/>
					</TextLine>
					<TextLine ID="P68_TL00048" HPOS="893" VPOS="3165" WIDTH="1177" HEIGHT="43">
						<String ID="P68_ST00373" HPOS="893" VPOS="3165" WIDTH="107" HEIGHT="33" CONTENT="Notiz" WC="0.99" CC="04050"/>
						<SP ID="P68_SP00326" HPOS="1000" VPOS="3198" WIDTH="20"/>
						<String ID="P68_ST00374" HPOS="1020" VPOS="3174" WIDTH="97" HEIGHT="26" CONTENT="unter" WC="0.99" CC="60040"/>
						<SP ID="P68_SP00327" HPOS="1117" VPOS="3200" WIDTH="21"/>
						<String ID="P68_ST00375" HPOS="1138" VPOS="3166" WIDTH="64" HEIGHT="35" CONTENT="den" WC="1.00" CC="000"/>
						<SP ID="P68_SP00328" HPOS="1202" VPOS="3201" WIDTH="20"/>
						<String ID="P68_ST00376" HPOS="1222" VPOS="3170" WIDTH="224" HEIGHT="35" CONTENT="vermischten" WC="1.00" CC="04501340010"/>
						<SP ID="P68_SP00329" HPOS="1446" VPOS="3205" WIDTH="20"/>
						<String ID="P68_ST00377" HPOS="1466" VPOS="3171" WIDTH="235" HEIGHT="36" CONTENT="Nachrichten" WC="1.00" CC="00006000020"/>
						<SP ID="P68_SP00330" HPOS="1701" VPOS="3207" WIDTH="20"/>
						<String ID="P68_ST00378" HPOS="1721" VPOS="3172" WIDTH="47" HEIGHT="35" CONTENT="als" WC="0.96" CC="044"/>
						<SP ID="P68_SP00331" HPOS="1768" VPOS="3207" WIDTH="22"/>
						<String ID="P68_ST00379" HPOS="1790" VPOS="3173" WIDTH="74" HEIGHT="35" CONTENT="eine" WC="0.99" CC="0330"/>
						<SP ID="P68_SP00332" HPOS="1864" VPOS="3208" WIDTH="20"/>
						<String ID="P68_ST00380" HPOS="1884" VPOS="3173" WIDTH="132" HEIGHT="35" CONTENT="schwer" WC="0.99" CC="210003"/>
						<SP ID="P68_SP00333" HPOS="2016" VPOS="3208" WIDTH="14"/>
						<String ID="P68_ST00381" HPOS="2030" VPOS="3185" WIDTH="40" HEIGHT="22" CONTENT="zu" WC="0.81" CC="03"/>
					</TextLine>
					<TextLine ID="P68_TL00049" HPOS="893" VPOS="3215" WIDTH="1177" HEIGHT="60">
						<String ID="P68_ST00382" HPOS="893" VPOS="3215" WIDTH="256" HEIGHT="39" CONTENT="kontrolirende" WC="0.84" CC="4020600060000"/>
						<SP ID="P68_SP00334" HPOS="1149" VPOS="3254" WIDTH="20"/>
						<String ID="P68_ST00383" HPOS="1169" VPOS="3221" WIDTH="201" HEIGHT="43" CONTENT="Thatsache," WC="0.80" CC="0000004744"/>
						<SP ID="P68_SP00335" HPOS="1370" VPOS="3264" WIDTH="22"/>
						<String ID="P68_ST00384" HPOS="1392" VPOS="3232" WIDTH="91" HEIGHT="27" CONTENT="etwa" WC="1.00" CC="2000"/>
						<SP ID="P68_SP00336" HPOS="1483" VPOS="3264" WIDTH="20"/>
						<String ID="P68_ST00385" HPOS="1503" VPOS="3224" WIDTH="72" HEIGHT="35" CONTENT="dafs" WC="0.69" CC="0902"/>
						<SP ID="P68_SP00337" HPOS="1575" VPOS="3264" WIDTH="21"/>
						<String ID="P68_ST00386" HPOS="1596" VPOS="3225" WIDTH="57" HEIGHT="35" CONTENT="der" WC="0.99" CC="002"/>
						<SP ID="P68_SP00338" HPOS="1653" VPOS="3264" WIDTH="19"/>
						<String ID="P68_ST00387" HPOS="1672" VPOS="3226" WIDTH="243" HEIGHT="49" CONTENT="„Hamburger" WC="0.99" CC="6600607056"/>
						<SP ID="P68_SP00339" HPOS="1915" VPOS="3275" WIDTH="19"/>
						<String ID="P68_ST00388" HPOS="1934" VPOS="3225" WIDTH="136" HEIGHT="37" CONTENT="Handel" WC="0.98" CC="490043"/>
					</TextLine>
					<TextLine ID="P68_TL00050" HPOS="894" VPOS="3272" WIDTH="994" HEIGHT="56">
						<String ID="P68_ST00389" HPOS="894" VPOS="3272" WIDTH="170" HEIGHT="34" CONTENT="nunmehr" WC="0.98" CC="7500376"/>
						<SP ID="P68_SP00340" HPOS="1064" VPOS="3306" WIDTH="16"/>
						<String ID="P68_ST00390" HPOS="1080" VPOS="3274" WIDTH="89" HEIGHT="34" CONTENT="auch" WC="0.99" CC="0600"/>
						<SP ID="P68_SP00341" HPOS="1169" VPOS="3308" WIDTH="16"/>
						<String ID="P68_ST00391" HPOS="1185" VPOS="3274" WIDTH="64" HEIGHT="35" CONTENT="den" WC="0.96" CC="055"/>
						<SP ID="P68_SP00342" HPOS="1249" VPOS="3309" WIDTH="14"/>
						<String ID="P68_ST00392" HPOS="1263" VPOS="3288" WIDTH="69" HEIGHT="22" CONTENT="von" WC="0.99" CC="010"/>
						<SP ID="P68_SP00343" HPOS="1332" VPOS="3310" WIDTH="15"/>
						<String ID="P68_ST00393" HPOS="1347" VPOS="3277" WIDTH="207" HEIGHT="49" CONTENT="Liverpool“" WC="0.99" CC="0503504428"/>
						<SP ID="P68_SP00344" HPOS="1554" VPOS="3326" WIDTH="17"/>
						<String ID="P68_ST00394" HPOS="1571" VPOS="3278" WIDTH="202" HEIGHT="50" CONTENT="überflügelt" WC="0.99" CC="06043300500"/>
						<SP ID="P68_SP00345" HPOS="1773" VPOS="3328" WIDTH="19"/>
						<String ID="P68_ST00395" HPOS="1792" VPOS="3279" WIDTH="96" HEIGHT="37" CONTENT="habe." WC="0.99" CC="70000"/>
					</TextLine>
					<TextLine ID="P68_TL00051" HPOS="1467" VPOS="3418" WIDTH="28" HEIGHT="32">
						<String ID="P68_ST00396" HPOS="1467" VPOS="3418" WIDTH="28" HEIGHT="32" CONTENT="❖" WC="0.52" CC="4" STYLEREFS="TXT_2"/>
					</TextLine>
					<TextLine ID="P68_TL00052" HPOS="978" VPOS="3532" WIDTH="1094" HEIGHT="52">
						<String ID="P68_ST00397" HPOS="978" VPOS="3532" WIDTH="83" HEIGHT="34" CONTENT="Wie" WC="0.96" CC="063"/>
						<SP ID="P68_SP00346" HPOS="1061" VPOS="3566" WIDTH="28"/>
						<String ID="P68_ST00398" HPOS="1089" VPOS="3533" WIDTH="52" HEIGHT="35" CONTENT="die" WC="0.96" CC="605"/>
						<SP ID="P68_SP00347" HPOS="1141" VPOS="3568" WIDTH="29"/>
						<String ID="P68_ST00399" HPOS="1170" VPOS="3536" WIDTH="181" HEIGHT="48" CONTENT="politische" WC="0.99" CC="0433040470"/>
						<SP ID="P68_SP00348" HPOS="1351" VPOS="3584" WIDTH="25"/>
						<String ID="P68_ST00400" HPOS="1376" VPOS="3539" WIDTH="72" HEIGHT="35" CONTENT="und" WC="0.98" CC="600"/>
						<SP ID="P68_SP00349" HPOS="1448" VPOS="3584" WIDTH="21"/>
						<String ID="P68_ST00401" HPOS="1469" VPOS="3540" WIDTH="250" HEIGHT="39" CONTENT="ökonomische" WC="0.99" CC="70400033400"/>
						<SP ID="P68_SP00350" HPOS="1719" VPOS="3584" WIDTH="19"/>
						<String ID="P68_ST00402" HPOS="1738" VPOS="3547" WIDTH="204" HEIGHT="34" CONTENT="Geschichte" WC="1.00" CC="2013003000"/>
						<SP ID="P68_SP00351" HPOS="1942" VPOS="3584" WIDTH="19"/>
						<String ID="P68_ST00403" HPOS="1961" VPOS="3549" WIDTH="84" HEIGHT="34" CONTENT="Ham" SUBS_TYPE="HypPart1" SUBS_CONTENT="Hamburgs," WC="0.98" CC="600"/>
						<HYP HPOS="2045" VPOS="3549" WIDTH="27" CONTENT="-"/>
					</TextLine>
					<TextLine ID="P68_TL00053" HPOS="899" VPOS="3583" WIDTH="1173" HEIGHT="67">
						<String ID="P68_ST00404" HPOS="899" VPOS="3583" WIDTH="113" HEIGHT="49" CONTENT="burgs," SUBS_TYPE="HypPart2" SUBS_CONTENT="Hamburgs," WC="0.97" CC="777044"/>
						<SP ID="P68_SP00352" HPOS="1012" VPOS="3632" WIDTH="10"/>
						<String ID="P68_ST00405" HPOS="1022" VPOS="3598" WIDTH="38" HEIGHT="21" CONTENT="so" WC="0.68" CC="06"/>
						<SP ID="P68_SP00353" HPOS="1060" VPOS="3632" WIDTH="12"/>
						<String ID="P68_ST00406" HPOS="1072" VPOS="3587" WIDTH="40" HEIGHT="33" CONTENT="ist" WC="0.99" CC="300"/>
						<SP ID="P68_SP00354" HPOS="1112" VPOS="3632" WIDTH="12"/>
						<String ID="P68_ST00407" HPOS="1124" VPOS="3589" WIDTH="87" HEIGHT="34" CONTENT="auch" WC="0.98" CC="0017"/>
						<SP ID="P68_SP00355" HPOS="1211" VPOS="3632" WIDTH="12"/>
						<String ID="P68_ST00408" HPOS="1223" VPOS="3589" WIDTH="56" HEIGHT="35" CONTENT="der" WC="0.94" CC="077"/>
						<SP ID="P68_SP00356" HPOS="1279" VPOS="3632" WIDTH="10"/>
						<String ID="P68_ST00409" HPOS="1289" VPOS="3592" WIDTH="141" HEIGHT="35" CONTENT="Ausbau" WC="0.99" CC="070700"/>
						<SP ID="P68_SP00357" HPOS="1430" VPOS="3632" WIDTH="16"/>
						<String ID="P68_ST00410" HPOS="1446" VPOS="3593" WIDTH="56" HEIGHT="35" CONTENT="des" WC="0.96" CC="072"/>
						<SP ID="P68_SP00358" HPOS="1502" VPOS="3632" WIDTH="13"/>
						<String ID="P68_ST00411" HPOS="1515" VPOS="3596" WIDTH="202" HEIGHT="36" CONTENT="Stadtbildes" WC="1.00" CC="00000042073"/>
						<SP ID="P68_SP00359" HPOS="1717" VPOS="3632" WIDTH="15"/>
						<String ID="P68_ST00412" HPOS="1732" VPOS="3612" WIDTH="70" HEIGHT="21" CONTENT="von" WC="0.97" CC="007"/>
						<SP ID="P68_SP00360" HPOS="1802" VPOS="3633" WIDTH="13"/>
						<String ID="P68_ST00413" HPOS="1815" VPOS="3600" WIDTH="90" HEIGHT="35" CONTENT="einer" WC="0.97" CC="74067"/>
						<SP ID="P68_SP00361" HPOS="1905" VPOS="3635" WIDTH="15"/>
						<String ID="P68_ST00414" HPOS="1920" VPOS="3601" WIDTH="152" HEIGHT="49" CONTENT="einzigen" WC="1.00" CC="70003000"/>
					</TextLine>
					<TextLine ID="P68_TL00054" HPOS="899" VPOS="3638" WIDTH="1173" HEIGHT="52">
						<String ID="P68_ST00415" HPOS="899" VPOS="3638" WIDTH="121" HEIGHT="34" CONTENT="Macht" WC="0.98" CC="07070"/>
						<SP ID="P68_SP00362" HPOS="1020" VPOS="3672" WIDTH="20"/>
						<String ID="P68_ST00416" HPOS="1040" VPOS="3638" WIDTH="202" HEIGHT="45" CONTENT="beherrscht," WC="0.99" CC="07077700004"/>
						<SP ID="P68_SP00363" HPOS="1242" VPOS="3683" WIDTH="17"/>
						<String ID="P68_ST00417" HPOS="1259" VPOS="3643" WIDTH="64" HEIGHT="35" CONTENT="den" WC="0.97" CC="070"/>
						<SP ID="P68_SP00364" HPOS="1323" VPOS="3683" WIDTH="15"/>
						<String ID="P68_ST00418" HPOS="1338" VPOS="3646" WIDTH="236" HEIGHT="37" CONTENT="Bedürfnissen" WC="0.99" CC="060070534370"/>
						<SP ID="P68_SP00365" HPOS="1574" VPOS="3683" WIDTH="20"/>
						<String ID="P68_ST00419" HPOS="1594" VPOS="3648" WIDTH="55" HEIGHT="36" CONTENT="des" WC="0.97" CC="070"/>
						<SP ID="P68_SP00366" HPOS="1649" VPOS="3684" WIDTH="16"/>
						<String ID="P68_ST00420" HPOS="1665" VPOS="3652" WIDTH="164" HEIGHT="36" CONTENT="Handels." WC="0.99" CC="70007001"/>
						<SP ID="P68_SP00367" HPOS="1829" VPOS="3688" WIDTH="29"/>
						<String ID="P68_ST00421" HPOS="1858" VPOS="3653" WIDTH="82" HEIGHT="35" CONTENT="Und" WC="0.94" CC="770"/>
						<SP ID="P68_SP00368" HPOS="1940" VPOS="3688" WIDTH="15"/>
						<String ID="P68_ST00422" HPOS="1955" VPOS="3655" WIDTH="68" HEIGHT="35" CONTENT="wie" WC="0.96" CC="047"/>
						<SP ID="P68_SP00369" HPOS="2023" VPOS="3690" WIDTH="16"/>
						<String ID="P68_ST00423" HPOS="2039" VPOS="3669" WIDTH="33" HEIGHT="21" CONTENT="er" WC="0.24" CC="77"/>
					</TextLine>
					<TextLine ID="P68_TL00055" HPOS="899" VPOS="3690" WIDTH="1174" HEIGHT="55">
						<String ID="P68_ST00424" HPOS="899" VPOS="3690" WIDTH="95" HEIGHT="34" CONTENT="Land" WC="1.00" CC="0000"/>
						<SP ID="P68_SP00370" HPOS="994" VPOS="3724" WIDTH="15"/>
						<String ID="P68_ST00425" HPOS="1009" VPOS="3692" WIDTH="71" HEIGHT="34" CONTENT="und" WC="0.98" CC="400"/>
						<SP ID="P68_SP00371" HPOS="1080" VPOS="3726" WIDTH="12"/>
						<String ID="P68_ST00426" HPOS="1092" VPOS="3695" WIDTH="137" HEIGHT="34" CONTENT="Wasser" WC="0.99" CC="004060"/>
						<SP ID="P68_SP00372" HPOS="1229" VPOS="3729" WIDTH="14"/>
						<String ID="P68_ST00427" HPOS="1243" VPOS="3697" WIDTH="211" HEIGHT="48" CONTENT="umgeformt" WC="0.99" CC="708503000"/>
						<SP ID="P68_SP00373" HPOS="1454" VPOS="3745" WIDTH="14"/>
						<String ID="P68_ST00428" HPOS="1468" VPOS="3701" WIDTH="72" HEIGHT="41" CONTENT="hat," WC="0.99" CC="0004"/>
						<SP ID="P68_SP00374" HPOS="1540" VPOS="3745" WIDTH="21"/>
						<String ID="P68_ST00429" HPOS="1561" VPOS="3715" WIDTH="37" HEIGHT="22" CONTENT="so" WC="0.94" CC="01"/>
						<SP ID="P68_SP00375" HPOS="1598" VPOS="3745" WIDTH="18"/>
						<String ID="P68_ST00430" HPOS="1616" VPOS="3703" WIDTH="92" HEIGHT="35" CONTENT="dient" WC="0.99" CC="02030"/>
						<SP ID="P68_SP00376" HPOS="1708" VPOS="3745" WIDTH="15"/>
						<String ID="P68_ST00431" HPOS="1723" VPOS="3704" WIDTH="73" HEIGHT="36" CONTENT="ihm" WC="0.98" CC="400"/>
						<SP ID="P68_SP00377" HPOS="1796" VPOS="3745" WIDTH="17"/>
						<String ID="P68_ST00432" HPOS="1813" VPOS="3706" WIDTH="55" HEIGHT="35" CONTENT="das" WC="0.96" CC="090"/>
						<SP ID="P68_SP00378" HPOS="1868" VPOS="3745" WIDTH="16"/>
						<String ID="P68_ST00433" HPOS="1884" VPOS="3708" WIDTH="112" HEIGHT="34" CONTENT="Leben" WC="0.98" CC="00760"/>
						<SP ID="P68_SP00379" HPOS="1996" VPOS="3745" WIDTH="20"/>
						<String ID="P68_ST00434" HPOS="2016" VPOS="3708" WIDTH="57" HEIGHT="36" CONTENT="der" WC="0.98" CC="005"/>
					</TextLine>
				</TextBlock>
				<TextBlock ID="P68_TB00003" HPOS="2153" VPOS="538" WIDTH="1206" HEIGHT="3219" STYLEREFS="TXT_1 PAR_LEFT">
					<TextLine ID="P68_TL00056" HPOS="2165" VPOS="539" WIDTH="1175" HEIGHT="40">
						<String ID="P68_ST00435" HPOS="2165" VPOS="541" WIDTH="203" HEIGHT="37" CONTENT="staatlichen" WC="0.99" CC="00790143734"/>
						<SP ID="P68_SP00380" HPOS="2368" VPOS="578" WIDTH="20"/>
						<String ID="P68_ST00436" HPOS="2388" VPOS="539" WIDTH="257" HEIGHT="38" CONTENT="Gemeinschaft" WC="0.99" CC="159240027065"/>
						<SP ID="P68_SP00381" HPOS="2645" VPOS="578" WIDTH="25"/>
						<String ID="P68_ST00437" HPOS="2670" VPOS="540" WIDTH="70" HEIGHT="36" CONTENT="und" WC="0.97" CC="107"/>
						<SP ID="P68_SP00382" HPOS="2740" VPOS="578" WIDTH="26"/>
						<String ID="P68_ST00438" HPOS="2766" VPOS="541" WIDTH="56" HEIGHT="35" CONTENT="des" WC="0.97" CC="610"/>
						<SP ID="P68_SP00383" HPOS="2822" VPOS="578" WIDTH="20"/>
						<String ID="P68_ST00439" HPOS="2842" VPOS="541" WIDTH="248" HEIGHT="37" CONTENT="Individuums." WC="1.00" CC="000000006003"/>
						<SP ID="P68_SP00384" HPOS="3090" VPOS="578" WIDTH="38"/>
						<String ID="P68_ST00440" HPOS="3128" VPOS="546" WIDTH="68" HEIGHT="32" CONTENT="Der" WC="0.93" CC="656"/>
						<SP ID="P68_SP00385" HPOS="3196" VPOS="578" WIDTH="28"/>
						<String ID="P68_ST00441" HPOS="3224" VPOS="543" WIDTH="116" HEIGHT="36" CONTENT="Hafen" WC="0.98" CC="40614"/>
					</TextLine>
					<TextLine ID="P68_TL00057" HPOS="2164" VPOS="595" WIDTH="1176" HEIGHT="50">
						<String ID="P68_ST00442" HPOS="2164" VPOS="597" WIDTH="44" HEIGHT="33" CONTENT="ist" WC="1.00" CC="000"/>
						<SP ID="P68_SP00386" HPOS="2208" VPOS="630" WIDTH="24"/>
						<String ID="P68_ST00443" HPOS="2232" VPOS="595" WIDTH="58" HEIGHT="35" CONTENT="der" WC="0.97" CC="026"/>
						<SP ID="P68_SP00387" HPOS="2290" VPOS="630" WIDTH="24"/>
						<String ID="P68_ST00444" HPOS="2314" VPOS="597" WIDTH="87" HEIGHT="33" CONTENT="Herr" WC="0.95" CC="3466"/>
						<SP ID="P68_SP00388" HPOS="2401" VPOS="630" WIDTH="24"/>
						<String ID="P68_ST00445" HPOS="2425" VPOS="595" WIDTH="59" HEIGHT="35" CONTENT="der" WC="0.97" CC="015"/>
						<SP ID="P68_SP00389" HPOS="2484" VPOS="630" WIDTH="29"/>
						<String ID="P68_ST00446" HPOS="2513" VPOS="595" WIDTH="106" HEIGHT="35" CONTENT="Stadt." WC="0.99" CC="000093"/>
						<SP ID="P68_SP00390" HPOS="2619" VPOS="630" WIDTH="39"/>
						<String ID="P68_ST00447" HPOS="2658" VPOS="595" WIDTH="77" HEIGHT="35" CONTENT="Alle" WC="0.99" CC="4002"/>
						<SP ID="P68_SP00391" HPOS="2735" VPOS="630" WIDTH="31"/>
						<String ID="P68_ST00448" HPOS="2766" VPOS="595" WIDTH="192" HEIGHT="48" CONTENT="Bildungen" WC="0.98" CC="614066640"/>
						<SP ID="P68_SP00392" HPOS="2958" VPOS="643" WIDTH="27"/>
						<String ID="P68_ST00449" HPOS="2985" VPOS="595" WIDTH="48" HEIGHT="35" CONTENT="im" WC="0.71" CC="50"/>
						<SP ID="P68_SP00393" HPOS="3033" VPOS="643" WIDTH="29"/>
						<String ID="P68_ST00450" HPOS="3062" VPOS="596" WIDTH="195" HEIGHT="49" CONTENT="Stadtplan," WC="1.00" CC="0000005050"/>
						<SP ID="P68_SP00394" HPOS="3257" VPOS="645" WIDTH="29"/>
						<String ID="P68_ST00451" HPOS="3286" VPOS="597" WIDTH="54" HEIGHT="35" CONTENT="die" WC="0.98" CC="060"/>
					</TextLine>
					<TextLine ID="P68_TL00058" HPOS="2165" VPOS="647" WIDTH="1176" HEIGHT="38">
						<String ID="P68_ST00452" HPOS="2165" VPOS="649" WIDTH="97" HEIGHT="35" CONTENT="nicht" WC="0.99" CC="00207"/>
						<SP ID="P68_SP00395" HPOS="2262" VPOS="684" WIDTH="18"/>
						<String ID="P68_ST00453" HPOS="2280" VPOS="661" WIDTH="69" HEIGHT="22" CONTENT="von" WC="1.00" CC="000"/>
						<SP ID="P68_SP00396" HPOS="2349" VPOS="684" WIDTH="21"/>
						<String ID="P68_ST00454" HPOS="2370" VPOS="648" WIDTH="66" HEIGHT="35" CONTENT="den" WC="1.00" CC="000"/>
						<SP ID="P68_SP00397" HPOS="2436" VPOS="684" WIDTH="19"/>
						<String ID="P68_ST00455" HPOS="2455" VPOS="647" WIDTH="273" HEIGHT="36" CONTENT="Erfordernissen" WC="1.00" CC="26004004030230"/>
						<SP ID="P68_SP00398" HPOS="2728" VPOS="684" WIDTH="23"/>
						<String ID="P68_ST00456" HPOS="2751" VPOS="648" WIDTH="57" HEIGHT="35" CONTENT="des" WC="1.00" CC="000"/>
						<SP ID="P68_SP00399" HPOS="2808" VPOS="684" WIDTH="24"/>
						<String ID="P68_ST00457" HPOS="2832" VPOS="647" WIDTH="152" HEIGHT="36" CONTENT="Handels" WC="0.99" CC="6700032"/>
						<SP ID="P68_SP00400" HPOS="2984" VPOS="684" WIDTH="21"/>
						<String ID="P68_ST00458" HPOS="3005" VPOS="648" WIDTH="70" HEIGHT="35" CONTENT="und" WC="0.98" CC="500"/>
						<SP ID="P68_SP00401" HPOS="3075" VPOS="684" WIDTH="27"/>
						<String ID="P68_ST00459" HPOS="3102" VPOS="648" WIDTH="58" HEIGHT="35" CONTENT="der" WC="1.00" CC="000"/>
						<SP ID="P68_SP00402" HPOS="3160" VPOS="684" WIDTH="18"/>
						<String ID="P68_ST00460" HPOS="3178" VPOS="649" WIDTH="163" HEIGHT="36" CONTENT="Industrie" WC="0.99" CC="300300615"/>
					</TextLine>
					<TextLine ID="P68_TL00059" HPOS="2166" VPOS="700" WIDTH="1177" HEIGHT="51">
						<String ID="P68_ST00461" HPOS="2166" VPOS="701" WIDTH="281" HEIGHT="50" CONTENT="vorgeschrieben" WC="0.99" CC="03550020550720"/>
						<SP ID="P68_SP00403" HPOS="2447" VPOS="751" WIDTH="9"/>
						<String ID="P68_ST00462" HPOS="2456" VPOS="729" WIDTH="9" HEIGHT="13" CONTENT="3" STYLE="subscript" WC="0.29" CC="7"/>
						<SP ID="P68_SP00404" HPOS="2465" VPOS="751" WIDTH="26"/>
						<String ID="P68_ST00463" HPOS="2491" VPOS="715" WIDTH="117" HEIGHT="22" CONTENT="waren" WC="0.98" CC="47600"/>
						<SP ID="P68_SP00405" HPOS="2608" VPOS="751" WIDTH="28"/>
						<String ID="P68_ST00464" HPOS="2636" VPOS="701" WIDTH="78" HEIGHT="36" CONTENT="dem" WC="0.99" CC="020"/>
						<SP ID="P68_SP00406" HPOS="2714" VPOS="751" WIDTH="26"/>
						<String ID="P68_ST00465" HPOS="2740" VPOS="700" WIDTH="116" HEIGHT="37" CONTENT="Zufall" WC="0.98" CC="450023"/>
						<SP ID="P68_SP00407" HPOS="2856" VPOS="751" WIDTH="25"/>
						<String ID="P68_ST00466" HPOS="2881" VPOS="701" WIDTH="71" HEIGHT="36" CONTENT="und" WC="1.00" CC="000"/>
						<SP ID="P68_SP00408" HPOS="2952" VPOS="751" WIDTH="27"/>
						<String ID="P68_ST00467" HPOS="2979" VPOS="702" WIDTH="59" HEIGHT="35" CONTENT="der" WC="0.96" CC="046"/>
						<SP ID="P68_SP00409" HPOS="3038" VPOS="751" WIDTH="20"/>
						<String ID="P68_ST00468" HPOS="3058" VPOS="701" WIDTH="159" HEIGHT="36" CONTENT="Willkür" WC="0.98" CC="7056606"/>
						<SP ID="P68_SP00410" HPOS="3217" VPOS="751" WIDTH="27"/>
						<String ID="P68_ST00469" HPOS="3244" VPOS="703" WIDTH="80" HEIGHT="35" CONTENT="über" SUBS_TYPE="HypPart1" SUBS_CONTENT="überlassen," WC="0.98" CC="0706"/>
						<HYP HPOS="3324" VPOS="703" WIDTH="19" CONTENT="-"/>
					</TextLine>
					<TextLine ID="P68_TL00060" HPOS="2166" VPOS="754" WIDTH="1178" HEIGHT="50">
						<String ID="P68_ST00470" HPOS="2166" VPOS="757" WIDTH="123" HEIGHT="39" CONTENT="lassen," SUBS_TYPE="HypPart2" SUBS_CONTENT="überlassen," WC="0.99" CC="3005404"/>
						<SP ID="P68_SP00411" HPOS="2289" VPOS="796" WIDTH="27"/>
						<String ID="P68_ST00471" HPOS="2316" VPOS="754" WIDTH="80" HEIGHT="36" CONTENT="kein" WC="0.98" CC="1230"/>
						<SP ID="P68_SP00412" HPOS="2396" VPOS="796" WIDTH="22"/>
						<String ID="P68_ST00472" HPOS="2418" VPOS="755" WIDTH="284" HEIGHT="42" CONTENT="Fürstenschlofs," WC="0.81" CC="505000040600004"/>
						<SP ID="P68_SP00413" HPOS="2702" VPOS="797" WIDTH="26"/>
						<String ID="P68_ST00473" HPOS="2728" VPOS="754" WIDTH="79" HEIGHT="36" CONTENT="kein" WC="0.98" CC="0423"/>
						<SP ID="P68_SP00414" HPOS="2807" VPOS="797" WIDTH="23"/>
						<String ID="P68_ST00474" HPOS="2830" VPOS="754" WIDTH="269" HEIGHT="50" CONTENT="Schlofsgarten," WC="0.87" CC="00730020040000"/>
						<SP ID="P68_SP00415" HPOS="3099" VPOS="804" WIDTH="26"/>
						<String ID="P68_ST00475" HPOS="3125" VPOS="754" WIDTH="81" HEIGHT="36" CONTENT="kein" WC="0.99" CC="0030"/>
						<SP ID="P68_SP00416" HPOS="3206" VPOS="804" WIDTH="19"/>
						<String ID="P68_ST00476" HPOS="3225" VPOS="756" WIDTH="96" HEIGHT="35" CONTENT="Wild" SUBS_TYPE="HypPart1" SUBS_CONTENT="Wildpark" WC="0.98" CC="9010"/>
						<HYP HPOS="3321" VPOS="756" WIDTH="23" CONTENT="-"/>
					</TextLine>
					<TextLine ID="P68_TL00061" HPOS="2168" VPOS="808" WIDTH="1176" HEIGHT="51">
						<String ID="P68_ST00477" HPOS="2168" VPOS="809" WIDTH="83" HEIGHT="50" CONTENT="park" SUBS_TYPE="HypPart2" SUBS_CONTENT="Wildpark" WC="0.98" CC="4060"/>
						<SP ID="P68_SP00417" HPOS="2251" VPOS="859" WIDTH="20"/>
						<String ID="P68_ST00478" HPOS="2271" VPOS="808" WIDTH="126" HEIGHT="36" CONTENT="bildete" WC="0.99" CC="0220350"/>
						<SP ID="P68_SP00418" HPOS="2397" VPOS="859" WIDTH="19"/>
						<String ID="P68_ST00479" HPOS="2416" VPOS="809" WIDTH="66" HEIGHT="35" CONTENT="den" WC="1.00" CC="000"/>
						<SP ID="P68_SP00419" HPOS="2482" VPOS="859" WIDTH="18"/>
						<String ID="P68_ST00480" HPOS="2500" VPOS="812" WIDTH="92" HEIGHT="32" CONTENT="Kern" WC="0.99" CC="3030"/>
						<SP ID="P68_SP00420" HPOS="2592" VPOS="859" WIDTH="20"/>
						<String ID="P68_ST00481" HPOS="2612" VPOS="809" WIDTH="90" HEIGHT="35" CONTENT="einer" WC="0.96" CC="65666"/>
						<SP ID="P68_SP00421" HPOS="2702" VPOS="859" WIDTH="20"/>
						<String ID="P68_ST00482" HPOS="2722" VPOS="808" WIDTH="275" HEIGHT="50" CONTENT="grofsräumigen" WC="0.71" CC="9530240404010"/>
						<SP ID="P68_SP00422" HPOS="2997" VPOS="859" WIDTH="20"/>
						<String ID="P68_ST00483" HPOS="3017" VPOS="808" WIDTH="230" HEIGHT="50" CONTENT="Stadtanlage," WC="0.99" CC="000009027204"/>
						<SP ID="P68_SP00423" HPOS="3247" VPOS="859" WIDTH="26"/>
						<String ID="P68_ST00484" HPOS="3273" VPOS="809" WIDTH="71" HEIGHT="35" CONTENT="und" WC="0.98" CC="600"/>
					</TextLine>
					<TextLine ID="P68_TL00062" HPOS="2167" VPOS="862" WIDTH="1177" HEIGHT="50">
						<String ID="P68_ST00485" HPOS="2167" VPOS="865" WIDTH="102" HEIGHT="34" CONTENT="heute" WC="0.98" CC="60602"/>
						<SP ID="P68_SP00424" HPOS="2269" VPOS="899" WIDTH="20"/>
						<String ID="P68_ST00486" HPOS="2289" VPOS="872" WIDTH="64" HEIGHT="26" CONTENT="erst" WC="0.96" CC="5460"/>
						<SP ID="P68_SP00425" HPOS="2353" VPOS="899" WIDTH="11"/>
						<String ID="P68_ST00487" HPOS="2364" VPOS="862" WIDTH="139" HEIGHT="36" CONTENT="werden" WC="0.98" CC="906000"/>
						<SP ID="P68_SP00426" HPOS="2503" VPOS="899" WIDTH="12"/>
						<String ID="P68_ST00488" HPOS="2515" VPOS="865" WIDTH="283" HEIGHT="47" CONTENT="Anstrengungen" WC="0.99" CC="0004600056950"/>
						<SP ID="P68_SP00427" HPOS="2798" VPOS="912" WIDTH="17"/>
						<String ID="P68_ST00489" HPOS="2815" VPOS="864" WIDTH="170" HEIGHT="48" CONTENT="gemacht," WC="0.99" CC="06002004"/>
						<SP ID="P68_SP00428" HPOS="2985" VPOS="912" WIDTH="21"/>
						<String ID="P68_ST00490" HPOS="3006" VPOS="863" WIDTH="97" HEIGHT="35" CONTENT="einen" WC="0.98" CC="13600"/>
						<SP ID="P68_SP00429" HPOS="3103" VPOS="912" WIDTH="16"/>
						<String ID="P68_ST00491" HPOS="3119" VPOS="863" WIDTH="225" HEIGHT="49" CONTENT="allgemeinen" WC="1.00" CC="03490000010"/>
					</TextLine>
					<TextLine ID="P68_TL00063" HPOS="2166" VPOS="916" WIDTH="578" HEIGHT="50">
						<String ID="P68_ST00492" HPOS="2166" VPOS="917" WIDTH="284" HEIGHT="49" CONTENT="Bebauungsplan" WC="1.00" CC="4260450000400"/>
						<SP ID="P68_SP00430" HPOS="2450" VPOS="966" WIDTH="21"/>
						<String ID="P68_ST00493" HPOS="2471" VPOS="916" WIDTH="273" HEIGHT="36" CONTENT="durchzusetzen." WC="1.00" CC="06526031300000"/>
					</TextLine>
					<TextLine ID="P68_TL00064" HPOS="2249" VPOS="969" WIDTH="1098" HEIGHT="50">
						<String ID="P68_ST00494" HPOS="2249" VPOS="973" WIDTH="53" HEIGHT="32" CONTENT="Da" WC="0.70" CC="50"/>
						<SP ID="P68_SP00431" HPOS="2302" VPOS="1005" WIDTH="27"/>
						<String ID="P68_ST00495" HPOS="2329" VPOS="971" WIDTH="41" HEIGHT="34" CONTENT="ist" WC="1.00" CC="000"/>
						<SP ID="P68_SP00432" HPOS="2370" VPOS="1005" WIDTH="27"/>
						<String ID="P68_ST00496" HPOS="2397" VPOS="984" WIDTH="32" HEIGHT="22" CONTENT="es" WC="0.66" CC="60"/>
						<SP ID="P68_SP00433" HPOS="2429" VPOS="1006" WIDTH="26"/>
						<String ID="P68_ST00497" HPOS="2455" VPOS="969" WIDTH="66" HEIGHT="37" CONTENT="fast" WC="1.00" CC="0000"/>
						<SP ID="P68_SP00434" HPOS="2521" VPOS="1006" WIDTH="19"/>
						<String ID="P68_ST00498" HPOS="2540" VPOS="971" WIDTH="54" HEIGHT="34" CONTENT="ein" WC="0.98" CC="130"/>
						<SP ID="P68_SP00435" HPOS="2594" VPOS="1006" WIDTH="21"/>
						<String ID="P68_ST00499" HPOS="2615" VPOS="971" WIDTH="177" HEIGHT="41" CONTENT="Wunder," WC="0.99" CC="0500560"/>
						<SP ID="P68_SP00436" HPOS="2792" VPOS="1012" WIDTH="27"/>
						<String ID="P68_ST00500" HPOS="2819" VPOS="969" WIDTH="73" HEIGHT="37" CONTENT="dafs" WC="0.88" CC="0004"/>
						<SP ID="P68_SP00437" HPOS="2892" VPOS="1012" WIDTH="21"/>
						<String ID="P68_ST00501" HPOS="2913" VPOS="969" WIDTH="53" HEIGHT="36" CONTENT="die" WC="0.96" CC="036"/>
						<SP ID="P68_SP00438" HPOS="2966" VPOS="1012" WIDTH="21"/>
						<String ID="P68_ST00502" HPOS="2987" VPOS="970" WIDTH="94" HEIGHT="36" CONTENT="Stadt" WC="1.00" CC="00000"/>
						<SP ID="P68_SP00439" HPOS="3081" VPOS="1012" WIDTH="21"/>
						<String ID="P68_ST00503" HPOS="3102" VPOS="983" WIDTH="36" HEIGHT="22" CONTENT="so" WC="0.83" CC="03"/>
						<SP ID="P68_SP00440" HPOS="3138" VPOS="1012" WIDTH="22"/>
						<String ID="P68_ST00504" HPOS="3160" VPOS="970" WIDTH="108" HEIGHT="35" CONTENT="schön" WC="0.97" CC="35073"/>
						<SP ID="P68_SP00441" HPOS="3268" VPOS="1012" WIDTH="20"/>
						<String ID="P68_ST00505" HPOS="3288" VPOS="983" WIDTH="40" HEIGHT="36" CONTENT="ge" SUBS_TYPE="HypPart1" SUBS_CONTENT="geblieben" WC="0.98" CC="00"/>
						<HYP HPOS="3328" VPOS="983" WIDTH="19" CONTENT="-"/>
					</TextLine>
					<TextLine ID="P68_TL00065" HPOS="2166" VPOS="1023" WIDTH="205" HEIGHT="36">
						<String ID="P68_ST00506" HPOS="2166" VPOS="1023" WIDTH="134" HEIGHT="36" CONTENT="blieben" SUBS_TYPE="HypPart2" SUBS_CONTENT="geblieben" WC="0.99" CC="6211020"/>
						<SP ID="P68_SP00442" HPOS="2300" VPOS="1059" WIDTH="18"/>
						<String ID="P68_ST00507" HPOS="2318" VPOS="1024" WIDTH="53" HEIGHT="35" CONTENT="ist." WC="0.99" CC="0004"/>
					</TextLine>
					<TextLine ID="P68_TL00066" HPOS="2249" VPOS="1076" WIDTH="1098" HEIGHT="50">
						<String ID="P68_ST00508" HPOS="2249" VPOS="1078" WIDTH="53" HEIGHT="34" CONTENT="Sie" WC="0.96" CC="035"/>
						<SP ID="P68_SP00443" HPOS="2302" VPOS="1112" WIDTH="19"/>
						<String ID="P68_ST00509" HPOS="2321" VPOS="1076" WIDTH="165" HEIGHT="36" CONTENT="verdankt" WC="1.00" CC="02600000"/>
						<SP ID="P68_SP00444" HPOS="2486" VPOS="1112" WIDTH="29"/>
						<String ID="P68_ST00510" HPOS="2515" VPOS="1090" WIDTH="31" HEIGHT="22" CONTENT="es" WC="0.56" CC="62"/>
						<SP ID="P68_SP00445" HPOS="2546" VPOS="1112" WIDTH="31"/>
						<String ID="P68_ST00511" HPOS="2577" VPOS="1077" WIDTH="78" HEIGHT="35" CONTENT="dem" WC="0.99" CC="020"/>
						<SP ID="P68_SP00446" HPOS="2655" VPOS="1112" WIDTH="19"/>
						<String ID="P68_ST00512" HPOS="2674" VPOS="1076" WIDTH="237" HEIGHT="50" CONTENT="Naturgefühl" WC="0.99" CC="50036050064"/>
						<SP ID="P68_SP00447" HPOS="2911" VPOS="1126" WIDTH="26"/>
						<String ID="P68_ST00513" HPOS="2937" VPOS="1077" WIDTH="55" HEIGHT="35" CONTENT="des" WC="0.99" CC="020"/>
						<SP ID="P68_SP00448" HPOS="2992" VPOS="1126" WIDTH="26"/>
						<String ID="P68_ST00514" HPOS="3018" VPOS="1077" WIDTH="329" HEIGHT="35" CONTENT="niedersächsischen" WC="0.99" CC="06400627600501057"/>
					</TextLine>
					<TextLine ID="P68_TL00067" HPOS="2168" VPOS="1128" WIDTH="1180" HEIGHT="52">
						<String ID="P68_ST00515" HPOS="2168" VPOS="1134" WIDTH="178" HEIGHT="39" CONTENT="Stammes," WC="1.00" CC="00000504"/>
						<SP ID="P68_SP00449" HPOS="2346" VPOS="1173" WIDTH="22"/>
						<String ID="P68_ST00516" HPOS="2368" VPOS="1131" WIDTH="58" HEIGHT="35" CONTENT="der" WC="0.98" CC="005"/>
						<SP ID="P68_SP00450" HPOS="2426" VPOS="1173" WIDTH="18"/>
						<String ID="P68_ST00517" HPOS="2444" VPOS="1131" WIDTH="62" HEIGHT="35" CONTENT="ihn" WC="1.00" CC="000"/>
						<SP ID="P68_SP00451" HPOS="2506" VPOS="1173" WIDTH="20"/>
						<String ID="P68_ST00518" HPOS="2526" VPOS="1130" WIDTH="178" HEIGHT="37" CONTENT="bewohnt." WC="0.99" CC="60010004"/>
						<SP ID="P68_SP00452" HPOS="2704" VPOS="1173" WIDTH="39"/>
						<String ID="P68_ST00519" HPOS="2743" VPOS="1130" WIDTH="183" HEIGHT="50" CONTENT="Hamburg" WC="0.98" CC="6006650"/>
						<SP ID="P68_SP00453" HPOS="2926" VPOS="1180" WIDTH="21"/>
						<String ID="P68_ST00520" HPOS="2947" VPOS="1131" WIDTH="178" HEIGHT="41" CONTENT="erscheint," WC="0.99" CC="0452600300"/>
						<SP ID="P68_SP00454" HPOS="3125" VPOS="1180" WIDTH="20"/>
						<String ID="P68_ST00521" HPOS="3145" VPOS="1145" WIDTH="82" HEIGHT="21" CONTENT="vom" WC="1.00" CC="000"/>
						<SP ID="P68_SP00455" HPOS="3227" VPOS="1180" WIDTH="20"/>
						<String ID="P68_ST00522" HPOS="3247" VPOS="1128" WIDTH="81" HEIGHT="38" CONTENT="Luft" SUBS_TYPE="HypPart1" SUBS_CONTENT="Luftballon" WC="0.98" CC="0605"/>
						<HYP HPOS="3328" VPOS="1128" WIDTH="20" CONTENT="-"/>
					</TextLine>
					<TextLine ID="P68_TL00068" HPOS="2169" VPOS="1183" WIDTH="1179" HEIGHT="50">
						<String ID="P68_ST00523" HPOS="2169" VPOS="1185" WIDTH="118" HEIGHT="35" CONTENT="ballon" SUBS_TYPE="HypPart2" SUBS_CONTENT="Luftballon" WC="0.99" CC="605000"/>
						<SP ID="P68_SP00456" HPOS="2287" VPOS="1220" WIDTH="29"/>
						<String ID="P68_ST00524" HPOS="2316" VPOS="1199" WIDTH="58" HEIGHT="21" CONTENT="aus" WC="0.99" CC="020"/>
						<SP ID="P68_SP00457" HPOS="2374" VPOS="1220" WIDTH="29"/>
						<String ID="P68_ST00525" HPOS="2403" VPOS="1185" WIDTH="156" HEIGHT="48" CONTENT="gesehen," WC="0.99" CC="03037040"/>
						<SP ID="P68_SP00458" HPOS="2559" VPOS="1233" WIDTH="29"/>
						<String ID="P68_ST00526" HPOS="2588" VPOS="1186" WIDTH="123" HEIGHT="34" CONTENT="immer" WC="0.98" CC="40035"/>
						<SP ID="P68_SP00459" HPOS="2711" VPOS="1233" WIDTH="27"/>
						<String ID="P68_ST00527" HPOS="2738" VPOS="1186" WIDTH="93" HEIGHT="34" CONTENT="noch" WC="1.00" CC="0000"/>
						<SP ID="P68_SP00460" HPOS="2831" VPOS="1233" WIDTH="26"/>
						<String ID="P68_ST00528" HPOS="2857" VPOS="1186" WIDTH="69" HEIGHT="34" CONTENT="wie" WC="0.99" CC="002"/>
						<SP ID="P68_SP00461" HPOS="2926" VPOS="1233" WIDTH="26"/>
						<String ID="P68_ST00529" HPOS="2952" VPOS="1186" WIDTH="55" HEIGHT="34" CONTENT="ein" WC="1.00" CC="000"/>
						<SP ID="P68_SP00462" HPOS="3007" VPOS="1233" WIDTH="20"/>
						<String ID="P68_ST00530" HPOS="3027" VPOS="1183" WIDTH="132" HEIGHT="50" CONTENT="grofser" WC="0.90" CC="0010220"/>
						<SP ID="P68_SP00463" HPOS="3159" VPOS="1233" WIDTH="19"/>
						<String ID="P68_ST00531" HPOS="3178" VPOS="1183" WIDTH="86" HEIGHT="37" CONTENT="Park" WC="0.96" CC="6065"/>
						<SP ID="P68_SP00464" HPOS="3264" VPOS="1233" WIDTH="20"/>
						<String ID="P68_ST00532" HPOS="3284" VPOS="1185" WIDTH="64" HEIGHT="33" CONTENT="mit" WC="0.98" CC="022"/>
					</TextLine>
					<TextLine ID="P68_TL00069" HPOS="2168" VPOS="1239" WIDTH="1178" HEIGHT="40">
						<String ID="P68_ST00533" HPOS="2168" VPOS="1242" WIDTH="158" HEIGHT="32" CONTENT="Häusern" WC="0.98" CC="7920060"/>
						<SP ID="P68_SP00465" HPOS="2326" VPOS="1274" WIDTH="28"/>
						<String ID="P68_ST00534" HPOS="2354" VPOS="1239" WIDTH="108" HEIGHT="34" CONTENT="darin." WC="0.99" CC="004001"/>
						<SP ID="P68_SP00466" HPOS="2462" VPOS="1274" WIDTH="38"/>
						<String ID="P68_ST00535" HPOS="2500" VPOS="1241" WIDTH="41" HEIGHT="32" CONTENT="Es" WC="0.75" CC="50"/>
						<SP ID="P68_SP00467" HPOS="2541" VPOS="1274" WIDTH="29"/>
						<String ID="P68_ST00536" HPOS="2570" VPOS="1239" WIDTH="42" HEIGHT="34" CONTENT="ist" WC="1.00" CC="010"/>
						<SP ID="P68_SP00468" HPOS="2612" VPOS="1274" WIDTH="29"/>
						<String ID="P68_ST00537" HPOS="2641" VPOS="1239" WIDTH="65" HEIGHT="34" CONTENT="mit" WC="0.99" CC="030"/>
						<SP ID="P68_SP00469" HPOS="2706" VPOS="1274" WIDTH="32"/>
						<String ID="P68_ST00538" HPOS="2738" VPOS="1239" WIDTH="115" HEIGHT="35" CONTENT="seinen" WC="0.99" CC="004050"/>
						<SP ID="P68_SP00470" HPOS="2853" VPOS="1274" WIDTH="18"/>
						<String ID="P68_ST00539" HPOS="2871" VPOS="1239" WIDTH="291" HEIGHT="40" CONTENT="Wasserflächen," WC="1.00" CC="00000422067050"/>
						<SP ID="P68_SP00471" HPOS="3162" VPOS="1279" WIDTH="30"/>
						<String ID="P68_ST00540" HPOS="3192" VPOS="1239" WIDTH="154" HEIGHT="40" CONTENT="Wiesen," WC="0.99" CC="0061004"/>
					</TextLine>
					<TextLine ID="P68_TL00070" HPOS="2168" VPOS="1291" WIDTH="1181" HEIGHT="49">
						<String ID="P68_ST00541" HPOS="2168" VPOS="1292" WIDTH="102" HEIGHT="35" CONTENT="Parks" WC="0.97" CC="79130"/>
						<SP ID="P68_SP00472" HPOS="2270" VPOS="1327" WIDTH="28"/>
						<String ID="P68_ST00542" HPOS="2298" VPOS="1293" WIDTH="72" HEIGHT="34" CONTENT="und" WC="0.95" CC="705"/>
						<SP ID="P68_SP00473" HPOS="2370" VPOS="1327" WIDTH="27"/>
						<String ID="P68_ST00543" HPOS="2397" VPOS="1295" WIDTH="127" HEIGHT="33" CONTENT="Gärten" WC="0.99" CC="006040"/>
						<SP ID="P68_SP00474" HPOS="2524" VPOS="1328" WIDTH="34"/>
						<String ID="P68_ST00544" HPOS="2558" VPOS="1293" WIDTH="121" HEIGHT="34" CONTENT="mitten" WC="1.00" CC="000040"/>
						<SP ID="P68_SP00475" HPOS="2679" VPOS="1328" WIDTH="29"/>
						<String ID="P68_ST00545" HPOS="2708" VPOS="1293" WIDTH="49" HEIGHT="34" CONTENT="im" WC="0.84" CC="30"/>
						<SP ID="P68_SP00476" HPOS="2757" VPOS="1328" WIDTH="20"/>
						<String ID="P68_ST00546" HPOS="2777" VPOS="1291" WIDTH="222" HEIGHT="36" CONTENT="Strafsennetz" WC="0.84" CC="035006000300"/>
						<SP ID="P68_SP00477" HPOS="2999" VPOS="1328" WIDTH="21"/>
						<String ID="P68_ST00547" HPOS="3020" VPOS="1306" WIDTH="37" HEIGHT="21" CONTENT="so" WC="0.96" CC="00"/>
						<SP ID="P68_SP00478" HPOS="3057" VPOS="1328" WIDTH="20"/>
						<String ID="P68_ST00548" HPOS="3077" VPOS="1291" WIDTH="192" HEIGHT="49" CONTENT="weitläufig" WC="1.00" CC="0100006440"/>
						<SP ID="P68_SP00479" HPOS="3269" VPOS="1340" WIDTH="21"/>
						<String ID="P68_ST00549" HPOS="3290" VPOS="1305" WIDTH="40" HEIGHT="35" CONTENT="ge" SUBS_TYPE="HypPart1" SUBS_CONTENT="gebaut," WC="0.97" CC="03"/>
						<HYP HPOS="3330" VPOS="1305" WIDTH="19" CONTENT="-"/>
					</TextLine>
					<TextLine ID="P68_TL00071" HPOS="2169" VPOS="1345" WIDTH="1180" HEIGHT="49">
						<String ID="P68_ST00550" HPOS="2169" VPOS="1347" WIDTH="95" HEIGHT="40" CONTENT="baut," SUBS_TYPE="HypPart2" SUBS_CONTENT="gebaut," WC="0.99" CC="70000"/>
						<SP ID="P68_SP00480" HPOS="2264" VPOS="1387" WIDTH="16"/>
						<String ID="P68_ST00551" HPOS="2280" VPOS="1345" WIDTH="74" HEIGHT="36" CONTENT="dafs" WC="0.77" CC="0071"/>
						<SP ID="P68_SP00481" HPOS="2354" VPOS="1387" WIDTH="17"/>
						<String ID="P68_ST00552" HPOS="2371" VPOS="1359" WIDTH="31" HEIGHT="22" CONTENT="es" WC="0.90" CC="02"/>
						<SP ID="P68_SP00482" HPOS="2402" VPOS="1387" WIDTH="16"/>
						<String ID="P68_ST00553" HPOS="2418" VPOS="1359" WIDTH="63" HEIGHT="22" CONTENT="vor" WC="0.99" CC="010"/>
						<SP ID="P68_SP00483" HPOS="2481" VPOS="1387" WIDTH="10"/>
						<String ID="P68_ST00554" HPOS="2491" VPOS="1347" WIDTH="134" HEIGHT="47" CONTENT="einigen" WC="0.98" CC="3675004"/>
						<SP ID="P68_SP00484" HPOS="2625" VPOS="1394" WIDTH="10"/>
						<String ID="P68_ST00555" HPOS="2635" VPOS="1347" WIDTH="123" HEIGHT="45" CONTENT="Jahren" WC="0.98" CC="406604"/>
						<SP ID="P68_SP00485" HPOS="2758" VPOS="1394" WIDTH="10"/>
						<String ID="P68_ST00556" HPOS="2768" VPOS="1347" WIDTH="96" HEIGHT="34" CONTENT="mehr" WC="0.95" CC="4567"/>
						<SP ID="P68_SP00486" HPOS="2864" VPOS="1394" WIDTH="11"/>
						<String ID="P68_ST00557" HPOS="2875" VPOS="1345" WIDTH="298" HEIGHT="36" CONTENT="Strafsenlaternen" WC="0.75" CC="0040056039045000"/>
						<SP ID="P68_SP00487" HPOS="3173" VPOS="1394" WIDTH="11"/>
						<String ID="P68_ST00558" HPOS="3184" VPOS="1346" WIDTH="165" HEIGHT="35" CONTENT="brauchte" WC="0.99" CC="06001702"/>
					</TextLine>
					<TextLine ID="P68_TL00072" HPOS="2170" VPOS="1400" WIDTH="188" HEIGHT="35">
						<String ID="P68_ST00559" HPOS="2170" VPOS="1400" WIDTH="47" HEIGHT="35" CONTENT="als" WC="0.97" CC="033"/>
						<SP ID="P68_SP00488" HPOS="2217" VPOS="1435" WIDTH="21"/>
						<String ID="P68_ST00560" HPOS="2238" VPOS="1400" WIDTH="120" HEIGHT="35" CONTENT="Berlin." WC="0.99" CC="0152240"/>
					</TextLine>
					<TextLine ID="P68_TL00073" HPOS="2249" VPOS="1453" WIDTH="1099" HEIGHT="48">
						<String ID="P68_ST00561" HPOS="2249" VPOS="1454" WIDTH="65" HEIGHT="35" CONTENT="Die" WC="0.97" CC="330"/>
						<SP ID="P68_SP00489" HPOS="2314" VPOS="1489" WIDTH="16"/>
						<String ID="P68_ST00562" HPOS="2330" VPOS="1454" WIDTH="192" HEIGHT="34" CONTENT="Sehnsucht" WC="1.00" CC="000006000"/>
						<SP ID="P68_SP00490" HPOS="2522" VPOS="1489" WIDTH="14"/>
						<String ID="P68_ST00563" HPOS="2536" VPOS="1453" WIDTH="87" HEIGHT="48" CONTENT="jedes" WC="0.98" CC="06063"/>
						<SP ID="P68_SP00491" HPOS="2623" VPOS="1501" WIDTH="16"/>
						<String ID="P68_ST00564" HPOS="2639" VPOS="1453" WIDTH="183" HEIGHT="35" CONTENT="Einzelnen" WC="0.99" CC="333053607"/>
						<SP ID="P68_SP00492" HPOS="2822" VPOS="1501" WIDTH="15"/>
						<String ID="P68_ST00565" HPOS="2837" VPOS="1453" WIDTH="61" HEIGHT="35" CONTENT="seit" WC="1.00" CC="0020"/>
						<SP ID="P68_SP00493" HPOS="2898" VPOS="1501" WIDTH="13"/>
						<String ID="P68_ST00566" HPOS="2911" VPOS="1453" WIDTH="269" HEIGHT="46" CONTENT="Jahrhunderten" WC="0.99" CC="6976730006040"/>
						<SP ID="P68_SP00494" HPOS="3180" VPOS="1501" WIDTH="16"/>
						<String ID="P68_ST00567" HPOS="3196" VPOS="1453" WIDTH="42" HEIGHT="34" CONTENT="ist" WC="0.98" CC="400"/>
						<SP ID="P68_SP00495" HPOS="3238" VPOS="1501" WIDTH="15"/>
						<String ID="P68_ST00568" HPOS="3253" VPOS="1454" WIDTH="95" HEIGHT="33" CONTENT="Haus" WC="0.98" CC="6021"/>
					</TextLine>
					<TextLine ID="P68_TL00074" HPOS="2169" VPOS="1506" WIDTH="1180" HEIGHT="49">
						<String ID="P68_ST00569" HPOS="2169" VPOS="1507" WIDTH="74" HEIGHT="36" CONTENT="und" WC="1.00" CC="010"/>
						<SP ID="P68_SP00496" HPOS="2243" VPOS="1543" WIDTH="20"/>
						<String ID="P68_ST00570" HPOS="2263" VPOS="1511" WIDTH="140" HEIGHT="32" CONTENT="Garten." WC="0.99" CC="0063001"/>
						<SP ID="P68_SP00497" HPOS="2403" VPOS="1543" WIDTH="40"/>
						<String ID="P68_ST00571" HPOS="2443" VPOS="1510" WIDTH="66" HEIGHT="32" CONTENT="Der" WC="0.95" CC="056"/>
						<SP ID="P68_SP00498" HPOS="2509" VPOS="1543" WIDTH="26"/>
						<String ID="P68_ST00572" HPOS="2535" VPOS="1510" WIDTH="127" HEIGHT="33" CONTENT="Garten" WC="1.00" CC="000310"/>
						<SP ID="P68_SP00499" HPOS="2662" VPOS="1543" WIDTH="26"/>
						<String ID="P68_ST00573" HPOS="2688" VPOS="1508" WIDTH="42" HEIGHT="33" CONTENT="ist" WC="0.99" CC="300"/>
						<SP ID="P68_SP00500" HPOS="2730" VPOS="1543" WIDTH="26"/>
						<String ID="P68_ST00574" HPOS="2756" VPOS="1507" WIDTH="122" HEIGHT="34" CONTENT="immer" WC="1.00" CC="00002"/>
						<SP ID="P68_SP00501" HPOS="2878" VPOS="1543" WIDTH="18"/>
						<String ID="P68_ST00575" HPOS="2896" VPOS="1507" WIDTH="94" HEIGHT="35" CONTENT="noch" WC="0.99" CC="0020"/>
						<SP ID="P68_SP00502" HPOS="2990" VPOS="1543" WIDTH="20"/>
						<String ID="P68_ST00576" HPOS="3010" VPOS="1506" WIDTH="56" HEIGHT="36" CONTENT="der" WC="0.97" CC="060"/>
						<SP ID="P68_SP00503" HPOS="3066" VPOS="1543" WIDTH="20"/>
						<String ID="P68_ST00577" HPOS="3086" VPOS="1507" WIDTH="128" HEIGHT="48" CONTENT="einzige" WC="0.99" CC="3001400"/>
						<SP ID="P68_SP00504" HPOS="3214" VPOS="1555" WIDTH="20"/>
						<String ID="P68_ST00578" HPOS="3234" VPOS="1510" WIDTH="115" HEIGHT="31" CONTENT="Luxus" WC="0.97" CC="05264"/>
					</TextLine>
					<TextLine ID="P68_TL00075" HPOS="2170" VPOS="1560" WIDTH="1178" HEIGHT="50">
						<String ID="P68_ST00579" HPOS="2170" VPOS="1561" WIDTH="139" HEIGHT="49" CONTENT="grofsen" WC="0.89" CC="0600000"/>
						<SP ID="P68_SP00505" HPOS="2309" VPOS="1610" WIDTH="14"/>
						<String ID="P68_ST00580" HPOS="2323" VPOS="1561" WIDTH="91" HEIGHT="41" CONTENT="Stils," WC="0.99" CC="004600"/>
						<SP ID="P68_SP00506" HPOS="2414" VPOS="1610" WIDTH="20"/>
						<String ID="P68_ST00581" HPOS="2434" VPOS="1561" WIDTH="65" HEIGHT="34" CONTENT="den" WC="0.99" CC="030"/>
						<SP ID="P68_SP00507" HPOS="2499" VPOS="1610" WIDTH="17"/>
						<String ID="P68_ST00582" HPOS="2516" VPOS="1561" WIDTH="71" HEIGHT="35" CONTENT="sich" WC="0.99" CC="1400"/>
						<SP ID="P68_SP00508" HPOS="2587" VPOS="1610" WIDTH="17"/>
						<String ID="P68_ST00583" HPOS="2604" VPOS="1562" WIDTH="49" HEIGHT="33" CONTENT="im" WC="0.68" CC="60"/>
						<SP ID="P68_SP00509" HPOS="2653" VPOS="1610" WIDTH="14"/>
						<String ID="P68_ST00584" HPOS="2667" VPOS="1561" WIDTH="237" HEIGHT="48" CONTENT="Allgemeinen" WC="1.00" CC="00100035050"/>
						<SP ID="P68_SP00510" HPOS="2904" VPOS="1610" WIDTH="15"/>
						<String ID="P68_ST00585" HPOS="2919" VPOS="1561" WIDTH="58" HEIGHT="34" CONTENT="der" WC="0.99" CC="003"/>
						<SP ID="P68_SP00511" HPOS="2977" VPOS="1610" WIDTH="15"/>
						<String ID="P68_ST00586" HPOS="2992" VPOS="1560" WIDTH="220" HEIGHT="49" CONTENT="Hamburger" WC="0.98" CC="600656806"/>
						<SP ID="P68_SP00512" HPOS="3212" VPOS="1610" WIDTH="15"/>
						<String ID="P68_ST00587" HPOS="3227" VPOS="1566" WIDTH="121" HEIGHT="43" CONTENT="gönnt." WC="0.98" CC="074303"/>
					</TextLine>
					<TextLine ID="P68_TL00076" HPOS="2170" VPOS="1613" WIDTH="1181" HEIGHT="50">
						<String ID="P68_ST00588" HPOS="2170" VPOS="1618" WIDTH="43" HEIGHT="32" CONTENT="Er" WC="0.64" CC="70"/>
						<SP ID="P68_SP00513" HPOS="2213" VPOS="1650" WIDTH="18"/>
						<String ID="P68_ST00589" HPOS="2231" VPOS="1616" WIDTH="60" HEIGHT="34" CONTENT="hat" WC="0.97" CC="700"/>
						<SP ID="P68_SP00514" HPOS="2291" VPOS="1650" WIDTH="19"/>
						<String ID="P68_ST00590" HPOS="2310" VPOS="1616" WIDTH="91" HEIGHT="33" CONTENT="seine" WC="0.99" CC="04100"/>
						<SP ID="P68_SP00515" HPOS="2401" VPOS="1650" WIDTH="16"/>
						<String ID="P68_ST00591" HPOS="2417" VPOS="1618" WIDTH="128" HEIGHT="32" CONTENT="Gärten" WC="0.99" CC="005020"/>
						<SP ID="P68_SP00516" HPOS="2545" VPOS="1650" WIDTH="19"/>
						<String ID="P68_ST00592" HPOS="2564" VPOS="1614" WIDTH="94" HEIGHT="35" CONTENT="noch" WC="1.00" CC="0000"/>
						<SP ID="P68_SP00517" HPOS="2658" VPOS="1650" WIDTH="27"/>
						<String ID="P68_ST00593" HPOS="2685" VPOS="1615" WIDTH="123" HEIGHT="34" CONTENT="immer" WC="0.99" CC="30006"/>
						<SP ID="P68_SP00518" HPOS="2808" VPOS="1650" WIDTH="19"/>
						<String ID="P68_ST00594" HPOS="2827" VPOS="1614" WIDTH="36" HEIGHT="35" CONTENT="in" WC="0.69" CC="06"/>
						<SP ID="P68_SP00519" HPOS="2863" VPOS="1650" WIDTH="20"/>
						<String ID="P68_ST00595" HPOS="2883" VPOS="1613" WIDTH="57" HEIGHT="36" CONTENT="der" WC="0.97" CC="006"/>
						<SP ID="P68_SP00520" HPOS="2940" VPOS="1650" WIDTH="19"/>
						<String ID="P68_ST00596" HPOS="2959" VPOS="1614" WIDTH="228" HEIGHT="49" CONTENT="eigentlichen" WC="1.00" CC="340000025040"/>
						<SP ID="P68_SP00521" HPOS="3187" VPOS="1663" WIDTH="19"/>
						<String ID="P68_ST00597" HPOS="3206" VPOS="1615" WIDTH="116" HEIGHT="34" CONTENT="Wohn" SUBS_TYPE="HypPart1" SUBS_CONTENT="Wohnstadt" WC="1.00" CC="0000"/>
						<HYP HPOS="3322" VPOS="1615" WIDTH="29" CONTENT="-"/>
					</TextLine>
					<TextLine ID="P68_TL00077" HPOS="2171" VPOS="1667" WIDTH="1179" HEIGHT="42">
						<String ID="P68_ST00598" HPOS="2171" VPOS="1668" WIDTH="87" HEIGHT="36" CONTENT="stadt" SUBS_TYPE="HypPart2" SUBS_CONTENT="Wohnstadt" WC="0.99" CC="00600"/>
						<SP ID="P68_SP00522" HPOS="2258" VPOS="1704" WIDTH="20"/>
						<String ID="P68_ST00599" HPOS="2278" VPOS="1670" WIDTH="36" HEIGHT="33" CONTENT="in" WC="0.71" CC="50"/>
						<SP ID="P68_SP00523" HPOS="2314" VPOS="1704" WIDTH="18"/>
						<String ID="P68_ST00600" HPOS="2332" VPOS="1667" WIDTH="184" HEIGHT="36" CONTENT="Pöseldorf" WC="0.82" CC="700010060"/>
						<SP ID="P68_SP00524" HPOS="2516" VPOS="1704" WIDTH="14"/>
						<String ID="P68_ST00601" HPOS="2530" VPOS="1668" WIDTH="71" HEIGHT="35" CONTENT="und" WC="0.98" CC="600"/>
						<SP ID="P68_SP00525" HPOS="2601" VPOS="1704" WIDTH="20"/>
						<String ID="P68_ST00602" HPOS="2621" VPOS="1668" WIDTH="272" HEIGHT="41" CONTENT="Harvestehude," WC="1.00" CC="3060110206024"/>
						<SP ID="P68_SP00526" HPOS="2893" VPOS="1709" WIDTH="21"/>
						<String ID="P68_ST00603" HPOS="2914" VPOS="1667" WIDTH="66" HEIGHT="36" CONTENT="auf" WC="0.99" CC="030"/>
						<SP ID="P68_SP00527" HPOS="2980" VPOS="1709" WIDTH="15"/>
						<String ID="P68_ST00604" HPOS="2995" VPOS="1667" WIDTH="56" HEIGHT="36" CONTENT="der" WC="0.97" CC="006"/>
						<SP ID="P68_SP00528" HPOS="3051" VPOS="1709" WIDTH="18"/>
						<String ID="P68_ST00605" HPOS="3069" VPOS="1668" WIDTH="224" HEIGHT="40" CONTENT="Uhlenhorst," WC="1.00" CC="00203004304"/>
						<SP ID="P68_SP00529" HPOS="3293" VPOS="1709" WIDTH="22"/>
						<String ID="P68_ST00606" HPOS="3315" VPOS="1668" WIDTH="35" HEIGHT="35" CONTENT="in" WC="0.94" CC="10"/>
					</TextLine>
					<TextLine ID="P68_TL00078" HPOS="2171" VPOS="1721" WIDTH="426" HEIGHT="50">
						<String ID="P68_ST00607" HPOS="2171" VPOS="1721" WIDTH="181" HEIGHT="50" CONTENT="Borgfelde" WC="0.99" CC="420003400"/>
						<SP ID="P68_SP00530" HPOS="2352" VPOS="1771" WIDTH="19"/>
						<String ID="P68_ST00608" HPOS="2371" VPOS="1722" WIDTH="72" HEIGHT="35" CONTENT="und" WC="0.98" CC="600"/>
						<SP ID="P68_SP00531" HPOS="2443" VPOS="1771" WIDTH="15"/>
						<String ID="P68_ST00609" HPOS="2458" VPOS="1724" WIDTH="139" HEIGHT="33" CONTENT="Hamm." WC="0.99" CC="40001"/>
					</TextLine>
					<TextLine ID="P68_TL00079" HPOS="2255" VPOS="1775" WIDTH="1096" HEIGHT="36">
						<String ID="P68_ST00610" HPOS="2255" VPOS="1777" WIDTH="62" HEIGHT="34" CONTENT="Die" WC="0.98" CC="005"/>
						<SP ID="P68_SP00532" HPOS="2317" VPOS="1811" WIDTH="20"/>
						<String ID="P68_ST00611" HPOS="2337" VPOS="1775" WIDTH="132" HEIGHT="36" CONTENT="oberste" WC="0.99" CC="0613004"/>
						<SP ID="P68_SP00533" HPOS="2469" VPOS="1811" WIDTH="19"/>
						<String ID="P68_ST00612" HPOS="2488" VPOS="1776" WIDTH="138" HEIGHT="35" CONTENT="Schicht" WC="0.99" CC="0064260"/>
						<SP ID="P68_SP00534" HPOS="2626" VPOS="1811" WIDTH="19"/>
						<String ID="P68_ST00613" HPOS="2645" VPOS="1776" WIDTH="60" HEIGHT="35" CONTENT="hat" WC="1.00" CC="000"/>
						<SP ID="P68_SP00535" HPOS="2705" VPOS="1811" WIDTH="21"/>
						<String ID="P68_ST00614" HPOS="2726" VPOS="1788" WIDTH="41" HEIGHT="22" CONTENT="an" WC="1.00" CC="00"/>
						<SP ID="P68_SP00536" HPOS="2767" VPOS="1811" WIDTH="22"/>
						<String ID="P68_ST00615" HPOS="2789" VPOS="1775" WIDTH="57" HEIGHT="34" CONTENT="der" WC="0.97" CC="006"/>
						<SP ID="P68_SP00537" HPOS="2846" VPOS="1811" WIDTH="20"/>
						<String ID="P68_ST00616" HPOS="2866" VPOS="1775" WIDTH="236" HEIGHT="36" CONTENT="Gewohnheit" WC="1.00" CC="3600000420"/>
						<SP ID="P68_SP00538" HPOS="3102" VPOS="1811" WIDTH="20"/>
						<String ID="P68_ST00617" HPOS="3122" VPOS="1775" WIDTH="55" HEIGHT="34" CONTENT="des" WC="0.97" CC="043"/>
						<SP ID="P68_SP00539" HPOS="3177" VPOS="1811" WIDTH="17"/>
						<String ID="P68_ST00618" HPOS="3194" VPOS="1775" WIDTH="135" HEIGHT="35" CONTENT="Winter" SUBS_TYPE="HypPart1" SUBS_CONTENT="Winterhauses" WC="0.98" CC="900066"/>
						<HYP HPOS="3329" VPOS="1775" WIDTH="22" CONTENT="-"/>
					</TextLine>
					<TextLine ID="P68_TL00080" HPOS="2171" VPOS="1828" WIDTH="1181" HEIGHT="37">
						<String ID="P68_ST00619" HPOS="2171" VPOS="1830" WIDTH="120" HEIGHT="35" CONTENT="hauses" SUBS_TYPE="HypPart2" SUBS_CONTENT="Winterhauses" WC="0.99" CC="006002"/>
						<SP ID="P68_SP00540" HPOS="2291" VPOS="1865" WIDTH="30"/>
						<String ID="P68_ST00620" HPOS="2321" VPOS="1830" WIDTH="36" HEIGHT="34" CONTENT="in" WC="1.00" CC="00"/>
						<SP ID="P68_SP00541" HPOS="2357" VPOS="1865" WIDTH="30"/>
						<String ID="P68_ST00621" HPOS="2387" VPOS="1830" WIDTH="56" HEIGHT="34" CONTENT="der" WC="1.00" CC="000"/>
						<SP ID="P68_SP00542" HPOS="2443" VPOS="1865" WIDTH="20"/>
						<String ID="P68_ST00622" HPOS="2463" VPOS="1829" WIDTH="95" HEIGHT="36" CONTENT="Stadt" WC="1.00" CC="00000"/>
						<SP ID="P68_SP00543" HPOS="2558" VPOS="1865" WIDTH="26"/>
						<String ID="P68_ST00623" HPOS="2584" VPOS="1828" WIDTH="71" HEIGHT="36" CONTENT="und" WC="0.97" CC="700"/>
						<SP ID="P68_SP00544" HPOS="2655" VPOS="1865" WIDTH="27"/>
						<String ID="P68_ST00624" HPOS="2682" VPOS="1828" WIDTH="55" HEIGHT="36" CONTENT="des" WC="0.99" CC="003"/>
						<SP ID="P68_SP00545" HPOS="2737" VPOS="1865" WIDTH="21"/>
						<String ID="P68_ST00625" HPOS="2758" VPOS="1829" WIDTH="276" HEIGHT="35" CONTENT="Sommerhauses" WC="1.00" CC="000005005204"/>
						<SP ID="P68_SP00546" HPOS="3034" VPOS="1865" WIDTH="23"/>
						<String ID="P68_ST00626" HPOS="3057" VPOS="1830" WIDTH="34" HEIGHT="33" CONTENT="in" WC="0.65" CC="24"/>
						<SP ID="P68_SP00547" HPOS="3091" VPOS="1865" WIDTH="20"/>
						<String ID="P68_ST00627" HPOS="3111" VPOS="1828" WIDTH="58" HEIGHT="35" CONTENT="der" WC="0.96" CC="036"/>
						<SP ID="P68_SP00548" HPOS="3169" VPOS="1865" WIDTH="19"/>
						<String ID="P68_ST00628" HPOS="3188" VPOS="1829" WIDTH="164" HEIGHT="34" CONTENT="nächsten" WC="1.00" CC="00000040"/>
					</TextLine>
					<TextLine ID="P68_TL00081" HPOS="2173" VPOS="1882" WIDTH="1179" HEIGHT="50">
						<String ID="P68_ST00629" HPOS="2173" VPOS="1882" WIDTH="210" HEIGHT="50" CONTENT="Umgebung" WC="0.99" CC="20006500"/>
						<SP ID="P68_SP00549" HPOS="2383" VPOS="1932" WIDTH="31"/>
						<String ID="P68_ST00630" HPOS="2414" VPOS="1883" WIDTH="49" HEIGHT="35" CONTENT="bis" WC="1.00" CC="000"/>
						<SP ID="P68_SP00550" HPOS="2463" VPOS="1932" WIDTH="34"/>
						<String ID="P68_ST00631" HPOS="2497" VPOS="1884" WIDTH="102" HEIGHT="34" CONTENT="heute" WC="0.99" CC="60200"/>
						<SP ID="P68_SP00551" HPOS="2599" VPOS="1932" WIDTH="28"/>
						<String ID="P68_ST00632" HPOS="2627" VPOS="1882" WIDTH="238" HEIGHT="49" CONTENT="festgehalten." WC="1.00" CC="0050010026012"/>
						<SP ID="P68_SP00552" HPOS="2865" VPOS="1932" WIDTH="53"/>
						<String ID="P68_ST00633" HPOS="2918" VPOS="1885" WIDTH="41" HEIGHT="32" CONTENT="Es" WC="0.83" CC="30"/>
						<SP ID="P68_SP00553" HPOS="2959" VPOS="1932" WIDTH="35"/>
						<String ID="P68_ST00634" HPOS="2994" VPOS="1882" WIDTH="73" HEIGHT="49" CONTENT="gibt" WC="0.97" CC="0650"/>
						<SP ID="P68_SP00554" HPOS="3067" VPOS="1932" WIDTH="40"/>
						<String ID="P68_ST00635" HPOS="3107" VPOS="1882" WIDTH="54" HEIGHT="35" CONTENT="ein" WC="0.97" CC="530"/>
						<SP ID="P68_SP00555" HPOS="3161" VPOS="1932" WIDTH="33"/>
						<String ID="P68_ST00636" HPOS="3194" VPOS="1883" WIDTH="136" HEIGHT="34" CONTENT="Winter" SUBS_TYPE="HypPart1" SUBS_CONTENT="Winterhamburg" WC="0.99" CC="000006"/>
						<HYP HPOS="3330" VPOS="1883" WIDTH="22" CONTENT="-"/>
					</TextLine>
					<TextLine ID="P68_TL00082" HPOS="2172" VPOS="1935" WIDTH="1177" HEIGHT="50">
						<String ID="P68_ST00637" HPOS="2172" VPOS="1938" WIDTH="171" HEIGHT="47" CONTENT="hamburg" SUBS_TYPE="HypPart2" SUBS_CONTENT="Winterhamburg" WC="0.99" CC="7000330"/>
						<SP ID="P68_SP00556" HPOS="2343" VPOS="1985" WIDTH="20"/>
						<String ID="P68_ST00638" HPOS="2363" VPOS="1936" WIDTH="74" HEIGHT="36" CONTENT="und" WC="1.00" CC="000"/>
						<SP ID="P68_SP00557" HPOS="2437" VPOS="1985" WIDTH="19"/>
						<String ID="P68_ST00639" HPOS="2456" VPOS="1938" WIDTH="54" HEIGHT="34" CONTENT="ein" WC="0.98" CC="032"/>
						<SP ID="P68_SP00558" HPOS="2510" VPOS="1985" WIDTH="21"/>
						<String ID="P68_ST00640" HPOS="2531" VPOS="1937" WIDTH="336" HEIGHT="48" CONTENT="Sommerhamburg." WC="0.99" CC="05005360006683"/>
						<SP ID="P68_SP00559" HPOS="2867" VPOS="1985" WIDTH="34"/>
						<String ID="P68_ST00641" HPOS="2901" VPOS="1936" WIDTH="114" HEIGHT="35" CONTENT="Dieses" WC="0.99" CC="042304"/>
						<SP ID="P68_SP00560" HPOS="3015" VPOS="1985" WIDTH="22"/>
						<String ID="P68_ST00642" HPOS="3037" VPOS="1935" WIDTH="159" HEIGHT="36" CONTENT="erstreckt" WC="1.00" CC="064000000"/>
						<SP ID="P68_SP00561" HPOS="3196" VPOS="1985" WIDTH="19"/>
						<String ID="P68_ST00643" HPOS="3215" VPOS="1936" WIDTH="73" HEIGHT="35" CONTENT="sich" WC="0.97" CC="4207"/>
						<SP ID="P68_SP00562" HPOS="3288" VPOS="1985" WIDTH="15"/>
						<String ID="P68_ST00644" HPOS="3303" VPOS="1937" WIDTH="46" HEIGHT="34" CONTENT="im" WC="0.33" CC="39"/>
					</TextLine>
					<TextLine ID="P68_TL00083" HPOS="2173" VPOS="1989" WIDTH="1179" HEIGHT="50">
						<String ID="P68_ST00645" HPOS="2173" VPOS="1992" WIDTH="130" HEIGHT="35" CONTENT="weiten" WC="0.99" CC="024000"/>
						<SP ID="P68_SP00563" HPOS="2303" VPOS="2027" WIDTH="20"/>
						<String ID="P68_ST00646" HPOS="2323" VPOS="1993" WIDTH="116" HEIGHT="46" CONTENT="Bogen" WC="0.99" CC="40010"/>
						<SP ID="P68_SP00564" HPOS="2439" VPOS="2039" WIDTH="19"/>
						<String ID="P68_ST00647" HPOS="2458" VPOS="2004" WIDTH="62" HEIGHT="22" CONTENT="um" WC="0.69" CC="60"/>
						<SP ID="P68_SP00565" HPOS="2520" VPOS="2039" WIDTH="20"/>
						<String ID="P68_ST00648" HPOS="2540" VPOS="1991" WIDTH="65" HEIGHT="35" CONTENT="den" WC="1.00" CC="000"/>
						<SP ID="P68_SP00566" HPOS="2605" VPOS="2039" WIDTH="20"/>
						<String ID="P68_ST00649" HPOS="2625" VPOS="1990" WIDTH="92" HEIGHT="35" CONTENT="alten" WC="0.99" CC="04030"/>
						<SP ID="P68_SP00567" HPOS="2717" VPOS="2039" WIDTH="20"/>
						<String ID="P68_ST00650" HPOS="2737" VPOS="1994" WIDTH="100" HEIGHT="31" CONTENT="Kern." WC="0.99" CC="20303"/>
						<SP ID="P68_SP00568" HPOS="2837" VPOS="2039" WIDTH="38"/>
						<String ID="P68_ST00651" HPOS="2875" VPOS="1992" WIDTH="88" HEIGHT="33" CONTENT="Wer" WC="0.98" CC="006"/>
						<SP ID="P68_SP00569" HPOS="2963" VPOS="2039" WIDTH="25"/>
						<String ID="P68_ST00652" HPOS="2988" VPOS="2003" WIDTH="55" HEIGHT="22" CONTENT="am" WC="1.00" CC="00"/>
						<SP ID="P68_SP00570" HPOS="3043" VPOS="2039" WIDTH="21"/>
						<String ID="P68_ST00653" HPOS="3064" VPOS="1991" WIDTH="96" HEIGHT="34" CONTENT="einen" WC="0.98" CC="64000"/>
						<SP ID="P68_SP00571" HPOS="3160" VPOS="2039" WIDTH="20"/>
						<String ID="P68_ST00654" HPOS="3180" VPOS="1989" WIDTH="94" HEIGHT="36" CONTENT="Ende" WC="0.99" CC="6000"/>
						<SP ID="P68_SP00572" HPOS="3274" VPOS="2039" WIDTH="20"/>
						<String ID="P68_ST00655" HPOS="3294" VPOS="1990" WIDTH="58" HEIGHT="35" CONTENT="der" WC="1.00" CC="000"/>
					</TextLine>
					<TextLine ID="P68_TL00084" HPOS="2173" VPOS="2043" WIDTH="1179" HEIGHT="50">
						<String ID="P68_ST00656" HPOS="2173" VPOS="2045" WIDTH="187" HEIGHT="48" CONTENT="Peripherie" WC="0.99" CC="5061060500"/>
						<SP ID="P68_SP00573" HPOS="2360" VPOS="2093" WIDTH="28"/>
						<String ID="P68_ST00657" HPOS="2388" VPOS="2045" WIDTH="56" HEIGHT="34" CONTENT="des" WC="0.98" CC="040"/>
						<SP ID="P68_SP00574" HPOS="2444" VPOS="2093" WIDTH="30"/>
						<String ID="P68_ST00658" HPOS="2474" VPOS="2044" WIDTH="137" HEIGHT="49" CONTENT="grofsen" WC="0.78" CC="0500540"/>
						<SP ID="P68_SP00575" HPOS="2611" VPOS="2093" WIDTH="19"/>
						<String ID="P68_ST00659" HPOS="2630" VPOS="2043" WIDTH="218" HEIGHT="36" CONTENT="Halbkreises" WC="0.99" CC="40463001003"/>
						<SP ID="P68_SP00576" HPOS="2848" VPOS="2093" WIDTH="21"/>
						<String ID="P68_ST00660" HPOS="2869" VPOS="2044" WIDTH="144" HEIGHT="40" CONTENT="wohnt," WC="0.99" CC="027000"/>
						<SP ID="P68_SP00577" HPOS="3013" VPOS="2093" WIDTH="28"/>
						<String ID="P68_ST00661" HPOS="3041" VPOS="2043" WIDTH="61" HEIGHT="35" CONTENT="hat" WC="1.00" CC="000"/>
						<SP ID="P68_SP00578" HPOS="3102" VPOS="2093" WIDTH="24"/>
						<String ID="P68_ST00662" HPOS="3126" VPOS="2044" WIDTH="49" HEIGHT="35" CONTENT="im" WC="0.72" CC="41"/>
						<SP ID="P68_SP00579" HPOS="3175" VPOS="2093" WIDTH="21"/>
						<String ID="P68_ST00663" HPOS="3196" VPOS="2046" WIDTH="156" HEIGHT="32" CONTENT="Sommer" WC="0.99" CC="000016"/>
					</TextLine>
					<TextLine ID="P68_TL00085" HPOS="2173" VPOS="2096" WIDTH="1179" HEIGHT="43">
						<String ID="P68_ST00664" HPOS="2173" VPOS="2108" WIDTH="100" HEIGHT="25" CONTENT="unter" WC="0.98" CC="70026"/>
						<SP ID="P68_SP00580" HPOS="2273" VPOS="2133" WIDTH="14"/>
						<String ID="P68_ST00665" HPOS="2287" VPOS="2098" WIDTH="213" HEIGHT="35" CONTENT="Umständen" WC="1.00" CC="000307020"/>
						<SP ID="P68_SP00581" HPOS="2500" VPOS="2133" WIDTH="17"/>
						<String ID="P68_ST00666" HPOS="2517" VPOS="2097" WIDTH="150" HEIGHT="36" CONTENT="Stunden" WC="1.00" CC="0040030"/>
						<SP ID="P68_SP00582" HPOS="2667" VPOS="2133" WIDTH="21"/>
						<String ID="P68_ST00667" HPOS="2688" VPOS="2111" WIDTH="39" HEIGHT="22" CONTENT="zu" WC="0.86" CC="02"/>
						<SP ID="P68_SP00583" HPOS="2727" VPOS="2133" WIDTH="22"/>
						<String ID="P68_ST00668" HPOS="2749" VPOS="2096" WIDTH="131" HEIGHT="43" CONTENT="fahren," WC="0.98" CC="0905544"/>
						<SP ID="P68_SP00584" HPOS="2880" VPOS="2139" WIDTH="20"/>
						<String ID="P68_ST00669" HPOS="2900" VPOS="2110" WIDTH="105" HEIGHT="23" CONTENT="wenn" WC="0.99" CC="0400"/>
						<SP ID="P68_SP00585" HPOS="3005" VPOS="2139" WIDTH="21"/>
						<String ID="P68_ST00670" HPOS="3026" VPOS="2110" WIDTH="34" HEIGHT="21" CONTENT="er" WC="0.58" CC="16"/>
						<SP ID="P68_SP00586" HPOS="3060" VPOS="2139" WIDTH="15"/>
						<String ID="P68_ST00671" HPOS="3075" VPOS="2096" WIDTH="66" HEIGHT="37" CONTENT="auf" WC="0.98" CC="040"/>
						<SP ID="P68_SP00587" HPOS="3141" VPOS="2139" WIDTH="10"/>
						<String ID="P68_ST00672" HPOS="3151" VPOS="2098" WIDTH="57" HEIGHT="34" CONTENT="der" WC="0.98" CC="040"/>
						<SP ID="P68_SP00588" HPOS="3208" VPOS="2139" WIDTH="17"/>
						<String ID="P68_ST00673" HPOS="3225" VPOS="2097" WIDTH="127" HEIGHT="35" CONTENT="andern" WC="0.99" CC="000363"/>
					</TextLine>
					<TextLine ID="P68_TL00086" HPOS="2173" VPOS="2152" WIDTH="434" HEIGHT="49">
						<String ID="P68_ST00674" HPOS="2173" VPOS="2166" WIDTH="78" HEIGHT="21" CONTENT="zum" WC="0.98" CC="040"/>
						<SP ID="P68_SP00589" HPOS="2251" VPOS="2187" WIDTH="20"/>
						<String ID="P68_ST00675" HPOS="2271" VPOS="2152" WIDTH="104" HEIGHT="35" CONTENT="Diner" WC="0.97" CC="00656"/>
						<SP ID="P68_SP00590" HPOS="2375" VPOS="2187" WIDTH="19"/>
						<String ID="P68_ST00676" HPOS="2394" VPOS="2152" WIDTH="142" HEIGHT="49" CONTENT="geladen" WC="1.00" CC="0000000"/>
						<SP ID="P68_SP00591" HPOS="2536" VPOS="2201" WIDTH="19"/>
						<String ID="P68_ST00677" HPOS="2555" VPOS="2153" WIDTH="52" HEIGHT="35" CONTENT="ist." WC="0.98" CC="4202"/>
					</TextLine>
					<TextLine ID="P68_TL00087" HPOS="2255" VPOS="2202" WIDTH="1097" HEIGHT="50">
						<String ID="P68_ST00678" HPOS="2255" VPOS="2206" WIDTH="64" HEIGHT="34" CONTENT="Die" WC="0.98" CC="031"/>
						<SP ID="P68_SP00592" HPOS="2319" VPOS="2240" WIDTH="19"/>
						<String ID="P68_ST00679" HPOS="2338" VPOS="2204" WIDTH="159" HEIGHT="37" CONTENT="Vorliebe" WC="0.98" CC="43450175"/>
						<SP ID="P68_SP00593" HPOS="2497" VPOS="2241" WIDTH="29"/>
						<String ID="P68_ST00680" HPOS="2526" VPOS="2205" WIDTH="57" HEIGHT="36" CONTENT="der" WC="0.96" CC="055"/>
						<SP ID="P68_SP00594" HPOS="2583" VPOS="2241" WIDTH="29"/>
						<String ID="P68_ST00681" HPOS="2612" VPOS="2203" WIDTH="227" HEIGHT="38" CONTENT="Gesellschaft" WC="1.00" CC="120111107005"/>
						<SP ID="P68_SP00595" HPOS="2839" VPOS="2241" WIDTH="32"/>
						<String ID="P68_ST00682" HPOS="2871" VPOS="2202" WIDTH="57" HEIGHT="37" CONTENT="für" WC="0.98" CC="006"/>
						<SP ID="P68_SP00596" HPOS="2928" VPOS="2241" WIDTH="32"/>
						<String ID="P68_ST00683" HPOS="2960" VPOS="2203" WIDTH="58" HEIGHT="36" CONTENT="das" WC="0.97" CC="090"/>
						<SP ID="P68_SP00597" HPOS="3018" VPOS="2241" WIDTH="30"/>
						<String ID="P68_ST00684" HPOS="3048" VPOS="2204" WIDTH="198" HEIGHT="35" CONTENT="Einzelhaus" WC="0.99" CC="3600200032"/>
						<SP ID="P68_SP00598" HPOS="3246" VPOS="2241" WIDTH="32"/>
						<String ID="P68_ST00685" HPOS="3278" VPOS="2203" WIDTH="74" HEIGHT="49" CONTENT="gibt" WC="0.97" CC="0670"/>
					</TextLine>
					<TextLine ID="P68_TL00088" HPOS="2175" VPOS="2256" WIDTH="1177" HEIGHT="42">
						<String ID="P68_ST00686" HPOS="2175" VPOS="2260" WIDTH="78" HEIGHT="35" CONTENT="dem" WC="1.00" CC="000"/>
						<SP ID="P68_SP00599" HPOS="2253" VPOS="2295" WIDTH="31"/>
						<String ID="P68_ST00687" HPOS="2284" VPOS="2257" WIDTH="225" HEIGHT="38" CONTENT="öffentlichen" WC="0.99" CC="710050341756"/>
						<SP ID="P68_SP00600" HPOS="2509" VPOS="2295" WIDTH="29"/>
						<String ID="P68_ST00688" HPOS="2538" VPOS="2259" WIDTH="113" HEIGHT="35" CONTENT="Leben" WC="0.98" CC="06640"/>
						<SP ID="P68_SP00601" HPOS="2651" VPOS="2295" WIDTH="30"/>
						<String ID="P68_ST00689" HPOS="2681" VPOS="2259" WIDTH="64" HEIGHT="35" CONTENT="den" WC="0.99" CC="010"/>
						<SP ID="P68_SP00602" HPOS="2745" VPOS="2295" WIDTH="32"/>
						<String ID="P68_ST00690" HPOS="2777" VPOS="2258" WIDTH="204" HEIGHT="40" CONTENT="Charakter," WC="0.99" CC="5606050660"/>
						<SP ID="P68_SP00603" HPOS="2981" VPOS="2298" WIDTH="30"/>
						<String ID="P68_ST00691" HPOS="3011" VPOS="2270" WIDTH="80" HEIGHT="22" CONTENT="man" WC="1.00" CC="000"/>
						<SP ID="P68_SP00604" HPOS="3091" VPOS="2298" WIDTH="28"/>
						<String ID="P68_ST00692" HPOS="3119" VPOS="2258" WIDTH="140" HEIGHT="34" CONTENT="möchte" WC="0.99" CC="001600"/>
						<SP ID="P68_SP00605" HPOS="3259" VPOS="2298" WIDTH="26"/>
						<String ID="P68_ST00693" HPOS="3285" VPOS="2256" WIDTH="67" HEIGHT="37" CONTENT="fast" WC="1.00" CC="0000"/>
					</TextLine>
					<TextLine ID="P68_TL00089" HPOS="2175" VPOS="2310" WIDTH="1176" HEIGHT="52">
						<String ID="P68_ST00694" HPOS="2175" VPOS="2326" WIDTH="114" HEIGHT="36" CONTENT="sagen;" WC="0.98" CC="070306"/>
						<SP ID="P68_SP00606" HPOS="2289" VPOS="2362" WIDTH="16"/>
						<String ID="P68_ST00695" HPOS="2305" VPOS="2314" WIDTH="45" HEIGHT="34" CONTENT="sie" WC="0.96" CC="046"/>
						<SP ID="P68_SP00607" HPOS="2350" VPOS="2362" WIDTH="15"/>
						<String ID="P68_ST00696" HPOS="2365" VPOS="2312" WIDTH="111" HEIGHT="37" CONTENT="löscht" WC="1.00" CC="100200"/>
						<SP ID="P68_SP00608" HPOS="2476" VPOS="2362" WIDTH="16"/>
						<String ID="P68_ST00697" HPOS="2492" VPOS="2326" WIDTH="31" HEIGHT="22" CONTENT="es" WC="1.00" CC="00"/>
						<SP ID="P68_SP00609" HPOS="2523" VPOS="2362" WIDTH="17"/>
						<String ID="P68_ST00698" HPOS="2540" VPOS="2326" WIDTH="73" HEIGHT="23" CONTENT="aus." WC="0.97" CC="0654"/>
						<SP ID="P68_SP00610" HPOS="2613" VPOS="2362" WIDTH="32"/>
						<String ID="P68_ST00699" HPOS="2645" VPOS="2315" WIDTH="95" HEIGHT="32" CONTENT="Haus" WC="0.99" CC="5000"/>
						<SP ID="P68_SP00611" HPOS="2740" VPOS="2362" WIDTH="16"/>
						<String ID="P68_ST00700" HPOS="2756" VPOS="2311" WIDTH="72" HEIGHT="36" CONTENT="und" WC="1.00" CC="000"/>
						<SP ID="P68_SP00612" HPOS="2828" VPOS="2362" WIDTH="16"/>
						<String ID="P68_ST00701" HPOS="2844" VPOS="2315" WIDTH="129" HEIGHT="33" CONTENT="Garten" WC="0.99" CC="206050"/>
						<SP ID="P68_SP00613" HPOS="2973" VPOS="2362" WIDTH="14"/>
						<String ID="P68_ST00702" HPOS="2987" VPOS="2310" WIDTH="110" HEIGHT="37" CONTENT="haben" WC="0.99" CC="00620"/>
						<SP ID="P68_SP00614" HPOS="3097" VPOS="2362" WIDTH="17"/>
						<String ID="P68_ST00703" HPOS="3114" VPOS="2312" WIDTH="52" HEIGHT="34" CONTENT="die" WC="0.95" CC="056"/>
						<SP ID="P68_SP00615" HPOS="3166" VPOS="2362" WIDTH="16"/>
						<String ID="P68_ST00704" HPOS="3182" VPOS="2311" WIDTH="169" HEIGHT="41" CONTENT="Tendenz," WC="1.00" CC="00005000"/>
					</TextLine>
					<TextLine ID="P68_TL00090" HPOS="2175" VPOS="2363" WIDTH="1177" HEIGHT="39">
						<String ID="P68_ST00705" HPOS="2175" VPOS="2367" WIDTH="54" HEIGHT="35" CONTENT="die" WC="0.97" CC="042"/>
						<SP ID="P68_SP00616" HPOS="2229" VPOS="2402" WIDTH="29"/>
						<String ID="P68_ST00706" HPOS="2258" VPOS="2366" WIDTH="139" HEIGHT="36" CONTENT="Familie" WC="0.99" CC="6006140"/>
						<SP ID="P68_SP00617" HPOS="2397" VPOS="2402" WIDTH="28"/>
						<String ID="P68_ST00707" HPOS="2425" VPOS="2368" WIDTH="69" HEIGHT="34" CONTENT="wie" WC="0.98" CC="040"/>
						<SP ID="P68_SP00618" HPOS="2494" VPOS="2402" WIDTH="29"/>
						<String ID="P68_ST00708" HPOS="2523" VPOS="2366" WIDTH="65" HEIGHT="35" CONTENT="den" WC="1.00" CC="000"/>
						<SP ID="P68_SP00619" HPOS="2588" VPOS="2402" WIDTH="29"/>
						<String ID="P68_ST00709" HPOS="2617" VPOS="2366" WIDTH="181" HEIGHT="35" CONTENT="Einzelnen" WC="0.99" CC="440203000"/>
						<SP ID="P68_SP00620" HPOS="2798" VPOS="2402" WIDTH="29"/>
						<String ID="P68_ST00710" HPOS="2827" VPOS="2365" WIDTH="56" HEIGHT="36" CONTENT="der" WC="0.96" CC="056"/>
						<SP ID="P68_SP00621" HPOS="2883" VPOS="2402" WIDTH="21"/>
						<String ID="P68_ST00711" HPOS="2904" VPOS="2363" WIDTH="285" HEIGHT="37" CONTENT="Oeffentlichkeit" WC="0.79" CC="016000023071430"/>
						<SP ID="P68_SP00622" HPOS="3189" VPOS="2402" WIDTH="28"/>
						<String ID="P68_ST00712" HPOS="3217" VPOS="2378" WIDTH="40" HEIGHT="22" CONTENT="zu" WC="0.66" CC="06"/>
						<SP ID="P68_SP00623" HPOS="3257" VPOS="2402" WIDTH="21"/>
						<String ID="P68_ST00713" HPOS="3278" VPOS="2375" WIDTH="56" HEIGHT="25" CONTENT="ent" SUBS_TYPE="HypPart1" SUBS_CONTENT="entziehen." WC="0.98" CC="220"/>
						<HYP HPOS="3334" VPOS="2375" WIDTH="18" CONTENT="-"/>
					</TextLine>
					<TextLine ID="P68_TL00091" HPOS="2175" VPOS="2418" WIDTH="1178" HEIGHT="51">
						<String ID="P68_ST00714" HPOS="2175" VPOS="2421" WIDTH="128" HEIGHT="35" CONTENT="ziehen." SUBS_TYPE="HypPart2" SUBS_CONTENT="entziehen." WC="0.98" CC="2526264"/>
						<SP ID="P68_SP00624" HPOS="2303" VPOS="2456" WIDTH="44"/>
						<String ID="P68_ST00715" HPOS="2347" VPOS="2421" WIDTH="103" HEIGHT="34" CONTENT="Nach" WC="0.99" CC="6000"/>
						<SP ID="P68_SP00625" HPOS="2450" VPOS="2456" WIDTH="27"/>
						<String ID="P68_ST00716" HPOS="2477" VPOS="2420" WIDTH="250" HEIGHT="40" CONTENT="Promenaden," WC="0.99" CC="55005000500"/>
						<SP ID="P68_SP00626" HPOS="2727" VPOS="2460" WIDTH="29"/>
						<String ID="P68_ST00717" HPOS="2756" VPOS="2418" WIDTH="182" HEIGHT="51" CONTENT="Stadtpark" WC="0.99" CC="000000963"/>
						<SP ID="P68_SP00627" HPOS="2938" VPOS="2469" WIDTH="28"/>
						<String ID="P68_ST00718" HPOS="2966" VPOS="2419" WIDTH="83" HEIGHT="35" CONTENT="oder" WC="0.99" CC="2030"/>
						<SP ID="P68_SP00628" HPOS="3049" VPOS="2469" WIDTH="27"/>
						<String ID="P68_ST00719" HPOS="3076" VPOS="2422" WIDTH="111" HEIGHT="31" CONTENT="Korso" WC="0.99" CC="00350"/>
						<SP ID="P68_SP00629" HPOS="3187" VPOS="2469" WIDTH="35"/>
						<String ID="P68_ST00720" HPOS="3222" VPOS="2418" WIDTH="131" HEIGHT="36" CONTENT="besteht" WC="0.98" CC="7604400"/>
					</TextLine>
					<TextLine ID="P68_TL00092" HPOS="2176" VPOS="2472" WIDTH="1178" HEIGHT="50">
						<String ID="P68_ST00721" HPOS="2176" VPOS="2474" WIDTH="80" HEIGHT="35" CONTENT="kein" WC="0.98" CC="0620"/>
						<SP ID="P68_SP00630" HPOS="2256" VPOS="2509" WIDTH="20"/>
						<String ID="P68_ST00722" HPOS="2276" VPOS="2473" WIDTH="188" HEIGHT="37" CONTENT="Bedürfnis." WC="0.99" CC="0400660300"/>
						<SP ID="P68_SP00631" HPOS="2464" VPOS="2510" WIDTH="39"/>
						<String ID="P68_ST00723" HPOS="2503" VPOS="2473" WIDTH="183" HEIGHT="49" CONTENT="Hamburg" WC="0.99" CC="3007420"/>
						<SP ID="P68_SP00632" HPOS="2686" VPOS="2522" WIDTH="26"/>
						<String ID="P68_ST00724" HPOS="2712" VPOS="2474" WIDTH="59" HEIGHT="35" CONTENT="hat" WC="0.98" CC="600"/>
						<SP ID="P68_SP00633" HPOS="2771" VPOS="2522" WIDTH="25"/>
						<String ID="P68_ST00725" HPOS="2796" VPOS="2474" WIDTH="123" HEIGHT="34" CONTENT="mitten" WC="0.99" CC="030604"/>
						<SP ID="P68_SP00634" HPOS="2919" VPOS="2522" WIDTH="28"/>
						<String ID="P68_ST00726" HPOS="2947" VPOS="2473" WIDTH="37" HEIGHT="34" CONTENT="in" WC="0.79" CC="40"/>
						<SP ID="P68_SP00635" HPOS="2984" VPOS="2522" WIDTH="29"/>
						<String ID="P68_ST00727" HPOS="3013" VPOS="2473" WIDTH="57" HEIGHT="34" CONTENT="der" WC="0.97" CC="015"/>
						<SP ID="P68_SP00636" HPOS="3070" VPOS="2522" WIDTH="20"/>
						<String ID="P68_ST00728" HPOS="3090" VPOS="2472" WIDTH="95" HEIGHT="35" CONTENT="Stadt" WC="0.99" CC="00900"/>
						<SP ID="P68_SP00637" HPOS="3185" VPOS="2522" WIDTH="20"/>
						<String ID="P68_ST00729" HPOS="3205" VPOS="2472" WIDTH="149" HEIGHT="36" CONTENT="zahllose" WC="0.99" CC="00000056"/>
					</TextLine>
					<TextLine ID="P68_TL00093" HPOS="2176" VPOS="2524" WIDTH="1179" HEIGHT="52">
						<String ID="P68_ST00730" HPOS="2176" VPOS="2527" WIDTH="148" HEIGHT="36" CONTENT="kleinere" WC="0.99" CC="04540360"/>
						<SP ID="P68_SP00638" HPOS="2324" VPOS="2563" WIDTH="19"/>
						<String ID="P68_ST00731" HPOS="2343" VPOS="2528" WIDTH="70" HEIGHT="35" CONTENT="und" WC="1.00" CC="000"/>
						<SP ID="P68_SP00639" HPOS="2413" VPOS="2563" WIDTH="21"/>
						<String ID="P68_ST00732" HPOS="2434" VPOS="2527" WIDTH="148" HEIGHT="49" CONTENT="gröfsere" WC="0.81" CC="05000540"/>
						<SP ID="P68_SP00640" HPOS="2582" VPOS="2576" WIDTH="20"/>
						<String ID="P68_ST00733" HPOS="2602" VPOS="2528" WIDTH="100" HEIGHT="35" CONTENT="Parks" WC="0.99" CC="40600"/>
						<SP ID="P68_SP00641" HPOS="2702" VPOS="2576" WIDTH="20"/>
						<String ID="P68_ST00734" HPOS="2722" VPOS="2526" WIDTH="71" HEIGHT="36" CONTENT="und" WC="0.98" CC="600"/>
						<SP ID="P68_SP00642" HPOS="2793" VPOS="2576" WIDTH="16"/>
						<String ID="P68_ST00735" HPOS="2809" VPOS="2526" WIDTH="289" HEIGHT="41" CONTENT="Wiesenflächen," WC="1.00" CC="02505033006004"/>
						<SP ID="P68_SP00643" HPOS="3098" VPOS="2576" WIDTH="21"/>
						<String ID="P68_ST00736" HPOS="3119" VPOS="2526" WIDTH="77" HEIGHT="35" CONTENT="aber" WC="0.95" CC="6725"/>
						<SP ID="P68_SP00644" HPOS="3196" VPOS="2576" WIDTH="19"/>
						<String ID="P68_ST00737" HPOS="3215" VPOS="2540" WIDTH="32" HEIGHT="21" CONTENT="es" WC="0.81" CC="02"/>
						<SP ID="P68_SP00645" HPOS="3247" VPOS="2576" WIDTH="20"/>
						<String ID="P68_ST00738" HPOS="3267" VPOS="2524" WIDTH="88" HEIGHT="37" CONTENT="fehlt" WC="0.98" CC="04600"/>
					</TextLine>
					<TextLine ID="P68_TL00094" HPOS="2176" VPOS="2580" WIDTH="1177" HEIGHT="50">
						<String ID="P68_ST00739" HPOS="2176" VPOS="2582" WIDTH="56" HEIGHT="35" CONTENT="ein" WC="0.97" CC="350"/>
						<SP ID="P68_SP00646" HPOS="2232" VPOS="2617" WIDTH="11"/>
						<String ID="P68_ST00740" HPOS="2243" VPOS="2581" WIDTH="95" HEIGHT="42" CONTENT="Park," WC="0.99" CC="00610"/>
						<SP ID="P68_SP00647" HPOS="2338" VPOS="2623" WIDTH="21"/>
						<String ID="P68_ST00741" HPOS="2359" VPOS="2583" WIDTH="35" HEIGHT="34" CONTENT="in" WC="1.00" CC="00"/>
						<SP ID="P68_SP00648" HPOS="2394" VPOS="2623" WIDTH="21"/>
						<String ID="P68_ST00742" HPOS="2415" VPOS="2582" WIDTH="76" HEIGHT="35" CONTENT="dem" WC="0.96" CC="450"/>
						<SP ID="P68_SP00649" HPOS="2491" VPOS="2623" WIDTH="17"/>
						<String ID="P68_ST00743" HPOS="2508" VPOS="2582" WIDTH="72" HEIGHT="35" CONTENT="sich" WC="0.97" CC="0447"/>
						<SP ID="P68_SP00650" HPOS="2580" VPOS="2623" WIDTH="15"/>
						<String ID="P68_ST00744" HPOS="2595" VPOS="2581" WIDTH="75" HEIGHT="36" CONTENT="Alle" WC="0.98" CC="0046"/>
						<SP ID="P68_SP00651" HPOS="2670" VPOS="2623" WIDTH="16"/>
						<String ID="P68_ST00745" HPOS="2686" VPOS="2580" WIDTH="183" HEIGHT="49" CONTENT="begegnen." WC="0.99" CC="700200600"/>
						<SP ID="P68_SP00652" HPOS="2869" VPOS="2629" WIDTH="29"/>
						<String ID="P68_ST00746" HPOS="2898" VPOS="2581" WIDTH="65" HEIGHT="34" CONTENT="Die" WC="0.99" CC="020"/>
						<SP ID="P68_SP00653" HPOS="2963" VPOS="2629" WIDTH="14"/>
						<String ID="P68_ST00747" HPOS="2977" VPOS="2581" WIDTH="201" HEIGHT="49" CONTENT="Equipagen" WC="0.99" CC="596500050"/>
						<SP ID="P68_SP00654" HPOS="3178" VPOS="2630" WIDTH="14"/>
						<String ID="P68_ST00748" HPOS="3192" VPOS="2580" WIDTH="161" HEIGHT="49" CONTENT="gehören," WC="0.99" CC="00776000"/>
					</TextLine>
					<TextLine ID="P68_TL00095" HPOS="2176" VPOS="2633" WIDTH="1180" HEIGHT="50">
						<String ID="P68_ST00749" HPOS="2176" VPOS="2636" WIDTH="69" HEIGHT="34" CONTENT="wie" WC="0.97" CC="015"/>
						<SP ID="P68_SP00655" HPOS="2245" VPOS="2670" WIDTH="32"/>
						<String ID="P68_ST00750" HPOS="2277" VPOS="2649" WIDTH="81" HEIGHT="21" CONTENT="man" WC="0.97" CC="070"/>
						<SP ID="P68_SP00656" HPOS="2358" VPOS="2670" WIDTH="36"/>
						<String ID="P68_ST00751" HPOS="2394" VPOS="2636" WIDTH="35" HEIGHT="34" CONTENT="in" WC="0.78" CC="40"/>
						<SP ID="P68_SP00657" HPOS="2429" VPOS="2670" WIDTH="31"/>
						<String ID="P68_ST00752" HPOS="2460" VPOS="2635" WIDTH="183" HEIGHT="48" CONTENT="Hamburg" WC="0.99" CC="4006600"/>
						<SP ID="P68_SP00658" HPOS="2643" VPOS="2683" WIDTH="26"/>
						<String ID="P68_ST00753" HPOS="2669" VPOS="2634" WIDTH="236" HEIGHT="36" CONTENT="übertreibend" WC="1.00" CC="000504120120"/>
						<SP ID="P68_SP00659" HPOS="2905" VPOS="2683" WIDTH="31"/>
						<String ID="P68_ST00754" HPOS="2936" VPOS="2648" WIDTH="41" HEIGHT="21" CONTENT="zu" WC="0.86" CC="02"/>
						<SP ID="P68_SP00660" HPOS="2977" VPOS="2683" WIDTH="32"/>
						<String ID="P68_ST00755" HPOS="3009" VPOS="2648" WIDTH="102" HEIGHT="34" CONTENT="sagen" WC="0.99" CC="00044"/>
						<SP ID="P68_SP00661" HPOS="3111" VPOS="2683" WIDTH="33"/>
						<String ID="P68_ST00756" HPOS="3144" VPOS="2633" WIDTH="121" HEIGHT="50" CONTENT="pflegt," WC="0.99" CC="0337000"/>
						<SP ID="P68_SP00662" HPOS="3265" VPOS="2683" WIDTH="32"/>
						<String ID="P68_ST00757" HPOS="3297" VPOS="2634" WIDTH="59" HEIGHT="35" CONTENT="der" WC="0.97" CC="530"/>
					</TextLine>
					<TextLine ID="P68_TL00096" HPOS="2174" VPOS="2686" WIDTH="1182" HEIGHT="51">
						<String ID="P68_ST00758" HPOS="2174" VPOS="2690" WIDTH="184" HEIGHT="47" CONTENT="Kategorie" WC="1.00" CC="000000600"/>
						<SP ID="P68_SP00663" HPOS="2358" VPOS="2737" WIDTH="16"/>
						<String ID="P68_ST00759" HPOS="2374" VPOS="2688" WIDTH="56" HEIGHT="36" CONTENT="der" WC="0.95" CC="056"/>
						<SP ID="P68_SP00664" HPOS="2430" VPOS="2737" WIDTH="14"/>
						<String ID="P68_ST00760" HPOS="2444" VPOS="2688" WIDTH="280" HEIGHT="36" CONTENT="Lastfuhrwerke" WC="1.00" CC="2000007507500"/>
						<SP ID="P68_SP00665" HPOS="2724" VPOS="2737" WIDTH="13"/>
						<String ID="P68_ST00761" HPOS="2737" VPOS="2702" WIDTH="53" HEIGHT="21" CONTENT="an." WC="0.98" CC="040"/>
						<SP ID="P68_SP00666" HPOS="2790" VPOS="2737" WIDTH="28"/>
						<String ID="P68_ST00762" HPOS="2818" VPOS="2691" WIDTH="87" HEIGHT="32" CONTENT="Wer" WC="0.99" CC="030"/>
						<SP ID="P68_SP00667" HPOS="2905" VPOS="2737" WIDTH="11"/>
						<String ID="P68_ST00763" HPOS="2916" VPOS="2686" WIDTH="178" HEIGHT="37" CONTENT="Aufwand" WC="0.99" CC="0300700"/>
						<SP ID="P68_SP00668" HPOS="3094" VPOS="2737" WIDTH="14"/>
						<String ID="P68_ST00764" HPOS="3108" VPOS="2688" WIDTH="107" HEIGHT="35" CONTENT="damit" WC="1.00" CC="00030"/>
						<SP ID="P68_SP00669" HPOS="3215" VPOS="2737" WIDTH="12"/>
						<String ID="P68_ST00765" HPOS="3227" VPOS="2687" WIDTH="129" HEIGHT="36" CONTENT="treiben" WC="0.99" CC="0603700"/>
					</TextLine>
					<TextLine ID="P68_TL00097" HPOS="2175" VPOS="2741" WIDTH="1182" HEIGHT="50">
						<String ID="P68_ST00766" HPOS="2175" VPOS="2742" WIDTH="135" HEIGHT="42" CONTENT="wollte," WC="1.00" CC="0120004"/>
						<SP ID="P68_SP00670" HPOS="2310" VPOS="2784" WIDTH="21"/>
						<String ID="P68_ST00767" HPOS="2331" VPOS="2743" WIDTH="58" HEIGHT="35" CONTENT="der" WC="0.96" CC="027"/>
						<SP ID="P68_SP00671" HPOS="2389" VPOS="2784" WIDTH="19"/>
						<String ID="P68_ST00768" HPOS="2408" VPOS="2741" WIDTH="104" HEIGHT="37" CONTENT="fände" WC="1.00" CC="00000"/>
						<SP ID="P68_SP00672" HPOS="2512" VPOS="2784" WIDTH="19"/>
						<String ID="P68_ST00769" HPOS="2531" VPOS="2742" WIDTH="99" HEIGHT="35" CONTENT="keine" WC="0.99" CC="00302"/>
						<SP ID="P68_SP00673" HPOS="2630" VPOS="2784" WIDTH="21"/>
						<String ID="P68_ST00770" HPOS="2651" VPOS="2742" WIDTH="233" HEIGHT="49" CONTENT="Gelegenheit," WC="1.00" CC="005100070100"/>
						<SP ID="P68_SP00674" HPOS="2884" VPOS="2791" WIDTH="22"/>
						<String ID="P68_ST00771" HPOS="2906" VPOS="2742" WIDTH="61" HEIGHT="35" CONTENT="ihn" WC="1.00" CC="000"/>
						<SP ID="P68_SP00675" HPOS="2967" VPOS="2791" WIDTH="20"/>
						<String ID="P68_ST00772" HPOS="2987" VPOS="2755" WIDTH="42" HEIGHT="22" CONTENT="zu" WC="0.82" CC="03"/>
						<SP ID="P68_SP00676" HPOS="3029" VPOS="2791" WIDTH="19"/>
						<String ID="P68_ST00773" HPOS="3048" VPOS="2742" WIDTH="126" HEIGHT="49" CONTENT="zeigen." WC="0.99" CC="0320301"/>
						<SP ID="P68_SP00677" HPOS="3174" VPOS="2791" WIDTH="35"/>
						<String ID="P68_ST00774" HPOS="3209" VPOS="2745" WIDTH="56" HEIGHT="32" CONTENT="An" WC="1.00" CC="00"/>
						<SP ID="P68_SP00678" HPOS="3265" VPOS="2791" WIDTH="19"/>
						<String ID="P68_ST00775" HPOS="3284" VPOS="2742" WIDTH="73" HEIGHT="35" CONTENT="ihre" WC="0.97" CC="0066"/>
					</TextLine>
					<TextLine ID="P68_TL00098" HPOS="2176" VPOS="2795" WIDTH="1179" HEIGHT="49">
						<String ID="P68_ST00776" HPOS="2176" VPOS="2796" WIDTH="101" HEIGHT="36" CONTENT="Stelle" WC="1.00" CC="000120"/>
						<SP ID="P68_SP00679" HPOS="2277" VPOS="2832" WIDTH="19"/>
						<String ID="P68_ST00777" HPOS="2296" VPOS="2798" WIDTH="73" HEIGHT="34" CONTENT="tritt" WC="0.98" CC="56000"/>
						<SP ID="P68_SP00680" HPOS="2369" VPOS="2832" WIDTH="20"/>
						<String ID="P68_ST00778" HPOS="2389" VPOS="2796" WIDTH="50" HEIGHT="36" CONTENT="bis" WC="0.94" CC="752"/>
						<SP ID="P68_SP00681" HPOS="2439" VPOS="2832" WIDTH="20"/>
						<String ID="P68_ST00779" HPOS="2459" VPOS="2810" WIDTH="41" HEIGHT="22" CONTENT="zu" WC="0.70" CC="05"/>
						<SP ID="P68_SP00682" HPOS="2500" VPOS="2832" WIDTH="21"/>
						<String ID="P68_ST00780" HPOS="2521" VPOS="2797" WIDTH="111" HEIGHT="34" CONTENT="einem" WC="0.99" CC="23000"/>
						<SP ID="P68_SP00683" HPOS="2632" VPOS="2832" WIDTH="19"/>
						<String ID="P68_ST00781" HPOS="2651" VPOS="2797" WIDTH="167" HEIGHT="47" CONTENT="gewissen" WC="1.00" CC="01030100"/>
						<SP ID="P68_SP00684" HPOS="2818" VPOS="2844" WIDTH="15"/>
						<String ID="P68_ST00782" HPOS="2833" VPOS="2796" WIDTH="112" HEIGHT="36" CONTENT="Grade" WC="0.99" CC="06000"/>
						<SP ID="P68_SP00685" HPOS="2945" VPOS="2844" WIDTH="21"/>
						<String ID="P68_ST00783" HPOS="2966" VPOS="2795" WIDTH="56" HEIGHT="35" CONTENT="der" WC="0.96" CC="026"/>
						<SP ID="P68_SP00686" HPOS="3022" VPOS="2844" WIDTH="16"/>
						<String ID="P68_ST00784" HPOS="3038" VPOS="2798" WIDTH="114" HEIGHT="33" CONTENT="Luxus" WC="0.99" CC="06010"/>
						<SP ID="P68_SP00687" HPOS="3152" VPOS="2844" WIDTH="17"/>
						<String ID="P68_ST00785" HPOS="3169" VPOS="2795" WIDTH="57" HEIGHT="36" CONTENT="der" WC="0.98" CC="005"/>
						<SP ID="P68_SP00688" HPOS="3226" VPOS="2844" WIDTH="15"/>
						<String ID="P68_ST00786" HPOS="3241" VPOS="2795" WIDTH="95" HEIGHT="49" CONTENT="Segel" SUBS_TYPE="HypPart1" SUBS_CONTENT="Segelyacht" WC="0.99" CC="05021"/>
						<HYP HPOS="3336" VPOS="2795" WIDTH="19" CONTENT="-"/>
					</TextLine>
					<TextLine ID="P68_TL00099" HPOS="2175" VPOS="2848" WIDTH="1182" HEIGHT="50">
						<String ID="P68_ST00787" HPOS="2175" VPOS="2851" WIDTH="106" HEIGHT="47" CONTENT="yacht" SUBS_TYPE="HypPart2" SUBS_CONTENT="Segelyacht" WC="0.98" CC="60070"/>
						<SP ID="P68_SP00689" HPOS="2281" VPOS="2898" WIDTH="18"/>
						<String ID="P68_ST00788" HPOS="2299" VPOS="2851" WIDTH="72" HEIGHT="35" CONTENT="und" WC="1.00" CC="000"/>
						<SP ID="P68_SP00690" HPOS="2371" VPOS="2898" WIDTH="21"/>
						<String ID="P68_ST00789" HPOS="2392" VPOS="2851" WIDTH="90" HEIGHT="35" CONTENT="eines" WC="0.98" CC="62004"/>
						<SP ID="P68_SP00691" HPOS="2482" VPOS="2898" WIDTH="21"/>
						<String ID="P68_ST00790" HPOS="2503" VPOS="2850" WIDTH="177" HEIGHT="48" CONTENT="eleganten" WC="1.00" CC="030000010"/>
						<SP ID="P68_SP00692" HPOS="2680" VPOS="2898" WIDTH="19"/>
						<String ID="P68_ST00791" HPOS="2699" VPOS="2848" WIDTH="232" HEIGHT="37" CONTENT="Ruderboots." WC="0.99" CC="54031741013"/>
						<SP ID="P68_SP00693" HPOS="2931" VPOS="2898" WIDTH="38"/>
						<String ID="P68_ST00792" HPOS="2969" VPOS="2851" WIDTH="42" HEIGHT="33" CONTENT="Es" WC="0.78" CC="21"/>
						<SP ID="P68_SP00694" HPOS="3011" VPOS="2898" WIDTH="27"/>
						<String ID="P68_ST00793" HPOS="3038" VPOS="2850" WIDTH="42" HEIGHT="34" CONTENT="ist" WC="0.97" CC="610"/>
						<SP ID="P68_SP00695" HPOS="3080" VPOS="2898" WIDTH="20"/>
						<String ID="P68_ST00794" HPOS="3100" VPOS="2848" WIDTH="56" HEIGHT="36" CONTENT="für" WC="1.00" CC="000"/>
						<SP ID="P68_SP00696" HPOS="3156" VPOS="2898" WIDTH="18"/>
						<String ID="P68_ST00795" HPOS="3174" VPOS="2849" WIDTH="183" HEIGHT="48" CONTENT="Hamburg" WC="1.00" CC="3000000"/>
					</TextLine>
					<TextLine ID="P68_TL00100" HPOS="2176" VPOS="2901" WIDTH="1183" HEIGHT="44">
						<String ID="P68_ST00796" HPOS="2176" VPOS="2902" WIDTH="308" HEIGHT="43" CONTENT="charakteristisch," WC="1.00" CC="07000500342051064"/>
						<SP ID="P68_SP00697" HPOS="2484" VPOS="2945" WIDTH="22"/>
						<String ID="P68_ST00797" HPOS="2506" VPOS="2904" WIDTH="72" HEIGHT="35" CONTENT="dafs" WC="0.57" CC="0970"/>
						<SP ID="P68_SP00698" HPOS="2578" VPOS="2945" WIDTH="16"/>
						<String ID="P68_ST00798" HPOS="2594" VPOS="2903" WIDTH="199" HEIGHT="35" CONTENT="abendliche" WC="1.00" CC="0030040300"/>
						<SP ID="P68_SP00699" HPOS="2793" VPOS="2945" WIDTH="14"/>
						<String ID="P68_ST00799" HPOS="2807" VPOS="2901" WIDTH="333" HEIGHT="37" CONTENT="Zusammenkünfte" WC="1.00" CC="37400050400000"/>
						<SP ID="P68_SP00700" HPOS="3140" VPOS="2945" WIDTH="15"/>
						<String ID="P68_ST00800" HPOS="3155" VPOS="2903" WIDTH="58" HEIGHT="35" CONTENT="der" WC="0.97" CC="035"/>
						<SP ID="P68_SP00701" HPOS="3213" VPOS="2945" WIDTH="17"/>
						<String ID="P68_ST00801" HPOS="3230" VPOS="2903" WIDTH="111" HEIGHT="35" CONTENT="Gesell" SUBS_TYPE="HypPart1" SUBS_CONTENT="Gesellschaft" WC="0.98" CC="302453"/>
						<HYP HPOS="3341" VPOS="2903" WIDTH="18" CONTENT="-"/>
					</TextLine>
					<TextLine ID="P68_TL00101" HPOS="2176" VPOS="2955" WIDTH="1182" HEIGHT="43">
						<String ID="P68_ST00802" HPOS="2176" VPOS="2956" WIDTH="111" HEIGHT="37" CONTENT="schaft" SUBS_TYPE="HypPart2" SUBS_CONTENT="Gesellschaft" WC="0.99" CC="007000"/>
						<SP ID="P68_SP00702" HPOS="2287" VPOS="2993" WIDTH="15"/>
						<String ID="P68_ST00803" HPOS="2302" VPOS="2958" WIDTH="47" HEIGHT="34" CONTENT="im" WC="0.88" CC="20"/>
						<SP ID="P68_SP00703" HPOS="2349" VPOS="2993" WIDTH="15"/>
						<String ID="P68_ST00804" HPOS="2364" VPOS="2959" WIDTH="114" HEIGHT="34" CONTENT="Freien" WC="0.98" CC="405450"/>
						<SP ID="P68_SP00704" HPOS="2478" VPOS="2993" WIDTH="14"/>
						<String ID="P68_ST00805" HPOS="2492" VPOS="2971" WIDTH="66" HEIGHT="22" CONTENT="nur" WC="0.95" CC="076"/>
						<SP ID="P68_SP00705" HPOS="2558" VPOS="2993" WIDTH="20"/>
						<String ID="P68_ST00806" HPOS="2578" VPOS="2971" WIDTH="40" HEIGHT="21" CONTENT="zu" WC="1.00" CC="00"/>
						<SP ID="P68_SP00706" HPOS="2618" VPOS="2993" WIDTH="9"/>
						<String ID="P68_ST00807" HPOS="2627" VPOS="2959" WIDTH="139" HEIGHT="33" CONTENT="Wasser" WC="1.00" CC="000040"/>
						<SP ID="P68_SP00707" HPOS="2766" VPOS="2993" WIDTH="16"/>
						<String ID="P68_ST00808" HPOS="2782" VPOS="2956" WIDTH="208" HEIGHT="42" CONTENT="stattfinden," WC="1.00" CC="000003370044"/>
						<SP ID="P68_SP00708" HPOS="2990" VPOS="2998" WIDTH="22"/>
						<String ID="P68_ST00809" HPOS="3012" VPOS="2956" WIDTH="88" HEIGHT="36" CONTENT="beim" WC="0.98" CC="5030"/>
						<SP ID="P68_SP00709" HPOS="3100" VPOS="2998" WIDTH="12"/>
						<String ID="P68_ST00810" HPOS="3112" VPOS="2955" WIDTH="246" HEIGHT="37" CONTENT="Wasserkorso" WC="1.00" CC="00001400430"/>
					</TextLine>
					<TextLine ID="P68_TL00102" HPOS="2177" VPOS="3010" WIDTH="1182" HEIGHT="47">
						<String ID="P68_ST00811" HPOS="2177" VPOS="3025" WIDTH="61" HEIGHT="22" CONTENT="vor" WC="0.97" CC="026"/>
						<SP ID="P68_SP00710" HPOS="2238" VPOS="3047" WIDTH="17"/>
						<String ID="P68_ST00812" HPOS="2255" VPOS="3011" WIDTH="76" HEIGHT="35" CONTENT="dem" WC="0.99" CC="030"/>
						<SP ID="P68_SP00711" HPOS="2331" VPOS="3047" WIDTH="19"/>
						<String ID="P68_ST00813" HPOS="2350" VPOS="3012" WIDTH="171" HEIGHT="35" CONTENT="Fährhaus" WC="0.98" CC="60676050"/>
						<SP ID="P68_SP00712" HPOS="2521" VPOS="3047" WIDTH="21"/>
						<String ID="P68_ST00814" HPOS="2542" VPOS="3010" WIDTH="66" HEIGHT="36" CONTENT="auf" WC="0.97" CC="007"/>
						<SP ID="P68_SP00713" HPOS="2608" VPOS="3047" WIDTH="14"/>
						<String ID="P68_ST00815" HPOS="2622" VPOS="3010" WIDTH="57" HEIGHT="36" CONTENT="der" WC="0.98" CC="005"/>
						<SP ID="P68_SP00714" HPOS="2679" VPOS="3047" WIDTH="21"/>
						<String ID="P68_ST00816" HPOS="2700" VPOS="3011" WIDTH="220" HEIGHT="35" CONTENT="Uhlenhorst." WC="0.99" CC="46303035400"/>
						<SP ID="P68_SP00715" HPOS="2920" VPOS="3047" WIDTH="19"/>
						<String ID="P68_ST00817" HPOS="2939" VPOS="3010" WIDTH="103" HEIGHT="47" CONTENT="Jeden" WC="1.00" CC="30000"/>
						<SP ID="P68_SP00716" HPOS="3042" VPOS="3057" WIDTH="11"/>
						<String ID="P68_ST00818" HPOS="3053" VPOS="3010" WIDTH="120" HEIGHT="35" CONTENT="Abend" WC="0.99" CC="06000"/>
						<SP ID="P68_SP00717" HPOS="3173" VPOS="3057" WIDTH="19"/>
						<String ID="P68_ST00819" HPOS="3192" VPOS="3010" WIDTH="167" HEIGHT="35" CONTENT="kommen" WC="1.00" CC="100000"/>
					</TextLine>
					<TextLine ID="P68_TL00103" HPOS="2178" VPOS="3064" WIDTH="1178" HEIGHT="48">
						<String ID="P68_ST00820" HPOS="2178" VPOS="3065" WIDTH="77" HEIGHT="35" CONTENT="dort" WC="1.00" CC="0000"/>
						<SP ID="P68_SP00718" HPOS="2255" VPOS="3100" WIDTH="27"/>
						<String ID="P68_ST00821" HPOS="2282" VPOS="3065" WIDTH="36" HEIGHT="35" CONTENT="in" WC="0.84" CC="30"/>
						<SP ID="P68_SP00719" HPOS="2318" VPOS="3100" WIDTH="28"/>
						<String ID="P68_ST00822" HPOS="2346" VPOS="3065" WIDTH="64" HEIGHT="35" CONTENT="den" WC="1.00" CC="010"/>
						<SP ID="P68_SP00720" HPOS="2410" VPOS="3100" WIDTH="28"/>
						<String ID="P68_ST00823" HPOS="2438" VPOS="3069" WIDTH="320" HEIGHT="31" CONTENT="Sommermonaten" WC="1.00" CC="0000360000060"/>
						<SP ID="P68_SP00721" HPOS="2758" VPOS="3100" WIDTH="26"/>
						<String ID="P68_ST00824" HPOS="2784" VPOS="3064" WIDTH="54" HEIGHT="35" CONTENT="die" WC="0.99" CC="003"/>
						<SP ID="P68_SP00722" HPOS="2838" VPOS="3100" WIDTH="31"/>
						<String ID="P68_ST00825" HPOS="2869" VPOS="3067" WIDTH="134" HEIGHT="32" CONTENT="Damen" WC="0.99" CC="30030"/>
						<SP ID="P68_SP00723" HPOS="3003" VPOS="3100" WIDTH="33"/>
						<String ID="P68_ST00826" HPOS="3036" VPOS="3064" WIDTH="57" HEIGHT="35" CONTENT="der" WC="0.97" CC="024"/>
						<SP ID="P68_SP00724" HPOS="3093" VPOS="3100" WIDTH="24"/>
						<String ID="P68_ST00827" HPOS="3117" VPOS="3064" WIDTH="239" HEIGHT="48" CONTENT="umliegenden" WC="0.99" CC="70100017005"/>
					</TextLine>
					<TextLine ID="P68_TL00104" HPOS="2178" VPOS="3116" WIDTH="1178" HEIGHT="52">
						<String ID="P68_ST00828" HPOS="2178" VPOS="3119" WIDTH="256" HEIGHT="49" CONTENT="Villengelände" WC="1.00" CC="0233200520601"/>
						<SP ID="P68_SP00725" HPOS="2434" VPOS="3168" WIDTH="20"/>
						<String ID="P68_ST00829" HPOS="2454" VPOS="3119" WIDTH="36" HEIGHT="35" CONTENT="in" WC="0.75" CC="50"/>
						<SP ID="P68_SP00726" HPOS="2490" VPOS="3168" WIDTH="19"/>
						<String ID="P68_ST00830" HPOS="2509" VPOS="3119" WIDTH="95" HEIGHT="35" CONTENT="ihren" WC="0.98" CC="46000"/>
						<SP ID="P68_SP00727" HPOS="2604" VPOS="3168" WIDTH="17"/>
						<String ID="P68_ST00831" HPOS="2621" VPOS="3118" WIDTH="181" HEIGHT="36" CONTENT="zierlichen" WC="1.00" CC="0420041000"/>
						<SP ID="P68_SP00728" HPOS="2802" VPOS="3168" WIDTH="20"/>
						<String ID="P68_ST00832" HPOS="2822" VPOS="3121" WIDTH="108" HEIGHT="32" CONTENT="Böten" WC="0.98" CC="37000"/>
						<SP ID="P68_SP00729" HPOS="2930" VPOS="3168" WIDTH="19"/>
						<String ID="P68_ST00833" HPOS="2949" VPOS="3131" WIDTH="207" HEIGHT="27" CONTENT="zusammen," WC="1.00" CC="060000004"/>
						<SP ID="P68_SP00730" HPOS="3156" VPOS="3168" WIDTH="16"/>
						<String ID="P68_ST00834" HPOS="3172" VPOS="3116" WIDTH="55" HEIGHT="36" CONTENT="oft" WC="0.99" CC="003"/>
						<SP ID="P68_SP00731" HPOS="3227" VPOS="3168" WIDTH="19"/>
						<String ID="P68_ST00835" HPOS="3246" VPOS="3117" WIDTH="110" HEIGHT="47" CONTENT="liegen" WC="0.99" CC="034000"/>
					</TextLine>
					<TextLine ID="P68_TL00105" HPOS="2178" VPOS="3170" WIDTH="1177" HEIGHT="50">
						<String ID="P68_ST00836" HPOS="2178" VPOS="3172" WIDTH="78" HEIGHT="36" CONTENT="dort" WC="0.98" CC="0350"/>
						<SP ID="P68_SP00732" HPOS="2256" VPOS="3208" WIDTH="15"/>
						<String ID="P68_ST00837" HPOS="2271" VPOS="3173" WIDTH="168" HEIGHT="35" CONTENT="hunderte" WC="0.99" CC="06002500"/>
						<SP ID="P68_SP00733" HPOS="2439" VPOS="3208" WIDTH="11"/>
						<String ID="P68_ST00838" HPOS="2450" VPOS="3186" WIDTH="69" HEIGHT="22" CONTENT="von" WC="1.00" CC="000"/>
						<SP ID="P68_SP00734" HPOS="2519" VPOS="3208" WIDTH="15"/>
						<String ID="P68_ST00839" HPOS="2534" VPOS="3173" WIDTH="211" HEIGHT="47" CONTENT="Fahrzeugen" WC="1.00" CC="6000103020"/>
						<SP ID="P68_SP00735" HPOS="2745" VPOS="3220" WIDTH="11"/>
						<String ID="P68_ST00840" HPOS="2756" VPOS="3171" WIDTH="168" HEIGHT="37" CONTENT="während" WC="0.99" CC="0005200"/>
						<SP ID="P68_SP00736" HPOS="2924" VPOS="3220" WIDTH="16"/>
						<String ID="P68_ST00841" HPOS="2940" VPOS="3172" WIDTH="54" HEIGHT="34" CONTENT="die" WC="1.00" CC="000"/>
						<SP ID="P68_SP00737" HPOS="2994" VPOS="3220" WIDTH="15"/>
						<String ID="P68_ST00842" HPOS="3009" VPOS="3171" WIDTH="196" HEIGHT="35" CONTENT="männliche" WC="1.00" CC="000034000"/>
						<SP ID="P68_SP00738" HPOS="3205" VPOS="3220" WIDTH="8"/>
						<String ID="P68_ST00843" HPOS="3213" VPOS="3170" WIDTH="142" HEIGHT="47" CONTENT="Jugend," WC="0.99" CC="0605000"/>
					</TextLine>
					<TextLine ID="P68_TL00106" HPOS="2178" VPOS="3222" WIDTH="1179" HEIGHT="53">
						<String ID="P68_ST00844" HPOS="2178" VPOS="3225" WIDTH="54" HEIGHT="36" CONTENT="die" WC="1.00" CC="001"/>
						<SP ID="P68_SP00739" HPOS="2232" VPOS="3261" WIDTH="11"/>
						<String ID="P68_ST00845" HPOS="2243" VPOS="3226" WIDTH="71" HEIGHT="36" CONTENT="sich" WC="0.99" CC="0300"/>
						<SP ID="P68_SP00740" HPOS="2314" VPOS="3262" WIDTH="11"/>
						<String ID="P68_ST00846" HPOS="2325" VPOS="3225" WIDTH="56" HEIGHT="37" CONTENT="für" WC="0.95" CC="706"/>
						<SP ID="P68_SP00741" HPOS="2381" VPOS="3262" WIDTH="10"/>
						<String ID="P68_ST00847" HPOS="2391" VPOS="3227" WIDTH="55" HEIGHT="35" CONTENT="die" WC="0.99" CC="030"/>
						<SP ID="P68_SP00742" HPOS="2446" VPOS="3262" WIDTH="8"/>
						<String ID="P68_ST00848" HPOS="2454" VPOS="3229" WIDTH="144" HEIGHT="46" CONTENT="Regatta" WC="1.00" CC="4300000"/>
						<SP ID="P68_SP00743" HPOS="2598" VPOS="3275" WIDTH="12"/>
						<String ID="P68_ST00849" HPOS="2610" VPOS="3227" WIDTH="163" HEIGHT="40" CONTENT="trainiert," WC="0.99" CC="0674061300"/>
						<SP ID="P68_SP00744" HPOS="2773" VPOS="3275" WIDTH="10"/>
						<String ID="P68_ST00850" HPOS="2783" VPOS="3227" WIDTH="34" HEIGHT="33" CONTENT="in" WC="0.83" CC="30"/>
						<SP ID="P68_SP00745" HPOS="2817" VPOS="3275" WIDTH="12"/>
						<String ID="P68_ST00851" HPOS="2829" VPOS="3226" WIDTH="122" HEIGHT="47" CONTENT="langen" WC="0.99" CC="390000"/>
						<SP ID="P68_SP00746" HPOS="2951" VPOS="3275" WIDTH="11"/>
						<String ID="P68_ST00852" HPOS="2962" VPOS="3224" WIDTH="221" HEIGHT="36" CONTENT="Ruderböten" WC="0.99" CC="0300677000"/>
						<SP ID="P68_SP00747" HPOS="3183" VPOS="3275" WIDTH="11"/>
						<String ID="P68_ST00853" HPOS="3194" VPOS="3222" WIDTH="143" HEIGHT="36" CONTENT="vorüber" SUBS_TYPE="HypPart1" SUBS_CONTENT="vorüberschiefst" WC="0.99" CC="0360000"/>
						<HYP HPOS="3337" VPOS="3222" WIDTH="20" CONTENT="-"/>
					</TextLine>
					<TextLine ID="P68_TL00107" HPOS="2178" VPOS="3278" WIDTH="1178" HEIGHT="49">
						<String ID="P68_ST00854" HPOS="2178" VPOS="3280" WIDTH="138" HEIGHT="36" CONTENT="schiefst" SUBS_TYPE="HypPart2" SUBS_CONTENT="vorüberschiefst" WC="0.99" CC="00640002"/>
						<SP ID="P68_SP00748" HPOS="2316" VPOS="3316" WIDTH="15"/>
						<String ID="P68_ST00855" HPOS="2331" VPOS="3281" WIDTH="82" HEIGHT="35" CONTENT="oder" WC="1.00" CC="0000"/>
						<SP ID="P68_SP00749" HPOS="2413" VPOS="3316" WIDTH="17"/>
						<String ID="P68_ST00856" HPOS="2430" VPOS="3294" WIDTH="32" HEIGHT="22" CONTENT="es" WC="0.76" CC="40"/>
						<SP ID="P68_SP00750" HPOS="2462" VPOS="3316" WIDTH="16"/>
						<String ID="P68_ST00857" HPOS="2478" VPOS="3281" WIDTH="71" HEIGHT="35" CONTENT="sich" WC="1.00" CC="0000"/>
						<SP ID="P68_SP00751" HPOS="2549" VPOS="3316" WIDTH="16"/>
						<String ID="P68_ST00858" HPOS="2565" VPOS="3289" WIDTH="99" HEIGHT="25" CONTENT="unter" WC="0.98" CC="65006"/>
						<SP ID="P68_SP00752" HPOS="2664" VPOS="3316" WIDTH="15"/>
						<String ID="P68_ST00859" HPOS="2679" VPOS="3280" WIDTH="66" HEIGHT="34" CONTENT="den" WC="1.00" CC="000"/>
						<SP ID="P68_SP00753" HPOS="2745" VPOS="3316" WIDTH="14"/>
						<String ID="P68_ST00860" HPOS="2759" VPOS="3278" WIDTH="145" HEIGHT="37" CONTENT="weifsen" WC="0.88" CC="0000060"/>
						<SP ID="P68_SP00754" HPOS="2904" VPOS="3316" WIDTH="11"/>
						<String ID="P68_ST00861" HPOS="2915" VPOS="3278" WIDTH="118" HEIGHT="49" CONTENT="Segeln" WC="0.99" CC="060430"/>
						<SP ID="P68_SP00755" HPOS="3033" VPOS="3327" WIDTH="16"/>
						<String ID="P68_ST00862" HPOS="3049" VPOS="3278" WIDTH="57" HEIGHT="34" CONTENT="der" WC="0.98" CC="040"/>
						<SP ID="P68_SP00756" HPOS="3106" VPOS="3327" WIDTH="20"/>
						<String ID="P68_ST00863" HPOS="3126" VPOS="3278" WIDTH="153" HEIGHT="47" CONTENT="langsam" WC="0.99" CC="2060090"/>
						<SP ID="P68_SP00757" HPOS="3279" VPOS="3327" WIDTH="16"/>
						<String ID="P68_ST00864" HPOS="3295" VPOS="3290" WIDTH="61" HEIGHT="21" CONTENT="vor" WC="0.97" CC="007"/>
					</TextLine>
					<TextLine ID="P68_TL00108" HPOS="2179" VPOS="3330" WIDTH="1179" HEIGHT="50">
						<String ID="P68_ST00865" HPOS="2179" VPOS="3333" WIDTH="66" HEIGHT="35" CONTENT="den" WC="1.00" CC="000"/>
						<SP ID="P68_SP00758" HPOS="2245" VPOS="3368" WIDTH="17"/>
						<String ID="P68_ST00866" HPOS="2262" VPOS="3337" WIDTH="241" HEIGHT="32" CONTENT="Baummassen" WC="1.00" CC="0060000360"/>
						<SP ID="P68_SP00759" HPOS="2503" VPOS="3369" WIDTH="20"/>
						<String ID="P68_ST00867" HPOS="2523" VPOS="3333" WIDTH="57" HEIGHT="35" CONTENT="der" WC="0.97" CC="035"/>
						<SP ID="P68_SP00760" HPOS="2580" VPOS="3369" WIDTH="13"/>
						<String ID="P68_ST00868" HPOS="2593" VPOS="3332" WIDTH="82" HEIGHT="36" CONTENT="Ufer" WC="0.99" CC="5000"/>
						<SP ID="P68_SP00761" HPOS="2675" VPOS="3369" WIDTH="15"/>
						<String ID="P68_ST00869" HPOS="2690" VPOS="3332" WIDTH="298" HEIGHT="48" CONTENT="dahingleitenden" WC="1.00" CC="090420333020000"/>
						<SP ID="P68_SP00762" HPOS="2988" VPOS="3380" WIDTH="15"/>
						<String ID="P68_ST00870" HPOS="3003" VPOS="3333" WIDTH="120" HEIGHT="33" CONTENT="Kutter" WC="0.98" CC="460006"/>
						<SP ID="P68_SP00763" HPOS="3123" VPOS="3380" WIDTH="15"/>
						<String ID="P68_ST00871" HPOS="3138" VPOS="3330" WIDTH="145" HEIGHT="49" CONTENT="bequem" WC="0.98" CC="409610"/>
						<SP ID="P68_SP00764" HPOS="3283" VPOS="3380" WIDTH="14"/>
						<String ID="P68_ST00872" HPOS="3297" VPOS="3343" WIDTH="41" HEIGHT="35" CONTENT="ge" SUBS_TYPE="HypPart1" SUBS_CONTENT="gemacht" WC="0.99" CC="00"/>
						<HYP HPOS="3338" VPOS="3343" WIDTH="20" CONTENT="-"/>
					</TextLine>
					<TextLine ID="P68_TL00109" HPOS="2178" VPOS="3382" WIDTH="1180" HEIGHT="53">
						<String ID="P68_ST00873" HPOS="2178" VPOS="3389" WIDTH="118" HEIGHT="34" CONTENT="macht" SUBS_TYPE="HypPart2" SUBS_CONTENT="gemacht" WC="0.99" CC="00070"/>
						<SP ID="P68_SP00765" HPOS="2296" VPOS="3423" WIDTH="15"/>
						<String ID="P68_ST00874" HPOS="2311" VPOS="3389" WIDTH="70" HEIGHT="34" CONTENT="hat." WC="0.98" CC="0700"/>
						<SP ID="P68_SP00766" HPOS="2381" VPOS="3423" WIDTH="26"/>
						<String ID="P68_ST00875" HPOS="2407" VPOS="3391" WIDTH="68" HEIGHT="32" CONTENT="Der" WC="0.97" CC="006"/>
						<SP ID="P68_SP00767" HPOS="2475" VPOS="3423" WIDTH="15"/>
						<String ID="P68_ST00876" HPOS="2490" VPOS="3387" WIDTH="229" HEIGHT="48" CONTENT="Zoologische" WC="0.99" CC="00500046603"/>
						<SP ID="P68_SP00768" HPOS="2719" VPOS="3435" WIDTH="12"/>
						<String ID="P68_ST00877" HPOS="2731" VPOS="3389" WIDTH="127" HEIGHT="32" CONTENT="Garten" WC="1.00" CC="006000"/>
						<SP ID="P68_SP00769" HPOS="2858" VPOS="3435" WIDTH="16"/>
						<String ID="P68_ST00878" HPOS="2874" VPOS="3385" WIDTH="88" HEIGHT="35" CONTENT="wird" WC="0.96" CC="0456"/>
						<SP ID="P68_SP00770" HPOS="2962" VPOS="3435" WIDTH="17"/>
						<String ID="P68_ST00879" HPOS="2979" VPOS="3398" WIDTH="69" HEIGHT="21" CONTENT="von" WC="0.98" CC="005"/>
						<SP ID="P68_SP00771" HPOS="3048" VPOS="3435" WIDTH="16"/>
						<String ID="P68_ST00880" HPOS="3064" VPOS="3384" WIDTH="58" HEIGHT="35" CONTENT="der" WC="0.98" CC="004"/>
						<SP ID="P68_SP00772" HPOS="3122" VPOS="3435" WIDTH="11"/>
						<String ID="P68_ST00881" HPOS="3133" VPOS="3382" WIDTH="225" HEIGHT="37" CONTENT="Gesellschaft" WC="1.00" CC="204040100000"/>
					</TextLine>
					<TextLine ID="P68_TL00110" HPOS="2179" VPOS="3437" WIDTH="1179" HEIGHT="53">
						<String ID="P68_ST00882" HPOS="2179" VPOS="3454" WIDTH="64" HEIGHT="22" CONTENT="nur" WC="0.95" CC="056"/>
						<SP ID="P68_SP00773" HPOS="2243" VPOS="3476" WIDTH="33"/>
						<String ID="P68_ST00883" HPOS="2276" VPOS="3443" WIDTH="135" HEIGHT="47" CONTENT="wenig," WC="0.99" CC="006600"/>
						<SP ID="P68_SP00774" HPOS="2411" VPOS="3490" WIDTH="29"/>
						<String ID="P68_ST00884" HPOS="2440" VPOS="3441" WIDTH="53" HEIGHT="35" CONTENT="die" WC="0.99" CC="030"/>
						<SP ID="P68_SP00775" HPOS="2493" VPOS="3490" WIDTH="33"/>
						<String ID="P68_ST00885" HPOS="2526" VPOS="3441" WIDTH="163" HEIGHT="49" CONTENT="populäre" WC="0.99" CC="00055064"/>
						<SP ID="P68_SP00776" HPOS="2689" VPOS="3490" WIDTH="35"/>
						<String ID="P68_ST00886" HPOS="2724" VPOS="3438" WIDTH="341" HEIGHT="48" CONTENT="Vergnügungsstadt" WC="1.00" CC="0207509060000000"/>
						<SP ID="P68_SP00777" HPOS="3065" VPOS="3490" WIDTH="34"/>
						<String ID="P68_ST00887" HPOS="3099" VPOS="3439" WIDTH="46" HEIGHT="33" CONTENT="St." WC="0.99" CC="002"/>
						<SP ID="P68_SP00778" HPOS="3145" VPOS="3490" WIDTH="32"/>
						<String ID="P68_ST00888" HPOS="3177" VPOS="3437" WIDTH="97" HEIGHT="35" CONTENT="Pauli" WC="0.97" CC="40727"/>
						<SP ID="P68_SP00779" HPOS="3274" VPOS="3490" WIDTH="27"/>
						<String ID="P68_ST00889" HPOS="3301" VPOS="3438" WIDTH="57" HEIGHT="34" CONTENT="nie" WC="0.98" CC="400"/>
					</TextLine>
					<TextLine ID="P68_TL00111" HPOS="2179" VPOS="3494" WIDTH="153" HEIGHT="36">
						<String ID="P68_ST00890" HPOS="2179" VPOS="3494" WIDTH="153" HEIGHT="36" CONTENT="besucht." WC="0.98" CC="60453063"/>
					</TextLine>
					<TextLine ID="P68_TL00112" HPOS="2260" VPOS="3544" WIDTH="1098" HEIGHT="52">
						<String ID="P68_ST00891" HPOS="2260" VPOS="3548" WIDTH="92" HEIGHT="35" CONTENT="Alles" WC="0.99" CC="02110"/>
						<SP ID="P68_SP00780" HPOS="2352" VPOS="3583" WIDTH="20"/>
						<String ID="P68_ST00892" HPOS="2372" VPOS="3547" WIDTH="110" HEIGHT="36" CONTENT="Leben" WC="0.97" CC="10756"/>
						<SP ID="P68_SP00781" HPOS="2482" VPOS="3583" WIDTH="21"/>
						<String ID="P68_ST00893" HPOS="2503" VPOS="3547" WIDTH="97" HEIGHT="49" CONTENT="spielt" WC="0.99" CC="101500"/>
						<SP ID="P68_SP00782" HPOS="2600" VPOS="3596" WIDTH="20"/>
						<String ID="P68_ST00894" HPOS="2620" VPOS="3547" WIDTH="71" HEIGHT="34" CONTENT="sich" WC="0.97" CC="0617"/>
						<SP ID="P68_SP00783" HPOS="2691" VPOS="3596" WIDTH="20"/>
						<String ID="P68_ST00895" HPOS="2711" VPOS="3547" WIDTH="35" HEIGHT="33" CONTENT="in" WC="0.85" CC="20"/>
						<SP ID="P68_SP00784" HPOS="2746" VPOS="3596" WIDTH="18"/>
						<String ID="P68_ST00896" HPOS="2764" VPOS="3547" WIDTH="96" HEIGHT="33" CONTENT="Haus" WC="0.99" CC="3020"/>
						<SP ID="P68_SP00785" HPOS="2860" VPOS="3596" WIDTH="29"/>
						<String ID="P68_ST00897" HPOS="2889" VPOS="3544" WIDTH="72" HEIGHT="35" CONTENT="und" WC="1.00" CC="000"/>
						<SP ID="P68_SP00786" HPOS="2961" VPOS="3596" WIDTH="21"/>
						<String ID="P68_ST00898" HPOS="2982" VPOS="3547" WIDTH="126" HEIGHT="33" CONTENT="Garten" WC="0.98" CC="096006"/>
						<SP ID="P68_SP00787" HPOS="3108" VPOS="3596" WIDTH="22"/>
						<String ID="P68_ST00899" HPOS="3130" VPOS="3544" WIDTH="53" HEIGHT="36" CONTENT="ab." WC="0.96" CC="073"/>
						<SP ID="P68_SP00788" HPOS="3183" VPOS="3596" WIDTH="39"/>
						<String ID="P68_ST00900" HPOS="3222" VPOS="3547" WIDTH="40" HEIGHT="32" CONTENT="Es" WC="0.66" CC="42"/>
						<SP ID="P68_SP00789" HPOS="3262" VPOS="3596" WIDTH="23"/>
						<String ID="P68_ST00901" HPOS="3285" VPOS="3544" WIDTH="73" HEIGHT="49" CONTENT="gibt" WC="0.97" CC="8400"/>
					</TextLine>
					<TextLine ID="P68_TL00113" HPOS="2181" VPOS="3598" WIDTH="1178" HEIGHT="52">
						<String ID="P68_ST00902" HPOS="2181" VPOS="3600" WIDTH="78" HEIGHT="37" CONTENT="kein" WC="1.00" CC="2000"/>
						<SP ID="P68_SP00790" HPOS="2259" VPOS="3637" WIDTH="28"/>
						<String ID="P68_ST00903" HPOS="2287" VPOS="3602" WIDTH="172" HEIGHT="48" CONTENT="Kneipen-" WC="1.00" CC="00020003"/>
						<SP ID="P68_SP00791" HPOS="2459" VPOS="3650" WIDTH="24"/>
						<String ID="P68_ST00904" HPOS="2483" VPOS="3600" WIDTH="70" HEIGHT="35" CONTENT="und" WC="0.97" CC="600"/>
						<SP ID="P68_SP00792" HPOS="2553" VPOS="3650" WIDTH="22"/>
						<String ID="P68_ST00905" HPOS="2575" VPOS="3599" WIDTH="201" HEIGHT="35" CONTENT="Klubleben." WC="0.99" CC="0250250004"/>
						<SP ID="P68_SP00793" HPOS="2776" VPOS="3650" WIDTH="41"/>
						<String ID="P68_ST00906" HPOS="2817" VPOS="3599" WIDTH="83" HEIGHT="34" CONTENT="Eine" WC="0.98" CC="6400"/>
						<SP ID="P68_SP00794" HPOS="2900" VPOS="3650" WIDTH="32"/>
						<String ID="P68_ST00907" HPOS="2932" VPOS="3599" WIDTH="198" HEIGHT="34" CONTENT="Ausnahme" WC="0.99" CC="05070600"/>
						<SP ID="P68_SP00795" HPOS="3130" VPOS="3650" WIDTH="27"/>
						<String ID="P68_ST00908" HPOS="3157" VPOS="3599" WIDTH="115" HEIGHT="34" CONTENT="macht" WC="0.99" CC="07000"/>
						<SP ID="P68_SP00796" HPOS="3272" VPOS="3650" WIDTH="29"/>
						<String ID="P68_ST00909" HPOS="3301" VPOS="3598" WIDTH="58" HEIGHT="35" CONTENT="das" WC="1.00" CC="000"/>
					</TextLine>
					<TextLine ID="P68_TL00114" HPOS="2180" VPOS="3652" WIDTH="1179" HEIGHT="50">
						<String ID="P68_ST00910" HPOS="2180" VPOS="3655" WIDTH="75" HEIGHT="35" CONTENT="sehr" WC="0.97" CC="0606"/>
						<SP ID="P68_SP00797" HPOS="2255" VPOS="3690" WIDTH="27"/>
						<String ID="P68_ST00911" HPOS="2282" VPOS="3655" WIDTH="82" HEIGHT="40" CONTENT="alte," WC="0.99" CC="04004"/>
						<SP ID="P68_SP00798" HPOS="2364" VPOS="3695" WIDTH="27"/>
						<String ID="P68_ST00912" HPOS="2391" VPOS="3655" WIDTH="74" HEIGHT="34" CONTENT="sehr" WC="0.98" CC="0406"/>
						<SP ID="P68_SP00799" HPOS="2465" VPOS="3695" WIDTH="25"/>
						<String ID="P68_ST00913" HPOS="2490" VPOS="3652" WIDTH="217" HEIGHT="38" CONTENT="entwickelte" WC="0.99" CC="60002033205"/>
						<SP ID="P68_SP00800" HPOS="2707" VPOS="3695" WIDTH="26"/>
						<String ID="P68_ST00914" HPOS="2733" VPOS="3652" WIDTH="70" HEIGHT="35" CONTENT="und" WC="0.98" CC="500"/>
						<SP ID="P68_SP00801" HPOS="2803" VPOS="3695" WIDTH="27"/>
						<String ID="P68_ST00915" HPOS="2830" VPOS="3653" WIDTH="73" HEIGHT="34" CONTENT="sehr" WC="0.96" CC="0677"/>
						<SP ID="P68_SP00802" HPOS="2903" VPOS="3695" WIDTH="25"/>
						<String ID="P68_ST00916" HPOS="2928" VPOS="3652" WIDTH="268" HEIGHT="36" CONTENT="volkstümliche" WC="1.00" CC="0043100044005"/>
						<SP ID="P68_SP00803" HPOS="3196" VPOS="3695" WIDTH="28"/>
						<String ID="P68_ST00917" HPOS="3224" VPOS="3655" WIDTH="116" HEIGHT="47" CONTENT="Sports" SUBS_TYPE="HypPart1" SUBS_CONTENT="Sportsleben" WC="0.99" CC="000600"/>
						<HYP HPOS="3340" VPOS="3655" WIDTH="19" CONTENT="-"/>
					</TextLine>
					<TextLine ID="P68_TL00115" HPOS="2180" VPOS="3706" WIDTH="1179" HEIGHT="51">
						<String ID="P68_ST00918" HPOS="2180" VPOS="3708" WIDTH="96" HEIGHT="36" CONTENT="leben" SUBS_TYPE="HypPart2" SUBS_CONTENT="Sportsleben" WC="0.97" CC="22660"/>
						<SP ID="P68_SP00804" HPOS="2276" VPOS="3744" WIDTH="21"/>
						<String ID="P68_ST00919" HPOS="2297" VPOS="3707" WIDTH="65" HEIGHT="37" CONTENT="auf" WC="0.98" CC="050"/>
						<SP ID="P68_SP00805" HPOS="2362" VPOS="3744" WIDTH="15"/>
						<String ID="P68_ST00920" HPOS="2377" VPOS="3708" WIDTH="64" HEIGHT="35" CONTENT="den" WC="1.00" CC="010"/>
						<SP ID="P68_SP00806" HPOS="2441" VPOS="3744" WIDTH="27"/>
						<String ID="P68_ST00921" HPOS="2468" VPOS="3707" WIDTH="240" HEIGHT="50" CONTENT="Spielplätzen," WC="1.00" CC="0060204001000"/>
						<SP ID="P68_SP00807" HPOS="2708" VPOS="3757" WIDTH="25"/>
						<String ID="P68_ST00922" HPOS="2733" VPOS="3707" WIDTH="36" HEIGHT="34" CONTENT="in" WC="0.95" CC="00"/>
						<SP ID="P68_SP00808" HPOS="2769" VPOS="3757" WIDTH="28"/>
						<String ID="P68_ST00923" HPOS="2797" VPOS="3706" WIDTH="64" HEIGHT="35" CONTENT="den" WC="1.00" CC="000"/>
						<SP ID="P68_SP00809" HPOS="2861" VPOS="3757" WIDTH="20"/>
						<String ID="P68_ST00924" HPOS="2881" VPOS="3706" WIDTH="151" HEIGHT="43" CONTENT="Ruder-," WC="0.98" CC="3605544"/>
						<SP ID="P68_SP00810" HPOS="3032" VPOS="3757" WIDTH="21"/>
						<String ID="P68_ST00925" HPOS="3053" VPOS="3706" WIDTH="214" HEIGHT="36" CONTENT="Yachtklubs" WC="0.99" CC="2906052003"/>
						<SP ID="P68_SP00811" HPOS="3267" VPOS="3757" WIDTH="21"/>
						<String ID="P68_ST00926" HPOS="3288" VPOS="3706" WIDTH="71" HEIGHT="36" CONTENT="und" WC="0.97" CC="600"/>
					</TextLine>
				</TextBlock>
			</PrintSpace>
		</Page>
	</Layout>
</alto>
