3622 4572
1330 3861 212 41 333

234 2284 184 40 Tausende,
439 2283 53 35 die
507 2284 119 35 daraus
640 2286 294 48 hervorgegangen
949 2286 84 41 sind,
1052 2287 80 35 über
1146 2301 83 34 ganz
1242 2288 152 48 England

234 2336 60 34 hin
318 2336 122 47 gehabt
463 2337 118 36 haben.
619 2340 87 33 Was
732 2339 45 34 sie
805 2338 136 47 gelernt,
967 2339 109 35 haben
1099 2340 45 34 sie
1166 2340 35 35 in
1219 2340 57 35 das
1294 2340 80 49 prak-

234 2389 104 34 tische
356 2389 108 35 Leben
485 2390 290 48 hineingetragen;
798 2391 108 35 durch
924 2392 46 34 sie
989 2392 42 34 ist
1050 2392 56 35 der
1125 2392 113 35 Boden
1258 2393 136 35 bereitet

234 2440 154 41 worden,
409 2441 46 35 als
476 2442 52 34 die
547 2441 135 49 grofsen
696 2444 125 47 Träger
836 2443 56 35 der
906 2457 109 21 neuen
1028 2443 97 36 Ideen
1141 2444 167 35 auftraten
1322 2445 72 35 und

235 2493 76 34 dem
330 2495 167 46 Fortgang
516 2495 56 34 der
591 2495 346 49 Kunstentwicklung
958 2496 53 35 die
1029 2497 174 48 Richtung
1222 2497 117 48 gaben.

313 2545 160 35 Daneben
487 2547 107 35 haben
609 2548 72 34 sich
695 2549 36 33 in
746 2548 62 34 den
823 2548 118 35 letzten
951 2549 118 44 Jahren
1085 2550 35 34 in
1135 2549 63 35 den
1213 2550 160 35 bedeuten-

234 2598 99 34 deren
361 2599 147 41 Städten,
537 2613 105 21 voran
669 2600 125 35 wieder
821 2601 36 33 in
885 2602 230 46 Birmingham
1142 2602 68 34 und
1235 2603 156 40 London,

234 2651 526 37 Kunst-Handwerker-Gilden
791 2653 164 47 gebildet,
984 2653 53 35 die
1074 2655 71 33 sich
1178 2655 215 35 unmittelbar

234 2704 63 33 mit
325 2703 63 35 den
412 2717 69 21 von
506 2705 124 34 Morris
656 2705 230 47 angestrebten
909 2705 112 35 Zielen
1047 2705 170 49 begegnen
1245 2707 70 34 und
1335 2707 56 35 das

234 2756 268 41 verwirklichen,
530 2770 71 22 was
629 2758 34 33 in
690 2758 110 34 diesen
824 2758 114 34 Zielen
963 2758 128 47 gesund
1116 2759 68 34 und
1210 2759 182 35 erreichbar

233 2821 81 22 war.
353 2810 62 33 Die
441 2808 275 37 fortschreitende
742 2810 190 35 technische
956 2810 355 48 Vervollkommnung
1335 2813 57 33 der

233 2861 174 34 Maschine
434 2860 112 49 bringt
574 2862 53 34 die
655 2861 128 36 Gefahr
808 2864 62 33 mit
898 2862 82 40 sich,
1008 2862 72 35 dafs
1106 2863 52 34 die
1184 2863 206 36 Handarbeit

232 2912 202 36 schliefslich
453 2915 129 34 nahezu
599 2914 236 35 vollkommen
849 2914 175 48 verdrängt
1038 2916 106 41 wird;
1165 2916 68 34 und
1249 2916 69 35 dafs
1334 2916 55 35 der

230 2965 150 35 Arbeiter
400 2979 76 22 zum
491 2967 123 33 Diener
633 2966 55 35 der
703 2967 175 34 Maschine
895 2966 204 37 herabsinkt.
1128 2968 96 34 Diese
1240 2971 128 32 Massen-

231 3017 114 41 arbeit,
360 3031 38 21 so
412 3019 202 47 notwendig
629 3019 70 34 und
714 3019 257 35 unentbehrlich
986 3020 45 33 sie
1042 3018 66 36 auf
1111 3020 108 35 vielen
1229 3021 160 35 Gebieten

230 3070 51 41 ist,
300 3070 107 36 wirkt
421 3084 80 22 vom
517 3070 265 36 künstlerischen
798 3071 282 47 Gesichtspunkte
1095 3085 58 21 aus
1169 3072 218 36 verflachend.

229 3124 66 32 Der
320 3124 89 39 Reiz,
437 3123 65 35 den
523 3123 90 47 jeder
636 3123 207 35 Handarbeit
868 3124 53 34 die
946 3124 97 34 Liebe
1068 3124 68 35 und
1161 3124 147 48 Sorgfalt
1333 3126 54 34 des

229 3174 176 50 Schöpfers
426 3175 150 41 verleiht,
597 3177 42 33 ist
659 3175 107 35 durch
784 3175 97 35 keine
902 3177 230 34 mechanische
1148 3177 116 34 Arbeit
1283 3191 39 21 zu
1337 3191 34 21 er-

228 3235 115 27 setzen.
389 3229 124 33 Morris
537 3229 93 33 hatte
655 3227 54 36 die
734 3227 139 42 Gefahr,
899 3229 54 34 die
978 3229 55 33 der
1059 3231 107 32 Kunst
1191 3229 105 35 durch
1321 3231 65 34 den

227 3278 126 36 Verfall
379 3281 54 34 des
453 3280 215 36 Handwerks
693 3281 112 40 droht,
831 3281 123 47 richtig
977 3280 148 36 erkannt.
1165 3283 113 33 Durch
1299 3281 87 35 diese

227 3332 141 41 Gilden,
404 3333 100 35 deren
531 3334 211 47 Entstehung
774 3332 210 49 grofsenteils
1014 3332 63 35 auf
1104 3335 111 33 seinen
1243 3334 142 35 Einflufs

226 3384 293 36 zurückzuführen
532 3387 54 40 ist,
601 3386 90 36 wird
707 3386 56 34 der
778 3386 196 34 drohenden
985 3384 126 36 Gefahr
1124 3387 53 33 ein
1188 3386 198 35 wirksamer

226 3437 115 47 Riegel
365 3438 263 48 vorgeschoben.
666 3439 63 34 Die
749 3440 108 34 Leiter
881 3438 56 34 der
956 3438 122 35 Gilden
1099 3440 36 32 in
1155 3439 230 48 Birmingham

227 3489 68 34 und
308 3490 156 42 London,
487 3491 179 48 Clavering
679 3490 70 36 und
766 3491 129 35 Ashbee
911 3490 107 35 haben
1033 3489 99 36 dafür
1147 3500 143 39 gesorgt,
1312 3490 70 36 dafs

227 3540 51 35 die
301 3543 36 33 in
356 3543 96 34 ihren
470 3543 232 36 Werkstätten
723 3542 198 49 gefertigten
941 3543 232 48 Gegenstände
1191 3545 100 33 heute
1310 3544 72 34 eine

227 3593 55 34 der
296 3603 106 27 ersten
418 3596 122 34 Stellen
555 3596 209 35 einnehmen.
793 3599 85 32 Man
892 3594 80 36 darf
979 3593 129 43 hoffen,
1125 3594 70 36 dafs
1211 3596 53 34 die
1279 3608 103 22 ernste

226 3646 67 34 und
318 3647 258 48 gewissenhafte
594 3648 128 41 Arbeit,
748 3648 53 35 die
820 3649 72 34 hier
910 3648 147 48 geleistet
1074 3648 100 42 wird,
1196 3649 87 34 einer
1301 3651 61 32 Ver-

1511 553 159 51 flachung
1689 557 191 49 Vorbeugen
1894 559 100 41 wird,
2014 561 67 34 wie
2100 562 45 34 sie
2164 561 174 37 besonders
2357 564 101 35 heute
2476 566 117 35 seitens
2612 566 57 36 der

1510 607 164 36 Industrie
1693 609 113 43 droht,
1836 611 52 35 die
1909 611 104 36 durch
2034 613 52 35 die
2105 615 221 36 massenhafte
2346 619 224 47 Ausnutzung
2598 619 71 35 und

1512 661 254 48 Nachahmung
1790 663 57 35 der
1865 665 188 47 gegebenen
2071 680 108 22 neuen
2198 667 265 38 künstlerischen
2481 671 186 35 Gedanken

1511 722 92 25 sonst
1615 713 102 35 leicht
1731 716 94 34 einen
1840 717 167 36 schnellen
2018 718 126 36 Verfall
2159 720 56 35 der
2225 724 193 39 Bewegung
2431 723 237 36 herbeiführen

1512 764 137 36 könnte.

1587 974 217 38 Ueberblickt
1819 991 76 22 man
1910 980 64 34 den
1987 980 160 50 heutigen
2157 983 101 35 Stand
2271 983 54 36 des
2337 985 190 47 englischen
2537 989 107 32 Kunst-

1507 1025 91 36 hand
1602 1027 121 41 werks,
1749 1043 36 21 so
1811 1029 77 36 fällt
1911 1034 160 34 zunächst
2097 1034 62 36 auf
2179 1035 53 35 die
2258 1037 301 50 ungleichmäfsige
2582 1042 63 32 Ent-

1508 1079 176 48 wicklung
1700 1080 64 35 auf
1773 1082 62 35 den
1850 1085 251 37 verschiedenen
2116 1088 170 35 Gebieten.
2315 1093 86 34 Dem
2418 1094 185 32 Ornament
2621 1094 42 33 ist

1507 1132 196 48 neuerdings
1719 1134 127 35 wieder
1860 1136 53 35 die
1929 1139 112 34 meiste
2053 1139 148 48 Sorgfalt
2215 1143 202 45 zugewandt
2432 1144 157 42 worden;
2605 1145 57 35 der

1506 1184 198 47 eigentliche
1719 1186 407 51 Gebrauchsgegenstand,
2147 1193 228 36 insbesondere
2391 1195 56 35 das
2462 1197 131 40 Möbel,
2619 1199 42 33 ist

1507 1235 148 49 dagegen
1682 1247 103 27 etwas
1805 1241 95 34 mehr
1917 1242 35 33 in
1971 1243 63 34 den
2053 1246 226 47 Hintergrund
2300 1247 188 47 geschoben
2505 1249 154 41 worden,

1506 1298 162 39 entgegen
1698 1290 63 36 den
1789 1294 276 47 ursprünglichen
2088 1297 181 36 Absichten
2297 1300 56 33 der
2377 1300 129 36 Führer.
2554 1302 106 35 Dabei

1505 1340 90 36 mufs
1620 1342 152 36 indessen
1796 1347 188 46 zugegeben
2001 1349 148 41 werden,
2175 1350 71 35 dafs
2265 1352 88 34 nach
2372 1352 56 35 der
2446 1354 214 49 Beseitigung

1505 1394 54 34 des
1580 1394 235 37 überlieferten
1830 1401 202 34 Ornaments
2052 1402 69 34 und
2136 1404 88 33 nach
2238 1403 56 35 der
2308 1404 269 50 Vereinfachung
2593 1408 67 33 und

1505 1448 200 47 Anpassung
1733 1448 54 35 des
1816 1451 134 35 Möbels
1979 1465 40 22 zu
2046 1456 125 33 seinem
2200 1454 138 42 Zweck,
2366 1457 65 34 viel
2458 1460 112 33 Neues
2599 1458 66 36 auf

1503 1498 123 35 diesem
1642 1500 136 36 Gebiete
1797 1503 94 35 nicht
1910 1517 42 21 zu
1968 1517 100 35 sagen
2081 1507 52 36 ist.
2163 1510 66 31 Der
2243 1507 70 36 hier
2328 1508 205 49 abgebildete
2549 1512 109 40 Stuhl,

1503 1551 112 34 dessen
1639 1553 110 34 Lehne
1774 1554 36 34 in
1833 1555 57 35 der
1913 1557 196 49 Zeichnung
2135 1559 188 49 unbequem
2348 1561 56 35 für
2427 1562 65 35 den
2517 1564 142 34 Rücken

1502 1603 191 36 erscheinen
1712 1619 88 34 mag,
1820 1608 42 33 ist
1879 1609 36 33 in
1928 1610 182 36 Wahrheit
2124 1611 35 35 in
2175 1612 56 34 der
2246 1611 129 38 sanften
2390 1615 149 48 Biegung
2555 1617 104 34 seiner

1501 1656 132 48 Rippen
1655 1656 78 35 dem
1752 1662 129 45 Körper
1907 1662 235 36 vollkommen
2163 1665 172 49 angepafst
2354 1667 70 34 und
2443 1667 101 35 bietet
2563 1670 96 33 einen

1502 1702 147 41 denkbar
1656 1712 227 45 angenehmen
1891 1714 139 35 Sitz.Für
2037 1715 52 35 die
2097 1715 177 37 einfachen
2280 1718 378 43 Gebrauchsmöbel,für

1502 1759 62 36 den
1580 1761 231 44 Schreibtisch,
1829 1764 63 35 den
1902 1767 261 36 Wandschrank
2178 1770 42 33 ist
2236 1769 55 35 das
2303 1771 135 35 Streben
2452 1773 87 34 nach
2554 1782 103 39 guten

1501 1813 246 36 Verhältnissen
1766 1816 70 34 und
1855 1819 87 33 nach
1957 1820 181 47 möglichst
2152 1822 255 47 sachgemäfser,
2427 1824 230 36 vorteilhafter

1498 1865 242 49 Verwendung
1764 1867 54 36 des
1837 1871 170 34 Materials
2032 1874 270 35 vorherrschend.
2340 1877 65 33 Die
2424 1876 125 48 gröfste
2568 1877 67 35 Auf-

1498 1917 238 36 merksamkeit
1749 1921 86 34 wird
1846 1921 57 35 der
1914 1925 122 46 Tapete
2047 1926 67 34 und
2126 1926 77 34 dem
2213 1926 209 36 Möbelstoff
2425 1931 230 46 zugewendet.

1498 1969 120 35 Neben
1633 1973 123 33 Morris
1773 1973 40 34 ist
1823 1974 82 41 hier,
1920 1976 68 34 wie
2003 1978 162 42 erwähnt,
2182 1977 174 38 besonders
2368 1983 124 33 Grane
2510 1981 145 36 führend

1498 2035 166 34 gewesen.
1714 2025 90 34 Beim
1834 2027 146 35 Anblick
2007 2030 104 34 seiner
2139 2032 252 35 ornamentalen
2418 2035 238 48 Zeichnungen

1503 2075 60 34 hat
1581 2088 79 21 man
1679 2076 56 34 das
1756 2076 138 43 Gefühl,
1916 2079 45 35 als
1980 2080 113 37 könne
2111 2083 72 35 sich
2202 2083 103 36 dieser
2323 2087 109 32 Mann
2450 2088 54 33 nie
2523 2100 114 22 veraus-

1505 2126 117 47 gaben.
1656 2128 62 35 Die
1737 2130 89 34 Fülle
1844 2144 67 21 von
1926 2134 236 48 Anregungen,
2182 2135 52 35 die
2253 2150 33 20 er
2304 2138 127 46 täglich
2448 2152 69 21 von
2535 2152 120 22 neuem

1505 2192 58 21 aus
1588 2179 56 34 der
1663 2183 112 32 Natur
1796 2183 134 41 nimmt,
1952 2185 42 35 ist
2013 2187 202 35 erstaunlich
2234 2189 68 34 und
2322 2203 31 20 es
2372 2190 85 48 zeigt
2476 2192 81 40 sich,
2581 2192 72 35 dafs

1505 2232 87 34 seine
1606 2232 180 36 Ideenwelt
1804 2236 90 34 reich
1912 2250 113 36 genug
2043 2240 53 40 ist,
2116 2253 58 21 um
2193 2241 86 34 auch
2293 2241 155 36 Anderen
2466 2244 126 35 wieder
2608 2244 45 35 als

1500 2285 185 48 Anregung
1710 2287 68 34 und
1803 2289 286 49 Ausgangspunkt
2112 2305 40 21 zu
2178 2292 127 36 dienen.
2354 2294 105 35 Dabei
2482 2295 77 35 läfst
2582 2298 71 33 sich

1501 2337 148 34 indessen
1702 2339 94 34 nicht
1847 2353 55 21 ver-

1500 2388 141 41 kennen,
1657 2389 71 36 dafs
1746 2404 33 21 er
1797 2391 102 36 beson-

1500 2441 71 35 ders
1604 2443 36 33 in
1667 2452 151 25 neuester
1846 2446 72 33 Zeit

1498 2493 58 35 der
1607 2495 311 50 Hauptbedingung

1498 2546 95 34 nicht
1638 2549 133 45 gerecht
1817 2550 99 39 wird,

1498 2599 113 33 seinen
1613 2598 151 36 Werken
1773 2602 73 34 eine
1854 2601 48 35 all-

1498 2651 151 47 gemeine
1673 2653 222 35 Verwendbar-

1498 2702 69 35 keit
1586 2716 40 21 zu
1646 2704 139 36 sichern.
1822 2707 94 33 Diese

1496 2758 148 46 Tapeten
1693 2758 69 33 und
1811 2756 105 36 Stoffe

1496 2808 73 34 sind
1589 2808 64 34 viel
1676 2821 40 22 zu
1734 2810 102 41 reich,
1856 2824 60 21 um

1497 2860 126 40 anders,
1651 2861 45 34 als
1726 2862 35 33 in
1785 2862 110 35 Prunk-

1495 2912 89 34 s'älen
1603 2913 152 47 möglich
1775 2928 40 20 zu
1834 2916 80 34 sein.

1494 2965 81 33 Eine
1602 2966 105 33 seiner
1735 2965 160 37 Pfauenta-

1495 3026 94 39 peten
1606 3031 26 21 z.
1645 3020 34 32 B.
1695 3022 90 31 wäre
1800 3020 114 35 weder

1494 3069 62 34 mit
1575 3069 64 35 den
1655 3071 257 41 Verhältnissen,

1493 3122 90 34 noch
1624 3123 64 33 mit
1735 3123 56 35 der
1832 3126 60 33 Ein-

1493 3173 158 49 richtung
1669 3175 86 35 eines
1771 3177 112 35 Wohn-

1492 3227 151 33 zimmers
1675 3228 36 33 in
1743 3228 168 50 Einklang

1491 3292 41 21 zu
1552 3278 150 48 bringen.
1735 3283 50 32 Im
1803 3281 85 35 wirk-

1491 3344 111 22 samen
1623 3334 182 45 Gegensatz
1826 3334 83 34 dazu

1491 3383 90 47 giebt
1591 3386 58 31 Vo
1660 3398 40 33 ys
1710 3399 44 32 ey
1768 3386 56 34 der
1839 3387 54 33 ein-

1490 3434 153 48 farbigen
1660 3436 82 35 oder
1759 3451 65 22 nur
1843 3440 50 34 dis-

1491 3487 72 35 kret
1629 3492 279 35 ornamentierten

1489 3543 123 45 Tapete
1658 3542 64 34 den
1762 3546 145 45 Vorzug.

1489 3596 74 31 Den
1595 3595 312 47 Hauptnachdruck

1488 3646 68 47 legt
1583 3659 32 21 er
1648 3646 63 35 auf
1740 3648 54 35 die
1820 3652 66 33 Aus-

441 2159 308 21 PAMENSCHREIBTISCH

237 2157 24 18 C.
275 2158 19 23 J.
310 2158 116 24 VOYSEY

238 2188 42 16 FÜR
295 2190 49 14 DEN
359 2191 47 14 PAN
422 2191 152 14 GEZEICHNET

2252 3651 165 20 LEHNSTUHL

1969 3649 141 18 WICKHAM
2128 3650 104 23 JARVIS

1969 3680 43 15 FÜR
2027 3682 49 14 DEN
2091 3683 46 14 PAN
2152 3683 151 16 GEZEICHNET
