<?xml version="1.0" encoding="UTF-8"?>
<alto xmlns:xsi="http://www.w3.org/2001/XMLSchema-instance" xmlns="http://www.loc.gov/standards/alto/ns-v2#" xsi:schemaLocation="http://www.loc.gov/standards/alto/ns-v2# http://www.loc.gov/standards/alto/v2/alto-2-0.xsd" xmlns:xlink="http://www.w3.org/1999/xlink">
	<Description>
		<MeasurementUnit>mm10</MeasurementUnit>
		<sourceImageInformation>
			<fileName>//lib-docworks1/IN/PUL-BlueMountain-RQA/periodicals/bmtnabe/issues/1897/04_01/00000047.jp2</fileName>
		</sourceImageInformation>
		<OCRProcessing ID="OCRPROCESSING_1">
			<preProcessingStep>
				<processingSoftware>
					<softwareCreator>CCS Content Conversion Specialists GmbH, Germany</softwareCreator>
					<softwareName>CCS docWorks</softwareName>
					<softwareVersion>6.8-1.24</softwareVersion>
				</processingSoftware>
			</preProcessingStep>
			<ocrProcessingStep>
				<processingSoftware>
					<softwareCreator>ABBYY (BIT Software), Russia</softwareCreator>
					<softwareName>FineReader</softwareName>
					<softwareVersion>11.0</softwareVersion>
				</processingSoftware>
			</ocrProcessingStep>
			<postProcessingStep>
				<processingSoftware>
					<softwareCreator>CCS Content Conversion Specialists GmbH, Germany</softwareCreator>
					<softwareName>CCS docWorks</softwareName>
					<softwareVersion>6.8-1.24</softwareVersion>
					<applicationDescription>docWorks: Text modified manually, or automatically replaced</applicationDescription>
				</processingSoftware>
			</postProcessingStep>
		</OCRProcessing>
	</Description>
	<Styles>
		<TextStyle ID="TXT_0" FONTSIZE="43" FONTFAMILY="Courier New"/>
		<TextStyle ID="TXT_1" FONTSIZE="23" FONTFAMILY="Times New Roman"/>
		<TextStyle ID="TXT_2" FONTSIZE="13" FONTFAMILY="Times New Roman"/>
		<TextStyle ID="TXT_3" FONTSIZE="7" FONTFAMILY="Times New Roman" FONTSTYLE="bold"/>
		<TextStyle ID="TXT_4" FONTSIZE="26" FONTFAMILY="Times New Roman"/>
		<ParagraphStyle ID="PAR_LEFT" ALIGN="Left"/>
		<ParagraphStyle ID="PAR_RIGHT" ALIGN="Right"/>
	</Styles>
	<Layout>
		<Page ID="P47" PHYSICAL_IMG_NR="47" HEIGHT="4572" WIDTH="3685" PRINTED_IMG_NR="299" PC="0.954">
			<TopMargin ID="P47_TM00001" HPOS="0" VPOS="0" WIDTH="3685" HEIGHT="75"/>
			<LeftMargin ID="P47_LM00001" HPOS="0" VPOS="75" WIDTH="291" HEIGHT="3832"/>
			<RightMargin ID="P47_RM00001" HPOS="3575" VPOS="75" WIDTH="110" HEIGHT="3832"/>
			<BottomMargin ID="P47_BM00001" HPOS="0" VPOS="3907" WIDTH="3685" HEIGHT="665">
				<TextBlock ID="P47_TB00001" HPOS="1401" VPOS="3909" WIDTH="213" HEIGHT="44" STYLEREFS="TXT_0 PAR_LEFT">
					<TextLine ID="P47_TL00001" HPOS="1401" VPOS="3909" WIDTH="213" HEIGHT="44">
						<String ID="P47_ST00001" HPOS="1401" VPOS="3909" WIDTH="213" HEIGHT="44" CONTENT="299" WC="1.00" CC="000"/>
					</TextLine>
				</TextBlock>
			</BottomMargin>
			<PrintSpace ID="P47_PS00001" HPOS="291" VPOS="75" WIDTH="3284" HEIGHT="3832">
				<TextBlock ID="P47_TB00002" HPOS="691" VPOS="1276" WIDTH="1656" HEIGHT="241" STYLEREFS="TXT_1 PAR_LEFT">
					<TextLine ID="P47_TL00002" HPOS="691" VPOS="1277" WIDTH="1656" HEIGHT="79">
						<String ID="P47_ST00002" HPOS="691" VPOS="1277" WIDTH="137" HEIGHT="64" CONTENT="DIE" WC="0.98" CC="500"/>
						<SP ID="P47_SP00001" HPOS="828" VPOS="1341" WIDTH="46"/>
						<String ID="P47_ST00003" HPOS="874" VPOS="1280" WIDTH="699" HEIGHT="69" CONTENT="WANDTEPPICHE" WC="1.00" CC="000030004040"/>
						<SP ID="P47_SP00002" HPOS="1573" VPOS="1349" WIDTH="45"/>
						<String ID="P47_ST00004" HPOS="1618" VPOS="1288" WIDTH="168" HEIGHT="61" CONTENT="DER" WC="0.98" CC="500"/>
						<SP ID="P47_SP00003" HPOS="1786" VPOS="1349" WIDTH="48"/>
						<String ID="P47_ST00005" HPOS="1834" VPOS="1290" WIDTH="513" HEIGHT="66" CONTENT="WEBSCHULE" WC="1.00" CC="006000030"/>
					</TextLine>
					<TextLine ID="P47_TL00003" HPOS="1171" VPOS="1450" WIDTH="694" HEIGHT="67">
						<String ID="P47_ST00006" HPOS="1171" VPOS="1450" WIDTH="110" HEIGHT="64" CONTENT="ZU" WC="0.98" CC="00"/>
						<SP ID="P47_SP00004" HPOS="1281" VPOS="1514" WIDTH="50"/>
						<String ID="P47_ST00007" HPOS="1331" VPOS="1450" WIDTH="534" HEIGHT="67" CONTENT="SCHERREBEK" WC="0.80" CC="0540000504"/>
					</TextLine>
				</TextBlock>
				<TextBlock ID="P47_TB00003" HPOS="1559" VPOS="1678" WIDTH="1178" HEIGHT="2079" STYLEREFS="TXT_2 PAR_RIGHT">
					<TextLine ID="P47_TL00004" HPOS="1570" VPOS="1680" WIDTH="1166" HEIGHT="103">
						<String ID="P47_ST00008" HPOS="1570" VPOS="1680" WIDTH="77" HEIGHT="103" CONTENT="IN" WC="0.44" CC="46"/>
						<SP ID="P47_SP00005" HPOS="1647" VPOS="1783" WIDTH="19"/>
						<String ID="P47_ST00009" HPOS="1666" VPOS="1682" WIDTH="64" HEIGHT="35" CONTENT="den" WC="0.94" CC="653"/>
						<SP ID="P47_SP00006" HPOS="1730" VPOS="1783" WIDTH="19"/>
						<String ID="P47_ST00010" HPOS="1749" VPOS="1682" WIDTH="192" HEIGHT="38" CONTENT="ländlichen" WC="0.98" CC="2666055732"/>
						<SP ID="P47_SP00007" HPOS="1941" VPOS="1783" WIDTH="23"/>
						<String ID="P47_ST00011" HPOS="1964" VPOS="1686" WIDTH="157" HEIGHT="36" CONTENT="Bezirken" WC="0.99" CC="00264016"/>
						<SP ID="P47_SP00008" HPOS="2121" VPOS="1783" WIDTH="25"/>
						<String ID="P47_ST00012" HPOS="2146" VPOS="1688" WIDTH="56" HEIGHT="35" CONTENT="der" WC="0.97" CC="007"/>
						<SP ID="P47_SP00009" HPOS="2202" VPOS="1783" WIDTH="19"/>
						<String ID="P47_ST00013" HPOS="2221" VPOS="1689" WIDTH="294" HEIGHT="50" CONTENT="schleswig’schen" WC="0.67" CC="410660060862040"/>
						<SP ID="P47_SP00010" HPOS="2515" VPOS="1783" WIDTH="20"/>
						<String ID="P47_ST00014" HPOS="2535" VPOS="1692" WIDTH="201" HEIGHT="37" CONTENT="Westküste" WC="0.99" CC="705640044"/>
					</TextLine>
					<TextLine ID="P47_TL00005" HPOS="1629" VPOS="1735" WIDTH="1105" HEIGHT="47">
						<String ID="P47_ST00015" HPOS="1629" VPOS="1735" WIDTH="117" HEIGHT="36" CONTENT="blühte" WC="0.99" CC="700600"/>
						<SP ID="P47_SP00011" HPOS="1746" VPOS="1771" WIDTH="28"/>
						<String ID="P47_ST00016" HPOS="1774" VPOS="1738" WIDTH="33" HEIGHT="33" CONTENT="in" WC="0.90" CC="10"/>
						<SP ID="P47_SP00012" HPOS="1807" VPOS="1771" WIDTH="21"/>
						<String ID="P47_ST00017" HPOS="1828" VPOS="1736" WIDTH="150" HEIGHT="37" CONTENT="früherer" WC="0.98" CC="65070616"/>
						<SP ID="P47_SP00013" HPOS="1978" VPOS="1773" WIDTH="19"/>
						<String ID="P47_ST00018" HPOS="1997" VPOS="1741" WIDTH="73" HEIGHT="33" CONTENT="Zeit" WC="0.97" CC="2163"/>
						<SP ID="P47_SP00014" HPOS="2070" VPOS="1774" WIDTH="19"/>
						<String ID="P47_ST00019" HPOS="2089" VPOS="1742" WIDTH="205" HEIGHT="34" CONTENT="mancherlei" WC="0.99" CC="7760606107"/>
						<SP ID="P47_SP00015" HPOS="2294" VPOS="1776" WIDTH="20"/>
						<String ID="P47_ST00020" HPOS="2314" VPOS="1744" WIDTH="175" HEIGHT="35" CONTENT="häusliche" WC="0.99" CC="791022070"/>
						<SP ID="P47_SP00016" HPOS="2489" VPOS="1779" WIDTH="19"/>
						<String ID="P47_ST00021" HPOS="2508" VPOS="1746" WIDTH="226" HEIGHT="36" CONTENT="Kunstarbeit." WC="0.99" CC="500107370334"/>
					</TextLine>
					<TextLine ID="P47_TL00006" HPOS="1569" VPOS="1789" WIDTH="1166" HEIGHT="56">
						<String ID="P47_ST00022" HPOS="1569" VPOS="1789" WIDTH="64" HEIGHT="34" CONTENT="Die" WC="0.96" CC="640"/>
						<SP ID="P47_SP00017" HPOS="1633" VPOS="1823" WIDTH="14"/>
						<String ID="P47_ST00023" HPOS="1647" VPOS="1792" WIDTH="146" HEIGHT="32" CONTENT="Männer" WC="1.00" CC="300000"/>
						<SP ID="P47_SP00018" HPOS="1793" VPOS="1824" WIDTH="19"/>
						<String ID="P47_ST00024" HPOS="1812" VPOS="1790" WIDTH="244" HEIGHT="50" CONTENT="beschäftigten" WC="0.99" CC="6000706056050"/>
						<SP ID="P47_SP00019" HPOS="2056" VPOS="1840" WIDTH="18"/>
						<String ID="P47_ST00025" HPOS="2074" VPOS="1793" WIDTH="72" HEIGHT="35" CONTENT="sich" WC="0.98" CC="0027"/>
						<SP ID="P47_SP00020" HPOS="2146" VPOS="1840" WIDTH="20"/>
						<String ID="P47_ST00026" HPOS="2166" VPOS="1807" WIDTH="43" HEIGHT="22" CONTENT="an" WC="0.63" CC="70"/>
						<SP ID="P47_SP00021" HPOS="2209" VPOS="1840" WIDTH="18"/>
						<String ID="P47_ST00027" HPOS="2227" VPOS="1794" WIDTH="64" HEIGHT="36" CONTENT="den" WC="1.00" CC="000"/>
						<SP ID="P47_SP00022" HPOS="2291" VPOS="1840" WIDTH="16"/>
						<String ID="P47_ST00028" HPOS="2307" VPOS="1795" WIDTH="123" HEIGHT="50" CONTENT="langen" WC="0.98" CC="096000"/>
						<SP ID="P47_SP00023" HPOS="2430" VPOS="1845" WIDTH="14"/>
						<String ID="P47_ST00029" HPOS="2444" VPOS="1799" WIDTH="291" HEIGHT="36" CONTENT="Winterabenden" WC="0.99" CC="9209060700000"/>
					</TextLine>
					<TextLine ID="P47_TL00007" HPOS="1569" VPOS="1842" WIDTH="1164" HEIGHT="51">
						<String ID="P47_ST00030" HPOS="1569" VPOS="1842" WIDTH="62" HEIGHT="33" CONTENT="mit" WC="1.00" CC="010"/>
						<SP ID="P47_SP00024" HPOS="1631" VPOS="1875" WIDTH="27"/>
						<String ID="P47_ST00031" HPOS="1658" VPOS="1842" WIDTH="57" HEIGHT="34" CONTENT="der" WC="1.00" CC="000"/>
						<SP ID="P47_SP00025" HPOS="1715" VPOS="1876" WIDTH="25"/>
						<String ID="P47_ST00032" HPOS="1740" VPOS="1842" WIDTH="231" HEIGHT="51" CONTENT="Anfertigung" WC="1.00" CC="13003040400"/>
						<SP ID="P47_SP00026" HPOS="1971" VPOS="1893" WIDTH="23"/>
						<String ID="P47_ST00033" HPOS="1994" VPOS="1859" WIDTH="69" HEIGHT="22" CONTENT="von" WC="0.97" CC="520"/>
						<SP ID="P47_SP00027" HPOS="2063" VPOS="1893" WIDTH="23"/>
						<String ID="P47_ST00034" HPOS="2086" VPOS="1846" WIDTH="195" HEIGHT="37" CONTENT="hölzernem" WC="0.99" CC="770006000"/>
						<SP ID="P47_SP00028" HPOS="2281" VPOS="1893" WIDTH="26"/>
						<String ID="P47_ST00035" HPOS="2307" VPOS="1853" WIDTH="118" HEIGHT="40" CONTENT="Gerät," WC="0.98" CC="056004"/>
						<SP ID="P47_SP00029" HPOS="2425" VPOS="1893" WIDTH="28"/>
						<String ID="P47_ST00036" HPOS="2453" VPOS="1851" WIDTH="57" HEIGHT="35" CONTENT="das" WC="0.96" CC="072"/>
						<SP ID="P47_SP00030" HPOS="2510" VPOS="1893" WIDTH="26"/>
						<String ID="P47_ST00037" HPOS="2536" VPOS="1853" WIDTH="64" HEIGHT="34" CONTENT="mit" WC="0.98" CC="040"/>
						<SP ID="P47_SP00031" HPOS="2600" VPOS="1893" WIDTH="26"/>
						<String ID="P47_ST00038" HPOS="2626" VPOS="1854" WIDTH="86" HEIGHT="34" CONTENT="Kerb" SUBS_TYPE="HypPart1" SUBS_CONTENT="Kerbschnittornamenten" WC="0.97" CC="5066"/>
						<HYP HPOS="2712" VPOS="1854" WIDTH="21" CONTENT="-"/>
					</TextLine>
					<TextLine ID="P47_TL00008" HPOS="1567" VPOS="1895" WIDTH="1165" HEIGHT="57">
						<String ID="P47_ST00039" HPOS="1567" VPOS="1895" WIDTH="349" HEIGHT="37" CONTENT="schnittornamenten" SUBS_TYPE="HypPart2" SUBS_CONTENT="Kerbschnittornamenten" WC="1.00" CC="13700184000000000"/>
						<SP ID="P47_SP00032" HPOS="1916" VPOS="1932" WIDTH="25"/>
						<String ID="P47_ST00040" HPOS="1941" VPOS="1900" WIDTH="134" HEIGHT="33" CONTENT="verziert" WC="0.99" CC="00413069"/>
						<SP ID="P47_SP00033" HPOS="2075" VPOS="1933" WIDTH="25"/>
						<String ID="P47_ST00041" HPOS="2100" VPOS="1901" WIDTH="69" HEIGHT="34" CONTENT="und" WC="0.98" CC="500"/>
						<SP ID="P47_SP00034" HPOS="2169" VPOS="1935" WIDTH="25"/>
						<String ID="P47_ST00042" HPOS="2194" VPOS="1900" WIDTH="53" HEIGHT="36" CONTENT="oft" WC="0.95" CC="606"/>
						<SP ID="P47_SP00035" HPOS="2247" VPOS="1936" WIDTH="28"/>
						<String ID="P47_ST00043" HPOS="2275" VPOS="1903" WIDTH="87" HEIGHT="34" CONTENT="auch" WC="0.97" CC="0327"/>
						<SP ID="P47_SP00036" HPOS="2362" VPOS="1937" WIDTH="24"/>
						<String ID="P47_ST00044" HPOS="2386" VPOS="1904" WIDTH="37" HEIGHT="34" CONTENT="in" WC="0.72" CC="05"/>
						<SP ID="P47_SP00037" HPOS="2423" VPOS="1938" WIDTH="19"/>
						<String ID="P47_ST00045" HPOS="2442" VPOS="1903" WIDTH="147" HEIGHT="49" CONTENT="lustigen" WC="0.99" CC="42010030"/>
						<SP ID="P47_SP00038" HPOS="2589" VPOS="1952" WIDTH="20"/>
						<String ID="P47_ST00046" HPOS="2609" VPOS="1906" WIDTH="123" HEIGHT="35" CONTENT="Farben" WC="0.99" CC="004700"/>
					</TextLine>
					<TextLine ID="P47_TL00009" HPOS="1567" VPOS="1947" WIDTH="1165" HEIGHT="48">
						<String ID="P47_ST00047" HPOS="1567" VPOS="1947" WIDTH="126" HEIGHT="36" CONTENT="bemalt" WC="0.99" CC="600700"/>
						<SP ID="P47_SP00039" HPOS="1693" VPOS="1983" WIDTH="19"/>
						<String ID="P47_ST00048" HPOS="1712" VPOS="1948" WIDTH="128" HEIGHT="36" CONTENT="wurde." WC="0.99" CC="706000"/>
						<SP ID="P47_SP00040" HPOS="1840" VPOS="1984" WIDTH="35"/>
						<String ID="P47_ST00049" HPOS="1875" VPOS="1951" WIDTH="63" HEIGHT="34" CONTENT="Die" WC="0.97" CC="340"/>
						<SP ID="P47_SP00041" HPOS="1938" VPOS="1985" WIDTH="19"/>
						<String ID="P47_ST00050" HPOS="1957" VPOS="1953" WIDTH="125" HEIGHT="34" CONTENT="Frauen" WC="0.99" CC="500402"/>
						<SP ID="P47_SP00042" HPOS="2082" VPOS="1987" WIDTH="19"/>
						<String ID="P47_ST00051" HPOS="2101" VPOS="1955" WIDTH="197" HEIGHT="35" CONTENT="verstanden" WC="0.99" CC="0061690020"/>
						<SP ID="P47_SP00043" HPOS="2298" VPOS="1990" WIDTH="19"/>
						<String ID="P47_ST00052" HPOS="2317" VPOS="1956" WIDTH="70" HEIGHT="35" CONTENT="sich" WC="0.97" CC="0327"/>
						<SP ID="P47_SP00044" HPOS="2387" VPOS="1991" WIDTH="21"/>
						<String ID="P47_ST00053" HPOS="2408" VPOS="1955" WIDTH="65" HEIGHT="36" CONTENT="auf" WC="0.95" CC="057"/>
						<SP ID="P47_SP00045" HPOS="2473" VPOS="1991" WIDTH="12"/>
						<String ID="P47_ST00054" HPOS="2485" VPOS="1956" WIDTH="89" HEIGHT="36" CONTENT="feine" WC="1.00" CC="03000"/>
						<SP ID="P47_SP00046" HPOS="2574" VPOS="1992" WIDTH="15"/>
						<String ID="P47_ST00055" HPOS="2589" VPOS="1960" WIDTH="123" HEIGHT="35" CONTENT="Leinen" SUBS_TYPE="HypPart1" SUBS_CONTENT="Leinenstickerei" WC="1.00" CC="203000"/>
						<HYP HPOS="2712" VPOS="1960" WIDTH="20" CONTENT="-"/>
					</TextLine>
					<TextLine ID="P47_TL00010" HPOS="1567" VPOS="2000" WIDTH="1165" HEIGHT="60">
						<String ID="P47_ST00056" HPOS="1567" VPOS="2000" WIDTH="154" HEIGHT="35" CONTENT="stickerei" SUBS_TYPE="HypPart2" SUBS_CONTENT="Leinenstickerei" WC="0.99" CC="053240760"/>
						<SP ID="P47_SP00047" HPOS="1721" VPOS="2035" WIDTH="27"/>
						<String ID="P47_ST00057" HPOS="1748" VPOS="2002" WIDTH="70" HEIGHT="35" CONTENT="und" WC="0.98" CC="600"/>
						<SP ID="P47_SP00048" HPOS="1818" VPOS="2037" WIDTH="32"/>
						<String ID="P47_ST00058" HPOS="1850" VPOS="2004" WIDTH="308" HEIGHT="50" CONTENT="Spitzenklöppelm" WC="0.76" CC="044404003720200"/>
						<SP ID="P47_SP00049" HPOS="2158" VPOS="2054" WIDTH="44"/>
						<String ID="P47_ST00059" HPOS="2202" VPOS="2010" WIDTH="66" HEIGHT="32" CONTENT="Am" WC="0.71" CC="50"/>
						<SP ID="P47_SP00050" HPOS="2268" VPOS="2054" WIDTH="26"/>
						<String ID="P47_ST00060" HPOS="2294" VPOS="2009" WIDTH="185" HEIGHT="37" CONTENT="Whbstuhl" WC="0.62" CC="83730106"/>
						<SP ID="P47_SP00051" HPOS="2479" VPOS="2054" WIDTH="24"/>
						<String ID="P47_ST00061" HPOS="2503" VPOS="2009" WIDTH="157" HEIGHT="51" CONTENT="fertigten" WC="0.99" CC="077040070"/>
						<SP ID="P47_SP00052" HPOS="2660" VPOS="2060" WIDTH="26"/>
						<String ID="P47_ST00062" HPOS="2686" VPOS="2014" WIDTH="46" HEIGHT="33" CONTENT="sie" WC="0.96" CC="406"/>
					</TextLine>
					<TextLine ID="P47_TL00011" HPOS="1566" VPOS="2053" WIDTH="1165" HEIGHT="59">
						<String ID="P47_ST00063" HPOS="1566" VPOS="2054" WIDTH="95" HEIGHT="33" CONTENT="nicht" WC="0.98" CC="04350"/>
						<SP ID="P47_SP00053" HPOS="1661" VPOS="2087" WIDTH="25"/>
						<String ID="P47_ST00064" HPOS="1686" VPOS="2067" WIDTH="64" HEIGHT="22" CONTENT="nur" WC="0.95" CC="057"/>
						<SP ID="P47_SP00054" HPOS="1750" VPOS="2089" WIDTH="20"/>
						<String ID="P47_ST00065" HPOS="1770" VPOS="2053" WIDTH="109" HEIGHT="38" CONTENT="Stoffe" WC="0.99" CC="000505"/>
						<SP ID="P47_SP00055" HPOS="1879" VPOS="2091" WIDTH="25"/>
						<String ID="P47_ST00066" HPOS="1904" VPOS="2055" WIDTH="56" HEIGHT="36" CONTENT="für" WC="0.94" CC="086"/>
						<SP ID="P47_SP00056" HPOS="1960" VPOS="2091" WIDTH="20"/>
						<String ID="P47_ST00067" HPOS="1980" VPOS="2060" WIDTH="162" HEIGHT="34" CONTENT="Männer-" WC="0.99" CC="4000443"/>
						<SP ID="P47_SP00057" HPOS="2142" VPOS="2094" WIDTH="21"/>
						<String ID="P47_ST00068" HPOS="2163" VPOS="2061" WIDTH="69" HEIGHT="34" CONTENT="und" WC="0.99" CC="200"/>
						<SP ID="P47_SP00058" HPOS="2232" VPOS="2095" WIDTH="22"/>
						<String ID="P47_ST00069" HPOS="2254" VPOS="2061" WIDTH="308" HEIGHT="51" CONTENT="Frauenkleidung," WC="1.00" CC="247400013004004"/>
						<SP ID="P47_SP00059" HPOS="2562" VPOS="2112" WIDTH="25"/>
						<String ID="P47_ST00070" HPOS="2587" VPOS="2066" WIDTH="144" HEIGHT="35" CONTENT="sondern" WC="0.99" CC="4000160"/>
					</TextLine>
					<TextLine ID="P47_TL00012" HPOS="1567" VPOS="2107" WIDTH="1164" HEIGHT="59">
						<String ID="P47_ST00071" HPOS="1567" VPOS="2107" WIDTH="86" HEIGHT="34" CONTENT="auch" WC="0.95" CC="9357"/>
						<SP ID="P47_SP00060" HPOS="1653" VPOS="2141" WIDTH="20"/>
						<String ID="P47_ST00072" HPOS="1673" VPOS="2107" WIDTH="174" HEIGHT="43" CONTENT="Arbeiten," WC="0.99" CC="077050014"/>
						<SP ID="P47_SP00061" HPOS="1847" VPOS="2150" WIDTH="28"/>
						<String ID="P47_ST00073" HPOS="1875" VPOS="2109" WIDTH="53" HEIGHT="34" CONTENT="die" WC="0.98" CC="030"/>
						<SP ID="P47_SP00062" HPOS="1928" VPOS="2150" WIDTH="25"/>
						<String ID="P47_ST00074" HPOS="1953" VPOS="2112" WIDTH="63" HEIGHT="33" CONTENT="mit" WC="0.99" CC="030"/>
						<SP ID="P47_SP00063" HPOS="2016" VPOS="2150" WIDTH="25"/>
						<String ID="P47_ST00075" HPOS="2041" VPOS="2112" WIDTH="57" HEIGHT="34" CONTENT="der" WC="1.00" CC="000"/>
						<SP ID="P47_SP00064" HPOS="2098" VPOS="2150" WIDTH="25"/>
						<String ID="P47_ST00076" HPOS="2123" VPOS="2113" WIDTH="215" HEIGHT="48" CONTENT="praktischen" WC="0.99" CC="06950605600"/>
						<SP ID="P47_SP00065" HPOS="2338" VPOS="2161" WIDTH="20"/>
						<String ID="P47_ST00077" HPOS="2358" VPOS="2117" WIDTH="243" HEIGHT="49" CONTENT="Verwendung" WC="0.99" CC="3269600400"/>
						<SP ID="P47_SP00066" HPOS="2601" VPOS="2166" WIDTH="24"/>
						<String ID="P47_ST00078" HPOS="2625" VPOS="2118" WIDTH="85" HEIGHT="36" CONTENT="deko" SUBS_TYPE="HypPart1" SUBS_CONTENT="dekorative" WC="1.00" CC="0002"/>
						<HYP HPOS="2710" VPOS="2118" WIDTH="21" CONTENT="-"/>
					</TextLine>
					<TextLine ID="P47_TL00013" HPOS="1567" VPOS="2160" WIDTH="1164" HEIGHT="60">
						<String ID="P47_ST00079" HPOS="1567" VPOS="2160" WIDTH="101" HEIGHT="35" CONTENT="rative" SUBS_TYPE="HypPart2" SUBS_CONTENT="dekorative" WC="0.99" CC="000404"/>
						<SP ID="P47_SP00067" HPOS="1668" VPOS="2195" WIDTH="16"/>
						<String ID="P47_ST00080" HPOS="1684" VPOS="2160" WIDTH="146" HEIGHT="36" CONTENT="Zwecke" WC="1.00" CC="002002"/>
						<SP ID="P47_SP00068" HPOS="1830" VPOS="2196" WIDTH="19"/>
						<String ID="P47_ST00081" HPOS="1849" VPOS="2162" WIDTH="205" HEIGHT="38" CONTENT="verbanden:" WC="0.99" CC="0547064004"/>
						<SP ID="P47_SP00069" HPOS="2054" VPOS="2200" WIDTH="20"/>
						<String ID="P47_ST00082" HPOS="2074" VPOS="2165" WIDTH="104" HEIGHT="48" CONTENT="glatte" WC="1.00" CC="000000"/>
						<SP ID="P47_SP00070" HPOS="2178" VPOS="2213" WIDTH="19"/>
						<String ID="P47_ST00083" HPOS="2197" VPOS="2167" WIDTH="71" HEIGHT="34" CONTENT="und" WC="0.98" CC="500"/>
						<SP ID="P47_SP00071" HPOS="2268" VPOS="2213" WIDTH="20"/>
						<String ID="P47_ST00084" HPOS="2288" VPOS="2167" WIDTH="227" HEIGHT="51" CONTENT="plüschartige" WC="1.00" CC="030006040600"/>
						<SP ID="P47_SP00072" HPOS="2515" VPOS="2218" WIDTH="14"/>
						<String ID="P47_ST00085" HPOS="2529" VPOS="2173" WIDTH="126" HEIGHT="47" CONTENT="Bezüge" WC="1.00" CC="000000"/>
						<SP ID="P47_SP00073" HPOS="2655" VPOS="2220" WIDTH="19"/>
						<String ID="P47_ST00086" HPOS="2674" VPOS="2171" WIDTH="57" HEIGHT="35" CONTENT="für" WC="0.97" CC="700"/>
					</TextLine>
					<TextLine ID="P47_TL00014" HPOS="1567" VPOS="2213" WIDTH="1162" HEIGHT="60">
						<String ID="P47_ST00087" HPOS="1567" VPOS="2213" WIDTH="116" HEIGHT="34" CONTENT="Stuhl-" WC="0.98" CC="004623"/>
						<SP ID="P47_SP00074" HPOS="1683" VPOS="2247" WIDTH="23"/>
						<String ID="P47_ST00088" HPOS="1706" VPOS="2214" WIDTH="112" HEIGHT="35" CONTENT="Bank-" WC="0.97" CC="07433"/>
						<SP ID="P47_SP00075" HPOS="1818" VPOS="2249" WIDTH="18"/>
						<String ID="P47_ST00089" HPOS="1836" VPOS="2215" WIDTH="71" HEIGHT="35" CONTENT="und" WC="0.97" CC="700"/>
						<SP ID="P47_SP00076" HPOS="1907" VPOS="2250" WIDTH="316"/>
						<String ID="P47_ST00090" HPOS="2223" VPOS="2221" WIDTH="70" HEIGHT="33" CONTENT="und" WC="0.98" CC="600"/>
						<SP ID="P47_SP00077" HPOS="2293" VPOS="2254" WIDTH="21"/>
						<String ID="P47_ST00091" HPOS="2314" VPOS="2235" WIDTH="62" HEIGHT="21" CONTENT="vor" WC="1.00" CC="000"/>
						<SP ID="P47_SP00078" HPOS="2376" VPOS="2256" WIDTH="19"/>
						<String ID="P47_ST00092" HPOS="2395" VPOS="2222" WIDTH="98" HEIGHT="35" CONTENT="allem" WC="0.97" CC="70079"/>
						<SP ID="P47_SP00079" HPOS="2493" VPOS="2257" WIDTH="20"/>
						<String ID="P47_ST00093" HPOS="2513" VPOS="2223" WIDTH="216" HEIGHT="50" CONTENT="zweifarbige" WC="0.99" CC="00740075507"/>
					</TextLine>
					<TextLine ID="P47_TL00015" HPOS="1566" VPOS="2265" WIDTH="1163" HEIGHT="54">
						<String ID="P47_ST00094" HPOS="1566" VPOS="2265" WIDTH="433" HEIGHT="52" CONTENT="Beiderwand-Vorhänge" WC="0.70" CC="2350650050450470600"/>
						<SP ID="P47_SP00080" HPOS="1999" VPOS="2317" WIDTH="19"/>
						<String ID="P47_ST00095" HPOS="2018" VPOS="2271" WIDTH="62" HEIGHT="34" CONTENT="mit" WC="0.98" CC="040"/>
						<SP ID="P47_SP00081" HPOS="2080" VPOS="2317" WIDTH="18"/>
						<String ID="P47_ST00096" HPOS="2098" VPOS="2274" WIDTH="268" HEIGHT="45" CONTENT="geometrischen" WC="0.99" CC="0440006602700"/>
						<SP ID="P47_SP00082" HPOS="2366" VPOS="2319" WIDTH="18"/>
						<String ID="P47_ST00097" HPOS="2384" VPOS="2278" WIDTH="168" HEIGHT="41" CONTENT="Mustern," WC="0.99" CC="02360204"/>
						<SP ID="P47_SP00083" HPOS="2552" VPOS="2319" WIDTH="17"/>
						<String ID="P47_ST00098" HPOS="2569" VPOS="2277" WIDTH="138" HEIGHT="36" CONTENT="Blumen" SUBS_TYPE="HypPart1" SUBS_CONTENT="Blumenmotiven" WC="0.99" CC="326010"/>
						<HYP HPOS="2707" VPOS="2277" WIDTH="22" CONTENT="-"/>
					</TextLine>
					<TextLine ID="P47_TL00016" HPOS="1566" VPOS="2320" WIDTH="1163" HEIGHT="57">
						<String ID="P47_ST00099" HPOS="1566" VPOS="2320" WIDTH="151" HEIGHT="34" CONTENT="motiven" SUBS_TYPE="HypPart2" SUBS_CONTENT="Blumenmotiven" WC="1.00" CC="0014000"/>
						<SP ID="P47_SP00084" HPOS="1717" VPOS="2354" WIDTH="15"/>
						<String ID="P47_ST00100" HPOS="1732" VPOS="2321" WIDTH="68" HEIGHT="33" CONTENT="und" WC="0.98" CC="400"/>
						<SP ID="P47_SP00085" HPOS="1800" VPOS="2354" WIDTH="15"/>
						<String ID="P47_ST00101" HPOS="1815" VPOS="2320" WIDTH="201" HEIGHT="48" CONTENT="figürlichen" WC="0.99" CC="77004030600"/>
						<SP ID="P47_SP00086" HPOS="2016" VPOS="2368" WIDTH="14"/>
						<String ID="P47_ST00102" HPOS="2030" VPOS="2325" WIDTH="259" HEIGHT="49" CONTENT="Darstellungen" WC="1.00" CC="0054040060000"/>
						<SP ID="P47_SP00087" HPOS="2289" VPOS="2374" WIDTH="14"/>
						<String ID="P47_ST00103" HPOS="2303" VPOS="2327" WIDTH="185" HEIGHT="36" CONTENT="biblischen" WC="0.99" CC="7464400700"/>
						<SP ID="P47_SP00088" HPOS="2488" VPOS="2374" WIDTH="17"/>
						<String ID="P47_ST00104" HPOS="2505" VPOS="2329" WIDTH="70" HEIGHT="35" CONTENT="und" WC="0.98" CC="500"/>
						<SP ID="P47_SP00089" HPOS="2575" VPOS="2374" WIDTH="14"/>
						<String ID="P47_ST00105" HPOS="2589" VPOS="2332" WIDTH="117" HEIGHT="45" CONTENT="mytho" SUBS_TYPE="HypPart1" SUBS_CONTENT="mythologischen" WC="0.98" CC="06060"/>
						<HYP HPOS="2706" VPOS="2332" WIDTH="23" CONTENT="-"/>
					</TextLine>
					<TextLine ID="P47_TL00017" HPOS="1566" VPOS="2371" WIDTH="1162" HEIGHT="58">
						<String ID="P47_ST00106" HPOS="1566" VPOS="2371" WIDTH="175" HEIGHT="48" CONTENT="logischen" SUBS_TYPE="HypPart2" SUBS_CONTENT="mythologischen" WC="0.99" CC="300240610"/>
						<SP ID="P47_SP00090" HPOS="1741" VPOS="2419" WIDTH="11"/>
						<String ID="P47_ST00107" HPOS="1752" VPOS="2374" WIDTH="155" HEIGHT="35" CONTENT="Inhaltes." WC="0.99" CC="006730600"/>
						<SP ID="P47_SP00091" HPOS="1907" VPOS="2419" WIDTH="29"/>
						<String ID="P47_ST00108" HPOS="1936" VPOS="2377" WIDTH="113" HEIGHT="34" CONTENT="Fleute" WC="0.98" CC="703700"/>
						<SP ID="P47_SP00092" HPOS="2049" VPOS="2419" WIDTH="15"/>
						<String ID="P47_ST00109" HPOS="2064" VPOS="2378" WIDTH="74" HEIGHT="34" CONTENT="sind" WC="0.98" CC="0530"/>
						<SP ID="P47_SP00093" HPOS="2138" VPOS="2419" WIDTH="17"/>
						<String ID="P47_ST00110" HPOS="2155" VPOS="2379" WIDTH="86" HEIGHT="35" CONTENT="diese" WC="0.98" CC="04016"/>
						<SP ID="P47_SP00094" HPOS="2241" VPOS="2419" WIDTH="11"/>
						<String ID="P47_ST00111" HPOS="2252" VPOS="2381" WIDTH="269" HEIGHT="48" CONTENT="Bethätigungen" WC="0.80" CC="0007005060060"/>
						<SP ID="P47_SP00095" HPOS="2521" VPOS="2429" WIDTH="15"/>
						<String ID="P47_ST00112" HPOS="2536" VPOS="2383" WIDTH="88" HEIGHT="35" CONTENT="eines" WC="0.99" CC="02040"/>
						<SP ID="P47_SP00096" HPOS="2624" VPOS="2429" WIDTH="17"/>
						<String ID="P47_ST00113" HPOS="2641" VPOS="2384" WIDTH="87" HEIGHT="34" CONTENT="alten" WC="0.98" CC="01056"/>
					</TextLine>
					<TextLine ID="P47_TL00018" HPOS="1567" VPOS="2425" WIDTH="1161" HEIGHT="58">
						<String ID="P47_ST00114" HPOS="1567" VPOS="2425" WIDTH="214" HEIGHT="35" CONTENT="Hausfleifses" WC="0.52" CC="697047467003"/>
						<SP ID="P47_SP00097" HPOS="1781" VPOS="2460" WIDTH="33"/>
						<String ID="P47_ST00115" HPOS="1814" VPOS="2428" WIDTH="36" HEIGHT="33" CONTENT="in" WC="0.88" CC="20"/>
						<SP ID="P47_SP00098" HPOS="1850" VPOS="2461" WIDTH="28"/>
						<String ID="P47_ST00116" HPOS="1878" VPOS="2428" WIDTH="384" HEIGHT="49" CONTENT="Schleswig-Holstein" WC="1.00" CC="007200030460400030"/>
						<SP ID="P47_SP00099" HPOS="2262" VPOS="2477" WIDTH="25"/>
						<String ID="P47_ST00117" HPOS="2287" VPOS="2446" WIDTH="37" HEIGHT="21" CONTENT="so" WC="0.87" CC="20"/>
						<SP ID="P47_SP00100" HPOS="2324" VPOS="2477" WIDTH="30"/>
						<String ID="P47_ST00118" HPOS="2354" VPOS="2444" WIDTH="61" HEIGHT="37" CONTENT="gut" WC="0.95" CC="076"/>
						<SP ID="P47_SP00101" HPOS="2415" VPOS="2481" WIDTH="27"/>
						<String ID="P47_ST00119" HPOS="2442" VPOS="2436" WIDTH="70" HEIGHT="34" CONTENT="wie" WC="0.97" CC="035"/>
						<SP ID="P47_SP00102" HPOS="2512" VPOS="2481" WIDTH="30"/>
						<String ID="P47_ST00120" HPOS="2542" VPOS="2449" WIDTH="81" HEIGHT="34" CONTENT="ganz" WC="0.98" CC="0036"/>
						<SP ID="P47_SP00103" HPOS="2623" VPOS="2483" WIDTH="29"/>
						<String ID="P47_ST00121" HPOS="2652" VPOS="2450" WIDTH="57" HEIGHT="21" CONTENT="aus" SUBS_TYPE="HypPart1" SUBS_CONTENT="ausgestorben" WC="0.97" CC="054"/>
						<HYP HPOS="2709" VPOS="2450" WIDTH="19" CONTENT="-"/>
					</TextLine>
					<TextLine ID="P47_TL00019" HPOS="1566" VPOS="2478" WIDTH="215" HEIGHT="46">
						<String ID="P47_ST00122" HPOS="1566" VPOS="2478" WIDTH="187" HEIGHT="46" CONTENT="gestorben." SUBS_TYPE="HypPart2" SUBS_CONTENT="ausgestorben" WC="0.99" CC="0000567000"/>
						<String ID="P47_ST00123" HPOS="1759" VPOS="2485" WIDTH="22" HEIGHT="15" CONTENT="cc" STYLE="superscript" WC="0.29" CC="76"/>
					</TextLine>
					<TextLine ID="P47_TL00020" HPOS="1644" VPOS="2531" WIDTH="1085" HEIGHT="50">
						<String ID="P47_ST00124" HPOS="1644" VPOS="2531" WIDTH="63" HEIGHT="35" CONTENT="Die" WC="1.00" CC="001"/>
						<SP ID="P47_SP00104" HPOS="1707" VPOS="2566" WIDTH="20"/>
						<String ID="P47_ST00125" HPOS="1727" VPOS="2534" WIDTH="184" HEIGHT="47" CONTENT="Anregung" WC="0.99" CC="00510600"/>
						<SP ID="P47_SP00105" HPOS="1911" VPOS="2581" WIDTH="24"/>
						<String ID="P47_ST00126" HPOS="1935" VPOS="2548" WIDTH="41" HEIGHT="21" CONTENT="zu" WC="0.51" CC="26"/>
						<SP ID="P47_SP00106" HPOS="1976" VPOS="2581" WIDTH="25"/>
						<String ID="P47_ST00127" HPOS="2001" VPOS="2535" WIDTH="77" HEIGHT="35" CONTENT="dem" WC="0.99" CC="030"/>
						<SP ID="P47_SP00107" HPOS="2078" VPOS="2581" WIDTH="20"/>
						<String ID="P47_ST00128" HPOS="2098" VPOS="2538" WIDTH="165" HEIGHT="41" CONTENT="Versuch," WC="0.99" CC="02201070"/>
						<SP ID="P47_SP00108" HPOS="2263" VPOS="2581" WIDTH="27"/>
						<String ID="P47_ST00129" HPOS="2290" VPOS="2539" WIDTH="88" HEIGHT="34" CONTENT="diese" WC="0.99" CC="00122"/>
						<SP ID="P47_SP00109" HPOS="2378" VPOS="2581" WIDTH="19"/>
						<String ID="P47_ST00130" HPOS="2397" VPOS="2541" WIDTH="103" HEIGHT="34" CONTENT="Hand" WC="0.97" CC="6060"/>
						<SP ID="P47_SP00110" HPOS="2500" VPOS="2581" WIDTH="4"/>
						<String ID="P47_ST00131" HPOS="2504" VPOS="2540" WIDTH="144" HEIGHT="36" CONTENT="Weberei" WC="0.99" CC="0500603"/>
						<SP ID="P47_SP00111" HPOS="2648" VPOS="2581" WIDTH="25"/>
						<String ID="P47_ST00132" HPOS="2673" VPOS="2542" WIDTH="56" HEIGHT="34" CONTENT="der" WC="0.97" CC="006"/>
					</TextLine>
					<TextLine ID="P47_TL00021" HPOS="1565" VPOS="2583" WIDTH="1163" HEIGHT="59">
						<String ID="P47_ST00133" HPOS="1565" VPOS="2583" WIDTH="88" HEIGHT="35" CONTENT="alten" WC="0.99" CC="03500"/>
						<SP ID="P47_SP00112" HPOS="1653" VPOS="2618" WIDTH="19"/>
						<String ID="P47_ST00134" HPOS="1672" VPOS="2584" WIDTH="200" HEIGHT="36" CONTENT="Hauskunst" WC="0.99" CC="477040010"/>
						<SP ID="P47_SP00113" HPOS="1872" VPOS="2620" WIDTH="19"/>
						<String ID="P47_ST00135" HPOS="1891" VPOS="2587" WIDTH="36" HEIGHT="35" CONTENT="in" WC="0.90" CC="20"/>
						<SP ID="P47_SP00114" HPOS="1927" VPOS="2622" WIDTH="20"/>
						<String ID="P47_ST00136" HPOS="1947" VPOS="2588" WIDTH="186" HEIGHT="49" CONTENT="Schleswig" WC="0.99" CC="006513000"/>
						<SP ID="P47_SP00115" HPOS="2133" VPOS="2637" WIDTH="19"/>
						<String ID="P47_ST00137" HPOS="2152" VPOS="2590" WIDTH="127" HEIGHT="35" CONTENT="wieder" WC="0.99" CC="034004"/>
						<SP ID="P47_SP00116" HPOS="2279" VPOS="2637" WIDTH="19"/>
						<String ID="P47_ST00138" HPOS="2298" VPOS="2590" WIDTH="233" HEIGHT="45" CONTENT="einzuführen," WC="0.99" CC="060060065204"/>
						<SP ID="P47_SP00117" HPOS="2531" VPOS="2637" WIDTH="28"/>
						<String ID="P47_ST00139" HPOS="2559" VPOS="2596" WIDTH="83" HEIGHT="46" CONTENT="ging" WC="0.99" CC="0400"/>
						<SP ID="P47_SP00118" HPOS="2642" VPOS="2642" WIDTH="18"/>
						<String ID="P47_ST00140" HPOS="2660" VPOS="2609" WIDTH="68" HEIGHT="21" CONTENT="von" WC="0.99" CC="002"/>
					</TextLine>
					<TextLine ID="P47_TL00022" HPOS="1566" VPOS="2637" WIDTH="1163" HEIGHT="54">
						<String ID="P47_ST00141" HPOS="1566" VPOS="2639" WIDTH="57" HEIGHT="32" CONTENT="Dr." WC="0.47" CC="464"/>
						<SP ID="P47_SP00119" HPOS="1623" VPOS="2671" WIDTH="20"/>
						<String ID="P47_ST00142" HPOS="1643" VPOS="2639" WIDTH="32" HEIGHT="33" CONTENT="F." WC="0.58" CC="43"/>
						<SP ID="P47_SP00120" HPOS="1675" VPOS="2672" WIDTH="23"/>
						<String ID="P47_ST00143" HPOS="1698" VPOS="2637" WIDTH="160" HEIGHT="36" CONTENT="Deneken" WC="0.88" CC="0500100"/>
						<SP ID="P47_SP00121" HPOS="1858" VPOS="2673" WIDTH="19"/>
						<String ID="P47_ST00144" HPOS="1877" VPOS="2653" WIDTH="70" HEIGHT="29" CONTENT="aus," WC="0.97" CC="0624"/>
						<SP ID="P47_SP00122" HPOS="1947" VPOS="2682" WIDTH="28"/>
						<String ID="P47_ST00145" HPOS="1975" VPOS="2641" WIDTH="76" HEIGHT="34" CONTENT="dem" WC="1.00" CC="000"/>
						<SP ID="P47_SP00123" HPOS="2051" VPOS="2682" WIDTH="27"/>
						<String ID="P47_ST00146" HPOS="2078" VPOS="2642" WIDTH="210" HEIGHT="49" CONTENT="ehemaligen" WC="0.99" CC="0710710014"/>
						<SP ID="P47_SP00124" HPOS="2288" VPOS="2691" WIDTH="17"/>
						<String ID="P47_ST00147" HPOS="2305" VPOS="2646" WIDTH="209" HEIGHT="35" CONTENT="Assistenten" WC="1.00" CC="02033100000"/>
						<SP ID="P47_SP00125" HPOS="2514" VPOS="2691" WIDTH="23"/>
						<String ID="P47_ST00148" HPOS="2537" VPOS="2660" WIDTH="55" HEIGHT="22" CONTENT="am" WC="1.00" CC="00"/>
						<SP ID="P47_SP00126" HPOS="2592" VPOS="2691" WIDTH="27"/>
						<String ID="P47_ST00149" HPOS="2619" VPOS="2650" WIDTH="83" HEIGHT="33" CONTENT="Ham" SUBS_TYPE="HypPart1" SUBS_CONTENT="Hamburger" WC="0.96" CC="770"/>
						<HYP HPOS="2702" VPOS="2650" WIDTH="27" CONTENT="-"/>
					</TextLine>
					<TextLine ID="P47_TL00023" HPOS="1564" VPOS="2688" WIDTH="1165" HEIGHT="59">
						<String ID="P47_ST00150" HPOS="1564" VPOS="2688" WIDTH="122" HEIGHT="49" CONTENT="burger" SUBS_TYPE="HypPart2" SUBS_CONTENT="Hamburger" WC="0.97" CC="644056"/>
						<SP ID="P47_SP00127" HPOS="1686" VPOS="2737" WIDTH="13"/>
						<String ID="P47_ST00151" HPOS="1699" VPOS="2693" WIDTH="130" HEIGHT="33" CONTENT="Kunst-" WC="0.99" CC="070204"/>
						<SP ID="P47_SP00128" HPOS="1829" VPOS="2737" WIDTH="16"/>
						<String ID="P47_ST00152" HPOS="1845" VPOS="2693" WIDTH="68" HEIGHT="35" CONTENT="und" WC="0.97" CC="440"/>
						<SP ID="P47_SP00129" HPOS="1913" VPOS="2737" WIDTH="11"/>
						<String ID="P47_ST00153" HPOS="1924" VPOS="2695" WIDTH="319" HEIGHT="35" CONTENT="Gewerbemuseum" WC="1.00" CC="2000004051000"/>
						<SP ID="P47_SP00130" HPOS="2243" VPOS="2737" WIDTH="16"/>
						<String ID="P47_ST00154" HPOS="2259" VPOS="2697" WIDTH="70" HEIGHT="34" CONTENT="und" WC="0.97" CC="150"/>
						<SP ID="P47_SP00131" HPOS="2329" VPOS="2737" WIDTH="12"/>
						<String ID="P47_ST00155" HPOS="2341" VPOS="2699" WIDTH="142" HEIGHT="48" CONTENT="jetzigen" WC="1.00" CC="52000000"/>
						<SP ID="P47_SP00132" HPOS="2483" VPOS="2747" WIDTH="13"/>
						<String ID="P47_ST00156" HPOS="2496" VPOS="2700" WIDTH="162" HEIGHT="35" CONTENT="Direktor" WC="0.99" CC="30502007"/>
						<SP ID="P47_SP00133" HPOS="2658" VPOS="2747" WIDTH="15"/>
						<String ID="P47_ST00157" HPOS="2673" VPOS="2715" WIDTH="56" HEIGHT="21" CONTENT="am" WC="1.00" CC="00"/>
					</TextLine>
					<TextLine ID="P47_TL00024" HPOS="1564" VPOS="2743" WIDTH="1165" HEIGHT="46">
						<String ID="P47_ST00158" HPOS="1564" VPOS="2743" WIDTH="116" HEIGHT="34" CONTENT="Kaiser" WC="0.99" CC="000006"/>
						<SP ID="P47_SP00134" HPOS="1680" VPOS="2777" WIDTH="18"/>
						<String ID="P47_ST00159" HPOS="1698" VPOS="2744" WIDTH="367" HEIGHT="37" CONTENT="Wilhelms-Museum" WC="1.00" CC="005634003032050"/>
						<SP ID="P47_SP00135" HPOS="2065" VPOS="2781" WIDTH="19"/>
						<String ID="P47_ST00160" HPOS="2084" VPOS="2748" WIDTH="35" HEIGHT="34" CONTENT="in" WC="0.41" CC="65"/>
						<SP ID="P47_SP00136" HPOS="2119" VPOS="2782" WIDTH="19"/>
						<String ID="P47_ST00161" HPOS="2138" VPOS="2747" WIDTH="147" HEIGHT="38" CONTENT="Krefeld." WC="0.99" CC="05001204"/>
						<SP ID="P47_SP00137" HPOS="2285" VPOS="2785" WIDTH="38"/>
						<String ID="P47_ST00162" HPOS="2323" VPOS="2753" WIDTH="52" HEIGHT="32" CONTENT="Im" WC="0.92" CC="10"/>
						<SP ID="P47_SP00138" HPOS="2375" VPOS="2785" WIDTH="14"/>
						<String ID="P47_ST00163" HPOS="2389" VPOS="2753" WIDTH="122" HEIGHT="34" CONTENT="Verein" WC="0.99" CC="006150"/>
						<SP ID="P47_SP00139" HPOS="2511" VPOS="2787" WIDTH="19"/>
						<String ID="P47_ST00164" HPOS="2530" VPOS="2754" WIDTH="64" HEIGHT="33" CONTENT="mit" WC="0.99" CC="020"/>
						<SP ID="P47_SP00140" HPOS="2594" VPOS="2787" WIDTH="19"/>
						<String ID="P47_ST00165" HPOS="2613" VPOS="2756" WIDTH="116" HEIGHT="33" CONTENT="Pastor" WC="0.98" CC="662007"/>
					</TextLine>
					<TextLine ID="P47_TL00025" HPOS="1562" VPOS="2795" WIDTH="1166" HEIGHT="48">
						<String ID="P47_ST00166" HPOS="1562" VPOS="2795" WIDTH="172" HEIGHT="45" CONTENT="Jacobsen," WC="0.77" CC="600063004"/>
						<SP ID="P47_SP00141" HPOS="1734" VPOS="2840" WIDTH="30"/>
						<String ID="P47_ST00167" HPOS="1764" VPOS="2797" WIDTH="57" HEIGHT="35" CONTENT="der" WC="0.98" CC="004"/>
						<SP ID="P47_SP00142" HPOS="1821" VPOS="2840" WIDTH="32"/>
						<String ID="P47_ST00168" HPOS="1853" VPOS="2799" WIDTH="35" HEIGHT="34" CONTENT="in" WC="1.00" CC="00"/>
						<SP ID="P47_SP00143" HPOS="1888" VPOS="2840" WIDTH="29"/>
						<String ID="P47_ST00169" HPOS="1917" VPOS="2800" WIDTH="219" HEIGHT="43" CONTENT="Scherrebek," WC="0.81" CC="00704010304"/>
						<SP ID="P47_SP00144" HPOS="2136" VPOS="2843" WIDTH="35"/>
						<String ID="P47_ST00170" HPOS="2171" VPOS="2802" WIDTH="111" HEIGHT="35" CONTENT="einem" WC="0.99" CC="30020"/>
						<SP ID="P47_SP00145" HPOS="2282" VPOS="2843" WIDTH="30"/>
						<String ID="P47_ST00171" HPOS="2312" VPOS="2804" WIDTH="69" HEIGHT="34" CONTENT="drei" WC="0.98" CC="0604"/>
						<SP ID="P47_SP00146" HPOS="2381" VPOS="2843" WIDTH="26"/>
						<String ID="P47_ST00172" HPOS="2407" VPOS="2805" WIDTH="131" HEIGHT="35" CONTENT="Meilen," WC="0.99" CC="0003160"/>
						<SP ID="P47_SP00147" HPOS="2538" VPOS="2843" WIDTH="30"/>
						<String ID="P47_ST00173" HPOS="2568" VPOS="2807" WIDTH="160" HEIGHT="34" CONTENT="nördlich" WC="0.98" CC="07603447"/>
					</TextLine>
					<TextLine ID="P47_TL00026" HPOS="1564" VPOS="2850" WIDTH="1165" HEIGHT="50">
						<String ID="P47_ST00174" HPOS="1564" VPOS="2862" WIDTH="69" HEIGHT="21" CONTENT="von" WC="1.00" CC="000"/>
						<SP ID="P47_SP00148" HPOS="1633" VPOS="2883" WIDTH="34"/>
						<String ID="P47_ST00175" HPOS="1667" VPOS="2850" WIDTH="159" HEIGHT="35" CONTENT="Tondern" WC="0.96" CC="0000020"/>
						<SP ID="P47_SP00149" HPOS="1826" VPOS="2885" WIDTH="35"/>
						<String ID="P47_ST00176" HPOS="1861" VPOS="2851" WIDTH="183" HEIGHT="49" CONTENT="gelegenen" WC="1.00" CC="032000010"/>
						<SP ID="P47_SP00150" HPOS="2044" VPOS="2900" WIDTH="30"/>
						<String ID="P47_ST00177" HPOS="2074" VPOS="2855" WIDTH="203" HEIGHT="41" CONTENT="Kirchdorf," WC="0.99" CC="0440703404"/>
						<SP ID="P47_SP00151" HPOS="2277" VPOS="2900" WIDTH="33"/>
						<String ID="P47_ST00178" HPOS="2310" VPOS="2858" WIDTH="61" HEIGHT="33" CONTENT="seit" WC="0.98" CC="2400"/>
						<SP ID="P47_SP00152" HPOS="2371" VPOS="2900" WIDTH="34"/>
						<String ID="P47_ST00179" HPOS="2405" VPOS="2858" WIDTH="90" HEIGHT="34" CONTENT="einer" WC="0.98" CC="11056"/>
						<SP ID="P47_SP00153" HPOS="2495" VPOS="2900" WIDTH="29"/>
						<String ID="P47_ST00180" HPOS="2524" VPOS="2860" WIDTH="107" HEIGHT="34" CONTENT="Reihe" WC="0.97" CC="50374"/>
						<SP ID="P47_SP00154" HPOS="2631" VPOS="2900" WIDTH="29"/>
						<String ID="P47_ST00181" HPOS="2660" VPOS="2874" WIDTH="69" HEIGHT="21" CONTENT="von" WC="1.00" CC="000"/>
					</TextLine>
					<TextLine ID="P47_TL00027" HPOS="1561" VPOS="2902" WIDTH="1167" HEIGHT="59">
						<String ID="P47_ST00182" HPOS="1561" VPOS="2902" WIDTH="119" HEIGHT="44" CONTENT="Jahren" WC="0.97" CC="496620"/>
						<SP ID="P47_SP00155" HPOS="1680" VPOS="2946" WIDTH="21"/>
						<String ID="P47_ST00183" HPOS="1701" VPOS="2904" WIDTH="34" HEIGHT="33" CONTENT="in" WC="0.86" CC="20"/>
						<SP ID="P47_SP00156" HPOS="1735" VPOS="2946" WIDTH="20"/>
						<String ID="P47_ST00184" HPOS="1755" VPOS="2905" WIDTH="331" HEIGHT="49" CONTENT="uneigennützigster" WC="1.00" CC="70030000020404004"/>
						<SP ID="P47_SP00157" HPOS="2086" VPOS="2954" WIDTH="19"/>
						<String ID="P47_ST00185" HPOS="2105" VPOS="2909" WIDTH="116" HEIGHT="33" CONTENT="Weise" WC="0.99" CC="02302"/>
						<SP ID="P47_SP00158" HPOS="2221" VPOS="2954" WIDTH="27"/>
						<String ID="P47_ST00186" HPOS="2248" VPOS="2909" WIDTH="52" HEIGHT="34" CONTENT="die" WC="0.96" CC="055"/>
						<SP ID="P47_SP00159" HPOS="2300" VPOS="2954" WIDTH="20"/>
						<String ID="P47_ST00187" HPOS="2320" VPOS="2909" WIDTH="158" HEIGHT="36" CONTENT="deutsche" WC="0.99" CC="02101070"/>
						<SP ID="P47_SP00160" HPOS="2478" VPOS="2954" WIDTH="19"/>
						<String ID="P47_ST00188" HPOS="2497" VPOS="2913" WIDTH="104" HEIGHT="34" CONTENT="Sache" WC="0.99" CC="00063"/>
						<SP ID="P47_SP00161" HPOS="2601" VPOS="2954" WIDTH="21"/>
						<String ID="P47_ST00189" HPOS="2622" VPOS="2926" WIDTH="106" HEIGHT="35" CONTENT="gegen" WC="0.99" CC="00005"/>
					</TextLine>
					<TextLine ID="P47_TL00028" HPOS="1564" VPOS="2954" WIDTH="1164" HEIGHT="57">
						<String ID="P47_ST00190" HPOS="1564" VPOS="2954" WIDTH="156" HEIGHT="36" CONTENT="dänische" WC="0.99" CC="00023460"/>
						<SP ID="P47_SP00162" HPOS="1720" VPOS="2990" WIDTH="21"/>
						<String ID="P47_ST00191" HPOS="1741" VPOS="2957" WIDTH="172" HEIGHT="35" CONTENT="Umtriebe" WC="0.99" CC="20055170"/>
						<SP ID="P47_SP00163" HPOS="1913" VPOS="2992" WIDTH="27"/>
						<String ID="P47_ST00192" HPOS="1940" VPOS="2971" WIDTH="40" HEIGHT="21" CONTENT="zu" WC="0.66" CC="06"/>
						<SP ID="P47_SP00164" HPOS="1980" VPOS="2992" WIDTH="21"/>
						<String ID="P47_ST00193" HPOS="2001" VPOS="2957" WIDTH="137" HEIGHT="38" CONTENT="fördern" WC="0.98" CC="0760066"/>
						<SP ID="P47_SP00165" HPOS="2138" VPOS="2995" WIDTH="20"/>
						<String ID="P47_ST00194" HPOS="2158" VPOS="2962" WIDTH="129" HEIGHT="40" CONTENT="suchte," WC="0.98" CC="0707664"/>
						<SP ID="P47_SP00166" HPOS="2287" VPOS="3002" WIDTH="27"/>
						<String ID="P47_ST00195" HPOS="2314" VPOS="2963" WIDTH="163" HEIGHT="48" CONTENT="gründete" WC="1.00" CC="05000300"/>
						<SP ID="P47_SP00167" HPOS="2477" VPOS="3011" WIDTH="27"/>
						<String ID="P47_ST00196" HPOS="2504" VPOS="2978" WIDTH="33" HEIGHT="21" CONTENT="er" WC="0.66" CC="06"/>
						<SP ID="P47_SP00168" HPOS="2537" VPOS="3011" WIDTH="20"/>
						<String ID="P47_ST00197" HPOS="2557" VPOS="2976" WIDTH="95" HEIGHT="25" CONTENT="unter" WC="0.97" CC="40906"/>
						<SP ID="P47_SP00169" HPOS="2652" VPOS="3011" WIDTH="19"/>
						<String ID="P47_ST00198" HPOS="2671" VPOS="2966" WIDTH="57" HEIGHT="35" CONTENT="der" WC="1.00" CC="000"/>
					</TextLine>
					<TextLine ID="P47_TL00029" HPOS="1563" VPOS="3009" WIDTH="1164" HEIGHT="58">
						<String ID="P47_ST00199" HPOS="1563" VPOS="3009" WIDTH="96" HEIGHT="32" CONTENT="Form" WC="0.98" CC="5050"/>
						<SP ID="P47_SP00170" HPOS="1659" VPOS="3041" WIDTH="21"/>
						<String ID="P47_ST00200" HPOS="1680" VPOS="3009" WIDTH="90" HEIGHT="34" CONTENT="einer" WC="0.99" CC="12005"/>
						<SP ID="P47_SP00171" HPOS="1770" VPOS="3043" WIDTH="19"/>
						<String ID="P47_ST00201" HPOS="1789" VPOS="3010" WIDTH="283" HEIGHT="36" CONTENT="Genossenschaft" WC="1.00" CC="03001010107070"/>
						<SP ID="P47_SP00172" HPOS="2072" VPOS="3046" WIDTH="19"/>
						<String ID="P47_ST00202" HPOS="2091" VPOS="3014" WIDTH="63" HEIGHT="33" CONTENT="mit" WC="0.99" CC="030"/>
						<SP ID="P47_SP00173" HPOS="2154" VPOS="3047" WIDTH="20"/>
						<String ID="P47_ST00203" HPOS="2174" VPOS="3013" WIDTH="235" HEIGHT="38" CONTENT="beschränkter" WC="0.99" CC="764072002026"/>
						<SP ID="P47_SP00174" HPOS="2409" VPOS="3051" WIDTH="19"/>
						<String ID="P47_ST00204" HPOS="2428" VPOS="3016" WIDTH="206" HEIGHT="51" CONTENT="Haftpflicht" WC="0.99" CC="70000664070"/>
						<SP ID="P47_SP00175" HPOS="2634" VPOS="3067" WIDTH="20"/>
						<String ID="P47_ST00205" HPOS="2654" VPOS="3020" WIDTH="73" HEIGHT="33" CONTENT="eine" WC="0.99" CC="1201"/>
					</TextLine>
					<TextLine ID="P47_TL00030" HPOS="1564" VPOS="3060" WIDTH="1163" HEIGHT="47">
						<String ID="P47_ST00206" HPOS="1564" VPOS="3060" WIDTH="120" HEIGHT="35" CONTENT="Schule" WC="0.99" CC="007610"/>
						<SP ID="P47_SP00176" HPOS="1684" VPOS="3095" WIDTH="24"/>
						<String ID="P47_ST00207" HPOS="1708" VPOS="3060" WIDTH="57" HEIGHT="36" CONTENT="für" WC="0.98" CC="005"/>
						<SP ID="P47_SP00177" HPOS="1765" VPOS="3096" WIDTH="20"/>
						<String ID="P47_ST00208" HPOS="1785" VPOS="3063" WIDTH="264" HEIGHT="37" CONTENT="Kunstweberei." WC="0.99" CC="0050004713532"/>
						<SP ID="P47_SP00178" HPOS="2049" VPOS="3100" WIDTH="37"/>
						<String ID="P47_ST00209" HPOS="2086" VPOS="3069" WIDTH="68" HEIGHT="31" CONTENT="Das" WC="0.96" CC="090"/>
						<SP ID="P47_SP00179" HPOS="2154" VPOS="3100" WIDTH="19"/>
						<String ID="P47_ST00210" HPOS="2173" VPOS="3069" WIDTH="254" HEIGHT="34" CONTENT="Unternehmen" WC="0.99" CC="66030007000"/>
						<SP ID="P47_SP00180" HPOS="2427" VPOS="3103" WIDTH="26"/>
						<String ID="P47_ST00211" HPOS="2453" VPOS="3072" WIDTH="59" HEIGHT="33" CONTENT="hat" WC="0.97" CC="700"/>
						<SP ID="P47_SP00181" HPOS="2512" VPOS="3105" WIDTH="19"/>
						<String ID="P47_ST00212" HPOS="2531" VPOS="3071" WIDTH="127" HEIGHT="36" CONTENT="überall" WC="0.99" CC="0625003"/>
						<SP ID="P47_SP00182" HPOS="2658" VPOS="3107" WIDTH="19"/>
						<String ID="P47_ST00213" HPOS="2677" VPOS="3073" WIDTH="50" HEIGHT="34" CONTENT="im" WC="0.69" CC="60"/>
					</TextLine>
					<TextLine ID="P47_TL00031" HPOS="1562" VPOS="3113" WIDTH="1162" HEIGHT="54">
						<String ID="P47_ST00214" HPOS="1562" VPOS="3113" WIDTH="114" HEIGHT="35" CONTENT="Lande" WC="0.97" CC="67006"/>
						<SP ID="P47_SP00183" HPOS="1676" VPOS="3148" WIDTH="19"/>
						<String ID="P47_ST00215" HPOS="1695" VPOS="3113" WIDTH="149" HEIGHT="37" CONTENT="lebhafte" WC="0.99" CC="07070007"/>
						<SP ID="P47_SP00184" HPOS="1844" VPOS="3150" WIDTH="19"/>
						<String ID="P47_ST00216" HPOS="1863" VPOS="3116" WIDTH="195" HEIGHT="36" CONTENT="Aufnahme" WC="0.99" CC="06000707"/>
						<SP ID="P47_SP00185" HPOS="2058" VPOS="3152" WIDTH="19"/>
						<String ID="P47_ST00217" HPOS="2077" VPOS="3117" WIDTH="186" HEIGHT="49" CONTENT="gefunden," WC="0.99" CC="070600774"/>
						<SP ID="P47_SP00186" HPOS="2263" VPOS="3166" WIDTH="30"/>
						<String ID="P47_ST00218" HPOS="2293" VPOS="3122" WIDTH="69" HEIGHT="34" CONTENT="und" WC="0.98" CC="600"/>
						<SP ID="P47_SP00187" HPOS="2362" VPOS="3166" WIDTH="25"/>
						<String ID="P47_ST00219" HPOS="2387" VPOS="3123" WIDTH="53" HEIGHT="34" CONTENT="bei" WC="0.93" CC="673"/>
						<SP ID="P47_SP00188" HPOS="2440" VPOS="3166" WIDTH="20"/>
						<String ID="P47_ST00220" HPOS="2460" VPOS="3123" WIDTH="78" HEIGHT="35" CONTENT="dem" WC="0.97" CC="070"/>
						<SP ID="P47_SP00189" HPOS="2538" VPOS="3166" WIDTH="19"/>
						<String ID="P47_ST00221" HPOS="2557" VPOS="3126" WIDTH="167" HEIGHT="41" CONTENT="Interesse," WC="0.99" CC="0707763074"/>
					</TextLine>
					<TextLine ID="P47_TL00032" HPOS="1562" VPOS="3165" WIDTH="1163" HEIGHT="60">
						<String ID="P47_ST00222" HPOS="1562" VPOS="3165" WIDTH="57" HEIGHT="36" CONTENT="das" WC="0.97" CC="071"/>
						<SP ID="P47_SP00190" HPOS="1619" VPOS="3201" WIDTH="28"/>
						<String ID="P47_ST00223" HPOS="1647" VPOS="3180" WIDTH="79" HEIGHT="21" CONTENT="man" WC="1.00" CC="000"/>
						<SP ID="P47_SP00191" HPOS="1726" VPOS="3201" WIDTH="27"/>
						<String ID="P47_ST00224" HPOS="1753" VPOS="3168" WIDTH="124" HEIGHT="36" CONTENT="diesem" WC="0.99" CC="034000"/>
						<SP ID="P47_SP00192" HPOS="1877" VPOS="3204" WIDTH="28"/>
						<String ID="P47_ST00225" HPOS="1905" VPOS="3171" WIDTH="149" HEIGHT="34" CONTENT="Versuch" WC="0.98" CC="0064626"/>
						<SP ID="P47_SP00193" HPOS="2054" VPOS="3205" WIDTH="30"/>
						<String ID="P47_ST00226" HPOS="2084" VPOS="3173" WIDTH="87" HEIGHT="34" CONTENT="auch" WC="0.97" CC="6007"/>
						<SP ID="P47_SP00194" HPOS="2171" VPOS="3207" WIDTH="28"/>
						<String ID="P47_ST00227" HPOS="2199" VPOS="3173" WIDTH="189" HEIGHT="37" CONTENT="außerhalb" WC="0.98" CC="769567003"/>
						<SP ID="P47_SP00195" HPOS="2388" VPOS="3210" WIDTH="30"/>
						<String ID="P47_ST00228" HPOS="2418" VPOS="3176" WIDTH="286" HEIGHT="49" CONTENT="Schleswig-Hol" SUBS_TYPE="HypPart1" SUBS_CONTENT="Schleswig-Holsteins" WC="1.00" CC="0060000404502"/>
						<HYP HPOS="2704" VPOS="3176" WIDTH="21" CONTENT="-"/>
					</TextLine>
					<TextLine ID="P47_TL00033" HPOS="1562" VPOS="3219" WIDTH="1166" HEIGHT="60">
						<String ID="P47_ST00229" HPOS="1562" VPOS="3219" WIDTH="99" HEIGHT="34" CONTENT="steins" SUBS_TYPE="HypPart2" SUBS_CONTENT="Schleswig-Holsteins" WC="0.98" CC="000574"/>
						<SP ID="P47_SP00196" HPOS="1661" VPOS="3253" WIDTH="30"/>
						<String ID="P47_ST00230" HPOS="1691" VPOS="3222" WIDTH="325" HEIGHT="47" CONTENT="entgegengebracht" WC="1.00" CC="0000503600460070"/>
						<SP ID="P47_SP00197" HPOS="2016" VPOS="3269" WIDTH="19"/>
						<String ID="P47_ST00231" HPOS="2035" VPOS="3225" WIDTH="70" HEIGHT="40" CONTENT="hat," WC="0.96" CC="7704"/>
						<SP ID="P47_SP00198" HPOS="2105" VPOS="3269" WIDTH="21"/>
						<String ID="P47_ST00232" HPOS="2126" VPOS="3227" WIDTH="88" HEIGHT="33" CONTENT="steht" WC="0.99" CC="00060"/>
						<SP ID="P47_SP00199" HPOS="2214" VPOS="3269" WIDTH="20"/>
						<String ID="P47_ST00233" HPOS="2234" VPOS="3240" WIDTH="40" HEIGHT="21" CONTENT="zu" WC="0.51" CC="45"/>
						<SP ID="P47_SP00200" HPOS="2274" VPOS="3269" WIDTH="24"/>
						<String ID="P47_ST00234" HPOS="2298" VPOS="3226" WIDTH="131" HEIGHT="43" CONTENT="hoffen," WC="0.98" CC="7060304"/>
						<SP ID="P47_SP00201" HPOS="2429" VPOS="3269" WIDTH="27"/>
						<String ID="P47_ST00235" HPOS="2456" VPOS="3229" WIDTH="72" HEIGHT="36" CONTENT="dafs" WC="0.82" CC="0060"/>
						<SP ID="P47_SP00202" HPOS="2528" VPOS="3269" WIDTH="21"/>
						<String ID="P47_ST00236" HPOS="2549" VPOS="3230" WIDTH="56" HEIGHT="35" CONTENT="das" WC="0.97" CC="070"/>
						<SP ID="P47_SP00203" HPOS="2605" VPOS="3269" WIDTH="22"/>
						<String ID="P47_ST00237" HPOS="2627" VPOS="3244" WIDTH="81" HEIGHT="35" CONTENT="ange" SUBS_TYPE="HypPart1" SUBS_CONTENT="angestrebte" WC="1.00" CC="0001"/>
						<HYP HPOS="2708" VPOS="3244" WIDTH="20" CONTENT="-"/>
					</TextLine>
					<TextLine ID="P47_TL00034" HPOS="1561" VPOS="3272" WIDTH="1168" HEIGHT="47">
						<String ID="P47_ST00238" HPOS="1561" VPOS="3272" WIDTH="120" HEIGHT="35" CONTENT="strebte" SUBS_TYPE="HypPart2" SUBS_CONTENT="angestrebte" WC="0.99" CC="0050701"/>
						<SP ID="P47_SP00204" HPOS="1681" VPOS="3307" WIDTH="24"/>
						<String ID="P47_ST00239" HPOS="1705" VPOS="3274" WIDTH="71" HEIGHT="34" CONTENT="Ziel" WC="0.99" CC="0113"/>
						<SP ID="P47_SP00205" HPOS="1776" VPOS="3308" WIDTH="27"/>
						<String ID="P47_ST00240" HPOS="1803" VPOS="3276" WIDTH="34" HEIGHT="33" CONTENT="in" WC="0.83" CC="30"/>
						<SP ID="P47_SP00206" HPOS="1837" VPOS="3309" WIDTH="33"/>
						<String ID="P47_ST00241" HPOS="1870" VPOS="3275" WIDTH="194" HEIGHT="37" CONTENT="absehbarer" WC="0.99" CC="0000700644"/>
						<SP ID="P47_SP00207" HPOS="2064" VPOS="3312" WIDTH="29"/>
						<String ID="P47_ST00242" HPOS="2093" VPOS="3279" WIDTH="73" HEIGHT="33" CONTENT="Zeit" WC="0.99" CC="0003"/>
						<SP ID="P47_SP00208" HPOS="2166" VPOS="3312" WIDTH="26"/>
						<String ID="P47_ST00243" HPOS="2192" VPOS="3281" WIDTH="139" HEIGHT="34" CONTENT="erreicht" WC="0.99" CC="07003470"/>
						<SP ID="P47_SP00209" HPOS="2331" VPOS="3315" WIDTH="24"/>
						<String ID="P47_ST00244" HPOS="2355" VPOS="3282" WIDTH="140" HEIGHT="35" CONTENT="werden" WC="0.98" CC="056050"/>
						<SP ID="P47_SP00210" HPOS="2495" VPOS="3317" WIDTH="31"/>
						<String ID="P47_ST00245" HPOS="2526" VPOS="3284" WIDTH="99" HEIGHT="35" CONTENT="wird." WC="0.98" CC="03503"/>
						<SP ID="P47_SP00211" HPOS="2625" VPOS="3319" WIDTH="40"/>
						<String ID="P47_ST00246" HPOS="2665" VPOS="3286" WIDTH="64" HEIGHT="33" CONTENT="Die" WC="0.98" CC="033"/>
					</TextLine>
					<TextLine ID="P47_TL00035" HPOS="1561" VPOS="3325" WIDTH="1168" HEIGHT="47">
						<String ID="P47_ST00247" HPOS="1561" VPOS="3325" WIDTH="238" HEIGHT="36" CONTENT="Scherrebeker" WC="0.74" CC="016044204302"/>
						<SP ID="P47_SP00212" HPOS="1799" VPOS="3361" WIDTH="25"/>
						<String ID="P47_ST00248" HPOS="1824" VPOS="3328" WIDTH="210" HEIGHT="36" CONTENT="Webschule" WC="0.99" CC="010007321"/>
						<SP ID="P47_SP00213" HPOS="2034" VPOS="3364" WIDTH="26"/>
						<String ID="P47_ST00249" HPOS="2060" VPOS="3329" WIDTH="86" HEIGHT="37" CONTENT="fufst" WC="1.00" CC="00000"/>
						<SP ID="P47_SP00214" HPOS="2146" VPOS="3366" WIDTH="25"/>
						<String ID="P47_ST00250" HPOS="2171" VPOS="3333" WIDTH="96" HEIGHT="34" CONTENT="nicht" WC="1.00" CC="01000"/>
						<SP ID="P47_SP00215" HPOS="2267" VPOS="3367" WIDTH="24"/>
						<String ID="P47_ST00251" HPOS="2291" VPOS="3333" WIDTH="64" HEIGHT="35" CONTENT="auf" WC="0.99" CC="030"/>
						<SP ID="P47_SP00216" HPOS="2355" VPOS="3368" WIDTH="20"/>
						<String ID="P47_ST00252" HPOS="2375" VPOS="3335" WIDTH="209" HEIGHT="36" CONTENT="heimischen" WC="1.00" CC="0040400010"/>
						<SP ID="P47_SP00217" HPOS="2584" VPOS="3371" WIDTH="24"/>
						<String ID="P47_ST00253" HPOS="2608" VPOS="3338" WIDTH="101" HEIGHT="34" CONTENT="Tradi" SUBS_TYPE="HypPart1" SUBS_CONTENT="Traditionen;" WC="0.99" CC="05003"/>
						<HYP HPOS="2709" VPOS="3338" WIDTH="20" CONTENT="-"/>
					</TextLine>
					<TextLine ID="P47_TL00036" HPOS="1561" VPOS="3378" WIDTH="1168" HEIGHT="61">
						<String ID="P47_ST00254" HPOS="1561" VPOS="3378" WIDTH="135" HEIGHT="43" CONTENT="tionen;" SUBS_TYPE="HypPart2" SUBS_CONTENT="Traditionen;" WC="0.99" CC="0430009"/>
						<SP ID="P47_SP00218" HPOS="1696" VPOS="3421" WIDTH="21"/>
						<String ID="P47_ST00255" HPOS="1717" VPOS="3380" WIDTH="45" HEIGHT="34" CONTENT="sie" WC="0.98" CC="220"/>
						<SP ID="P47_SP00219" HPOS="1762" VPOS="3421" WIDTH="19"/>
						<String ID="P47_ST00256" HPOS="1781" VPOS="3382" WIDTH="59" HEIGHT="33" CONTENT="hat" WC="1.00" CC="000"/>
						<SP ID="P47_SP00220" HPOS="1840" VPOS="3421" WIDTH="19"/>
						<String ID="P47_ST00257" HPOS="1859" VPOS="3394" WIDTH="58" HEIGHT="23" CONTENT="aus" WC="0.98" CC="050"/>
						<SP ID="P47_SP00221" HPOS="1917" VPOS="3421" WIDTH="21"/>
						<String ID="P47_ST00258" HPOS="1938" VPOS="3384" WIDTH="198" HEIGHT="48" CONTENT="Norwegen" WC="0.99" CC="50504054"/>
						<SP ID="P47_SP00222" HPOS="2136" VPOS="3432" WIDTH="21"/>
						<String ID="P47_ST00259" HPOS="2157" VPOS="3385" WIDTH="70" HEIGHT="34" CONTENT="und" WC="0.98" CC="600"/>
						<SP ID="P47_SP00223" HPOS="2227" VPOS="3432" WIDTH="21"/>
						<String ID="P47_ST00260" HPOS="2248" VPOS="3387" WIDTH="188" HEIGHT="35" CONTENT="Schweden" WC="1.00" CC="00002010"/>
						<SP ID="P47_SP00224" HPOS="2436" VPOS="3432" WIDTH="20"/>
						<String ID="P47_ST00261" HPOS="2456" VPOS="3389" WIDTH="63" HEIGHT="35" CONTENT="alle" WC="0.98" CC="0432"/>
						<SP ID="P47_SP00225" HPOS="2519" VPOS="3432" WIDTH="21"/>
						<String ID="P47_ST00262" HPOS="2540" VPOS="3390" WIDTH="189" HEIGHT="49" CONTENT="diejenigen" WC="1.00" CC="0403003100"/>
					</TextLine>
					<TextLine ID="P47_TL00037" HPOS="1560" VPOS="3431" WIDTH="1169" HEIGHT="50">
						<String ID="P47_ST00263" HPOS="1560" VPOS="3431" WIDTH="198" HEIGHT="36" CONTENT="Techniken" WC="0.99" CC="000065320"/>
						<SP ID="P47_SP00226" HPOS="1758" VPOS="3467" WIDTH="25"/>
						<String ID="P47_ST00264" HPOS="1783" VPOS="3433" WIDTH="57" HEIGHT="34" CONTENT="der" WC="0.97" CC="015"/>
						<SP ID="P47_SP00227" HPOS="1840" VPOS="3467" WIDTH="19"/>
						<String ID="P47_ST00265" HPOS="1859" VPOS="3434" WIDTH="251" HEIGHT="37" CONTENT="Handweberei" WC="0.99" CC="40000570640"/>
						<SP ID="P47_SP00228" HPOS="2110" VPOS="3471" WIDTH="26"/>
						<String ID="P47_ST00266" HPOS="2136" VPOS="3437" WIDTH="258" HEIGHT="44" CONTENT="übernommen," WC="1.00" CC="00060000604"/>
						<SP ID="P47_SP00229" HPOS="2394" VPOS="3481" WIDTH="26"/>
						<String ID="P47_ST00267" HPOS="2420" VPOS="3441" WIDTH="54" HEIGHT="35" CONTENT="die" WC="1.00" CC="000"/>
						<SP ID="P47_SP00230" HPOS="2474" VPOS="3481" WIDTH="24"/>
						<String ID="P47_ST00268" HPOS="2498" VPOS="3456" WIDTH="57" HEIGHT="21" CONTENT="zur" WC="0.96" CC="136"/>
						<SP ID="P47_SP00231" HPOS="2555" VPOS="3481" WIDTH="20"/>
						<String ID="P47_ST00269" HPOS="2575" VPOS="3444" WIDTH="71" HEIGHT="34" CONTENT="Zeit" WC="0.99" CC="0500"/>
						<SP ID="P47_SP00232" HPOS="2646" VPOS="3481" WIDTH="20"/>
						<String ID="P47_ST00270" HPOS="2666" VPOS="3446" WIDTH="63" HEIGHT="33" CONTENT="mit" WC="0.99" CC="020"/>
					</TextLine>
					<TextLine ID="P47_TL00038" HPOS="1560" VPOS="3484" WIDTH="1169" HEIGHT="51">
						<String ID="P47_ST00271" HPOS="1560" VPOS="3497" WIDTH="38" HEIGHT="20" CONTENT="so" WC="1.00" CC="00"/>
						<SP ID="P47_SP00233" HPOS="1598" VPOS="3517" WIDTH="18"/>
						<String ID="P47_ST00272" HPOS="1616" VPOS="3484" WIDTH="150" HEIGHT="47" CONTENT="grofsem" WC="0.70" CC="0607600"/>
						<SP ID="P47_SP00234" HPOS="1766" VPOS="3531" WIDTH="24"/>
						<String ID="P47_ST00273" HPOS="1790" VPOS="3485" WIDTH="119" HEIGHT="50" CONTENT="Erfolg" WC="1.00" CC="000020"/>
						<SP ID="P47_SP00235" HPOS="1909" VPOS="3535" WIDTH="23"/>
						<String ID="P47_ST00274" HPOS="1932" VPOS="3488" WIDTH="46" HEIGHT="34" CONTENT="als" WC="0.99" CC="012"/>
						<SP ID="P47_SP00236" HPOS="1978" VPOS="3535" WIDTH="24"/>
						<String ID="P47_ST00275" HPOS="2002" VPOS="3489" WIDTH="190" HEIGHT="37" CONTENT="beliebteste" WC="1.00" CC="00034000500"/>
						<SP ID="P47_SP00237" HPOS="2192" VPOS="3535" WIDTH="26"/>
						<String ID="P47_ST00276" HPOS="2218" VPOS="3493" WIDTH="231" HEIGHT="36" CONTENT="Frauenkunst" WC="0.99" CC="04003607020"/>
						<SP ID="P47_SP00238" HPOS="2449" VPOS="3535" WIDTH="23"/>
						<String ID="P47_ST00277" HPOS="2472" VPOS="3496" WIDTH="48" HEIGHT="34" CONTENT="im" WC="1.00" CC="00"/>
						<SP ID="P47_SP00239" HPOS="2520" VPOS="3535" WIDTH="26"/>
						<String ID="P47_ST00278" HPOS="2546" VPOS="3496" WIDTH="163" HEIGHT="36" CONTENT="skandina" SUBS_TYPE="HypPart1" SUBS_CONTENT="skandinavischen" WC="1.00" CC="30000100"/>
						<HYP HPOS="2709" VPOS="3496" WIDTH="20" CONTENT="-"/>
					</TextLine>
					<TextLine ID="P47_TL00039" HPOS="1560" VPOS="3537" WIDTH="587" HEIGHT="51">
						<String ID="P47_ST00279" HPOS="1560" VPOS="3537" WIDTH="136" HEIGHT="35" CONTENT="vischen" SUBS_TYPE="HypPart2" SUBS_CONTENT="skandinavischen" WC="0.99" CC="0510740"/>
						<SP ID="P47_SP00240" HPOS="1696" VPOS="3572" WIDTH="19"/>
						<String ID="P47_ST00280" HPOS="1715" VPOS="3540" WIDTH="143" HEIGHT="35" CONTENT="Norden" WC="0.98" CC="306060"/>
						<SP ID="P47_SP00241" HPOS="1858" VPOS="3575" WIDTH="20"/>
						<String ID="P47_ST00281" HPOS="1878" VPOS="3542" WIDTH="102" HEIGHT="46" CONTENT="geübt" WC="0.99" CC="05000"/>
						<SP ID="P47_SP00242" HPOS="1980" VPOS="3588" WIDTH="19"/>
						<String ID="P47_ST00282" HPOS="1999" VPOS="3543" WIDTH="148" HEIGHT="37" CONTENT="werden." WC="0.99" CC="0640063"/>
					</TextLine>
					<TextLine ID="P47_TL00040" HPOS="1639" VPOS="3591" WIDTH="1090" HEIGHT="52">
						<String ID="P47_ST00283" HPOS="1639" VPOS="3591" WIDTH="90" HEIGHT="41" CONTENT="„Die" WC="0.97" CC="7040"/>
						<SP ID="P47_SP00243" HPOS="1729" VPOS="3632" WIDTH="19"/>
						<String ID="P47_ST00284" HPOS="1748" VPOS="3606" WIDTH="68" HEIGHT="21" CONTENT="von" WC="0.98" CC="006"/>
						<SP ID="P47_SP00244" HPOS="1816" VPOS="3632" WIDTH="26"/>
						<String ID="P47_ST00285" HPOS="1842" VPOS="3594" WIDTH="186" HEIGHT="48" CONTENT="ständigen," WC="1.00" CC="4000000000"/>
						<SP ID="P47_SP00245" HPOS="2028" VPOS="3642" WIDTH="21"/>
						<String ID="P47_ST00286" HPOS="2049" VPOS="3597" WIDTH="194" HEIGHT="46" CONTENT="geschulten" WC="0.99" CC="0002763000"/>
						<SP ID="P47_SP00246" HPOS="2243" VPOS="3643" WIDTH="20"/>
						<String ID="P47_ST00287" HPOS="2263" VPOS="3599" WIDTH="235" HEIGHT="37" CONTENT="Weberinnen" WC="0.99" CC="0170656000"/>
						<SP ID="P47_SP00247" HPOS="2498" VPOS="3643" WIDTH="20"/>
						<String ID="P47_ST00288" HPOS="2518" VPOS="3602" WIDTH="57" HEIGHT="35" CONTENT="der" WC="0.96" CC="047"/>
						<SP ID="P47_SP00248" HPOS="2575" VPOS="3643" WIDTH="19"/>
						<String ID="P47_ST00289" HPOS="2594" VPOS="3604" WIDTH="135" HEIGHT="35" CONTENT="Anstalt" WC="1.00" CC="0000050"/>
					</TextLine>
					<TextLine ID="P47_TL00041" HPOS="1560" VPOS="3643" WIDTH="1168" HEIGHT="62">
						<String ID="P47_ST00290" HPOS="1560" VPOS="3643" WIDTH="87" HEIGHT="34" CONTENT="nach" WC="0.98" CC="0007"/>
						<SP ID="P47_SP00249" HPOS="1647" VPOS="3677" WIDTH="21"/>
						<String ID="P47_ST00291" HPOS="1668" VPOS="3643" WIDTH="266" HEIGHT="38" CONTENT="künstlerischen" WC="1.00" CC="40020306650010"/>
						<SP ID="P47_SP00250" HPOS="1934" VPOS="3681" WIDTH="20"/>
						<String ID="P47_ST00292" HPOS="1954" VPOS="3648" WIDTH="204" HEIGHT="36" CONTENT="Entwürfen" WC="0.99" CC="300007700"/>
						<SP ID="P47_SP00251" HPOS="2158" VPOS="3684" WIDTH="21"/>
						<String ID="P47_ST00293" HPOS="2179" VPOS="3651" WIDTH="241" HEIGHT="49" CONTENT="ausgeführten" WC="1.00" CC="066060000040"/>
						<SP ID="P47_SP00252" HPOS="2420" VPOS="3700" WIDTH="17"/>
						<String ID="P47_ST00294" HPOS="2437" VPOS="3656" WIDTH="291" HEIGHT="49" CONTENT="Wandteppiche," WC="1.00" CC="0000010031004"/>
					</TextLine>
					<TextLine ID="P47_TL00042" HPOS="1561" VPOS="3695" WIDTH="1168" HEIGHT="62">
						<String ID="P47_ST00295" HPOS="1561" VPOS="3695" WIDTH="243" HEIGHT="52" CONTENT="Kissenbezüge" WC="0.99" CC="343400700006"/>
						<SP ID="P47_SP00253" HPOS="1804" VPOS="3747" WIDTH="12"/>
						<String ID="P47_ST00296" HPOS="1816" VPOS="3709" WIDTH="59" HEIGHT="24" CONTENT="etc." WC="0.98" CC="4003"/>
						<SP ID="P47_SP00254" HPOS="1875" VPOS="3747" WIDTH="19"/>
						<String ID="P47_ST00297" HPOS="1894" VPOS="3700" WIDTH="75" HEIGHT="35" CONTENT="sind" WC="0.98" CC="4200"/>
						<SP ID="P47_SP00255" HPOS="1969" VPOS="3747" WIDTH="14"/>
						<String ID="P47_ST00298" HPOS="1983" VPOS="3702" WIDTH="35" HEIGHT="33" CONTENT="in" WC="0.67" CC="06"/>
						<SP ID="P47_SP00256" HPOS="2018" VPOS="3747" WIDTH="12"/>
						<String ID="P47_ST00299" HPOS="2030" VPOS="3702" WIDTH="56" HEIGHT="35" CONTENT="der" WC="0.97" CC="026"/>
						<SP ID="P47_SP00257" HPOS="2086" VPOS="3747" WIDTH="15"/>
						<String ID="P47_ST00300" HPOS="2101" VPOS="3704" WIDTH="142" HEIGHT="43" CONTENT="uralten," WC="1.00" CC="10030000"/>
						<SP ID="P47_SP00258" HPOS="2243" VPOS="3747" WIDTH="18"/>
						<String ID="P47_ST00301" HPOS="2261" VPOS="3706" WIDTH="195" HEIGHT="48" CONTENT="primitiven" WC="0.99" CC="0350502017"/>
						<SP ID="P47_SP00259" HPOS="2456" VPOS="3754" WIDTH="13"/>
						<String ID="P47_ST00302" HPOS="2469" VPOS="3711" WIDTH="260" HEIGHT="46" CONTENT="norwegischen" WC="1.00" CC="602000420700"/>
					</TextLine>
				</TextBlock>
				<TextBlock ID="P47_TB00004" HPOS="669" VPOS="3715" WIDTH="208" HEIGHT="24" STYLEREFS="TXT_3 PAR_LEFT">
					<TextLine ID="P47_TL00043" HPOS="670" VPOS="3718" WIDTH="206" HEIGHT="18">
						<String ID="P47_ST00303" HPOS="670" VPOS="3718" WIDTH="206" HEIGHT="18" CONTENT="MELANCHOLIE" WC="0.99" CC="00003051261"/>
					</TextLine>
				</TextBlock>
				<TextBlock ID="P47_TB00005" HPOS="319" VPOS="3715" WIDTH="334" HEIGHT="25" STYLEREFS="TXT_3 PAR_LEFT">
					<TextLine ID="P47_TL00044" HPOS="319" VPOS="3716" WIDTH="330" HEIGHT="24">
						<String ID="P47_ST00304" HPOS="319" VPOS="3716" WIDTH="109" HEIGHT="18" CONTENT="ALFRED" WC="0.99" CC="032206"/>
						<SP ID="P47_SP00260" HPOS="428" VPOS="3734" WIDTH="19"/>
						<String ID="P47_ST00305" HPOS="447" VPOS="3717" WIDTH="202" HEIGHT="23" CONTENT="MOHRBUTTER" WC="1.00" CC="0054000000"/>
					</TextLine>
				</TextBlock>
				<ComposedBlock ID="P47_CB00001" HPOS="291" VPOS="1739" WIDTH="1227" HEIGHT="1967" STYLEREFS="TXT_4 PAR_LEFT" TYPE="Illustration">
					<GraphicalElement ID="P47_CB00001_SUB" HPOS="291" VPOS="1739" WIDTH="1227" HEIGHT="1967"/>
				</ComposedBlock>
			</PrintSpace>
		</Page>
	</Layout>
</alto>
