3630 4572
2019 3894 217 41 288

862 549 191 40 aussehen
1159 555 167 40 wogten
1354 540 70 39 auf
1446 538 85 39 und
1560 536 148 46 nieder,
1740 534 89 40 bald
1858 533 85 39 sich
1961 531 76 39 fast

864 624 70 26 zur
962 609 104 40 Erde
1096 605 189 53 neigend,
1324 603 106 38 dann
1464 599 151 39 wieder
1652 594 383 54 hochaufgerichtet.

863 673 97 38 Wie
990 668 164 41 Schiffer
1159 669 122 37 boote
1311 664 69 39 auf
1402 661 201 40 tosenden
1631 658 189 39 Wellen!

944 732 127 40 Nicht
1098 730 113 50 lange
1246 725 84 40 und
1363 724 65 39 ich
1464 722 115 40 stand
1612 733 118 27 unter
1770 718 80 39 den
1878 717 160 39 Föhren

863 796 71 39 des
963 789 318 52 Krähenberges!

945 856 97 38 Wie
1072 853 125 39 schön
1305 846 243 41 unheimlich
1577 844 142 39 schön!

945 918 70 39 Ich
1049 915 138 40 wickle
1227 911 105 40 mich
1368 910 78 38 fest
1483 909 41 38 in
1557 906 161 40 meinen
1751 902 164 41 Mantel.
1972 902 69 37 An

865 981 122 38 einen
1024 979 148 37 Stamm
1217 973 164 53 gelehnt
1417 970 151 40 horche
1603 967 65 40 ich
1703 967 135 38 hinaus
1874 963 71 40 auf
1977 963 62 39 die

867 1040 250 45 Melodieen,
1160 1037 62 39 die
1262 1035 70 38 der
1371 1035 133 37 Sturm
1540 1030 85 41 hier
1663 1030 117 50 singt.
1834 1026 99 40 Wie
1972 1025 68 39 das

867 1104 132 38 knarrt
1012 1100 84 40 und
1112 1099 114 38 ächzt
1241 1097 83 39 und
1341 1096 148 38 stöhnt.
1509 1092 95 40 Bald
1620 1090 174 54 qualvoll
1806 1087 235 55 jammernd,

868 1164 89 40 bald
978 1163 74 53 gell
1081 1157 307 43 aufkreischend
1406 1155 85 40 und
1512 1155 108 38 dann
1639 1153 75 38 wie
1735 1151 307 40 unterdrücktes

867 1227 244 39 Wimmern.
1158 1222 137 39 Ueber
1319 1220 58 39 all’
1399 1219 136 39 diesen
1554 1216 280 39 Nebentönen
1863 1213 95 39 aber
1979 1212 64 39 die

867 1289 102 40 helle
1015 1286 99 53 gelle
1153 1281 351 46 Sturmlustweise,
1550 1279 62 38 die
1650 1276 184 55 pfeifend
1872 1289 68 25 um
1980 1274 63 39 die

869 1353 172 37 Stämme
1060 1347 122 46 heult,
1203 1346 62 39 die
1286 1344 63 39 die
1369 1343 167 39 Kronen
1560 1340 191 40 schüttelt
1774 1338 84 40 und
1877 1336 109 41 hoch
2004 1336 41 38 in

869 1414 80 38 den
981 1410 152 40 Lüften
1172 1408 83 39 sich
1291 1404 198 41 wirbelnd
1524 1417 70 25 um
1631 1402 83 39 sich
1754 1400 128 40 selber
1918 1398 126 40 dreht.

949 1472 97 40 Und
1062 1470 250 41 dazwischen
1324 1467 149 40 wieder
1488 1466 172 40 heiseres
1676 1461 369 53 Krähengekrächz.

952 1531 327 55 Aufgescheucht
1317 1544 65 25 aus
1421 1529 116 40 ihren
1573 1527 184 39 Horsten
1796 1525 159 39 flattern
1992 1522 54 39 sie

871 1596 210 42 schreiend
1108 1595 84 39 und
1218 1592 182 41 lärmend
1427 1591 155 46 umher,
1610 1602 97 26 vom
1728 1589 129 37 Sturm
1883 1585 138 40 manch-

871 1660 86 47 mal,
987 1658 143 40 mitten
1157 1657 53 38 im
1236 1654 201 52 Auffluge,
1466 1652 97 40 weit
1589 1651 43 40 in
1661 1651 62 38 die
1744 1649 128 40 Haide
1902 1647 146 52 gefegt.

952 1720 98 40 Und
1092 1720 107 38 dann
1241 1717 148 40 wieder
1432 1714 341 51 sekundenlanges
1813 1710 237 52 Schweigen

874 1785 85 40 und
985 1782 134 40 tiefste
1149 1780 104 39 Stille
1283 1809 99 9 ....

956 1846 99 38 Was
1084 1844 51 39 ist
1164 1843 116 39 das??

957 1909 50 37 Es
1035 1908 87 38 kam
1150 1905 111 40 nicht
1290 1918 65 25 aus
1385 1904 80 39 den
1484 1903 180 46 Kronen,
1694 1913 40 26 es
1754 1913 82 26 war
1855 1899 76 39 wie
1961 1899 89 37 eine

878 1969 393 42 Menschenstimme.
1328 1969 75 38 Ein
1437 1966 261 40 Aufstöhnen
1733 1964 42 38 in
1813 1960 239 55 qualvollem

874 2035 181 47 Jammer.
1077 2063 8 8 .
1106 2061 36 9 ..
1173 2032 112 39 Aber
1314 2043 83 26 wer
1425 2029 126 40 weint
1579 2027 107 39 hier?
1716 2026 83 38 Um
1827 2024 107 39 diese
1963 2022 90 39 Zeit

879 2096 83 39 und
993 2094 62 40 bei
1084 2094 178 39 solchem
1290 2093 192 39 Wetter?

959 2157 97 39 Und
1084 2157 65 39 ich
1175 2156 151 39 horche
1355 2155 138 40 hinaus
1521 2153 43 39 in
1592 2152 82 39 den
1704 2152 148 45 Sturm,
1883 2148 70 39 der
1982 2147 71 39 mit

881 2220 214 53 doppelter
1123 2218 132 40 Stärke
1283 2217 151 39 wieder
1463 2217 218 50 eingesetzt
1709 2213 184 40 hat....

966 2280 250 53 Vergeblich.
1271 2279 91 40 Sein
1389 2280 163 38 Wüten
1579 2277 194 38 übertönt
1801 2274 103 39 alles.

962 2345 70 38 Ich
1056 2343 79 40 will
1161 2343 62 38 die
1251 2342 232 40 Rasenbank
1507 2354 62 25 am
1594 2336 273 52 Hünengrabe
1894 2336 161 38 suchen.

964 2407 61 38 Da
1053 2406 108 38 kniet
1191 2405 64 39 ein
1283 2406 129 38 Etwas
1522 2402 65 39 ein
1615 2400 125 39 Weib
1851 2397 65 39 ein
1944 2396 84 40 Mäd-

884 2469 104 39 chen
1001 2470 6 37 !
1030 2498 7 8 .
1060 2498 8 8 .
1089 2498 8 9 .
1119 2500 6 6 .
1147 2467 210 39 Ersticktes
1379 2465 258 40 Schluchzen.
1679 2463 72 38 Ich
1769 2460 100 40 fasse
1890 2460 62 39 die
1974 2460 56 38 Ge-

885 2531 104 47 stalt,
1011 2530 169 39 schüttle
1201 2531 52 37 sie
1273 2529 83 39 und
1380 2528 126 39 richte
1531 2529 73 44 sie,
1625 2524 224 54 gewaltsam
1869 2522 83 44 fast,
1982 2520 76 40 auf.

966 2593 129 47 „Wer
1133 2592 76 38 bist
1248 2590 69 46 du,
1359 2589 295 53 unglückliches
1691 2582 343 43 Menschenkind?
2038 2587 21 17 tc

1126 2653 97 40 Und
1250 2654 53 37 im
1324 2651 311 40 Dämmerlichte
1664 2649 92 39 sehe
1785 2647 66 39 ich
1879 2646 66 38 ein
1973 2656 66 27 ent-

889 2728 156 34 setztes,
1074 2722 216 33 verstörtes
1319 2715 169 47 Antlitz,
1517 2714 94 39 wirr
1631 2713 158 49 hängen
1809 2709 111 39 dicke
1950 2720 110 27 nasse

889 2778 166 39 Strähne
1085 2778 180 52 gelösten
1293 2778 149 38 Haares
1472 2775 170 40 darüber
1662 2802 100 10 ....

969 2841 188 46 „Anna!“

969 2902 70 39 Ich
1067 2902 151 38 schreie
1248 2915 40 25 es
1317 2900 88 41 fast.

971 2964 96 38 Eine
1106 2964 89 38 Flut
1237 2978 84 24 von
1360 2963 225 39 Gedanken
1626 2959 162 41 schiefst
1826 2959 73 39 mir
1938 2957 127 40 durch

891 3024 81 39 den
1010 3024 118 55 Kopf.
1185 3025 201 52 Blitzartig
1424 3025 102 39 wird
1568 3023 74 40 mir
1680 3023 97 47 klar,
1819 3035 153 26 warum
2010 3020 54 38 sie

892 3086 84 39 hier
1004 3086 61 47 ist,
1095 3086 131 47 heute,
1334 3087 84 38 und
1447 3100 44 25 so

973 3148 249 51 Begütigend
1258 3148 101 40 fasse
1397 3149 65 40 ich
1496 3150 84 39 ihre
1610 3147 123 40 Hand
1768 3147 85 39 und
1881 3145 96 40 rede
2006 3145 60 40 ihr

895 3222 61 34 zu,
985 3210 325 48 mitzukommen,
1341 3211 106 38 diese
1476 3211 123 39 Stätte
1628 3223 51 26 zu
1707 3209 212 40 verlassen.

976 3271 61 38 Sie
1067 3284 83 39 sagt
1177 3272 92 38 kein
1296 3272 146 48 Wort,
1477 3272 194 40 willenlos
1700 3271 104 53 folgt
1834 3271 53 38 sie
1917 3270 151 39 meiner

896 3331 202 52 Führung.

976 3393 95 38 Wir
1100 3395 129 50 gehen
1250 3408 50 26 zu
1327 3408 186 26 unserem
1531 3395 147 39 Hause.
1733 3395 96 37 Den
1848 3404 135 41 guten,
2004 3406 44 38 ge-

900 3454 174 39 bahnten
1092 3456 122 51 Weg.
1271 3457 199 47 Plötzlich,
1580 3471 49 24 an
1658 3456 70 39 der
1752 3456 318 51 Wegkreuzung

899 3515 112 39 reifst
1030 3516 53 39 sie
1103 3517 83 39 sich
1203 3518 59 38 los
1284 3518 82 38 und
1385 3518 108 52 biegt
1517 3519 133 47 seitab,
1671 3519 80 38 den
1770 3518 171 39 Wiesen
1960 3531 51 26 zu
2031 3548 8 8 .
2062 3547 8 9 .

981 3577 99 38 Also
1110 3590 44 25 so
1183 3578 94 52 liegt
1305 3579 65 38 die
1398 3580 139 39 Sache!

982 3638 118 39 Nach
1127 3641 185 49 wenigen
1341 3640 187 39 Minuten
1560 3641 73 39 hab
1669 3641 65 40 ich
1767 3641 54 38 sie
1857 3641 214 52 eingeholt.

904 3698 241 39 Gewaltsam
1186 3702 187 38 versucht
1419 3701 70 47 sie,
1536 3703 83 39 sich
1659 3702 273 42 loszureifsen.
1998 3704 75 38 Ein

2142 532 141 38 kurzer
2313 529 149 53 Kampf
2496 527 210 54 eiitspinnt
2740 526 84 39 sich
2859 525 204 39 zwischen
3095 537 87 25 uns.
3239 522 91 40 Auf

2145 591 143 40 einmal
2323 592 94 37 aber
2446 590 131 38 bricht
2605 588 55 40 sie
2689 588 76 39 mir
2793 600 118 27 unter
2940 587 81 39 den
3049 585 177 39 Händen
3255 598 46 26 zu-

2145 666 192 28 sammen.
2393 651 98 39 Wie
2530 650 245 40 Fieberfrost
2816 649 101 40 läuft
2958 662 40 25 es
3043 647 128 40 durch
3211 647 116 39 ihren

2145 717 168 52 Körper.
2370 714 76 39 Die
2476 714 222 51 Erregung,
2727 713 131 38 Nässe
2887 711 85 40 und
3002 710 113 39 Kälte
3144 709 85 39 und
3257 723 46 25 zu-

2145 779 100 38 letzt
2264 777 66 39 das
2353 788 181 35 stumme,
2556 775 205 39 erbitterte
2783 774 158 52 Ringen
2961 772 203 40 zwischen
3178 784 76 26 uns

2227 839 60 39 Sie
2316 839 133 51 liegen
2476 837 126 39 lassen
2629 836 84 40 und
2742 835 124 41 Hülfe
2896 835 147 40 holen?

2228 903 79 38 Das
2337 899 140 40 würde
2514 899 87 39 eine
2632 899 112 39 halbe
2775 899 152 39 Stunde
2957 897 171 45 dauern;
3242 896 87 38 und

2149 964 57 39 bis
2238 963 118 40 dahin
2384 968 106 33 wäre
2520 962 53 38 sie
2605 961 147 39 wieder
2781 974 50 26 zu
2861 961 83 39 sich
2973 960 241 52 gekommen
3241 957 86 39 und

2147 1028 152 38 könnte
2359 1024 61 40 ihr
2484 1023 278 40 entsetzliches
2819 1023 222 40 Vorhaben
3097 1019 232 54 ausgeführt

2149 1089 140 40 haben.

2230 1151 51 39 Es
2321 1150 150 51 gelingt
2507 1147 93 48 mir,
2640 1147 54 38 sie
2730 1146 149 40 wieder
2915 1145 290 40 aufzurichten.
3261 1144 71 38 Ich

2152 1213 139 40 wickle
2321 1212 54 39 sie
2403 1211 43 38 in
2474 1209 160 40 meinen
2663 1209 171 47 Mantel;
2875 1209 107 38 doch
3018 1221 74 25 nur
3122 1206 205 39 taumelnd

2154 1278 160 49 bewegt
2334 1275 53 37 sie
2410 1273 83 39 sich
2513 1277 207 41 vorwärts,
2740 1270 84 39 und
2845 1284 76 25 nur
2942 1269 179 40 mühsam
3141 1270 190 38 kommen

2153 1338 74 39 wir
2256 1336 151 40 weiter.

2235 1401 61 37 Zu
2325 1399 109 39 Haus
2470 1395 175 52 übergab
2683 1395 65 38 ich
2786 1394 54 40 sie
2874 1393 152 40 meiner
3061 1394 153 37 Mutter
3247 1390 86 40 und

2156 1464 223 37 Schwester
2398 1460 121 39 Tine.
2565 1458 94 40 Bald
2683 1458 116 38 ruhte
2820 1455 53 39 sie
2894 1468 121 26 warm
3036 1455 190 52 gebettet,
3247 1452 86 40 und

2156 1526 155 38 Mutter
2340 1536 80 26 war
2449 1520 175 52 sorgend
2652 1533 70 25 um
2751 1518 63 39 die
2839 1518 125 38 Arme
2994 1517 166 39 bemüht
3181 1545 97 10 ....

2236 1647 99 40 Und
2365 1660 62 25 am
2457 1645 177 39 anderen
2662 1645 198 50 Morgen?

2240 1774 60 38 Da
2326 1784 83 27 war
2438 1771 54 38 sie
2521 1767 334 42 verschwunden.

2241 1834 163 54 Spurlos
2437 1830 333 42 verschwunden.
2827 1829 124 39 Keine
2981 1828 111 40 Seele
3121 1827 54 39 im
3204 1827 133 39 Hause

2159 1899 109 39 hatte
2299 1911 40 25 es
2372 1894 192 41 bemerkt.
2620 1892 98 40 Und
2754 1892 113 39 nicht
2902 1891 143 40 einmal
3079 1890 72 39 alle
3180 1889 159 39 Kleider

2161 1962 108 38 hatte
2299 1960 55 38 sie
2384 1969 244 40 angezogen.
2738 1955 76 38 Die
2834 1955 109 39 hatte
2963 1954 156 38 Mutter
3147 1965 44 25 so
3213 1952 126 38 schön

2159 2023 201 40 trocknen
2389 2021 137 37 lassen.

2242 2085 137 38 Ueber
2413 2082 93 38 dem
2533 2080 153 39 Toben
2720 2079 67 39 des
2824 2079 174 38 Sturmes
3036 2090 82 25 war
3151 2075 187 39 niemand

2163 2147 65 40 bei
2257 2146 92 40 dem
2378 2143 180 42 Oeffnen
2585 2142 71 39 der
2685 2142 205 39 Hausthür
2921 2140 184 39 erwacht.

2246 2239 81 8 ....
2343 2208 81 38 Um
2436 2205 262 40 Mitternacht
2710 2217 77 25 war
2803 2203 55 39 sie
2872 2204 76 37 fest
2965 2199 375 54 eingeschlummert

2166 2284 273 40 gewesen....
2459 2267 162 39 Vorher
2636 2266 107 40 hatte
2760 2266 54 38 sie
2826 2267 154 37 Mutter
2995 2264 85 39 ihre
3092 2261 248 40 Geschichte

2166 2333 160 40 erzählt.
2383 2329 156 52 Hastig,
2575 2341 250 34 verworren,
2861 2327 112 46 wirr,
3102 2326 107 37 dann
3243 2336 99 39 ganz

2166 2395 124 52 ruhig,
2318 2392 255 42 unnatürlich
2600 2390 126 52 ruhig,
2756 2402 151 26 starren
2935 2388 152 39 Blickes
3109 2416 99 9 ....

2246 2458 50 38 Es
2325 2468 81 28 war
2434 2454 63 40 die
2526 2454 77 39 alte
2625 2482 150 9 .....
2803 2451 63 39 die
2895 2451 63 38 oft
2986 2450 167 54 passiert
3179 2449 66 46 ist,
3281 2447 63 39 die

2169 2520 63 40 oft
2259 2519 109 40 noch
2396 2517 200 54 passieren
2623 2515 114 39 wird.
2793 2514 62 39 Sie
2883 2527 82 26 war
2994 2526 100 34 arm,
3124 2523 99 40 ganz
3252 2523 94 34 arm,

2170 2597 98 39 ganz
2295 2583 95 51 jung
2417 2579 87 41 und
2532 2579 137 45 schön,
2780 2577 89 39 sehr
2899 2576 138 38 schön.
3059 2604 37 9 ..
3118 2604 9 9 .
3183 2574 163 37 Darum.

2170 2648 125 36 Eben.
2349 2642 99 40 Und
2483 2654 41 26 er
2553 2654 81 26 war
2664 2640 71 39 der
2765 2639 154 52 einzige
2949 2636 109 40 Sohn
3087 2635 69 39 des
3184 2635 165 40 reichen

2171 2706 256 42 Hofbauern.
2483 2703 215 39 Vielleicht
2726 2703 106 39 hatte
2863 2714 42 26 er
2934 2700 100 38 auch
3061 2698 179 40 wirklich
3268 2710 80 26 was

2172 2784 84 26 von
2292 2769 61 39 ihr
2391 2766 198 54 gehalten,
2780 2764 54 40 sie
2874 2764 93 38 aber
3003 2762 106 39 hatte
3143 2761 71 39 ihn
3250 2759 99 39 über

2173 2834 90 38 alles
2293 2831 147 53 geliebt
2474 2828 85 40 und
2587 2828 81 39 ihm
2697 2828 90 39 alles
2819 2825 191 54 gegeben.
3138 2823 123 39 Denn
3289 2821 63 39 die

2173 2895 123 39 Liebe
2325 2893 50 39 ist
2405 2892 62 39 die
2499 2889 149 54 gröfste
2678 2890 193 39 Geberin.

2253 2958 60 37 Im
2355 2954 128 40 Dorfe
2530 2955 109 38 hatte
2681 2966 94 25 man
2817 2952 127 39 schon
2985 2949 113 52 lange
3141 2960 85 27 von
3273 2946 80 38 den

2175 3019 153 39 Beiden
2357 3016 176 53 geredet.

2257 3082 76 37 Das
2369 3081 109 37 hatte
2512 3077 56 40 sie
2604 3079 155 37 Mutter
2794 3075 161 39 erzählt.
3011 3070 341 43 Zwischendurch

2175 3157 81 26 war
2277 3143 54 38 sie
2352 3141 324 53 aufgesprungen
2700 3138 84 40 und
2803 3138 106 39 hatte
2930 3136 150 40 wieder
3099 3135 84 38 fort
3204 3132 148 39 wollen

2175 3206 43 38 in
2245 3204 139 40 Nacht
2411 3202 85 40 und
2525 3202 133 38 Sturm
2685 3201 147 40 hinaus.

2257 3265 169 41 Endlich
2460 3265 111 39 hatte
2610 3265 155 37 Mutter
2801 3263 54 37 sie
2899 3258 230 46 überredet,
3174 3255 54 40 sie
3272 3267 81 26 war

2179 3343 97 40 ganz
2311 3328 77 40 still
2420 3326 85 40 und
2537 3326 115 52 ruhig
2681 3323 220 53 geworden
2928 3321 84 38 und
3042 3317 309 54 eingeschlafen.

2259 3390 99 40 Und
2387 3391 108 37 nun?

2260 3453 94 38 Wir
2374 3450 206 40 schickten
2600 3462 92 26 zum
2706 3447 93 39 Hof
2803 3446 158 46 bauern,
3051 3443 127 39 ihrem
3195 3442 137 39 Dienst-

2179 3517 121 39 herrn
2330 3538 61 23 —,
2419 3512 84 40 und
2531 3510 142 40 liefsen
2700 3509 150 52 fragen,
2880 3507 52 39 ob
2961 3509 119 37 Anna
3108 3504 109 40 wohl
3245 3504 111 39 noch

2181 3577 143 40 einmal
2353 3573 391 52 zurückgekommen
2772 3577 115 33 wäre.

2262 3640 48 37 Es
2348 3644 107 33 wäre
2498 3636 81 38 ihm
2624 3632 176 49 einerlei,
2846 3646 67 25 wo
2960 3631 62 39 die
3068 3630 126 39 Dirne
3238 3636 118 41 wäre,

2272 3699 84 41 liefs
2398 3699 71 39 der
2503 3697 215 40 Hofbauer
2762 3709 135 38 sagen,
3019 3693 341 40 zurückkommen
