3646 4572
1995 3894 215 44 276

1783 2116 120 67 IM
1954 2116 455 68 GARTEN

2063 2261 77 27 VON

1919 2364 144 37 OTTO
2094 2364 174 37 ERNST

863 2607 63 54 Ja,
959 2606 66 42 ich
1056 2608 129 51 weifs,
1219 2608 95 42 dafs
1348 2608 88 43 hier
1467 2623 73 28 um
1572 2609 116 57 Aug’
1720 2609 87 43 und
1839 2610 208 57 Wangen

871 2682 107 41 Eine
1010 2682 99 42 Flut
1142 2697 87 29 von
1262 2685 107 41 Duft
1402 2685 87 41 und
1522 2684 237 44 Schimmer
1793 2685 166 57 drängt,

873 2757 151 51 Weifs,
1058 2757 94 43 dafs
1188 2759 91 42 eine
1312 2759 175 43 Traube
1520 2760 214 43 schwerer
1766 2761 209 56 Knospen

871 2832 107 42 Fast
1010 2832 133 43 herab
1176 2834 65 42 bis
1275 2836 78 41 auf
1381 2835 66 42 die
1480 2836 116 42 Stirn
1629 2836 77 42 mir
1738 2836 136 56 hängt

873 3022 120 42 Aber
1025 3022 98 43 lafst
1155 3024 111 42 mich
1300 3025 110 42 doch
1444 3026 66 43 die
1543 3027 130 42 Sinne
1707 3027 223 42 schliefsen

874 3098 94 41 Vor
1001 3097 99 42 dem
1132 3100 163 57 Drang,
1328 3101 75 42 mit
1435 3102 99 42 dem
1567 3102 76 42 der
1674 3103 206 57 Frühling
1912 3102 112 52 naht,

874 3172 102 42 Und
1008 3173 110 42 mich
1150 3189 79 28 nur
1261 3175 67 42 die
1361 3176 296 58 Offenbarung
1689 3178 162 42 fühlen:

874 3247 109 41 Dafs
1018 3248 110 42 mein
1161 3250 113 42 Flerz
1307 3250 110 42 noch
1450 3252 127 42 Kraft
1607 3267 74 28 zur
1713 3253 170 44 Freude
1916 3253 84 44 hat.

875 3436 127 42 Denn
1033 3437 67 42 ich
1131 3438 106 57 ging
1270 3440 132 42 durch
1435 3441 121 43 einen
1587 3443 157 57 langen
1778 3445 179 51 Winter,

877 3511 138 42 Stand
1048 3526 81 28 vor
1162 3514 113 42 einer
1307 3515 76 42 tief
1411 3521 233 39 zerstörten
1677 3519 136 51 Welt;

877 3586 216 55 Spöttisch
1124 3587 101 42 hatt’
1259 3589 66 42 ich
1356 3591 210 43 zwischen
1584 3593 161 42 Furcht
1776 3594 88 42 und
1890 3595 157 42 Hoffen

877 3660 139 41 Meine
1049 3661 297 59 Lebenswage
1379 3666 258 55 festgestellt.

2154 2611 80 42 Als
2268 2610 110 43 mich
2411 2610 111 43 heut’
2556 2625 86 28 nun
2676 2610 115 43 diese
2824 2610 147 43 Sonne
3003 2609 176 52 weckte,

2154 2686 174 57 Sprang
2338 2686 110 42 mein
2456 2687 123 51 Herz,
2589 2686 80 42 ach
2676 2685 209 53 Freunde,
2896 2700 163 43 sprang
3073 2686 111 42 mein
3196 2686 134 42 Herz!

2154 2763 93 41 Rifs
2281 2762 75 42 mit
2389 2762 137 43 einem
2558 2761 148 44 Schrei
2739 2761 88 43 sich
2860 2776 78 28 aus
2972 2761 77 43 der
3081 2761 133 52 Tiefe,

2154 2838 262 43 Schluchzen
2438 2837 106 42 hört’
2566 2837 98 42 ich’s
2688 2838 79 41 wie
2789 2852 80 27 vor
2888 2839 108 41 Lust
3013 2837 87 42 und
3116 2836 213 43 Schmerz.

2154 3029 94 42 Das
2283 3029 52 42 ist
2370 3029 137 42 Glück
2540 3030 66 41 für
2638 3029 110 42 heut’
2780 3029 88 42 und
2901 3029 106 42 viele
3041 3030 143 55 Tage!

2154 3104 75 42 Alt
2262 3104 87 42 und
2384 3105 117 42 schal
2534 3119 91 28 war
2658 3106 78 41 mir
2770 3104 65 43 die
2867 3105 148 57 grofse
3049 3104 118 42 Welt

2154 3179 102 43 Und
2288 3195 86 27 nun
2406 3180 74 42 hat
2513 3180 66 43 ein
2610 3180 203 42 Flimmer
2845 3180 98 51 sich,
2985 3180 65 42 ein
3082 3177 246 44 Stäubchen

2154 3255 98 42 Neu
2284 3255 87 42 und
2405 3255 80 43 hell
2518 3271 81 27 vor
2632 3257 166 41 meinen
2837 3254 117 43 Blick
2986 3253 179 58 gestellt.

2155 3447 123 41 Lafst
2300 3447 119 52 mich,
2450 3447 97 42 lafst
2571 3446 109 42 mich
2711 3459 78 28 nur
2821 3445 65 42 die
2912 3444 129 43 Sinne

2155 3521 153 42 Dieser
2340 3521 120 42 Fülle
2492 3521 118 42 weifs
2644 3520 65 42 ich
2744 3525 121 36 sonst
2897 3520 112 41 nicht
3041 3520 94 41 Rat.

2156 3597 136 41 Einen
2326 3598 101 54 Tag
2459 3596 102 57 lang
2593 3596 80 42 will
2706 3594 97 42 ich’s
2836 3594 171 57 klingen
3039 3594 155 43 hören:

2154 3672 110 41 Dafs
2300 3673 110 41 mein
2443 3673 114 40 Herz
2589 3671 110 42 noch
2732 3670 126 43 Kraft
2890 3685 72 27 zur
2994 3671 172 42 Freude
3200 3671 83 44 hat.

1392 1753 202 19 THAUWETTER

1104 1754 146 19 VALENTIN
1271 1754 101 21 RUTHS
