3579 4572
1370 3891 209 43 343

856 622 40 33 11.

379 695 63 34 Ein
461 694 95 35 Blick
576 695 65 35 auf
655 695 53 36 die
726 697 125 36 andern
869 712 41 22 zu
924 700 153 50 Eingang
1096 703 195 35 erwähnten
1311 703 123 37 Schrift-

301 746 110 36 steller
425 747 86 48 zeigt
525 747 53 35 die
593 750 85 33 zwei
688 762 42 21 an
740 749 154 51 Umfang
903 752 258 37 bedeutendsten
1171 757 216 47 Richtungen
1397 757 55 35 der

301 799 296 48 zeitgenössischen
616 801 193 48 englischen
824 805 190 48 Dichtung:
1034 806 54 36 die
1102 808 57 34 der
1172 808 185 36 Rückkehr
1375 823 77 21 zum

299 854 136 32 Roman
449 851 70 35 und
534 852 53 35 die
601 852 55 35 des
666 855 269 48 Emporblühens
949 857 57 36 der
1016 868 230 39 sogenannten
1258 862 193 35 'Literature

300 902 44 36 of
362 903 166 47 Locality.
584 907 179 35 Während
785 910 74 44 jene
882 909 65 35 auf
973 910 66 35 den
1065 913 235 35 verstorbenen
1323 914 128 35 Robert

300 956 102 34 Louis
427 959 182 33 Stevenson
636 958 226 50 zurückgeht,
890 961 138 49 beginnt
1055 963 87 36 diese
1173 964 186 49 gleichfalls
1387 968 64 34 mit

299 1009 109 33 einem
426 1008 174 38 Schotten:
619 1012 26 43 J.
665 1013 51 33 M,
737 1013 119 35 Barrie.
903 1017 66 32 Der
988 1023 115 27 erstere
1129 1018 46 33 sei
1198 1018 72 35 hier
1292 1020 158 34 zunächst

300 1061 164 41 erwähnt,
484 1062 94 34 nicht
597 1075 65 22 nur
675 1076 121 36 wegen
815 1065 57 35 der
884 1067 241 36 wesentlichen
1139 1070 192 35 Verdienste
1345 1072 105 34 seiner

298 1111 146 43 Werke,
469 1113 144 36 sondern
636 1116 87 34 auch
741 1129 120 36 wegen
884 1118 54 35 des
961 1119 135 49 grofsen
1115 1121 188 43 Einflusses,
1328 1123 64 35 den
1416 1137 33 21 er

299 1163 65 37 auf
377 1166 89 33 seine
484 1167 237 47 Zeitgenossen
740 1169 151 36 ausübte.

376 1220 224 33 Stevenson
618 1220 119 35 wurde
756 1222 36 33 in
805 1222 175 49 Edinburg
997 1224 49 35 im
1063 1225 95 45 Jahre
1177 1227 98 49 1854
1294 1227 46 34 als
1356 1229 92 33 Sohn

298 1269 266 36 wohlhabender
592 1271 113 36 Eltern
740 1273 145 48 geboren
913 1276 70 34 und
1011 1276 197 37 absolvierte
1234 1280 36 33 in
1297 1279 151 35 üblicher

296 1322 117 35 Weise
438 1322 54 35 die
510 1324 207 35 Universität
740 1326 104 35 seiner
862 1329 200 35 Vaterstadt.
1107 1332 42 32 Er
1173 1330 99 35 sollte
1290 1332 69 35 wie
1378 1333 70 33 sein

298 1375 99 33 Vater
424 1376 176 46 Ingenieur
623 1376 155 42 werden,
804 1392 155 36 erzwang
982 1382 71 34 sich
1072 1381 75 36 aber
1171 1382 203 37 schliefslich
1392 1385 54 34 die

295 1425 186 42 Erlaubnis,
492 1425 55 37 für
557 1428 56 35 das
628 1431 94 33 Scots
733 1433 61 32 Bar
805 1433 163 46 Vorträge
982 1446 41 22 zu
1033 1434 124 36 halten.
1180 1435 124 45 Jedoch
1316 1435 87 35 blieb
1414 1450 32 21 es

296 1491 61 21 um
380 1480 88 34 seine
486 1481 591 40 Römische-Rechts-Wissenschaft
1095 1486 127 35 allezeit
1239 1487 207 36 zweifelhaft

296 1530 139 37 bestellt.
455 1534 43 32 Er
507 1540 65 27 trat
582 1534 36 34 in
627 1534 69 35 sein
705 1536 226 35 Mannesalter
944 1550 41 22 zu
1001 1538 88 35 einer
1098 1539 146 48 Epoche,
1259 1540 42 35 da
1312 1540 56 35 das
1379 1544 45 32 Ge-

295 1582 69 35 biet
373 1583 55 35 der
439 1585 249 35 romantischen
695 1587 146 36 Novelle
850 1602 38 21 so
896 1597 61 39 gut
965 1590 67 35 wie
1043 1590 102 36 brach
1154 1591 66 48 lag.
1239 1593 63 34 Die
1309 1592 135 48 grofsen

294 1635 214 36 Novellisten
527 1637 56 35 der
601 1638 168 36 mittleren
784 1641 287 36 Victorianischen
1084 1644 75 34 Zeit
1176 1657 114 22 waren
1309 1644 66 35 auf
1388 1645 56 35 der

294 1688 103 35 Höhe
429 1688 89 35 ihrer
544 1690 227 48 Popularität,
806 1693 71 34 und
909 1694 158 36 niemand
1100 1696 92 34 hatte
1218 1699 155 32 Interesse
1401 1711 42 21 an

293 1740 203 41 Romantik,
524 1741 50 35 bis
593 1745 181 33 Stevenson
797 1745 45 34 sie
867 1745 178 37 einführte.
1091 1750 42 33 Er
1151 1761 74 22 war
1243 1749 104 35 schon
1366 1750 77 34 acht

291 1792 96 44 Jahre
405 1792 200 37 literarisch
623 1795 110 49 thätig
751 1809 166 36 gewesen,
937 1798 46 34 als
1003 1812 33 22 er
1050 1801 88 34 nach
1151 1801 132 47 einigen
1297 1802 73 34 sehr
1384 1815 40 21 an-

292 1844 178 35 ziehenden
480 1848 114 45 Essays
609 1847 56 35 das
681 1847 167 36 köstliche
862 1851 93 34 Buch
965 1852 144 34 'Travels
1119 1853 90 35 with
1219 1865 18 22 a
1248 1853 146 47 Donkey
1403 1855 35 34 in

293 1897 56 34 the
365 1898 178 34 Cevennes’
562 1900 141 41 schrieb,
723 1900 57 35 das
799 1902 73 35 ihm
889 1916 129 21 warme
1031 1904 251 49 Anerkennung
1301 1906 140 40 erwarb,

292 1962 104 22 wenn
421 1950 87 34 auch
532 1951 170 36 vielleicht
729 1953 95 34 mehr
851 1967 69 22 von
943 1956 109 34 Seiten
1077 1956 59 35 der
1158 1957 112 34 Kritik
1298 1958 47 34 als
1373 1971 69 22 von

292 2001 110 35 Seiten
421 2001 54 35 des
494 2003 134 47 grofsen
642 2004 209 37 Publikums.
886 2008 94 33 Seine
995 2009 72 34 Zeit
1081 2008 92 41 kam,
1194 2009 45 34 als
1260 2023 33 21 er
1311 2008 130 50 infolge

291 2053 86 35 eines
402 2053 162 49 Auftrags
594 2057 87 34 seine
706 2057 190 49 Erzählung
928 2061 174 34 'Treasure
1127 2061 124 35 Island’
1286 2063 37 33 in
1353 2063 88 34 einer

289 2106 313 47 Jugendzeitschrift
619 2107 274 38 veröffentlichte.
931 2112 90 34 Aber
1039 2121 64 26 erst
1120 2114 53 34 ihr
1187 2114 198 35 Erscheinen
1404 2116 36 33 in

291 2156 186 37 Buchform
499 2158 69 36 rief
594 2160 55 35 bei
673 2161 114 35 Kritik
815 2162 73 35 und
913 2163 181 36 Publikum
1126 2165 221 48 allgemeinen
1374 2170 44 31 En-

291 2210 203 35 thusiasmus
508 2212 131 36 hervor.
667 2216 43 32 Er
724 2214 125 36 verlieh
863 2215 95 35 darin
968 2216 107 36 durch
1090 2218 110 35 seinen
1215 2219 224 48 eigenartigen

290 2262 60 35 Stil
371 2263 57 34 der
446 2265 250 35 romantischen
715 2267 146 35 Novelle
879 2268 74 34 eine
970 2267 58 36 für
1046 2270 87 34 seine
1145 2271 73 33 Zeit
1232 2271 107 47 völlig
1353 2284 85 22 neue

289 2314 71 35 und
386 2314 204 37 bedeutende
615 2320 163 46 Prägung.
827 2321 106 34 Noch
958 2319 191 37 berühmter
1174 2322 123 48 jedoch
1319 2323 120 35 wurde

289 2367 69 34 sein
371 2369 111 33 Name
501 2368 105 36 durch
625 2371 96 34 einen
739 2370 112 36 zwölf
862 2373 95 44 Jahre
976 2377 107 45 später
1101 2372 178 50 folgenden
1295 2377 124 46 psycho-

287 2419 378 48 logisch-analytischen
687 2426 149 32 Roman:
863 2432 11 13 c
883 2427 57 32 Dr.
959 2426 108 47 Jekyll
1091 2428 35 34 &
1149 2429 41 31 M
1191 2434 12 14 r
1203 2453 8 9 .
1231 2427 119 46 Hyde.’
1397 2430 41 32 Er

288 2471 176 36 behandelt
479 2473 53 34 die
547 2474 197 35 Geschichte
759 2476 85 35 eines
858 2479 155 39 Mannes,
1033 2478 57 35 der
1106 2479 72 34 sich
1191 2479 36 34 in
1242 2479 53 35 ein
1309 2481 128 33 Wesen

289 2523 134 35 anderer
448 2526 112 34 Natur
591 2539 40 22 zu
660 2528 214 35 verwandeln
901 2530 152 35 versteht.
1098 2532 51 33 Im
1177 2531 260 48 gewöhnlichen

289 2575 108 35 Leben
416 2577 56 34 ein
489 2578 187 47 geachteter
694 2581 96 40 Arzt,
818 2581 43 34 ist
886 2594 33 21 er
943 2583 89 34 nach
1056 2584 104 33 seiner
1178 2584 259 47 Umwandlung

287 2627 201 37 Verbrecher
510 2630 70 35 und
597 2631 158 40 Mörder,
783 2633 163 36 während
970 2634 208 49 gleichzeitig
1201 2636 122 47 jedoch
1349 2637 87 34 seine

286 2680 253 36 Individualität
570 2683 72 35 und
670 2685 70 33 sein
766 2686 406 49 Erinnerungsvermögen
1199 2687 235 36 unbeeinflufst

286 2732 141 36 bleiben.
472 2735 64 33 Die
562 2736 216 48 Darstellung
804 2737 102 36 dieses
935 2740 314 35 Gemütszustandes
1276 2741 43 34 ist
1351 2754 83 34 ganz

286 2786 261 47 ausgezeichnet.
594 2789 39 33 In
659 2789 112 35 seinen
793 2794 149 44 späteren
960 2793 152 34 Büchern
1135 2791 98 36 kehrt
1251 2795 182 33 Stevenson

286 2849 76 22 zum
381 2838 220 47 eigentlichen
620 2843 135 32 Roman
773 2842 140 41 zurück,
931 2844 71 34 und
1027 2845 53 34 die
1104 2845 328 35 hochbedeutsamen

284 2889 172 35 Novellen
477 2890 229 51 'Kidnapped’
733 2894 69 34 und
829 2900 10 14 c
844 2895 72 34 The
941 2899 127 32 Master
1094 2895 43 37 of
1154 2897 200 35 Ballantrae’
1378 2897 36 35 be-

284 2942 124 34 weisen
428 2941 74 36 aufs
521 2956 85 23 neue
623 2946 71 33 sein
712 2945 125 47 grofses
856 2950 156 33 Können.

361 2996 41 31 Es
428 2995 128 35 scheint
578 3009 60 22 vor
670 2996 99 35 allem
792 2998 54 35 die
870 3000 235 36 unmittelbare
1132 3000 232 36 Naturfrische
1389 3015 41 21 zu

282 3046 81 41 sein,
382 3047 70 34 sein
471 3048 111 35 naives
602 3049 192 35 Entzücken
814 3064 42 21 an
874 3052 57 35 der
950 3052 151 36 äufseren
1119 3056 98 32 Form
1235 3054 56 34 der
1310 3054 119 47 Dinge,

282 3111 71 22 was
372 3111 42 22 an
432 3100 113 34 seinen
564 3101 216 48 Dichtungen
796 3101 120 38 fesselt.
957 3106 75 33 Ihm
1055 3106 134 35 endlich
1206 3107 82 46 ging
1307 3106 123 35 einmal

281 3150 188 48 Handlung
483 3150 81 36 über
577 3153 187 41 Reflexion,
778 3154 73 35 ihm
866 3156 134 36 endlich
1013 3170 73 23 war
1105 3158 124 35 einmal
1248 3158 55 35 das
1319 3158 110 35 Leben

281 3215 18 21 a
313 3212 144 38 pageant
466 3212 62 26 not
541 3217 19 22 a
569 3205 197 49 pilgrimage
775 3207 72 34 und
861 3208 181 36 adventure
1056 3211 56 34 the
1126 3210 63 35 salt
1203 3209 45 36 of
1256 3211 171 34 existence.

279 3256 64 33 Für
360 3254 53 35 die
428 3256 129 48 Jugend
576 3271 72 21 war
665 3258 81 41 dies,
765 3259 42 35 da
825 3273 33 21 es
872 3261 107 35 ihrem
995 3262 137 48 eigenen
1145 3262 197 49 Empfinden
1357 3271 54 26 ent-

280 3308 132 47 sprach,
437 3309 91 34 ohne
552 3309 152 36 weiteres
728 3311 57 35 das
804 3313 174 49 Richtige;
1006 3314 54 35 die
1084 3316 244 33 Erwachsenen
1350 3315 78 34 aber

279 3358 176 37 entzückte
474 3374 34 21 er
526 3362 118 41 damit,
663 3362 43 35 da
721 3376 33 22 er
767 3364 103 34 ihnen
884 3365 54 35 die
952 3367 114 48 eigene
1079 3367 192 47 Jugendzeit
1284 3367 123 35 zurück-

279 3411 153 35 zauberte
446 3413 71 35 und
531 3414 45 35 sie
591 3414 53 35 die
657 3415 204 48 politischen
870 3419 211 47 Aergernisse
1090 3419 71 35 und
1172 3419 53 35 die
1235 3419 190 35 schlechten

277 3464 116 35 Zeiten
412 3477 168 36 vergessen
599 3466 84 36 liefs.
729 3471 74 31 Den
822 3468 181 38 kritischen
1023 3475 96 31 Leser
1137 3471 149 49 dagegen
1305 3484 120 34 zwang

277 3515 89 36 seine
380 3517 320 48 Erzählungskunst,
721 3520 53 35 die
790 3522 400 50 Charakterschilderung
1203 3523 71 35 und
1289 3524 53 34 die
1360 3535 44 23 un-

275 3568 254 48 vergleichliche
548 3571 148 35 Feinheit
715 3572 55 35 des
790 3574 96 35 Stiles
903 3588 41 22 zu
964 3577 88 33 einer
1077 3576 120 34 ebenso
1217 3574 187 38 unwillkür-

275 3618 112 38 lichen
409 3622 69 34 wie
503 3623 206 48 einmütigen
735 3626 268 49 Bewunderung.
1047 3628 81 34 Und
1152 3628 124 34 diesem
1300 3628 124 34 seinem

275 3672 79 36 Stile
369 3673 160 36 verdankt
540 3677 180 34 Stevenson
734 3677 35 34 in
785 3678 57 34 der
851 3679 88 35 That
952 3681 90 34 seine
1055 3679 152 48 Stellung
1220 3681 35 34 in
1271 3680 57 34 der
1343 3692 61 34 eng-

1557 601 126 36 lischen
1706 601 200 43 Litteratur,
1935 616 37 22 so
1996 604 177 35 sonderbar
2197 604 163 49 gemischt
2385 618 34 21 er
2441 606 89 35 auch
2553 607 58 40 ist,
2637 608 68 35 wie

1557 667 26 22 z.
1604 656 34 35 B.
1658 656 51 33 in:
1737 662 10 13 c
1754 655 71 35 The
1846 655 125 48 sundry
1991 657 268 49 contemplation
2278 655 43 36 of
2339 657 52 34 his
2410 657 140 38 travels.’

1634 709 38 32 In
1683 707 108 35 einem
1800 707 174 36 reizenden
1979 708 133 50 Kapitel
2121 709 124 36 erzählt
2255 722 33 23 er
2298 708 105 42 darin,
2409 710 69 35 wie
2487 723 43 29 er,
2540 712 164 35 während

1556 759 54 35 die
1619 759 112 35 Eltern
1740 761 60 33 ihn
1810 761 105 34 seiner
1925 761 323 36 unverbesserlichen
2253 762 151 35 Faulheit
2414 775 121 35 wegen
2542 764 161 42 schalten,

1556 811 69 35 sich
1639 812 49 34 im
1704 813 184 35 Geheimen
1904 812 170 43 bemühte,
2090 827 31 22 es
2137 814 88 35 allen
2239 814 198 35 berühmten
2450 815 255 36 Prosadichtern

1556 865 104 33 seiner
1687 865 74 34 Zeit
1792 865 228 38 nachzuthun.
2076 869 115 33 Zuerst
2220 868 174 35 versuchte
2426 880 33 22 er
2490 870 141 45 Bunyan
2663 882 41 21 zu

1555 914 172 50 kopieren,
1746 921 107 45 später
1878 917 88 36 dann
1991 918 126 36 wieder
2140 919 54 35 die
2213 919 239 36 Schreibweise
2476 919 41 35 de
2536 921 166 47 Quincy’s

1556 968 80 34 oder
1655 969 118 35 Scott’s
1793 969 79 35 oder
1892 971 48 33 Sir
1959 971 148 35 Thomas
2126 975 181 39 Browne’s,
2328 973 70 34 und
2417 972 144 36 obwohl
2581 986 33 22 er
2632 974 71 35 sich

1554 1020 134 35 endlich
1706 1034 69 22 von
1801 1022 111 35 diesen
1931 1024 296 48 Nachahmungen
2248 1023 63 36 frei
2335 1025 157 48 gemacht
2515 1025 71 35 und
2606 1027 96 35 einen

1555 1074 137 47 eigenen
1704 1074 61 35 Stil
1779 1074 135 46 bildete,
1927 1079 107 31 verrät
2048 1076 105 36 dieser
2173 1077 90 35 doch
2278 1077 149 35 deutlich
2448 1077 127 36 überall
2589 1079 113 35 seinen

1553 1127 185 47 Ursprung.
1782 1128 42 33 Er
1842 1127 124 35 meidet
1992 1128 53 35 die
2071 1128 299 36 konventionellen
2388 1130 142 35 Phrasen
2553 1131 67 35 wie
2648 1131 53 35 die

1552 1180 84 38 Pest,
1655 1178 71 35 und
1746 1191 78 36 mag
1843 1180 53 33 ein
1912 1180 160 35 Gedanke
2091 1183 89 33 noch
2200 1195 37 21 so
2257 1182 170 48 alltäglich
2442 1183 81 40 sein,
2542 1182 57 36 der
2614 1185 67 33 Aus-

1553 1229 124 41 druck,
1705 1230 64 35 den
1797 1244 32 21 er
1858 1230 99 36 dafür
1984 1232 120 42 findet,
2133 1233 154 37 bewahrt
2311 1234 61 35 ihn
2391 1234 118 42 davor,
2535 1234 99 36 banal
2659 1249 41 22 zu

1552 1282 147 35 werden.
1745 1282 89 35 Aber
1852 1284 95 35 nicht
1970 1298 64 21 nur
2052 1286 71 34 sein
2145 1286 233 35 dichterisches
2397 1290 145 32 Können
2567 1289 43 33 ist
2628 1289 72 34 hier

1552 1347 55 21 am
1625 1335 260 41 vollendetsten,
1912 1338 87 33 auch
2023 1338 69 34 sein
2117 1337 296 50 liebenswürdiger
2433 1338 184 37 Charakter
2641 1354 39 34 ge-

1551 1385 94 48 langt
1663 1387 72 34 hier
1761 1399 75 23 zum
1865 1389 141 34 reinsten
2032 1390 197 41 Ausdruck,
2257 1404 37 22 so
2323 1390 71 36 dafs
2422 1391 57 35 der
2502 1393 180 34 Litteratur-

1551 1436 122 38 freund
1697 1439 118 35 immer
1839 1441 126 35 wieder
1990 1441 65 35 auf
2076 1442 88 35 diese
2187 1445 115 45 Essays
2327 1443 45 35 als
2393 1443 64 35 auf
2477 1445 88 34 seine
2585 1444 113 36 besten

1550 1490 129 35 Werke
1698 1491 237 49 zurückgreift,
1955 1494 109 35 zumal
2083 1495 86 35 auch
2187 1495 54 35 die
2266 1495 224 36 romantische
2508 1497 190 49 Erzählung

1550 1543 179 47 eigentlich
1755 1543 105 35 kaum
1885 1546 102 34 seines
2015 1546 153 36 Talentes
2192 1548 138 47 würdig
2348 1561 74 23 war
2446 1549 69 34 und
2539 1549 157 48 obgleich

1549 1607 34 22 er
1599 1596 38 33 in
1655 1596 124 34 seinem
1798 1597 202 47 posthumen
2015 1601 174 45 Fragment
2205 1606 9 12 c
2222 1601 98 34 Weir
2339 1599 44 35 of
2392 1602 213 34 Hermiston’
2622 1603 73 34 eine

1549 1646 196 49 grofsartige
1765 1650 163 47 tragische
1948 1648 96 37 Kraft
2062 1650 163 37 entfaltet.
2253 1652 53 34 Sie
2324 1653 171 35 enthalten
2512 1654 95 35 nicht
2631 1667 65 23 nur

1548 1700 88 33 seine
1655 1699 278 50 liebenswürdige
1952 1702 70 35 und
2037 1704 115 48 gütige
2166 1703 339 50 Lebensauffassung,
2519 1707 89 34 seine
2622 1709 49 33 An-

1548 1751 217 49 schauungen
1783 1752 81 35 über
1881 1757 119 39 Kunst,
2020 1756 89 35 seine
2127 1755 452 50 bewunderungswürdigen
2597 1757 82 37 kriti-

1548 1804 100 34 schen
1672 1804 270 49 Bemerkungen,
1970 1808 142 35 sondern
2142 1822 125 34 zeugen
2292 1810 88 34 auch
2408 1822 68 22 von
2499 1811 106 34 seiner
2629 1824 44 22 un-

1547 1855 268 36 auslöschlichen
1833 1857 100 36 Liebe
1956 1857 57 36 für
2030 1860 198 35 Schottland
2250 1861 71 34 und
2347 1862 202 35 schottische
2572 1864 120 48 Dinge.

1546 1909 86 33 Man
1650 1908 85 35 lernt
1754 1922 57 22 aus
1828 1910 90 46 jeder
1933 1911 104 35 seiner
2050 1914 219 47 Sympathien
2282 1913 71 35 und
2368 1915 231 47 Antipathien,
2615 1929 78 22 man

1545 1960 79 34 hört
1643 1961 60 33 ihn
1721 1962 63 34 mit
1803 1961 211 49 überlegener
2031 1965 108 34 Milde
2165 1965 80 35 über
2263 1965 110 36 Leben
2393 1966 67 35 und
2480 1968 212 35 Menschheit

1545 2011 238 44 moralisieren,
1794 2013 73 35 teilt
1880 2016 112 34 seinen
2002 2017 251 35 Enthusiasmus
2267 2018 70 34 und
2347 2017 117 48 glaubt
2478 2018 64 35 den
2552 2018 120 37 Plaude-

1545 2064 89 34 reien
1657 2065 87 35 eines
1768 2066 159 35 Freundes
1951 2068 47 34 im
2017 2069 179 35 Zwielicht
2220 2082 41 22 zu
2286 2070 168 35 lauschen.
2500 2073 39 32 In
2558 2071 57 35 der
2633 2085 39 34 ge-

1545 2116 221 35 wöhnlichen
1784 2119 224 46 Sprechweise
2027 2119 110 37 dürfte
2156 2121 85 35 diese
2260 2121 171 36 Plauderei
2449 2123 109 35 trivial
2576 2137 114 35 genug

1544 2167 151 49 klingen,
1715 2170 76 34 aber
1808 2170 35 34 in
1862 2172 89 33 seine
1975 2172 166 47 goldenen
2159 2176 124 33 Worte
2301 2173 166 49 gekleidet
2500 2173 121 38 erfreut
2644 2178 46 34 sie

1545 2220 56 34 das
1620 2222 87 33 Herz
1725 2222 68 35 wie
1812 2224 259 35 Sonnenschein.

1623 2274 101 33 Trotz
1742 2273 78 36 dem
1834 2274 111 36 Allem
1963 2276 104 35 findet
2081 2277 76 35 aber
2172 2278 87 34 auch
2272 2278 57 34 der
2342 2279 198 35 historische
2554 2282 135 33 Roman

1544 2337 56 22 zur
1618 2326 73 34 Zeit
1710 2325 135 48 grofsen
1859 2326 171 50 Anklang,
2049 2330 70 34 und
2139 2330 72 35 eine
2226 2330 129 35 Anzahl
2373 2330 157 36 beliebter
2549 2332 123 36 Schrift-

1544 2377 109 35 steller
1683 2379 68 33 wie
1781 2380 284 46 Conan-Doyle,
2099 2382 339 47 Stanley-Weyman
2469 2384 82 35 oder
2581 2387 31 32 S.
2644 2388 41 32 R.

1545 2428 171 43 Crockett,
1731 2429 155 49 obgleich
1900 2431 71 35 ihre
1981 2432 130 36 Werke
2123 2434 96 35 nicht
2232 2447 67 22 von
2314 2434 127 48 grofser
2455 2435 233 37 literarischer

1543 2481 229 48 Wichtigkeit
1791 2483 85 42 sind,
1897 2483 187 36 verdanken
2102 2486 74 34 ihm
2192 2486 72 35 ihre
2282 2487 217 48 Popularität.

1622 2534 62 34 Die
1694 2535 184 48 Richtung,
1893 2535 202 37 dießarrie
2109 2539 139 40 vertritt,
2260 2539 131 34 verliert
2405 2540 118 34 immer
2537 2541 92 35 mehr
2645 2554 42 22 an

1541 2585 154 42 Einflufs,
1724 2586 154 48 obgleich
1906 2588 45 34 sie
1977 2601 57 22 zur
2060 2590 73 34 Zeit
2156 2591 90 34 noch
2270 2590 53 35 die
2349 2592 138 34 meisten
2505 2593 181 48 Anhänger

1541 2637 98 36 zählt.
1678 2640 107 33 Barrie
1804 2639 107 40 selbst,
1932 2640 55 34 der
2005 2641 62 34 mit
2083 2641 109 47 jedem
2209 2655 108 22 neuen
2332 2643 111 35 Werk
2457 2645 94 34 mehr
2569 2658 43 22 an
2625 2648 40 32 Be-

1538 2689 153 49 deutung
1710 2692 162 46 gewinnt,
1891 2692 58 34 hat
1968 2692 81 41 sich,
2075 2693 144 37 obwohl
2238 2707 33 21 er
2290 2695 62 34 mit
2370 2695 53 35 ihr
2440 2695 92 49 grofs
2552 2697 131 42 wurde,

1538 2741 118 36 bereits
1676 2756 68 21 von
1763 2744 52 33 ihr
1833 2752 162 39 getrennt.

1616 2794 94 35 Seine
1729 2804 81 26 erste
1833 2795 215 36 litterarische
2069 2796 113 35 Arbeit
2206 2810 73 23 war
2305 2799 70 34 eine
2394 2800 199 48 Sammlung
2615 2814 69 22 von

1537 2845 134 36 Skizzen
1691 2846 81 35 über
1796 2848 58 34 das
1872 2848 110 35 Leben
2008 2848 57 35 der
2089 2850 224 34 schottischen
2332 2851 215 41 Geistlichen,
2573 2852 53 36 die
2650 2867 34 21 er

1536 2897 55 36 für
1611 2906 10 14 c
1626 2899 72 35 The
1713 2900 120 34 British
1846 2900 178 47 Weekly’,
2043 2902 73 34 eine
2128 2900 154 49 religiöse
2297 2904 154 47 Zeitung,
2469 2905 214 46 geschrieben

1535 2950 92 36 hatte
1646 2951 68 34 und
1733 2951 54 35 die
1805 2951 109 35 sofort
1933 2952 52 35 die
1999 2951 308 37 Aufmerksamkeit
2322 2953 60 36 auf
2398 2956 61 34 ihn
2473 2956 121 35 lenkte.
2629 2959 51 33 Im

1533 3003 95 44 Jahre
1653 3003 93 36 1888
1774 3003 107 49 folgte
1905 3004 89 36 dann
2018 3012 10 14 c
2034 3005 92 35 Auld
2149 3006 252 48 Licht-Idylls’,
2434 3008 54 35 ein
2507 3008 92 35 Band
2624 3010 38 35 be-

1535 3055 415 49 wunderungswürdiger,
1986 3056 117 36 kurzer
2138 3057 230 49 Erzählungen
2405 3059 54 35 des
2496 3061 185 36 schlichten

1533 3108 226 34 schottischen
1768 3108 136 43 Lebens,
1923 3109 71 35 und
2008 3109 186 36 wiederum
2207 3123 74 23 war
2299 3124 31 21 es
2346 3112 54 34 ein
2413 3111 127 49 grofser
2549 3113 129 49 Erfolg,

1533 3158 88 35 denn
1639 3172 32 22 es
1691 3160 120 48 gelang
1829 3161 85 40 ihm,
1938 3161 107 35 damit
2063 3162 95 34 einen
2175 3174 109 23 neuen
2302 3164 174 48 typischen
2495 3165 185 36 Charakter

1533 3224 39 22 zu
1601 3210 165 43 schaffen,
1794 3212 71 35 und
1892 3226 89 22 zwar
2009 3213 63 35 den
2099 3214 53 34 des
2180 3214 226 36 schottischen
2428 3215 165 37 Arbeiters
2622 3218 57 35 der

1531 3261 183 38 niedersten
1731 3264 126 42 Klasse,
1876 3265 64 34 mit
1958 3264 76 35 dem
2048 3264 136 37 Dialekt
2202 3267 87 35 eines
2307 3266 211 38 bestimmten
2536 3271 126 34 schotti-

1531 3316 100 34 schen
1656 3316 172 41 Distrikts,
1860 3316 68 35 und
1956 3317 152 48 zugleich
2135 3319 87 34 auch
2250 3320 71 35 eine
2349 3333 84 22 neue
2457 3322 202 48 Erzählungs-

1531 3376 68 32 art,
1638 3368 154 48 originell
1829 3368 106 35 durch
1970 3370 71 35 ihre
2072 3370 244 37 Kleinmalerei.
2361 3373 63 34 Die
2455 3374 223 36 Geschichten

1530 3419 74 35 sind
1645 3421 64 33 mit
1745 3420 352 37 aufserordentlichem
2133 3423 164 35 Geschick
2333 3426 229 46 geschrieben,
2604 3428 72 34 teils

1528 3473 258 40 humoristisch,
1811 3473 73 36 teils
1907 3473 201 49 pathetisch,
2133 3475 90 34 doch
2241 3476 120 35 immer
2379 3490 68 23 von
2464 3478 191 36 unverkenn-

1529 3523 94 35 barer
1646 3524 191 35 Genialität.
1888 3525 94 46 1889
2008 3525 106 49 folgte
2139 3534 10 14 c
2154 3528 73 34 The
2244 3528 173 37 Window
2440 3530 36 35 in
2501 3531 173 43 Thrums’,

1528 3575 57 35 das
1599 3577 36 33 in
1649 3576 168 37 derselben
1828 3577 137 48 Gegend
1980 3578 107 48 spielt,
2107 3579 166 35 dieselben
2288 3581 203 36 Charaktere
2506 3583 168 42 schildert,

1527 3628 71 34 und
1618 3628 95 35 einen
1731 3629 176 35 ähnlichen
1922 3629 117 49 Erfolg
2057 3644 125 35 errang.
2220 3635 85 33 Nun
2321 3633 131 49 begann
2467 3635 54 35 die
2540 3636 134 36 übliche

1527 3680 166 35 Hochflut
1729 3682 56 33 der
1810 3682 295 49 Nachahmungen
2139 3684 68 35 und
2236 3686 108 48 einige
2376 3688 72 34 Zeit
2478 3697 133 39 regnete
2641 3703 32 22 es
