3709 4572
386 556 135 40 hohen
541 555 335 40 Friedentürsten.
924 555 50 39 Er
1003 556 218 39 vermählet
1247 569 74 26 uns
1341 555 71 39 mit
1432 555 125 38 Gott-

388 618 193 46 Christus,
604 617 83 39 und
708 617 125 39 durch
851 617 69 39 ihn
940 617 128 51 gehen
1086 617 73 39 wir
1180 617 63 39 ein
1256 617 40 39 in
1317 617 62 39 die
1399 617 135 39 lachen-

388 680 88 47 den,
480 694 82 24 von
573 679 67 39 det
649 680 132 37 Sonne
791 678 145 52 ewiger
945 678 611 52 Glückseligkeitbeschienenen

389 741 172 40 Gefilde.
616 741 101 38 Was
746 741 103 38 kann
878 754 40 25 es
938 741 273 38 Herrlicheres
1241 741 141 51 geben,
1412 740 50 39 als
1490 739 44 39 ab-

388 802 167 40 berufen
584 816 50 25 zu
661 802 166 39 werden
854 802 43 39 in
917 802 87 38 eine
1023 802 157 39 bessere
1271 802 41 39 in
1332 802 62 38 die
1414 802 112 38 himm-

386 865 120 39 lische
534 864 163 39 Welt?“

466 927 153 47 „Aha!“
648 926 140 39 dachte
818 925 75 40 ich.
943 925 93 39 Und
1065 925 50 39 als
1137 925 69 39 der
1225 926 121 39 letzte
1366 926 165 39 Kirchen-

388 988 103 40 stuhl
525 988 183 52 geklappt
741 987 125 47 hatte,
901 986 51 39 als
982 986 71 38 der
1080 987 145 39 Küster
1254 987 79 39 den
1362 987 193 39 Schlüssel

387 1063 69 26 zur
477 1048 375 53 Klingelbeutellade
879 1048 228 52 abgedreht,
1134 1049 84 38 und
1244 1049 70 38 der
1335 1049 219 39 Geistliche

389 1125 83 25 nun
514 1111 98 39 auch
654 1124 65 26 aus
758 1110 71 39 der
872 1109 178 39 Sakristei
1096 1122 75 26 trat
1215 1111 84 38 und
1343 1111 96 39 über
1477 1111 78 38 den

389 1173 283 52 Kirchhofweg
710 1172 62 39 die
811 1172 168 39 Schritte
1017 1172 102 39 nach
1160 1172 133 39 Hause
1336 1172 131 39 lenkte

388 1236 132 37 Sonne
550 1248 80 25 war
658 1235 195 51 ringsum,
891 1233 140 39 Leben
1067 1233 83 40 und
1177 1233 300 51 Auferstehung
1514 1233 41 39 in

389 1297 69 39 der
472 1297 120 39 Welt
672 1296 140 54 packte
828 1296 65 40 ich
910 1296 71 39 ihn
999 1295 247 39 hinterrücks
1263 1309 58 33 an,
1341 1294 212 40 schüttelte

388 1359 68 40 ihn
484 1359 40 38 in
553 1359 140 38 Fieber
720 1359 86 38 und
836 1357 190 40 bereitete
1056 1371 44 24 so
1131 1370 90 34 vor,
1259 1370 78 25 was
1367 1369 41 26 er
1437 1356 118 39 selbst

388 1421 51 38 als
468 1421 186 39 höchstes
684 1419 133 40 Glück
847 1419 207 54 gepriesen
1082 1419 118 38 hatte.

466 1482 111 38 Aber
617 1482 49 39 da
703 1484 132 50 flogen
872 1480 107 39 seine
1014 1480 146 39 Hände
1190 1492 242 34 zusammen,
1470 1479 84 38 und

390 1543 190 40 während
619 1557 42 25 er
701 1543 82 40 voll
812 1545 91 37 Not
942 1542 85 39 und
1054 1541 83 39 Eile
1178 1541 83 39 und
1294 1543 131 49 Angst
1463 1540 91 38 dem

388 1605 285 53 Pfarrgebäude
703 1606 213 46 zustrebte,
945 1604 177 38 flüsterte
1152 1616 60 25 er:

468 1668 84 47 „O,
588 1667 162 52 ewiger,
785 1666 173 52 einziger
997 1666 122 46 Gott,
1163 1664 75 39 hilf
1270 1664 89 39 mir!
1414 1663 141 40 Nimm

390 1743 85 25 von
512 1728 73 39 mir
625 1728 64 39 das
733 1727 282 40 fürchterliche
1056 1726 332 39 Uebelbefinden.
1453 1726 100 38 Was

388 1791 86 39 hast
492 1791 67 38 Du
588 1790 71 38 mit
683 1790 171 38 Deinem
882 1789 196 51 sündigen
1097 1788 157 39 Knecht
1273 1790 97 36 vor?
1417 1788 138 38 Willst

390 1853 65 38 Du
484 1852 80 39 den
592 1851 196 40 Ernährer
818 1851 130 39 seiner
974 1850 157 39 Familie
1161 1848 233 46 entreifsen,
1432 1849 52 38 sie
1512 1847 42 39 in

725 1897 13 17 $

388 1913 251 39 Kümmernis
675 1913 85 39 und
797 1912 240 39 Verderben
1075 1912 183 38 stürzen?
1322 1909 88 39 Lafs
1448 1909 105 39 mich

386 1976 136 38 leben!
578 1976 52 38 So
668 1974 133 53 grofse
829 1973 211 53 Aufgaben
1068 1973 130 51 liegen
1226 1973 74 37 mir
1335 1971 107 40 noch
1480 1971 70 38 ob!

386 2037 70 39 Ich
482 2037 114 40 kniee
625 2050 76 26 vor
729 2036 73 39 Dir
828 2036 55 38 im
911 2035 185 39 Staube!“

467 2099 163 47 „Geh!“
660 2098 142 38 dachte
831 2096 65 40 ich
924 2096 83 38 und
1037 2094 184 40 entwich.
1279 2094 135 47 „Aber
1441 2093 109 39 lerne

386 2160 146 48 daraus,
562 2160 76 40 wie
667 2159 172 39 sträflich
869 2172 39 25 es
936 2157 62 48 ist,
1023 2157 71 38 mit
1124 2156 90 39 dem
1234 2155 317 52 Allerheiligsten

386 2235 50 26 zu
465 2222 186 53 spielen.“

953 2288 28 31 ❖

465 2408 120 47 „Und
613 2408 109 38 noch
750 2406 65 38 ein
842 2406 142 38 letzter
1014 2403 79 39 Fall
1120 2416 83 26 von
1234 2402 76 39 den
1332 2401 220 39 tausenden

385 2469 85 39 und
500 2468 354 40 abertausenden!“
884 2465 146 40 schlofs
1053 2465 70 38 der
1141 2465 99 38 Tod
1258 2463 84 40 und
1361 2463 188 40 schenkte

386 2531 92 38 dem
499 2532 64 37 bei
583 2531 138 38 seinen
740 2529 213 40 Berichten
974 2526 287 40 nachdenklich
1281 2525 268 52 gewordenen

385 2592 134 40 Schlaf
541 2592 81 39 den
649 2594 98 37 Rest
776 2604 64 26 aus
870 2590 71 39 der
968 2588 159 40 Flasche
1157 2589 81 37 ein:

464 2655 89 47 „Ich
569 2655 115 38 hörte
700 2653 87 39 eine
803 2651 150 40 Stunde
969 2655 141 48 später,
1127 2649 50 39 als
1192 2649 64 39 ich
1274 2648 215 39 wiederum
1505 2660 48 25 an

385 2715 91 39 dem
496 2717 114 37 Bette
632 2715 107 39 eines
767 2716 147 50 jungen
932 2712 183 38 Kranken
1134 2710 124 47 stand,
1279 2710 69 38 der
1373 2722 45 25 so
1438 2709 92 38 sehn-

386 2776 217 40 suchtsvoll
630 2776 102 40 nach
766 2775 74 40 mir
870 2773 183 53 gerufen,
1092 2771 81 39 dafs
1203 2772 69 37 der
1300 2772 102 37 Arzt
1430 2782 122 40 sagte:

1744 554 86 48 „Ja,
1860 553 106 39 mein
1999 551 122 40 lieber
2152 550 176 40 Freund!
2382 549 69 39 Ich
2488 546 110 40 fühle
2632 545 72 40 mit
2738 544 91 40 Dir!

1663 616 70 39 Ich
1751 614 123 49 weifs,
1895 615 151 39 welche
2065 613 224 41 furchtbare
2311 610 103 51 Qual
2429 611 64 38 Du
2512 609 159 39 leidest!
2718 609 111 38 Aber

1663 692 78 25 was
1773 678 66 38 Du
1867 677 212 52 verlangst,
2117 675 90 40 darf
2237 675 65 38 ich
2336 673 111 39 nicht
2483 671 221 53 gewähren.
2760 670 70 38 Ich

1662 739 102 38 kann
1794 738 70 39 Dir
1891 737 92 40 kein
2009 738 141 39 Pulver
2178 736 84 40 und
2290 735 112 39 keine
2430 734 93 38 Pille
2551 733 180 46 reichen,
2765 731 62 39 die

1663 802 104 38 Dich
1795 800 157 39 erlöst.“

1742 862 94 47 „Ich
1860 862 115 47 bitte,
2004 862 64 38 ich
2093 861 101 39 flehe
2214 860 103 39 Dich
2344 857 188 40 dennoch
2551 857 89 38 an!“
2659 856 170 40 hauchte

1663 924 70 38 der
1761 924 165 38 Kranke.
1968 924 90 46 „Du
2086 924 110 38 thust
2221 924 34 50 ja
2284 922 65 38 das
2378 919 148 53 gröfste
2557 919 271 47 Gotteswerk,

1663 986 115 38 einen
1808 998 44 25 so
1882 984 201 40 furchtbar
2107 984 214 39 leidenden
2343 982 232 47 Menschen,
2603 982 77 38 wie
2711 980 114 47 mich,

1663 1059 49 26 zu
1731 1045 191 40 befreien!
1961 1046 142 39 Kann’s
2125 1047 65 37 ein
2204 1045 218 52 Vergehen
2442 1043 95 48 sein,
2557 1042 46 39 da
2619 1044 65 38 Du
2705 1042 122 40 selbst

1663 1120 112 40 sagst,
1804 1107 81 39 dafs
1914 1107 64 39 ich
2006 1108 205 38 unrettbar
2231 1108 93 38 dem
2344 1106 120 39 Tode
2488 1105 190 39 verfallen
2707 1104 121 40 sei!?“

1745 1171 110 38 Aber
1884 1169 69 38 der
1982 1170 102 38 Arzt
2112 1169 211 39 schüttelte
2353 1168 79 38 den
2460 1167 120 54 Kopf.

1742 1232 94 47 „Ich
1862 1232 104 38 kann
1994 1244 74 25 nur
2089 1232 117 46 eines,
2232 1230 105 39 mein
2357 1241 133 27 teurer
2508 1228 175 39 Freund!
2729 1228 100 38 Hier

1662 1294 50 38 ist
1742 1293 64 39 ein
1835 1292 266 40 Schlafmittel.
2157 1292 141 39 Nimm
2326 1291 135 39 davon
2494 1290 84 39 drei
2605 1290 140 47 Pillen,
2782 1303 45 25 so

1662 1355 109 39 wirst
1792 1356 64 37 Du
1884 1354 240 52 wenigstens
2145 1352 333 52 vorübergehend
2498 1352 70 38 der
2589 1352 238 39 Schmerzen

1663 1417 223 39 enthoben!
1916 1417 111 39 Aber
2038 1416 110 38 nicht
2158 1416 129 38 mehr!
2316 1414 169 39 Beachte
2497 1414 124 38 wohl!
2649 1413 180 39 Nimmst

1662 1479 67 38 Du
1758 1491 65 38 gar
1851 1478 63 39 die
1945 1477 196 40 dreifache
2170 1476 168 46 Anzahl,
2367 1489 44 25 so
2443 1481 74 22 —“

1741 1539 96 40 Und
1868 1553 41 25 er
1937 1539 102 52 ging,
2068 1539 84 39 und
2171 1539 65 38 ich
2255 1538 127 38 stellte
2403 1536 106 40 mich
2528 1537 79 37 an’s
2627 1535 197 40 Fufsende

1663 1602 68 38 des
1750 1602 133 38 Bettes
1912 1601 83 39 und
2024 1612 174 35 wartete,
2227 1599 75 40 wie
2330 1598 100 39 viele
2450 1598 121 39 Pillen
2591 1611 43 25 er
2652 1598 174 39 nehmen

1661 1663 147 40 werde.

1740 1724 96 39 Und
1866 1737 42 25 er
1936 1723 96 53 griff
2050 1724 100 39 auch
2176 1722 100 40 nach
2304 1722 71 38 der
2400 1721 203 39 Schachtel
2629 1720 83 39 und
2739 1720 86 40 liefs

1663 1800 106 25 neun
1797 1785 122 40 Pillen
1947 1788 41 36 in
2016 1786 108 38 seine
2153 1783 197 40 zitternde
2378 1783 120 39 Hand
2527 1782 163 52 gleiten;
2726 1783 100 38 auch

1661 1848 137 38 rückte
1820 1861 42 25 er
1882 1847 64 39 ein
1965 1847 94 39 Glas
2079 1847 73 37 mit
2166 1847 167 38 Wasser
2353 1846 130 46 näher,
2513 1844 65 39 das
2608 1857 42 25 er
2669 1844 155 38 trinken

1660 1908 136 40 wollte
1834 1922 91 25 zum
1962 1908 218 39 leichteren
2217 1907 300 40 Verschlucken
2554 1905 70 38 der
2661 1906 163 38 Arznei.

1739 1971 95 47 „So!
1856 1970 167 38 Endlich
2045 1969 121 47 einer,
2183 1969 70 38 der
2274 1968 104 39 mich
2396 1967 135 40 liebt!“
2550 1967 178 39 flüsterte
2747 1966 76 40 ich.

1738 2033 120 38 Doch

1738 2094 117 39 Nach
1900 2093 223 38 bebendem
2165 2091 200 40 Besinnen
2413 2090 200 40 schluckte
2657 2103 42 25 er
2740 2089 85 39 drei

1658 2155 232 52 Kügelchen
1904 2155 188 39 hinunter
2183 2154 65 38 das
2264 2153 119 39 dritte
2404 2165 65 39 gar
2488 2152 126 38 schon
2634 2151 190 52 zögernd,

1659 2217 236 39 bedenklich
2003 2216 133 39 lehnte
2166 2215 81 39 sich
2275 2214 147 39 zurück
2440 2214 41 38 in
2500 2213 63 38 die
2582 2213 140 38 Kissen
2740 2213 84 39 und

1659 2289 163 28 wartete
1853 2289 92 28 statt
2067 2278 151 38 meiner
2331 2275 168 47 Deiner,
2533 2275 106 39 mein
2672 2274 152 40 Bruder

1660 2340 167 39 Schlaf.“

1740 2401 119 48 „Und
1891 2402 65 39 ich
1988 2402 106 37 kam!
2147 2401 59 48 Ja!
2261 2400 69 39 Ich
2365 2399 179 38 erinnere
2578 2397 148 47 mich,“
2759 2395 66 40 fiel

1661 2463 70 38 der
1759 2461 134 41 Schlaf
1916 2462 247 52 bestätigend
2192 2461 77 39 ein.

1742 2524 121 47 „Und
1891 2524 108 51 jener
2018 2526 136 44 Mann,
2182 2523 65 39 ich
2275 2521 111 40 weifs
2408 2535 52 34 es,
2478 2521 82 39 lebt
2578 2520 120 39 heute
2717 2520 108 39 noch

1658 2597 117 27 unter
1802 2585 167 39 tausend
1998 2585 156 49 Qualen
2180 2584 85 39 und
2295 2588 74 23 —“

1739 2647 119 47 „Und
1885 2645 179 41 fürchtet
2091 2646 128 39 nichts
2250 2645 142 46 mehr,
2422 2642 50 39 als
2501 2642 123 39 mich!
2667 2642 53 48 Ja,
2750 2642 72 52 ja!“

1660 2707 145 41 schlofs
1835 2709 69 38 der
1924 2707 109 48 Tod,
2055 2708 79 38 den
2153 2707 84 40 Satz
2266 2703 225 49 beendend,
2516 2703 82 40 und
2619 2704 64 39 ein
2703 2705 117 39 stilles

1660 2769 174 40 Lächeln
1861 2770 81 51 flog
1969 2769 100 39 über
2096 2769 85 39 sein
2210 2768 227 52 Angesicht.

1033 3731 51 18 LEO
1105 3727 191 22 PROCHOWNIK
