3709 4572
1451 3898 214 43 273

961 1747 193 63 WAS
1200 1747 186 63 DER
1431 1747 206 63 TOD
1683 1747 493 63 ERZAEHLT

1531 1889 69 22 VON

1286 1994 290 39 HERMANN
1604 1994 239 39 HEIBERG

421 2231 124 47 „Kein
574 2231 262 39 schlechteres
867 2230 206 47 Geschäft,
1102 2230 50 39 als
1182 2230 194 40 meines!“
1404 2242 105 40 sagte

343 2293 70 38 der
432 2293 113 48 Tod,
565 2293 72 39 der
656 2293 71 39 mit
746 2293 93 39 dem
858 2292 135 40 Schlaf
1008 2293 64 38 bei
1092 2293 131 38 einem
1245 2292 119 39 Glase
1384 2293 126 38 Wein

341 2354 42 38 in
411 2355 108 38 einer
549 2368 85 26 von
660 2355 226 39 Menschen
912 2355 253 39 verlassenen
1184 2354 325 54 Leichenkapelle

344 2415 73 40 safs
446 2415 83 39 und
557 2416 226 39 schwatzte.

421 2478 91 47 „Du
532 2478 154 48 meinst,
705 2477 90 39 kein
815 2478 213 46 besseres,'“
1117 2476 66 39 fiel
1202 2477 70 38 der
1293 2475 133 41 Schlaf
1434 2477 75 38 ein.

421 2540 124 47 „Was
573 2539 64 40 ich
664 2540 88 39 halb
782 2539 147 46 mache,
949 2538 151 40 machst
1119 2540 66 38 Du
1204 2551 110 39 ganz.
1406 2538 83 38 Ster-

343 2600 79 39 ben
448 2600 52 39 ist
527 2600 107 39 doch
660 2600 67 40 für
755 2600 65 39 die
842 2601 119 38 Welt
989 2601 66 38 das
1084 2599 177 48 Endziel,
1289 2599 101 40 nach
1418 2599 91 38 dem

342 2663 151 47 ,Leben
496 2668 9 17 4
534 2662 63 39 die
627 2663 156 38 Summe
813 2662 92 38 aller
932 2661 267 52 Hoffnungen
1227 2674 197 38 gewesen.
1428 2665 22 17 44

424 2722 193 49 „Gewifs,
646 2737 120 25 wenn
794 2722 130 40 meine
953 2722 112 40 Kraft
1094 2723 147 39 stärker
1269 2726 68 43 ist,
1366 2722 50 39 als
1446 2721 61 39 die

343 2785 70 38 der
434 2785 234 39 Menschen.
711 2786 119 37 Dann
848 2785 159 38 komme
1026 2784 65 39 ich
1109 2797 51 26 zu
1178 2783 173 39 meinem
1367 2783 141 48 Recht,

343 2846 85 39 und
456 2846 66 40 ich
557 2846 70 39 bin
665 2846 64 38 ein
768 2845 194 53 gröfserer
988 2846 159 38 Erlöser
1183 2845 51 39 als
1263 2846 78 38 Du.
1397 2846 112 38 Aber

343 2908 190 39 während
567 2907 108 49 jeder
703 2907 105 40 Dich
842 2909 136 37 seinen
1012 2907 141 39 besten
1180 2906 158 39 Freund
1370 2917 137 37 nennt,

345 2969 172 39 dankbar
545 2969 160 39 Deinen
732 2970 161 38 Namen
919 2969 139 53 preist,
1095 2968 135 39 werde
1258 2968 66 39 ich
1358 2966 150 54 gehafst

340 3029 84 40 und
452 3030 120 39 selbst
607 3030 108 39 dann
748 3030 200 52 geflohen,
986 3043 123 26 wenn
1145 3029 83 40 sich
1260 3029 106 40 noch
1404 3029 104 38 eben

345 3092 62 38 die
428 3091 145 40 Hände
598 3092 255 51 sehnsüchtig
872 3091 101 40 nach
990 3091 74 39 mir
1083 3091 265 52 ausgestreckt
1366 3090 139 39 haben.

342 3154 90 47 Das,
463 3154 103 38 eben
595 3153 66 39 das
695 3154 131 38 macht
862 3153 74 39 mir
972 3152 108 39 mein
1107 3151 231 39 Handwerk
1366 3165 45 25 so
1440 3164 46 26 zu-

341 3215 137 40 wider.
526 3216 49 38 Es
605 3215 107 52 giebt
739 3215 240 39 niemanden
997 3213 72 40 auf
1082 3213 70 39 der
1169 3213 128 47 Welt,
1318 3213 81 38 den
1418 3227 89 25 man

342 3290 43 26 so
415 3290 92 26 zum
534 3278 160 38 Narren
722 3277 82 39 hält
832 3277 75 39 wie
935 3276 116 40 mich.
1055 3280 21 18 44

420 3339 98 39 Und
546 3339 52 39 als
637 3338 71 40 der
736 3338 99 40 Tod
869 3338 71 39 der
975 3337 264 53 ungläubigen
1266 3337 137 39 Miene
1438 3337 68 39 des

343 3400 167 40 Schlafes
540 3402 232 51 begegnete,
801 3401 139 54 sprach
969 3413 60 26 er:

422 3462 92 47 „Ich
540 3462 80 39 will
649 3476 39 25 es
717 3462 72 38 Dir
818 3461 218 40 beweisen!
1091 3460 92 40 Lafs
1202 3460 74 39 Dir
1305 3460 201 40 erzählen!

422 3523 69 38 Ich
528 3523 137 40 schritt
699 3524 100 39 über
837 3523 87 40 eine
961 3524 172 47 Brücke,
1167 3523 130 39 hinter
1335 3521 71 39 der
1444 3523 64 37 ein

347 3583 194 39 Gebäude
554 3585 71 38 mit
641 3585 142 39 dicken
794 3587 167 38 Mauern
971 3585 84 39 und
1065 3585 157 39 kleinen
1232 3585 193 38 Fenstern
1434 3583 72 53 lag.

424 3644 74 39 Ein
527 3658 119 39 enger
664 3646 194 40 Korridor
885 3646 136 42 führte
1050 3647 106 40 mich
1173 3646 44 40 in
1237 3646 116 39 einen
1371 3646 136 39 hohen

346 3707 125 37 Raum
501 3707 104 39 ohne
632 3708 198 53 Ausgang.

1697 2230 90 38 Vor
1815 2228 73 40 mir
1924 2230 60 51 lag
2022 2230 86 38 eine
2146 2228 152 39 eiserne
2333 2228 186 54 Treppe,
2558 2228 61 39 die
2657 2228 126 39 durch

1620 2291 117 39 einen
1764 2291 291 39 Mechanismus
2083 2289 298 52 herabgelassen
2408 2290 85 39 und
2520 2289 150 39 wieder
2699 2303 54 25 em-

1617 2365 260 41 porgezogen
1911 2352 158 47 wurde,
2112 2352 51 38 als
2199 2352 66 39 ich
2301 2352 108 38 oben
2445 2350 337 53 hinaufgestiegen

1617 2427 91 27 war.
1764 2413 342 52 Achtundvierzig
2142 2413 151 39 eiserne
2325 2413 172 39 Thüren
2532 2411 164 40 führten
2732 2425 49 26 zu

1617 2475 321 52 achtundvierzig
1978 2475 158 47 Zellen,
2182 2474 63 39 die
2290 2474 61 40 ihr
2392 2474 117 40 Licht
2551 2474 125 39 durch
2717 2473 65 39 ein

1617 2538 107 39 hoch
1752 2536 291 52 angebrachtes,
2071 2535 251 52 vergittertes
2346 2536 166 39 Fenster
2540 2535 239 53 empfingen.

1695 2599 48 38 In
1780 2598 108 39 einer
1921 2597 126 39 dieser
2075 2597 140 40 Zellen
2241 2597 145 40 hockte
2417 2597 64 40 ein
2509 2597 268 52 Gefangener,

1617 2660 145 47 bleich,
1797 2659 133 48 elend,
1964 2659 193 48 frierend;
2191 2672 43 26 er
2260 2658 134 40 faltete
2424 2658 64 39 die
2521 2658 146 39 Hände
2694 2659 84 39 und

1616 2721 145 40 weinte
1789 2721 73 38 mit
1888 2720 203 39 flehender
2119 2721 176 38 Stimme:

1695 2782 115 48 „Ach
1823 2782 110 47 Tod,
1954 2795 121 27 wenn
2086 2783 65 38 Du
2170 2782 107 40 mich
2296 2782 106 39 doch
2418 2782 155 38 erlösen
2586 2782 175 38 wolltest
2770 2783 8 37 I

1615 2844 70 39 Ich
1699 2842 125 48 weifs,
1837 2856 79 26 was
1932 2842 70 40 auf
2009 2844 172 38 meinem
2191 2843 263 39 Verbrechen
2470 2843 122 45 steht;
2603 2843 176 52 zwanzig

1610 2905 113 49 Jahre
1747 2905 242 40 Zuchthaus]
2098 2906 187 51 Zwanzig
2309 2905 113 48 Jahre
2448 2905 251 38 Zuchthaus“

1615 2966 259 40 wiederholte
1900 2980 41 24 er
1959 2967 44 38 in
2022 2966 130 40 einem
2170 2968 99 38 Ton
2289 2967 68 39 des
2379 2967 214 39 Grausens.
2636 2968 144 46 „Dann

1614 3028 122 39 lieber
1765 3027 126 52 gleich
1920 3029 204 38 sterben!“

1693 3089 71 39 Als
1792 3088 66 40 ich
1886 3089 66 39 das
1979 3089 133 47 hörte,
2155 3088 140 53 ergriff*
2320 3089 107 40 mich
2460 3089 115 40 tiefes
2603 3089 173 49 Mitleid;

1613 3151 66 40 ich
1693 3151 171 39 schickte
1883 3151 132 39 meine
2036 3152 234 47 Schwester,
2291 3151 62 39 die
2373 3152 226 48 Krankheit,
2619 3165 158 33 voraus;

1615 3213 53 39 sie
1698 3212 139 53 ergriff*
1856 3213 83 39 und
1968 3213 212 40 schüttelte
2208 3213 68 40 ihn
2303 3214 42 39 in
2373 3215 251 38 Schmerzen.

1693 3276 59 38 Da
1768 3275 164 39 drückte
1953 3275 71 39 der
2043 3277 127 37 Mann
2189 3275 68 39 auf
2272 3275 79 39 den
2369 3275 146 55 Knopf
2528 3276 71 38 der
2613 3275 165 53 Klingel,

1615 3336 62 39 die
1706 3336 80 39 den
1813 3337 165 38 Wärter
2006 3336 221 48 herbeirief,
2259 3337 86 38 und
2375 3337 127 40 schrie
2530 3337 81 39 ihm
2639 3350 69 26 zu:

1693 3398 118 48 „Eile,
1841 3398 87 39 eile!
1976 3398 73 39 Ein
2068 3398 300 40 fürchterliches
2389 3399 142 39 Fieber
2555 3411 78 28 rast
2652 3400 127 39 durch

1614 3460 159 38 meinen
1810 3460 170 54 Körperl
2034 3461 134 51 Angst
2206 3459 133 40 erfüllt
2375 3460 109 40 mein
2520 3462 175 39 Inneres.

1613 3522 301 52 Unerträgliche
1936 3523 237 39 Schmerzen
2191 3523 192 54 peinigen
2401 3523 131 39 meine
2554 3525 152 38 Brust.“

1692 3583 70 39 Ich
1798 3584 92 38 aber
1928 3584 127 39 stellte
2098 3584 122 48 mich,
2261 3585 196 40 nachdem
2503 3585 70 40 der
2610 3587 167 39 Wärter

1613 3644 298 52 fortgegangen,
1941 3658 48 25 an
2017 3644 83 40 sein
2121 3646 126 51 Lager
2261 3646 84 39 und
2365 3647 195 39 flüsterte:
2595 3648 95 48 „Ich
2707 3648 70 40 bin

1615 3706 71 39 der
1714 3706 116 39 Tod!
1886 3707 66 39 Du
1980 3707 136 40 riefest
2142 3709 125 39 mich!
2314 3709 140 40 Willst
2481 3711 66 38 Du
2577 3711 182 38 sterben?
2765 3716 8 17 4

829 1325 146 18 ORCHIDEE

597 1324 95 19 ARTUR
711 1325 98 24 ILLIES
