3030 4244
1459 212 65 70 S.
1590 212 57 70 I.
1713 212 106 69 M.

502 312 0 0 54

524 361 102 60 §6.
757 362 41 42 Si
832 360 205 54 l'Artiste,
1073 376 52 28 au
1164 369 369 35 commencement
1568 357 60 43 du
1663 358 169 57 présent
1865 369 296 44 engagement,
2196 373 41 27 se
2277 369 165 40 trouve,
2482 355 80 43 soit
2601 368 75 43 par
2714 350 197 55 maladie,

392 426 193 44 accident
608 426 226 52 antérieur,
858 424 283 56 changement
1164 424 54 44 de
1241 423 210 44 membres
1473 421 54 43 de
1549 421 39 43 la
1612 432 168 46 troupe,
1804 420 298 58 indisposition
2127 423 260 55 persistante,
2412 436 56 27 ou
2493 429 122 32 toute
2637 427 119 33 autre
2773 430 138 40 cause,

392 490 104 44 dans
518 490 72 42 des
612 489 243 43 conditions
877 488 116 43 telles
1015 504 84 42 que
1121 489 39 42 la
1181 488 145 43 valeur
1348 486 59 44 du
1432 486 181 43 numéro
1646 485 80 43 soit
1760 484 299 43 sensiblement
2094 485 227 43 inférieure
2355 486 19 41 à
2412 484 105 43 celle
2550 480 60 45 du
2639 481 103 58 jour
2780 480 57 42 où
2872 480 39 42 le

393 555 167 57 présent
583 563 278 46 engagement
885 569 21 26 a
930 552 66 42 été
1019 551 131 56 signé,
1173 552 39 43 la
1248 551 224 43 Direction
1506 551 159 41 réserve
1698 548 39 43 le
1772 547 115 44 droit
1920 548 54 42 de
2007 548 159 43 résilier
2198 564 48 28 ce
2279 558 166 33 contrat
2479 546 104 44 dans
2618 545 58 41 les
2709 543 203 59 premiers

391 617 103 44 trois
511 617 117 56 jours
650 628 42 31 et
715 617 139 42 même
877 614 54 44 de
953 615 39 43 le
1015 616 157 42 résilier
1196 625 227 47 purement
1445 624 42 33 et
1510 612 272 58 simplement
1806 623 123 31 avant
1952 612 57 42 les
2042 612 167 54 débuts,
2244 629 90 26 sans
2368 610 242 45 indemnité
2644 608 54 43 de
2733 618 95 48 part
2863 606 47 43 ni

392 680 182 44 d'autre.

520 744 42 41 Si
599 744 116 56 après
753 759 58 26 ses
846 742 152 43 débuts
1033 743 192 42 l'Artiste
1263 758 41 27 se
1342 753 164 41 trouve,
1541 755 74 43 par
1647 738 183 44 maladie
1853 754 57 27 ou
1935 739 112 42 force
2071 739 201 57 majeure,
2297 739 205 58 empêché
2526 736 54 44 de
2604 736 224 52 travailler,
2853 734 59 43 les

392 823 121 40 gages
530 823 54 26 ne
607 818 140 31 seront
769 822 71 41 pas
863 807 122 57 payés
1007 821 109 42 pour
1138 806 57 41 les
1212 805 119 58 jours
1353 806 56 43 où
1432 805 189 42 l'Artiste
1646 802 183 43 n'aurait
1853 818 69 41 pas
1947 802 85 56 pris
2054 814 93 44 part
2171 818 81 28 aux
2275 802 368 58 représentations.
2666 799 41 43 Si
2731 799 155 57 l'empê-

393 871 200 43 chement
631 886 41 26 se
711 870 206 57 prolonge
950 885 52 27 au
1036 868 94 44 delà
1162 868 55 42 de
1251 869 101 43 trois
1378 870 133 56 jours,
1545 868 38 42 la
1619 866 224 43 Direction
1879 882 21 26 a
1931 866 38 42 le
1994 866 113 42 droit
2129 865 54 44 de
2207 867 158 43 résilier
2387 883 48 26 ce
2458 876 167 33 contrat
2649 865 21 42 à
2694 863 133 58 partir
2850 861 63 44 do

393 934 236 58 quatrième
647 934 100 56 jour
769 932 233 44 d'absence.

527 1064 20 60 §
588 1079 40 43 7.
759 1066 212 42 L'Artiste
1004 1066 75 57 qui
1117 1066 205 56 romprait
1358 1082 46 26 ce
1439 1076 180 42 contrat,
1656 1080 57 26 ou
1750 1062 262 43 n'arriverait
2046 1078 70 41 pas
2140 1079 51 27 au
2215 1075 135 45 temps
2373 1079 210 37 convenu,
2608 1078 57 27 ou
2689 1059 224 60 quitterait

395 1131 309 55 l'engagement
728 1139 123 32 avant
875 1145 73 26 son
972 1139 148 41 terme,
1162 1129 121 42 serait
1305 1129 174 57 passible
1503 1128 106 43 d'un
1634 1127 121 43 dédit
1778 1125 54 44 de
2014 1127 148 52 francs,
2192 1128 177 56 payable
2403 1127 53 42 de
2490 1127 123 52 suite,
2649 1124 264 43 nonobstant

395 1205 94 32 tous
527 1204 137 31 autres
701 1192 133 43 droits
866 1192 54 42 de
958 1192 39 42 la
1028 1192 223 42 Direction
1287 1193 73 57 qui
1397 1193 148 51 aurait,
1580 1200 285 43 notamment,
1900 1190 109 42 celui
2044 1190 54 42 de
2132 1190 159 42 retenir
2324 1191 56 41 les
2413 1206 120 40 gages
2557 1190 143 58 acquis
2723 1204 109 42 pour
2856 1187 58 42 les

390 1258 199 55 journées
611 1256 53 43 de
688 1256 143 42 travail
855 1256 201 42 écoulées.

525 1386 21 60 §
588 1392 40 40 8.
758 1388 60 44 La
842 1388 224 43 Direction
1090 1388 167 43 décline
1280 1400 120 32 toute
1423 1388 319 58 responsabilité
1765 1404 52 26 au
1842 1388 106 56 sujet
1971 1386 72 42 des
2065 1387 87 42 vols
2175 1387 74 57 qui
2274 1388 247 56 pourraient
2544 1389 88 41 être
2656 1385 179 44 commis
2859 1400 53 28 au

395 1453 216 57 préjudice
633 1451 54 43 de
710 1453 189 41 l'Artiste
921 1452 102 42 dans
1046 1452 237 42 l'intérieur
1305 1452 54 42 de
1381 1453 359 52 l'établissement,
1764 1451 104 42 ainsi
1893 1451 128 58 qu'au
2046 1450 107 57 sujet
2183 1451 54 42 de
2272 1463 118 31 toute
2424 1451 306 43 détérioration
2765 1449 55 43 de
2853 1464 63 27 ses

394 1517 233 42 vêtements
650 1532 56 26 ou
731 1516 250 51 accessoires,
1006 1531 56 27 ou
1086 1515 60 43 du
1170 1516 204 53 matériel,
1397 1516 160 58 quelles
1579 1515 130 59 qu'en
1734 1515 136 42 soient
1893 1515 58 42 les
1974 1530 152 27 causes.

523 1579 58 42 La
608 1579 220 42 Direction
853 1595 41 26 se
915 1578 164 43 déclare
1102 1579 234 42 seulement
1358 1579 265 57 responsable
1646 1579 72 42 des
1740 1579 148 58 objets,
1915 1578 147 57 bijoux
2085 1593 56 28 ou
2166 1578 160 42 valeurs
2349 1579 74 57 qui
2447 1589 140 32 seront
2611 1578 174 57 déposés
2819 1578 22 42 à
2874 1576 41 43 la

393 1643 125 42 caisse
540 1653 146 31 contre
710 1659 57 25 un
792 1643 212 57 récépissé.

526 1773 21 59 §
586 1788 42 45 9.
760 1776 68 42 En
865 1792 64 26 cas
967 1774 54 44 de
1058 1774 226 44 l'abandon
1326 1774 53 43 de
1418 1776 263 56 l'entreprise
1720 1790 74 42 par
1828 1776 37 41 la
1900 1775 179 52 Société,
2114 1791 108 41 pour
2256 1776 185 57 quelque
2474 1792 120 26 cause
2627 1790 85 43 que
2745 1790 48 27 ce
2816 1774 98 54 soit,

395 1838 190 43 l'Artiste
609 1839 146 42 n'aura
778 1854 137 28 aucun
939 1854 167 27 recours
1128 1849 148 32 contre
1299 1839 79 41 elle
1402 1854 109 41 pour
1533 1839 38 42 la
1595 1839 134 56 partie
1752 1838 60 44 du
1847 1840 167 55 présent
2049 1850 281 44 engagement
2364 1839 75 58 qui
2480 1840 188 41 resterait
2702 1853 155 28 encore
2891 1838 23 43 à

394 1903 156 52 courir,
574 1912 42 32 et
638 1913 66 32 cet
727 1913 280 44 engagement
1030 1901 121 43 serait
1174 1903 158 42 annulé
1355 1901 54 43 de
1433 1902 117 57 plein
1573 1902 116 43 droit
1711 1918 89 27 sans
1825 1902 255 44 indemnité.
2107 1903 36 42 Il
2168 1919 53 25 en
2241 1902 124 43 serait
2389 1902 53 43 de
2466 1904 139 41 même
2629 1902 31 42 si
2684 1903 39 42 la
2748 1901 166 43 Société

394 1966 141 42 venait
558 1966 21 42 à
603 1965 123 43 céder
749 1981 74 27 son
847 1966 325 42 établissement.

522 2028 122 43 Tout
681 2041 281 43 engagement
998 2029 75 42 fait
1112 2028 80 43 soit
1228 2044 73 42 par
1336 2029 139 54 lettre,
1512 2030 79 42 soit
1627 2044 73 42 par
1735 2028 377 58 correspondance,
2154 2044 55 29 ne
2248 2046 87 26 sera
2373 2046 84 42 que
2496 2030 246 58 provisoire,
2777 2040 42 32 et
2858 2044 58 28 ne

395 2091 229 44 deviendra
647 2091 194 44 définitif
856 2108 83 43 que
963 2108 74 42 par
1059 2092 39 43 le
1122 2093 167 56 présent
1312 2092 136 43 traité.

1273 2274 396 44 CONDITIONS
1704 2261 321 57 SPÉCIALES

523 2430 53 42 A.
706 2429 122 41 Tout
863 2429 38 41 le
938 2429 191 42 matériel
1164 2428 72 43 des
1271 2429 173 53 artistes,
1478 2429 159 53 décors,
1674 2441 220 41 costumes,
1929 2431 254 53 accessoires,
2221 2430 93 44 doit
2349 2433 88 40 être
2472 2442 104 32 tenu
2613 2429 104 44 dans
2746 2448 58 27 un
2829 2433 87 42 état

396 2491 324 58 irréprochable,
744 2493 121 54 agréé
886 2507 74 42 par
983 2492 38 42 la
1045 2491 225 44 Direction
1295 2503 43 32 et
1360 2493 218 42 conforme
1602 2509 80 27 aux
1706 2494 297 57 prescriptions
2026 2494 368 44 administratives.

525 2568 47 42 B.
703 2567 60 43 La
787 2568 224 43 Direction
1035 2584 40 26 se
1097 2570 159 41 réserve
1279 2569 40 41 le
1341 2568 115 43 droit
1479 2568 54 43 de
1557 2569 102 43 faire
1681 2569 58 42 les
1761 2585 208 42 coupures
1992 2582 42 31 et
2058 2571 57 43 les
2138 2571 304 56 changements
2464 2571 74 59 qui
2557 2571 61 44 lui
2638 2572 279 56 paraîtraient

398 2631 122 43 utiles
542 2630 103 44 dans
667 2632 39 40 le
729 2633 193 41 numéro.

524 2707 53 43 C.
708 2707 59 43 La
805 2707 225 43 Direction
1071 2709 105 42 n'est
1220 2724 70 42 pas
1334 2708 266 57 responsable
1644 2707 72 44 des
1760 2709 214 44 accidents
2019 2723 42 31 et
2101 2712 200 43 blessures
2340 2712 74 58 qui
2455 2712 247 56 pourraient
2746 2714 172 57 frapper

396 2770 190 43 l'Artiste
609 2770 189 57 pendant
822 2770 56 43 les
901 2771 247 57 répétitions
1171 2788 55 26 ou
1251 2772 368 57 représentations,
1642 2773 141 57 quelle
1806 2773 130 59 qu'en
1973 2775 79 42 soit
2079 2775 38 42 la
2141 2791 134 38 cause,
2300 2787 41 31 et
2377 2776 172 42 celui-ci
2586 2791 203 39 renonce,
2824 2789 93 31 tant

397 2850 109 42 pour
528 2834 61 42 lui
612 2850 84 41 que
718 2850 109 41 pour
850 2851 57 25 ses
931 2835 278 56 ayants-droit
1232 2846 42 31 et
1298 2851 73 26 son
1396 2836 224 55 personnel
1643 2837 107 56 qu'il
1774 2837 141 56 oblige
1940 2855 97 26 avec
2060 2839 78 53 lui,
2163 2840 104 42 aussi
2303 2839 99 43 bien
2437 2855 83 42 que
2554 2841 58 41 les
2645 2843 273 54 compagnie»

397 2898 147 56 auprès
582 2897 231 58 desquelles
849 2897 27 41 il
923 2898 187 56 pourrait
1150 2900 87 40 être
1277 2900 147 50 assuré,
1473 2900 21 40 à
1534 2916 54 25 ne
1627 2900 201 44 réclamer
1863 2917 56 27 ou
1954 2903 138 42 laisser
2125 2903 202 43 réclamer
2361 2903 21 42 à
2415 2903 38 42 la
2489 2903 227 44 Direction
2758 2921 161 28 aucuns

397 2961 451 55 dommages-intérêts.

524 3037 57 42 D.
713 3036 227 53 L'Artiste,
964 3036 54 42 de
1041 3053 74 26 son
1139 3040 110 50 côté,
1272 3050 107 30 reste
1413 3039 386 55 personnellement
1836 3053 41 31 et
1918 3043 331 43 exclusivement
2290 3043 265 56 responsable
2592 3043 73 43 des
2703 3045 216 43 accidents

394 3100 109 59 qu'il
543 3100 188 56 pourrait
765 3099 282 43 directement
1084 3116 56 27 ou
1181 3100 328 45 indirectement
1545 3118 141 28 causer
1724 3120 57 28 ou
1820 3107 271 43 occasionner
2124 3106 191 58 pendant
2354 3123 74 26 son
2463 3107 161 52 travail,
2649 3119 42 31 et
2718 3109 55 42 de
2807 3110 111 43 leurs

396 3165 322 56 conséquences,
741 3163 159 59 quelles
921 3163 174 58 qu'elles
1117 3164 149 43 soient.

524 3240 51 42 E.
706 3239 211 42 L'Artiste
940 3251 168 46 accepte
1132 3257 108 40 pour
1264 3241 60 42 lui
1348 3253 42 30 et
1413 3257 40 26 sa
1481 3254 152 46 troupe
1667 3244 57 42 les
1758 3246 299 58 prescriptions
2090 3246 355 43 administratives
2479 3248 299 44 mentionnées
2812 3249 107 44 dan»

397 3303 40 42 le
460 3304 234 54 règlement
718 3302 219 43 intérieur.

525 3379 47 42 F.
703 3378 60 44 Le
786 3380 166 56 présent
975 3391 164 31 contrat
1162 3380 169 42 confère
1355 3382 21 41 à
1399 3382 38 41 la
1461 3382 225 45 Direction
1710 3385 38 42 le
1779 3385 115 44 droit
1928 3387 145 43 absolu
2108 3386 54 43 de
2195 3387 229 56 réengager
2460 3387 69 44 M.
2568 3389 38 42 Y
2641 3405 82 27 aux
2758 3391 162 43 mêmes

398 3441 258 44 conditions.

526 3505 60 43 La
626 3506 223 43 Direction
886 3506 125 43 devra
1050 3523 53 26 en
1143 3518 94 31 tout
1270 3523 64 26 cas
1368 3524 92 27 user
1492 3509 54 43 de
1580 3526 47 27 ce
1660 3511 115 45 droit
1798 3512 103 44 dans
1923 3514 58 42 les
2004 3514 202 57 premiers
2228 3514 159 58 quinze
2404 3515 118 58 jours
2545 3516 75 59 qui
2644 3517 192 44 suivront
2859 3518 61 44 le»

396 3568 169 54 débuts,
588 3570 114 42 faute
724 3568 55 44 de
801 3570 102 58 quoi
928 3570 191 43 l'Artiste
1141 3586 86 27 sera
1251 3572 282 45 entièrement
1557 3574 146 45 libéré.
