3030 4244
1429 232 64 69 S.
1561 232 56 68 I.
1686 229 105 69 M.

357 270 99 66 24

1350 382 116 57 taie
1524 380 104 78 qui
1689 397 144 38 orne
1881 378 51 56 le
1979 373 302 61 mausolée
2322 373 79 60 du
2444 371 317 61 musicien.
2799 368 88 59 Le

1349 470 189 82 grand
1560 468 299 59 directeur
1882 465 369 59 d'orchestre
2267 486 117 60 que
2406 462 94 60 fut
2525 461 359 68 Mottl,tant

1348 582 155 59 pour
1523 560 56 57 la
1600 557 281 80 musique
1904 556 291 79 classique
2218 578 116 58 que
2350 575 155 61 pour
2526 554 55 57 la
2604 551 282 79 musique

1349 649 288 60 moderne
1686 660 58 45 et
1795 644 555 81 particulièrement
2390 664 151 61 pour
2587 641 297 80 Wagner,

1349 740 156 57 avait
1523 758 116 38 une
1654 734 404 82 prédilection
2082 734 284 81 marquée
2389 754 155 60 pour
2564 729 228 82 l'opéra
2813 728 74 58 de

1350 828 209 60 Gluck
1885 839 58 44 et
2401 844 115 39 une
2534 819 353 85 préférence

1349 941 155 58 pour
1550 918 54 58 la
1654 916 256 59 sublime
1943 912 157 59 fable
2135 914 80 59 du
2260 914 163 59 divin
2477 909 270 84 Orphée.
2787 910 101 58 Ses

1349 1010 277 78 disciples
1647 1027 59 38 se
1729 1006 241 80 plurent
1993 1002 30 60 à
2045 1004 55 58 le
2122 1006 272 78 rappeler
2416 1025 98 38 sur
2535 1023 107 39 son
2665 1021 179 38 monu-

1349 1112 166 44 ment
1550 1093 322 70 funéraire,
1909 1109 57 43 et
2000 1115 58 37 sa
2093 1115 188 37 veuve
2315 1115 98 38 sur
2448 1114 104 38 son
2587 1091 296 59 ex-libris.

1529 1189 112 55 Les
1677 1186 200 72 jeunes
1912 1182 200 59 diront
2145 1204 12 37 :
2261 1185 143 57 c'est
2440 1182 282 80 pompier
2808 1201 78 36 ou

1349 1276 222 70 même,
1603 1276 143 57 dans
1772 1274 214 80 l'argot
2021 1272 80 59 du
2130 1274 130 70 jour
2286 1297 12 35 :
2329 1272 195 59 "c'est
2809 1270 80 57 Et

1349 1366 359 80 cependant,
1735 1366 53 56 le
1815 1365 152 71 sujet
2003 1384 105 60 par
2141 1364 320 57 lui-même
2497 1377 85 44 est
2609 1360 173 83 foyer
2817 1359 72 58 de

1348 1455 198 59 riches
1594 1451 512 83 interprétations,
2158 1468 127 42 tant
2342 1450 371 81 esthétiques
2770 1472 120 59 que

363 1543 524 81 philosophiques.
920 1544 56 57 Si
1002 1543 174 60 banal
1199 1545 179 79 qu'on
1410 1545 195 79 puisse
1632 1545 54 56 le
1715 1544 189 79 juger,
1934 1543 51 67 je
2012 1543 81 57 lui
2126 1557 212 43 trouve
2364 1563 117 37 une
2507 1556 168 43 autre
2703 1541 186 57 allure

362 1632 136 81 qu'à
521 1633 156 59 celui
705 1632 71 58 de
802 1633 96 59 M.
920 1633 77 59 G.
1020 1634 276 70 Galston,
1313 1633 253 60 exécuté
1597 1656 101 57 par
1722 1655 79 37 un
1826 1633 202 57 artiste
2051 1632 305 71 berlinois,
2384 1633 97 57 M.
2501 1632 77 57 O.
2597 1631 291 58 Hettner.

543 1723 138 65 Que
716 1723 147 70 dire,
899 1744 74 36 en
1007 1722 163 71 effet,
1222 1723 72 59 de
1330 1738 93 44 cet
1458 1723 276 60 ex-libris
1767 1723 232 59 cubiste
2033 1725 20 55 ?
2100 1723 162 57 Pour
2299 1723 310 80 plusieurs,
2646 1721 125 58 cela
2806 1735 85 43 est

363 1811 426 81 très-possible,
824 1812 247 57 l'œuvre
1105 1827 144 66 peut
1284 1812 258 81 paraître
1576 1813 353 80 poignante,
1981 1812 150 59 mais
2166 1834 74 35 on
2279 1810 401 59 m'accordera
2715 1810 177 80 qu'ils

363 1902 249 59 doivent
640 1904 184 57 sentir
850 1902 199 57 vibrer
1076 1924 70 37 en
1176 1924 120 37 eux
1322 1904 99 58 des
1448 1904 208 58 cordes
1683 1901 287 81 spéciales
1999 1900 88 81 (').
2119 1902 508 80 Respectons-les,
2655 1901 68 57 ils
2756 1916 136 43 sont

363 1990 276 61 sincères.
678 1992 87 58 Le
799 2013 373 60 personnage
1205 1991 439 82 iconographié
1678 1991 217 59 écoute
1928 2013 131 37 sans
2093 1992 184 58 doute
2313 1992 263 81 quelque
2609 1991 283 80 musique

365 2081 249 59 cubiste.
653 2080 52 59 Il
738 2079 191 81 paraît
979 2080 315 81 beaucoup
1329 2103 71 37 en
1438 2081 259 72 souffrir,
1748 2095 58 44 et
1843 2081 124 58 cela
2017 2102 57 37 se
2126 2084 244 77 conçoit
2420 2081 44 59 si
2515 2081 110 58 elle
2675 2094 85 43 est
2811 2079 81 58 du

365 2170 200 59 même
601 2184 102 45 ton
739 2170 314 80 artistique
1089 2193 118 59 que
1238 2173 54 56 le
1327 2193 275 61 paysage.

541 2259 325 79 Ajoutons,
902 2258 30 60 à
967 2260 52 58 la
1054 2259 300 81 décharge
1400 2260 80 59 du
1531 2258 398 82 propriétaire
1964 2260 73 58 de
2072 2262 53 56 la

365 2371 271 58 marque,
672 2371 118 58 que
824 2363 158 45 cette
1017 2348 450 62 manifestation
1509 2348 342 81 esthétique
1886 2371 75 37 ne
1995 2351 129 58 doit

366 2460 100 60 pas
499 2440 125 57 être
659 2437 347 60 considérée
1042 2460 241 37 comme
1317 2461 60 37 sa
1411 2438 329 83 profession
1777 2440 72 57 de
1884 2437 105 61 foi.
2023 2441 101 57 Au

366 2530 316 70 contraire,
720 2530 127 57 rien
884 2550 71 36 ne
992 2550 149 38 nous
1174 2530 296 80 empêche
1505 2530 70 57 de
1611 2531 193 56 croire
1839 2551 118 57 que
1984 2530 142 58 c'est

366 2639 145 37 avec
563 2639 79 37 un
694 2619 226 57 sourire
969 2617 205 60 amusé
1226 2620 148 80 qu'il
1423 2619 73 58 l'a
1546 2617 108 60 fait
1703 2617 234 60 établir.
1992 2620 134 57 Elle

366 2709 127 57 doit
526 2708 86 57 lui
663 2706 371 82 représenter
1081 2710 55 56 la
1185 2708 365 59 satisfaction
1603 2709 178 57 d'une
1829 2708 296 73 fantaisie,

370 2798 138 57 d'un
548 2799 299 79 caprice...
880 2798 146 57 dont
1054 2800 162 57 voici
1244 2799 278 58 l'excuse.
1555 2799 52 57 Il
1641 2795 66 61 fit
1735 2798 150 59 faire
1919 2798 32 58 à
1976 2800 148 78 Jean

370 2885 200 59 Veber
605 2908 115 36 une
755 2890 320 68 eau-forte,
1110 2889 148 57 dont
1293 2909 150 37 nous
1477 2888 228 57 offrons
1739 2889 301 57 ci-contre
2073 2889 54 57 la

370 2975 449 80 reproduction.
860 2977 177 57 Cette
1073 2998 228 51 œuvre,
1329 2998 105 60 par
1468 2998 79 36 un
1578 2977 365 81 prodigieux
1966 2978 161 58 bond

371 3087 70 36 en
479 3064 220 60 arrière
734 3066 71 57 de
841 3064 382 83 l'éclectique
1258 3087 351 61 possesseur,
1652 3082 86 43 est
1787 3068 142 59 d'un
1979 3068 150 57 beau

370 3156 411 58 romantisme.
851 3156 476 80 L'imagination
1395 3156 97 81 n'y
1566 3160 245 56 connait
1876 3179 103 61 pas
2058 3157 71 59 de

370 3243 214 59 bornes
619 3268 14 47 ;
692 3245 111 57 elle
864 3266 39 59 y
969 3245 263 58 cherche
1294 3247 82 56 les
1440 3245 347 59 évocations
1851 3249 82 57 les
1998 3247 131 79 plus

370 3332 386 83 pathétiques
790 3359 14 47 ;
842 3335 140 58 c'est
1016 3337 54 58 le
1105 3335 205 58 drame
1343 3350 58 43 et
1434 3336 55 57 la
1523 3335 267 81 tragédie
1824 3337 305 72 jaillissant

372 3423 80 57 du
485 3424 183 79 piano
703 3423 247 59 martelé
1000 3447 103 57 par
1138 3445 79 36 un
1268 3426 221 57 artiste.
1542 3426 117 57 Les
1708 3429 290 56 coursiers
2047 3425 80 57 du

372 3513 136 57 rêve
544 3514 305 80 galopent,
879 3513 377 59 chevauchés
1283 3537 105 58 par
1415 3515 98 60 des
1539 3518 263 77 passions
1830 3515 257 60 exaltées
2111 3537 11 37 :

501 3637 49 57 (*)
583 3638 108 43 Voir
715 3640 89 42 àce
828 3656 153 42 propos
1007 3639 179 46 Cubisme
1207 3651 41 32 et
1267 3643 196 41 Haschich
1487 3641 103 44 dans
1614 3644 37 41 la
1680 3645 216 56 Chronique
1922 3642 209 53 Médicale,
2159 3641 66 43 N°
2248 3640 59 44 du
2340 3655 14 29 l
2363 3647 34 20 er
2422 3642 151 43 février
2606 3656 117 45 1914
