3030 4244
560 965 85 56 La
682 964 426 81 Bibliothèque
1145 964 297 58 nationale
1478 961 244 83 possède
1757 961 217 57 maints
2007 957 216 62 trésors
2258 981 216 38 encore
2508 962 300 57 inconnus
2830 972 61 45 et

383 1073 117 58 que
532 1051 371 60 l'inventaire
937 1051 399 81 méthodique
1369 1051 218 81 auquel
1621 1071 78 37 on
1733 1070 57 37 se
1835 1049 150 58 livre
2025 1047 267 60 exhume
2338 1049 331 81 peu-à-peu
2716 1050 73 58 de
2837 1050 56 56 la

383 1139 299 81 poussière
716 1141 99 59 des
849 1163 229 52 rayons.
1121 1141 199 57 Parmi
1356 1162 94 36 ces
1483 1140 361 69 trouvailles,
1880 1159 117 37 une
2032 1138 99 58 des
2164 1140 134 79 plus
2343 1138 414 59 intéressantes
2805 1151 86 45 est

383 1230 145 57 celle
556 1230 70 59 de
651 1231 55 58 la
740 1230 361 60 découverte
1135 1231 99 58 des
1268 1244 209 66 quatre
1512 1229 272 58 marches
1818 1251 117 58 que
1973 1229 168 70 Paër,
2175 1228 254 58 l'auteur
2463 1229 79 58 du
2576 1226 221 61 Maître
2828 1228 66 58 de

383 1319 245 79 chapelle
655 1322 522 57 universellement
1206 1341 220 48 connu,
1455 1339 285 60 composa
1774 1332 57 43 et
1858 1315 66 60 fit
1950 1315 285 60 exécuter
2260 1319 118 57 lors
2411 1318 79 58 du
2526 1319 266 78 mariage
2820 1317 73 57 de

387 1407 319 81 Napoléon
765 1409 22 57 lerI
796 1414 33 18 er
878 1431 141 37 avec
1073 1408 501 60 l'archiduchesse
1623 1408 478 57 Marie-Louise.
2157 1408 79 57 Et
2278 1408 138 57 c'est
2462 1405 55 59 là
2566 1428 115 36 une
2730 1405 164 60 vraie

384 1498 333 71 trouvaille,
754 1520 97 37 car
889 1499 96 58 M.
1026 1497 280 60 Frédéric
1343 1498 272 70 Masson,
1652 1497 105 80 qui
1807 1497 110 57 sait
1952 1511 134 43 tout
2136 1511 57 43 et
2239 1511 167 43 autre
2451 1497 180 57 chose
2676 1516 218 38 encore

383 1607 98 37 sur
514 1585 278 83 l'époque
828 1587 498 81 napoléonienne,
1361 1609 71 35 en
1469 1587 263 79 ignorait
1765 1586 364 58 l'existence.

562 1676 87 58 Le
696 1679 261 77 mariage
1004 1677 295 79 religieux
1342 1676 79 57 du
1469 1676 274 77 glorieux
1790 1676 338 79 Empereur
2179 1695 143 38 avec
2373 1675 56 57 la
2470 1675 183 78 jeune
2696 1672 169 60 archi-

384 1765 285 58 duchesse
692 1764 91 59 fut
807 1765 229 60 célébré
1060 1765 31 58 à
1116 1766 163 57 Paris
1300 1767 52 56 le
1379 1785 32 38 2
1437 1765 148 57 avril
1611 1764 68 58 18
1700 1785 90 38 10.
1811 1766 57 57 A
1893 1765 104 57 dix
2019 1764 213 58 heures
2254 1764 80 58 du
2359 1764 276 69 matin,le
2653 1761 243 80 cortège

386 1854 277 81 impérial
691 1856 245 80 quittait
965 1854 420 72 Saint-Cloud,
1422 1853 77 59 où
1536 1856 233 56 avaient
1804 1877 74 35 eu
1911 1855 145 70 lieu,
2090 1855 57 57 la
2180 1854 196 71 veille,
2410 1854 83 58 les
2527 1851 371 60 cérémonies

387 1944 79 57 du
511 1945 265 79 mariage
810 1946 162 70 civil,
1025 1967 151 58 pour
1219 1959 227 43 rentrer
1479 1966 118 35 aux
1630 1944 320 70 Tuileries,
1997 1941 78 60 où
2112 1945 40 56 il
2185 1944 244 57 arrivait
2466 1964 127 37 vers
2625 1944 80 57 les
2739 1943 159 57 deux

388 2032 229 59 heures.
644 2033 193 80 Après
858 2035 262 79 quelque
1141 2054 171 60 repos
1338 2048 57 43 et
1419 2054 79 36 un
1522 2033 407 77 changement
1952 2032 71 58 de
2048 2033 257 70 toilette,
2325 2033 81 57 les
2428 2032 160 58 deux
2612 2028 288 82 Majestés

386 2142 56 37 se
477 2124 404 57 retrouvaient
917 2123 141 57 dans
1089 2124 55 56 la
1178 2123 219 79 galerie
1432 2122 71 57 de
1540 2123 196 56 Diane
1770 2136 57 43 et
1863 2120 138 59 c'est
2029 2120 55 60 là
2112 2143 116 60 que
2264 2142 357 58 commença
2653 2122 54 56 la
2742 2118 126 60 véri-

387 2211 156 58 table
567 2211 240 83 odyssée
830 2212 80 58 du
933 2211 243 81 cortège
1199 2211 278 81 impérial
1499 2226 78 56 et,
1592 2232 128 37 sans
1743 2211 182 58 doute
1945 2213 173 70 aussi,
2141 2213 54 57 le
2218 2213 124 57 rôle
2364 2211 251 58 musical
2632 2211 73 57 de
2730 2211 165 57 Paër.

567 2301 94 57 De
696 2302 54 56 la
784 2302 220 79 galerie
1038 2301 72 58 de
1149 2302 216 69 Diane,
1402 2322 77 36 un
1517 2301 240 57 escalier
1792 2301 332 80 provisoire
2159 2300 337 59 conduisait
2532 2298 30 59 à
2597 2301 53 56 la
2677 2298 223 80 grande

384 2391 220 77 galerie
638 2391 80 57 du
754 2392 262 70 Louvre,
1051 2392 253 79 remplie
1339 2390 177 58 d'une
1549 2388 164 60 foule
1761 2388 246 60 énorme
2056 2391 73 58 de
2178 2391 176 58 hauts
2402 2388 492 70 fonctionnaires,

386 2477 193 82 postés
610 2479 55 58 là
698 2480 210 81 depuis
941 2482 52 56 le
1028 2481 187 57 matin
1251 2494 58 44 et
1359 2480 147 58 dont
1555 2500 80 37 un
1686 2479 304 59 orchestre
2038 2480 72 58 de
2159 2480 367 80 vingt-deux
2574 2479 324 57 musiciens

386 2566 226 60 tachait
646 2569 71 57 de
751 2570 223 57 calmer
1021 2570 430 80 l'impatience.
1505 2569 57 58 A
1611 2569 145 57 trois
1804 2568 234 71 heures,
2089 2590 117 37 une
2255 2566 229 61 fanfare
2532 2565 367 83 triomphale

387 2659 323 72 annonçait
744 2656 267 61 l'arrivée
1045 2659 99 57 des
1178 2658 159 58 deux
1374 2656 307 80 Majestés,
1717 2659 104 79 qui
1858 2658 393 59 traversèrent
2286 2660 341 57 l'immense
2678 2656 222 79 galerie

390 2762 55 42 et
481 2745 380 82 pénétrèrent
896 2748 142 58 dans
1070 2749 54 56 le
1160 2749 174 56 Salon
1371 2745 186 73 carré,
1593 2745 356 61 transformé
1985 2771 155 58 pour
2171 2750 55 56 la
2249 2750 411 56 circonstance
2682 2767 74 37 en
2785 2767 118 39 une

388 2852 156 42 sorte
579 2835 71 59 de
684 2835 291 82 chapelle,
1011 2858 142 37 avec
1188 2858 78 36 un
1304 2837 159 57 autel
1497 2837 140 57 d'un
1673 2834 135 60 côté
1844 2851 57 43 et
1930 2838 98 58 des
2056 2838 266 58 tribunes
2348 2858 154 60 pour
2526 2837 378 77 l'entourage

391 2922 294 82 impérial.
743 2927 86 56 La
882 2923 342 60 cérémonie
1282 2926 314 80 religieuse
1648 2924 281 73 achevée,
1982 2928 55 57 le
2090 2926 246 82 cortège
2385 2947 58 38 se
2484 2923 313 60 reformait
2846 2937 58 45 et

393 3013 212 80 passait
632 3012 31 60 à
691 3035 276 37 nouveau
995 3015 141 57 dans
1169 3016 54 54 la
1257 3013 223 82 grande
1516 3015 218 78 galerie
1762 3036 140 37 avec
1925 3017 53 57 la
2006 3017 202 57 même
2234 3017 232 57 lenteur
2493 3013 414 79 majestueuse,

395 3103 308 79 regagnait
737 3105 83 57 les
867 3103 300 58 Tuileries
1215 3117 57 44 et
1322 3102 288 59 s'arrêtait
1660 3101 160 61 enfin
1872 3105 142 59 dans
2061 3106 54 57 la
2166 3105 220 80 galerie
2435 3103 72 59 de
2559 3103 219 70 Diane,
2829 3100 79 61 où

397 3194 156 56 avait
586 3192 122 58 lieu
741 3194 54 56 la
830 3192 375 59 dislocation.

577 3283 178 69 C'est,
791 3281 433 71 évidemment,
1258 3303 75 35 au
1367 3303 172 37 cours
1574 3281 73 60 de
1681 3304 66 37 ce
1784 3283 218 59 double
2035 3281 172 61 défilé
2361 3283 71 58 de
2465 3284 54 56 la
2569 3281 221 82 galerie
2838 3281 74 59 de

400 3371 195 58 Diane
630 3392 74 37 au
740 3373 179 57 Salon
955 3370 162 60 carré
1152 3384 58 45 et
1245 3370 70 59 de
1351 3371 244 59 celui-ci
1632 3371 30 59 à
1694 3374 56 57 la
1784 3375 220 78 galerie
2039 3374 71 58 de
2148 3374 195 58 Diane
2527 3392 117 59 que
2693 3370 219 59 durent

398 3459 122 58 être
556 3458 316 61 exécutées
905 3462 81 55 les
1022 3473 208 66 quatre
1266 3459 273 60 marches
1573 3462 73 57 de
1684 3463 167 70 Paër,
1887 3463 160 58 deux
2080 3463 30 58 à
2132 3463 183 56 l'aller
2340 3476 57 43 et
2422 3459 158 60 deux
2606 3481 75 36 au
2710 3474 204 45 retour

398 3568 129 38 sans
553 3549 204 59 doute.
787 3549 434 80 L'Empereur,
1247 3551 105 78 qui
1388 3551 207 58 aimait
1629 3552 81 57 les
1742 3552 208 58 choses
1985 3551 275 82 précises,
2288 3551 158 58 avait
2474 3548 80 60 dû
2588 3548 240 60 évaluer
2861 3551 54 57 le

401 3652 194 66 temps
622 3637 324 61 nécessaire
980 3661 72 37 au
1088 3636 171 61 défilé
1289 3639 80 58 du
1392 3638 266 83 cortège,
1682 3642 143 58 dans
1850 3643 83 57 les
1959 3642 159 58 deux
2145 3661 147 51 sens,
2316 3656 59 43 et
2396 3641 159 58 avait
2578 3638 81 60 dû
2686 3639 229 60 donner

401 3727 98 58 des
534 3727 200 58 ordres
768 3749 71 38 en
876 3727 413 81 conséquence
1324 3750 74 37 au
1432 3728 301 61 directeur
1769 3730 71 59 de
1875 3751 59 37 sa
1968 3731 299 80 musique.
