3030 4244
1504 242 61 71 S.
1637 242 53 68 I.
1761 242 107 71 M.

545 330 0 0 40

650 385 79 52 Le
773 404 245 35 morceau
1067 405 64 34 en
1176 386 246 72 question
1465 385 115 54 doit
1620 385 111 52 être
1773 386 99 53 mis
1900 386 25 54 à
1956 399 115 59 part
2109 388 75 52 du
2212 386 291 74 répertoire
2533 385 66 54 de
2629 385 310 73 l'organiste

438 460 264 53 vraiment
729 461 161 71 digne
918 461 67 54 de
1014 482 56 31 ce
1101 482 126 33 nom
1260 475 49 40 et
1338 461 270 54 conscient
1636 461 66 52 de
1732 480 81 33 ses
1843 461 213 55 devoirs
2085 464 240 55 d'artiste
2353 463 263 73 religieux
2645 483 12 32 :

589 536 163 54 Parce
780 557 104 53 que
912 559 11 31 :

595 612 69 72 i°)
710 612 77 53 La
815 612 248 74 musique
1107 612 281 73 religieuse
1417 614 113 52 doit
1572 614 109 52 être
1709 632 179 53 grave,
1919 614 155 52 sinon
2117 615 181 53 sévère
2328 628 52 40 et
2422 634 137 33 nous
2603 614 211 52 donner
2843 612 94 54 des

435 687 267 52 émotions
745 689 228 71 pieuses,
1023 709 107 33 non
1176 690 92 52 des
1310 690 312 53 sensations.
1656 690 96 66 Or,
1789 690 57 72 je
1877 709 66 33 ne
1986 691 136 51 crois
2165 710 90 52 pas
2284 712 106 53 que
2434 693 47 52 la
2527 689 232 54 mélodie
2804 690 132 52 citée

437 764 217 69 pénètre
673 765 217 72 jusqu'à
918 764 155 54 l'âme
1102 766 93 52 des
1224 766 180 54 fidèles
1434 780 52 40 et
1512 766 75 52 les
1618 767 156 51 incite
1802 766 27 52 à
1857 766 49 52 la
1934 766 184 71 prière.

588 841 73 70 2°)
694 841 87 52 De
809 841 138 71 plus,
976 842 49 51 le
1055 860 248 34 morceau
1333 854 78 40 est
1441 841 106 55 fort
1576 842 103 52 mal
1708 842 128 52 écrit
1884 861 138 52 pour
2067 842 367 55 l'instrument
2461 865 11 33 :
2504 845 42 52 si
2577 844 76 52 les
2685 842 247 54 batteries

435 915 65 52 de
528 915 50 52 la
607 917 136 51 main
774 919 204 69 gauche
1007 929 121 40 sont
1158 917 314 54 excellentes
1501 938 137 52 pour
1670 938 104 33 une
1803 915 200 54 fanfare
2032 939 73 33 ou
2135 940 71 31 un
2250 940 169 52 orgue
2460 921 67 52 de
2569 919 267 67 Barbarie,
2867 939 65 32 en

434 992 277 68 revanche,
741 992 125 52 elles
908 990 118 54 font
1065 992 50 52 le
1158 993 119 70 plus
1319 996 238 51 mauvais
1600 992 124 55 effet
1766 1014 92 33 sur
1900 993 223 74 l'orgue.
2168 996 77 52 Le
2287 996 136 72 style
2466 997 65 52 lié
2574 1010 52 39 et
2668 996 267 52 l'écriture

433 1068 444 72 contrapuntique
907 1068 356 54 conviennent
1294 1070 140 53 seuls
1462 1071 26 52 à
1517 1071 209 71 l'orgue
1755 1082 52 41 et
1836 1082 323 59 permettent
2188 1072 66 52 de
2283 1074 125 52 tirer
2437 1074 49 52 le
2517 1071 246 55 meilleur
2798 1071 135 72 parti

434 1142 74 52 du
537 1143 79 51 roi
645 1143 93 52 des
768 1145 366 50 instruments.

2019 1222 146 53 EUG.
2198 1223 287 70 LESIERRE,

1578 1312 403 71 Ex-Organiste
2011 1312 66 52 de
2109 1311 51 53 S*
2185 1314 213 66 Jean-S*
2429 1315 249 65 François
2707 1314 27 53 à
2766 1314 165 66 Paris,

1736 1388 287 73 Organiste
2052 1400 53 41 et
2132 1387 305 73 professeur
2465 1390 28 53 à
2523 1391 242 52 Roanne.

578 1515 12 23 c
598 1515 10 22 '
631 1510 42 51 Il
703 1512 91 72 n'y
820 1532 29 32 a
875 1531 174 35 aucun
1079 1514 167 52 doute
1277 1536 11 32 :
1322 1514 49 54 le
1399 1515 211 73 rythme
1639 1515 27 54 à
1690 1515 48 54 la
1768 1518 257 52 mazurka
2053 1517 68 52 de
2147 1517 50 53 la
2226 1518 230 53 mélodie
2479 1538 105 54 que
2606 1538 138 32 vous
2768 1518 155 67 citez,

424 1587 211 68 rythme
677 1588 244 71 souligné
964 1608 89 51 par
1093 1589 562 71 l'accompagnement,
1698 1592 142 52 suffit
1869 1592 27 52 à
1925 1592 210 53 exclure
2164 1613 57 32 ce
2251 1613 246 35 morceau
2526 1594 75 52 du
2630 1594 292 66 répertoire

428 1662 75 51 dit
551 1662 11 17 I
574 1663 7 7 •
2691 1654 13 12 *■

483 1670 177 64 eglise.

576 1738 171 68 Ainsi,
778 1739 287 67 d'ailleurs,
1096 1761 65 31 en
1191 1742 248 53 décident
1465 1742 77 53 les
1573 1743 296 71 règlement
1898 1744 326 70 pontificaux
2255 1766 10 31 :

576 1818 33 24 «
640 1815 76 52 Le
736 1815 97 73 jeu
862 1816 66 53 de
957 1816 209 73 l'orgue
1194 1838 66 32 ne
1289 1818 164 53 devra
1482 1838 90 52 pas
1601 1819 301 53 seulement
1931 1822 111 52 être
2085 1823 246 52 combiné
2370 1822 147 53 selon
2556 1822 50 53 la
2635 1836 188 39 nature
2860 1823 65 51 de

423 1889 378 70 l'instrument,
832 1893 129 52 mais
990 1893 37 52 il
1055 1894 163 51 devra
1246 1895 278 70 participer
1569 1895 28 52 à
1639 1908 179 41 toutes
1848 1895 73 54 les
1950 1896 225 73 qualités
2204 1917 106 53 que
2338 1899 114 52 doit
2493 1900 148 51 avoir
2687 1899 50 52 la
2777 1899 146 52 vraie

421 1966 247 73 musique
688 1968 225 53 sacrée...
940 1969 74 52 La
1039 1970 245 73 musique
1308 1971 170 51 sacrée
1502 1970 113 53 doit
1637 1973 110 50 être
1771 1973 167 52 sainte
1962 1987 51 39 et
2033 1973 211 53 exclure
2267 1988 151 39 toute
2441 1978 158 51 chose
2624 1973 221 73 profane

1864 2074 276 52 WILLIAM
2184 2074 285 54 GOUSSEAU

1430 2161 207 53 Maître
1661 2162 66 51 de
1756 2162 253 72 Chapelle
2039 2164 65 53 de
2136 2164 789 54 St-Nicolas-du-Chardonnet

1710 2238 315 53 Professeur
2053 2260 69 33 au
2151 2241 144 53 Petit
2325 2242 304 52 Séminaire.

623 2359 77 52 La
727 2360 182 52 devise
938 2361 130 52 d'un
1097 2364 265 70 organiste
1392 2377 95 54 est,
1519 2384 85 32 me
1633 2365 334 67 semble-t-il,
1999 2368 66 52 de
2097 2389 10 31 :

580 2440 45 46 i°
653 2436 167 66 Jouer
848 2437 66 53 de
942 2437 48 53 la
1018 2439 177 52 bonne
1224 2440 265 72 musique.

571 2515 52 47 2°
653 2512 86 51 De
767 2512 48 52 la
844 2514 249 72 musique
1120 2516 265 52 vraiment
1415 2516 157 52 écrite
1601 2537 139 50 pour
1769 2539 185 52 orgue.

569 2591 53 64 3°
651 2587 87 51 De
764 2586 50 53 la
843 2590 249 71 musique
1121 2591 224 73 d'orgue
1373 2606 156 58 ayant
1562 2613 70 30 un
1661 2596 256 52 caractère
1947 2596 274 73 religieux.

562 2664 79 50 Or
688 2664 48 50 le
778 2684 245 34 morceau
1073 2667 274 52 incriminé
1390 2689 65 32 ne
1497 2669 206 71 répond
1746 2685 361 40 aucunement
2147 2672 27 53 à
2215 2693 82 33 ces
2340 2674 127 52 trois
2511 2675 307 52 conditions
2862 2688 52 40 et

407 2736 17 51 1
447 2738 347 69 approbation
823 2740 129 53 d'un
985 2742 237 52 membre
1262 2744 76 53 du
1380 2744 172 73 clergé
1599 2746 148 66 n'est,
1799 2747 159 68 hélas,
2001 2750 203 71 qu'une
2248 2769 202 51 preuve
2479 2751 65 52 de
2574 2749 122 73 plus
2726 2770 106 55 que
2862 2751 49 54 la

414 2813 325 73 musiquette
769 2813 107 55 fera
904 2817 245 73 toujours
1181 2818 71 53 les
1282 2818 192 54 délices
1505 2822 92 51 des
1627 2822 301 54 estimables
1953 2844 292 51 personnes
2269 2826 89 71 qui
2387 2826 353 53 n'entendent
2766 2829 153 69 point

413 2887 48 52 le
489 2887 221 74 langage
740 2892 231 52 musical.
1004 2893 102 52 Par
1135 2914 106 33 une
1271 2896 215 72 étrange
1515 2898 279 68 anomalie,
1825 2900 287 67 d'ailleurs,
2136 2901 75 52 les
2251 2901 422 75 ecclésiastiques
2705 2916 96 41 ont
2845 2925 73 32 un

414 2965 134 69 goût
579 2967 269 67 prononcé
881 2987 133 51 pour
1041 2968 48 52 la
1119 2971 246 72 musique
1395 2972 220 73 d'église
1643 2975 172 71 gaie...
1846 2989 54 39 et
1928 2987 216 41 surtout
2174 2977 271 52 mauvaise

1914 3080 67 51 A.
2015 3079 253 52 CELLIER.

1223 3161 287 73 Organiste
1540 3164 75 52 du
1644 3164 233 74 Temple
1906 3166 66 53 de
2003 3166 235 69 l'Etoile,
2268 3180 51 39 et
2348 3168 67 52 de
2445 3168 48 53 la
2523 3170 206 55 Société
2759 3173 159 53 Bach.

594 3376 183 69 Mais,
811 3398 153 57 pour
997 3379 332 82 beaucoup,
1365 3385 53 56 la
1453 3386 275 78 question
1764 3386 174 80 posée
1972 3401 83 42 est
2091 3408 115 35 une
2241 3389 278 78 question
2556 3391 70 57 de
2657 3394 170 77 goût,
2862 3410 57 42 et

421 3484 103 57 par
574 3462 387 82 conséquent,
997 3469 344 78 impossible
1374 3471 30 59 à
1439 3471 275 60 résoudre
1751 3495 100 60 par
1884 3475 246 58 l'absolu
2165 3475 180 58 d'une
2378 3478 385 63 affirmation.

755 3577 248 72 musique
1050 3579 220 74 d'église
1324 3583 226 71 possède
1581 3605 74 31 un
1718 3586 291 71 répertoire
2052 3588 121 70 plus
2220 3588 143 53 riche
2405 3611 107 52 que
2554 3605 152 42 toute
2748 3608 169 42 autre.

421 3649 41 55 Il
505 3650 89 77 n'y
635 3671 28 33 a
702 3652 122 75 qu'à
866 3671 53 34 se
961 3653 193 54 baisser
1191 3676 138 53 pour
1368 3678 64 33 en
1472 3660 283 72 prendre...
1778 3662 56 72 je
1865 3681 65 33 ne
1957 3663 115 52 vois
2108 3663 138 53 donc
2274 3683 207 37 aucune
2511 3669 175 52 raison
2715 3671 206 54 valable
