3030 4244
433 182 122 67 LE
618 162 511 89 THÉÂTRE
1197 182 465 74 MUSICAL
1726 188 137 68 EN
1929 188 415 73 FRANCE

2557 214 88 72 *5

109 329 316 70 Franklin,
462 329 131 78 qui,
630 328 144 58 dans
809 349 105 37 son
964 330 250 58 volume
1260 330 378 64 récemment
1696 358 149 58 paru
1881 358 97 38 sur
2036 338 54 57 la

113 443 35 36 a
250 421 58 56 la
435 430 146 46 mort
782 418 66 58 de
983 418 197 58 Henri
1432 420 103 56 IV
896 416 33 74 ',
965 442 194 37 avoue
1194 442 85 39 ses
1315 439 228 65 regrets
1665 427 230 60 d'avoir
1950 425 96 61 été
2083 428 214 59 amené
2351 428 31 58 à
2417 429 236 60 étudier

106 510 73 59 de
217 508 131 81 près
383 529 120 37 une
537 509 152 57 aussi
726 508 372 82 déplaisante
1133 512 250 81 période
1409 515 73 59 de
1517 531 173 44 notre
1724 518 252 58 histoire
2222 541 74 35 au
2334 522 319 70 contraire,

105 599 433 60 l'observateur
574 598 320 81 passionné
931 602 72 58 de
1037 603 56 57 la
1126 604 98 57 vie
1260 625 57 38 se
1354 604 251 74 délecte,
1641 630 75 35 au
1752 608 214 59 milieu
2003 608 72 59 de
2110 623 159 45 cette
2323 609 331 61 admirable

106 689 350 80 ménagerie
491 688 296 60 humaine
823 715 14 46 ;
874 706 58 43 et
966 692 122 60 l'on
1122 708 148 67 peut
1305 696 125 58 être
1464 697 196 58 assuré
1712 720 119 60 que
1864 700 53 57 le
1954 720 233 49 roman,
2225 701 91 56 tôt
2368 721 80 37 ou
2503 702 150 71 tard,

106 801 73 37 en
214 778 125 59 fera
373 800 107 37 son
515 776 183 84 profit
735 801 12 37 :
787 801 100 38 car
921 783 43 58 il
999 782 148 60 n'est
1182 805 103 60 pas
1341 785 303 82 d'époque
1679 790 133 78 plus
1870 788 169 59 riche
2075 809 74 38 en
2203 788 452 61 individualités

105 868 247 73 variées,
409 871 354 80 complexes
819 886 60 45 et
936 876 349 59 excessives.
1342 876 160 60 C'est
1558 877 151 80 l'âge
1766 879 73 58 de
1897 881 53 56 la
2008 877 489 83 décomposition
2555 881 99 59 des

106 959 256 85 grandes
396 960 403 61 aristocraties
823 987 14 45 ;
874 978 58 44 et
966 965 55 57 le
1058 965 383 60 raffinement
1475 968 317 80 artistique
1826 984 58 42 et
1921 969 310 71 mondain,
2262 970 105 79 qui
2403 990 58 37 se
2495 970 158 59 mêle

106 1051 154 61 chez
296 1072 95 37 ces
425 1049 286 62 hommes
745 1051 31 60 à
813 1075 118 37 une
962 1055 279 60 violence
1275 1056 213 60 d'êtres
1522 1058 73 58 de
1628 1060 189 78 proie,
1855 1081 70 35 en
1962 1058 109 59 fait
2108 1060 99 57 des
2255 1060 399 80 exemplaires

108 1139 382 62 d'humanité
547 1144 508 81 tragi-comique,
1110 1148 104 79 qui
1274 1147 92 58 n'a
1422 1148 175 79 point
1652 1147 216 59 trouvé
1921 1171 106 37 son
2083 1149 428 81 Shakespeare.
2564 1152 88 57 Le

109 1233 206 60 drame
349 1246 86 44 est
471 1246 137 44 tout
644 1232 134 81 près
813 1236 80 57 du
932 1237 138 70 rire,
1105 1252 59 42 et
1197 1237 56 57 la
1289 1237 427 58 bouffonnerie
1765 1237 111 59 fait
1910 1238 119 58 bon
2085 1238 255 81 ménage
2377 1261 145 37 avec
2570 1241 83 58 les

109 1326 132 80 plus
275 1322 216 58 hautes
527 1322 246 81 pensées
809 1326 349 81 politiques.
1199 1327 86 57 Le
1322 1326 179 81 poète
1534 1324 123 60 fêté
1693 1326 100 59 des
1846 1328 219 79 grands
2098 1328 209 60 ballets
2361 1331 78 57 du
2466 1331 186 77 jeune

110 1413 188 60 Louis
332 1412 190 72 XIII,
561 1413 279 73 Durand,
875 1416 261 57 l'auteur
1169 1416 73 57 de
1277 1417 93 57 La
1404 1416 352 58 Délivrance
1788 1416 66 58 de
1888 1418 261 70 Renaud,
2193 1416 103 79 (où
2331 1420 54 57 le
2420 1421 122 56 rôle
2579 1420 73 57 de

112 1503 257 60 Renaud
426 1501 150 61 était
631 1503 222 60 chanté
913 1528 72 35 en
1055 1506 165 80 1617
1279 1528 108 58 par
1445 1507 97 57 De
1590 1506 297 80 Luynes),
1924 1523 108 54 est,
2066 1507 234 59 l'année
2354 1511 298 70 suivante,

109 1615 221 60 rompu
366 1609 59 43 et
461 1592 172 60 brûlé
669 1617 74 35 en
780 1596 171 80 place
985 1596 74 59 de
1093 1594 225 72 Grève,
1354 1617 158 58 pour
1547 1617 80 36 un
1663 1595 318 81 pamphlet
2009 1611 208 45 contre
2254 1599 97 57 De
2386 1600 263 79 Luynes.

109 1686 127 64 Qui
272 1705 185 60 songe
494 1683 32 59 à
559 1684 120 58 s'en
740 1684 255 60 étonner
1023 1688 19 57 ?
1105 1686 82 58 Et
1241 1686 107 80 qui
1407 1686 193 58 aurait
1653 1686 205 58 même
1911 1700 211 44 retenu
2177 1709 67 37 ce
2300 1686 131 73 fait,
2467 1690 44 56 si
2570 1689 83 58 les

108 1774 359 61 recherches
501 1775 73 59 de
609 1791 176 43 notre
820 1778 404 79 musicologie
1258 1798 75 37 ne
1389 1777 285 58 l'avaient
1727 1774 194 61 relevé
1953 1779 20 57 ?
2133 1778 80 58 Et
2249 1799 117 59 que
2419 1779 126 57 dire
2580 1779 73 58 de

108 1881 95 44 cet
237 1881 336 64 entourage
607 1864 75 60 de
721 1867 310 70 Mazarin,
1069 1865 72 59 de
1177 1881 160 43 cette
1387 1887 148 37 cour
1589 1863 509 82 d'opéra-bouffe,
2136 1867 72 58 de
2262 1888 95 37 ces
2409 1882 244 44 castrats

106 1956 388 82 diplomates,
532 1956 74 57 de
640 1977 68 37 ce
744 1957 297 57 mic-mac
1077 1956 72 58 de
1177 1957 257 79 grandes
1468 1956 209 58 choses
1710 1970 60 44 et
1806 1956 71 58 de
1914 1957 435 80 turlupinades,
2378 1958 73 57 de
2476 1956 177 61 héros

106 2061 60 44 et
199 2046 74 59 de
307 2046 207 82 pitres,
551 2046 75 58 de
659 2067 68 37 ce
763 2046 269 59 cardinal
1067 2047 237 57 romain
1340 2047 108 80 qui
1482 2060 249 67 partage
1765 2067 86 38 ses
1884 2047 206 58 veilles
2123 2061 170 44 entre
2326 2069 85 36 ses
2446 2047 207 60 efforts

106 2140 279 57 heureux
423 2159 155 59 pour
613 2158 229 38 assurer
899 2138 55 58 la
988 2138 193 79 gloire
1238 2136 293 81 française
1589 2152 58 44 et
1680 2158 86 38 ses
1823 2136 422 81 négociations
2300 2159 153 59 pour
2504 2137 149 60 faire

108 2229 178 57 sortir
320 2227 143 59 d'un
500 2241 267 45 couvent
804 2227 72 58 de
910 2227 249 59 servites
1209 2248 81 37 un
1327 2229 207 57 moine
1569 2224 230 73 châtré,
1836 2229 107 78 qui
1992 2227 251 59 viendra
2292 2226 253 60 chanter
2578 2249 72 37 en

109 2319 230 58 France
373 2320 55 57 le
463 2319 126 57 rôle
625 2318 182 58 d'une
842 2319 167 57 reine
1045 2319 281 57 travestie
1371 2339 74 37 en
1482 2316 254 60 homme
1770 2332 59 44 et
1879 2339 356 37 amoureuse
2272 2318 142 58 d'un
2465 2319 90 57 roi
2588 2318 10 59 !
2635 2316 19 28 2

110 2409 94 57 De
241 2429 95 38 ces
372 2423 174 66 types
580 2422 60 44 et
675 2408 74 58 de
785 2429 95 38 ces
914 2422 339 57 aventures,
1290 2406 150 60 dont
1478 2408 99 58 M.
1618 2404 319 62 Prunières
1989 2428 31 37 a
2070 2405 131 73 fait,
2236 2428 76 37 au
2370 2428 174 38 cours
2578 2408 74 58 de

106 2519 88 39 ses
242 2497 364 61 recherches
641 2497 74 59 de
766 2499 297 80 plusieurs
1111 2497 240 73 années,
1388 2518 118 38 une
1554 2497 342 58 abondante
1934 2494 248 74 récolte,
2217 2498 121 56 l'on
2373 2512 280 43 trouvera

105 2588 146 60 dans
286 2611 87 38 ses
407 2591 163 58 deux
603 2591 182 57 livres
819 2588 72 60 de
927 2591 256 55 curieux
1218 2587 405 59 échantillons
1646 2612 14 46 ;
1696 2602 59 43 et
1790 2608 150 37 nous
1967 2608 211 37 savons
2202 2588 152 80 qu'il
2387 2610 74 35 en
2498 2588 154 58 tient

106 2678 262 61 d'autres
433 2680 359 59 collections
856 2700 73 37 en
997 2677 255 72 réserve,
1319 2691 386 46 notamment
1785 2697 117 38 une
1982 2676 518 81 correspondance
2579 2677 73 58 de

108 2771 313 81 Dassoucy
458 2785 320 44 racontant
811 2790 88 39 ses
932 2784 319 44 aventures
1286 2791 118 59 peu
1440 2768 330 59 ordinaires
1797 2789 72 37 en
1900 2767 193 59 Italie.
2126 2768 176 58 Nous
2329 2782 325 66 comptons

106 2861 154 80 qu'il
294 2883 152 38 nous
480 2884 75 36 en
588 2860 127 60 fera
749 2856 271 85 profiter,
1056 2875 60 45 et
1153 2860 150 81 qu'il
1341 2860 357 80 poursuivra
1731 2878 86 38 ses
1850 2855 210 61 études
2105 2856 369 81 historiques
2509 2857 145 59 dans

106 2970 69 38 ce
209 2949 383 84 magnifique
620 2951 288 59 domaine
934 2949 82 58 du
1044 2950 191 57 XVII
1242 2953 15 19 e
1277 2947 178 60 siècle
1488 2945 457 81 italo-français,
1975 2944 81 61 où
2091 2946 41 57 il
2160 2960 85 45 est
2273 2947 380 58 maintenant

106 3061 246 39 comme
386 3041 154 60 chez
573 3043 109 69 lui,
720 3057 60 43 et
814 3040 151 60 dont
1001 3041 41 58 il
1077 3062 152 37 nous
1262 3062 31 37 a
1328 3038 201 61 donné
1564 3039 216 58 d'aussi
1813 3039 238 56 vivants
2084 3036 300 59 tableaux.

1814 3181 649 56 Romain
2463 3181 1 56 Rolland.

236 3476 9 21 1
282 3478 150 43 Alfred
459 3478 202 44 Franklin
689 3496 9 26 :
724 3481 61 40 La
811 3480 108 43 Cour
939 3480 46 42 de
1008 3480 149 41 France
1178 3487 42 33 et
1239 3476 246 43 Vassassinat
1504 3476 52 41 du
1580 3474 196 42 maréchal
1792 3473 198 52 d*Ancre,
2018 3472 286 52 Emile-Paul,
2337 3486 51 44 19
2401 3486 14 28 1
2431 3485 38 42 3.

233 3541 14 21 2
282 3542 61 42 Le
367 3543 146 42 moine
552 3542 131 58 padre
709 3544 57 42 D.
795 3544 174 56 Filippo
1011 3542 186 53 Melani,
1222 3541 76 59 qui
1339 3541 156 42 chante
1532 3539 104 43 dans
1673 3539 154 43 Xerxès
1863 3538 53 43 de
1955 3537 162 44 Cavalli
2158 3537 39 42 le
2234 3537 90 42 rôle
2365 3536 53 43 de
2459 3537 38 42 la
2534 3536 120 43 reine

105 3606 219 42 Amestris.
