3030 4244
438 304 97 94 48

1501 301 63 76 S.
1632 304 53 73 I.
1754 304 106 75 M.

429 456 261 61 s'épanouir
714 471 58 30 au
794 456 151 63 jardin
972 456 62 45 du
1061 457 243 58 musicien,
1326 456 42 47 la
1396 454 114 47 belle
1538 472 95 29 rose
1663 453 270 48 d'automne
1960 457 150 61 qu'est
2138 458 241 62 Clêopâtre.
2404 460 145 47 Louis
2576 458 157 59 Payen
2760 479 27 29 a
2811 456 136 51 offert

429 526 26 45 à
493 526 197 45 l'auteur
730 523 223 47 à'Ariane
995 542 62 28 un
1101 527 120 62 sujet
1264 528 297 59 pittoresque,
1600 526 268 45 sobrement
1913 526 222 62 délimité,
2181 529 232 60 dépouillé
2456 531 58 45 de
2553 543 104 33 tout
2694 542 251 34 ornement

432 594 179 60 inutile,
663 594 132 46 traité
842 612 111 28 avec
1002 612 94 28 une
1146 595 254 47 volontaire
1448 594 248 62 simplicité
1744 608 47 32 et
1839 595 311 47 adroitement
2200 599 175 60 disposé
2426 617 114 44 pour
2590 600 43 46 la
2681 600 154 47 scène.
2873 599 70 47 La

431 664 170 46 variété
644 665 78 45 des
763 664 314 61 atmosphères
1119 668 274 44 successives
1435 665 61 46 où
1545 678 105 33 sont
1684 664 150 61 placés
1871 664 63 46 les
1975 665 132 46 héros
2146 668 61 46 du
2247 669 157 47 drame
2441 682 67 35 est
2543 670 91 47 très
2674 672 226 45 heureuse
2929 693 11 34 ;

428 734 210 46 entraîné
678 752 78 43 par
794 752 82 29 son
918 734 138 46 décor
1084 748 240 47 mouvant,
1353 736 40 45 le
1420 736 311 60 compositeur
1759 752 57 28 ne
1844 734 112 46 cède
1983 736 100 60 plus
2108 736 25 46 à
2159 738 42 44 la
2228 741 228 45 tentation
2486 740 54 46 de
2567 740 241 47 s'attarder
2832 740 27 47 à
2884 741 58 46 de

428 805 193 61 longues
645 802 219 47 effusions
888 804 348 45 sentimentales
1261 816 46 35 et
1345 806 55 45 de
1440 805 216 46 s'oublier
1698 816 391 49 paresseusement
2127 806 112 47 dans
2280 827 93 29 une
2409 813 113 44 oasis
2561 810 265 62 mélodique
2854 828 11 30 :
2910 811 30 46 il

427 874 98 47 faut
565 891 211 42 avancer,
807 875 26 44 il
875 875 98 44 faut
1011 876 268 60 poursuivre
1320 875 39 47 le
1401 877 116 45 beau
1556 893 190 47 voyage.
1777 875 136 61 Trop
1953 889 214 47 souvent,
2195 877 62 46 les
2293 896 321 47 compagnons
2639 882 55 45 de
2722 893 133 35 route
2883 881 57 46 de

429 943 254 61 Massenet,
713 942 181 47 n'osant
921 961 76 43 pas
1024 945 179 43 donner
1230 943 39 46 le
1296 946 147 61 signal
1468 946 61 44 du
1557 945 174 61 départ,
1760 946 367 58 compromirent
2153 962 67 30 ses
2257 948 103 60 plus
2398 951 137 46 belles
2573 952 269 45 excursions
2878 969 58 28 au

427 1030 108 47 pays
574 1015 61 44 du
677 1015 104 44 rêve
821 1031 76 42 par
937 1028 73 30 ces
1050 1013 145 46 haltes
1233 1015 348 60 inopportunes.
1612 1015 68 45 La
1712 1016 211 61 jeunesse
1966 1016 272 59 impatiente
2279 1018 54 46 de
2360 1018 198 47 l'auteur
2585 1022 56 45 de

427 1084 150 45 devait
602 1084 141 45 servir
769 1083 265 60 utilement,
1062 1083 112 47 dans
1199 1083 42 46 la
1266 1086 333 58 circonstance,
1628 1086 42 45 la
1696 1086 143 59 gloire
1867 1086 55 44 de
1948 1102 82 29 son
2059 1088 242 47 musicien.

564 1154 75 45 Ne
666 1169 169 46 croyez
861 1169 76 44 pas
963 1152 246 61 d'ailleurs,
1236 1171 89 43 que
1363 1155 239 46 Massenet
1638 1157 63 43 ait
1740 1154 72 46 été
1851 1155 204 63 paralysé
2082 1157 111 45 dans
2219 1157 295 62 l'expression
2544 1162 55 44 de
2625 1178 47 30 sa
2699 1162 235 47 tendresse

424 1239 78 43 par
529 1241 63 26 un
620 1223 239 44 librettiste
887 1223 115 59 épris
1029 1223 55 44 de
1111 1224 206 58 rapidité,
1345 1224 26 46 à
1396 1224 41 46 la
1465 1225 132 59 façon
1626 1224 161 47 vériste
1816 1242 9 30 :
1856 1224 189 47 l'action
2070 1224 117 47 n'est
2209 1244 76 44 pas
2305 1228 262 62 précipitée,
2585 1230 87 47 elle
2690 1230 241 47 s'effeuille

423 1309 109 28 avec
569 1309 123 29 assez
727 1293 54 44 de
817 1293 204 45 douceur
1057 1309 114 43 pour
1207 1293 150 47 laisser
1395 1313 54 27 au
1489 1296 193 45 chantre
1720 1295 56 45 de
1814 1294 209 47 l'éternel
2063 1295 195 46 féminin
2300 1298 41 44 le
2379 1299 122 47 loisir
2539 1302 55 44 de
2634 1303 164 44 broder
2839 1319 92 28 une

424 1362 220 45 variation
672 1362 55 45 de
755 1361 99 61 plus
878 1378 75 29 sur
979 1361 40 46 le
1047 1362 156 46 thème
1230 1365 77 60 qui
1336 1364 70 45 fut
1431 1366 206 61 toujours
1661 1366 33 45 si
1721 1364 231 47 favorable
1978 1365 25 46 à
2027 1382 46 29 sa
2101 1366 251 49 virtuosité.
2376 1368 68 47 Le
2465 1371 182 59 parfum
2665 1371 265 63 mélodique

423 1432 56 45 de
506 1431 40 46 la
573 1431 132 46 lettre
732 1431 211 46 d'amour
977 1450 90 42 que
1105 1434 166 58 respire
1311 1432 376 49 Marc-Antoine
1725 1446 66 35 est
1828 1435 385 62 singulièrement
2248 1439 139 45 subtil
2426 1451 46 35 et
2516 1440 29 46 il
2588 1441 101 46 faut
2731 1442 199 63 signaler

423 1501 39 44 le
513 1517 98 28 rare
661 1500 165 45 mérite
874 1501 77 46 des
986 1502 120 45 deux
1146 1501 233 62 dialogues
1425 1503 259 61 passionnés
1735 1506 77 60 qui
1863 1516 201 34 mettent
2110 1505 247 61 Clêopâtre
2395 1525 58 29 en
2492 1509 218 60 présence
2761 1512 56 45 de
2862 1529 68 29 ses

422 1571 120 45 deux
581 1583 194 47 amants,
814 1571 234 62 dialogues
1090 1573 33 43 si
1164 1571 236 48 différents
1437 1573 228 60 d'accent,
1703 1576 33 44 si
1778 1575 285 45 habilement
2100 1577 273 47 renouvelés
2407 1578 137 61 qu'ils
2582 1594 285 48 permettent
2905 1583 25 46 à

422 1639 245 47 l'auditeur
692 1641 55 44 de
774 1642 123 44 saisir
934 1641 64 45 les
1034 1642 234 46 moindres
1307 1660 201 29 nuances
1551 1644 56 45 de
1645 1643 40 46 la
1722 1644 251 46 sensibilité
2012 1644 142 47 d'une
2190 1646 175 47 femme
2402 1648 283 48 s'arrachant
2722 1652 79 46 des
2830 1653 98 46 bras

421 1709 111 46 d'un
576 1709 360 47 amant-esclave
981 1727 113 43 pour
1137 1727 44 29 se
1221 1712 117 62 jeter
1377 1713 112 46 dans
1531 1730 119 29 ceux
1688 1714 113 46 d'un
1837 1717 269 46 amant-roi.
2144 1716 176 62 Jamais
2357 1718 239 47 Massenet
2635 1719 173 49 n'avait
2846 1723 82 46 fait

419 1778 282 47 d'incursion
729 1780 113 46 aussi
870 1780 156 46 hardie
1053 1780 112 46 dans
1191 1780 41 46 le
1259 1783 216 44 domaine
1503 1783 55 46 de
1584 1783 42 46 la
1651 1784 311 64 psychologie.

559 1849 121 46 Pour
706 1862 102 33 tout
835 1849 39 46 le
902 1862 131 47 reste,
1061 1868 92 28 une
1180 1851 221 46 heureuse
1429 1853 241 45 invention
1699 1855 299 61 pittoresque,
2026 1854 206 62 l'emploi
2261 1858 77 46 des
2376 1859 191 46 timbres
2605 1877 119 30 rares
2761 1874 45 33 et
2848 1863 77 46 des

415 1920 209 61 rythmes
668 1919 245 61 imprévus,
959 1937 94 29 une
1095 1923 113 43 mise
1251 1938 59 29 au
1354 1923 130 58 point
1527 1924 275 44 orchestrale
1842 1926 282 45 minutieuse
2150 1939 46 32 et
2223 1944 63 28 un
2313 1944 103 31 sens
2442 1930 207 62 toujours
2672 1933 144 44 averti
2845 1933 79 45 des

414 1990 282 58 oppositions
722 1989 100 45 font
849 1990 53 44 de
925 2001 122 35 cette
1073 1991 216 60 partition
1318 2009 93 28 une
1439 1991 116 47 belle
1581 1994 317 45 contribution
1928 1995 221 47 musicale
2168 1995 25 47 à
2214 1996 222 47 l'histoire
2458 1999 63 45 du
2541 2000 178 48 théâtre
2741 2001 180 65 lyrique

414 2057 54 46 de
497 2070 129 33 notre
653 2070 164 49 temps.

551 2127 202 47 Comme
795 2128 27 46 il
861 2141 66 33 est
967 2130 54 44 de
1062 2130 216 45 tradition
1318 2131 111 46 dans
1466 2131 39 46 le
1545 2131 177 47 théâtre
1765 2133 61 46 du
1866 2135 174 45 monde
2079 2136 60 46 où
2177 2154 46 29 se
2265 2140 207 61 pratique
2511 2140 42 47 le
2587 2141 101 61 plus
2712 2144 209 45 souriant

412 2194 169 63 mépris
620 2197 77 46 des
733 2198 347 61 contingences,
1109 2212 44 32 et
1194 2199 60 46 où
1292 2199 43 46 la
1373 2201 163 44 notion
1578 2202 53 44 de
1670 2202 353 61 l'impossibilité
2058 2217 66 33 est
2162 2207 255 60 inconnue,
2445 2208 42 46 la
2521 2210 313 61 présentation
2863 2213 57 46 de

410 2264 193 48 l'œuvre
642 2285 77 43 par
756 2267 150 47 Raoul
950 2267 304 64 Gunsbourg,
1292 2271 222 45 moderne
1555 2271 238 63 Klingsor,
1823 2286 67 33 est
1928 2274 285 64 magnifique
2251 2290 45 34 et
2334 2296 83 29 son
2458 2281 353 61 interprétation
2853 2297 67 33 est

410 2335 242 47 fastueuse.
681 2335 278 65 Maguenat,
987 2339 76 61 qui
1091 2357 26 27 a
1142 2339 162 46 trouvé
1330 2339 126 46 enfin
1482 2358 93 28 une
1602 2342 95 45 rôle
1722 2342 26 47 à
1777 2359 47 30 sa
1861 2344 138 60 taille,
2028 2363 26 28 a
2091 2347 176 45 obtenu
2305 2366 64 28 un
2408 2351 159 47 succès
2604 2352 316 48 considérable

409 2405 53 45 de
490 2405 226 47 chanteur
742 2420 46 31 et
814 2408 55 44 de
897 2406 233 63 tragédien
1161 2429 11 36 ;
1202 2409 290 46 Rousselière
1518 2427 25 28 a
1567 2412 206 59 accepté,
1795 2429 109 29 avec
1932 2413 42 45 la
2000 2414 240 48 meilleure
2267 2418 136 61 grâce
2430 2419 61 46 du
2519 2422 188 59 monde,
2729 2423 56 44 de
2806 2423 111 46 faire

408 2492 62 27 un
497 2486 92 35 sort
615 2476 209 46 enviable
852 2475 115 47 àun
995 2494 285 46 personnage
1306 2479 321 47 relativement
1655 2483 203 44 modeste
1887 2495 45 33 et
1961 2484 57 46 M
2026 2483 39 26 lle
2088 2485 155 47 Lilian
2272 2486 248 50 Grenville
2545 2508 26 28 a
2609 2492 176 47 dessiné
2823 2511 94 29 une

405 2542 247 49 silhouette
689 2546 57 45 de
784 2547 150 61 vierge
972 2550 209 43 romaine
1219 2547 141 46 d'une
1398 2549 244 47 délicieuse
1670 2551 167 60 poésie.
1866 2552 127 47 Mais
2019 2554 28 47 il
2077 2556 96 46 faut
2200 2556 96 47 dire
2322 2558 409 63 l'exceptionnelle
2760 2563 159 47 valeur

407 2613 55 45 de
488 2613 41 46 la
554 2615 220 45 créatrice
800 2616 63 46 du
889 2616 94 46 rôle
1011 2617 56 45 de
1094 2616 261 62 Clêopâtre.
1387 2619 57 45 M
1449 2624 51 19 œe
1524 2619 328 48 Koussnetzof
1868 2640 26 28 a
1922 2625 190 47 incarné
2138 2625 43 47 la
2206 2626 305 62 voluptueuse
2533 2631 124 46 reine
2679 2631 238 65 d'Egypte

404 2700 109 29 avec
541 2701 62 29 un
631 2697 69 33 art
727 2685 297 48 inoubliable.
1053 2686 56 47 Sa
1134 2690 106 43 voix
1265 2687 236 61 splendide
1529 2701 45 33 et
1602 2690 147 59 facile,
1776 2707 47 30 sa
1852 2693 162 46 beauté
2042 2697 332 61 triomphante,
2402 2699 322 48 libéralement
2751 2701 164 48 offerte

403 2753 25 46 à
469 2771 91 29 une
600 2754 106 46 salle
747 2756 201 59 enivrée,
976 2773 78 30 son
1099 2757 145 47 talent
1285 2759 55 45 de
1379 2758 314 62 tragédienne,
1722 2762 56 44 de
1816 2763 145 46 mime
1998 2779 46 33 et
2084 2766 55 46 de
2181 2768 219 46 danseuse
2442 2770 63 47 lui
2550 2784 84 34 ont
2661 2775 171 58 permis
2858 2775 58 45 de

403 2839 214 46 marquer
643 2824 40 46 le
711 2842 284 46 personnage
1023 2826 142 47 d'une
1191 2829 258 60 empreinte
1476 2828 112 61 qu'il
1614 2846 96 30 sera
1739 2832 104 46 bien
1871 2833 268 64 dangereux
2167 2838 54 45 de
2251 2838 177 48 vouloir
2454 2839 181 49 effacer.

542 2892 83 48 On
656 2892 209 63 n'ignore
893 2913 77 43 pas
995 2895 64 47 les
1085 2898 230 44 incidents
1340 2898 105 61 qu'a
1470 2898 208 47 soulevés
1705 2899 39 46 le
1782 2902 138 45 choix
1960 2904 54 46 de
2054 2918 122 33 cette
2215 2908 255 62 inégalable
2507 2912 156 46 artiste
2701 2923 46 35 et
2785 2914 130 60 quels

402 2963 220 45 obstacles
642 2964 254 62 juridiques
920 2982 44 29 se
991 2979 105 32 sont
1122 2966 169 47 dressés
1316 2968 169 45 devant
1511 2966 41 47 le
1580 2968 230 48 directeur
1835 2989 126 30 assez
1986 2975 258 47 audacieux
2271 2994 116 45 pour
2423 2979 179 47 vouloir
2641 2998 118 31 nous
2783 2982 129 48 offrir

400 3048 92 29 une
520 3033 246 60 Clêopâtre
793 3035 188 60 capable
1007 3035 55 46 de
1091 3053 116 29 nous
1232 3036 179 46 donner
1435 3038 26 45 à
1486 3050 104 33 tous
1613 3038 139 48 l'âme
1791 3041 55 46 de
1885 3041 187 61 Spakos.
2111 3045 38 47 Il
2190 3064 57 28 ne
2286 3066 118 29 nous
2440 3052 261 58 appartient
2740 3069 77 44 pas
2854 3054 57 46 de

399 3101 201 47 discuter
625 3102 42 46 la
692 3104 245 62 légitimité
964 3106 78 45 des
1068 3106 286 61 prétentions
1381 3107 54 46 de
1461 3124 48 29 sa
1533 3109 140 45 rivale
1702 3113 112 45 mais
1840 3111 152 49 l'issue
2018 3116 62 46 du
2107 3118 160 59 procès
2291 3119 178 63 engagé
2496 3138 58 28 ne
2581 3124 206 57 pourrait
2813 3124 98 47 être

399 3170 221 47 douteuse
647 3189 34 28 si
710 3172 61 46 les
803 3190 131 46 juges
970 3186 182 34 avaient
1190 3176 40 44 le
1270 3177 120 45 droit
1416 3177 55 45 de
1501 3194 145 46 sieger
1673 3180 112 47 dans
1811 3199 92 29 une
1928 3182 104 64 loge
2059 3186 54 45 de
2141 3186 98 47 face
2267 3200 46 33 et
2340 3190 54 44 de
2421 3190 165 46 rendre
2613 3190 100 47 leur
2737 3207 122 33 arrêt
2884 3195 26 46 à

398 3240 12 44 1
433 3242 115 45 issue
574 3243 24 44 d
625 3260 89 28 une
742 3247 362 57 représentation
1133 3246 55 46 de
1217 3246 261 61 Clêopâtre.
1503 3247 127 55 Quel
1655 3250 184 47 barbare
1861 3269 205 44 pourrait
2086 3257 288 47 condamner
2393 3259 42 47 la
2456 3261 263 47 troublante
2741 3266 144 57 petite-

398 3308 91 46 fille
530 3311 54 45 de
625 3311 185 63 Phryné
846 3314 77 60 qui
959 3331 27 28 a
1023 3314 308 60 précisément
1368 3317 177 60 revêtu,
1583 3335 115 43 pour
1738 3320 41 47 la
1815 3322 338 64 circonstance,
2182 3327 41 46 le
2257 3340 211 35 costume
2494 3328 42 47 le
2563 3330 102 61 plus
2691 3350 165 44 propre
2883 3335 25 47 à

395 3378 239 48 émouvoir
659 3398 65 30 un
751 3382 244 63 Aréopage
1015 3382 65 51 ?...

2141 3501 201 52 Emile
2376 3503 400 54 Vuillermoz.
