2131 3528
852 128 193 27 VINCENT
1080 116 149 40 D'iNDY

1972 121 77 46 697

78 219 78 38 des
189 220 320 49 compositeurs
551 219 106 40 dont
690 220 39 39 la
766 228 215 31 trentaine
1004 229 63 30 est
1102 221 95 51 déjà
1216 219 113 51 figée
1355 229 40 32 et
1416 221 163 50 glacée.
1606 219 53 41 Et
1676 221 101 39 c'est
1800 233 128 39 parce
1946 220 105 51 qu'il

82 299 53 25 ne
162 299 44 25 se
238 285 169 40 déclare
426 300 80 37 pas
527 300 52 25 en
602 289 254 49 possession
899 288 52 39 de
981 288 37 39 la
1039 289 146 47 vérité,
1212 290 112 38 mais
1345 297 101 32 veut
1470 303 52 25 au
1547 290 215 38 contraire
1785 287 36 40 la
1846 289 206 38 chercher

80 353 214 50 toujours,
315 351 104 53 qu'il
443 367 94 26 sera
575 356 198 50 toujours
806 355 38 38 le
881 355 134 49 guide
1047 355 37 39 le
1107 356 98 50 plus
1229 361 73 34 sûr
1325 364 40 31 et
1385 356 38 39 le
1445 360 154 35 maître
1622 356 39 39 le
1685 356 98 51 plus
1800 360 152 35 écouté
1976 370 7 25 :
2005 369 44 26 sa

81 419 195 40 doctrine
299 429 63 31 est
385 435 86 25 une
494 423 195 38 doctrine
711 423 51 38 de
804 424 67 37 vie
893 430 39 31 et
950 423 51 38 de
1023 428 199 45 progrès,
1248 436 87 26 non
1367 423 52 39 de
1442 428 183 46 progrès
1642 423 143 40 brutal
1802 432 40 31 et
1860 424 167 39 destruc-

83 494 94 31 teur
195 485 71 53 (on
287 493 175 34 connaît
485 502 80 26 son
584 497 166 42 respect
773 489 76 38 des
870 490 142 37 vraies
1037 488 264 52 traditions),
1327 492 112 37 mais
1459 490 51 39 de
1530 496 182 45 progrès
1736 490 188 47 réfléchi,
1947 504 78 26 con-

83 562 119 41 tenu,
240 568 102 25 sans
369 555 283 51 brusqueries
687 563 40 31 et
766 568 102 25 sans
892 563 231 31 outrances
1146 566 7 27 :
1186 558 138 48 partir
1362 556 51 39 de
1446 570 45 25 ce
1528 559 73 49 qui
1624 558 135 38 existe
1796 571 111 37 pour
1945 558 107 38 aller

82 621 99 50 plus
217 622 105 47 loin,
363 623 197 50 toujours
595 623 98 50 plus
731 622 105 46 loin,
871 635 103 25 avec
1011 636 59 25 un
1091 624 170 37 entrain
1287 623 186 50 paisible
1507 632 41 31 et
1570 623 206 50 délibéré,
1800 625 99 39 telle
1919 633 64 31 est
2003 638 46 26 sa

82 687 147 40 devise
252 703 7 32 ;
279 689 27 38 il
346 689 96 38 n'en
459 697 64 31 est
545 690 123 49 point
703 689 52 38 de
790 689 98 50 plus
921 687 114 40 belle
1070 702 111 37 pour
1204 703 57 24 un
1285 691 164 38 artiste.

139 958 30 39 Il
191 974 26 36 y
238 960 140 38 aurait
401 957 329 40 d'intéressants
755 958 388 51 rapprochements
1178 963 20 34 à
1231 958 122 50 faire,
1389 967 121 31 entre
1548 960 37 38 la
1628 962 347 48 représentation
1998 961 51 38 de

83 1026 23 38 Y
112 1025 217 53 Etranger
353 1030 20 34 à
398 1024 176 53 l'Opéra
598 1034 40 30 et
661 1026 104 39 celle
789 1038 84 38 que
890 1038 110 26 nous
1022 1024 158 48 offrait,
1206 1026 38 38 le
1266 1040 19 35 7
1311 1027 165 50 janvier
1498 1026 188 47 dernier,
1713 1026 39 40 le
1782 1026 188 40 Théâtre
1999 1027 50 39 de

78 1092 44 39 la
145 1091 210 41 Monnaie
372 1097 21 35 à
416 1092 226 40 Bruxelles
666 1091 34 52 (1
713 1094 26 47 ).
766 1092 358 41 Reconnaissons
1157 1092 181 40 d'abord
1372 1096 21 35 à
1429 1091 110 39 MM.
1579 1091 228 40 Kufferath
1845 1101 39 30 et
1909 1090 140 42 Guidé

84 1174 58 24 un
163 1162 152 38 mérite
339 1158 130 53 qu'on
488 1173 52 25 ne
567 1160 90 39 leur
680 1160 200 38 enlèvera
898 1169 99 41 pas:
1018 1157 100 41 c'est
1138 1158 165 40 d'avoir
1323 1160 144 38 donné
1487 1159 39 38 le
1546 1158 88 40 bon
1651 1159 210 50 exemple,
1881 1172 168 26 comme

81 1240 49 25 ce
152 1226 63 40 fut
234 1227 95 51 déjà
353 1227 37 38 le
409 1240 87 35 cas,
518 1240 54 26 en
600 1230 115 47 1897,
737 1240 111 37 pour
865 1225 180 41 Fervaal
1050 1258 8 15 ,
1085 1240 169 26 comme
1277 1226 52 39 ils
1349 1226 93 39 font
1465 1238 154 27 encore
1640 1226 276 51 aujourd'hui
1940 1239 109 37 pour

84 1294 38 38 le
142 1293 87 40 Roi
248 1293 163 39 Arthus
418 1324 8 17 ,
450 1293 202 40 d'Ernest
674 1293 251 39 Chausson.
948 1292 62 40 Le
1033 1294 156 38 détour
1219 1308 79 36 par
1319 1294 39 37 la
1383 1292 215 52 Belgique
1620 1293 117 39 est-il
1760 1293 111 39 donc
1905 1297 120 34 néces-

85 1362 112 38 saire
214 1376 82 24 aux
315 1362 99 50 plus
437 1360 154 40 nobles
611 1362 284 50 productions
909 1361 51 38 de
975 1359 147 41 l'école
1141 1360 216 49 française
1370 1364 15 34 ?
1402 1358 64 41 Ne
1486 1373 112 26 nous
1616 1373 54 25 en
1689 1360 236 50 plaignons
1946 1372 76 37 pas
2039 1374 6 24 :

84 1442 112 26 nous
219 1429 165 39 devons
406 1428 228 51 beaucoup
654 1433 21 33 à
696 1429 38 38 la
754 1437 111 30 terre
878 1428 234 49 flamande,
1131 1428 262 51 puisqu'elle
1409 1440 111 26 nous
1539 1442 21 24 a
1578 1428 145 38 donné
1743 1426 99 40 Cés.
1860 1426 186 48 Franck,

85 1509 103 26 sans
211 1498 74 48 qui
309 1505 123 30 notre
455 1498 203 48 musique
680 1508 53 26 ne
758 1496 134 38 serait
914 1508 78 37 pas
1015 1508 46 26 ce
1085 1494 158 51 qu'elle
1266 1503 64 30 est
1352 1506 8 36 ;
1387 1507 111 26 nous
1534 1507 137 26 avons
1690 1494 39 38 là
1771 1507 169 25 comme
1964 1506 85 26 une

83 1563 115 39 dette
232 1563 52 38 de
320 1562 341 40 chefs-d'œuvre
703 1567 21 34 à
765 1564 226 49 acquitter.
1037 1562 54 40 Et
1124 1565 113 48 puis,
1281 1576 69 25 ces
1393 1563 275 50 pèlerinages
1704 1562 282 50 périodiques
2027 1566 20 34 à

83 1629 226 40 Bruxelles
332 1642 111 27 nous
466 1630 194 39 donnent
680 1632 203 37 occasion
906 1630 52 38 de
992 1631 142 37 revoir
1157 1630 38 38 le
1218 1630 170 38 clocher
1406 1630 52 38 de
1480 1627 372 46 Sainte-Gudule,
1875 1630 60 38 les
1955 1628 93 40 Van

82 1696 93 40 Loo
193 1698 52 38 de
267 1698 39 37 la
326 1697 166 49 galerie
511 1695 290 51 d'Arenberg,
826 1705 40 31 et
889 1697 38 38 la
950 1697 114 39 viole
1086 1696 51 38 de
1164 1696 208 50 François
1397 1696 13 38 lerI
1418 1700 31 17 er
1472 1710 52 25 au
1548 1694 153 41 Musée
1720 1696 57 38 du
1800 1694 219 40 Conserva-

83 1766 123 37 toire.
233 1764 126 46 Rien,
381 1777 54 25 en
455 1773 92 31 tout
570 1764 105 49 cela,
701 1765 52 38 de
776 1764 189 50 pénible,
991 1763 101 39 bien
1124 1778 54 24 au
1195 1765 229 37 contraire.

136 1830 131 49 Mais,
288 1832 88 38 l'un
400 1837 124 45 après
545 1832 166 39 l'autre,
735 1832 61 38 les
813 1832 131 38 exilés
967 1839 190 31 rentrent
1181 1844 52 26 en
1254 1831 92 39 leur
1368 1832 138 50 patrie
1526 1846 6 24 :
1562 1836 125 45 après
1711 1829 178 40 Fervaal
1915 1827 114 53 (d'ail-

85 1900 115 38 leurs
224 1899 179 49 disparu
428 1899 51 38 de
502 1912 216 33 nouveau,
745 1912 55 26 on
823 1912 53 26 ne
907 1900 81 37 sait
1012 1906 92 42 trop
1124 1897 254 52 pourquoi),
1404 1897 247 53 VEtranger
1672 1910 112 26 nous
1807 1905 64 31 est
1894 1898 153 45 rendu,

84 1980 74 25 sur
186 1966 38 38 la
254 1974 123 30 vaste
410 1972 126 32 scène
574 1967 52 38 de
670 1976 123 30 notre
831 1966 235 39 Académie
1102 1966 220 39 nationale
1363 1966 52 38 de
1442 1966 216 50 musique.
1695 1964 123 40 Cette
1852 1965 197 51 ampleur

84 2032 258 51 m'effrayait
360 2032 100 39 bien
483 2047 58 25 un
564 2046 99 37 peu,
690 2035 111 37 ainsi
820 2046 83 38 que
921 2033 37 39 la
982 2031 316 51 magnificence
1332 2033 269 38 coutumière
1636 2032 76 39 des
1736 2032 237 50 spectacles
1997 2032 52 39 de

83 2098 192 52 l'Opéra.
299 2098 207 51 Qu'allait
526 2100 191 48 devenir,
744 2100 109 38 dans
873 2108 108 30 cette
1000 2100 108 38 salle
1125 2098 115 40 bâtie
1263 2112 110 37 pour
1397 2099 73 38 des
1494 2098 123 50 fêtes,
1642 2113 59 24 un
1729 2099 150 38 drame
1900 2103 21 33 à
1943 2100 105 38 trois

83 2178 301 38 personnages
407 2174 40 30 et
464 2170 97 35 àun
581 2167 144 45 décor,
751 2180 102 25 sans
874 2174 120 31 autre
1018 2165 135 39 ballet
1189 2179 83 37 que
1295 2165 177 39 l'entrée
1513 2166 75 38 des
1632 2166 221 38 ouvrières
1879 2179 52 25 au
1955 2177 69 38 pre-

82 2234 109 37 mier
222 2241 106 35 acte,
365 2241 39 31 et
446 2233 75 39 des
553 2234 211 50 pêcheurs
801 2248 53 25 au
894 2233 159 39 second
1075 2237 16 35 ?
1113 2231 86 41 Les
1221 2234 230 48 angoisses
1472 2232 51 39 de
1548 2231 259 50 l'Etranger,
1834 2230 215 52 coupable

81 2300 166 39 d'avoir
267 2302 128 45 aimé,
422 2301 316 39 seraient-elles
760 2301 240 49 comprises
1019 2300 110 38 dans
1153 2312 44 26 ce
1233 2299 139 50 palais
1402 2299 52 38 de
1473 2298 176 39 marbre
1683 2307 41 31 et
1746 2299 107 46 d'or,
1877 2305 55 33 où
1955 2307 93 31 tout

82 2367 60 39 dit
167 2367 37 38 la
226 2368 84 50 joie
327 2368 51 38 de
397 2369 120 38 vivre
536 2376 40 30 et
598 2368 38 38 le
654 2368 217 50 triomphe
892 2368 51 38 de
967 2368 37 38 la
1030 2367 191 39 richesse
1242 2370 16 35 ?
1277 2365 243 51 L'épreuve
1543 2380 21 24 a
1585 2365 83 39 fort
1691 2365 101 39 bien
1816 2367 155 48 réussi,
1994 2378 53 26 en

82 2447 44 26 ce
160 2448 100 26 sens
284 2448 84 38 que
388 2435 38 39 le
445 2434 148 52 public
623 2449 20 25 a
668 2440 151 34 écouté
843 2448 102 26 avec
983 2433 243 41 l'attention
1250 2434 38 38 la
1312 2434 98 50 plus
1449 2441 229 37 soutenue,
1719 2441 55 38 et,
1809 2433 179 49 lorsque
2007 2432 38 38 la

83 2501 100 39 toile
215 2501 101 40 s'est
360 2501 171 40 baissée
570 2516 70 25 sur
677 2503 38 38 la
749 2511 112 30 mort
897 2501 244 40 libératrice
1174 2501 75 39 des
1291 2500 110 39 deux
1428 2500 145 46 héros,
1604 2512 80 26 son
1713 2500 195 38 émotion
1945 2498 102 40 s'est

82 2568 255 40 manifestée
361 2573 20 35 à
406 2570 76 38 des
504 2571 148 48 signes
679 2583 88 26 non
806 2570 190 39 douteux
1018 2584 7 32 ;
1053 2569 37 50 je
1109 2581 53 26 ne
1178 2569 112 37 crois
1313 2580 79 38 pas
1416 2580 83 38 que
1522 2564 176 52 l'Opéra
1729 2568 57 37 ait
1806 2567 154 49 jamais
1981 2571 67 37 été

83 2637 162 37 témoin
268 2635 102 40 d'un
392 2637 331 38 enthousiasme
744 2637 97 50 plus
875 2639 166 36 sincère
1064 2644 40 30 et
1125 2635 98 50 plus
1247 2639 217 44 généreux
1482 2645 7 36 ;
1517 2634 38 38 la
1577 2634 106 38 salle
1702 2635 161 37 entière
1884 2632 160 43 n'avait

80 2701 163 50 qu'une
279 2702 119 38 seule
419 2705 110 43 âme,
556 2704 71 47 qui
650 2703 148 39 n'était
817 2716 79 35 pas
925 2703 105 39 celle
1052 2702 52 39 de
1143 2710 98 30 tous
1277 2702 61 38 les
1371 2702 133 49 jours.

134 2766 81 54 J'ai
254 2772 65 34 été
343 2766 195 41 d'autant
560 2768 98 50 plus
681 2769 192 39 heureux
896 2769 50 39 de
972 2782 46 26 ce
1053 2769 218 51 triomphe
1294 2782 99 38 que,
1419 2769 174 39 chemin
1632 2769 174 47 faisant,
1833 2769 212 52 quelques

78 2836 156 38 détails
257 2834 235 40 m'avaient
515 2836 183 49 choqué.
723 2834 62 40 Le
802 2836 68 50 jeu
889 2836 76 38 des
994 2844 168 31 acteurs
1183 2836 177 41 m'avait
1379 2836 168 40 semblé
1570 2836 163 52 parfois
1762 2837 283 52 emphatique

80 2916 54 26 ou
152 2903 197 39 solennel
368 2907 21 34 à
410 2903 167 39 l'excès.
598 2902 50 54 Je
663 2901 160 41 n'aime
838 2917 78 37 pas
936 2916 45 27 ce
1004 2903 336 40 contrebandier
1362 2907 75 48 qui
1454 2904 217 39 demande
1691 2908 144 46 grâce,
1861 2905 40 38 la
1927 2907 117 37 main

83 2983 73 26 sur
179 2983 79 26 son
279 2983 120 26 cœur
417 2982 7 33 ;
450 2969 202 40 combien
675 2969 37 39 la
748 2971 174 39 raideur
957 2971 212 40 satisfaite
1204 2972 57 39 du
1284 2972 214 39 douanier
1531 2969 79 54 (M.
1635 2970 188 53 Laffitte)
1847 2985 70 25 me
1939 2973 106 50 plaît

77 3037 250 50 davantage
353 3041 5 36 !
387 3037 30 39 Il
435 3036 110 41 n'est
573 3051 78 38 pas
675 3037 169 51 jusqu'à
867 3037 60 40 M.
953 3038 194 48 Delmas,
1174 3041 34 37 si
1238 3039 246 49 intelligent
1506 3039 241 51 cependant
1770 3048 39 30 et
1833 3041 35 36 si
1892 3044 153 35 maître

77 3108 54 38 de
153 3120 68 26 ses
245 3120 197 38 moyens,
466 3110 74 49 qui
561 3107 104 39 n'ait
687 3109 83 36 mis
792 3107 164 51 parfois
980 3109 109 39 dans
1124 3121 79 27 son
1226 3116 122 41 geste
1371 3116 40 30 et
1450 3109 156 48 jusque
1628 3107 110 39 dans
1762 3107 283 50 l'expression

78 3175 55 38 de
156 3187 69 26 ses
243 3187 110 38 yeux
374 3176 37 49 je
434 3189 53 25 ne
507 3176 87 38 sais
614 3175 143 50 quelle
774 3175 166 49 dignité
959 3175 223 47 hautaine,
1201 3176 73 49 qui
1291 3175 202 38 convient
1510 3175 144 37 mieux
1676 3187 53 25 au
1752 3172 168 41 Wotan
1936 3174 52 38 de
2006 3174 37 39 la

126 3319 46 42 (1)
200 3319 87 33 Voir
309 3320 171 42 l'analyse
499 3323 42 30 de
560 3325 31 29 la
617 3323 100 39 pièce
738 3329 31 23 et
793 3324 30 29 le
858 3330 140 32 compte
1020 3323 111 31 rendu
1160 3322 41 32 de
1236 3329 90 25 cette
1364 3321 172 40 première
1573 3320 281 41 représentation
1889 3321 87 32 dans
2015 3323 29 31 la

82 3369 113 32 Revue
219 3370 165 31 musicale
391 3395 6 13 ,
421 3371 192 32 novembre
638 3378 32 25 et
693 3371 186 32 décembre
901 3382 85 30 1902
1015 3379 31 24 et
1066 3370 138 42 janvier
1230 3382 103 30 1903.
