2172 3584
97 138 75 39 702

876 138 169 27 ERNEST
1078 139 232 27 CHAUSSON

100 235 190 43 amants,
316 227 101 40 c'est
441 241 53 26 au
529 229 218 38 contraire
788 228 53 39 ici
871 228 39 39 la
947 229 169 49 grande
1139 227 142 51 figure
1317 226 229 47 d'Arthus,
1565 229 238 42 fondateur
1817 233 52 39 de
1888 234 39 39 la
1948 234 139 42 Table

98 293 157 41 Ronde
279 304 40 31 et
336 295 235 40 défenseur
594 296 52 38 de
669 295 38 40 la
728 295 238 51 Bretagne,
995 298 74 50 qui
1094 297 176 39 devient
1289 297 372 52 prépondérante,
1703 299 144 40 donne
1871 314 79 27 son
1982 317 103 26 nom

99 366 22 35 à
146 361 180 40 l'œuvre
350 372 41 30 et
420 365 196 38 contient
648 377 54 25 en
721 363 83 40 elle
825 372 120 32 toute
969 365 39 39 la
1030 365 290 51 philosophie
1340 365 58 40 du
1417 366 167 39 drame.
1609 369 34 34 A
1667 369 94 37 côté
1784 368 52 38 de
1854 368 38 39 la
1919 372 163 43 sienne,

97 431 203 39 auréolée
323 431 53 39 de
399 431 156 50 gloire,
580 432 63 39 les
667 432 219 39 destinées
911 433 52 39 de
985 431 211 42 Guinèvre
1204 464 6 14 ,
1238 441 120 31 toute
1382 438 21 34 à
1429 448 45 26 sa
1499 433 104 40 folle
1622 436 198 49 passion,
1844 444 39 30 et
1907 437 51 38 cle
1975 436 84 42 Lan-

97 498 126 48 celot,
247 512 102 27 sans
373 513 120 26 cesse
512 499 195 41 hésitant
729 509 122 31 entre
874 514 80 26 son
976 514 157 26 amour
1155 511 38 29 et
1219 514 45 26 sa
1287 502 259 39 vénération
1570 513 113 38 pour
1706 513 80 27 son
1832 503 79 48 roi,
1937 502 128 52 dispa-

97 567 189 39 raissent
312 575 40 31 et
376 565 262 52 s'éteignent
661 568 111 40 dans
795 582 86 26 une
900 567 61 41 fin
985 582 103 26 sans
1111 569 216 40 honneur.
1357 569 55 40 Ils
1433 568 121 40 n'ont
1577 568 231 40 recherché
1833 569 109 39 dans
1960 570 37 39 la
2019 572 69 38 vie

97 633 163 51 qu'une
276 634 275 41 satisfaction
571 640 167 46 égoïste
759 645 40 31 et
817 645 253 44 trompeuse
1093 649 8 38 ;
1121 651 113 38 pour
1250 651 96 34 eux,
1371 638 39 38 la
1429 645 114 31 mort
1563 650 94 27 sera
1676 636 11 39 1
1707 636 160 40 éternel
1889 637 137 48 oubli,
2048 648 40 30 et

96 714 86 27 une
201 716 150 26 œuvre
368 702 132 40 noble
521 713 41 30 et
581 705 170 49 grande
768 719 54 26 ne
841 705 90 40 fera
952 720 80 38 pas
1053 708 137 46 vivre,
1215 719 172 27 comme
1403 706 108 38 celle
1534 704 205 40 d'Arthus
1744 735 9 19 ,
1774 705 93 39 leur
1882 710 163 46 pensée
2066 711 21 33 à

96 777 166 32 travers
286 770 62 40 les
370 774 120 47 âges.
518 771 118 41 C'est
658 787 76 26 sur
751 782 107 32 cette
881 775 95 39 idée
1007 775 217 39 vraiment
1242 773 280 52 personnelle
1542 781 40 31 et
1599 772 24 39 cl
1643 786 87 26 une
1751 773 169 49 grande
1942 774 125 38 éléva-

96 840 91 37 tion
204 841 130 47 grâce
359 843 21 35 à
409 840 192 52 laquelle
617 841 62 40 les
698 841 224 40 dernières
947 855 138 38 pages
1106 841 53 39 de
1175 840 180 41 l'œuvre
1375 842 244 48 atteignent
1633 855 55 25 au
1709 840 206 47 sublime,
1937 840 151 53 qu'ont

96 910 66 35 été
185 906 159 40 établis
367 907 62 40 les
451 910 107 38 trois
572 917 116 31 actes
712 910 58 39 du
786 908 83 40 Roi
888 908 164 40 Arthus
1059 942 8 16 ,
1087 911 128 37 écrits
1233 909 111 39 dans
1358 922 85 26 une
1458 909 162 49 langue
1638 909 75 39 des
1731 909 99 51 plus
1851 909 178 52 souples
2047 918 40 31 et

96 974 76 40 des
192 974 100 52 plus
309 978 248 49 poétiques,
585 976 253 40 abondante
855 990 54 25 en
932 978 281 50 expressions
1234 977 284 38 saisissantes
1541 984 40 31 et
1603 981 271 47 présentant,
1911 979 176 38 suivant

96 1041 62 41 les
185 1044 254 49 situations,
464 1058 58 25 un
544 1045 178 38 curieux
754 1044 206 50 mélange
980 1044 52 38 de
1065 1057 130 37 prose
1219 1044 216 39 cadencée
1455 1052 40 31 et
1518 1044 52 39 de
1591 1045 197 50 rythmes
1808 1045 99 50 plus
1925 1046 159 49 précis.

93 1108 87 40 Les
204 1111 63 37 six
298 1109 204 41 tableaux
526 1111 51 40 de
610 1110 242 52 l'ouvrage,
880 1111 274 40 habilement
1184 1113 344 50 proportionnés
1567 1120 40 31 et
1645 1112 143 51 pleins
1828 1113 52 38 de
1904 1113 181 49 variété,

95 1185 99 30 sont
215 1174 102 42 d'un
347 1179 157 39 intérêt
537 1179 279 51 dramatique
836 1188 204 31 constant
1064 1188 40 31 et
1123 1181 295 38 conviennent
1448 1188 172 31 surtout
1640 1179 370 40 admirablement
2033 1194 53 25 au

95 1245 180 51 lyrisme
293 1250 247 47 pénétrant,
563 1251 21 35 à
605 1248 37 39 la
665 1250 169 47 gravité
864 1249 244 50 empreinte
1131 1247 53 39 de
1208 1247 208 47 douceur,
1456 1262 83 25 aux
1579 1247 122 38 élans
1722 1245 225 52 fougueux
1971 1248 53 39 de
2047 1247 38 39 la

93 1315 207 48 musique
323 1315 53 38 de
399 1313 254 42 Chausson.

149 1380 125 40 Cette
288 1383 205 50 musique
528 1382 183 40 d'allure
735 1385 35 37 si
797 1383 185 47 diverse,
1010 1384 73 50 qui
1120 1391 248 31 commente
1398 1382 38 39 le
1473 1382 151 40 drame
1655 1382 53 39 cle
1732 1384 35 37 si
1788 1388 115 45 près,
1931 1384 74 49 qui
2028 1395 54 27 en

94 1451 195 48 exprime
308 1463 103 26 avec
444 1459 92 31 tant
555 1450 51 40 cle
644 1452 243 38 continuité
919 1451 62 39 les
1017 1459 172 43 aspects
1229 1449 251 48 successifs,
1516 1451 244 49 témoigne,
1788 1454 20 35 à
1832 1458 126 32 notre
1975 1452 108 46 avis,

93 1517 25 38 d
138 1516 296 41 indiscutable
457 1517 142 52 façon,
617 1518 360 52 l'émancipation
996 1520 284 50 progressive
1313 1518 52 39 cle
1409 1518 39 39 la
1485 1518 304 52 personnalité
1805 1518 53 39 de
1883 1518 199 51 l'artiste,

93 1598 80 26 son
194 1586 224 39 évolution
439 1600 98 25 vers
557 1586 39 40 la
622 1587 234 51 simplicité
891 1595 41 31 et
955 1587 226 39 l'émotion
1203 1586 173 51 lyrique
1397 1587 74 49 qui
1501 1586 197 39 donnent
1734 1600 60 24 un
1831 1587 92 50 prix
1942 1588 33 37 si
2000 1600 85 38 peu

93 1666 207 26 commun
325 1657 22 35 à
370 1654 223 50 plusieurs
616 1656 164 50 parties
797 1655 53 39 cle
869 1653 195 41 l'œuvre.
1092 1653 104 53 Déjà
1220 1668 53 25 au
1294 1656 189 49 premier
1517 1663 107 35 acte,
1648 1659 127 46 après
1810 1654 38 38 le
1884 1654 197 50 prélude,

92 1720 118 52 plein
231 1720 292 42 d'animation
546 1732 39 30 et
615 1723 52 39 cle
689 1723 198 48 couleur,
908 1729 57 33 où
991 1723 175 39 retentit
1189 1720 231 41 fièrement
1444 1722 37 39 le
1499 1721 113 40 beau
1634 1722 145 38 thème
1804 1722 52 38 de
1880 1722 38 38 la
1959 1722 129 39 Table

90 1787 153 40 Ronde
251 1819 7 16 ,
276 1789 37 39 le
329 1791 191 50 premier
538 1790 200 40 discours
758 1790 212 40 d'Arthus
993 1798 40 32 et
1056 1791 62 38 les
1139 1790 175 41 chœurs
1335 1790 77 39 des
1429 1790 258 48 chevaliers,
1710 1789 85 39 fort
1814 1789 102 39 bien
1936 1790 123 51 dispo-

93 1860 69 35 sés
185 1864 40 31 et
245 1857 52 39 de
337 1857 189 51 superbe
547 1860 207 47 sonorité,
778 1860 267 37 constituent
1084 1872 59 25 un
1164 1856 178 41 tableau
1367 1857 186 39 musical
1586 1857 24 39 cl
1631 1871 59 25 un
1714 1857 112 39 éclat
1848 1857 230 49 singulier.

147 1923 150 52 Quant
322 1929 21 35 à
383 1925 194 40 l'attente
612 1927 53 38 de
702 1925 203 52 Lyonnel
924 1934 40 31 et
1002 1930 20 34 à
1064 1925 38 39 la
1141 1931 130 33 scène
1308 1925 203 39 d'amour
1535 1926 74 50 qui
1635 1938 45 26 se
1704 1925 183 39 déroule
1906 1927 172 37 ensuite

91 2001 122 30 entre
230 1991 223 42 Guinèvre
470 2002 39 31 et
522 1993 213 40 Lancelot
758 1994 110 39 clans
892 1994 38 39 le
952 1999 192 45 mystère
1175 1993 53 39 de
1252 1993 39 38 la
1313 1995 94 37 nuit
1441 1991 298 49 frémissante,
1774 1995 34 36 si
1840 1993 106 39 elles
1978 1997 81 35 évo-

91 2070 134 42 quent
245 2075 80 38 par
359 2061 240 50 l'analogie
618 2062 75 39 des
718 2063 236 38 situations
974 2063 190 37 certains
1194 2062 232 38 souvenirs
1455 2062 157 50 précis,
1636 2061 28 38 il
1688 2059 93 41 faut
1802 2073 163 27 avouer
1995 2074 87 38 que

89 2130 39 39 la
157 2131 222 49 musique,
398 2143 80 38 par
511 2143 44 25 sa
600 2129 245 40 sensibilité
874 2129 183 39 délicate
1088 2137 40 31 et
1161 2129 38 38 le
1229 2128 178 40 charme
1440 2128 161 52 spécial
1643 2129 73 50 qui
1760 2127 92 40 s'en
1890 2128 189 50 dégage,

90 2195 120 42 suffit
241 2202 21 34 à
293 2197 189 52 dissiper
531 2206 110 31 cette
662 2199 217 50 première
898 2198 266 51 impression
1191 2211 7 24 :

139 2811 62 41 La
228 2819 128 35 scène
389 2814 58 40 du
481 2815 101 39 duel
618 2824 122 31 entre
765 2814 212 41 Lancelot
1011 2824 41 30 et
1080 2814 209 42 Mordred
1314 2825 64 31 est
1409 2818 394 48 vigoureusement
1834 2818 169 48 traitée,
2038 2825 40 31 et

85 2879 123 41 l'acte
230 2882 138 51 prend
389 2880 61 42 fin
472 2896 76 26 sur
569 2897 87 26 une
681 2886 251 48 imposante
953 2884 259 40 conclusion
1236 2884 270 40 orchestrale
1528 2884 196 52 pendant
1748 2897 85 38 que
1874 2884 39 38 le
1946 2883 127 40 soleil

85 2961 45 27 se
153 2949 93 39 lève
268 2950 111 40 dans
400 2959 120 31 toute
543 2964 46 26 sa
613 2951 155 49 gloire.

139 3015 69 41 Au
232 3020 223 38 troisième
473 3018 192 49 tableau,
691 3019 347 49 l'introduction,
1062 3028 120 32 toute
1213 3020 53 39 de
1289 3018 222 42 fraîcheur
1539 3028 191 42 agreste,
1751 3027 39 31 et
1813 3019 39 39 la
1873 3018 201 40 chanson

84 3084 58 40 du
161 3083 278 50 Laboureur,
488 3087 198 52 rythmée
705 3102 79 38 par
806 3088 39 39 le
868 3089 124 49 large
1011 3096 123 42 geste
1154 3088 76 39 des
1251 3088 222 39 semailles
1513 3096 40 31 et
1588 3087 222 40 déclamée
1847 3099 104 26 sans
2007 3100 46 25 ac-

85 3163 386 41 compagnement,
498 3164 100 31 sont
633 3154 130 41 d'une
795 3159 151 48 poésie
983 3157 405 50 particulièrement
1422 3163 213 44 prenante
1661 3170 6 24 :
