2182 3608
103 114 78 47 728

854 121 226 26 LECTURES
1113 121 247 27 MUSICALES

105 232 54 25 au
192 230 160 39 moyen
374 216 54 40 de
447 216 155 40 chants
626 223 131 44 ayant
790 228 59 26 un
889 221 180 44 rapport
1108 213 135 41 direct
1283 227 102 27 avec
1408 214 63 40 les
1494 218 204 38 matières
1721 217 57 39 du
1809 231 282 38 programme

102 286 397 49 d'enseignement.

157 353 31 41 Il
211 369 26 37 y
266 367 21 26 a
320 353 111 39 dans
467 349 161 43 l'étude
668 351 52 39 de
753 351 39 39 la
830 359 173 38 nature,
1035 350 53 39 de
1130 348 234 52 l'histoire,
1390 350 77 40 des
1491 350 139 41 droits
1656 359 41 32 et
1729 352 77 40 des
1844 353 174 41 devoirs
2042 355 51 40 de

101 421 211 41 l'homme
336 429 40 32 et
399 421 58 39 du
481 421 189 51 citoyen,
692 420 78 39 des
793 418 102 40 faits
917 427 40 32 et
981 418 77 40 des
1091 418 119 40 idées
1228 418 210 52 capables
1461 418 236 52 d'inspirer
1713 418 378 52 l'enthousiasme,

101 490 212 48 l'ivresse,
338 498 41 31 et
400 491 73 49 qui
508 503 78 38 par
609 492 272 48 conséquent
902 498 20 28 ((
942 486 224 52 appellent
1189 497 20 28 ))
1235 487 39 39 la
1306 488 220 50 musique,
1569 495 111 32 cette
1714 486 141 41 forme
1890 487 203 44 brûlante

104 558 56 40 du
182 559 254 39 sentiment.

158 625 231 53 Pourquoi
421 639 53 26 ne
509 623 213 42 ferait-on
755 637 79 39 pas
858 625 182 40 chanter
1060 639 81 26 aux
1162 623 176 42 enfants
1361 625 76 40 des
1461 625 188 52 hymnes
1685 638 54 26 en
1762 622 235 43 l'honneur
2019 624 76 41 des

100 694 168 50 grands
302 694 204 40 hommes
542 693 106 40 dont
677 693 53 40 ils
753 702 283 43 apprennent
1061 693 230 50 l'histoire,
1319 693 148 52 quand
1501 707 70 26 ces
1594 693 166 50 grands
1799 692 221 48 hommes,
2042 707 53 26 en

103 762 211 40 réalisant
345 776 81 38 par
463 776 59 25 un
545 762 165 39 certain
734 764 95 38 côté
868 761 162 48 l'idéal,
1072 770 75 32 ont
1176 766 67 36 été
1275 775 54 27 en
1352 766 144 36 même
1533 770 142 43 temps
1698 761 54 40 de
1774 761 168 50 grands
1963 762 110 39 servi-

102 839 118 32 teurs
255 830 53 40 de
343 828 264 42 l'humanité
628 844 7 26 :
661 828 198 53 Socrate,
889 828 185 49 Galilée,
1098 828 260 52 Gutenberg
1383 842 9 38 ;
1425 844 59 26 ou
1507 831 54 39 de
1585 830 36 40 la
1645 832 141 50 patrie
1806 844 7 26 :
1850 828 218 52 Vercingé-

105 900 126 47 torix,
255 898 194 49 Roland,
473 898 169 55 Jeanne
671 897 161 41 d'Arc?

156 966 64 42 La
244 969 207 50 musique
470 966 198 42 fournira
688 967 62 40 les
774 979 185 39 moyens
981 966 54 40 de
1054 968 264 49 passionner
1335 967 62 40 les
1415 968 144 40 élèves
1582 981 113 39 pour
1714 967 161 41 l'étude
1891 968 58 39 du
1966 971 131 47 passé

101 1037 53 39 de
187 1037 38 38 la
249 1037 141 51 patrie
412 1047 8 37 ;
456 1036 28 39 il
507 1035 93 40 faut
621 1049 84 38 que
727 1035 171 51 chaque
929 1034 139 52 phase
1099 1034 53 40 de
1188 1048 81 26 son
1305 1035 369 53 développement
1696 1036 249 51 historique
1964 1048 131 27 cause

102 1117 86 28 une
207 1103 225 41 vibration
451 1112 40 31 et
514 1118 60 25 un
597 1102 327 41 frémissement
957 1106 123 36 sacré
1100 1102 111 40 dans
1233 1117 71 26 ces
1326 1104 153 52 jeunes
1502 1105 230 51 poitrines.

155 1170 87 41 Les
277 1171 152 52 jeunes
451 1169 129 49 filles,
611 1184 54 27 en
701 1169 224 42 célébrant
945 1171 216 39 certaines
1184 1170 186 41 femmes
1394 1171 211 48 célèbres,
1625 1185 47 27 se
1690 1173 281 49 graveraient
1991 1171 103 40 bien

101 1240 99 53 plus
223 1239 342 52 profondément
587 1239 112 40 dans
723 1239 39 40 le
785 1253 122 26 cœur
928 1239 62 40 les
1013 1239 223 51 exemples
1259 1239 269 41 d'héroïsme
1566 1248 41 31 et
1629 1239 54 41 de
1705 1240 310 41 dévouement,
2041 1240 52 39 de

103 1322 198 37 sagesse,
327 1309 52 40 de
400 1317 141 39 vertu,
562 1308 52 41 de
637 1310 186 48 science,
851 1308 184 53 qu'elles
1058 1317 76 32 ont
1157 1308 187 40 donnés.

155 1376 186 56 Jusqu'à
378 1381 177 48 présent
591 1376 39 40 la
668 1378 208 51 musique
900 1391 22 25 a
947 1381 67 35 été
1034 1391 58 25 un
1115 1377 178 52 joujou;
1315 1376 82 41 elle
1420 1375 71 42 n'a
1515 1378 115 39 servi
1653 1381 21 35 à
1698 1378 94 38 rien
1828 1377 53 39 de
1904 1378 185 39 sérieux.

98 1446 62 40 De
181 1446 57 47 là,
261 1446 38 39 le
316 1446 164 51 mépris
503 1443 121 54 (bien
647 1446 178 52 injuste,
847 1443 246 55 d'ailleurs)
1111 1459 85 39 que
1219 1444 232 53 beaucoup
1483 1445 54 39 de
1559 1458 111 37 gens
1690 1445 60 39 lui
1780 1446 276 49 témoignent
2081 1460 8 34 ;

99 1514 237 40 l'évidence
359 1514 53 40 de
435 1527 80 27 son
539 1514 142 40 utilité
700 1513 186 41 éclatera
911 1513 111 41 dans
1046 1514 282 49 l'éducation,
1351 1516 36 38 si
1404 1514 83 40 elle
1508 1528 21 25 a
1550 1527 114 39 pour
1679 1514 272 40 destination
1975 1511 95 43 d'ex-

101 1584 165 50 primer
282 1582 77 40 des
380 1584 262 38 sentiments
666 1594 20 28 ((
707 1582 112 40 réels
842 1592 36 38 »,
901 1583 36 39 si
956 1582 83 40 elle
1075 1591 87 31 sert
1180 1586 21 36 à
1223 1594 19 28 «
1262 1581 111 41 faire
1392 1590 150 44 porter
1566 1582 78 40 »la
1664 1583 152 39 vérité.

157 1651 147 40 Faites
321 1655 142 36 naître
485 1653 119 38 aussi
629 1651 76 40 des
729 1652 231 39 occasions
980 1651 53 39 de
1053 1650 182 41 chanter
1256 1664 113 39 pour
1388 1650 180 41 l'adulte
1594 1653 6 37 !

159 1719 31 40 Il
211 1717 93 42 faut
326 1723 120 36 créer
463 1719 76 40 des
573 1719 226 52 orphéons
822 1719 54 40 de
895 1718 202 49 femmes,
1122 1733 174 27 comme
1329 1720 202 39 sanction
1556 1723 22 35 à
1596 1717 266 42 l'éducation
1883 1719 213 40 musicale

103 1801 84 39 que
211 1796 224 31 recevront
458 1787 62 40 les
553 1785 130 52 filles,
706 1800 171 27 comme
900 1801 160 38 moyen
1079 1787 91 40 sine
1197 1803 81 38 quo
1317 1802 87 25 non
1439 1789 54 39 de
1516 1787 259 41 l'exécution
1799 1788 77 39 des
1898 1787 196 50 grandes

102 1869 173 28 œuvres
306 1856 217 46 chorales,
548 1869 114 39 pour
687 1857 247 39 introduire
957 1855 153 42 l'unité
1129 1857 77 40 des
1230 1858 270 50 aspirations
1522 1865 40 32 et
1601 1857 77 39 des
1711 1869 238 39 croyances
1990 1856 103 39 chez

101 1925 61 39 les
182 1924 112 40 deux
319 1937 138 37 sexes,
483 1937 114 39 pour
613 1928 209 48 préparer
843 1929 22 35 à
888 1923 182 41 l'enfant
1092 1933 64 32 cet
1174 1933 133 42 agent
1324 1924 281 41 d'éducation
1638 1926 224 38 antérieur
1884 1928 21 35 à
1928 1924 38 39 la
1986 1924 109 40 salle

101 1992 24 40 d
148 1992 123 49 asile,
298 1992 104 52 qu'il
427 2001 202 31 trouvera
663 1992 111 40 dans
803 2006 86 27 une
909 1999 118 34 mère
1053 1994 289 39 musicienne.

155 2059 85 41 Les
279 2062 186 38 sociétés
503 2061 330 52 orphéoniques
872 2061 207 40 actuelles
1117 2075 55 26 ne
1208 2070 223 43 comptent
1465 2074 85 40 que
1585 2061 77 40 des
1682 2062 101 38 voix
1815 2060 249 40 d'hommes
2084 2072 9 37 ;

102 2130 95 39 leur
215 2128 167 41 mobile
402 2138 64 30 est
492 2129 39 39 le
563 2141 19 27 ((
613 2143 215 27 concours
863 2141 38 38 »,
921 2138 41 32 et
997 2143 89 27 non
1123 2127 261 43 l'exécution
1420 2130 53 39 de
1509 2128 137 41 belles
1679 2142 190 35 œuvres,
1895 2142 85 38 que
2003 2129 94 39 leur

101 2198 137 51 esprit
258 2205 40 32 et
319 2197 94 41 leur
430 2199 299 51 composition
746 2198 347 40 exclusivement
1113 2198 246 40 masculine
1375 2198 62 40 les
1459 2198 184 40 rendent
1665 2196 227 42 d'ailleurs
1909 2199 162 51 impuis-

102 2275 149 31 santes
277 2271 21 34 à
319 2268 275 51 interpréter.
638 2266 31 40 Il
708 2265 194 42 faudrait
937 2267 77 40 des
1048 2268 186 39 sociétés
1260 2269 157 38 mixtes
1459 2267 250 40 d'hommes
1745 2275 40 32 et
1806 2267 52 39 de
1893 2265 198 49 femmes,

102 2336 244 48 instruites,
372 2343 40 32 et
447 2334 310 49 nombreuses,
795 2349 113 38 pour
947 2335 281 52 populariser
1249 2335 63 40 les
1333 2336 193 49 grandes
1550 2349 175 27 œuvres
1751 2335 54 40 de
1828 2335 40 40 la
1890 2337 206 49 musique

102 2403 192 40 chorale.
317 2401 122 41 Dans
463 2411 125 32 notre
619 2417 125 39 pays,
783 2403 39 40 le
855 2403 92 40 rôle
976 2403 53 39 de
1068 2402 132 41 l'Etat
1219 2403 169 40 devrait
1411 2408 90 35 être
1522 2403 321 51 d'encourager
1864 2404 53 39 de
1953 2412 143 31 toutes

104 2484 68 26 ses
192 2469 142 42 forces
355 2484 70 27 ces
443 2472 202 47 sociétés,
671 2485 54 26 en
748 2472 95 39 leur
858 2471 216 40 facilitant
1106 2471 159 40 l'achat
1288 2471 53 40 de
1364 2471 40 40 la
1437 2474 222 50 musique,
1685 2486 53 26 en
1774 2472 94 39 leur
1891 2479 206 32 assurant

103 2542 316 49 gratuitement
449 2540 77 40 des
559 2540 132 40 salles
725 2540 53 40 de
814 2542 202 48 réunion,
1042 2545 218 47 peut-être
1297 2554 53 26 en
1378 2540 235 40 accordant
1651 2544 21 36 à
1703 2540 116 40 leurs
1855 2538 237 51 membres,

104 2614 128 47 après
264 2623 60 25 un
343 2610 165 38 certain
524 2617 142 44 temps
686 2609 54 40 de
756 2610 185 49 service,
967 2609 77 39 des
1067 2609 239 51 privilèges
1324 2617 40 32 et
1387 2608 76 40 des
1484 2611 273 38 immunités.

158 2676 86 41 Ces
277 2686 399 41 encouragements
705 2678 228 39 devraient
971 2681 90 36 être
1099 2681 223 47 généraux
1346 2690 8 35 ;
1391 2677 53 40 ils
1484 2692 53 26 ne
1573 2678 242 48 devraient,
1849 2691 54 26 en
1928 2690 169 27 aucune

102 2746 211 49 manière,
336 2754 206 32 entraver
561 2744 366 54 l'indépendance
950 2746 77 39 des
1055 2747 200 47 sociétés,
1277 2760 54 26 en
1367 2750 149 36 créant
1536 2761 58 25 un
1630 2746 87 40 lien
1748 2743 320 42 administratif
2086 2760 7 24 :

103 2812 38 40 la
166 2815 69 38 vie
249 2813 58 40 du
328 2813 131 40 chant
489 2813 167 49 choral,
676 2813 103 41 c'est
813 2813 39 40 la
874 2813 156 41 liberté
1050 2817 6 36 !

157 2880 62 41 Ce
250 2895 84 38 que
369 2883 198 51 pourrait
609 2895 158 27 encore
809 2881 148 49 l'Etat,
1000 2895 46 27 ce
1082 2884 132 38 serait
1237 2882 53 40 de
1322 2881 244 53 multiplier
1605 2882 62 40 les
1693 2883 230 38 occasions
1948 2887 56 34 où
2027 2893 70 27 ces

104 2949 184 40 sociétés
317 2962 45 26 se
396 2949 305 51 produiraient
733 2962 53 27 en
825 2947 236 51 affirmant,
1096 2963 113 38 pour
1230 2949 40 40 la
1295 2949 100 52 plus
1424 2951 171 49 grande
1632 2951 84 51 joie
1738 2950 53 39 de
1813 2950 40 39 la
1886 2951 69 38 vie
1977 2961 90 28 com-

104 3031 148 33 mune,
279 3015 239 42 l'intensité
540 3017 77 40 des
641 3019 262 38 sentiments
923 3016 227 41 collectifs.

157 3085 214 54 Jusqu'ici
404 3086 40 39 la
480 3088 207 49 musique
709 3085 54 40 de
788 3097 21 28 ((
833 3087 302 39 circonstance
1161 3097 19 28 »
1202 3100 22 25 a
1258 3090 68 36 été
1348 3089 155 38 traitée
1534 3101 102 26 avec
1653 3087 39 39 le
1721 3087 175 38 dernier
1917 3085 176 39 dédain.

158 3151 99 41 Elle
280 3167 53 26 ne
356 3161 103 44 peut
479 3157 89 37 être
591 3155 295 39 intéressante
910 3168 85 39 que
1016 3156 35 38 si
1090 3154 83 40 elle
1208 3163 65 31 est
1308 3156 388 49 rigoureusement
1716 3167 55 26 en
1796 3165 20 28 ((
1841 3154 214 39 situation
2077 3164 20 27 »

102 3229 39 31 et
158 3219 191 42 formule
369 3222 76 40 des
466 3224 264 38 sentiments
762 3224 126 40 réels.
910 3222 80 51 Or,
1016 3240 59 25 un
1108 3227 239 39 sentiment
1377 3224 195 42 collectif
1604 3226 173 38 intense
1816 3237 54 26 ne
1912 3233 103 42 peut
2052 3237 45 32 sç

104 3288 257 41 manifester
378 3289 235 41 librement
634 3304 85 37 que
736 3292 111 40 dans
865 3307 59 25 un
945 3282 102 52 État
1067 3292 127 41 libre.

245 3419 54 51 (A
320 3419 173 51 suivre.)

1387 3419 596 47 BOURGAULT-DUCOUDRAY.
