2131 3528
1977 131 77 36 719

903 133 74 26 LES
1011 132 223 27 CONCERTS

80 227 163 37 netteté
276 222 298 53 d'expression
598 224 270 46 saisissante,
898 223 26 39 il
959 238 27 37 y
1020 237 53 25 en
1097 237 21 25 a
1142 222 189 40 d'autres
1357 224 73 49 qui
1468 234 54 27 ne
1557 229 99 32 sont
1677 228 221 44 exemptes
1920 222 43 37 ni
2004 221 51 39 de

82 290 206 41 lourdeur
309 292 44 37 ni
376 290 52 40 de
452 292 266 38 monotonie.
744 290 141 40 Toute
920 290 38 39 la
993 290 197 40 dernière
1212 291 153 50 partie,
1397 289 154 51 depuis
1584 287 161 40 Roméo
1782 302 51 24 au
1866 287 189 39 tombeau

83 358 69 38 des
177 356 197 55 Capulets
396 356 199 53 jusqu'au
621 356 191 40 Serment
835 358 48 38 de
904 356 334 47 réconciliation,
1266 371 21 24 a
1314 370 106 37 paru
1445 354 119 51 (sauf
1582 355 37 39 le
1641 355 147 40 Réveil
1809 355 49 38 de
1866 354 189 49 Juliette,

84 427 74 48 qui
176 433 64 31 est
263 431 85 33 très
370 422 294 53 dramatique)
689 440 57 24 un
770 438 82 37 peu
871 423 189 53 pénible.
1088 424 30 38 Il
1141 439 24 36 y
1191 439 21 24 a
1231 425 116 38 aussi
1365 424 108 38 dans
1497 430 107 31 cette
1627 422 276 51 symphonie,
1925 425 20 35 à
1964 421 69 51 plu-

80 494 141 38 sieurs
242 494 203 49 reprises,
466 492 322 39 l'intervention
817 490 205 40 fâcheuse
1042 492 56 38 du
1117 493 196 44 récitant,
1334 491 90 50 qui,
1450 502 53 26 en
1524 497 162 31 venant
1721 497 270 31 commenter
2012 496 41 31 et

84 560 223 50 apprécier
336 558 174 40 l'action
531 560 222 49 poétique,
776 557 159 39 détruit
958 557 221 39 l'illusion.
1202 556 45 39 M
1252 564 42 18 me
1326 556 140 39 Maria
1489 555 95 52 Gay
1609 554 229 53 (contralto
1875 553 112 54 solo)
2012 563 40 31 et

83 625 62 39 M.
169 624 51 42 G.
247 626 53 38 de
322 626 291 50 Pommayrac
636 624 156 49 (ténor)
821 624 110 38 dans
954 624 37 38 le
1014 623 239 50 Prologue,
1279 622 62 39 M.
1367 622 162 47 Bartet,
1566 624 109 38 dans
1698 624 38 38 le
1760 623 89 39 rôle
1872 624 57 38 du
1946 622 109 40 Père

82 692 241 47 Laurence,
346 701 75 29 ont
437 696 66 34 été
527 690 309 40 satisfaisants.

931 689 50 40 C.

138 789 238 40 CONCERTS
405 788 226 39 COLONNE.

640 811 51 3 —
715 802 52 38 29
802 787 233 39 novembre.
1162 785 61 39 M.
1258 785 199 40 Colonne
1511 800 112 26 nous
1660 795 65 31 est
1759 788 151 46 rendu,
1942 796 40 30 et
2016 787 38 39 le

80 856 150 52 public
253 857 38 38 le
322 856 123 39 salue
463 856 129 39 d'une
614 856 285 38 chaleureuse
922 856 193 38 ovation.
1139 852 63 40 La
1226 852 259 54 Symphonie
1490 853 267 52 fantastique
1791 862 40 30 et
1866 854 38 38 le
1935 866 90 26 mor-

80 936 104 26 ceau
207 923 327 51 symphonique
551 922 52 39 de
619 921 279 53 Rédemption
919 934 112 26 nous
1054 929 74 31 ont
1147 921 162 50 permis
1332 920 270 51 d'apprécier
1623 933 85 26 une
1743 918 84 40 fois
1866 920 52 38 de
1953 921 99 49 plus

82 990 61 40 les
179 991 186 50 qualités
400 990 52 38 de
484 989 178 49 fougue,
693 989 51 39 de
768 990 232 49 puissance
1034 995 40 31 et
1106 987 52 39 de
1194 985 242 40 sensibilité
1467 986 53 38 de
1552 986 238 39 l'excellent
1814 984 100 40 chef
1940 985 91 39 d'or-

83 1056 184 38 chestre.
290 1055 120 39 Dans
434 1069 46 25 ce
516 1056 173 38 dernier
711 1067 219 36 morceau,
969 1052 67 52 j'ai
1070 1051 117 41 enfin
1219 1052 190 40 entendu
1445 1052 11 38 1
1476 1051 163 50 allègre
1664 1053 275 50 contrepoint
1978 1052 75 38 des

81 1122 187 45 violons,
297 1124 72 49 qui
390 1135 45 27 se
457 1123 98 50 joue
575 1122 235 39 au-dessus
827 1121 51 39 de
901 1120 156 50 l'appel
1077 1133 134 36 grave
1231 1119 76 39 des
1331 1118 254 40 trombones
1607 1130 9 27 :

144 1560 120 41 C'est
283 1562 152 50 plaisir
450 1562 51 38 de
534 1565 286 43 reconnaître,
849 1565 20 34 à
895 1562 168 50 chaque
1081 1563 225 37 exécution
1323 1562 217 45 nouvelle,
1562 1576 58 24 un
1644 1575 202 25 nouveau
1869 1567 181 45 progrès

85 1628 109 39 dans
215 1628 38 39 la
278 1626 160 40 finesse
461 1628 75 38 des
559 1628 170 38 détails.
763 1627 148 51 Quant
929 1633 20 33 à
974 1628 40 39 la
1047 1627 258 53 Symphonie
1316 1628 267 52 fantastique
1590 1659 9 15 ,
1632 1629 37 49 je
1705 1629 88 37 sais
1823 1637 141 30 toutes
1990 1629 60 38 les

83 1694 240 51 objections
348 1694 132 51 qu'on
511 1703 103 42 peut
637 1695 142 39 élever
797 1703 147 31 contre
981 1695 38 38 le
1059 1706 19 26 ((
1100 1700 155 45 poème
1291 1694 327 52 symphonique
1642 1705 36 39 »,
1717 1703 245 31 autrement
1991 1696 59 39 dit

82 1762 38 38 la
144 1773 19 26 ((
189 1763 203 49 musique
416 1765 20 35 à
467 1773 345 39 programme»;
847 1762 104 38 elles
974 1774 69 26 me
1084 1762 208 39 touchent
1327 1774 97 37 peu.
1442 1760 49 54 Je
1514 1774 53 26 ne
1583 1763 95 37 vois
1720 1775 79 37 pas
1832 1763 218 49 pourquoi

81 1828 38 38 la
137 1830 204 49 musique
364 1842 45 25 se
440 1829 193 39 réduirai
652 1829 367 39 volontairement
1037 1843 81 25 aux
1139 1828 162 40 formes
1324 1827 268 40 invariables
1614 1828 52 39 de
1706 1829 39 38 la
1788 1829 262 50 symphonie

81 1908 54 26 ou
167 1896 52 38 de
236 1896 38 38 la
296 1904 168 38 sonate,
483 1904 39 30 et
554 1895 284 51 n'essayerait
857 1908 78 37 pas
953 1896 51 38 de
1033 1896 147 38 suivre
1216 1908 101 26 avec
1354 1894 98 51 plus
1485 1895 52 38 de
1575 1894 155 40 liberté
1768 1895 62 39 les
1866 1908 153 26 mouve-

78 1971 144 29 ments
260 1962 53 38 de
336 1962 128 39 l'âme
484 1971 40 30 et
556 1963 53 38 de
644 1962 38 38 la
714 1966 178 46 pensée.
925 1961 124 39 Cette
1089 1960 259 54 Symphonie
1383 1969 64 31 est
1476 1976 58 24 un
1576 1960 334 49 chef-d'œuvre,
1933 1971 40 29 et
2009 1962 39 38 la

80 2027 172 39 Marche
282 2044 52 22 au
351 2028 187 53 supplice
557 2037 64 31 est
643 2033 214 47 peut-être
878 2028 39 38 la
940 2042 113 37 page
1073 2028 38 38 la
1135 2028 98 51 plus
1256 2030 280 47 vigoureuse,
1562 2028 39 38 la
1626 2028 101 51 plus
1749 2028 176 40 sombre
1945 2037 40 31 et
2002 2029 38 39 la

82 2096 99 50 plus
205 2100 237 44 ramassée,
468 2096 37 38 la
530 2096 98 50 plus
643 2096 214 38 éclatante
877 2103 40 31 et
939 2095 38 39 la
999 2095 98 51 plus
1120 2096 256 38 saisissante
1399 2097 73 48 qui
1493 2096 58 38 ait
1574 2096 158 50 jamais
1755 2100 66 34 été
1840 2097 144 37 écrite.
2011 2094 36 40 A

82 2164 93 37 côté
191 2161 52 39 de
266 2162 89 38 cela
379 2162 167 50 quelles
566 2162 211 38 mélodies
794 2163 216 49 exquises,
1036 2161 128 39 d'une
1208 2162 222 39 tendresse
1457 2162 164 39 exaltée
1658 2171 40 31 et
1733 2162 313 51 douloureuse,

78 2227 318 52 brusquement
419 2233 222 46 emportée
663 2228 170 51 jusqu'à
858 2228 39 38 la
920 2227 163 40 fureur,
1125 2230 98 49 puis
1260 2228 198 46 adoucie,
1498 2231 173 48 apaisée
1712 2242 54 26 en
1809 2230 160 39 larmes
2007 2238 40 30 et

80 2308 53 26 en
155 2297 193 48 repentir
372 2298 7 36 !
410 2294 141 40 Toute
568 2294 127 40 l'âme
714 2296 51 38 de
801 2294 170 40 Berlioz
1010 2294 218 40 n'est-elle
1266 2308 79 37 pas
1366 2296 38 38 là
1426 2300 15 34 ?
1474 2294 97 40 Elle
1608 2304 64 30 est
1703 2298 120 37 aussi
1859 2296 111 39 dans
2010 2296 39 39 le

77 2362 230 39 charmant
326 2362 85 39 duo
435 2362 53 38 de
507 2362 191 38 Béatrice
722 2368 36 32 et
778 2361 219 50 Bénédicte
1029 2362 171 38 modèle
1219 2361 53 38 cle
1288 2365 144 46 grâce,
1459 2368 55 33 où
1539 2362 38 38 la
1597 2364 203 49 musique
1824 2367 163 46 épouse
2009 2364 38 38 le

80 2428 171 52 rythme
269 2429 75 39 des
362 2428 172 52 paroles
556 2442 101 26 avec
680 2442 85 26 une
781 2430 221 50 précision
1023 2437 39 30 et
1084 2440 85 27 une
1193 2426 160 41 finesse
1376 2433 214 34 extrêmes
1610 2444 7 31 ;
1646 2428 266 47 l'orchestre,
1959 2435 87 34 très

79 2496 173 49 discret,
277 2496 241 51 enveloppe
538 2509 69 25 ces
629 2496 151 38 chants
815 2496 129 38 d'une
967 2494 152 40 ombre
1146 2495 144 48 légère
1313 2503 39 30 et
1394 2494 294 50 frémissante,
1726 2496 205 51 jusqu'au
1951 2510 64 26 mo-

80 2571 118 30 ment
215 2569 56 32 où
302 2562 111 39 deux
436 2562 143 46 flûtes,
605 2564 98 48 puis
725 2562 110 39 deux
868 2562 249 39 clarinettes
1141 2574 53 25 en
1231 2570 263 41 reprennent
1536 2562 38 38 le
1603 2562 159 45 thème,
1799 2576 113 37 pour
1942 2576 79 26 con-

80 2630 115 38 clure
215 2642 74 25 sur
311 2642 85 25 une
416 2628 153 51 pédale
586 2628 52 39 de
662 2629 237 39 clarinette.
926 2628 114 40 Tout
1061 2628 89 39 cela
1174 2636 64 30 est
1261 2627 129 39 d'une
1414 2629 183 38 écriture
1631 2630 118 37 aussi
1787 2630 259 47 ingénieuse

76 2708 88 39 que
196 2694 129 40 sobre
344 2704 40 30 et
407 2695 182 39 délicate
629 2694 45 39 M
680 2694 52 22 lles
751 2694 167 54 Jeanne
949 2694 176 40 Leclerc
1146 2703 40 30 et
1223 2693 119 40 Alice
1374 2694 167 39 Deville
1565 2702 73 31 ont
1677 2694 156 40 chanté
1871 2696 151 51 simple-

79 2771 134 37 ment,
239 2774 102 27 avec
361 2765 143 35 sûreté
536 2771 40 29 et
601 2774 103 26 avec
722 2767 123 44 goût.

132 2828 49 53 Je
203 2827 84 40 n'ai
306 2841 84 38 que
409 2841 83 37 peu
511 2828 51 38 de
585 2835 114 31 mots
723 2832 21 34 à
771 2828 91 39 dire
884 2828 57 39 du
969 2827 150 38 Thème
1141 2827 114 40 varié
1281 2828 51 38 de
1370 2826 60 39 M.
1464 2826 183 40 Caetani
1668 2839 7 36 ;
1720 2827 184 40 l'auteur
1936 2828 110 40 n'est

78 2896 99 51 plus
202 2910 59 25 un
277 2896 192 39 inconnu
492 2907 112 38 pour
626 2894 37 38 le
683 2893 148 51 public
850 2896 192 50 parisien
1080 2895 188 50 puisque
1281 2893 60 40 M.
1357 2892 252 41 Chevillard
1634 2894 198 49 donnait,
1852 2895 37 38 le
1912 2909 44 36 14
1973 2896 48 39 dé-

79 2961 173 40 cembre
273 2975 116 36 1902,
414 2976 57 25 un
491 2960 184 39 Prélude
693 2961 299 53 symphonique
1016 2962 125 48 signé
1172 2961 52 39 de
1259 2974 79 26 son
1358 2973 103 26 nom
1483 2960 74 52 (1).
1595 2959 63 40 Le
1683 2972 20 27 ((
1731 2961 145 40 thème
1912 2973 19 26 »
1970 2966 74 47 qui

78 3041 112 26 nous
213 3042 20 25 a
252 3032 67 35 été
341 3027 125 41 offert
488 3026 276 53 aujourd'hui
788 3027 108 40 n'est
919 3042 76 37 pas
1014 3041 103 26 sans
1140 3029 151 38 mérite
1308 3042 7 32 ;
1343 3028 109 39 mais
1473 3027 61 40 les
1575 3029 258 46 variations,
1872 3030 170 49 malgré

77 3095 38 39 le
149 3095 110 52 style
281 3095 135 50 fugué
438 3104 38 31 et
500 3096 62 39 les
592 3092 188 41 artifices
814 3095 52 38 de
901 3096 275 49 contrepoint
1205 3098 152 35 vantés
1395 3108 80 37 par
1506 3094 38 39 le
1579 3107 300 38 programme,
1920 3096 122 40 n'ont

80 3161 166 40 d'autre
265 3164 155 38 intérêt
441 3176 83 38 que
546 3162 110 39 celui
679 3161 102 39 d'un
802 3161 87 40 bon
913 3161 152 39 travail
1089 3161 162 39 d'école
1292 3159 246 40 Attendons
1576 3161 188 39 d'autres
1785 3175 187 34 œuvres,
2003 3173 40 30 et

76 3226 232 47 félicitons,
334 3241 52 26 en
411 3229 239 44 attendant,
675 3226 62 41 M.
765 3227 183 40 Caetani
968 3227 167 40 d'avoir
1158 3227 76 40 fait
1257 3227 163 40 d'aussi
1442 3227 162 40 solides
1621 3229 151 39 études
1790 3230 250 40 musicales.

122 3354 28 42 (1
188 3354 87 32 Voir
293 3358 30 29 le
348 3364 141 32 compte
515 3356 110 33 rendu
649 3356 86 32 clans
758 3360 30 28 le
810 3358 147 31 numéro
971 3356 281 41 correspondant
1275 3358 42 31 de
1339 3361 29 28 la
1388 3358 115 32 Revue
1522 3360 174 33 musicale.
