3538 5433
190 5219 86 52 124

195 224 185 62 Jedes
447 226 419 60 Bühnenwerk
932 227 103 58 hat
1105 230 207 55 seinen
1379 223 349 73 Rhythmus,

198 314 121 61 Der
353 314 332 75 Rhythmus
722 316 284 73 gestaltet
1044 315 105 58 das
1189 313 251 61 Gesicht
1476 318 108 55 mit
1619 314 112 59 den

197 405 448 62 Kunstmitteln.
753 404 110 60 Die
918 403 312 61 Farbform
1290 403 301 61 erscheint
1648 408 77 53 im

195 496 191 60 Raum
442 496 84 60 als
585 496 403 73 rhythmische
1043 495 166 56 Linie
1266 491 121 60 und
1446 493 250 69 rhythmi-

199 589 139 58 sche
383 588 236 58 Fläche,
706 586 122 59 Der
872 585 127 59 Ton
1045 588 301 57 erscheint
1396 583 86 58 als
1531 582 160 59 Woit-

198 686 121 63 ton,
381 679 327 68 Musikton,
772 676 437 59 Geräuschton.
1288 673 121 59 Das
1456 673 236 59 Bühnen-

196 771 167 57 werk
394 771 160 57 kann
585 767 485 74 gegenständlich
1104 766 121 60 und
1256 764 437 74 ungegenständ-

198 862 116 58 lich
361 867 144 54 sein.
595 859 507 73 Gegenständlich
1148 863 77 54 ist
1274 877 83 49 es,
1402 877 179 38 wenn
1628 855 103 58 der

197 950 523 60 Bühnenkünstler
776 953 131 56 eine
968 947 329 60 außerhalb
1352 951 196 54 seines
1607 945 80 58 Ge-

198 1044 183 59 sichts
464 1041 397 60 entstandene
943 1038 499 69 Farbformreihe,
1529 1036 162 59 Wort-

198 1134 181 68 reihe,
468 1132 469 67 Worttonreihe,
1026 1128 497 68 Musiktonreihe,
1612 1127 80 58 Ge-

195 1223 511 68 räuschtonreihe,
752 1222 536 71 Bewegungsreihe
1341 1218 84 59 als
1471 1224 222 51 wesent-

197 1316 185 57 liches
430 1312 552 60 Ausdrucksmittel
1032 1311 92 58 für
1175 1311 95 57 die
1324 1307 238 60 Gestalt
1617 1311 84 55 sei-

194 1428 108 36 nes
347 1405 282 59 Gesichts
673 1405 265 57 benutzt.
1025 1397 550 62 Ausdrucksmittel
1626 1397 104 58 des

197 1496 484 59 Bühnenwerkes
756 1494 160 60 kann
993 1492 127 58 also
1200 1490 106 59 das
1384 1486 345 61 Wortwerk

199 1594 162 53 eines
399 1587 279 60 Dichters
713 1589 143 55 sein.

195 1678 110 59 Die
345 1677 238 59 Gestalt
620 1676 103 57 des
760 1673 487 60 Bühnenwerkes
1284 1676 75 54 ist
1397 1670 108 58 der
1540 1666 159 75 Spiel-

197 1781 148 61 gang
388 1769 104 59 des
532 1765 505 61 Bühnenwerkes.
1113 1763 124 57 Der
1275 1760 197 59 Maler
1511 1758 218 59 schafft

198 1865 94 54 ein
329 1859 150 69 Bild,
520 1859 105 58 der
663 1854 401 60 Tonkünstler
1102 1859 130 54 eine
1271 1852 278 58 Partitur.
1628 1848 101 58 Ich

194 1952 154 57 habe
391 1951 106 57 das
536 1947 418 61 Bühnenwerk
993 1951 59 53 in
1094 1946 134 57 dem
1271 1942 315 73 Spielgang
1629 1953 66 59 ge-

197 2041 222 59 staltet.
528 2040 84 57 Im
667 2038 316 73 Spielgang
1035 2041 80 53 ist
1172 2035 95 60 die
1326 2031 236 59 Gestalt
1623 2031 104 57 des

194 2130 487 61 Bühnenwerkes
764 2130 221 57 ebenso
1068 2125 262 74 spielbar
1408 2121 319 74 gekündet,

196 2229 112 55 wie
368 2229 63 53 in
492 2223 104 59 der
643 2222 260 58 Partitur
968 2218 105 59 das
1120 2217 299 59 Tonwerk
1469 2216 260 73 spielbar

196 2314 300 73 gekündet
533 2319 94 53 ist.
701 2312 168 58 Nach
908 2312 135 56 dem
1082 2308 314 73 Spielgang
1433 2306 151 60 wird
1623 2307 104 57 das

197 2404 416 59 Bühnenwerk
662 2402 271 72 gespielt.
1034 2400 122 61 Das
1209 2399 165 72 Spiel
1424 2401 76 54 ist
1551 2397 178 57 keine

195 2496 391 71 Aufführung.
683 2494 124 60 Das
858 2491 163 73 Spiel
1073 2494 74 54 ist
1201 2489 96 59 die
1346 2486 384 72 Ausführung

198 2588 103 56 des
375 2586 364 73 Spielgangs.
808 2581 367 73 Ausgeführt
1251 2578 150 59 wird
1473 2600 61 39 es
1611 2599 119 35 von

196 2677 346 58 Menschen.
623 2676 111 57 Die
777 2674 310 59 Farbform
1132 2671 157 58 führt
1338 2675 97 54 ein
1476 2666 252 60 Mensch

197 2791 122 47 aus,
354 2769 222 57 ebenso
612 2766 115 59 den
758 2765 130 59 Ton
918 2764 121 59 und
1073 2764 95 57 die
1200 2763 355 70 Bewegung.
1616 2759 111 56 Die

197 2858 473 59 verschiedenen
722 2856 197 73 Spiele
976 2855 103 60 des
1133 2854 271 72 gleichen
1455 2852 235 57 Bühnen-

194 2952 233 56 werkes
473 2948 466 59 unterscheiden
986 2947 126 57 sich
1159 2945 184 58 durch
1390 2944 93 58 die
1530 2944 164 57 Inten-

197 3046 137 53 sität
389 3043 105 58 der
541 3039 402 72 Ausführung,
996 3037 95 59 die
1144 3036 290 71 abhängig
1484 3038 77 54 ist
1611 3055 118 35 von

195 3134 134 56 dem
364 3131 248 73 Spieler,
647 3129 135 59 dem
814 3128 349 58 Menschen.
1229 3124 119 59 Das
1385 3123 164 73 Spiel
1579 3122 150 59 wird

195 3223 243 72 geleitet
477 3245 118 35 von
634 3226 193 52 einem
868 3218 357 74 Spielleiter,
1265 3218 112 58 der
1418 3216 105 57 der
1565 3220 161 52 erste

195 3313 234 74 Spieler
475 3312 104 59 des
627 3311 194 73 Spiels
866 3317 95 62 ist,
1010 3310 145 58 aber
1203 3313 60 53 in
1310 3309 105 57 der
1465 3308 222 58 Ausfüh-

193 3417 144 60 rung
373 3404 184 61 selbst
591 3402 205 59 weder
830 3400 514 71 Farbformträger
1378 3399 156 57 noch
1570 3398 117 58 Ton-

193 3501 198 68 träger
430 3494 156 60 noch
631 3493 574 72 Bewegungsträger
1251 3495 95 53 ist.

734 3580 24 24 *
1156 3577 25 24 *

943 3609 26 22 •»

193 3677 111 59 M't
340 3677 104 58 der
480 3675 341 72 Schöpfung
856 3674 106 58 des
995 3671 488 60 Bühnenwerkes
1518 3675 77 54 ist
1632 3670 93 56 die

192 3768 215 73 völlige
457 3766 251 59 Abkehr
759 3787 137 38 vom
949 3763 431 58 Theaterwerk
1435 3761 121 58 und
1608 3780 116 37 von

193 3859 104 58 der
334 3866 407 64 sogenannten
776 3855 442 59 dramatischen
1248 3852 297 72 Dichtung
1578 3849 119 59 voll-

193 3962 203 59 zogen.
475 3948 120 59 Das
639 3945 420 61 Bühnenwerk
1103 3950 78 53 ist
1223 3944 105 58 der
1373 3951 157 50 erste
1577 3943 111 58 Vor-

193 4040 133 57 stoß
380 4051 186 60 gegen
640 4038 116 57 den
827 4041 409 67 sogenannten
1306 4033 420 58 Kulturfaktor

192 4129 278 68 Theater,
529 4130 105 57 der
687 4133 97 54 ein
838 4124 297 60 Denkmal
1191 4124 105 58 der
1349 4123 340 60 nichtkünst-

192 4221 297 59 lerischen
525 4219 146 68 Zeit,
711 4222 96 55 ein
841 4215 415 61 Genußmittel
1297 4214 105 58 der
1440 4214 251 58 verderb-

192 4319 100 50 ten
330 4311 197 58 hohen
563 4309 121 60 und
717 4310 289 58 niederen
1043 4305 404 61 Gesellschaft
1482 4309 95 54 ist.

190 4401 204 60 Meine
438 4406 202 53 ersten
682 4398 454 58 Bühnenwerke
1178 4397 219 57 heißen

896 4488 168 57 Mein
1101 4494 190 51 erstes
1330 4486 357 72 gegenständ-

187 4584 185 59 liches
415 4580 418 61 Bühnenwerk
873 4580 103 56 hat
1020 4578 106 58 das
1166 4576 258 58 Gedicht
1467 4575 256 68 „Sancta

551 4693 120 37 von
722 4669 235 75 August
1033 4669 260 58 Stramta
1367 4667 84 58 als
1505 4666 184 59 Kunst-

189 4765 209 60 mittel,
480 4765 121 59 Das
646 4761 419 61 Bühnenwerk
1114 4758 257 71 „Sancta

188 4863 76 53 ist
302 4865 198 52 zuerst
540 4879 117 36 von
698 4856 105 58 der
844 4853 399 61 Sturmbühne
1283 4857 61 54 in
1383 4851 202 60 Berlin
1625 4863 65 60 ge-

189 4949 191 71 spielt.

1824 222 120 61 Der
1983 220 286 63 Künstler
2312 222 219 61 schafft
2572 225 164 55 seine
2775 219 228 61 Werke
3040 222 184 69 nicht,
3264 222 68 58 da-

1824 318 107 54 mit
1970 318 83 54 sie
2095 313 207 74 irgend
2338 308 240 76 jemand
2620 309 211 61 erlebt.
2912 309 133 60 Wie
3089 309 96 60 die
3229 308 102 60 Blu-

1823 425 94 37 me
1968 403 165 59 nicht
2186 402 248 68 wächst,
2489 399 185 61 damit
2727 404 89 55 sie
2870 399 208 73 irgend
3127 398 238 75 jemand

1824 495 171 68 sieht,
2032 494 209 67 riecht,
2279 490 251 75 pflückt.
2600 487 111 61 Die
2752 489 207 59 Blume
3000 488 229 60 kündet
3268 494 96 55 ein

1821 585 389 72 Lebendiges.
2281 583 124 59 Das
2443 580 367 60 Kunstwerk
2848 578 232 60 kündet
3119 584 98 54 ein
3254 579 73 59 Le-

1823 677 304 71 bendiges,
2180 674 105 58 das
2339 672 266 59 Gesicht.
2705 669 336 60 Menschen
3091 669 133 59 sind
3277 669 87 59 als

1822 767 485 70 Erscheinungen
2352 771 174 51 unter
2569 761 503 71 Erscheinungen.
3161 760 203 58 Leben

1824 864 74 53 ist
1952 857 226 59 Leiden
2231 854 106 59 der
2390 854 505 70 Erscheinungen.
3000 848 137 61 Alle
3192 848 129 60 Men-

1825 950 182 58 schen
2060 946 206 61 finden
2318 945 242 68 Leiden,
2636 943 157 58 ohne
2847 945 88 55 sie
2992 962 75 36 zu
3121 940 241 61 suchen,

1823 1040 333 59 Menschen
2197 1036 206 60 finden
2446 1035 143 68 sich,
2634 1033 155 58 ohne
2832 1031 127 60 sich
3003 1053 73 36 zu
3120 1029 242 61 suchen.

1822 1133 121 58 Der
1979 1130 256 59 Mensch
2274 1127 173 62 sucht
2481 1123 400 61 Nichtleiden.
2949 1122 124 58 Der
3109 1120 255 60 Mensch

1823 1223 190 60 findet
2052 1218 399 71 Nichtleiden,
2493 1237 179 38 wenn
2713 1235 65 38 er
2824 1213 126 59 sich
2988 1210 166 61 nicht
3197 1212 167 58 mehr

1822 1313 209 61 findet.

1821 1429 122 59 Der
1981 1429 254 60 Mensch
2274 1428 192 61 findet
2501 1425 424 69 Kunstwerke,
2967 1425 154 58 ohne
3161 1428 87 55 sie
3290 1445 73 36 zu

1823 1522 241 59 suchen.
2144 1519 535 59 Unmenschliches
2719 1517 229 58 kündet
2995 1517 107 59 das
3141 1515 185 57 Kunst-

1821 1613 184 58 werk.
2070 1612 253 59 Keinem
2357 1610 230 59 kündet
2623 1609 106 58 das
2763 1605 383 61 Kunstwerk.
3183 1605 179 59 Allen

1821 1704 228 59 kündet
2097 1704 105 58 das
2245 1700 387 61 Kunstwerk.

1821 1813 129 59 Wir
1985 1815 257 61 nehmen
2278 1815 107 60 der
2421 1814 165 59 Welt
2621 1812 100 59 die
2755 1808 463 76 Beschäftigung
3257 1814 105 56 mit

1821 1905 464 62 Kunstwerken.
2385 1905 129 59 Wir
2580 1904 195 72 geben
2843 1902 105 58 der
3020 1900 164 59 Welt
3257 1900 105 58 das

1825 1996 284 58 Schaffen
2157 1997 104 57 der
2307 1995 423 60 Kunstwerke.
2821 1992 130 59 Wir
2998 1991 198 59 haben
3244 1990 79 57 Ge-

1824 2089 209 58 sichte.
2115 2087 138 59 Alle
2334 2086 335 60 Menschen
2749 2084 248 58 werden
3075 2081 286 59 Gesichte

1822 2179 215 60 haben.
2122 2178 126 60 Wir
2292 2179 300 72 gestalten
2635 2176 307 58 Gesichte.
3024 2174 113 59 Die
3180 2173 181 68 Welt,

1825 2270 92 59 die
1968 2270 179 59 keine
2197 2268 288 60 Gesichte
2538 2271 121 67 hat,
2709 2267 201 58 macht
2961 2286 108 37 uns
3121 2272 206 51 verant-

1823 2361 274 59 wortlich
2156 2361 91 56 für
2318 2361 174 56 ihren
2567 2356 564 60 Zusammenbruch.
3241 2354 113 57 Die

1824 2453 334 57 Menschen
2215 2451 106 58 der
2381 2450 367 71 Gegenwart
2804 2454 205 51 trennt
3066 2445 106 60 das
3231 2444 82 58 Ge-

1823 2544 205 58 schick
2082 2547 106 57 der
2239 2543 399 59 Weltwende.
2743 2541 129 58 Wir
2926 2538 268 60 erleiden
3247 2537 115 57 den

1819 2635 263 60 Aufbau.
2171 2634 109 59 Die
2329 2634 266 59 anderen
2644 2632 268 60 erleiden
2959 2631 116 56 den
3121 2629 200 57 Zusam-

1821 2727 343 59 menbruch.
2198 2726 113 59 Die
2347 2726 264 59 anderen
2645 2724 178 58 leben
2855 2729 58 52 in
2947 2721 106 58 der
3090 2719 237 57 Oeffent-

1820 2818 266 60 lichkeit.
2188 2818 127 59 Wir
2380 2819 179 57 leben
2625 2822 59 53 in
2746 2816 107 58 der
2915 2813 442 59 Innerlichkeit.

1820 2911 222 58 Darum
2093 2910 187 59 reden
2331 2913 110 54 wir
2489 2907 369 60 aneinander
2906 2905 225 68 vorbei,
3185 2924 175 38 wenn

1818 3007 110 53 wir
1972 3024 118 37 von
2136 2997 768 75 Gemeinschaftsgefühlen
2951 2996 202 57 reden.
3248 2994 110 56 Die

1822 3095 265 59 anderen
2128 3098 237 53 meinen
2408 3099 131 53 eine
2583 3090 221 58 äußere
2848 3085 473 60 Gemeinschafts-

1821 3186 284 72 ordnung.
2194 3185 130 59 Wir
2365 3189 237 54 meinen
2649 3187 131 56 eine
2826 3186 205 53 innere
3080 3177 239 57 Gemein-

1821 3278 211 69 schaft,
2072 3278 96 58 die
2206 3299 107 36 uns
2352 3277 115 57 alle
2506 3298 104 35 zur
2645 3274 240 57 Einheit
2921 3270 218 59 macht.
3209 3267 111 56 Dar-

1820 3392 96 35 um
1963 3371 96 57 die
2103 3370 331 57 fanatische
2478 3366 387 61 Feindschaft
3205 3360 117 69 Geg-

1817 3483 125 48 ner,
1983 3461 94 60 die
2114 3485 110 36 vor
2260 3462 238 58 keinem
2536 3459 202 59 Mittel
2778 3454 578 67 zurückschrecken,

1822 3576 105 36 uns
2007 3554 387 60 unschädlich
2474 3576 74 36 zu
2622 3553 269 57 machen.
2970 3549 201 59 Daher
3253 3548 105 57 der

1822 3645 369 59 ekstatische
2250 3643 567 60 Zusammenschluß
2896 3642 107 59 der
3076 3640 278 57 Unseren

1819 3758 97 36 um
1970 3759 177 36 unsre
2202 3737 380 60 Erkenntnis.
2691 3735 131 58 Wir
2878 3732 132 60 sind
3066 3753 66 37 so
3188 3729 136 60 welt-

1818 3829 207 58 fremd.
2073 3830 113 57 daß
2233 3834 108 52 wir
2387 3850 180 36 unser
2611 3827 188 58 Reich
2846 3826 152 58 ohne
3044 3821 313 61 Publikum

1819 3920 120 59 und
1988 3921 215 58 Presse
2251 3921 216 58 bauen.
2563 3919 120 58 Das
2732 3917 315 59 Publikum
3114 3919 77 53 ist
3262 3913 94 57 die

1819 4011 499 61 Oeffentlichkeit
2361 4014 120 59 und
2523 4012 94 59 die
2661 4011 213 59 Presse
2919 4010 127 59 ihre
3092 4007 264 59 Stitame.

1816 4105 121 58 Das
1980 4105 315 58 Publikum
2337 4105 151 59 wird
2526 4104 324 58 versinken
2893 4106 107 57 mit
3045 4101 106 57 der
3197 4098 160 60 alten

1815 4195 180 60 Welt,
2103 4197 138 58 Und
2306 4197 91 57 die
2465 4197 212 58 Presse
2747 4194 195 58 d'eses
3009 4189 347 60 Publikums

1819 4289 168 58 auch.
2065 4288 121 58 Das
2224 4294 81 52 ist
2345 4288 178 59 keine
2567 4288 469 71 Prophezeiung.
3117 4282 122 57 Das
3281 4284 76 54 ist

1819 4379 314 58 Tatsache.
2216 4379 76 58 So
2339 4381 167 56 wahr
2550 4378 335 57 Menschen
2931 4375 260 58 sterben.
3278 4372 77 58 So

1816 4471 166 57 wahr
2018 4476 144 67 jetzt
2202 4478 130 51 eine
2370 4471 163 57 Welt
2573 4472 193 57 stirbt.

1816 4584 122 57 Der
1970 4585 252 57 Mensch
2254 4587 136 55 muß
2427 4587 99 57 auf
2559 4585 145 59 alles
2738 4586 364 67 verzichten,
3135 4604 125 38 was
3294 4603 62 40 er

1818 4675 91 57 für
1955 4676 106 58 das
2106 4676 241 70 Wahre,
2396 4676 160 59 Gute
2608 4676 116 59 und
2768 4677 239 58 Schöne
3053 4675 142 61 hält.
3279 4675 77 58 Er

1818 4767 136 57 muß
2008 4768 322 69 erkennen,
2401 4768 116 58 daß
2589 4790 64 36 es
2700 4769 166 57 nicht
2922 4769 142 72 gibt,
3116 4789 126 37 was
3294 4788 64 36 er

1817 4857 220 74 glaubt.
2077 4858 78 58 Er
2194 4860 138 58 muß
2372 4860 320 59 verlernen
2732 4860 121 58 und
2894 4872 342 61 vergessen.
3280 4856 78 58 Er

1816 4949 138 58 muß
1990 4950 124 58 sich
2147 4962 342 61 vergessen.
2563 4951 121 59 Das
2721 4956 78 56 ist
2835 4952 95 60 die
2965 4950 211 58 Lehre.
3212 4947 145 60 Wer

1816 5040 90 58 ihr
1948 5040 162 76 folgt,
2156 5042 105 58 der
2304 5044 304 72 empfängt
2650 5044 94 60 die
2788 5042 420 61 Kunstwerke.
3290 5039 64 59 In
