3538 5433
185 5222 89 55 118

196 239 191 92 Die
455 263 272 66 neue
793 236 322 91 Kunst

196 375 224 60 Lothar
459 374 300 73 Schreyer

1410 405 316 53 Fortsetzung

193 498 122 58 Der
354 498 334 71 Rhythmus
723 496 162 60 kann
925 496 124 59 sich
1091 494 395 73 spiralförmig
1527 491 202 58 öffnen

194 590 119 57 und
344 589 321 69 schließen,
696 589 160 57 kann
887 588 331 71 aufsteigen
1251 585 120 59 und
1401 584 326 71 absteigen.

191 680 77 59 Es
297 682 159 58 kann
490 680 113 59 alle
634 678 510 60 Zwischenstufen
1177 676 103 58 des
1313 673 377 71 Grundrhyth-

193 794 129 35 mus
370 772 105 56 des
524 771 257 57 Werkes
828 769 120 59 und
993 767 310 72 unzählige
1351 764 339 61 Verbindun-

193 875 113 59 gen
350 863 209 71 geben.
639 861 111 58 Die
798 859 297 72 Oeffnung
1142 858 107 58 der
1290 857 240 69 Fläche,
1578 855 111 58 Fen-

194 961 123 51 ster
358 955 121 57 und
521 952 135 69 Tür,
699 953 162 57 kann
904 951 86 59 als
1039 950 305 59 schwarze
1384 949 211 67 Farbe,
1644 945 84 59 als

191 1044 194 59 Pause
416 1049 75 53 im
520 1043 331 72 Rhythmus
885 1042 145 59 oder
1063 1041 86 59 als
1177 1041 185 58 bunte
1393 1039 196 59 Farbe
1623 1038 104 58 der

192 1134 217 60 Fläche
454 1134 299 72 eingefügt
797 1138 144 54 sein.
1000 1132 109 60 Die
1152 1131 337 58 Bauwerke
1533 1130 197 57 haben

194 1226 438 71 durchsichtige
699 1225 121 58 und
886 1223 523 71 undurchsichtige
1474 1220 252 68 Wände,

191 1340 94 35 wo
329 1323 83 54 sie
450 1317 401 57 künstlerisch
888 1314 346 71 notwendig
1276 1312 147 65 sind.
1499 1312 190 57 Durch-

193 1408 214 72 sichtig
450 1407 160 59 kann
655 1407 134 72 jede
836 1406 198 59 Wand
1077 1405 263 69 werden,
1389 1405 152 57 auch
1591 1408 135 54 eine

191 1498 414 70 Außenwand,
648 1498 96 59 die
783 1498 168 60 nicht
988 1496 252 59 Fenster
1284 1496 144 58 oder
1471 1494 119 58 Tür
1632 1500 93 62 ist,

194 1591 151 57 auch
395 1595 133 54 eine
579 1588 452 59 Zimmerwand.
1118 1588 111 58 Die
1284 1586 442 72 durchsichtige

191 1680 197 60 Wand
435 1681 161 58 kann
644 1679 310 60 Farbform
1005 1684 147 54 sein.
1242 1678 113 58 Die
1405 1678 193 58 Farbe
1649 1682 77 54 ist

191 1777 95 54 ein
313 1772 187 60 Licht.
567 1772 121 58 Das
721 1772 210 61 Innere
964 1771 121 59 und
1113 1770 283 58 Aeußere
1430 1769 106 60 des
1566 1770 120 57 Hau-

193 1885 95 36 ses
335 1863 283 70 leuchtet,
666 1863 300 59 natürlich
1014 1861 144 59 oder
1207 1861 320 60 künstlich.
1610 1860 115 58 Die

188 1954 339 72 Bewegung
566 1954 104 59 des
707 1955 239 59 Lichtes
983 1960 76 55 ist
1097 1954 370 72 rhythmisch
1506 1953 187 73 geglie-

194 2046 150 59 dert.
434 2046 121 58 Das
610 2044 247 74 Tagbild
910 2046 106 58 des
1068 2045 369 59 Bauwerkes
1495 2050 76 55 ist
1628 2049 96 54 ein

191 2137 255 59 anderes
492 2142 113 53 wie
655 2137 107 59 das
809 2136 322 60 Nachtbild
1180 2136 105 59 des
1335 2136 387 59 Bauwerkes,

188 2228 111 58 Die
332 2228 335 59 Bauwerke
704 2230 197 57 haben
937 2230 274 71 bewegte
1246 2228 264 58 Flächen
1548 2229 140 56 über-

190 2319 80 60 all
304 2319 152 69 dort,
490 2342 95 37 wo
624 2342 64 37 es
727 2320 94 59 die
857 2320 443 59 künstlerische
1337 2319 347 72 Notwendig-

188 2411 128 59 keit
350 2411 290 72 verlangt.
714 2412 80 59 Es
826 2418 79 53 ist
941 2412 269 72 möglxh,
1254 2412 113 57 daß
1407 2412 124 59 sich
1572 2412 151 57 auch

195 2503 222 59 andere
466 2502 262 60 Flächen
777 2503 86 59 als
918 2502 197 59 Türen
1169 2502 120 58 und
1340 2501 253 59 Fenster
1645 2506 77 54 im

187 2594 253 57 Inneren
477 2594 119 59 und
631 2593 326 59 Aeußeren
997 2594 105 58 der
1139 2594 238 58 Häuser
1411 2595 310 71 bewegen.

188 2684 77 58 Es
305 2685 124 72 gibt
465 2684 356 60 wandelnde
861 2685 271 60 Zimmer.
1208 2685 78 59 Es
1329 2685 123 72 gibt
1493 2686 190 58 schwe-

187 2775 197 59 bende
447 2776 354 59 Bauwerke.
884 2776 122 58 Das
1075 2777 251 58 Gesicht
1394 2777 106 58 des
1566 2777 117 58 Bau-

188 2866 302 60 künstlers
542 2872 77 53 ist
668 2867 164 59 nicht
880 2888 111 38 nur
1042 2872 133 54 eine
1228 2868 491 72 Sehvorstellung

188 2958 119 59 und
382 2958 759 73 Bewegungsvorstellung,
1224 2959 258 58 sondern
1566 2959 154 59 auch

191 3053 131 55 eine
367 3048 513 75 Hörvorstellung.
963 3050 77 58 Es
1086 3051 122 72 gbt
1256 3051 260 58 tönende
1566 3052 116 57 Bau-

187 3141 224 59 werke.
500 3141 414 60 Schwebende
964 3141 234 61 Häuser
1247 3141 259 74 klingen,
1555 3165 124 37 wan-

190 3231 215 59 delnde
441 3231 253 59 Zimmer
732 3238 185 52 tönen
952 3233 122 57 und
1114 3234 93 57 die
1249 3235 278 72 reglosen
1568 3235 115 58 Zim-

188 3344 125 36 mer
353 3323 298 72 beginnen
691 3346 97 36 um
831 3346 108 36 uns
984 3346 73 37 zu
1099 3326 314 69 rauschen,
1459 3348 109 38 uns
1613 3327 107 58 tief

187 3435 73 37 zu
293 3415 355 61 versenken.
684 3415 120 58 Das
843 3416 297 58 Bauwerk
1169 3422 83 55 ist
1286 3417 177 59 keine
1500 3416 177 61 Raum-

188 3505 355 73 gestaltung,
616 3507 260 59 sondern
953 3512 131 54 eine
1158 3508 380 74 Verneinung
1614 3511 103 56 des

186 3595 279 70 Raumes,
515 3597 115 58 daß
680 3620 179 36 unser
910 3598 199 59 Selbst
1164 3600 367 71 einzugehen
1584 3624 100 36 ver-

189 3699 131 59 mag
360 3692 91 55 ins
488 3687 342 61 Raumlose.

188 3953 132 61 Den
356 3954 271 60 Musiker
665 3959 104 58 hat
809 3960 95 59 die
938 3959 611 61 nichtkünstlerische
1592 3960 128 59 Zeit

190 4065 92 37 am
313 4051 333 69 wenigsten
679 4055 169 54 töten
881 4050 260 61 können.
1176 4052 177 58 Auch
1388 4052 95 59 die
1517 4052 162 57 Mehr-

188 4135 134 61 zahl
354 4137 191 72 derer,
580 4140 94 59 die
710 4141 180 60 heute
927 4163 215 38 unsere
1177 4142 404 60 Kunstwerke
1620 4144 66 58 ab-

190 4224 234 73 lehnen,
471 4252 30 37 s
504 4235 9 29 ;
520 4230 80 59 nd
644 4233 125 57 sich
812 4234 262 68 bewußt,
1122 4234 114 59 daß
1283 4235 107 58 das
1438 4234 282 59 Schaffen

192 4317 105 58 des
351 4317 302 62 Musikers
709 4322 121 59 und
883 4329 127 55 sein
1064 4323 186 61 Werk
1306 4348 117 37 von
1479 4327 241 58 keinem

190 4408 300 60 Verstand
537 4411 119 58 und
699 4435 121 37 von
858 4415 244 57 keinem
1143 4415 225 60 Gefühl
1415 4439 305 39 ermessen

187 4500 247 58 werden
466 4501 177 59 kann.
674 4502 137 60 Und
844 4530 64 36 es
942 4507 150 58 wird
1122 4507 181 58 kaum
1341 4512 175 54 einen
1549 4508 128 58 Men-

190 4590 184 60 schen
412 4593 210 72 geben,
664 4592 105 61 der
807 4595 167 59 nicht
1015 4597 216 58 einmal
1270 4599 158 57 beim
1467 4599 251 73 Klingen

185 4682 108 60 der
372 4681 205 61 Musik
661 4684 146 59 alles
886 4708 99 35 um
1067 4688 126 58 sich
1275 4690 239 71 vergaß,
1596 4692 124 58 sich

188 4772 193 60 selbst
431 4774 119 59 und
600 4780 166 55 seine
815 4775 226 60 Leiden
1090 4780 239 70 vergaß,
1380 4784 230 69 einging
1661 4786 59 54 in

186 4868 98 56 ein
318 4862 420 63 Nichtwissen.
813 4867 145 59 Wer
996 4869 107 61 das
1143 4869 250 72 erlebte,
1432 4871 151 59 wird
1622 4872 94 59 die

186 4955 411 74 Augenblicke
644 4958 105 62 des
798 4958 519 62 Versunkenseins
1364 4964 208 57 immer
1616 4985 66 37 zu-

189 5048 391 60 rücksehnen.
666 5048 78 59 Er
790 5063 132 61 mag
971 5052 211 66 ahnen,
1234 5052 115 60 daß
1396 5076 107 37 uns
1551 5055 164 70 jedes

1824 231 441 60 künstlerische
2303 229 277 61 Erlebnis
2619 226 240 61 dorthin
2899 226 176 61 führt.
3113 225 78 60 Er
3230 237 131 61 mag

1825 321 219 70 fühlen,
2080 320 115 60 daß
2230 341 106 39 aus
2371 319 266 60 solchem
2667 316 276 60 Erlebnis
2973 315 135 76 jede
3136 311 186 65 Kunst-

1822 413 237 74 gestalt,
2108 412 167 60 nicht
2324 432 112 40 nur
2484 409 106 60 das
2639 408 319 69 Tonwerk,
3006 406 190 74 quillt.
3282 407 78 59 Er

1822 505 111 59 soll
1968 505 324 67 erkennen,
2330 503 114 60 daß
2479 501 237 62 solches
2748 500 264 59 Erleben
3042 506 79 55 im
3155 500 202 58 Leben

1822 596 94 58 die
1954 595 290 72 Erlösung
2283 615 138 37 vom
2458 593 203 58 Leben
2700 594 215 71 bringt.

1819 687 122 58 Der
1988 685 408 60 Tonkünstler
2443 684 286 74 gestaltet
2778 689 128 53 sein
2954 683 250 61 Gesicht
3253 691 104 53 m't

1821 779 116 58 den
1981 783 209 53 reinen
2231 776 210 59 Tönen
2484 776 121 60 und
2648 777 184 58 deren
2876 776 479 73 Verbindungen.

1817 870 187 57 Jedes
2055 868 301 59 Tonwerk
2424 868 106 59 hat
2595 871 129 55 sein
2777 872 241 67 eigenes
3067 866 252 73 rhythmi-

1821 963 172 57 sches
2036 960 242 59 Gesetz.
2357 960 112 59 Die
2512 960 341 58 Tonwerke
2900 959 216 60 stellen
3158 960 196 58 nichts

1819 1053 124 58 dar.
2030 1052 110 58 Die
2189 1051 483 73 Programmusik
2720 1055 75 54 ist
2848 1055 132 56 eine
3031 1050 323 73 Erfindung

1818 1143 106 59 der
1986 1143 643 73 Kunstverständigen.
2706 1142 114 59 Die
2885 1142 433 59 Kunstverstän-

1821 1236 173 72 digen
2066 1236 200 57 haben
2341 1247 174 60 sogar
2584 1234 358 58 Beethoven
3010 1255 133 37 zum
3213 1234 106 58 Pro-

1817 1326 433 71 grammusiker
2296 1327 292 71 gemacht.
2667 1326 176 58 Auch
2890 1327 93 58 die
3031 1326 322 59 Harmonie

1819 1424 77 53 ist
1940 1420 163 58 nicht
2153 1419 108 57 der
2304 1419 222 59 Zweck
2574 1419 106 59 der
2727 1418 221 59 Musik.
3031 1418 126 60 Das
3200 1419 115 57 Ton-

1818 1511 168 57 werk
2051 1514 77 54 ist
2197 1510 303 62 zwecklos
2567 1514 114 57 wie
2747 1509 165 72 jedes
2974 1510 382 58 Kunstwerk.

1815 1601 112 60 Die
1977 1601 506 73 Tonverbindung
2551 1623 99 36 um
2723 1602 106 58 des
2882 1601 470 72 Wohlgefallens

1816 1694 202 59 willen
2069 1698 79 54 ist
2195 1694 168 58 nicht
2412 1693 384 69 Kunstwerk,
2852 1693 259 60 sondern
3164 1693 151 58 Orna-

1816 1793 180 62 ment,
2038 1784 395 62 Dekoration,

1815 1888 101 57 Ich
1948 1888 266 61 brauche
2247 1911 118 38 von
2398 1889 383 60 Tonwerken
2816 1892 193 57 nichts
3045 1911 74 37 zu
3152 1902 200 59 sagen,

1818 1979 77 58 da
1970 1982 94 56 die
2137 1980 338 60 Tonwerke
2549 1982 195 59 Bachs
2797 1982 122 58 und
2970 1982 382 60 Beethovens

1816 2070 158 60 allen
2023 2071 643 75 Kunstverständigen,
2738 2074 146 60 aller
2937 2074 377 60 Kunstfremd-

1814 2163 124 59 heit
1972 2186 134 35 zum
2142 2164 180 58 Trotz
2356 2164 318 74 Eigentum
2709 2187 249 38 unseres
2993 2164 226 64 Volkes
3254 2180 66 58 ge-

1814 2254 248 61 worden
2098 2256 148 61 sind,
2315 2256 123 60 Das
2476 2257 176 69 Volk,
2692 2258 108 58 das
2833 2258 168 58 nicht
3035 2257 281 59 kunstver-

1816 2346 232 73 ständig
2089 2353 94 65 ist,
2223 2348 223 59 besitzt
2483 2349 170 62 diese
2694 2348 403 59 Kunstwerke
3141 2355 177 52 unmit-

1816 2437 196 59 telbar
2083 2439 161 57 kraft
2318 2444 198 55 seiner
2586 2445 317 55 intuitiven
2972 2440 379 60 Erkenntnis,

1815 2528 200 61 Durch
2070 2530 287 59 Intuition
2413 2532 255 60 erkennt
2724 2553 64 36 es
2843 2535 147 69 jetzt
3044 2533 153 56 auch
3256 2532 92 57 die

1815 2619 286 60 Künstler
2151 2621 177 70 Liszt,
2381 2622 329 72 Bruckner,
2765 2623 237 60 Mahler
3054 2623 120 58 und
3228 2623 123 72 gibt

1813 2711 263 60 Richard
2139 2714 263 72 Wagner
2463 2715 121 58 und
2647 2714 263 61 Richard
2973 2715 218 58 Strauß
3256 2715 93 57 die

1816 2804 269 72 Stellung
2127 2827 119 38 von
2286 2806 797 72 Unterhaltungsmusikern,
3126 2828 96 37 wo
3269 2810 82 54 sie

1816 2895 133 59 dem
2020 2896 382 60 Geschmack
2472 2898 106 60 des
3103 2897 247 72 Genüge

1818 2993 104 51 tun
1976 2988 258 59 können.
2326 2990 114 58 Die
2499 2991 310 57 Sinfonien
2863 3013 119 36 von
3035 2988 318 59 Herwarth

1814 3079 256 58 Waiden
2115 3081 129 60 sind
2289 3082 95 59 die
2429 3082 227 60 letzten
2697 3082 337 59 Tonwerke
3082 3081 105 58 der
3231 3081 80 57 Ge-

1814 3180 286 62 genwart.

1812 3406 111 58 Die
1962 3406 251 60 Dichter
2251 3408 132 62 sind,
2421 3408 99 60 die
2556 3406 468 60 Wortkünstler.
3065 3404 98 59 Sie
3202 3404 111 58 kün-

1814 3497 116 58 den
1968 3500 87 56 ihr
2092 3499 250 59 Gesicht
2380 3504 104 53 mit
2520 3500 380 58 Worttönen,
2973 3498 98 58 Sie
3108 3495 242 59 künden

1815 3594 95 53 ein
1945 3590 268 59 Gesicht.
2288 3591 99 58 Sie
2424 3591 281 60 erzählen
2741 3589 125 60 also
2902 3589 182 67 nicht,
3121 3592 86 53 sie
3246 3588 70 57 be-

1814 3682 319 59 schreiben
2183 3682 183 70 nicht,
2415 3688 87 54 sie
2551 3682 385 60 unterhalten
2981 3681 183 58 nicht.
3251 3679 96 58 Sie

1814 3772 131 59 sind
1989 3773 178 59 keine
2218 3774 453 61 Schriftsteller.
2756 3774 111 59 Die
2917 3771 433 61 Schriftsteller

1816 3864 133 58 sind
2001 3865 96 59 die
2148 3866 221 59 Feinde
2423 3869 107 57 der
2581 3867 268 58 Dichter.
2939 3865 111 60 Die
3103 3864 244 60 Dichter

1814 3954 169 60 lösen
2033 3979 110 37 uns
2191 3979 117 36 von
2359 3959 109 58 der
2515 3958 150 61 Zeit.
2749 3958 114 58 Die
2918 3954 432 62 Schriftsteller

1816 4048 313 60 schreiben
2175 4048 95 60 die
2316 4050 131 59 Zeit
2493 4052 93 57 ab.
2663 4051 125 57 Der
2829 4048 358 60 historische
3232 4047 79 58 Ro-

1814 4162 153 47 man,
2014 4141 106 58 der
2165 4142 223 59 soziale
2433 4142 250 70 Roman,
2731 4143 107 58 der
2885 4142 464 65 Lebensroman,

1814 4231 107 58 der
1971 4233 497 73 psychologische
2518 4235 235 59 Roman
2809 4233 311 59 erfordern
3175 4236 175 53 einen

1814 4324 223 71 großen
2117 4324 305 59 Aufwand
2501 4347 120 37 von
2698 4323 652 65 nichtkünstlerischen

1811 4414 410 73 Fähigkeiten.
2293 4417 170 59 Aber
2496 4419 180 57 keine
2712 4417 155 59 noch
2904 4439 66 36 so
3007 4414 181 74 große
3226 4412 81 58 An-

1815 4513 337 66 strengung,
2199 4507 177 59 keine
2424 4510 157 59 noch
2629 4530 65 39 so
2743 4508 264 62 ehrliche
3053 4505 260 60 Naturbe-

1816 4598 358 73 obachtung,
2230 4600 181 59 keine
2488 4599 486 60 Charakteristik
3050 4598 106 57 der
3211 4596 104 58 Per-

1816 4710 202 49 sonen,
2063 4690 178 58 keine
2286 4693 154 56 noch
2487 4714 66 37 so
2600 4690 237 74 fleißige
2884 4690 466 71 Beschäftigung

1813 4784 106 54 mit
1964 4782 134 58 dem
2142 4780 155 61 Stoff
2337 4783 252 59 machen
2633 4788 94 54 ein
2766 4781 382 61 Kunstwerk.
3229 4780 121 57 Das

1812 4870 366 61 Kunstwerk
2242 4875 232 61 wächst
2542 4876 152 58 ohne
2747 4875 423 72 Anstrengung
3242 4871 108 59 des

1812 4962 242 62 Geistes
2101 4964 146 60 oder
2288 4965 266 76 Körpers
2600 4989 106 37 aus
2755 4967 106 58 der
2901 4963 447 73 Leidensfähig*

1812 5055 126 58 keit
1986 5056 107 60 des
2142 5057 350 63 Menschen.
2580 5058 121 62 Der
2749 5058 300 74 gebildete
3096 5056 251 62 Schrift-
