2664 4155
1138 455 188 40 VARIA

2005 464 84 41 279

385 607 97 36 ques
506 597 194 37 semaines
729 597 38 37 la
787 597 104 37 Fille
915 598 49 36 du
989 597 210 50 Régiment
1221 599 20 34 à
1263 595 390 50 l'Opéra-Comique,
1673 597 109 37 vient
1801 596 122 37 d'être
1945 596 145 48 engagé

385 667 102 35 pour
507 657 97 35 trois
630 669 68 24 ans
722 659 20 34 à
762 668 42 25 ce
823 654 166 39 théâtre.

506 762 388 49 L'Opéra-Comique
921 774 47 25 va
995 765 79 33 très
1100 761 331 48 prochainement
1452 762 95 35 faire
1568 773 78 24 une
1667 762 144 46 reprise
1837 762 47 35 de
1904 762 184 50 Mignon,

384 820 165 37 chantée
568 834 69 34 par
658 821 297 36 mademoiselle
971 820 178 48 Chapuis
1169 828 38 27 et
1227 820 296 36 mademoiselle
1547 821 132 35 Priola
1698 820 204 48 (Philine),
1919 823 53 36 M.
1989 821 76 37 Lhé-

384 881 55 35 rie
460 881 216 45 (Wilhelm)
699 889 37 28 et
759 880 284 37 Melchissédec
1062 880 240 46 (Lothario).
1329 880 301 36 Mademoiselle
1667 881 123 36 Reine
1830 881 183 36 chantera
2048 882 37 35 le

383 940 99 47 petit
503 941 84 35 rôle
607 941 47 35 de
675 940 223 36 Frédérick.

428 1053 120 35 —M.
571 1052 54 35 du
642 1052 117 35 Locle
781 1063 120 36 pense
919 1051 105 37 aussi
1046 1055 21 33 à
1082 1063 77 25 une
1182 1052 146 47 reprise
1349 1053 67 35 des
1436 1052 125 36 Noces
1582 1051 47 36 de
1646 1050 154 51 Figaro
1806 1079 8 19 ,
1831 1063 102 36 pour
1956 1051 55 36 les
2028 1052 40 36 dé-

383 1110 91 36 buts
496 1110 47 36 de
564 1110 296 36 mademoiselle
881 1111 163 36 Breton.

504 1230 58 37 M.
585 1230 157 46 Comte,
759 1230 87 48 prix
867 1230 47 35 de
937 1231 140 46 Rome,
1096 1229 109 37 vient
1220 1230 47 36 de
1288 1229 95 37 faire
1398 1229 174 37 recevoir
1592 1232 21 33 à
1640 1229 370 49 l'Opéra-Comique
2032 1240 54 25 un

384 1300 170 36 ouvrage
570 1301 48 24 en
634 1301 54 24 un
708 1296 98 39 acte,
832 1289 157 36 intitulé
1011 1291 146 47 Beppo.

503 1415 415 50 Marie-Magdeleine
929 1445 7 17 ,
975 1415 35 36 le
1044 1416 136 35 drame
1219 1417 105 35 sacré
1354 1416 47 36 de
1434 1417 38 36 J.
1507 1416 220 46 Massenet,
1766 1426 85 25 sera
1881 1414 160 37 exécuté
2068 1417 20 32 à

385 1474 374 48 l'Opéra-Comique
789 1474 55 35 lés
877 1486 60 34 24,
962 1475 46 35 26
1037 1483 38 27 et
1111 1475 46 35 28
1189 1487 113 35 mars,
1330 1487 93 23 sous
1450 1476 36 34 la
1512 1474 196 36 direction
1728 1475 49 35 de
1813 1475 54 35 M.
1900 1474 189 35 Edouard

387 1534 203 39 Colonne.
613 1534 221 36 Mesdames
860 1534 195 37 Carvalho
1075 1542 37 28 et
1132 1534 166 45 Franck,
1328 1535 102 37 MM.
1464 1533 210 37 Duchesne
1695 1540 38 29 et
1766 1533 141 47 Bouhy
1930 1533 138 36 chante-

388 1601 93 28 ront
504 1594 56 35 les
586 1594 93 36 soli.

434 1712 190 37 Châtelet.
715 1714 56 36 M.
791 1714 237 45 Justament,
1048 1712 158 36 l'habile
1228 1711 137 37 maître
1384 1713 47 34 de
1459 1712 119 35 ballet
1616 1712 47 35 de
1699 1712 220 35 l'ancienne
1952 1713 138 34 Porte-

383 1773 290 45 Saint-Martin,
694 1772 107 36 vient
816 1773 121 35 d'être
959 1772 140 46 chargé
1118 1784 68 34 par
1215 1773 54 34 M.
1295 1773 169 35 Hostein
1480 1773 48 34 de
1548 1779 111 29 toute
1675 1772 35 35 la
1731 1771 124 48 partie
1877 1770 188 48 chorégra-

382 1831 151 46 phique
559 1831 160 36 relative
741 1834 21 33 à
783 1832 37 35 la
836 1831 111 36 Belle
968 1843 49 23 an
1042 1830 77 36 bois
1140 1830 182 37 dormant
1326 1860 9 17 ,
1359 1831 146 47 l'opéra
1526 1830 173 48 féerique
1723 1831 69 47 qui
1811 1831 208 36 succédera
2038 1843 50 22 au

383 1891 125 46 grand
524 1893 135 33 succès
679 1891 67 35 des
761 1890 147 36 Pilules
929 1890 48 35 du
999 1889 138 38 diable.

429 2001 436 49 Folies-Dramatiques
869 2032 7 8 .
973 2003 52 35 La
1045 2002 110 36 Belle
1176 2001 295 37 Bourbonnaise
1496 2013 156 37 passera
1688 2001 97 37 dans
1816 2003 35 35 la
1888 2000 195 49 première

387 2062 215 47 quinzaine
620 2062 152 36 d'avril.

430 2122 54 35 Le
498 2133 228 25 successeur
746 2123 47 35 de
816 2123 59 37 M.
900 2121 206 44 Thibault,
1130 2131 156 26 comme
1304 2119 93 37 chef
1409 2120 241 36 d'orchestre
1676 2132 76 24 aux
1776 2121 285 38 Folies-Drama-

385 2180 144 47 tiques,
552 2188 58 29 est
627 2182 174 35 nommé.
827 2182 104 35 C'est
953 2182 55 37 M.
1026 2180 166 47 Herpin,
1220 2181 144 35 second
1383 2179 91 36 chef
1483 2180 240 36 d'orchestre
1739 2181 47 35 de
1808 2180 249 42 l'Eldorado.

432 2300 188 36 Concerts
655 2300 194 35 Frascati.
958 2299 72 35 Dix
1062 2309 135 36 jeunes
1234 2298 250 44 chanteuses,
1524 2298 216 47 suédoises,
1782 2300 302 47 norvégiennes,

381 2370 131 24 russes
534 2366 37 28 et
592 2358 245 48 hongroises,
851 2366 97 28 vont
959 2357 329 48 prochainement
1302 2358 167 34 débuter
1486 2369 76 23 aux
1573 2364 181 29 concerts
1771 2358 183 36 Frascati.
1980 2359 106 36 Elles

381 2420 208 35 exécutent
607 2431 54 22 un
682 2418 216 47 répertoire
915 2418 105 35 varié
1042 2425 37 27 et
1101 2417 180 47 original,
1303 2429 92 23 sous
1413 2417 37 35 la
1465 2417 193 35 direction
1680 2417 94 35 d'un
1792 2417 268 49 Kapellemeis-

382 2484 69 30 ter.
467 2478 105 35 C'est
592 2478 47 35 de
659 2478 154 35 Vienne
830 2476 194 48 qu'arrive
1047 2483 101 29 cette
1168 2475 185 37 nouvelle
1369 2475 192 48 phalange
1581 2475 204 40 féminine.

591 2545 10 16 r

427 2603 135 35 —On
581 2613 181 25 annonce
788 2613 102 36 pour
908 2601 35 36 le
964 2601 211 36 dimanche
1210 2613 47 35 29
1280 2612 117 35 mars,
1418 2603 21 33 à
1460 2601 20 34 8
1503 2600 143 36 heures
1666 2601 54 35 du
1739 2601 95 47 soir,
1863 2613 50 25 au
1935 2601 149 49 Cirque

381 2663 67 35 des
465 2653 374 56 Champs-Élysées,
860 2673 54 23 un
933 2662 123 47 grand
1077 2667 173 39 concert,
1272 2672 94 24 sous
1387 2660 34 35 le
1448 2667 216 40 patronage
1686 2660 47 36 de
1756 2661 178 36 madame
1954 2662 36 35 la
2006 2674 53 24 ma-

381 2721 155 37 réchale
557 2721 47 35 de
634 2721 276 47 Mac-Mahon,
927 2733 48 23 au
1003 2720 118 48 profit
1142 2721 46 35 de
1208 2719 34 37 la
1265 2720 152 36 Société
1439 2721 46 34 de
1507 2721 247 46 prévoyance
1777 2728 37 28 et
1844 2721 47 35 de
1922 2732 159 25 secours

382 2780 172 36 mutuels
571 2781 66 34 des
654 2780 420 38 Alsaciens-Lorrains.
1100 2779 221 36 Mesdames
1334 2779 124 36 Marie
1481 2780 117 46 Roze,
1623 2780 457 48 Montigny-Remaury;

381 2840 35 36 le
437 2847 172 39 quatuor
628 2840 111 35 vocal
762 2839 167 47 parisien
952 2852 5 24 :
985 2841 54 33 M.
1065 2838 135 47 Nicot,
1226 2839 187 46 Henriot,
1437 2837 122 36 Solon
1580 2845 38 28 et
1639 2837 119 47 Graff,
1782 2849 93 24 sous
1895 2838 37 36 la
1951 2839 108 35 direc-

381 2899 86 35 tion
489 2899 46 34 de
572 2899 54 34 M.
661 2898 251 46 Heyberger;
937 2899 101 36 MM.
1069 2898 117 46 Loys,
1225 2895 175 47 Donjon,
1425 2897 178 43 Turban,
1625 2895 198 47 Triébert,
1858 2896 171 48 Garigue
2048 2906 37 27 et

383 2958 153 45 Dihau;
560 2955 228 37 l'orchestre
813 2956 149 45 Danbé,
992 2956 56 35 les
1068 2956 157 35 chœurs
1246 2956 47 35 de
1314 2956 35 35 la
1370 2954 153 37 Société
1547 2954 145 47 Chevé,
1716 2963 38 27 et
1775 2955 38 35 la
1839 2956 183 47 musique
2038 2957 47 35 de

380 3017 37 35 la
436 3016 126 36 Garde
585 3015 280 47 républicaine,
885 3027 91 23 sous
996 3015 35 35 la
1052 3014 195 36 direction
1269 3014 48 36 de
1345 3015 54 37 M.
1420 3013 211 47 Sellenick,
1655 3013 204 47 prêteront
1881 3015 86 37 leur
1989 3027 72 25 con-

381 3087 117 25 cours
515 3078 21 32 à
557 3082 101 29 cette
681 3085 134 24 œuvre
837 3073 240 48 patriotique
1094 3081 38 28 et
1150 3073 222 47 artistique.

430 3196 145 34 MILAN»
665 3193 54 35 La
740 3192 192 48 première
944 3191 313 49 représentation
1279 3191 61 35 d'l
1353 3191 174 45 Lituani,
1547 3191 52 35 du
1622 3198 170 29 maestro
1811 3192 237 47 Ponchielli,
2065 3195 20 34 à

381 3255 37 35 la
434 3254 111 36 Scala
566 3257 38 43 (7
628 3255 129 43 mars),
776 3261 103 27 avait
896 3252 114 35 attiré
1032 3264 54 23 un
1106 3251 135 48 public
1262 3252 211 47 empressé.

429 3313 62 35 On
512 3323 135 37 jugera
668 3312 53 34 du
743 3314 134 32 succès
896 3310 46 36 de
958 3310 164 36 l'œuvre
1138 3321 69 36 par
1225 3309 35 35 le
1281 3309 168 35 nombre
1470 3309 67 35 des
1568 3309 152 48 rappels
1744 3310 99 36 dont
1867 3311 169 35 l'auteur
2066 3323 20 23 a

383 3374 60 36 été
474 3371 133 47 l'objet
631 3382 7 25 :
670 3371 46 35 ils
740 3370 186 36 s'élèvent
945 3373 21 32 à
986 3370 278 46 vingt-quatre,
1296 3369 96 35 dont
1415 3376 138 39 quatre
1580 3372 111 44 après
1713 3370 251 46 l'ouverture,
1985 3370 103 35 deux
