<?xml version="1.0" encoding="UTF-8"?>
<alto xmlns:xsi="http://www.w3.org/2001/XMLSchema-instance" xmlns="http://www.loc.gov/standards/alto/ns-v2#" xsi:schemaLocation="http://www.loc.gov/standards/alto/ns-v2# http://www.loc.gov/standards/alto/alto-v2.0.xsd" xmlns:xlink="http://www.w3.org/1999/xlink">
	<Description>
		<MeasurementUnit>mm10</MeasurementUnit>
		<sourceImageInformation>
			<fileName>//fileserver7/IN2-2/Princeton/bmtnabj/1906/05/15_01/00000256.tif</fileName>
		</sourceImageInformation>
		<OCRProcessing ID="OCRPROCESSING_1">
			<preProcessingStep>
				<processingSoftware>
					<softwareCreator>CCS Content Conversion Specialists GmbH, Germany</softwareCreator>
					<softwareName>CCS docWorks</softwareName>
					<softwareVersion>6.7-1.20</softwareVersion>
				</processingSoftware>
			</preProcessingStep>
			<ocrProcessingStep>
				<processingSoftware>
					<softwareCreator>ABBYY (BIT Software), Russia</softwareCreator>
					<softwareName>FineReader</softwareName>
					<softwareVersion>10.0</softwareVersion>
				</processingSoftware>
			</ocrProcessingStep>
		</OCRProcessing>
	</Description>
	<Styles>
		<TextStyle ID="TXT_0" FONTSIZE="17" FONTFAMILY="Times New Roman"/>
		<TextStyle ID="TXT_1" FONTSIZE="10" FONTFAMILY="Times New Roman" FONTSTYLE="bold"/>
		<TextStyle ID="TXT_2" FONTSIZE="14" FONTFAMILY="Times New Roman"/>
		<TextStyle ID="TXT_3" FONTSIZE="14" FONTFAMILY="Times New Roman" FONTSTYLE="italics"/>
		<ParagraphStyle ID="PAR_LEFT" ALIGN="Left"/>
		<ParagraphStyle ID="PAR_CENTER" ALIGN="Center"/>
		<ParagraphStyle ID="PAR_BLOCK" ALIGN="Block"/>
	</Styles>
	<Layout>
		<Page ID="P18" PHYSICAL_IMG_NR="18" HEIGHT="4013" WIDTH="2336" PRINTED_IMG_NR="236" PC="0.930">
			<TopMargin ID="P18_TM00001" HPOS="0" VPOS="0" WIDTH="2336" HEIGHT="389">
				<TextBlock ID="P18_TB00001" HPOS="164" VPOS="331" WIDTH="82" HEIGHT="56" STYLEREFS="TXT_0 PAR_LEFT">
					<TextLine ID="P18_TL00001" HPOS="164" VPOS="331" WIDTH="82" HEIGHT="56">
						<String ID="P18_ST00001" HPOS="164" VPOS="331" WIDTH="82" HEIGHT="56" CONTENT="236" WC="1.00" CC="000"/>
					</TextLine>
				</TextBlock>
				<TextBlock ID="P18_TB00002" HPOS="783" VPOS="331" WIDTH="773" HEIGHT="42" STYLEREFS="TXT_1 PAR_CENTER">
					<TextLine ID="P18_TL00002" HPOS="783" VPOS="331" WIDTH="773" HEIGHT="42">
						<String ID="P18_ST00002" HPOS="783" VPOS="344" WIDTH="148" HEIGHT="29" CONTENT="COURS" WC="0.97" CC="51660"/>
						<SP ID="P18_SP00001" HPOS="931" VPOS="373" WIDTH="35"/>
						<String ID="P18_ST00003" HPOS="966" VPOS="342" WIDTH="59" HEIGHT="27" CONTENT="DU" WC="0.38" CC="65"/>
						<SP ID="P18_SP00002" HPOS="1025" VPOS="373" WIDTH="36"/>
						<String ID="P18_ST00004" HPOS="1061" VPOS="331" WIDTH="201" HEIGHT="38" CONTENT="COLLÈGE" WC="0.99" CC="0005400"/>
						<SP ID="P18_SP00003" HPOS="1262" VPOS="373" WIDTH="34"/>
						<String ID="P18_ST00005" HPOS="1296" VPOS="337" WIDTH="56" HEIGHT="26" CONTENT="DE" WC="0.47" CC="46"/>
						<SP ID="P18_SP00004" HPOS="1352" VPOS="373" WIDTH="33"/>
						<String ID="P18_ST00006" HPOS="1385" VPOS="332" WIDTH="171" HEIGHT="29" CONTENT="FRANCE" WC="0.98" CC="472004"/>
					</TextLine>
				</TextBlock>
			</TopMargin>
			<LeftMargin ID="P18_LM00001" HPOS="0" VPOS="389" WIDTH="159" HEIGHT="3311"/>
			<RightMargin ID="P18_RM00001" HPOS="2176" VPOS="389" WIDTH="160" HEIGHT="3311"/>
			<BottomMargin ID="P18_BM00001" HPOS="0" VPOS="3700" WIDTH="2336" HEIGHT="313"/>
			<PrintSpace ID="P18_PS00001" HPOS="159" VPOS="389" WIDTH="2017" HEIGHT="3311">
				<TextBlock ID="P18_TB00003" HPOS="159" VPOS="410" WIDTH="2017" HEIGHT="3290" STYLEREFS="TXT_2 PAR_BLOCK">
					<TextLine ID="P18_TL00003" HPOS="161" VPOS="415" WIDTH="2009" HEIGHT="76">
						<String ID="P18_ST00007" HPOS="161" VPOS="451" WIDTH="20" HEIGHT="26" CONTENT="«" WC="0.48" CC="5"/>
						<SP ID="P18_SP00005" HPOS="181" VPOS="477" WIDTH="26"/>
						<String ID="P18_ST00008" HPOS="207" VPOS="439" WIDTH="112" HEIGHT="52" CONTENT="style" WC="0.98" CC="06511"/>
						<SP ID="P18_SP00006" HPOS="319" VPOS="491" WIDTH="23"/>
						<String ID="P18_ST00009" HPOS="342" VPOS="438" WIDTH="239" HEIGHT="41" CONTENT="corinthien" WC="0.99" CC="6001470047" STYLEREFS="TXT_3"/>
						<String ID="P18_ST00010" HPOS="588" VPOS="469" WIDTH="7" HEIGHT="17" CONTENT="," WC="0.72" CC="2"/>
						<SP ID="P18_SP00007" HPOS="595" VPOS="491" WIDTH="29"/>
						<String ID="P18_ST00011" HPOS="624" VPOS="437" WIDTH="110" HEIGHT="52" CONTENT="style" WC="0.98" CC="05403"/>
						<SP ID="P18_SP00008" HPOS="734" VPOS="491" WIDTH="23"/>
						<String ID="P18_ST00012" HPOS="757" VPOS="433" WIDTH="177" HEIGHT="55" CONTENT="dorique" WC="0.99" CC="0260053" STYLEREFS="TXT_3"/>
						<String ID="P18_ST00013" HPOS="940" VPOS="465" WIDTH="8" HEIGHT="16" CONTENT="," WC="1.00" CC="0"/>
						<SP ID="P18_SP00009" HPOS="948" VPOS="491" WIDTH="25"/>
						<String ID="P18_ST00014" HPOS="973" VPOS="431" WIDTH="111" HEIGHT="53" CONTENT="style" WC="0.99" CC="00027"/>
						<SP ID="P18_SP00010" HPOS="1084" VPOS="491" WIDTH="21"/>
						<String ID="P18_ST00015" HPOS="1105" VPOS="430" WIDTH="171" HEIGHT="53" CONTENT="ionique" WC="0.99" CC="0003250" STYLEREFS="TXT_3"/>
						<SP ID="P18_SP00011" HPOS="1276" VPOS="491" WIDTH="26"/>
						<String ID="P18_ST00016" HPOS="1302" VPOS="440" WIDTH="38" HEIGHT="25" CONTENT="»." WC="0.59" CC="43"/>
						<SP ID="P18_SP00012" HPOS="1340" VPOS="491" WIDTH="25"/>
						<String ID="P18_ST00017" HPOS="1365" VPOS="424" WIDTH="116" HEIGHT="41" CONTENT="Mais" WC="0.99" CC="0103"/>
						<SP ID="P18_SP00013" HPOS="1481" VPOS="491" WIDTH="22"/>
						<String ID="P18_ST00018" HPOS="1503" VPOS="434" WIDTH="71" HEIGHT="27" CONTENT="ces" WC="1.00" CC="000"/>
						<SP ID="P18_SP00014" HPOS="1574" VPOS="491" WIDTH="21"/>
						<String ID="P18_ST00019" HPOS="1595" VPOS="418" WIDTH="153" HEIGHT="52" CONTENT="styles," WC="1.00" CC="0030004"/>
						<SP ID="P18_SP00015" HPOS="1748" VPOS="491" WIDTH="21"/>
						<String ID="P18_ST00020" HPOS="1769" VPOS="431" WIDTH="55" HEIGHT="26" CONTENT="au" WC="0.40" CC="74"/>
						<SP ID="P18_SP00016" HPOS="1824" VPOS="491" WIDTH="24"/>
						<String ID="P18_ST00021" HPOS="1848" VPOS="416" WIDTH="87" HEIGHT="40" CONTENT="lieu" WC="0.98" CC="0460"/>
						<SP ID="P18_SP00017" HPOS="1935" VPOS="491" WIDTH="24"/>
						<String ID="P18_ST00022" HPOS="1959" VPOS="415" WIDTH="25" HEIGHT="39" CONTENT="d" WC="0.32" CC="6"/>
						<SP ID="P18_SP00018" HPOS="1984" VPOS="491" WIDTH="20"/>
						<String ID="P18_ST00023" HPOS="2004" VPOS="419" WIDTH="90" HEIGHT="36" CONTENT="être" WC="0.95" CC="7264"/>
						<SP ID="P18_SP00019" HPOS="2094" VPOS="491" WIDTH="22"/>
						<String ID="P18_ST00024" HPOS="2116" VPOS="429" WIDTH="54" HEIGHT="27" CONTENT="en" WC="0.64" CC="07"/>
					</TextLine>
					<TextLine ID="P18_TL00004" HPOS="160" VPOS="486" WIDTH="2010" HEIGHT="62">
						<String ID="P18_ST00025" HPOS="160" VPOS="505" WIDTH="155" HEIGHT="43" CONTENT="faveur" WC="0.99" CC="220005"/>
						<SP ID="P18_SP00020" HPOS="315" VPOS="548" WIDTH="22"/>
						<String ID="P18_ST00026" HPOS="337" VPOS="508" WIDTH="103" HEIGHT="40" CONTENT="chez" WC="0.99" CC="0200"/>
						<SP ID="P18_SP00021" HPOS="440" VPOS="548" WIDTH="23"/>
						<String ID="P18_ST00027" HPOS="463" VPOS="520" WIDTH="82" HEIGHT="28" CONTENT="nos" WC="0.99" CC="300"/>
						<SP ID="P18_SP00022" HPOS="545" VPOS="548" WIDTH="18"/>
						<String ID="P18_ST00028" HPOS="563" VPOS="510" WIDTH="199" HEIGHT="36" CONTENT="ancêtres" WC="0.99" CC="06030000"/>
						<SP ID="P18_SP00023" HPOS="762" VPOS="548" WIDTH="24"/>
						<String ID="P18_ST00029" HPOS="786" VPOS="503" WIDTH="227" HEIGHT="45" CONTENT="lointains," WC="1.00" CC="0130501003"/>
						<SP ID="P18_SP00024" HPOS="1013" VPOS="548" WIDTH="25"/>
						<String ID="P18_ST00030" HPOS="1038" VPOS="501" WIDTH="112" HEIGHT="38" CONTENT="dans" WC="1.00" CC="0000"/>
						<SP ID="P18_SP00025" HPOS="1150" VPOS="548" WIDTH="40"/>
						<String ID="P18_ST00031" HPOS="1190" VPOS="498" WIDTH="63" HEIGHT="40" CONTENT="les" WC="1.00" CC="000"/>
						<SP ID="P18_SP00026" HPOS="1253" VPOS="548" WIDTH="35"/>
						<String ID="P18_ST00032" HPOS="1288" VPOS="494" WIDTH="215" HEIGHT="54" CONTENT="premiers" WC="1.00" CC="40012000"/>
						<SP ID="P18_SP00027" HPOS="1503" VPOS="548" WIDTH="25"/>
						<String ID="P18_ST00033" HPOS="1528" VPOS="487" WIDTH="155" HEIGHT="42" CONTENT="siècles" WC="0.99" CC="0370000"/>
						<SP ID="P18_SP00028" HPOS="1683" VPOS="548" WIDTH="23"/>
						<String ID="P18_ST00034" HPOS="1706" VPOS="486" WIDTH="59" HEIGHT="39" CONTENT="du" WC="0.64" CC="07"/>
						<SP ID="P18_SP00029" HPOS="1765" VPOS="548" WIDTH="25"/>
						<String ID="P18_ST00035" HPOS="1790" VPOS="497" WIDTH="162" HEIGHT="39" CONTENT="moyen" WC="0.97" CC="30708"/>
						<SP ID="P18_SP00030" HPOS="1952" VPOS="548" WIDTH="39"/>
						<String ID="P18_ST00036" HPOS="1991" VPOS="498" WIDTH="99" HEIGHT="35" CONTENT="âge," WC="0.96" CC="7703"/>
						<SP ID="P18_SP00031" HPOS="2090" VPOS="548" WIDTH="26"/>
						<String ID="P18_ST00037" HPOS="2116" VPOS="496" WIDTH="54" HEIGHT="27" CONTENT="ne" WC="1.00" CC="00"/>
					</TextLine>
					<TextLine ID="P18_TL00005" HPOS="161" VPOS="551" WIDTH="2009" HEIGHT="80">
						<String ID="P18_ST00038" HPOS="161" VPOS="574" WIDTH="109" HEIGHT="44" CONTENT="l'ont" WC="0.97" CC="63504"/>
						<SP ID="P18_SP00032" HPOS="270" VPOS="618" WIDTH="23"/>
						<String ID="P18_ST00039" HPOS="293" VPOS="581" WIDTH="67" HEIGHT="36" CONTENT="été" WC="0.92" CC="757"/>
						<SP ID="P18_SP00033" HPOS="360" VPOS="618" WIDTH="26"/>
						<String ID="P18_ST00040" HPOS="386" VPOS="590" WIDTH="86" HEIGHT="39" CONTENT="que" WC="0.98" CC="600"/>
						<SP ID="P18_SP00034" HPOS="472" VPOS="629" WIDTH="22"/>
						<String ID="P18_ST00041" HPOS="494" VPOS="590" WIDTH="76" HEIGHT="26" CONTENT="sur" WC="1.00" CC="000"/>
						<SP ID="P18_SP00035" HPOS="570" VPOS="629" WIDTH="37"/>
						<String ID="P18_ST00042" HPOS="607" VPOS="575" WIDTH="38" HEIGHT="40" CONTENT="le" WC="0.53" CC="45"/>
						<SP ID="P18_SP00036" HPOS="645" VPOS="629" WIDTH="25"/>
						<String ID="P18_ST00043" HPOS="670" VPOS="573" WIDTH="113" HEIGHT="47" CONTENT="tard," WC="0.99" CC="50003"/>
						<SP ID="P18_SP00037" HPOS="783" VPOS="629" WIDTH="31"/>
						<String ID="P18_ST00044" HPOS="814" VPOS="576" WIDTH="21" HEIGHT="36" CONTENT="à" WC="0.47" CC="5"/>
						<SP ID="P18_SP00038" HPOS="835" VPOS="629" WIDTH="22"/>
						<String ID="P18_ST00045" HPOS="857" VPOS="584" WIDTH="87" HEIGHT="27" CONTENT="une" WC="0.97" CC="060"/>
						<SP ID="P18_SP00039" HPOS="944" VPOS="629" WIDTH="23"/>
						<String ID="P18_ST00046" HPOS="967" VPOS="574" WIDTH="175" HEIGHT="47" CONTENT="époque" WC="0.99" CC="000630"/>
						<SP ID="P18_SP00040" HPOS="1142" VPOS="629" WIDTH="36"/>
						<String ID="P18_ST00047" HPOS="1178" VPOS="565" WIDTH="306" HEIGHT="40" CONTENT="relativement" WC="1.00" CC="000060740060"/>
						<SP ID="P18_SP00041" HPOS="1484" VPOS="629" WIDTH="26"/>
						<String ID="P18_ST00048" HPOS="1510" VPOS="562" WIDTH="188" HEIGHT="39" CONTENT="récente," WC="1.00" CC="00000003"/>
						<SP ID="P18_SP00042" HPOS="1698" VPOS="629" WIDTH="25"/>
						<String ID="P18_ST00049" HPOS="1723" VPOS="569" WIDTH="55" HEIGHT="25" CONTENT="au" WC="0.78" CC="04"/>
						<SP ID="P18_SP00043" HPOS="1778" VPOS="629" WIDTH="27"/>
						<String ID="P18_ST00050" HPOS="1805" VPOS="560" WIDTH="198" HEIGHT="33" CONTENT="moment" WC="0.99" CC="000046"/>
						<SP ID="P18_SP00044" HPOS="2003" VPOS="629" WIDTH="24"/>
						<String ID="P18_ST00051" HPOS="2027" VPOS="551" WIDTH="143" HEIGHT="80" CONTENT="ourles" WC="0.98" CC="058500"/>
					</TextLine>
					<TextLine ID="P18_TL00006" HPOS="159" VPOS="620" WIDTH="2012" HEIGHT="76">
						<String ID="P18_ST00052" HPOS="159" VPOS="645" WIDTH="150" HEIGHT="40" CONTENT="lettres" WC="1.00" CC="0050000"/>
						<SP ID="P18_SP00045" HPOS="309" VPOS="685" WIDTH="23"/>
						<String ID="P18_ST00053" HPOS="332" VPOS="654" WIDTH="41" HEIGHT="31" CONTENT="et" WC="0.70" CC="05"/>
						<SP ID="P18_SP00046" HPOS="373" VPOS="685" WIDTH="23"/>
						<String ID="P18_ST00054" HPOS="396" VPOS="645" WIDTH="62" HEIGHT="39" CONTENT="les" WC="0.99" CC="002"/>
						<SP ID="P18_SP00047" HPOS="458" VPOS="685" WIDTH="24"/>
						<String ID="P18_ST00055" HPOS="482" VPOS="652" WIDTH="89" HEIGHT="32" CONTENT="arts" WC="1.00" CC="0000"/>
						<SP ID="P18_SP00048" HPOS="571" VPOS="685" WIDTH="21"/>
						<String ID="P18_ST00056" HPOS="592" VPOS="644" WIDTH="179" HEIGHT="52" CONTENT="jetaient" WC="0.99" CC="00535000"/>
						<SP ID="P18_SP00049" HPOS="771" VPOS="696" WIDTH="24"/>
						<String ID="P18_ST00057" HPOS="795" VPOS="641" WIDTH="95" HEIGHT="39" CONTENT="leur" WC="0.98" CC="1160"/>
						<SP ID="P18_SP00050" HPOS="890" VPOS="696" WIDTH="23"/>
						<String ID="P18_ST00058" HPOS="913" VPOS="639" WIDTH="99" HEIGHT="50" CONTENT="plus" WC="1.00" CC="0000"/>
						<SP ID="P18_SP00051" HPOS="1012" VPOS="696" WIDTH="40"/>
						<String ID="P18_ST00059" HPOS="1052" VPOS="635" WIDTH="65" HEIGHT="41" CONTENT="vif" WC="0.99" CC="003"/>
						<SP ID="P18_SP00052" HPOS="1117" VPOS="696" WIDTH="19"/>
						<String ID="P18_ST00060" HPOS="1136" VPOS="634" WIDTH="112" HEIGHT="41" CONTENT="éclat" WC="1.00" CC="00000"/>
						<SP ID="P18_SP00053" HPOS="1248" VPOS="696" WIDTH="22"/>
						<String ID="P18_ST00061" HPOS="1270" VPOS="644" WIDTH="9" HEIGHT="38" CONTENT=";" WC="1.00" CC="0"/>
						<SP ID="P18_SP00054" HPOS="1279" VPOS="696" WIDTH="26"/>
						<String ID="P18_ST00062" HPOS="1305" VPOS="640" WIDTH="40" HEIGHT="31" CONTENT="et" WC="0.59" CC="25"/>
						<SP ID="P18_SP00055" HPOS="1345" VPOS="696" WIDTH="35"/>
						<String ID="P18_ST00063" HPOS="1380" VPOS="635" WIDTH="22" HEIGHT="35" CONTENT="à" WC="0.85" CC="1"/>
						<SP ID="P18_SP00056" HPOS="1402" VPOS="696" WIDTH="25"/>
						<String ID="P18_ST00064" HPOS="1427" VPOS="628" WIDTH="137" HEIGHT="53" CONTENT="partir" WC="1.00" CC="000030"/>
						<SP ID="P18_SP00057" HPOS="1564" VPOS="696" WIDTH="23"/>
						<String ID="P18_ST00065" HPOS="1587" VPOS="625" WIDTH="54" HEIGHT="39" CONTENT="de" WC="1.00" CC="00"/>
						<SP ID="P18_SP00058" HPOS="1641" VPOS="696" WIDTH="33"/>
						<String ID="P18_ST00066" HPOS="1674" VPOS="636" WIDTH="46" HEIGHT="27" CONTENT="ce" WC="1.00" CC="00"/>
						<SP ID="P18_SP00059" HPOS="1720" VPOS="696" WIDTH="40"/>
						<String ID="P18_ST00067" HPOS="1760" VPOS="630" WIDTH="198" HEIGHT="31" CONTENT="moment" WC="0.99" CC="000065"/>
						<SP ID="P18_SP00060" HPOS="1958" VPOS="696" WIDTH="24"/>
						<String ID="P18_ST00068" HPOS="1982" VPOS="620" WIDTH="53" HEIGHT="39" CONTENT="ils" WC="0.98" CC="600" STYLEREFS="TXT_3"/>
						<SP ID="P18_SP00061" HPOS="2035" VPOS="696" WIDTH="20"/>
						<String ID="P18_ST00069" HPOS="2055" VPOS="634" WIDTH="26" HEIGHT="24" CONTENT="n" WC="0.90" CC="0" STYLEREFS="TXT_3"/>
						<SP ID="P18_SP00062" HPOS="2081" VPOS="696" WIDTH="17"/>
						<String ID="P18_ST00070" HPOS="2098" VPOS="626" WIDTH="73" HEIGHT="33" CONTENT="ont" WC="0.95" CC="074" STYLEREFS="TXT_3"/>
					</TextLine>
					<TextLine ID="P18_TL00007" HPOS="160" VPOS="686" WIDTH="2007" HEIGHT="78">
						<String ID="P18_ST00071" HPOS="160" VPOS="713" WIDTH="154" HEIGHT="51" CONTENT="jamais" WC="0.98" CC="250703" STYLEREFS="TXT_3"/>
						<SP ID="P18_SP00063" HPOS="314" VPOS="764" WIDTH="22"/>
						<String ID="P18_ST00072" HPOS="336" VPOS="715" WIDTH="107" HEIGHT="37" CONTENT="cessé" WC="0.97" CC="50555" STYLEREFS="TXT_3"/>
						<String ID="P18_ST00073" HPOS="449" VPOS="743" WIDTH="10" HEIGHT="17" CONTENT="," WC="1.00" CC="0"/>
						<SP ID="P18_SP00064" HPOS="459" VPOS="764" WIDTH="35"/>
						<String ID="P18_ST00074" HPOS="494" VPOS="712" WIDTH="171" HEIGHT="50" CONTENT="malgré" WC="0.99" CC="000900"/>
						<SP ID="P18_SP00065" HPOS="665" VPOS="764" WIDTH="24"/>
						<String ID="P18_ST00075" HPOS="689" VPOS="709" WIDTH="216" HEIGHT="53" CONTENT="quelques" WC="0.99" CC="06010500"/>
						<SP ID="P18_SP00066" HPOS="905" VPOS="764" WIDTH="21"/>
						<String ID="P18_ST00076" HPOS="926" VPOS="706" WIDTH="185" HEIGHT="51" CONTENT="éclipses" WC="1.00" CC="00000000"/>
						<SP ID="P18_SP00067" HPOS="1111" VPOS="764" WIDTH="24"/>
						<String ID="P18_ST00077" HPOS="1135" VPOS="705" WIDTH="283" HEIGHT="50" CONTENT="passagères," WC="1.00" CC="00014080104"/>
						<SP ID="P18_SP00068" HPOS="1418" VPOS="764" WIDTH="26"/>
						<String ID="P18_ST00078" HPOS="1444" VPOS="696" WIDTH="53" HEIGHT="40" CONTENT="de" WC="1.00" CC="00"/>
						<SP ID="P18_SP00069" HPOS="1497" VPOS="764" WIDTH="22"/>
						<String ID="P18_ST00079" HPOS="1519" VPOS="692" WIDTH="152" HEIGHT="42" CONTENT="briller" WC="0.99" CC="0012060"/>
						<SP ID="P18_SP00070" HPOS="1671" VPOS="764" WIDTH="22"/>
						<String ID="P18_ST00080" HPOS="1693" VPOS="700" WIDTH="41" HEIGHT="32" CONTENT="et" WC="1.00" CC="00"/>
						<SP ID="P18_SP00071" HPOS="1734" VPOS="764" WIDTH="39"/>
						<String ID="P18_ST00081" HPOS="1773" VPOS="691" WIDTH="24" HEIGHT="39" CONTENT="d" WC="1.00" CC="0"/>
						<SP ID="P18_SP00072" HPOS="1797" VPOS="764" WIDTH="23"/>
						<String ID="P18_ST00082" HPOS="1820" VPOS="691" WIDTH="144" HEIGHT="39" CONTENT="attiier" WC="0.76" CC="0003507"/>
						<SP ID="P18_SP00073" HPOS="1964" VPOS="764" WIDTH="46"/>
						<String ID="P18_ST00083" HPOS="2010" VPOS="689" WIDTH="11" HEIGHT="38" CONTENT="1" WC="1.00" CC="0"/>
						<SP ID="P18_SP00074" HPOS="2021" VPOS="764" WIDTH="20"/>
						<String ID="P18_ST00084" HPOS="2041" VPOS="686" WIDTH="126" HEIGHT="42" CONTENT="effort" WC="0.99" CC="050006"/>
					</TextLine>
					<TextLine ID="P18_TL00008" HPOS="160" VPOS="758" WIDTH="2008" HEIGHT="66">
						<String ID="P18_ST00085" HPOS="160" VPOS="782" WIDTH="78" HEIGHT="40" CONTENT="des" WC="0.98" CC="032"/>
						<SP ID="P18_SP00075" HPOS="238" VPOS="822" WIDTH="36"/>
						<String ID="P18_ST00086" HPOS="274" VPOS="783" WIDTH="191" HEIGHT="39" CONTENT="artistes." WC="0.99" CC="004105012"/>
						<SP ID="P18_SP00076" HPOS="465" VPOS="822" WIDTH="41"/>
						<String ID="P18_ST00087" HPOS="506" VPOS="779" WIDTH="343" HEIGHT="40" CONTENT="L'architecture" WC="1.00" CC="50000140004000"/>
						<SP ID="P18_SP00077" HPOS="849" VPOS="822" WIDTH="23"/>
						<String ID="P18_ST00088" HPOS="872" VPOS="775" WIDTH="218" HEIGHT="49" CONTENT="française" WC="1.00" CC="001330300"/>
						<SP ID="P18_SP00078" HPOS="1090" VPOS="824" WIDTH="21"/>
						<String ID="P18_ST00089" HPOS="1111" VPOS="786" WIDTH="22" HEIGHT="26" CONTENT="a" WC="1.00" CC="0"/>
						<SP ID="P18_SP00079" HPOS="1133" VPOS="824" WIDTH="29"/>
						<String ID="P18_ST00090" HPOS="1162" VPOS="771" WIDTH="254" HEIGHT="40" CONTENT="commencé" WC="1.00" CC="00000007"/>
						<SP ID="P18_SP00080" HPOS="1416" VPOS="824" WIDTH="25"/>
						<String ID="P18_ST00091" HPOS="1441" VPOS="778" WIDTH="54" HEIGHT="26" CONTENT="en" WC="0.89" CC="20"/>
						<SP ID="P18_SP00081" HPOS="1495" VPOS="824" WIDTH="40"/>
						<String ID="P18_ST00092" HPOS="1535" VPOS="760" WIDTH="100" HEIGHT="42" CONTENT="effet" WC="1.00" CC="01000"/>
						<SP ID="P18_SP00082" HPOS="1635" VPOS="824" WIDTH="37"/>
						<String ID="P18_ST00093" HPOS="1672" VPOS="774" WIDTH="78" HEIGHT="38" CONTENT="par" WC="1.00" CC="000"/>
						<SP ID="P18_SP00083" HPOS="1750" VPOS="824" WIDTH="23"/>
						<String ID="P18_ST00094" HPOS="1773" VPOS="759" WIDTH="38" HEIGHT="40" CONTENT="le" WC="0.93" CC="10"/>
						<SP ID="P18_SP00084" HPOS="1811" VPOS="824" WIDTH="34"/>
						<String ID="P18_ST00095" HPOS="1845" VPOS="758" WIDTH="111" HEIGHT="53" CONTENT="style" WC="1.00" CC="00000"/>
						<SP ID="P18_SP00085" HPOS="1956" VPOS="824" WIDTH="24"/>
						<String ID="P18_ST00096" HPOS="1980" VPOS="770" WIDTH="157" HEIGHT="27" CONTENT="roman" WC="1.00" CC="00000"/>
						<SP ID="P18_SP00086" HPOS="2137" VPOS="824" WIDTH="22"/>
						<String ID="P18_ST00097" HPOS="2159" VPOS="787" WIDTH="9" HEIGHT="18" CONTENT="," WC="0.55" CC="4"/>
					</TextLine>
					<TextLine ID="P18_TL00009" HPOS="162" VPOS="826" WIDTH="2008" HEIGHT="75">
						<String ID="P18_ST00098" HPOS="162" VPOS="852" WIDTH="99" HEIGHT="49" CONTENT="puis" WC="0.99" CC="0400"/>
						<SP ID="P18_SP00087" HPOS="261" VPOS="901" WIDTH="16"/>
						<String ID="P18_ST00099" HPOS="277" VPOS="849" WIDTH="83" HEIGHT="40" CONTENT="elle" WC="0.99" CC="0220"/>
						<SP ID="P18_SP00088" HPOS="360" VPOS="901" WIDTH="23"/>
						<String ID="P18_ST00100" HPOS="383" VPOS="857" WIDTH="64" HEIGHT="32" CONTENT="est" WC="0.98" CC="004"/>
						<SP ID="P18_SP00089" HPOS="447" VPOS="901" WIDTH="23"/>
						<String ID="P18_ST00101" HPOS="470" VPOS="852" WIDTH="158" HEIGHT="48" CONTENT="passée" WC="0.99" CC="000060"/>
						<SP ID="P18_SP00090" HPOS="628" VPOS="901" WIDTH="25"/>
						<String ID="P18_ST00102" HPOS="653" VPOS="862" WIDTH="54" HEIGHT="25" CONTENT="au" WC="1.00" CC="00"/>
						<SP ID="P18_SP00091" HPOS="707" VPOS="901" WIDTH="25"/>
						<String ID="P18_ST00103" HPOS="732" VPOS="846" WIDTH="111" HEIGHT="52" CONTENT="style" WC="1.00" CC="00000"/>
						<SP ID="P18_SP00092" HPOS="843" VPOS="901" WIDTH="18"/>
						<String ID="P18_ST00104" HPOS="861" VPOS="844" WIDTH="217" HEIGHT="51" CONTENT="gothique" WC="0.99" CC="00104904"/>
						<SP ID="P18_SP00093" HPOS="1078" VPOS="901" WIDTH="19"/>
						<String ID="P18_ST00105" HPOS="1097" VPOS="854" WIDTH="58" HEIGHT="38" CONTENT="qu" WC="1.00" CC="00"/>
						<SP ID="P18_SP00094" HPOS="1155" VPOS="901" WIDTH="19"/>
						<String ID="P18_ST00106" HPOS="1174" VPOS="838" WIDTH="83" HEIGHT="41" CONTENT="elle" WC="1.00" CC="0000"/>
						<SP ID="P18_SP00095" HPOS="1257" VPOS="901" WIDTH="17"/>
						<String ID="P18_ST00107" HPOS="1274" VPOS="851" WIDTH="21" HEIGHT="24" CONTENT="a" WC="1.00" CC="0"/>
						<SP ID="P18_SP00096" HPOS="1295" VPOS="901" WIDTH="23"/>
						<String ID="P18_ST00108" HPOS="1318" VPOS="849" WIDTH="53" HEIGHT="26" CONTENT="eu" WC="1.00" CC="00"/>
						<SP ID="P18_SP00097" HPOS="1371" VPOS="901" WIDTH="23"/>
						<String ID="P18_ST00109" HPOS="1394" VPOS="834" WIDTH="38" HEIGHT="39" CONTENT="le" WC="1.00" CC="00"/>
						<SP ID="P18_SP00098" HPOS="1432" VPOS="901" WIDTH="19"/>
						<String ID="P18_ST00110" HPOS="1451" VPOS="830" WIDTH="143" HEIGHT="53" CONTENT="grand" WC="1.00" CC="00030"/>
						<SP ID="P18_SP00099" HPOS="1594" VPOS="901" WIDTH="28"/>
						<String ID="P18_ST00111" HPOS="1622" VPOS="830" WIDTH="156" HEIGHT="38" CONTENT="méiite" WC="0.88" CC="006000"/>
						<SP ID="P18_SP00100" HPOS="1778" VPOS="901" WIDTH="23"/>
						<String ID="P18_ST00112" HPOS="1801" VPOS="827" WIDTH="54" HEIGHT="40" CONTENT="de" WC="1.00" CC="00"/>
						<SP ID="P18_SP00101" HPOS="1855" VPOS="901" WIDTH="19"/>
						<String ID="P18_ST00113" HPOS="1874" VPOS="831" WIDTH="136" HEIGHT="43" CONTENT="créer," WC="0.99" CC="106004"/>
						<SP ID="P18_SP00102" HPOS="2010" VPOS="901" WIDTH="21"/>
						<String ID="P18_ST00114" HPOS="2031" VPOS="833" WIDTH="41" HEIGHT="32" CONTENT="et" WC="0.68" CC="06"/>
						<SP ID="P18_SP00103" HPOS="2072" VPOS="901" WIDTH="23"/>
						<String ID="P18_ST00115" HPOS="2095" VPOS="826" WIDTH="75" HEIGHT="50" CONTENT="qui" WC="0.95" CC="065"/>
					</TextLine>
					<TextLine ID="P18_TL00010" HPOS="159" VPOS="894" WIDTH="2012" HEIGHT="75">
						<String ID="P18_ST00116" HPOS="159" VPOS="922" WIDTH="73" HEIGHT="35" CONTENT="eût" WC="0.98" CC="040"/>
						<SP ID="P18_SP00104" HPOS="232" VPOS="957" WIDTH="23"/>
						<String ID="P18_ST00117" HPOS="255" VPOS="916" WIDTH="339" HEIGHT="53" CONTENT="profondément" WC="0.99" CC="020017080045"/>
						<SP ID="P18_SP00105" HPOS="594" VPOS="969" WIDTH="23"/>
						<String ID="P18_ST00118" HPOS="617" VPOS="919" WIDTH="163" HEIGHT="37" CONTENT="étonné" WC="0.99" CC="060008"/>
						<SP ID="P18_SP00106" HPOS="780" VPOS="969" WIDTH="21"/>
						<String ID="P18_ST00119" HPOS="801" VPOS="914" WIDTH="62" HEIGHT="39" CONTENT="les" WC="0.98" CC="500"/>
						<SP ID="P18_SP00107" HPOS="863" VPOS="969" WIDTH="44"/>
						<String ID="P18_ST00120" HPOS="907" VPOS="912" WIDTH="196" HEIGHT="40" CONTENT="anciens." WC="1.00" CC="00020033"/>
						<SP ID="P18_SP00108" HPOS="1103" VPOS="969" WIDTH="27"/>
						<String ID="P18_ST00121" HPOS="1130" VPOS="906" WIDTH="62" HEIGHT="41" CONTENT="Ce" WC="0.81" CC="03"/>
						<SP ID="P18_SP00109" HPOS="1192" VPOS="969" WIDTH="24"/>
						<String ID="P18_ST00122" HPOS="1216" VPOS="920" WIDTH="27" HEIGHT="25" CONTENT="n" WC="1.00" CC="0"/>
						<SP ID="P18_SP00110" HPOS="1243" VPOS="969" WIDTH="20"/>
						<String ID="P18_ST00123" HPOS="1263" VPOS="912" WIDTH="65" HEIGHT="33" CONTENT="est" WC="0.96" CC="305"/>
						<SP ID="P18_SP00111" HPOS="1328" VPOS="969" WIDTH="24"/>
						<String ID="P18_ST00124" HPOS="1352" VPOS="915" WIDTH="84" HEIGHT="40" CONTENT="que" WC="0.99" CC="030"/>
						<SP ID="P18_SP00112" HPOS="1436" VPOS="969" WIDTH="24"/>
						<String ID="P18_ST00125" HPOS="1460" VPOS="913" WIDTH="99" HEIGHT="27" CONTENT="vers" WC="1.00" CC="0000"/>
						<SP ID="P18_SP00113" HPOS="1559" VPOS="969" WIDTH="35"/>
						<String ID="P18_ST00126" HPOS="1594" VPOS="898" WIDTH="40" HEIGHT="40" CONTENT="la" WC="0.89" CC="20"/>
						<SP ID="P18_SP00114" HPOS="1634" VPOS="969" WIDTH="25"/>
						<String ID="P18_ST00127" HPOS="1659" VPOS="895" WIDTH="60" HEIGHT="42" CONTENT="fin" WC="0.91" CC="886"/>
						<SP ID="P18_SP00115" HPOS="1719" VPOS="969" WIDTH="23"/>
						<String ID="P18_ST00128" HPOS="1742" VPOS="896" WIDTH="57" HEIGHT="40" CONTENT="du" WC="1.00" CC="00"/>
						<SP ID="P18_SP00116" HPOS="1799" VPOS="969" WIDTH="24"/>
						<String ID="P18_ST00129" HPOS="1823" VPOS="910" WIDTH="52" HEIGHT="25" CONTENT="xv" WC="0.69" CC="60"/>
						<SP ID="P18_SP00117" HPOS="1875" VPOS="969" WIDTH="58"/>
						<String ID="P18_ST00130" HPOS="1933" VPOS="894" WIDTH="131" HEIGHT="40" CONTENT="siècle" WC="0.98" CC="148006"/>
						<SP ID="P18_SP00118" HPOS="2064" VPOS="969" WIDTH="22"/>
						<String ID="P18_ST00131" HPOS="2086" VPOS="906" WIDTH="85" HEIGHT="39" CONTENT="que" WC="1.00" CC="000"/>
					</TextLine>
					<TextLine ID="P18_TL00011" HPOS="160" VPOS="963" WIDTH="2006" HEIGHT="69">
						<String ID="P18_ST00132" HPOS="160" VPOS="986" WIDTH="63" HEIGHT="40" CONTENT="les" WC="0.99" CC="200"/>
						<SP ID="P18_SP00119" HPOS="223" VPOS="1026" WIDTH="23"/>
						<String ID="P18_ST00133" HPOS="246" VPOS="985" WIDTH="165" HEIGHT="42" CONTENT="formes" WC="0.99" CC="007060"/>
						<SP ID="P18_SP00120" HPOS="411" VPOS="1027" WIDTH="23"/>
						<String ID="P18_ST00134" HPOS="434" VPOS="986" WIDTH="53" HEIGHT="39" CONTENT="de" WC="1.00" CC="00"/>
						<SP ID="P18_SP00121" HPOS="487" VPOS="1027" WIDTH="20"/>
						<String ID="P18_ST00135" HPOS="507" VPOS="985" WIDTH="322" HEIGHT="40" CONTENT="l'architecture" WC="1.00" CC="02000060005000"/>
						<SP ID="P18_SP00122" HPOS="829" VPOS="1027" WIDTH="20"/>
						<String ID="P18_ST00136" HPOS="849" VPOS="992" WIDTH="193" HEIGHT="40" CONTENT="grecque" WC="1.00" CC="0000000"/>
						<SP ID="P18_SP00123" HPOS="1042" VPOS="1032" WIDTH="23"/>
						<String ID="P18_ST00137" HPOS="1065" VPOS="985" WIDTH="76" HEIGHT="33" CONTENT="ont" WC="0.97" CC="070"/>
						<SP ID="P18_SP00124" HPOS="1141" VPOS="1032" WIDTH="21"/>
						<String ID="P18_ST00138" HPOS="1162" VPOS="974" WIDTH="77" HEIGHT="41" CONTENT="fait" WC="0.99" CC="0042"/>
						<SP ID="P18_SP00125" HPOS="1239" VPOS="1032" WIDTH="23"/>
						<String ID="P18_ST00139" HPOS="1262" VPOS="974" WIDTH="97" HEIGHT="39" CONTENT="leur" WC="0.99" CC="0040"/>
						<SP ID="P18_SP00126" HPOS="1359" VPOS="1032" WIDTH="23"/>
						<String ID="P18_ST00140" HPOS="1382" VPOS="969" WIDTH="254" HEIGHT="54" CONTENT="apparition" WC="0.99" CC="0000065036"/>
						<SP ID="P18_SP00127" HPOS="1636" VPOS="1032" WIDTH="16"/>
						<String ID="P18_ST00141" HPOS="1652" VPOS="966" WIDTH="104" HEIGHT="40" CONTENT="chez" WC="1.00" CC="0002"/>
						<SP ID="P18_SP00128" HPOS="1756" VPOS="1032" WIDTH="21"/>
						<String ID="P18_ST00142" HPOS="1777" VPOS="978" WIDTH="113" HEIGHT="26" CONTENT="nous" WC="0.99" CC="0050"/>
						<SP ID="P18_SP00129" HPOS="1890" VPOS="1032" WIDTH="20"/>
						<String ID="P18_ST00143" HPOS="1910" VPOS="995" WIDTH="9" HEIGHT="17" CONTENT="," WC="0.55" CC="4"/>
						<SP ID="P18_SP00130" HPOS="1919" VPOS="1032" WIDTH="17"/>
						<String ID="P18_ST00144" HPOS="1936" VPOS="972" WIDTH="40" HEIGHT="32" CONTENT="et" WC="1.00" CC="00"/>
						<SP ID="P18_SP00131" HPOS="1976" VPOS="1032" WIDTH="18"/>
						<String ID="P18_ST00145" HPOS="1994" VPOS="963" WIDTH="172" HEIGHT="51" CONTENT="depuis," WC="1.00" CC="0000004"/>
					</TextLine>
					<TextLine ID="P18_TL00012" HPOS="162" VPOS="1031" WIDTH="2009" HEIGHT="76">
						<String ID="P18_ST00146" HPOS="162" VPOS="1068" WIDTH="57" HEIGHT="27" CONTENT="on" WC="0.70" CC="05"/>
						<SP ID="P18_SP00132" HPOS="219" VPOS="1095" WIDTH="20"/>
						<String ID="P18_ST00147" HPOS="239" VPOS="1069" WIDTH="55" HEIGHT="27" CONTENT="ne" WC="1.00" CC="00"/>
						<SP ID="P18_SP00133" HPOS="294" VPOS="1096" WIDTH="23"/>
						<String ID="P18_ST00148" HPOS="317" VPOS="1055" WIDTH="61" HEIGHT="40" CONTENT="les" WC="0.98" CC="400"/>
						<SP ID="P18_SP00134" HPOS="378" VPOS="1096" WIDTH="25"/>
						<String ID="P18_ST00149" HPOS="403" VPOS="1069" WIDTH="22" HEIGHT="25" CONTENT="a" WC="1.00" CC="0"/>
						<SP ID="P18_SP00135" HPOS="425" VPOS="1096" WIDTH="21"/>
						<String ID="P18_ST00150" HPOS="446" VPOS="1055" WIDTH="158" HEIGHT="52" CONTENT="jamais" WC="1.00" CC="000030"/>
						<SP ID="P18_SP00136" HPOS="604" VPOS="1107" WIDTH="22"/>
						<String ID="P18_ST00151" HPOS="626" VPOS="1052" WIDTH="335" HEIGHT="41" CONTENT="abandonnées." WC="1.00" CC="000000008004"/>
						<SP ID="P18_SP00137" HPOS="961" VPOS="1107" WIDTH="20"/>
						<String ID="P18_ST00152" HPOS="981" VPOS="1047" WIDTH="172" HEIGHT="40" CONTENT="Durant" WC="0.99" CC="250004"/>
						<SP ID="P18_SP00138" HPOS="1153" VPOS="1107" WIDTH="22"/>
						<String ID="P18_ST00153" HPOS="1175" VPOS="1044" WIDTH="39" HEIGHT="40" CONTENT="le" WC="0.86" CC="20"/>
						<SP ID="P18_SP00139" HPOS="1214" VPOS="1107" WIDTH="22"/>
						<String ID="P18_ST00154" HPOS="1236" VPOS="1057" WIDTH="68" HEIGHT="25" CONTENT="xix" WC="1.00" CC="000"/>
						<String ID="P18_ST00155" HPOS="1307" VPOS="1046" WIDTH="15" HEIGHT="17" CONTENT="e" STYLE="superscript" WC="0.55" CC="4"/>
						<SP ID="P18_SP00140" HPOS="1322" VPOS="1107" WIDTH="20"/>
						<String ID="P18_ST00156" HPOS="1342" VPOS="1039" WIDTH="130" HEIGHT="41" CONTENT="siècle" WC="0.98" CC="018006"/>
						<SP ID="P18_SP00141" HPOS="1472" VPOS="1107" WIDTH="24"/>
						<String ID="P18_ST00157" HPOS="1496" VPOS="1046" WIDTH="41" HEIGHT="31" CONTENT="et" WC="1.00" CC="00"/>
						<SP ID="P18_SP00142" HPOS="1537" VPOS="1107" WIDTH="24"/>
						<String ID="P18_ST00158" HPOS="1561" VPOS="1034" WIDTH="188" HEIGHT="53" CONTENT="aujourd" WC="0.85" CC="0400600"/>
						<SP ID="P18_SP00143" HPOS="1749" VPOS="1107" WIDTH="21"/>
						<String ID="P18_ST00159" HPOS="1770" VPOS="1034" WIDTH="75" HEIGHT="39" CONTENT="hui" WC="0.62" CC="056"/>
						<SP ID="P18_SP00144" HPOS="1845" VPOS="1107" WIDTH="24"/>
						<String ID="P18_ST00160" HPOS="1869" VPOS="1045" WIDTH="177" HEIGHT="35" CONTENT="encore," WC="1.00" CC="0000004"/>
						<SP ID="P18_SP00145" HPOS="2046" VPOS="1107" WIDTH="18"/>
						<String ID="P18_ST00161" HPOS="2064" VPOS="1031" WIDTH="107" HEIGHT="40" CONTENT="elles" WC="1.00" CC="00000"/>
					</TextLine>
					<TextLine ID="P18_TL00013" HPOS="163" VPOS="1100" WIDTH="2008" HEIGHT="76">
						<String ID="P18_ST00162" HPOS="163" VPOS="1125" WIDTH="307" HEIGHT="51" CONTENT="apparaissent" WC="1.00" CC="000050400000"/>
						<SP ID="P18_SP00146" HPOS="470" VPOS="1176" WIDTH="13"/>
						<String ID="P18_ST00163" HPOS="483" VPOS="1122" WIDTH="111" HEIGHT="40" CONTENT="dans" WC="1.00" CC="0000"/>
						<SP ID="P18_SP00147" HPOS="594" VPOS="1176" WIDTH="20"/>
						<String ID="P18_ST00164" HPOS="614" VPOS="1121" WIDTH="77" HEIGHT="40" CONTENT="des" WC="0.98" CC="050"/>
						<SP ID="P18_SP00148" HPOS="691" VPOS="1176" WIDTH="15"/>
						<String ID="P18_ST00165" HPOS="706" VPOS="1125" WIDTH="284" HEIGHT="35" CONTENT="monuments" WC="0.99" CC="030305050"/>
						<SP ID="P18_SP00149" HPOS="990" VPOS="1176" WIDTH="14"/>
						<String ID="P18_ST00166" HPOS="1004" VPOS="1121" WIDTH="57" HEIGHT="34" CONTENT="où" WC="0.60" CC="08"/>
						<SP ID="P18_SP00150" HPOS="1061" VPOS="1176" WIDTH="18"/>
						<String ID="P18_ST00167" HPOS="1079" VPOS="1114" WIDTH="8" HEIGHT="39" CONTENT="1" WC="1.00" CC="0"/>
						<SP ID="P18_SP00151" HPOS="1087" VPOS="1176" WIDTH="24"/>
						<String ID="P18_ST00168" HPOS="1111" VPOS="1126" WIDTH="57" HEIGHT="27" CONTENT="on" WC="0.97" CC="00"/>
						<SP ID="P18_SP00152" HPOS="1168" VPOS="1176" WIDTH="18"/>
						<String ID="P18_ST00169" HPOS="1186" VPOS="1125" WIDTH="19" HEIGHT="26" CONTENT="s" WC="1.00" CC="0"/>
						<SP ID="P18_SP00153" HPOS="1205" VPOS="1176" WIDTH="20"/>
						<String ID="P18_ST00170" HPOS="1225" VPOS="1108" WIDTH="238" HEIGHT="42" CONTENT="attendrait" WC="1.00" CC="0061000040"/>
						<SP ID="P18_SP00154" HPOS="1463" VPOS="1176" WIDTH="19"/>
						<String ID="P18_ST00171" HPOS="1482" VPOS="1110" WIDTH="21" HEIGHT="35" CONTENT="à" WC="0.56" CC="4"/>
						<SP ID="P18_SP00155" HPOS="1503" VPOS="1176" WIDTH="23"/>
						<String ID="P18_ST00172" HPOS="1526" VPOS="1106" WIDTH="88" HEIGHT="39" CONTENT="voit" WC="0.96" CC="7037"/>
						<SP ID="P18_SP00156" HPOS="1614" VPOS="1176" WIDTH="27"/>
						<String ID="P18_ST00173" HPOS="1641" VPOS="1108" WIDTH="160" HEIGHT="45" CONTENT="régner" WC="0.99" CC="070000"/>
						<SP ID="P18_SP00157" HPOS="1801" VPOS="1176" WIDTH="16"/>
						<String ID="P18_ST00174" HPOS="1817" VPOS="1115" WIDTH="88" HEIGHT="27" CONTENT="une" WC="0.98" CC="600"/>
						<SP ID="P18_SP00158" HPOS="1905" VPOS="1176" WIDTH="17"/>
						<String ID="P18_ST00175" HPOS="1922" VPOS="1100" WIDTH="249" HEIGHT="51" CONTENT="esthétique" WC="0.99" CC="0000853040"/>
					</TextLine>
					<TextLine ID="P18_TL00014" HPOS="164" VPOS="1168" WIDTH="2007" HEIGHT="67">
						<String ID="P18_ST00176" HPOS="164" VPOS="1201" WIDTH="120" HEIGHT="32" CONTENT="toute" WC="0.99" CC="10040"/>
						<SP ID="P18_SP00159" HPOS="284" VPOS="1233" WIDTH="31"/>
						<String ID="P18_ST00177" HPOS="315" VPOS="1191" WIDTH="222" HEIGHT="44" CONTENT="nouvelle," WC="1.00" CC="300000204"/>
						<SP ID="P18_SP00160" HPOS="537" VPOS="1235" WIDTH="37"/>
						<String ID="P18_ST00178" HPOS="574" VPOS="1191" WIDTH="113" HEIGHT="38" CONTENT="mais" WC="0.99" CC="0040"/>
						<SP ID="P18_SP00161" HPOS="687" VPOS="1235" WIDTH="25"/>
						<String ID="P18_ST00179" HPOS="712" VPOS="1194" WIDTH="55" HEIGHT="34" CONTENT="où" WC="0.60" CC="08"/>
						<SP ID="P18_SP00162" HPOS="767" VPOS="1235" WIDTH="44"/>
						<String ID="P18_ST00180" HPOS="811" VPOS="1186" WIDTH="106" HEIGHT="41" CONTENT="elles" WC="0.99" CC="00600"/>
						<SP ID="P18_SP00163" HPOS="917" VPOS="1235" WIDTH="34"/>
						<String ID="P18_ST00181" HPOS="951" VPOS="1184" WIDTH="208" HEIGHT="44" CONTENT="forment," WC="0.99" CC="01000554"/>
						<SP ID="P18_SP00164" HPOS="1159" VPOS="1235" WIDTH="37"/>
						<String ID="P18_ST00182" HPOS="1196" VPOS="1192" WIDTH="104" HEIGHT="28" CONTENT="avec" WC="0.99" CC="0003"/>
						<SP ID="P18_SP00165" HPOS="1300" VPOS="1235" WIDTH="42"/>
						<String ID="P18_ST00183" HPOS="1342" VPOS="1177" WIDTH="288" HEIGHT="52" CONTENT="persistance," WC="1.00" CC="000040000003"/>
						<SP ID="P18_SP00166" HPOS="1630" VPOS="1235" WIDTH="28"/>
						<String ID="P18_ST00184" HPOS="1658" VPOS="1173" WIDTH="40" HEIGHT="39" CONTENT="la" WC="0.79" CC="40"/>
						<SP ID="P18_SP00167" HPOS="1698" VPOS="1235" WIDTH="39"/>
						<String ID="P18_ST00185" HPOS="1737" VPOS="1171" WIDTH="107" HEIGHT="40" CONTENT="base" WC="0.99" CC="0300"/>
						<SP ID="P18_SP00168" HPOS="1844" VPOS="1235" WIDTH="37"/>
						<String ID="P18_ST00186" HPOS="1881" VPOS="1169" WIDTH="52" HEIGHT="40" CONTENT="de" WC="1.00" CC="00"/>
						<SP ID="P18_SP00169" HPOS="1933" VPOS="1235" WIDTH="44"/>
						<String ID="P18_ST00187" HPOS="1977" VPOS="1169" WIDTH="37" HEIGHT="39" CONTENT="la" WC="0.75" CC="50"/>
						<SP ID="P18_SP00170" HPOS="2014" VPOS="1235" WIDTH="26"/>
						<String ID="P18_ST00188" HPOS="2040" VPOS="1168" WIDTH="105" HEIGHT="40" CONTENT="déco" SUBS_TYPE="HypPart1" SUBS_CONTENT="décoration." WC="1.00" CC="0000"/>
						<HYP HPOS="2145" VPOS="1168" WIDTH="26" CONTENT="-"/>
					</TextLine>
					<TextLine ID="P18_TL00015" HPOS="165" VPOS="1236" WIDTH="2008" HEIGHT="65">
						<String ID="P18_ST00189" HPOS="165" VPOS="1263" WIDTH="161" HEIGHT="38" CONTENT="ration." SUBS_TYPE="HypPart2" SUBS_CONTENT="décoration." WC="0.99" CC="0044002"/>
						<SP ID="P18_SP00171" HPOS="326" VPOS="1301" WIDTH="37"/>
						<String ID="P18_ST00190" HPOS="363" VPOS="1258" WIDTH="48" HEIGHT="42" CONTENT="Si" WC="0.79" CC="04"/>
						<SP ID="P18_SP00172" HPOS="411" VPOS="1301" WIDTH="37"/>
						<String ID="P18_ST00191" HPOS="448" VPOS="1267" WIDTH="126" HEIGHT="32" CONTENT="notre" WC="0.99" CC="00600"/>
						<SP ID="P18_SP00173" HPOS="574" VPOS="1301" WIDTH="35"/>
						<String ID="P18_ST00192" HPOS="609" VPOS="1271" WIDTH="19" HEIGHT="23" CONTENT="«" WC="1.00" CC="0"/>
						<SP ID="P18_SP00174" HPOS="628" VPOS="1301" WIDTH="28"/>
						<String ID="P18_ST00193" HPOS="656" VPOS="1256" WIDTH="305" HEIGHT="41" CONTENT="Renaissance" WC="1.00" CC="42003000000"/>
						<SP ID="P18_SP00175" HPOS="961" VPOS="1301" WIDTH="38"/>
						<String ID="P18_ST00194" HPOS="999" VPOS="1265" WIDTH="19" HEIGHT="24" CONTENT="»" WC="0.55" CC="4"/>
						<SP ID="P18_SP00176" HPOS="1018" VPOS="1301" WIDTH="47"/>
						<String ID="P18_ST00195" HPOS="1065" VPOS="1265" WIDTH="55" HEIGHT="25" CONTENT="au" WC="0.84" CC="03"/>
						<SP ID="P18_SP00177" HPOS="1120" VPOS="1301" WIDTH="38"/>
						<String ID="P18_ST00196" HPOS="1158" VPOS="1263" WIDTH="71" HEIGHT="25" CONTENT="xvi" WC="0.84" CC="004"/>
						<String ID="P18_ST00197" HPOS="1232" VPOS="1253" WIDTH="15" HEIGHT="16" CONTENT="e" STYLE="superscript" WC="0.63" CC="3"/>
						<SP ID="P18_SP00178" HPOS="1247" VPOS="1301" WIDTH="34"/>
						<String ID="P18_ST00198" HPOS="1281" VPOS="1246" WIDTH="132" HEIGHT="41" CONTENT="siècle" WC="0.99" CC="017010"/>
						<SP ID="P18_SP00179" HPOS="1413" VPOS="1301" WIDTH="40"/>
						<String ID="P18_ST00199" HPOS="1453" VPOS="1258" WIDTH="21" HEIGHT="25" CONTENT="a" WC="1.00" CC="0"/>
						<SP ID="P18_SP00180" HPOS="1474" VPOS="1301" WIDTH="38"/>
						<String ID="P18_ST00200" HPOS="1512" VPOS="1246" WIDTH="68" HEIGHT="36" CONTENT="été" WC="0.93" CC="756"/>
						<SP ID="P18_SP00181" HPOS="1580" VPOS="1301" WIDTH="22"/>
						<String ID="P18_ST00201" HPOS="1602" VPOS="1241" WIDTH="305" HEIGHT="45" CONTENT="caractérisée," WC="1.00" CC="0501060403004"/>
						<SP ID="P18_SP00182" HPOS="1907" VPOS="1301" WIDTH="34"/>
						<String ID="P18_ST00202" HPOS="1941" VPOS="1251" WIDTH="54" HEIGHT="26" CONTENT="en" WC="0.76" CC="04"/>
						<SP ID="P18_SP00183" HPOS="1995" VPOS="1301" WIDTH="34"/>
						<String ID="P18_ST00203" HPOS="2029" VPOS="1236" WIDTH="120" HEIGHT="41" CONTENT="archi" SUBS_TYPE="HypPart1" SUBS_CONTENT="architecture," WC="1.00" CC="00003"/>
						<HYP HPOS="2149" VPOS="1236" WIDTH="24" CONTENT="-"/>
					</TextLine>
					<TextLine ID="P18_TL00016" HPOS="167" VPOS="1305" WIDTH="2002" HEIGHT="75">
						<String ID="P18_ST00204" HPOS="167" VPOS="1338" WIDTH="179" HEIGHT="39" CONTENT="tecture," SUBS_TYPE="HypPart2" SUBS_CONTENT="architecture," WC="0.99" CC="30434002"/>
						<SP ID="P18_SP00184" HPOS="346" VPOS="1377" WIDTH="27"/>
						<String ID="P18_ST00205" HPOS="373" VPOS="1341" WIDTH="78" HEIGHT="39" CONTENT="par" WC="1.00" CC="000"/>
						<SP ID="P18_SP00185" HPOS="451" VPOS="1380" WIDTH="39"/>
						<String ID="P18_ST00206" HPOS="490" VPOS="1326" WIDTH="39" HEIGHT="40" CONTENT="le" WC="0.98" CC="00"/>
						<SP ID="P18_SP00186" HPOS="529" VPOS="1380" WIDTH="24"/>
						<String ID="P18_ST00207" HPOS="553" VPOS="1334" WIDTH="151" HEIGHT="32" CONTENT="retour" WC="1.00" CC="005000"/>
						<SP ID="P18_SP00187" HPOS="704" VPOS="1380" WIDTH="18"/>
						<String ID="P18_ST00208" HPOS="722" VPOS="1324" WIDTH="78" HEIGHT="40" CONTENT="des" WC="1.00" CC="010"/>
						<SP ID="P18_SP00188" HPOS="800" VPOS="1380" WIDTH="38"/>
						<String ID="P18_ST00209" HPOS="838" VPOS="1322" WIDTH="166" HEIGHT="41" CONTENT="formes" WC="1.00" CC="000050"/>
						<SP ID="P18_SP00189" HPOS="1004" VPOS="1380" WIDTH="37"/>
						<String ID="P18_ST00210" HPOS="1041" VPOS="1329" WIDTH="233" HEIGHT="41" CONTENT="grecques," WC="1.00" CC="000000500"/>
						<SP ID="P18_SP00190" HPOS="1274" VPOS="1380" WIDTH="38"/>
						<String ID="P18_ST00211" HPOS="1312" VPOS="1327" WIDTH="57" HEIGHT="28" CONTENT="on" WC="0.69" CC="06"/>
						<SP ID="P18_SP00191" HPOS="1369" VPOS="1380" WIDTH="37"/>
						<String ID="P18_ST00212" HPOS="1406" VPOS="1320" WIDTH="103" HEIGHT="45" CONTENT="peut" WC="0.97" CC="0534"/>
						<SP ID="P18_SP00192" HPOS="1509" VPOS="1380" WIDTH="23"/>
						<String ID="P18_ST00213" HPOS="1532" VPOS="1311" WIDTH="93" HEIGHT="39" CONTENT="dire" WC="1.00" CC="0200"/>
						<SP ID="P18_SP00193" HPOS="1625" VPOS="1380" WIDTH="38"/>
						<String ID="P18_ST00214" HPOS="1663" VPOS="1322" WIDTH="85" HEIGHT="40" CONTENT="que" WC="0.98" CC="006"/>
						<SP ID="P18_SP00194" HPOS="1748" VPOS="1380" WIDTH="27"/>
						<String ID="P18_ST00215" HPOS="1775" VPOS="1308" WIDTH="40" HEIGHT="40" CONTENT="la" WC="0.86" CC="20"/>
						<SP ID="P18_SP00195" HPOS="1815" VPOS="1380" WIDTH="24"/>
						<String ID="P18_ST00216" HPOS="1839" VPOS="1306" WIDTH="181" HEIGHT="53" CONTENT="période" WC="0.99" CC="0703000"/>
						<SP ID="P18_SP00196" HPOS="2020" VPOS="1380" WIDTH="33"/>
						<String ID="P18_ST00217" HPOS="2053" VPOS="1306" WIDTH="54" HEIGHT="39" CONTENT="de" WC="0.93" CC="01"/>
						<SP ID="P18_SP00197" HPOS="2107" VPOS="1380" WIDTH="24"/>
						<String ID="P18_ST00218" HPOS="2131" VPOS="1305" WIDTH="38" HEIGHT="39" CONTENT="la" WC="0.70" CC="50"/>
					</TextLine>
					<TextLine ID="P18_TL00017" HPOS="167" VPOS="1374" WIDTH="2005" HEIGHT="71">
						<String ID="P18_ST00219" HPOS="167" VPOS="1397" WIDTH="303" HEIGHT="41" CONTENT="Renaissance" WC="1.00" CC="50700000700"/>
						<SP ID="P18_SP00198" HPOS="470" VPOS="1438" WIDTH="23"/>
						<String ID="P18_ST00220" HPOS="493" VPOS="1409" WIDTH="27" HEIGHT="25" CONTENT="n" WC="1.00" CC="0"/>
						<SP ID="P18_SP00199" HPOS="520" VPOS="1438" WIDTH="19"/>
						<String ID="P18_ST00221" HPOS="539" VPOS="1402" WIDTH="65" HEIGHT="32" CONTENT="est" WC="0.97" CC="701"/>
						<SP ID="P18_SP00200" HPOS="604" VPOS="1438" WIDTH="20"/>
						<String ID="P18_ST00222" HPOS="624" VPOS="1406" WIDTH="80" HEIGHT="39" CONTENT="pas" WC="0.97" CC="070"/>
						<SP ID="P18_SP00201" HPOS="704" VPOS="1445" WIDTH="32"/>
						<String ID="P18_ST00223" HPOS="736" VPOS="1404" WIDTH="157" HEIGHT="28" CONTENT="encore" WC="1.00" CC="002000"/>
						<SP ID="P18_SP00202" HPOS="893" VPOS="1445" WIDTH="22"/>
						<String ID="P18_ST00224" HPOS="915" VPOS="1390" WIDTH="133" HEIGHT="40" CONTENT="close." WC="0.99" CC="010070"/>
						<SP ID="P18_SP00203" HPOS="1048" VPOS="1445" WIDTH="26"/>
						<String ID="P18_ST00225" HPOS="1074" VPOS="1387" WIDTH="35" HEIGHT="40" CONTENT="L" WC="1.00" CC="9"/>
						<SP ID="P18_SP00204" HPOS="1109" VPOS="1445" WIDTH="20"/>
						<String ID="P18_ST00226" HPOS="1129" VPOS="1385" WIDTH="164" HEIGHT="53" CONTENT="Opéra," WC="0.98" CC="308004"/>
						<SP ID="P18_SP00205" HPOS="1293" VPOS="1445" WIDTH="23"/>
						<String ID="P18_ST00227" HPOS="1316" VPOS="1383" WIDTH="54" HEIGHT="40" CONTENT="de" WC="1.00" CC="00"/>
						<SP ID="P18_SP00206" HPOS="1370" VPOS="1445" WIDTH="37"/>
						<String ID="P18_ST00228" HPOS="1407" VPOS="1380" WIDTH="204" HEIGHT="47" CONTENT="Garnier," WC="0.86" CC="00000703"/>
						<SP ID="P18_SP00207" HPOS="1611" VPOS="1445" WIDTH="26"/>
						<String ID="P18_ST00229" HPOS="1637" VPOS="1387" WIDTH="66" HEIGHT="31" CONTENT="est" WC="0.99" CC="010"/>
						<SP ID="P18_SP00208" HPOS="1703" VPOS="1445" WIDTH="33"/>
						<String ID="P18_ST00230" HPOS="1736" VPOS="1392" WIDTH="60" HEIGHT="26" CONTENT="un" WC="0.80" CC="40"/>
						<SP ID="P18_SP00209" HPOS="1796" VPOS="1445" WIDTH="24"/>
						<String ID="P18_ST00231" HPOS="1820" VPOS="1382" WIDTH="265" HEIGHT="34" CONTENT="monument" WC="1.00" CC="00020000"/>
						<SP ID="P18_SP00210" HPOS="2085" VPOS="1445" WIDTH="34"/>
						<String ID="P18_ST00232" HPOS="2119" VPOS="1374" WIDTH="53" HEIGHT="39" CONTENT="de" WC="1.00" CC="00"/>
					</TextLine>
					<TextLine ID="P18_TL00018" HPOS="167" VPOS="1444" WIDTH="2006" HEIGHT="69">
						<String ID="P18_ST00233" HPOS="167" VPOS="1466" WIDTH="40" HEIGHT="40" CONTENT="la" WC="0.91" CC="10"/>
						<SP ID="P18_SP00211" HPOS="207" VPOS="1506" WIDTH="26"/>
						<String ID="P18_ST00234" HPOS="233" VPOS="1465" WIDTH="303" HEIGHT="40" CONTENT="Renaissance" WC="1.00" CC="00700070000"/>
						<SP ID="P18_SP00212" HPOS="536" VPOS="1506" WIDTH="23"/>
						<String ID="P18_ST00235" HPOS="559" VPOS="1474" WIDTH="9" HEIGHT="38" CONTENT=";" WC="0.13" CC="8"/>
						<SP ID="P18_SP00213" HPOS="568" VPOS="1512" WIDTH="32"/>
						<String ID="P18_ST00236" HPOS="600" VPOS="1475" WIDTH="58" HEIGHT="26" CONTENT="on" WC="1.00" CC="00"/>
						<SP ID="P18_SP00214" HPOS="658" VPOS="1512" WIDTH="22"/>
						<String ID="P18_ST00237" HPOS="680" VPOS="1469" WIDTH="104" HEIGHT="44" CONTENT="peut" WC="0.98" CC="0061"/>
						<SP ID="P18_SP00215" HPOS="784" VPOS="1513" WIDTH="34"/>
						<String ID="P18_ST00238" HPOS="818" VPOS="1473" WIDTH="54" HEIGHT="27" CONTENT="en" WC="0.25" CC="77"/>
						<SP ID="P18_SP00216" HPOS="872" VPOS="1513" WIDTH="21"/>
						<String ID="P18_ST00239" HPOS="893" VPOS="1457" WIDTH="193" HEIGHT="41" CONTENT="affirmer" WC="1.00" CC="00000000"/>
						<SP ID="P18_SP00217" HPOS="1086" VPOS="1513" WIDTH="36"/>
						<String ID="P18_ST00240" HPOS="1122" VPOS="1461" WIDTH="154" HEIGHT="33" CONTENT="autant" WC="0.98" CC="006606"/>
						<SP ID="P18_SP00218" HPOS="1276" VPOS="1513" WIDTH="36"/>
						<String ID="P18_ST00241" HPOS="1312" VPOS="1452" WIDTH="57" HEIGHT="39" CONTENT="du" WC="0.89" CC="02"/>
						<SP ID="P18_SP00219" HPOS="1369" VPOS="1513" WIDTH="34"/>
						<String ID="P18_ST00242" HPOS="1403" VPOS="1449" WIDTH="233" HEIGHT="40" CONTENT="Ministèie" WC="0.68" CC="025000847"/>
						<SP ID="P18_SP00220" HPOS="1636" VPOS="1513" WIDTH="35"/>
						<String ID="P18_ST00243" HPOS="1671" VPOS="1447" WIDTH="54" HEIGHT="39" CONTENT="de" WC="0.63" CC="07"/>
						<SP ID="P18_SP00221" HPOS="1725" VPOS="1513" WIDTH="24"/>
						<String ID="P18_ST00244" HPOS="1749" VPOS="1446" WIDTH="10" HEIGHT="40" CONTENT="1" WC="1.00" CC="0"/>
						<SP ID="P18_SP00222" HPOS="1759" VPOS="1513" WIDTH="22"/>
						<String ID="P18_ST00245" HPOS="1781" VPOS="1444" WIDTH="272" HEIGHT="50" CONTENT="agriculture" WC="1.00" CC="60020000000"/>
						<SP ID="P18_SP00223" HPOS="2053" VPOS="1513" WIDTH="40"/>
						<String ID="P18_ST00246" HPOS="2093" VPOS="1456" WIDTH="80" HEIGHT="38" CONTENT="par" WC="1.00" CC="000"/>
					</TextLine>
					<TextLine ID="P18_TL00019" HPOS="167" VPOS="1510" WIDTH="2006" HEIGHT="71">
						<String ID="P18_ST00247" HPOS="167" VPOS="1533" WIDTH="164" HEIGHT="48" CONTENT="Brune," WC="0.99" CC="000404"/>
						<SP ID="P18_SP00224" HPOS="331" VPOS="1581" WIDTH="21"/>
						<String ID="P18_ST00248" HPOS="352" VPOS="1533" WIDTH="53" HEIGHT="40" CONTENT="de" WC="1.00" CC="00"/>
						<SP ID="P18_SP00225" HPOS="405" VPOS="1581" WIDTH="23"/>
						<String ID="P18_ST00249" HPOS="428" VPOS="1533" WIDTH="39" HEIGHT="39" CONTENT="la" WC="0.85" CC="02"/>
						<SP ID="P18_SP00226" HPOS="467" VPOS="1581" WIDTH="27"/>
						<String ID="P18_ST00250" HPOS="494" VPOS="1531" WIDTH="110" HEIGHT="40" CONTENT="salle" WC="0.99" CC="00140"/>
						<SP ID="P18_SP00227" HPOS="604" VPOS="1581" WIDTH="21"/>
						<String ID="P18_ST00251" HPOS="625" VPOS="1530" WIDTH="78" HEIGHT="39" CONTENT="des" WC="1.00" CC="000"/>
						<SP ID="P18_SP00228" HPOS="703" VPOS="1581" WIDTH="38"/>
						<String ID="P18_ST00252" HPOS="741" VPOS="1541" WIDTH="80" HEIGHT="40" CONTENT="pas" WC="1.00" CC="000"/>
						<SP ID="P18_SP00229" HPOS="821" VPOS="1581" WIDTH="24"/>
						<String ID="P18_ST00253" HPOS="845" VPOS="1526" WIDTH="164" HEIGHT="54" CONTENT="perdus" WC="1.00" CC="000040"/>
						<SP ID="P18_SP00230" HPOS="1009" VPOS="1581" WIDTH="42"/>
						<String ID="P18_ST00254" HPOS="1051" VPOS="1539" WIDTH="56" HEIGHT="25" CONTENT="au" WC="1.00" CC="00"/>
						<SP ID="P18_SP00231" HPOS="1107" VPOS="1581" WIDTH="24"/>
						<String ID="P18_ST00255" HPOS="1131" VPOS="1522" WIDTH="151" HEIGHT="41" CONTENT="Palais" WC="1.00" CC="003020"/>
						<SP ID="P18_SP00232" HPOS="1282" VPOS="1581" WIDTH="40"/>
						<String ID="P18_ST00256" HPOS="1322" VPOS="1520" WIDTH="53" HEIGHT="40" CONTENT="de" WC="1.00" CC="00"/>
						<SP ID="P18_SP00233" HPOS="1375" VPOS="1581" WIDTH="36"/>
						<String ID="P18_ST00257" HPOS="1411" VPOS="1518" WIDTH="167" HEIGHT="55" CONTENT="Justice" WC="1.00" CC="1005000"/>
						<SP ID="P18_SP00234" HPOS="1578" VPOS="1581" WIDTH="19"/>
						<String ID="P18_ST00258" HPOS="1597" VPOS="1530" WIDTH="80" HEIGHT="38" CONTENT="par" WC="1.00" CC="000"/>
						<SP ID="P18_SP00235" HPOS="1677" VPOS="1581" WIDTH="16"/>
						<String ID="P18_ST00259" HPOS="1693" VPOS="1514" WIDTH="112" HEIGHT="48" CONTENT="Duc," WC="0.98" CC="1043"/>
						<SP ID="P18_SP00236" HPOS="1805" VPOS="1581" WIDTH="21"/>
						<String ID="P18_ST00260" HPOS="1826" VPOS="1514" WIDTH="55" HEIGHT="39" CONTENT="de" WC="1.00" CC="00"/>
						<SP ID="P18_SP00237" HPOS="1881" VPOS="1581" WIDTH="24"/>
						<String ID="P18_ST00261" HPOS="1905" VPOS="1513" WIDTH="39" HEIGHT="39" CONTENT="la" WC="0.95" CC="00"/>
						<SP ID="P18_SP00238" HPOS="1944" VPOS="1581" WIDTH="43"/>
						<String ID="P18_ST00262" HPOS="1987" VPOS="1511" WIDTH="109" HEIGHT="40" CONTENT="salle" WC="1.00" CC="10000"/>
						<SP ID="P18_SP00239" HPOS="2096" VPOS="1581" WIDTH="23"/>
						<String ID="P18_ST00263" HPOS="2119" VPOS="1510" WIDTH="54" HEIGHT="40" CONTENT="de" WC="1.00" CC="00"/>
					</TextLine>
					<TextLine ID="P18_TL00020" HPOS="166" VPOS="1579" WIDTH="2006" HEIGHT="69">
						<String ID="P18_ST00264" HPOS="166" VPOS="1602" WIDTH="162" HEIGHT="40" CONTENT="lecture" WC="1.00" CC="3004000"/>
						<SP ID="P18_SP00240" HPOS="328" VPOS="1642" WIDTH="36"/>
						<String ID="P18_ST00265" HPOS="364" VPOS="1601" WIDTH="54" HEIGHT="39" CONTENT="de" WC="1.00" CC="00"/>
						<SP ID="P18_SP00241" HPOS="418" VPOS="1642" WIDTH="31"/>
						<String ID="P18_ST00266" HPOS="449" VPOS="1600" WIDTH="38" HEIGHT="39" CONTENT="la" WC="0.81" CC="30"/>
						<SP ID="P18_SP00242" HPOS="487" VPOS="1642" WIDTH="41"/>
						<String ID="P18_ST00267" HPOS="528" VPOS="1597" WIDTH="318" HEIGHT="51" CONTENT="Bibliothèque" WC="0.99" CC="702300607000"/>
						<SP ID="P18_SP00243" HPOS="846" VPOS="1648" WIDTH="40"/>
						<String ID="P18_ST00268" HPOS="886" VPOS="1592" WIDTH="238" HEIGHT="43" CONTENT="Nationale" WC="0.99" CC="505007930"/>
						<SP ID="P18_SP00244" HPOS="1124" VPOS="1648" WIDTH="43"/>
						<String ID="P18_ST00269" HPOS="1167" VPOS="1604" WIDTH="79" HEIGHT="38" CONTENT="par" WC="1.00" CC="000"/>
						<SP ID="P18_SP00245" HPOS="1246" VPOS="1648" WIDTH="40"/>
						<String ID="P18_ST00270" HPOS="1286" VPOS="1587" WIDTH="113" HEIGHT="41" CONTENT="Labi" WC="0.59" CC="7035"/>
						<SP ID="P18_SP00246" HPOS="1399" VPOS="1648" WIDTH="14"/>
						<String ID="P18_ST00271" HPOS="1413" VPOS="1595" WIDTH="142" HEIGHT="40" CONTENT="ouste," WC="1.00" CC="010004"/>
						<SP ID="P18_SP00247" HPOS="1555" VPOS="1648" WIDTH="59"/>
						<String ID="P18_ST00272" HPOS="1614" VPOS="1585" WIDTH="53" HEIGHT="38" CONTENT="de" WC="1.00" CC="00"/>
						<SP ID="P18_SP00248" HPOS="1667" VPOS="1648" WIDTH="40"/>
						<String ID="P18_ST00273" HPOS="1707" VPOS="1583" WIDTH="38" HEIGHT="39" CONTENT="la" WC="0.82" CC="30"/>
						<SP ID="P18_SP00249" HPOS="1745" VPOS="1648" WIDTH="27"/>
						<String ID="P18_ST00274" HPOS="1772" VPOS="1581" WIDTH="300" HEIGHT="40" CONTENT="restauration" WC="0.99" CC="000570075007"/>
						<SP ID="P18_SP00250" HPOS="2072" VPOS="1648" WIDTH="42"/>
						<String ID="P18_ST00275" HPOS="2114" VPOS="1579" WIDTH="58" HEIGHT="40" CONTENT="du" WC="0.72" CC="05"/>
					</TextLine>
					<TextLine ID="P18_TL00021" HPOS="164" VPOS="1648" WIDTH="2009" HEIGHT="69">
						<String ID="P18_ST00276" HPOS="164" VPOS="1671" WIDTH="184" HEIGHT="39" CONTENT="château" WC="0.99" CC="0026700"/>
						<SP ID="P18_SP00251" HPOS="348" VPOS="1710" WIDTH="23"/>
						<String ID="P18_ST00277" HPOS="371" VPOS="1669" WIDTH="54" HEIGHT="39" CONTENT="de" WC="1.00" CC="00"/>
						<SP ID="P18_SP00252" HPOS="425" VPOS="1710" WIDTH="23"/>
						<String ID="P18_ST00278" HPOS="448" VPOS="1666" WIDTH="227" HEIGHT="44" CONTENT="Chantilly" WC="0.99" CC="600702046"/>
						<SP ID="P18_SP00253" HPOS="675" VPOS="1710" WIDTH="19"/>
						<String ID="P18_ST00279" HPOS="694" VPOS="1663" WIDTH="300" HEIGHT="54" CONTENT="parDaumet." WC="0.83" CC="0006030014"/>
						<SP ID="P18_SP00254" HPOS="994" VPOS="1717" WIDTH="23"/>
						<String ID="P18_ST00280" HPOS="1017" VPOS="1661" WIDTH="57" HEIGHT="40" CONTENT="du" WC="0.70" CC="05"/>
						<SP ID="P18_SP00255" HPOS="1074" VPOS="1717" WIDTH="26"/>
						<String ID="P18_ST00281" HPOS="1100" VPOS="1658" WIDTH="142" HEIGHT="52" CONTENT="grand" WC="0.99" CC="00070"/>
						<SP ID="P18_SP00256" HPOS="1242" VPOS="1717" WIDTH="19"/>
						<String ID="P18_ST00282" HPOS="1261" VPOS="1657" WIDTH="143" HEIGHT="51" CONTENT="palais" WC="1.00" CC="002000"/>
						<SP ID="P18_SP00257" HPOS="1404" VPOS="1717" WIDTH="20"/>
						<String ID="P18_ST00283" HPOS="1424" VPOS="1663" WIDTH="41" HEIGHT="31" CONTENT="et" WC="1.00" CC="00"/>
						<SP ID="P18_SP00258" HPOS="1465" VPOS="1717" WIDTH="23"/>
						<String ID="P18_ST00284" HPOS="1488" VPOS="1653" WIDTH="178" HEIGHT="51" CONTENT="dupetit" WC="0.81" CC="0207020"/>
						<SP ID="P18_SP00259" HPOS="1666" VPOS="1717" WIDTH="24"/>
						<String ID="P18_ST00285" HPOS="1690" VPOS="1651" WIDTH="143" HEIGHT="52" CONTENT="palais" WC="0.99" CC="000045"/>
						<SP ID="P18_SP00260" HPOS="1833" VPOS="1717" WIDTH="24"/>
						<String ID="P18_ST00286" HPOS="1857" VPOS="1649" WIDTH="77" HEIGHT="40" CONTENT="des" WC="1.00" CC="000"/>
						<SP ID="P18_SP00261" HPOS="1934" VPOS="1717" WIDTH="18"/>
						<String ID="P18_ST00287" HPOS="1952" VPOS="1648" WIDTH="221" HEIGHT="52" CONTENT="Champs-" WC="0.99" CC="5000004"/>
					</TextLine>
					<TextLine ID="P18_TL00022" HPOS="161" VPOS="1719" WIDTH="2009" HEIGHT="71">
						<String ID="P18_ST00288" HPOS="161" VPOS="1737" WIDTH="199" HEIGHT="53" CONTENT="Elysées." WC="0.99" CC="40006300"/>
						<SP ID="P18_SP00262" HPOS="360" VPOS="1790" WIDTH="20"/>
						<String ID="P18_ST00289" HPOS="380" VPOS="1735" WIDTH="144" HEIGHT="50" CONTENT="Voilà," WC="0.99" CC="600403"/>
						<SP ID="P18_SP00263" HPOS="524" VPOS="1790" WIDTH="22"/>
						<String ID="P18_ST00290" HPOS="546" VPOS="1748" WIDTH="54" HEIGHT="26" CONTENT="en" WC="0.95" CC="00"/>
						<SP ID="P18_SP00264" HPOS="600" VPOS="1790" WIDTH="36"/>
						<String ID="P18_ST00291" HPOS="636" VPOS="1734" WIDTH="114" HEIGHT="39" CONTENT="deux" WC="0.99" CC="0011"/>
						<SP ID="P18_SP00265" HPOS="750" VPOS="1790" WIDTH="22"/>
						<String ID="P18_ST00292" HPOS="772" VPOS="1740" WIDTH="133" HEIGHT="38" CONTENT="mots," WC="1.00" CC="00300"/>
						<SP ID="P18_SP00266" HPOS="905" VPOS="1790" WIDTH="26"/>
						<String ID="P18_ST00293" HPOS="931" VPOS="1729" WIDTH="102" HEIGHT="52" CONTENT="quel" WC="1.00" CC="0001"/>
						<SP ID="P18_SP00267" HPOS="1033" VPOS="1790" WIDTH="34"/>
						<String ID="P18_ST00294" HPOS="1067" VPOS="1742" WIDTH="21" HEIGHT="26" CONTENT="a" WC="1.00" CC="0"/>
						<SP ID="P18_SP00268" HPOS="1088" VPOS="1790" WIDTH="26"/>
						<String ID="P18_ST00295" HPOS="1114" VPOS="1731" WIDTH="83" HEIGHT="42" CONTENT="été," WC="0.99" CC="0004"/>
						<SP ID="P18_SP00269" HPOS="1197" VPOS="1790" WIDTH="39"/>
						<String ID="P18_ST00296" HPOS="1236" VPOS="1725" WIDTH="103" HEIGHT="40" CONTENT="chez" WC="1.00" CC="0000"/>
						<SP ID="P18_SP00270" HPOS="1339" VPOS="1790" WIDTH="22"/>
						<String ID="P18_ST00297" HPOS="1361" VPOS="1735" WIDTH="130" HEIGHT="36" CONTENT="nous," WC="0.98" CC="64004"/>
						<SP ID="P18_SP00271" HPOS="1491" VPOS="1790" WIDTH="28"/>
						<String ID="P18_ST00298" HPOS="1519" VPOS="1721" WIDTH="38" HEIGHT="40" CONTENT="le" WC="1.00" CC="00"/>
						<SP ID="P18_SP00272" HPOS="1557" VPOS="1790" WIDTH="24"/>
						<String ID="P18_ST00299" HPOS="1581" VPOS="1728" WIDTH="91" HEIGHT="33" CONTENT="sort" WC="0.99" CC="0006"/>
						<SP ID="P18_SP00273" HPOS="1672" VPOS="1790" WIDTH="28"/>
						<String ID="P18_ST00300" HPOS="1700" VPOS="1719" WIDTH="54" HEIGHT="39" CONTENT="de" WC="1.00" CC="00"/>
						<SP ID="P18_SP00274" HPOS="1754" VPOS="1790" WIDTH="37"/>
						<String ID="P18_ST00301" HPOS="1791" VPOS="1731" WIDTH="46" HEIGHT="26" CONTENT="ce" WC="1.00" CC="00"/>
						<SP ID="P18_SP00275" HPOS="1837" VPOS="1790" WIDTH="25"/>
						<String ID="P18_ST00302" HPOS="1862" VPOS="1731" WIDTH="57" HEIGHT="38" CONTENT="qu" WC="1.00" CC="00"/>
						<SP ID="P18_SP00276" HPOS="1919" VPOS="1790" WIDTH="21"/>
						<String ID="P18_ST00303" HPOS="1940" VPOS="1730" WIDTH="57" HEIGHT="27" CONTENT="on" WC="0.68" CC="06"/>
						<SP ID="P18_SP00277" HPOS="1997" VPOS="1790" WIDTH="36"/>
						<String ID="P18_ST00304" HPOS="2033" VPOS="1729" WIDTH="110" HEIGHT="39" CONTENT="pour" SUBS_TYPE="HypPart1" SUBS_CONTENT="pourrait" WC="0.99" CC="0040"/>
						<HYP HPOS="2143" VPOS="1729" WIDTH="27" CONTENT="-"/>
					</TextLine>
					<TextLine ID="P18_TL00023" HPOS="165" VPOS="1785" WIDTH="2008" HEIGHT="71">
						<String ID="P18_ST00305" HPOS="165" VPOS="1808" WIDTH="82" HEIGHT="38" CONTENT="rait" SUBS_TYPE="HypPart2" SUBS_CONTENT="pourrait" WC="0.99" CC="0003"/>
						<SP ID="P18_SP00278" HPOS="247" VPOS="1846" WIDTH="18"/>
						<String ID="P18_ST00306" HPOS="265" VPOS="1804" WIDTH="180" HEIGHT="52" CONTENT="appeler" WC="1.00" CC="4000000"/>
						<SP ID="P18_SP00279" HPOS="445" VPOS="1856" WIDTH="22"/>
						<String ID="P18_ST00307" HPOS="467" VPOS="1803" WIDTH="62" HEIGHT="39" CONTENT="les" WC="1.00" CC="100"/>
						<SP ID="P18_SP00280" HPOS="529" VPOS="1856" WIDTH="30"/>
						<String ID="P18_ST00308" HPOS="559" VPOS="1801" WIDTH="156" HEIGHT="40" CONTENT="modes" WC="1.00" CC="00000"/>
						<SP ID="P18_SP00281" HPOS="715" VPOS="1856" WIDTH="20"/>
						<String ID="P18_ST00309" HPOS="735" VPOS="1811" WIDTH="128" HEIGHT="38" CONTENT="grecs" WC="1.00" CC="00002"/>
						<SP ID="P18_SP00282" HPOS="863" VPOS="1856" WIDTH="25"/>
						<String ID="P18_ST00310" HPOS="888" VPOS="1797" WIDTH="53" HEIGHT="40" CONTENT="de" WC="1.00" CC="00"/>
						<SP ID="P18_SP00283" HPOS="941" VPOS="1856" WIDTH="23"/>
						<String ID="P18_ST00311" HPOS="964" VPOS="1795" WIDTH="324" HEIGHT="41" CONTENT="l'architecture" WC="1.00" CC="04000044005000"/>
						<SP ID="P18_SP00284" HPOS="1288" VPOS="1856" WIDTH="22"/>
						<String ID="P18_ST00312" HPOS="1310" VPOS="1804" WIDTH="8" HEIGHT="26" CONTENT=":" WC="0.80" CC="1"/>
						<SP ID="P18_SP00285" HPOS="1318" VPOS="1856" WIDTH="27"/>
						<String ID="P18_ST00313" HPOS="1345" VPOS="1803" WIDTH="87" HEIGHT="27" CONTENT="une" WC="0.98" CC="040"/>
						<SP ID="P18_SP00286" HPOS="1432" VPOS="1856" WIDTH="42"/>
						<String ID="P18_ST00314" HPOS="1474" VPOS="1788" WIDTH="179" HEIGHT="53" CONTENT="période" WC="0.99" CC="0800100"/>
						<SP ID="P18_SP00287" HPOS="1653" VPOS="1856" WIDTH="25"/>
						<String ID="P18_ST00315" HPOS="1678" VPOS="1787" WIDTH="225" HEIGHT="52" CONTENT="primitive" WC="1.00" CC="003031200"/>
						<SP ID="P18_SP00288" HPOS="1903" VPOS="1856" WIDTH="32"/>
						<String ID="P18_ST00316" HPOS="1935" VPOS="1791" WIDTH="57" HEIGHT="34" CONTENT="où" WC="1.00" CC="00"/>
						<SP ID="P18_SP00289" HPOS="1992" VPOS="1856" WIDTH="30"/>
						<String ID="P18_ST00317" HPOS="2022" VPOS="1785" WIDTH="55" HEIGHT="40" CONTENT="ils" WC="0.99" CC="300"/>
						<SP ID="P18_SP00290" HPOS="2077" VPOS="1856" WIDTH="20"/>
						<String ID="P18_ST00318" HPOS="2097" VPOS="1794" WIDTH="76" HEIGHT="31" CONTENT="ont" WC="1.00" CC="000"/>
					</TextLine>
					<TextLine ID="P18_TL00024" HPOS="162" VPOS="1853" WIDTH="2011" HEIGHT="71">
						<String ID="P18_ST00319" HPOS="162" VPOS="1878" WIDTH="68" HEIGHT="36" CONTENT="été" WC="1.00" CC="000"/>
						<SP ID="P18_SP00291" HPOS="230" VPOS="1914" WIDTH="19"/>
						<String ID="P18_ST00320" HPOS="249" VPOS="1875" WIDTH="197" HEIGHT="49" CONTENT="ignorés," WC="1.00" CC="00000604"/>
						<SP ID="P18_SP00292" HPOS="446" VPOS="1924" WIDTH="15"/>
						<String ID="P18_ST00321" HPOS="461" VPOS="1872" WIDTH="115" HEIGHT="51" CONTENT="puis," WC="0.98" CC="03304"/>
						<SP ID="P18_SP00293" HPOS="576" VPOS="1924" WIDTH="28"/>
						<String ID="P18_ST00322" HPOS="604" VPOS="1873" WIDTH="19" HEIGHT="35" CONTENT="à" WC="0.40" CC="5"/>
						<SP ID="P18_SP00294" HPOS="623" VPOS="1924" WIDTH="22"/>
						<String ID="P18_ST00323" HPOS="645" VPOS="1868" WIDTH="39" HEIGHT="40" CONTENT="la" WC="0.81" CC="30"/>
						<SP ID="P18_SP00295" HPOS="684" VPOS="1924" WIDTH="35"/>
						<String ID="P18_ST00324" HPOS="719" VPOS="1866" WIDTH="61" HEIGHT="41" CONTENT="fin" WC="0.94" CC="276"/>
						<SP ID="P18_SP00296" HPOS="780" VPOS="1924" WIDTH="20"/>
						<String ID="P18_ST00325" HPOS="800" VPOS="1867" WIDTH="59" HEIGHT="40" CONTENT="du" WC="0.78" CC="04"/>
						<SP ID="P18_SP00297" HPOS="859" VPOS="1924" WIDTH="19"/>
						<String ID="P18_ST00326" HPOS="878" VPOS="1880" WIDTH="53" HEIGHT="25" CONTENT="xv" WC="1.00" CC="00"/>
						<String ID="P18_ST00327" HPOS="934" VPOS="1870" WIDTH="16" HEIGHT="17" CONTENT="e" STYLE="superscript" WC="0.76" CC="2"/>
						<SP ID="P18_SP00298" HPOS="950" VPOS="1924" WIDTH="19"/>
						<String ID="P18_ST00328" HPOS="969" VPOS="1863" WIDTH="148" HEIGHT="47" CONTENT="siècle," WC="0.99" CC="0070403"/>
						<SP ID="P18_SP00299" HPOS="1117" VPOS="1924" WIDTH="19"/>
						<String ID="P18_ST00329" HPOS="1136" VPOS="1877" WIDTH="59" HEIGHT="25" CONTENT="un" WC="0.64" CC="07"/>
						<SP ID="P18_SP00300" HPOS="1195" VPOS="1924" WIDTH="25"/>
						<String ID="P18_ST00330" HPOS="1220" VPOS="1869" WIDTH="150" HEIGHT="31" CONTENT="retour" WC="1.00" CC="000020"/>
						<SP ID="P18_SP00301" HPOS="1370" VPOS="1924" WIDTH="20"/>
						<String ID="P18_ST00331" HPOS="1390" VPOS="1859" WIDTH="54" HEIGHT="39" CONTENT="de" WC="1.00" CC="00"/>
						<SP ID="P18_SP00302" HPOS="1444" VPOS="1924" WIDTH="23"/>
						<String ID="P18_ST00332" HPOS="1467" VPOS="1857" WIDTH="177" HEIGHT="40" CONTENT="fortune" WC="1.00" CC="0000050"/>
						<SP ID="P18_SP00303" HPOS="1644" VPOS="1924" WIDTH="33"/>
						<String ID="P18_ST00333" HPOS="1677" VPOS="1857" WIDTH="75" HEIGHT="51" CONTENT="qui" WC="1.00" CC="000"/>
						<SP ID="P18_SP00304" HPOS="1752" VPOS="1924" WIDTH="21"/>
						<String ID="P18_ST00334" HPOS="1773" VPOS="1853" WIDTH="114" HEIGHT="42" CONTENT="n'est" WC="0.99" CC="33000"/>
						<SP ID="P18_SP00305" HPOS="1887" VPOS="1924" WIDTH="24"/>
						<String ID="P18_ST00335" HPOS="1911" VPOS="1867" WIDTH="79" HEIGHT="39" CONTENT="pas" WC="1.00" CC="000"/>
						<SP ID="P18_SP00306" HPOS="1990" VPOS="1924" WIDTH="24"/>
						<String ID="P18_ST00336" HPOS="2014" VPOS="1867" WIDTH="159" HEIGHT="26" CONTENT="encore" WC="1.00" CC="000000"/>
					</TextLine>
					<TextLine ID="P18_TL00025" HPOS="161" VPOS="1922" WIDTH="2012" HEIGHT="72">
						<String ID="P18_ST00337" HPOS="161" VPOS="1943" WIDTH="168" HEIGHT="51" CONTENT="épuisé." WC="0.98" CC="8052064"/>
						<SP ID="P18_SP00307" HPOS="329" VPOS="1994" WIDTH="37"/>
						<String ID="P18_ST00338" HPOS="366" VPOS="1940" WIDTH="121" HEIGHT="40" CONTENT="Pour" WC="1.00" CC="0000"/>
						<SP ID="P18_SP00308" HPOS="487" VPOS="1994" WIDTH="17"/>
						<String ID="P18_ST00339" HPOS="504" VPOS="1938" WIDTH="62" HEIGHT="40" CONTENT="les" WC="0.98" CC="040"/>
						<SP ID="P18_SP00309" HPOS="566" VPOS="1994" WIDTH="24"/>
						<String ID="P18_ST00340" HPOS="590" VPOS="1936" WIDTH="155" HEIGHT="40" CONTENT="modes" WC="0.99" CC="02020"/>
						<SP ID="P18_SP00310" HPOS="745" VPOS="1994" WIDTH="33"/>
						<String ID="P18_ST00341" HPOS="778" VPOS="1935" WIDTH="231" HEIGHT="40" CONTENT="musicaux" WC="1.00" CC="00001000"/>
						<SP ID="P18_SP00311" HPOS="1009" VPOS="1994" WIDTH="39"/>
						<String ID="P18_ST00342" HPOS="1048" VPOS="1932" WIDTH="76" HEIGHT="51" CONTENT="qui" WC="1.00" CC="000"/>
						<SP ID="P18_SP00312" HPOS="1124" VPOS="1994" WIDTH="38"/>
						<String ID="P18_ST00343" HPOS="1162" VPOS="1942" WIDTH="115" HEIGHT="28" CONTENT="nous" WC="0.98" CC="5001"/>
						<SP ID="P18_SP00313" HPOS="1277" VPOS="1994" WIDTH="16"/>
						<String ID="P18_ST00344" HPOS="1293" VPOS="1929" WIDTH="211" HEIGHT="39" CONTENT="viennent" WC="0.99" CC="04044050"/>
						<SP ID="P18_SP00314" HPOS="1504" VPOS="1994" WIDTH="20"/>
						<String ID="P18_ST00345" HPOS="1524" VPOS="1926" WIDTH="54" HEIGHT="39" CONTENT="de" WC="1.00" CC="00"/>
						<SP ID="P18_SP00315" HPOS="1578" VPOS="1994" WIDTH="22"/>
						<String ID="P18_ST00346" HPOS="1600" VPOS="1925" WIDTH="39" HEIGHT="39" CONTENT="la" WC="1.00" CC="00"/>
						<SP ID="P18_SP00316" HPOS="1639" VPOS="1994" WIDTH="35"/>
						<String ID="P18_ST00347" HPOS="1674" VPOS="1928" WIDTH="146" HEIGHT="36" CONTENT="même" WC="0.98" CC="0800"/>
						<SP ID="P18_SP00317" HPOS="1820" VPOS="1994" WIDTH="23"/>
						<String ID="P18_ST00348" HPOS="1843" VPOS="1936" WIDTH="172" HEIGHT="37" CONTENT="source," WC="0.99" CC="0050004"/>
						<SP ID="P18_SP00318" HPOS="2015" VPOS="1994" WIDTH="25"/>
						<String ID="P18_ST00349" HPOS="2040" VPOS="1922" WIDTH="11" HEIGHT="39" CONTENT="1" WC="1.00" CC="0"/>
						<SP ID="P18_SP00319" HPOS="2051" VPOS="1994" WIDTH="20"/>
						<String ID="P18_ST00350" HPOS="2071" VPOS="1926" WIDTH="77" HEIGHT="35" CONTENT="évo" SUBS_TYPE="HypPart1" SUBS_CONTENT="évolution" WC="0.97" CC="800"/>
						<HYP HPOS="2148" VPOS="1926" WIDTH="25" CONTENT="-"/>
					</TextLine>
					<TextLine ID="P18_TL00026" HPOS="162" VPOS="1990" WIDTH="2007" HEIGHT="66">
						<String ID="P18_ST00351" HPOS="162" VPOS="2011" WIDTH="141" HEIGHT="39" CONTENT="lution" SUBS_TYPE="HypPart2" SUBS_CONTENT="évolution" WC="1.00" CC="000400"/>
						<SP ID="P18_SP00320" HPOS="303" VPOS="2050" WIDTH="25"/>
						<String ID="P18_ST00352" HPOS="328" VPOS="2023" WIDTH="21" HEIGHT="26" CONTENT="a" WC="1.00" CC="0"/>
						<SP ID="P18_SP00321" HPOS="349" VPOS="2050" WIDTH="25"/>
						<String ID="P18_ST00353" HPOS="374" VPOS="2012" WIDTH="69" HEIGHT="36" CONTENT="été" WC="0.99" CC="010"/>
						<SP ID="P18_SP00322" HPOS="443" VPOS="2050" WIDTH="18"/>
						<String ID="P18_ST00354" HPOS="461" VPOS="2013" WIDTH="274" HEIGHT="34" CONTENT="exactement" WC="0.99" CC="6001500006"/>
						<SP ID="P18_SP00323" HPOS="735" VPOS="2050" WIDTH="24"/>
						<String ID="P18_ST00355" HPOS="759" VPOS="2004" WIDTH="11" HEIGHT="39" CONTENT="1" WC="0.75" CC="2"/>
						<SP ID="P18_SP00324" HPOS="770" VPOS="2050" WIDTH="21"/>
						<String ID="P18_ST00356" HPOS="791" VPOS="2006" WIDTH="186" HEIGHT="50" CONTENT="opposé." WC="1.00" CC="0000003"/>
						<SP ID="P18_SP00325" HPOS="977" VPOS="2056" WIDTH="24"/>
						<String ID="P18_ST00357" HPOS="1001" VPOS="1999" WIDTH="205" HEIGHT="41" CONTENT="Pendant" WC="1.00" CC="0000000"/>
						<SP ID="P18_SP00326" HPOS="1206" VPOS="2056" WIDTH="24"/>
						<String ID="P18_ST00358" HPOS="1230" VPOS="2006" WIDTH="93" HEIGHT="32" CONTENT="tout" WC="0.97" CC="2045"/>
						<SP ID="P18_SP00327" HPOS="1323" VPOS="2056" WIDTH="24"/>
						<String ID="P18_ST00359" HPOS="1347" VPOS="1997" WIDTH="38" HEIGHT="39" CONTENT="le" WC="1.00" CC="00"/>
						<SP ID="P18_SP00328" HPOS="1385" VPOS="2056" WIDTH="22"/>
						<String ID="P18_ST00360" HPOS="1407" VPOS="2008" WIDTH="160" HEIGHT="39" CONTENT="moyen" WC="0.98" CC="03077"/>
						<SP ID="P18_SP00329" HPOS="1567" VPOS="2056" WIDTH="25"/>
						<String ID="P18_ST00361" HPOS="1592" VPOS="1997" WIDTH="100" HEIGHT="47" CONTENT="âge," WC="0.98" CC="5003"/>
						<SP ID="P18_SP00330" HPOS="1692" VPOS="2056" WIDTH="21"/>
						<String ID="P18_ST00362" HPOS="1713" VPOS="1993" WIDTH="53" HEIGHT="39" CONTENT="ils" WC="1.00" CC="000"/>
						<SP ID="P18_SP00331" HPOS="1766" VPOS="2056" WIDTH="26"/>
						<String ID="P18_ST00363" HPOS="1792" VPOS="2001" WIDTH="77" HEIGHT="31" CONTENT="ont" WC="1.00" CC="000"/>
						<SP ID="P18_SP00332" HPOS="1869" VPOS="2056" WIDTH="22"/>
						<String ID="P18_ST00364" HPOS="1891" VPOS="1995" WIDTH="136" HEIGHT="46" CONTENT="régné" WC="0.98" CC="08008"/>
						<SP ID="P18_SP00333" HPOS="2027" VPOS="2056" WIDTH="29"/>
						<String ID="P18_ST00365" HPOS="2056" VPOS="1990" WIDTH="113" HEIGHT="40" CONTENT="dans" WC="0.99" CC="0600"/>
					</TextLine>
					<TextLine ID="P18_TL00027" HPOS="163" VPOS="2058" WIDTH="2007" HEIGHT="66">
						<String ID="P18_ST00366" HPOS="163" VPOS="2087" WIDTH="125" HEIGHT="32" CONTENT="notre" WC="1.00" CC="00100"/>
						<SP ID="P18_SP00334" HPOS="288" VPOS="2119" WIDTH="24"/>
						<String ID="P18_ST00367" HPOS="312" VPOS="2087" WIDTH="64" HEIGHT="30" CONTENT="art" WC="0.99" CC="002"/>
						<SP ID="P18_SP00335" HPOS="376" VPOS="2119" WIDTH="21"/>
						<String ID="P18_ST00368" HPOS="397" VPOS="2088" WIDTH="8" HEIGHT="36" CONTENT=";" WC="0.53" CC="4"/>
						<SP ID="P18_SP00336" HPOS="405" VPOS="2124" WIDTH="23"/>
						<String ID="P18_ST00369" HPOS="428" VPOS="2076" WIDTH="53" HEIGHT="40" CONTENT="ils" WC="0.99" CC="300"/>
						<SP ID="P18_SP00337" HPOS="481" VPOS="2124" WIDTH="32"/>
						<String ID="P18_ST00370" HPOS="513" VPOS="2084" WIDTH="76" HEIGHT="32" CONTENT="ont" WC="1.00" CC="000"/>
						<SP ID="P18_SP00338" HPOS="589" VPOS="2124" WIDTH="24"/>
						<String ID="P18_ST00371" HPOS="613" VPOS="2078" WIDTH="67" HEIGHT="36" CONTENT="été" WC="0.96" CC="028"/>
						<SP ID="P18_SP00339" HPOS="680" VPOS="2124" WIDTH="35"/>
						<String ID="P18_ST00372" HPOS="715" VPOS="2077" WIDTH="21" HEIGHT="35" CONTENT="à" WC="0.49" CC="5"/>
						<SP ID="P18_SP00340" HPOS="736" VPOS="2124" WIDTH="25"/>
						<String ID="P18_ST00373" HPOS="761" VPOS="2086" WIDTH="81" HEIGHT="26" CONTENT="eux" WC="0.98" CC="330"/>
						<SP ID="P18_SP00341" HPOS="842" VPOS="2124" WIDTH="39"/>
						<String ID="P18_ST00374" HPOS="881" VPOS="2070" WIDTH="119" HEIGHT="40" CONTENT="seuls" WC="1.00" CC="00000"/>
						<SP ID="P18_SP00342" HPOS="1000" VPOS="2124" WIDTH="23"/>
						<String ID="P18_ST00375" HPOS="1023" VPOS="2077" WIDTH="94" HEIGHT="33" CONTENT="tout" WC="0.98" CC="3005"/>
						<SP ID="P18_SP00343" HPOS="1117" VPOS="2124" WIDTH="40"/>
						<String ID="P18_ST00376" HPOS="1157" VPOS="2068" WIDTH="38" HEIGHT="39" CONTENT="le" WC="0.93" CC="10"/>
						<SP ID="P18_SP00344" HPOS="1195" VPOS="2124" WIDTH="23"/>
						<String ID="P18_ST00377" HPOS="1218" VPOS="2070" WIDTH="193" HEIGHT="48" CONTENT="système" WC="0.99" CC="0006700"/>
						<SP ID="P18_SP00345" HPOS="1411" VPOS="2124" WIDTH="24"/>
						<String ID="P18_ST00378" HPOS="1435" VPOS="2062" WIDTH="187" HEIGHT="42" CONTENT="musical" WC="0.99" CC="0006002"/>
						<SP ID="P18_SP00346" HPOS="1622" VPOS="2124" WIDTH="47"/>
						<String ID="P18_ST00379" HPOS="1669" VPOS="2061" WIDTH="125" HEIGHT="49" CONTENT="Puis," WC="0.99" CC="00204"/>
						<SP ID="P18_SP00347" HPOS="1794" VPOS="2124" WIDTH="37"/>
						<String ID="P18_ST00380" HPOS="1831" VPOS="2074" WIDTH="55" HEIGHT="26" CONTENT="au" WC="1.00" CC="00"/>
						<SP ID="P18_SP00348" HPOS="1886" VPOS="2124" WIDTH="30"/>
						<String ID="P18_ST00381" HPOS="1916" VPOS="2074" WIDTH="69" HEIGHT="25" CONTENT="xvi" WC="0.91" CC="002"/>
						<String ID="P18_ST00382" HPOS="1989" VPOS="2063" WIDTH="15" HEIGHT="18" CONTENT="e" STYLE="superscript" WC="0.24" CC="7"/>
						<SP ID="P18_SP00349" HPOS="2004" VPOS="2124" WIDTH="21"/>
						<String ID="P18_ST00383" HPOS="2025" VPOS="2058" WIDTH="145" HEIGHT="49" CONTENT="siècle," WC="0.99" CC="0200404"/>
					</TextLine>
					<TextLine ID="P18_TL00028" HPOS="160" VPOS="2127" WIDTH="2011" HEIGHT="72">
						<String ID="P18_ST00384" HPOS="160" VPOS="2147" WIDTH="237" HEIGHT="52" CONTENT="justement" WC="1.00" CC="005400020"/>
						<SP ID="P18_SP00350" HPOS="397" VPOS="2199" WIDTH="25"/>
						<String ID="P18_ST00385" HPOS="422" VPOS="2149" WIDTH="22" HEIGHT="36" CONTENT="à" WC="0.52" CC="4"/>
						<SP ID="P18_SP00351" HPOS="444" VPOS="2199" WIDTH="24"/>
						<String ID="P18_ST00386" HPOS="468" VPOS="2144" WIDTH="168" HEIGHT="40" CONTENT="l'heure" WC="1.00" CC="0000400"/>
						<SP ID="P18_SP00352" HPOS="636" VPOS="2199" WIDTH="24"/>
						<String ID="P18_ST00387" HPOS="660" VPOS="2148" WIDTH="57" HEIGHT="34" CONTENT="où" WC="0.85" CC="20"/>
						<SP ID="P18_SP00353" HPOS="717" VPOS="2199" WIDTH="16"/>
						<String ID="P18_ST00388" HPOS="733" VPOS="2141" WIDTH="61" HEIGHT="40" CONTENT="les" WC="1.00" CC="000"/>
						<SP ID="P18_SP00354" HPOS="794" VPOS="2199" WIDTH="34"/>
						<String ID="P18_ST00389" HPOS="828" VPOS="2153" WIDTH="20" HEIGHT="25" CONTENT="«" WC="1.00" CC="0"/>
						<SP ID="P18_SP00355" HPOS="848" VPOS="2199" WIDTH="27"/>
						<String ID="P18_ST00390" HPOS="875" VPOS="2139" WIDTH="255" HEIGHT="41" CONTENT="humanités" WC="0.99" CC="000024360"/>
						<SP ID="P18_SP00356" HPOS="1130" VPOS="2199" WIDTH="23"/>
						<String ID="P18_ST00391" HPOS="1153" VPOS="2135" WIDTH="247" HEIGHT="51" CONTENT="classiques" WC="1.00" CC="0000030000"/>
						<SP ID="P18_SP00357" HPOS="1400" VPOS="2199" WIDTH="24"/>
						<String ID="P18_ST00392" HPOS="1424" VPOS="2145" WIDTH="19" HEIGHT="24" CONTENT="»" WC="0.55" CC="4"/>
						<SP ID="P18_SP00358" HPOS="1443" VPOS="2199" WIDTH="27"/>
						<String ID="P18_ST00393" HPOS="1470" VPOS="2145" WIDTH="18" HEIGHT="27" CONTENT="s" WC="1.00" CC="0"/>
						<SP ID="P18_SP00359" HPOS="1488" VPOS="2199" WIDTH="20"/>
						<String ID="P18_ST00394" HPOS="1508" VPOS="2130" WIDTH="308" HEIGHT="52" CONTENT="organisaient" WC="1.00" CC="000010003078"/>
						<SP ID="P18_SP00360" HPOS="1816" VPOS="2199" WIDTH="20"/>
						<String ID="P18_ST00395" HPOS="1836" VPOS="2136" WIDTH="41" HEIGHT="32" CONTENT="et" WC="0.71" CC="05"/>
						<SP ID="P18_SP00361" HPOS="1877" VPOS="2199" WIDTH="25"/>
						<String ID="P18_ST00396" HPOS="1902" VPOS="2134" WIDTH="57" HEIGHT="34" CONTENT="où" WC="0.60" CC="08"/>
						<SP ID="P18_SP00362" HPOS="1959" VPOS="2199" WIDTH="23"/>
						<String ID="P18_ST00397" HPOS="1982" VPOS="2127" WIDTH="54" HEIGHT="39" CONTENT="de" WC="1.00" CC="00"/>
						<SP ID="P18_SP00363" HPOS="2036" VPOS="2199" WIDTH="33"/>
						<String ID="P18_ST00398" HPOS="2069" VPOS="2135" WIDTH="102" HEIGHT="32" CONTENT="tous" WC="0.98" CC="5020"/>
					</TextLine>
					<TextLine ID="P18_TL00029" HPOS="162" VPOS="2198" WIDTH="2013" HEIGHT="64">
						<String ID="P18_ST00399" HPOS="162" VPOS="2218" WIDTH="118" HEIGHT="38" CONTENT="côtés" WC="0.97" CC="06680"/>
						<SP ID="P18_SP00364" HPOS="280" VPOS="2256" WIDTH="89"/>
						<String ID="P18_ST00400" HPOS="369" VPOS="2217" WIDTH="146" HEIGHT="37" CONTENT="même" WC="0.98" CC="0800"/>
						<SP ID="P18_SP00365" HPOS="515" VPOS="2256" WIDTH="35"/>
						<String ID="P18_ST00401" HPOS="550" VPOS="2212" WIDTH="113" HEIGHT="39" CONTENT="dans" WC="0.99" CC="0070"/>
						<SP ID="P18_SP00366" HPOS="663" VPOS="2256" WIDTH="24"/>
						<String ID="P18_ST00402" HPOS="687" VPOS="2210" WIDTH="11" HEIGHT="39" CONTENT="1" WC="0.79" CC="2"/>
						<SP ID="P18_SP00367" HPOS="698" VPOS="2256" WIDTH="21"/>
						<String ID="P18_ST00403" HPOS="719" VPOS="2213" WIDTH="132" HEIGHT="49" CONTENT="opéra" WC="0.99" CC="00800"/>
						<SP ID="P18_SP00368" HPOS="851" VPOS="2262" WIDTH="96"/>
						<String ID="P18_ST00404" HPOS="947" VPOS="2220" WIDTH="56" HEIGHT="27" CONTENT="on" WC="1.00" CC="00"/>
						<SP ID="P18_SP00369" HPOS="1003" VPOS="2262" WIDTH="36"/>
						<String ID="P18_ST00405" HPOS="1039" VPOS="2220" WIDTH="19" HEIGHT="26" CONTENT="s" WC="1.00" CC="0"/>
						<SP ID="P18_SP00370" HPOS="1058" VPOS="2262" WIDTH="19"/>
						<String ID="P18_ST00406" HPOS="1077" VPOS="2204" WIDTH="265" HEIGHT="54" CONTENT="appliquait," WC="1.00" CC="00014000404"/>
						<SP ID="P18_SP00371" HPOS="1342" VPOS="2262" WIDTH="41"/>
						<String ID="P18_ST00407" HPOS="1383" VPOS="2215" WIDTH="103" HEIGHT="27" CONTENT="avec" WC="0.97" CC="0076"/>
						<SP ID="P18_SP00372" HPOS="1486" VPOS="2262" WIDTH="39"/>
						<String ID="P18_ST00408" HPOS="1525" VPOS="2200" WIDTH="177" HEIGHT="42" CONTENT="ardeur," WC="1.00" CC="0000000"/>
						<SP ID="P18_SP00373" HPOS="1702" VPOS="2262" WIDTH="41"/>
						<String ID="P18_ST00409" HPOS="1743" VPOS="2202" WIDTH="21" HEIGHT="35" CONTENT="à" WC="0.58" CC="4"/>
						<SP ID="P18_SP00374" HPOS="1764" VPOS="2262" WIDTH="39"/>
						<String ID="P18_ST00410" HPOS="1803" VPOS="2198" WIDTH="149" HEIGHT="51" CONTENT="copier" WC="1.00" CC="000100"/>
						<SP ID="P18_SP00375" HPOS="1952" VPOS="2262" WIDTH="23"/>
						<String ID="P18_ST00411" HPOS="1975" VPOS="2204" WIDTH="40" HEIGHT="32" CONTENT="et" WC="0.36" CC="75"/>
						<SP ID="P18_SP00376" HPOS="2015" VPOS="2262" WIDTH="26"/>
						<String ID="P18_ST00412" HPOS="2041" VPOS="2199" WIDTH="20" HEIGHT="36" CONTENT="à" WC="0.68" CC="3"/>
						<SP ID="P18_SP00377" HPOS="2061" VPOS="2262" WIDTH="27"/>
						<String ID="P18_ST00413" HPOS="2088" VPOS="2208" WIDTH="66" HEIGHT="26" CONTENT="res" SUBS_TYPE="HypPart1" SUBS_CONTENT="ressusciter" WC="0.99" CC="000"/>
						<HYP HPOS="2154" VPOS="2208" WIDTH="21" CONTENT="-"/>
					</TextLine>
					<TextLine ID="P18_TL00030" HPOS="164" VPOS="2264" WIDTH="2008" HEIGHT="69">
						<String ID="P18_ST00414" HPOS="164" VPOS="2285" WIDTH="184" HEIGHT="39" CONTENT="susciter" SUBS_TYPE="HypPart2" SUBS_CONTENT="ressusciter" WC="1.00" CC="00003300"/>
						<SP ID="P18_SP00378" HPOS="348" VPOS="2324" WIDTH="18"/>
						<String ID="P18_ST00415" HPOS="366" VPOS="2281" WIDTH="248" HEIGHT="52" CONTENT="l'antiquité" WC="0.99" CC="04770300140"/>
						<SP ID="P18_SP00379" HPOS="614" VPOS="2333" WIDTH="37"/>
						<String ID="P18_ST00416" HPOS="651" VPOS="2290" WIDTH="208" HEIGHT="40" CONTENT="grecque," WC="1.00" CC="00000004"/>
						<SP ID="P18_SP00380" HPOS="859" VPOS="2333" WIDTH="129"/>
						<String ID="P18_ST00417" HPOS="988" VPOS="2276" WIDTH="114" HEIGHT="52" CONTENT="juste" WC="1.00" CC="00020"/>
						<SP ID="P18_SP00381" HPOS="1102" VPOS="2333" WIDTH="25"/>
						<String ID="P18_ST00418" HPOS="1127" VPOS="2278" WIDTH="20" HEIGHT="35" CONTENT="à" WC="0.27" CC="7"/>
						<SP ID="P18_SP00382" HPOS="1147" VPOS="2333" WIDTH="42"/>
						<String ID="P18_ST00419" HPOS="1189" VPOS="2286" WIDTH="46" HEIGHT="26" CONTENT="ce" WC="0.62" CC="07"/>
						<SP ID="P18_SP00383" HPOS="1235" VPOS="2333" WIDTH="35"/>
						<String ID="P18_ST00420" HPOS="1270" VPOS="2270" WIDTH="278" HEIGHT="47" CONTENT="moment-là," WC="0.99" CC="0307704044"/>
						<SP ID="P18_SP00384" HPOS="1548" VPOS="2333" WIDTH="34"/>
						<String ID="P18_ST00421" HPOS="1582" VPOS="2268" WIDTH="145" HEIGHT="51" CONTENT="dis-je," WC="0.87" CC="0004004"/>
						<SP ID="P18_SP00385" HPOS="1727" VPOS="2333" WIDTH="21"/>
						<String ID="P18_ST00422" HPOS="1748" VPOS="2267" WIDTH="62" HEIGHT="39" CONTENT="les" WC="0.98" CC="300"/>
						<SP ID="P18_SP00386" HPOS="1810" VPOS="2333" WIDTH="33"/>
						<String ID="P18_ST00423" HPOS="1843" VPOS="2265" WIDTH="156" HEIGHT="40" CONTENT="modes" WC="0.98" CC="90070"/>
						<SP ID="P18_SP00387" HPOS="1999" VPOS="2333" WIDTH="34"/>
						<String ID="P18_ST00424" HPOS="2033" VPOS="2264" WIDTH="116" HEIGHT="39" CONTENT="diato" SUBS_TYPE="HypPart1" SUBS_CONTENT="diatoniques" WC="0.99" CC="00060"/>
						<HYP HPOS="2149" VPOS="2264" WIDTH="23" CONTENT="-"/>
					</TextLine>
					<TextLine ID="P18_TL00031" HPOS="166" VPOS="2335" WIDTH="2007" HEIGHT="68">
						<String ID="P18_ST00425" HPOS="166" VPOS="2353" WIDTH="158" HEIGHT="50" CONTENT="niques" SUBS_TYPE="HypPart2" SUBS_CONTENT="diatoniques" WC="1.00" CC="040000"/>
						<SP ID="P18_SP00388" HPOS="324" VPOS="2403" WIDTH="24"/>
						<String ID="P18_ST00426" HPOS="348" VPOS="2359" WIDTH="75" HEIGHT="32" CONTENT="ont" WC="0.96" CC="056"/>
						<SP ID="P18_SP00389" HPOS="423" VPOS="2403" WIDTH="23"/>
						<String ID="P18_ST00427" HPOS="446" VPOS="2354" WIDTH="67" HEIGHT="36" CONTENT="été" WC="1.00" CC="010"/>
						<SP ID="P18_SP00390" HPOS="513" VPOS="2403" WIDTH="20"/>
						<String ID="P18_ST00428" HPOS="533" VPOS="2349" WIDTH="176" HEIGHT="45" CONTENT="altérés," WC="1.00" CC="01300000"/>
						<SP ID="P18_SP00391" HPOS="709" VPOS="2403" WIDTH="27"/>
						<String ID="P18_ST00429" HPOS="736" VPOS="2344" WIDTH="239" HEIGHT="48" CONTENT="déformés," WC="1.00" CC="000000000"/>
						<SP ID="P18_SP00392" HPOS="975" VPOS="2403" WIDTH="24"/>
						<String ID="P18_ST00430" HPOS="999" VPOS="2342" WIDTH="246" HEIGHT="52" CONTENT="remplacés" WC="1.00" CC="000040000"/>
						<SP ID="P18_SP00393" HPOS="1245" VPOS="2403" WIDTH="21"/>
						<String ID="P18_ST00431" HPOS="1266" VPOS="2354" WIDTH="79" HEIGHT="38" CONTENT="par" WC="1.00" CC="000"/>
						<SP ID="P18_SP00394" HPOS="1345" VPOS="2403" WIDTH="23"/>
						<String ID="P18_ST00432" HPOS="1368" VPOS="2339" WIDTH="54" HEIGHT="40" CONTENT="de" WC="1.00" CC="00"/>
						<SP ID="P18_SP00395" HPOS="1422" VPOS="2403" WIDTH="23"/>
						<String ID="P18_ST00433" HPOS="1445" VPOS="2337" WIDTH="185" HEIGHT="52" CONTENT="simples" WC="1.00" CC="0400000"/>
						<SP ID="P18_SP00396" HPOS="1630" VPOS="2403" WIDTH="20"/>
						<String ID="P18_ST00434" HPOS="1650" VPOS="2337" WIDTH="237" HEIGHT="50" CONTENT="étiquettes" WC="1.00" CC="0000400501"/>
						<SP ID="P18_SP00397" HPOS="1887" VPOS="2403" WIDTH="18"/>
						<String ID="P18_ST00435" HPOS="1905" VPOS="2335" WIDTH="76" HEIGHT="50" CONTENT="qui" WC="0.98" CC="004"/>
						<SP ID="P18_SP00398" HPOS="1981" VPOS="2403" WIDTH="20"/>
						<String ID="P18_ST00436" HPOS="2001" VPOS="2345" WIDTH="55" HEIGHT="28" CONTENT="ne" WC="1.00" CC="00"/>
						<SP ID="P18_SP00399" HPOS="2056" VPOS="2403" WIDTH="23"/>
						<String ID="P18_ST00437" HPOS="2079" VPOS="2345" WIDTH="71" HEIGHT="28" CONTENT="cor" SUBS_TYPE="HypPart1" SUBS_CONTENT="correspondaient" WC="0.99" CC="000"/>
						<HYP HPOS="2150" VPOS="2345" WIDTH="23" CONTENT="-"/>
					</TextLine>
					<TextLine ID="P18_TL00032" HPOS="166" VPOS="2403" WIDTH="2007" HEIGHT="69">
						<String ID="P18_ST00438" HPOS="166" VPOS="2420" WIDTH="315" HEIGHT="52" CONTENT="respondaient" SUBS_TYPE="HypPart2" SUBS_CONTENT="correspondaient" WC="1.00" CC="060030003004"/>
						<SP ID="P18_SP00400" HPOS="481" VPOS="2472" WIDTH="20"/>
						<String ID="P18_ST00439" HPOS="501" VPOS="2417" WIDTH="101" HEIGHT="52" CONTENT="plus" WC="0.98" CC="0331"/>
						<SP ID="P18_SP00401" HPOS="602" VPOS="2472" WIDTH="16"/>
						<String ID="P18_ST00440" HPOS="618" VPOS="2420" WIDTH="21" HEIGHT="35" CONTENT="à" WC="1.00" CC="0"/>
						<SP ID="P18_SP00402" HPOS="639" VPOS="2472" WIDTH="26"/>
						<String ID="P18_ST00441" HPOS="665" VPOS="2416" WIDTH="92" HEIGHT="39" CONTENT="rien" WC="0.98" CC="0006"/>
						<SP ID="P18_SP00403" HPOS="757" VPOS="2472" WIDTH="23"/>
						<String ID="P18_ST00442" HPOS="780" VPOS="2414" WIDTH="54" HEIGHT="40" CONTENT="de" WC="1.00" CC="00"/>
						<SP ID="P18_SP00404" HPOS="834" VPOS="2472" WIDTH="29"/>
						<String ID="P18_ST00443" HPOS="863" VPOS="2413" WIDTH="103" HEIGHT="49" CONTENT="réel," WC="0.99" CC="00014"/>
						<SP ID="P18_SP00405" HPOS="966" VPOS="2472" WIDTH="23"/>
						<String ID="P18_ST00444" HPOS="989" VPOS="2420" WIDTH="40" HEIGHT="32" CONTENT="et" WC="0.84" CC="03"/>
						<SP ID="P18_SP00406" HPOS="1029" VPOS="2472" WIDTH="21"/>
						<String ID="P18_ST00445" HPOS="1050" VPOS="2411" WIDTH="54" HEIGHT="40" CONTENT="ils" WC="0.99" CC="110"/>
						<SP ID="P18_SP00407" HPOS="1104" VPOS="2472" WIDTH="17"/>
						<String ID="P18_ST00446" HPOS="1121" VPOS="2418" WIDTH="76" HEIGHT="32" CONTENT="ont" WC="1.00" CC="000"/>
						<SP ID="P18_SP00408" HPOS="1197" VPOS="2472" WIDTH="15"/>
						<String ID="P18_ST00447" HPOS="1212" VPOS="2410" WIDTH="184" HEIGHT="50" CONTENT="disparu" WC="1.00" CC="0300005"/>
						<SP ID="P18_SP00409" HPOS="1396" VPOS="2472" WIDTH="24"/>
						<String ID="P18_ST00448" HPOS="1420" VPOS="2405" WIDTH="135" HEIGHT="48" CONTENT="enfin," WC="0.99" CC="030074"/>
						<SP ID="P18_SP00410" HPOS="1555" VPOS="2472" WIDTH="28"/>
						<String ID="P18_ST00449" HPOS="1583" VPOS="2418" WIDTH="105" HEIGHT="39" CONTENT="poui" WC="0.71" CC="0037"/>
						<SP ID="P18_SP00411" HPOS="1688" VPOS="2472" WIDTH="27"/>
						<String ID="P18_ST00450" HPOS="1715" VPOS="2419" WIDTH="26" HEIGHT="24" CONTENT="n" WC="1.00" CC="0"/>
						<SP ID="P18_SP00412" HPOS="1741" VPOS="2472" WIDTH="18"/>
						<String ID="P18_ST00451" HPOS="1759" VPOS="2419" WIDTH="26" HEIGHT="36" CONTENT="y" WC="0.17" CC="8"/>
						<SP ID="P18_SP00413" HPOS="1785" VPOS="2472" WIDTH="24"/>
						<String ID="P18_ST00452" HPOS="1809" VPOS="2403" WIDTH="100" HEIGHT="52" CONTENT="plus" WC="0.99" CC="0300"/>
						<SP ID="P18_SP00414" HPOS="1909" VPOS="2472" WIDTH="25"/>
						<String ID="P18_ST00453" HPOS="1934" VPOS="2415" WIDTH="118" HEIGHT="38" CONTENT="repai" WC="0.85" CC="00007"/>
						<SP ID="P18_SP00415" HPOS="2052" VPOS="2472" WIDTH="13"/>
						<String ID="P18_ST00454" HPOS="2065" VPOS="2406" WIDTH="76" HEIGHT="35" CONTENT="aîti" WC="0.53" CC="0557"/>
						<SP ID="P18_SP00416" HPOS="2141" VPOS="2472" WIDTH="11"/>
						<String ID="P18_ST00455" HPOS="2152" VPOS="2415" WIDTH="21" HEIGHT="25" CONTENT="e" WC="0.26" CC="7"/>
					</TextLine>
					<TextLine ID="P18_TL00033" HPOS="166" VPOS="2471" WIDTH="2007" HEIGHT="70">
						<String ID="P18_ST00456" HPOS="166" VPOS="2485" WIDTH="565" HEIGHT="56" CONTENT="qu'exceptionnellement," WC="1.00" CC="0040000000077001000763"/>
						<SP ID="P18_SP00417" HPOS="731" VPOS="2541" WIDTH="20"/>
						<String ID="P18_ST00457" HPOS="751" VPOS="2483" WIDTH="54" HEIGHT="39" CONTENT="de" WC="1.00" CC="00"/>
						<SP ID="P18_SP00418" HPOS="805" VPOS="2541" WIDTH="14"/>
						<String ID="P18_ST00458" HPOS="819" VPOS="2490" WIDTH="125" HEIGHT="32" CONTENT="notre" WC="0.98" CC="00570"/>
						<SP ID="P18_SP00419" HPOS="944" VPOS="2541" WIDTH="24"/>
						<String ID="P18_ST00459" HPOS="968" VPOS="2490" WIDTH="64" HEIGHT="31" CONTENT="art" WC="0.97" CC="070"/>
						<SP ID="P18_SP00420" HPOS="1032" VPOS="2541" WIDTH="20"/>
						<String ID="P18_ST00460" HPOS="1052" VPOS="2479" WIDTH="187" HEIGHT="40" CONTENT="musical" WC="0.99" CC="0504200"/>
						<SP ID="P18_SP00421" HPOS="1239" VPOS="2541" WIDTH="20"/>
						<String ID="P18_ST00461" HPOS="1259" VPOS="2476" WIDTH="202" HEIGHT="54" CONTENT="profane." WC="0.99" CC="00000704"/>
						<SP ID="P18_SP00422" HPOS="1461" VPOS="2541" WIDTH="23"/>
						<String ID="P18_ST00462" HPOS="1484" VPOS="2474" WIDTH="37" HEIGHT="40" CONTENT="D" WC="0.33" CC="6"/>
						<SP ID="P18_SP00423" HPOS="1521" VPOS="2541" WIDTH="21"/>
						<String ID="P18_ST00463" HPOS="1542" VPOS="2480" WIDTH="56" HEIGHT="34" CONTENT="où" WC="0.58" CC="08"/>
						<SP ID="P18_SP00424" HPOS="1598" VPOS="2541" WIDTH="23"/>
						<String ID="P18_ST00464" HPOS="1621" VPOS="2474" WIDTH="121" HEIGHT="39" CONTENT="vient" WC="1.00" CC="00000"/>
						<SP ID="P18_SP00425" HPOS="1742" VPOS="2541" WIDTH="28"/>
						<String ID="P18_ST00465" HPOS="1770" VPOS="2480" WIDTH="111" HEIGHT="32" CONTENT="cette" WC="0.98" CC="07600"/>
						<SP ID="P18_SP00426" HPOS="1881" VPOS="2541" WIDTH="21"/>
						<String ID="P18_ST00466" HPOS="1902" VPOS="2471" WIDTH="247" HEIGHT="39" CONTENT="non-coinci" SUBS_TYPE="HypPart1" SUBS_CONTENT="non-coincidence," WC="0.80" CC="0004008004"/>
						<HYP HPOS="2149" VPOS="2471" WIDTH="24" CONTENT="-"/>
					</TextLine>
					<TextLine ID="P18_TL00034" HPOS="165" VPOS="2538" WIDTH="2006" HEIGHT="66">
						<String ID="P18_ST00467" HPOS="165" VPOS="2557" WIDTH="153" HEIGHT="47" CONTENT="dence," SUBS_TYPE="HypPart2" SUBS_CONTENT="non-coincidence," WC="0.97" CC="000001"/>
						<SP ID="P18_SP00427" HPOS="318" VPOS="2604" WIDTH="22"/>
						<String ID="P18_ST00468" HPOS="340" VPOS="2569" WIDTH="47" HEIGHT="27" CONTENT="ce" WC="0.99" CC="00"/>
						<SP ID="P18_SP00428" HPOS="387" VPOS="2604" WIDTH="22"/>
						<String ID="P18_ST00469" HPOS="409" VPOS="2553" WIDTH="150" HEIGHT="41" CONTENT="défaut" WC="0.99" CC="000060"/>
						<SP ID="P18_SP00429" HPOS="559" VPOS="2604" WIDTH="26"/>
						<String ID="P18_ST00470" HPOS="585" VPOS="2552" WIDTH="159" HEIGHT="40" CONTENT="absolu" WC="1.00" CC="000010"/>
						<SP ID="P18_SP00430" HPOS="744" VPOS="2604" WIDTH="25"/>
						<String ID="P18_ST00471" HPOS="769" VPOS="2551" WIDTH="52" HEIGHT="39" CONTENT="de" WC="1.00" CC="00"/>
						<SP ID="P18_SP00431" HPOS="821" VPOS="2604" WIDTH="23"/>
						<String ID="P18_ST00472" HPOS="844" VPOS="2549" WIDTH="304" HEIGHT="53" CONTENT="parallélisme" WC="1.00" CC="000000034000"/>
						<SP ID="P18_SP00432" HPOS="1148" VPOS="2604" WIDTH="21"/>
						<String ID="P18_ST00473" HPOS="1169" VPOS="2555" WIDTH="126" HEIGHT="31" CONTENT="entre" WC="0.98" CC="07500"/>
						<SP ID="P18_SP00433" HPOS="1295" VPOS="2604" WIDTH="19"/>
						<String ID="P18_ST00474" HPOS="1314" VPOS="2545" WIDTH="78" HEIGHT="40" CONTENT="des" WC="1.00" CC="010"/>
						<SP ID="P18_SP00434" HPOS="1392" VPOS="2604" WIDTH="23"/>
						<String ID="P18_ST00475" HPOS="1415" VPOS="2545" WIDTH="137" HEIGHT="39" CONTENT="séries" WC="0.99" CC="070200"/>
						<SP ID="P18_SP00435" HPOS="1552" VPOS="2604" WIDTH="21"/>
						<String ID="P18_ST00476" HPOS="1573" VPOS="2542" WIDTH="53" HEIGHT="40" CONTENT="de" WC="1.00" CC="00"/>
						<SP ID="P18_SP00436" HPOS="1626" VPOS="2604" WIDTH="25"/>
						<String ID="P18_ST00477" HPOS="1651" VPOS="2540" WIDTH="102" HEIGHT="41" CONTENT="faits" WC="0.99" CC="30040"/>
						<SP ID="P18_SP00437" HPOS="1753" VPOS="2604" WIDTH="22"/>
						<String ID="P18_ST00478" HPOS="1775" VPOS="2541" WIDTH="92" HEIGHT="51" CONTENT="qui," WC="0.98" CC="0234"/>
						<SP ID="P18_SP00438" HPOS="1867" VPOS="2604" WIDTH="26"/>
						<String ID="P18_ST00479" HPOS="1893" VPOS="2538" WIDTH="278" HEIGHT="47" CONTENT="semble-t-il," WC="0.86" CC="020000411031"/>
					</TextLine>
					<TextLine ID="P18_TL00035" HPOS="165" VPOS="2610" WIDTH="2008" HEIGHT="64">
						<String ID="P18_ST00480" HPOS="165" VPOS="2627" WIDTH="201" HEIGHT="38" CONTENT="auraient" WC="1.00" CC="00002060"/>
						<SP ID="P18_SP00439" HPOS="366" VPOS="2665" WIDTH="19"/>
						<String ID="P18_ST00481" HPOS="385" VPOS="2624" WIDTH="57" HEIGHT="40" CONTENT="dù" WC="1.00" CC="00"/>
						<SP ID="P18_SP00440" HPOS="442" VPOS="2665" WIDTH="14"/>
						<String ID="P18_ST00482" HPOS="456" VPOS="2625" WIDTH="252" HEIGHT="49" CONTENT="apparaître" WC="1.00" CC="0000005500"/>
						<SP ID="P18_SP00441" HPOS="708" VPOS="2674" WIDTH="14"/>
						<String ID="P18_ST00483" HPOS="722" VPOS="2628" WIDTH="41" HEIGHT="32" CONTENT="et" WC="0.70" CC="05"/>
						<SP ID="P18_SP00442" HPOS="763" VPOS="2674" WIDTH="22"/>
						<String ID="P18_ST00484" HPOS="785" VPOS="2618" WIDTH="184" HEIGHT="41" CONTENT="évoluer" WC="0.99" CC="0003600"/>
						<SP ID="P18_SP00443" HPOS="969" VPOS="2674" WIDTH="15"/>
						<String ID="P18_ST00485" HPOS="984" VPOS="2615" WIDTH="231" HEIGHT="42" CONTENT="ensemble" WC="1.00" CC="07000010"/>
						<SP ID="P18_SP00444" HPOS="1215" VPOS="2674" WIDTH="14"/>
						<String ID="P18_ST00486" HPOS="1229" VPOS="2618" WIDTH="17" HEIGHT="37" CONTENT="?" WC="0.15" CC="8"/>
						<SP ID="P18_SP00445" HPOS="1246" VPOS="2674" WIDTH="17"/>
						<String ID="P18_ST00487" HPOS="1263" VPOS="2612" WIDTH="48" HEIGHT="43" CONTENT="Si" WC="0.81" CC="03"/>
						<SP ID="P18_SP00446" HPOS="1311" VPOS="2674" WIDTH="13"/>
						<String ID="P18_ST00488" HPOS="1324" VPOS="2614" WIDTH="63" HEIGHT="39" CONTENT="les" WC="0.98" CC="500"/>
						<SP ID="P18_SP00447" HPOS="1387" VPOS="2674" WIDTH="11"/>
						<String ID="P18_ST00489" HPOS="1398" VPOS="2612" WIDTH="155" HEIGHT="41" CONTENT="modes" WC="1.00" CC="00000"/>
						<SP ID="P18_SP00448" HPOS="1553" VPOS="2674" WIDTH="20"/>
						<String ID="P18_ST00490" HPOS="1573" VPOS="2610" WIDTH="285" HEIGHT="51" CONTENT="diatoniques" WC="1.00" CC="01050000109"/>
						<SP ID="P18_SP00449" HPOS="1858" VPOS="2674" WIDTH="19"/>
						<String ID="P18_ST00491" HPOS="1877" VPOS="2617" WIDTH="77" HEIGHT="31" CONTENT="ont" WC="0.98" CC="041"/>
						<SP ID="P18_SP00450" HPOS="1954" VPOS="2674" WIDTH="23"/>
						<String ID="P18_ST00492" HPOS="1977" VPOS="2611" WIDTH="67" HEIGHT="35" CONTENT="été" WC="0.97" CC="800"/>
						<SP ID="P18_SP00451" HPOS="2044" VPOS="2674" WIDTH="20"/>
						<String ID="P18_ST00493" HPOS="2064" VPOS="2619" WIDTH="109" HEIGHT="39" CONTENT="pour" WC="0.98" CC="0060"/>
					</TextLine>
					<TextLine ID="P18_TL00036" HPOS="164" VPOS="2674" WIDTH="2009" HEIGHT="67">
						<String ID="P18_ST00494" HPOS="164" VPOS="2695" WIDTH="113" HEIGHT="38" CONTENT="ainsi" WC="0.98" CC="04703"/>
						<SP ID="P18_SP00452" HPOS="277" VPOS="2733" WIDTH="13"/>
						<String ID="P18_ST00495" HPOS="290" VPOS="2694" WIDTH="93" HEIGHT="39" CONTENT="dire" WC="0.99" CC="0300"/>
						<SP ID="P18_SP00453" HPOS="383" VPOS="2733" WIDTH="21"/>
						<String ID="P18_ST00496" HPOS="404" VPOS="2693" WIDTH="206" HEIGHT="38" CONTENT="détrônés" WC="0.99" CC="40005070"/>
						<SP ID="P18_SP00454" HPOS="610" VPOS="2733" WIDTH="27"/>
						<String ID="P18_ST00497" HPOS="637" VPOS="2703" WIDTH="79" HEIGHT="38" CONTENT="par" WC="0.98" CC="040"/>
						<SP ID="P18_SP00455" HPOS="716" VPOS="2741" WIDTH="17"/>
						<String ID="P18_ST00498" HPOS="733" VPOS="2697" WIDTH="111" HEIGHT="31" CONTENT="cette" WC="0.98" CC="00550"/>
						<SP ID="P18_SP00456" HPOS="844" VPOS="2741" WIDTH="17"/>
						<String ID="P18_ST00499" HPOS="861" VPOS="2690" WIDTH="191" HEIGHT="48" CONTENT="poussée" WC="1.00" CC="0050000"/>
						<SP ID="P18_SP00457" HPOS="1052" VPOS="2741" WIDTH="24"/>
						<String ID="P18_ST00500" HPOS="1076" VPOS="2684" WIDTH="333" HEIGHT="40" CONTENT="d'humanisme" WC="1.00" CC="04000051000"/>
						<SP ID="P18_SP00458" HPOS="1409" VPOS="2741" WIDTH="22"/>
						<String ID="P18_ST00501" HPOS="1431" VPOS="2690" WIDTH="40" HEIGHT="31" CONTENT="et" WC="0.41" CC="56"/>
						<SP ID="P18_SP00459" HPOS="1471" VPOS="2741" WIDTH="15"/>
						<String ID="P18_ST00502" HPOS="1486" VPOS="2681" WIDTH="54" HEIGHT="39" CONTENT="de" WC="1.00" CC="00"/>
						<SP ID="P18_SP00460" HPOS="1540" VPOS="2741" WIDTH="23"/>
						<String ID="P18_ST00503" HPOS="1563" VPOS="2679" WIDTH="265" HEIGHT="40" CONTENT="rénovation" WC="1.00" CC="0000000100"/>
						<SP ID="P18_SP00461" HPOS="1828" VPOS="2741" WIDTH="33"/>
						<String ID="P18_ST00504" HPOS="1861" VPOS="2674" WIDTH="312" HEIGHT="42" CONTENT="intellectuelle" WC="1.00" CC="00000201560042"/>
					</TextLine>
					<TextLine ID="P18_TL00037" HPOS="162" VPOS="2744" WIDTH="2013" HEIGHT="71">
						<String ID="P18_ST00505" HPOS="162" VPOS="2764" WIDTH="75" HEIGHT="51" CONTENT="qui" WC="1.00" CC="000"/>
						<SP ID="P18_SP00462" HPOS="237" VPOS="2815" WIDTH="40"/>
						<String ID="P18_ST00506" HPOS="277" VPOS="2761" WIDTH="263" HEIGHT="40" CONTENT="caractérise" WC="1.00" CC="00000360300"/>
						<SP ID="P18_SP00463" HPOS="540" VPOS="2815" WIDTH="20"/>
						<String ID="P18_ST00507" HPOS="560" VPOS="2758" WIDTH="40" HEIGHT="39" CONTENT="le" WC="0.94" CC="10"/>
						<SP ID="P18_SP00464" HPOS="600" VPOS="2815" WIDTH="32"/>
						<String ID="P18_ST00508" HPOS="632" VPOS="2772" WIDTH="69" HEIGHT="25" CONTENT="xvi" WC="0.92" CC="002"/>
						<String ID="P18_ST00509" HPOS="707" VPOS="2761" WIDTH="15" HEIGHT="17" CONTENT="e" STYLE="superscript" WC="0.69" CC="3"/>
						<SP ID="P18_SP00465" HPOS="722" VPOS="2815" WIDTH="23"/>
						<String ID="P18_ST00510" HPOS="745" VPOS="2756" WIDTH="146" HEIGHT="47" CONTENT="siècle," WC="0.99" CC="0580400"/>
						<SP ID="P18_SP00466" HPOS="891" VPOS="2815" WIDTH="21"/>
						<String ID="P18_ST00511" HPOS="912" VPOS="2755" WIDTH="103" HEIGHT="40" CONTENT="c'est" WC="1.00" CC="00000"/>
						<SP ID="P18_SP00467" HPOS="1015" VPOS="2815" WIDTH="25"/>
						<String ID="P18_ST00512" HPOS="1040" VPOS="2766" WIDTH="128" HEIGHT="40" CONTENT="parce" WC="0.99" CC="00005"/>
						<SP ID="P18_SP00468" HPOS="1168" VPOS="2815" WIDTH="25"/>
						<String ID="P18_ST00513" HPOS="1193" VPOS="2765" WIDTH="86" HEIGHT="39" CONTENT="que" WC="1.00" CC="000"/>
						<SP ID="P18_SP00469" HPOS="1279" VPOS="2815" WIDTH="20"/>
						<String ID="P18_ST00514" HPOS="1299" VPOS="2751" WIDTH="95" HEIGHT="40" CONTENT="leur" WC="1.00" CC="1000"/>
						<SP ID="P18_SP00470" HPOS="1394" VPOS="2815" WIDTH="18"/>
						<String ID="P18_ST00515" HPOS="1412" VPOS="2747" WIDTH="218" HEIGHT="42" CONTENT="véritable" WC="1.00" CC="060000000"/>
						<SP ID="P18_SP00471" HPOS="1630" VPOS="2815" WIDTH="34"/>
						<String ID="P18_ST00516" HPOS="1664" VPOS="2747" WIDTH="177" HEIGHT="49" CONTENT="origine" WC="0.99" CC="0020160"/>
						<SP ID="P18_SP00472" HPOS="1841" VPOS="2815" WIDTH="24"/>
						<String ID="P18_ST00517" HPOS="1865" VPOS="2745" WIDTH="63" HEIGHT="40" CONTENT="les" WC="0.99" CC="300"/>
						<SP ID="P18_SP00473" HPOS="1928" VPOS="2815" WIDTH="20"/>
						<String ID="P18_ST00518" HPOS="1948" VPOS="2744" WIDTH="227" HEIGHT="50" CONTENT="distingue" WC="1.00" CC="000220002"/>
					</TextLine>
					<TextLine ID="P18_TL00038" HPOS="164" VPOS="2813" WIDTH="2010" HEIGHT="70">
						<String ID="P18_ST00519" HPOS="164" VPOS="2829" WIDTH="343" HEIGHT="54" CONTENT="profondément" WC="1.00" CC="000017000046"/>
						<SP ID="P18_SP00474" HPOS="507" VPOS="2883" WIDTH="19"/>
						<String ID="P18_ST00520" HPOS="526" VPOS="2827" WIDTH="77" HEIGHT="40" CONTENT="des" WC="1.00" CC="000"/>
						<SP ID="P18_SP00475" HPOS="603" VPOS="2883" WIDTH="25"/>
						<String ID="P18_ST00521" HPOS="628" VPOS="2825" WIDTH="155" HEIGHT="40" CONTENT="modes" WC="1.00" CC="00000"/>
						<SP ID="P18_SP00476" HPOS="783" VPOS="2883" WIDTH="22"/>
						<String ID="P18_ST00522" HPOS="805" VPOS="2824" WIDTH="351" HEIGHT="40" CONTENT="architecturaux" WC="1.00" CC="00040200020000"/>
						<SP ID="P18_SP00477" HPOS="1156" VPOS="2883" WIDTH="13"/>
						<String ID="P18_ST00523" HPOS="1169" VPOS="2835" WIDTH="10" HEIGHT="34" CONTENT=";" WC="0.21" CC="7"/>
						<SP ID="P18_SP00478" HPOS="1179" VPOS="2883" WIDTH="23"/>
						<String ID="P18_ST00524" HPOS="1202" VPOS="2820" WIDTH="119" HEIGHT="50" CONTENT="c'est," WC="0.99" CC="040044"/>
						<SP ID="P18_SP00479" HPOS="1321" VPOS="2883" WIDTH="19"/>
						<String ID="P18_ST00525" HPOS="1340" VPOS="2833" WIDTH="55" HEIGHT="26" CONTENT="en" WC="0.69" CC="06"/>
						<SP ID="P18_SP00480" HPOS="1395" VPOS="2883" WIDTH="21"/>
						<String ID="P18_ST00526" HPOS="1416" VPOS="2833" WIDTH="60" HEIGHT="25" CONTENT="un" WC="0.86" CC="20"/>
						<SP ID="P18_SP00481" HPOS="1476" VPOS="2883" WIDTH="20"/>
						<String ID="P18_ST00527" HPOS="1496" VPOS="2825" WIDTH="109" HEIGHT="40" CONTENT="mot," WC="0.98" CC="0063"/>
						<SP ID="P18_SP00482" HPOS="1605" VPOS="2883" WIDTH="22"/>
						<String ID="P18_ST00528" HPOS="1627" VPOS="2828" WIDTH="130" HEIGHT="40" CONTENT="parce" WC="0.99" CC="00700"/>
						<SP ID="P18_SP00483" HPOS="1757" VPOS="2883" WIDTH="18"/>
						<String ID="P18_ST00529" HPOS="1775" VPOS="2829" WIDTH="57" HEIGHT="38" CONTENT="qu" WC="0.84" CC="03"/>
						<SP ID="P18_SP00484" HPOS="1832" VPOS="2883" WIDTH="20"/>
						<String ID="P18_ST00530" HPOS="1852" VPOS="2813" WIDTH="53" HEIGHT="40" CONTENT="ils" WC="0.99" CC="200"/>
						<SP ID="P18_SP00485" HPOS="1905" VPOS="2883" WIDTH="20"/>
						<String ID="P18_ST00531" HPOS="1925" VPOS="2820" WIDTH="101" HEIGHT="33" CONTENT="sont" WC="0.99" CC="0060"/>
						<SP ID="P18_SP00486" HPOS="2026" VPOS="2883" WIDTH="13"/>
						<String ID="P18_ST00532" HPOS="2039" VPOS="2819" WIDTH="108" HEIGHT="47" CONTENT="popu" SUBS_TYPE="HypPart1" SUBS_CONTENT="populaires," WC="0.98" CC="6002" STYLEREFS="TXT_3"/>
						<HYP HPOS="2147" VPOS="2819" WIDTH="27" CONTENT="-"/>
					</TextLine>
					<TextLine ID="P18_TL00039" HPOS="163" VPOS="2880" WIDTH="2012" HEIGHT="70">
						<String ID="P18_ST00533" HPOS="163" VPOS="2898" WIDTH="142" HEIGHT="49" CONTENT="laires," SUBS_TYPE="HypPart2" SUBS_CONTENT="populaires," WC="1.00" CC="0000004" STYLEREFS="TXT_3"/>
						<SP ID="P18_SP00487" HPOS="305" VPOS="2947" WIDTH="19"/>
						<String ID="P18_ST00534" HPOS="324" VPOS="2907" WIDTH="41" HEIGHT="31" CONTENT="et" WC="0.69" CC="06"/>
						<SP ID="P18_SP00488" HPOS="365" VPOS="2947" WIDTH="17"/>
						<String ID="P18_ST00535" HPOS="382" VPOS="2910" WIDTH="100" HEIGHT="40" CONTENT="que," WC="0.99" CC="0004"/>
						<SP ID="P18_SP00489" HPOS="482" VPOS="2950" WIDTH="18"/>
						<String ID="P18_ST00536" HPOS="500" VPOS="2896" WIDTH="40" HEIGHT="39" CONTENT="la" WC="0.66" CC="41"/>
						<SP ID="P18_SP00490" HPOS="540" VPOS="2950" WIDTH="22"/>
						<String ID="P18_ST00537" HPOS="562" VPOS="2894" WIDTH="270" HEIGHT="41" CONTENT="civilisation" WC="0.99" CC="010023006406"/>
						<SP ID="P18_SP00491" HPOS="832" VPOS="2950" WIDTH="19"/>
						<String ID="P18_ST00538" HPOS="851" VPOS="2891" WIDTH="214" HEIGHT="41" CONTENT="moderne" WC="1.00" CC="0100000"/>
						<SP ID="P18_SP00492" HPOS="1065" VPOS="2950" WIDTH="24"/>
						<String ID="P18_ST00539" HPOS="1089" VPOS="2890" WIDTH="284" HEIGHT="40" CONTENT="aboutissant" WC="1.00" CC="00025300000"/>
						<SP ID="P18_SP00493" HPOS="1373" VPOS="2950" WIDTH="21"/>
						<String ID="P18_ST00540" HPOS="1394" VPOS="2888" WIDTH="202" HEIGHT="51" CONTENT="toujours" WC="1.00" CC="00500500"/>
						<SP ID="P18_SP00494" HPOS="1596" VPOS="2950" WIDTH="18"/>
						<String ID="P18_ST00541" HPOS="1614" VPOS="2890" WIDTH="22" HEIGHT="35" CONTENT="à" WC="1.00" CC="0"/>
						<SP ID="P18_SP00495" HPOS="1636" VPOS="2950" WIDTH="16"/>
						<String ID="P18_ST00542" HPOS="1652" VPOS="2884" WIDTH="11" HEIGHT="40" CONTENT="1" WC="0.90" CC="0"/>
						<SP ID="P18_SP00496" HPOS="1663" VPOS="2950" WIDTH="22"/>
						<String ID="P18_ST00543" HPOS="1685" VPOS="2883" WIDTH="212" HEIGHT="41" CONTENT="abandon" WC="0.99" CC="0005004"/>
						<SP ID="P18_SP00497" HPOS="1897" VPOS="2950" WIDTH="17"/>
						<String ID="P18_ST00544" HPOS="1914" VPOS="2881" WIDTH="78" HEIGHT="40" CONTENT="des" WC="1.00" CC="000"/>
						<SP ID="P18_SP00498" HPOS="1992" VPOS="2950" WIDTH="17"/>
						<String ID="P18_ST00545" HPOS="2009" VPOS="2880" WIDTH="166" HEIGHT="40" CONTENT="formes" WC="1.00" CC="020000"/>
					</TextLine>
					<TextLine ID="P18_TL00040" HPOS="162" VPOS="2949" WIDTH="2013" HEIGHT="71">
						<String ID="P18_ST00546" HPOS="162" VPOS="2967" WIDTH="256" HEIGHT="53" CONTENT="populaires" WC="1.00" CC="0005004000"/>
						<SP ID="P18_SP00499" HPOS="418" VPOS="3020" WIDTH="40"/>
						<String ID="P18_ST00547" HPOS="458" VPOS="2963" WIDTH="256" HEIGHT="53" CONTENT="auxquelles" WC="1.00" CC="0000002600"/>
						<SP ID="P18_SP00500" HPOS="714" VPOS="3020" WIDTH="48"/>
						<String ID="P18_ST00548" HPOS="762" VPOS="2975" WIDTH="57" HEIGHT="26" CONTENT="on" WC="0.68" CC="06"/>
						<SP ID="P18_SP00501" HPOS="819" VPOS="3020" WIDTH="50"/>
						<String ID="P18_ST00549" HPOS="869" VPOS="2959" WIDTH="220" HEIGHT="41" CONTENT="substitue" WC="0.99" CC="050703630"/>
						<SP ID="P18_SP00502" HPOS="1089" VPOS="3020" WIDTH="35"/>
						<String ID="P18_ST00550" HPOS="1124" VPOS="2959" WIDTH="77" HEIGHT="39" CONTENT="des" WC="1.00" CC="000"/>
						<SP ID="P18_SP00503" HPOS="1201" VPOS="3020" WIDTH="38"/>
						<String ID="P18_ST00551" HPOS="1239" VPOS="2957" WIDTH="328" HEIGHT="41" CONTENT="constructions" WC="0.99" CC="0060600054050"/>
						<SP ID="P18_SP00504" HPOS="1567" VPOS="3020" WIDTH="48"/>
						<String ID="P18_ST00552" HPOS="1615" VPOS="2953" WIDTH="101" HEIGHT="53" CONTENT="plus" WC="1.00" CC="0100"/>
						<SP ID="P18_SP00505" HPOS="1716" VPOS="3020" WIDTH="36"/>
						<String ID="P18_ST00553" HPOS="1752" VPOS="2959" WIDTH="209" HEIGHT="33" CONTENT="savantes" WC="1.00" CC="00004500"/>
						<SP ID="P18_SP00506" HPOS="1961" VPOS="3020" WIDTH="36"/>
						<String ID="P18_ST00554" HPOS="1997" VPOS="2958" WIDTH="42" HEIGHT="31" CONTENT="et" WC="0.50" CC="36"/>
						<SP ID="P18_SP00507" HPOS="2039" VPOS="3020" WIDTH="35"/>
						<String ID="P18_ST00555" HPOS="2074" VPOS="2949" WIDTH="101" HEIGHT="52" CONTENT="plus" WC="0.99" CC="0020"/>
					</TextLine>
					<TextLine ID="P18_TL00041" HPOS="163" VPOS="3018" WIDTH="2012" HEIGHT="68">
						<String ID="P18_ST00556" HPOS="163" VPOS="3034" WIDTH="225" HEIGHT="52" CONTENT="raffinées," WC="0.99" CC="0020660004"/>
						<SP ID="P18_SP00508" HPOS="388" VPOS="3086" WIDTH="25"/>
						<String ID="P18_ST00557" HPOS="413" VPOS="3034" WIDTH="94" HEIGHT="40" CONTENT="leur" WC="0.98" CC="3060"/>
						<SP ID="P18_SP00509" HPOS="507" VPOS="3086" WIDTH="23"/>
						<String ID="P18_ST00558" HPOS="530" VPOS="3036" WIDTH="184" HEIGHT="49" CONTENT="progrès" WC="0.99" CC="0010070"/>
						<SP ID="P18_SP00510" HPOS="714" VPOS="3086" WIDTH="40"/>
						<String ID="P18_ST00559" HPOS="754" VPOS="3038" WIDTH="65" HEIGHT="32" CONTENT="est" WC="0.98" CC="006"/>
						<SP ID="P18_SP00511" HPOS="819" VPOS="3086" WIDTH="41"/>
						<String ID="P18_ST00560" HPOS="860" VPOS="3043" WIDTH="54" HEIGHT="26" CONTENT="en" WC="0.64" CC="07"/>
						<SP ID="P18_SP00512" HPOS="914" VPOS="3086" WIDTH="36"/>
						<String ID="P18_ST00561" HPOS="950" VPOS="3030" WIDTH="150" HEIGHT="39" CONTENT="raison" WC="1.00" CC="003000"/>
						<SP ID="P18_SP00513" HPOS="1100" VPOS="3086" WIDTH="41"/>
						<String ID="P18_ST00562" HPOS="1141" VPOS="3029" WIDTH="176" HEIGHT="38" CONTENT="inverse" WC="1.00" CC="1000000"/>
						<SP ID="P18_SP00514" HPOS="1317" VPOS="3086" WIDTH="33"/>
						<String ID="P18_ST00563" HPOS="1350" VPOS="3025" WIDTH="53" HEIGHT="40" CONTENT="de" WC="1.00" CC="00"/>
						<SP ID="P18_SP00515" HPOS="1403" VPOS="3086" WIDTH="36"/>
						<String ID="P18_ST00564" HPOS="1439" VPOS="3024" WIDTH="111" HEIGHT="41" CONTENT="celui" WC="0.99" CC="00033"/>
						<SP ID="P18_SP00516" HPOS="1550" VPOS="3086" WIDTH="26"/>
						<String ID="P18_ST00565" HPOS="1576" VPOS="3023" WIDTH="53" HEIGHT="40" CONTENT="de" WC="1.00" CC="00"/>
						<SP ID="P18_SP00517" HPOS="1629" VPOS="3086" WIDTH="46"/>
						<String ID="P18_ST00566" HPOS="1675" VPOS="3022" WIDTH="40" HEIGHT="40" CONTENT="la" WC="0.58" CC="16"/>
						<SP ID="P18_SP00518" HPOS="1715" VPOS="3086" WIDTH="44"/>
						<String ID="P18_ST00567" HPOS="1759" VPOS="3019" WIDTH="271" HEIGHT="42" CONTENT="civilisation" WC="1.00" CC="000013003106"/>
						<SP ID="P18_SP00519" HPOS="2030" VPOS="3086" WIDTH="37"/>
						<String ID="P18_ST00568" HPOS="2067" VPOS="3018" WIDTH="87" HEIGHT="40" CONTENT="elle" SUBS_TYPE="HypPart1" SUBS_CONTENT="ellemême." WC="0.99" CC="0000"/>
						<HYP HPOS="2154" VPOS="3018" WIDTH="21" CONTENT="-"/>
					</TextLine>
					<TextLine ID="P18_TL00042" HPOS="171" VPOS="3107" WIDTH="158" HEIGHT="37">
						<String ID="P18_ST00569" HPOS="171" VPOS="3107" WIDTH="158" HEIGHT="37" CONTENT="même." SUBS_TYPE="HypPart2" SUBS_CONTENT="ellemême." WC="0.99" CC="04003"/>
					</TextLine>
					<TextLine ID="P18_TL00043" HPOS="218" VPOS="3154" WIDTH="1958" HEIGHT="70">
						<String ID="P18_ST00570" HPOS="218" VPOS="3171" WIDTH="99" HEIGHT="53" CONTENT="Que" WC="0.97" CC="070"/>
						<SP ID="P18_SP00520" HPOS="317" VPOS="3224" WIDTH="23"/>
						<String ID="P18_ST00571" HPOS="340" VPOS="3172" WIDTH="62" HEIGHT="40" CONTENT="les" WC="0.98" CC="310"/>
						<SP ID="P18_SP00521" HPOS="402" VPOS="3224" WIDTH="23"/>
						<String ID="P18_ST00572" HPOS="425" VPOS="3169" WIDTH="155" HEIGHT="41" CONTENT="modes" WC="1.00" CC="00000"/>
						<SP ID="P18_SP00522" HPOS="580" VPOS="3224" WIDTH="23"/>
						<String ID="P18_ST00573" HPOS="603" VPOS="3168" WIDTH="302" HEIGHT="50" CONTENT="diatoniques," WC="0.99" CC="060606400002"/>
						<SP ID="P18_SP00523" HPOS="905" VPOS="3224" WIDTH="23"/>
						<String ID="P18_ST00574" HPOS="928" VPOS="3178" WIDTH="90" HEIGHT="28" CONTENT="non" WC="0.96" CC="207"/>
						<SP ID="P18_SP00524" HPOS="1018" VPOS="3224" WIDTH="23"/>
						<String ID="P18_ST00575" HPOS="1041" VPOS="3165" WIDTH="170" HEIGHT="40" CONTENT="soumis" WC="0.99" CC="004040"/>
						<SP ID="P18_SP00525" HPOS="1211" VPOS="3224" WIDTH="26"/>
						<String ID="P18_ST00576" HPOS="1237" VPOS="3168" WIDTH="21" HEIGHT="36" CONTENT="à" WC="1.00" CC="0"/>
						<SP ID="P18_SP00526" HPOS="1258" VPOS="3224" WIDTH="21"/>
						<String ID="P18_ST00577" HPOS="1279" VPOS="3164" WIDTH="40" HEIGHT="39" CONTENT="la" WC="0.95" CC="00"/>
						<SP ID="P18_SP00527" HPOS="1319" VPOS="3224" WIDTH="21"/>
						<String ID="P18_ST00578" HPOS="1340" VPOS="3172" WIDTH="102" HEIGHT="31" CONTENT="note" WC="0.98" CC="4050"/>
						<SP ID="P18_SP00528" HPOS="1442" VPOS="3224" WIDTH="26"/>
						<String ID="P18_ST00579" HPOS="1468" VPOS="3175" WIDTH="19" HEIGHT="24" CONTENT="«" WC="1.00" CC="0"/>
						<SP ID="P18_SP00529" HPOS="1487" VPOS="3224" WIDTH="21"/>
						<String ID="P18_ST00580" HPOS="1508" VPOS="3159" WIDTH="195" HEIGHT="42" CONTENT="sensible" WC="1.00" CC="00005040"/>
						<SP ID="P18_SP00530" HPOS="1703" VPOS="3224" WIDTH="24"/>
						<String ID="P18_ST00581" HPOS="1727" VPOS="3171" WIDTH="38" HEIGHT="37" CONTENT="»," WC="0.55" CC="44"/>
						<SP ID="P18_SP00531" HPOS="1765" VPOS="3224" WIDTH="25"/>
						<String ID="P18_ST00582" HPOS="1790" VPOS="3161" WIDTH="21" HEIGHT="36" CONTENT="à" WC="1.00" CC="0"/>
						<SP ID="P18_SP00532" HPOS="1811" VPOS="3224" WIDTH="18"/>
						<String ID="P18_ST00583" HPOS="1829" VPOS="3158" WIDTH="39" HEIGHT="39" CONTENT="la" WC="0.96" CC="00"/>
						<SP ID="P18_SP00533" HPOS="1868" VPOS="3224" WIDTH="27"/>
						<String ID="P18_ST00584" HPOS="1895" VPOS="3156" WIDTH="204" HEIGHT="52" CONTENT="tyrannie" WC="1.00" CC="30000010"/>
						<SP ID="P18_SP00534" HPOS="2099" VPOS="3224" WIDTH="23"/>
						<String ID="P18_ST00585" HPOS="2122" VPOS="3154" WIDTH="54" HEIGHT="40" CONTENT="de" WC="1.00" CC="00"/>
					</TextLine>
					<TextLine ID="P18_TL00044" HPOS="166" VPOS="3224" WIDTH="2010" HEIGHT="68">
						<String ID="P18_ST00586" HPOS="166" VPOS="3243" WIDTH="40" HEIGHT="39" CONTENT="la" WC="0.82" CC="30"/>
						<SP ID="P18_SP00535" HPOS="206" VPOS="3282" WIDTH="22"/>
						<String ID="P18_ST00587" HPOS="228" VPOS="3242" WIDTH="198" HEIGHT="50" CONTENT="tonique," WC="1.00" CC="00000504"/>
						<SP ID="P18_SP00536" HPOS="426" VPOS="3292" WIDTH="26"/>
						<String ID="P18_ST00588" HPOS="452" VPOS="3246" WIDTH="41" HEIGHT="32" CONTENT="et" WC="0.68" CC="06"/>
						<SP ID="P18_SP00537" HPOS="493" VPOS="3292" WIDTH="24"/>
						<String ID="P18_ST00589" HPOS="517" VPOS="3252" WIDTH="83" HEIGHT="25" CONTENT="aux" WC="0.98" CC="400"/>
						<SP ID="P18_SP00538" HPOS="600" VPOS="3292" WIDTH="21"/>
						<String ID="P18_ST00590" HPOS="621" VPOS="3236" WIDTH="213" HEIGHT="40" CONTENT="cadences" WC="1.00" CC="00006000"/>
						<SP ID="P18_SP00539" HPOS="834" VPOS="3292" WIDTH="26"/>
						<String ID="P18_ST00591" HPOS="860" VPOS="3233" WIDTH="182" HEIGHT="41" CONTENT="fondées" WC="0.99" CC="0000701"/>
						<SP ID="P18_SP00540" HPOS="1042" VPOS="3292" WIDTH="24"/>
						<String ID="P18_ST00592" HPOS="1066" VPOS="3246" WIDTH="75" HEIGHT="27" CONTENT="sur" WC="1.00" CC="000"/>
						<SP ID="P18_SP00541" HPOS="1141" VPOS="3292" WIDTH="20"/>
						<String ID="P18_ST00593" HPOS="1161" VPOS="3246" WIDTH="69" HEIGHT="26" CONTENT="ces" WC="1.00" CC="000"/>
						<SP ID="P18_SP00542" HPOS="1230" VPOS="3292" WIDTH="21"/>
						<String ID="P18_ST00594" HPOS="1251" VPOS="3232" WIDTH="113" HEIGHT="40" CONTENT="deux" WC="1.00" CC="0000"/>
						<SP ID="P18_SP00543" HPOS="1364" VPOS="3292" WIDTH="21"/>
						<String ID="P18_ST00595" HPOS="1385" VPOS="3231" WIDTH="99" HEIGHT="47" CONTENT="lois," WC="0.99" CC="40200"/>
						<SP ID="P18_SP00544" HPOS="1484" VPOS="3292" WIDTH="41"/>
						<String ID="P18_ST00596" HPOS="1525" VPOS="3231" WIDTH="144" HEIGHT="38" CONTENT="soient" WC="0.99" CC="003060"/>
						<SP ID="P18_SP00545" HPOS="1669" VPOS="3292" WIDTH="32"/>
						<String ID="P18_ST00597" HPOS="1701" VPOS="3226" WIDTH="220" HEIGHT="50" CONTENT="d'origine" WC="1.00" CC="030010300"/>
						<SP ID="P18_SP00546" HPOS="1921" VPOS="3292" WIDTH="22"/>
						<String ID="P18_ST00598" HPOS="1943" VPOS="3224" WIDTH="233" HEIGHT="53" CONTENT="populaire" WC="1.00" CC="000400000"/>
					</TextLine>
					<TextLine ID="P18_TL00045" HPOS="164" VPOS="3295" WIDTH="2010" HEIGHT="67">
						<String ID="P18_ST00599" HPOS="164" VPOS="3319" WIDTH="41" HEIGHT="32" CONTENT="et" WC="0.39" CC="65"/>
						<SP ID="P18_SP00547" HPOS="205" VPOS="3351" WIDTH="23"/>
						<String ID="P18_ST00600" HPOS="228" VPOS="3311" WIDTH="200" HEIGHT="51" CONTENT="puissent" WC="0.99" CC="00200765"/>
						<SP ID="P18_SP00548" HPOS="428" VPOS="3362" WIDTH="22"/>
						<String ID="P18_ST00601" HPOS="450" VPOS="3311" WIDTH="145" HEIGHT="36" CONTENT="même" WC="0.97" CC="0707"/>
						<SP ID="P18_SP00549" HPOS="595" VPOS="3362" WIDTH="23"/>
						<String ID="P18_ST00602" HPOS="618" VPOS="3308" WIDTH="93" HEIGHT="36" CONTENT="être" WC="0.98" CC="7000"/>
						<SP ID="P18_SP00550" HPOS="711" VPOS="3362" WIDTH="25"/>
						<String ID="P18_ST00603" HPOS="736" VPOS="3303" WIDTH="220" HEIGHT="41" CONTENT="rattachés" WC="0.99" CC="000100660"/>
						<SP ID="P18_SP00551" HPOS="956" VPOS="3362" WIDTH="19"/>
						<String ID="P18_ST00604" HPOS="975" VPOS="3306" WIDTH="21" HEIGHT="35" CONTENT="à" WC="1.00" CC="0"/>
						<SP ID="P18_SP00552" HPOS="996" VPOS="3362" WIDTH="22"/>
						<String ID="P18_ST00605" HPOS="1018" VPOS="3301" WIDTH="193" HEIGHT="52" CONTENT="quelque" WC="0.99" CC="0003050"/>
						<SP ID="P18_SP00553" HPOS="1211" VPOS="3362" WIDTH="19"/>
						<String ID="P18_ST00606" HPOS="1230" VPOS="3300" WIDTH="134" HEIGHT="40" CONTENT="chose" WC="1.00" CC="00000"/>
						<SP ID="P18_SP00554" HPOS="1364" VPOS="3362" WIDTH="24"/>
						<String ID="P18_ST00607" HPOS="1388" VPOS="3299" WIDTH="53" HEIGHT="40" CONTENT="de" WC="1.00" CC="00"/>
						<SP ID="P18_SP00555" HPOS="1441" VPOS="3362" WIDTH="17"/>
						<String ID="P18_ST00608" HPOS="1458" VPOS="3299" WIDTH="100" HEIGHT="52" CONTENT="plus" WC="1.00" CC="0000"/>
						<SP ID="P18_SP00556" HPOS="1558" VPOS="3362" WIDTH="32"/>
						<String ID="P18_ST00609" HPOS="1590" VPOS="3295" WIDTH="191" HEIGHT="54" CONTENT="profond" WC="1.00" CC="0000060"/>
						<SP ID="P18_SP00557" HPOS="1781" VPOS="3362" WIDTH="40"/>
						<String ID="P18_ST00610" HPOS="1821" VPOS="3306" WIDTH="149" HEIGHT="36" CONTENT="encor," WC="0.97" CC="000001"/>
						<SP ID="P18_SP00558" HPOS="1970" VPOS="3362" WIDTH="38"/>
						<String ID="P18_ST00611" HPOS="2008" VPOS="3306" WIDTH="19" HEIGHT="26" CONTENT="c" WC="1.00" CC="0"/>
						<SP ID="P18_SP00559" HPOS="2027" VPOS="3362" WIDTH="19"/>
						<String ID="P18_ST00612" HPOS="2046" VPOS="3300" WIDTH="65" HEIGHT="32" CONTENT="est" WC="0.96" CC="640"/>
						<SP ID="P18_SP00560" HPOS="2111" VPOS="3362" WIDTH="17"/>
						<String ID="P18_ST00613" HPOS="2128" VPOS="3305" WIDTH="46" HEIGHT="26" CONTENT="ce" WC="1.00" CC="00"/>
					</TextLine>
					<TextLine ID="P18_TL00046" HPOS="167" VPOS="3360" WIDTH="2007" HEIGHT="71">
						<String ID="P18_ST00614" HPOS="167" VPOS="3379" WIDTH="331" HEIGHT="52" CONTENT="qu'attestaient" WC="1.00" CC="07106000001005"/>
						<SP ID="P18_SP00561" HPOS="498" VPOS="3431" WIDTH="19"/>
						<String ID="P18_ST00615" HPOS="517" VPOS="3372" WIDTH="212" HEIGHT="43" CONTENT="autrefois" WC="0.99" CC="076004440"/>
						<SP ID="P18_SP00562" HPOS="729" VPOS="3431" WIDTH="25"/>
						<String ID="P18_ST00616" HPOS="754" VPOS="3374" WIDTH="116" HEIGHT="39" CONTENT="leurs" WC="1.00" CC="00000"/>
						<SP ID="P18_SP00563" HPOS="870" VPOS="3431" WIDTH="26"/>
						<String ID="P18_ST00617" HPOS="896" VPOS="3384" WIDTH="128" HEIGHT="28" CONTENT="noms" WC="0.99" CC="2000"/>
						<SP ID="P18_SP00564" HPOS="1024" VPOS="3431" WIDTH="24"/>
						<String ID="P18_ST00618" HPOS="1048" VPOS="3386" WIDTH="8" HEIGHT="33" CONTENT=";" WC="0.06" CC="9"/>
						<SP ID="P18_SP00565" HPOS="1056" VPOS="3431" WIDTH="37"/>
						<String ID="P18_ST00619" HPOS="1093" VPOS="3369" WIDTH="104" HEIGHT="41" CONTENT="c'est" WC="0.99" CC="00006"/>
						<SP ID="P18_SP00566" HPOS="1197" VPOS="3431" WIDTH="37"/>
						<String ID="P18_ST00620" HPOS="1234" VPOS="3383" WIDTH="47" HEIGHT="26" CONTENT="ce" WC="1.00" CC="00"/>
						<SP ID="P18_SP00567" HPOS="1281" VPOS="3431" WIDTH="34"/>
						<String ID="P18_ST00621" HPOS="1315" VPOS="3370" WIDTH="74" HEIGHT="50" CONTENT="qui" WC="0.97" CC="060"/>
						<SP ID="P18_SP00568" HPOS="1389" VPOS="3431" WIDTH="40"/>
						<String ID="P18_ST00622" HPOS="1429" VPOS="3366" WIDTH="164" HEIGHT="40" CONTENT="résulte" WC="1.00" CC="0000102"/>
						<SP ID="P18_SP00569" HPOS="1593" VPOS="3431" WIDTH="40"/>
						<String ID="P18_ST00623" HPOS="1633" VPOS="3365" WIDTH="121" HEIGHT="40" CONTENT="aussi" WC="1.00" CC="00003"/>
						<SP ID="P18_SP00570" HPOS="1754" VPOS="3431" WIDTH="24"/>
						<String ID="P18_ST00624" HPOS="1778" VPOS="3363" WIDTH="54" HEIGHT="40" CONTENT="de" WC="1.00" CC="00"/>
						<SP ID="P18_SP00571" HPOS="1832" VPOS="3431" WIDTH="25"/>
						<String ID="P18_ST00625" HPOS="1857" VPOS="3360" WIDTH="317" HEIGHT="42" CONTENT="l'observation" WC="1.00" CC="2200000000306"/>
					</TextLine>
					<TextLine ID="P18_TL00047" HPOS="172" VPOS="3428" WIDTH="2004" HEIGHT="69">
						<String ID="P18_ST00626" HPOS="172" VPOS="3448" WIDTH="77" HEIGHT="38" CONTENT="des" WC="0.98" CC="050"/>
						<SP ID="P18_SP00572" HPOS="249" VPOS="3486" WIDTH="19"/>
						<String ID="P18_ST00627" HPOS="268" VPOS="3445" WIDTH="118" HEIGHT="41" CONTENT="faits." WC="0.99" CC="003603"/>
						<SP ID="P18_SP00573" HPOS="386" VPOS="3486" WIDTH="25"/>
						<String ID="P18_ST00628" HPOS="411" VPOS="3444" WIDTH="70" HEIGHT="41" CONTENT="On" WC="1.00" CC="00"/>
						<SP ID="P18_SP00574" HPOS="481" VPOS="3486" WIDTH="24"/>
						<String ID="P18_ST00629" HPOS="505" VPOS="3445" WIDTH="199" HEIGHT="52" CONTENT="pourrait" WC="0.99" CC="00500025"/>
						<SP ID="P18_SP00575" HPOS="704" VPOS="3497" WIDTH="24"/>
						<String ID="P18_ST00630" HPOS="728" VPOS="3446" WIDTH="144" HEIGHT="36" CONTENT="même" WC="0.99" CC="0600"/>
						<SP ID="P18_SP00576" HPOS="872" VPOS="3497" WIDTH="23"/>
						<String ID="P18_ST00631" HPOS="895" VPOS="3441" WIDTH="92" HEIGHT="39" CONTENT="dire" WC="0.99" CC="0300"/>
						<SP ID="P18_SP00577" HPOS="987" VPOS="3497" WIDTH="24"/>
						<String ID="P18_ST00632" HPOS="1011" VPOS="3453" WIDTH="86" HEIGHT="39" CONTENT="que" WC="1.00" CC="000"/>
						<SP ID="P18_SP00578" HPOS="1097" VPOS="3497" WIDTH="29"/>
						<String ID="P18_ST00633" HPOS="1126" VPOS="3452" WIDTH="71" HEIGHT="27" CONTENT="ces" WC="1.00" CC="000"/>
						<SP ID="P18_SP00579" HPOS="1197" VPOS="3497" WIDTH="24"/>
						<String ID="P18_ST00634" HPOS="1221" VPOS="3438" WIDTH="155" HEIGHT="40" CONTENT="modes" WC="1.00" CC="00000"/>
						<SP ID="P18_SP00580" HPOS="1376" VPOS="3497" WIDTH="24"/>
						<String ID="P18_ST00635" HPOS="1400" VPOS="3445" WIDTH="100" HEIGHT="31" CONTENT="sont" WC="0.97" CC="3016"/>
						<SP ID="P18_SP00581" HPOS="1500" VPOS="3497" WIDTH="31"/>
						<String ID="P18_ST00636" HPOS="1531" VPOS="3435" WIDTH="25" HEIGHT="39" CONTENT="d" WC="1.00" CC="0"/>
						<SP ID="P18_SP00582" HPOS="1556" VPOS="3497" WIDTH="22"/>
						<String ID="P18_ST00637" HPOS="1578" VPOS="3449" WIDTH="58" HEIGHT="26" CONTENT="un" WC="1.00" CC="00"/>
						<SP ID="P18_SP00583" HPOS="1636" VPOS="3497" WIDTH="24"/>
						<String ID="P18_ST00638" HPOS="1660" VPOS="3445" WIDTH="140" HEIGHT="38" CONTENT="usage" WC="0.99" CC="50000"/>
						<SP ID="P18_SP00584" HPOS="1800" VPOS="3497" WIDTH="23"/>
						<String ID="P18_ST00639" HPOS="1823" VPOS="3430" WIDTH="240" HEIGHT="42" CONTENT="universel." WC="0.99" CC="0540070053"/>
						<SP ID="P18_SP00585" HPOS="2063" VPOS="3497" WIDTH="26"/>
						<String ID="P18_ST00640" HPOS="2089" VPOS="3428" WIDTH="87" HEIGHT="41" CONTENT="Les" WC="0.97" CC="700"/>
					</TextLine>
					<TextLine ID="P18_TL00048" HPOS="170" VPOS="3498" WIDTH="2004" HEIGHT="67">
						<String ID="P18_ST00641" HPOS="170" VPOS="3514" WIDTH="136" HEIGHT="42" CONTENT="Grecs" WC="1.00" CC="00000"/>
						<SP ID="P18_SP00586" HPOS="306" VPOS="3556" WIDTH="18"/>
						<String ID="P18_ST00642" HPOS="324" VPOS="3528" WIDTH="55" HEIGHT="26" CONTENT="ne" WC="1.00" CC="00"/>
						<SP ID="P18_SP00587" HPOS="379" VPOS="3556" WIDTH="18"/>
						<String ID="P18_ST00643" HPOS="397" VPOS="3522" WIDTH="101" HEIGHT="32" CONTENT="sont" WC="0.99" CC="0004"/>
						<SP ID="P18_SP00588" HPOS="498" VPOS="3556" WIDTH="24"/>
						<String ID="P18_ST00644" HPOS="522" VPOS="3512" WIDTH="135" HEIGHT="53" CONTENT="qu'un" WC="0.99" CC="00433"/>
						<SP ID="P18_SP00589" HPOS="657" VPOS="3565" WIDTH="18"/>
						<String ID="P18_ST00645" HPOS="675" VPOS="3525" WIDTH="74" HEIGHT="26" CONTENT="cas" WC="1.00" CC="000"/>
						<SP ID="P18_SP00590" HPOS="749" VPOS="3565" WIDTH="18"/>
						<String ID="P18_ST00646" HPOS="767" VPOS="3509" WIDTH="270" HEIGHT="53" CONTENT="particulier." WC="1.00" CC="000240446003"/>
						<SP ID="P18_SP00591" HPOS="1037" VPOS="3565" WIDTH="15"/>
						<String ID="P18_ST00647" HPOS="1052" VPOS="3507" WIDTH="50" HEIGHT="55" CONTENT="Je" WC="1.00" CC="00"/>
						<SP ID="P18_SP00592" HPOS="1102" VPOS="3565" WIDTH="17"/>
						<String ID="P18_ST00648" HPOS="1119" VPOS="3508" WIDTH="150" HEIGHT="39" CONTENT="citerai" WC="0.99" CC="0000054"/>
						<SP ID="P18_SP00593" HPOS="1269" VPOS="3565" WIDTH="22"/>
						<String ID="P18_ST00649" HPOS="1291" VPOS="3507" WIDTH="107" HEIGHT="39" CONTENT="trois" WC="0.99" CC="40030"/>
						<SP ID="P18_SP00594" HPOS="1398" VPOS="3565" WIDTH="23"/>
						<String ID="P18_ST00650" HPOS="1421" VPOS="3504" WIDTH="225" HEIGHT="52" CONTENT="exemples" WC="1.00" CC="00000500"/>
						<SP ID="P18_SP00595" HPOS="1646" VPOS="3565" WIDTH="24"/>
						<String ID="P18_ST00651" HPOS="1670" VPOS="3501" WIDTH="263" HEIGHT="47" CONTENT="seulement," WC="0.99" CC="0004000454"/>
						<SP ID="P18_SP00596" HPOS="1933" VPOS="3565" WIDTH="21"/>
						<String ID="P18_ST00652" HPOS="1954" VPOS="3500" WIDTH="90" HEIGHT="51" CONTENT="pris" WC="0.99" CC="0030"/>
						<SP ID="P18_SP00597" HPOS="2044" VPOS="3565" WIDTH="19"/>
						<String ID="P18_ST00653" HPOS="2063" VPOS="3498" WIDTH="111" HEIGHT="39" CONTENT="dans" WC="1.00" CC="0000"/>
					</TextLine>
					<TextLine ID="P18_TL00049" HPOS="171" VPOS="3565" WIDTH="2001" HEIGHT="62">
						<String ID="P18_ST00654" HPOS="171" VPOS="3584" WIDTH="78" HEIGHT="40" CONTENT="des" WC="1.00" CC="000"/>
						<SP ID="P18_SP00598" HPOS="249" VPOS="3624" WIDTH="23"/>
						<String ID="P18_ST00655" HPOS="272" VPOS="3582" WIDTH="233" HEIGHT="40" CONTENT="domaines" WC="1.00" CC="00000000"/>
						<SP ID="P18_SP00599" HPOS="505" VPOS="3624" WIDTH="24"/>
						<String ID="P18_ST00656" HPOS="529" VPOS="3581" WIDTH="122" HEIGHT="39" CONTENT="aussi" WC="0.99" CC="04004"/>
						<SP ID="P18_SP00600" HPOS="651" VPOS="3624" WIDTH="20"/>
						<String ID="P18_ST00657" HPOS="671" VPOS="3577" WIDTH="229" HEIGHT="42" CONTENT="différents" WC="0.99" CC="0300700650"/>
						<SP ID="P18_SP00601" HPOS="900" VPOS="3624" WIDTH="16"/>
						<String ID="P18_ST00658" HPOS="916" VPOS="3589" WIDTH="85" HEIGHT="38" CONTENT="que" WC="0.98" CC="050"/>
						<SP ID="P18_SP00602" HPOS="1001" VPOS="3627" WIDTH="17"/>
						<String ID="P18_ST00659" HPOS="1018" VPOS="3573" WIDTH="212" HEIGHT="54" CONTENT="possible." WC="1.00" CC="000220004"/>
						<SP ID="P18_SP00603" HPOS="1230" VPOS="3627" WIDTH="21"/>
						<String ID="P18_ST00660" HPOS="1251" VPOS="3573" WIDTH="31" HEIGHT="40" CONTENT="Il" WC="0.52" CC="36"/>
						<SP ID="P18_SP00604" HPOS="1282" VPOS="3627" WIDTH="20"/>
						<String ID="P18_ST00661" HPOS="1302" VPOS="3587" WIDTH="26" HEIGHT="39" CONTENT="y" WC="1.00" CC="0"/>
						<SP ID="P18_SP00605" HPOS="1328" VPOS="3627" WIDTH="21"/>
						<String ID="P18_ST00662" HPOS="1349" VPOS="3587" WIDTH="20" HEIGHT="25" CONTENT="a" WC="0.24" CC="7"/>
						<SP ID="P18_SP00606" HPOS="1369" VPOS="3627" WIDTH="20"/>
						<String ID="P18_ST00663" HPOS="1389" VPOS="3581" WIDTH="95" HEIGHT="31" CONTENT="tout" WC="0.99" CC="0006"/>
						<SP ID="P18_SP00607" HPOS="1484" VPOS="3627" WIDTH="15"/>
						<String ID="P18_ST00664" HPOS="1499" VPOS="3586" WIDTH="58" HEIGHT="25" CONTENT="un" WC="0.64" CC="07"/>
						<SP ID="P18_SP00608" HPOS="1557" VPOS="3627" WIDTH="18"/>
						<String ID="P18_ST00665" HPOS="1575" VPOS="3582" WIDTH="189" HEIGHT="39" CONTENT="groupe," WC="0.99" CC="0902004"/>
						<SP ID="P18_SP00609" HPOS="1764" VPOS="3627" WIDTH="21"/>
						<String ID="P18_ST00666" HPOS="1785" VPOS="3580" WIDTH="122" HEIGHT="27" CONTENT="assez" WC="0.99" CC="00070"/>
						<SP ID="P18_SP00610" HPOS="1907" VPOS="3627" WIDTH="20"/>
						<String ID="P18_ST00667" HPOS="1927" VPOS="3565" WIDTH="245" HEIGHT="48" CONTENT="abondant," WC="0.98" CC="005707864"/>
					</TextLine>
					<TextLine ID="P18_TL00050" HPOS="170" VPOS="3634" WIDTH="2003" HEIGHT="66">
						<String ID="P18_ST00668" HPOS="170" VPOS="3653" WIDTH="54" HEIGHT="39" CONTENT="de" WC="1.00" CC="00"/>
						<SP ID="P18_SP00611" HPOS="224" VPOS="3692" WIDTH="18"/>
						<String ID="P18_ST00669" HPOS="242" VPOS="3650" WIDTH="215" HEIGHT="42" CONTENT="mélodies" WC="0.99" CC="07300200"/>
						<SP ID="P18_SP00612" HPOS="457" VPOS="3692" WIDTH="22"/>
						<String ID="P18_ST00670" HPOS="479" VPOS="3650" WIDTH="74" HEIGHT="50" CONTENT="qui" WC="0.96" CC="054"/>
						<SP ID="P18_SP00613" HPOS="553" VPOS="3700" WIDTH="25"/>
						<String ID="P18_ST00671" HPOS="578" VPOS="3657" WIDTH="75" HEIGHT="31" CONTENT="ont" WC="0.99" CC="030"/>
						<SP ID="P18_SP00614" HPOS="653" VPOS="3700" WIDTH="19"/>
						<String ID="P18_ST00672" HPOS="672" VPOS="3652" WIDTH="68" HEIGHT="36" CONTENT="été" WC="0.97" CC="008"/>
						<SP ID="P18_SP00615" HPOS="740" VPOS="3700" WIDTH="22"/>
						<String ID="P18_ST00673" HPOS="762" VPOS="3645" WIDTH="247" HEIGHT="41" CONTENT="recueillies" WC="1.00" CC="00300150300"/>
						<SP ID="P18_SP00616" HPOS="1009" VPOS="3700" WIDTH="25"/>
						<String ID="P18_ST00674" HPOS="1034" VPOS="3658" WIDTH="54" HEIGHT="25" CONTENT="au" WC="1.00" CC="00"/>
						<SP ID="P18_SP00617" HPOS="1088" VPOS="3700" WIDTH="21"/>
						<String ID="P18_ST00675" HPOS="1109" VPOS="3641" WIDTH="141" HEIGHT="42" CONTENT="Brésil" WC="0.99" CC="007130"/>
						<SP ID="P18_SP00618" HPOS="1250" VPOS="3700" WIDTH="24"/>
						<String ID="P18_ST00676" HPOS="1274" VPOS="3650" WIDTH="41" HEIGHT="31" CONTENT="et" WC="0.70" CC="14"/>
						<SP ID="P18_SP00619" HPOS="1315" VPOS="3700" WIDTH="18"/>
						<String ID="P18_ST00677" HPOS="1333" VPOS="3640" WIDTH="203" HEIGHT="52" CONTENT="publiées" WC="1.00" CC="00001000"/>
						<SP ID="P18_SP00620" HPOS="1536" VPOS="3700" WIDTH="21"/>
						<String ID="P18_ST00678" HPOS="1557" VPOS="3652" WIDTH="99" HEIGHT="27" CONTENT="vers" WC="1.00" CC="0000"/>
						<SP ID="P18_SP00621" HPOS="1656" VPOS="3700" WIDTH="27"/>
						<String ID="P18_ST00679" HPOS="1683" VPOS="3640" WIDTH="102" HEIGHT="46" CONTENT="1830" WC="0.59" CC="3480"/>
						<SP ID="P18_SP00622" HPOS="1785" VPOS="3700" WIDTH="25"/>
						<String ID="P18_ST00680" HPOS="1810" VPOS="3650" WIDTH="80" HEIGHT="38" CONTENT="par" WC="1.00" CC="000"/>
						<SP ID="P18_SP00623" HPOS="1890" VPOS="3700" WIDTH="16"/>
						<String ID="P18_ST00681" HPOS="1906" VPOS="3634" WIDTH="267" HEIGHT="41" CONTENT="l'Allemand" WC="0.99" CC="3005000530"/>
					</TextLine>
				</TextBlock>
			</PrintSpace>
		</Page>
	</Layout>
</alto>
