2278 3048
286 2670 49 38 32

288 344 138 70 Der
473 346 268 68 Marsch

288 567 167 40 Ludmil
485 569 208 52 Stojanoff

289 460 193 43 (Fragment
507 474 58 18 aus
590 463 59 29 der
674 464 140 30 Novelle
839 462 215 42 „Steinzeit“)

288 694 87 33 Früh
401 695 74 33 kam
502 696 60 33 der
587 696 127 33 Herbst
739 696 67 33 und
831 698 58 31 wir
914 696 227 42 marschieren,

287 749 224 33 marschieren
549 749 185 35 Seltsames
749 749 195 44 Schweigen
963 749 82 43 liegt
1061 750 83 33 über

288 802 60 33 der
374 802 98 34 Erde.
529 803 64 33 Die
618 804 99 33 wilde
742 806 169 31 steinerne
936 804 135 40 Wüste,
1098 806 31 30 in-

288 857 118 32 mitten
430 856 142 33 welcher
596 859 56 30 wir
677 858 237 39 marschieren,
940 857 118 33 drückt
1082 871 61 19 uns

287 911 59 32 mit
360 911 126 42 eisiger
500 910 318 44 Gleichgültigkeit.
847 911 117 34 Große
978 910 146 34 Schweiß-

287 964 138 42 tropfen
451 967 118 32 rinnen
595 978 65 21 von
686 966 66 33 den
772 965 144 40 Stirnen,
943 966 64 33 alle
1033 972 111 27 atmen

287 1018 134 39 schwer,
440 1020 157 32 niemand
615 1020 136 41 spricht.
793 1019 63 33 Die
876 1019 113 33 kalten
1010 1018 115 34 Granit-

287 1071 131 43 blöcke,
436 1072 53 33 die
507 1085 67 20 von
594 1072 64 33 den
673 1072 139 43 Gipfeln
832 1072 312 43 heruntergerissen

289 1125 146 40 wurden,
451 1126 54 33 die
524 1126 176 43 niedrigen
715 1126 178 34 Sträucher
906 1126 71 33 und
990 1126 153 33 seltenen

288 1178 125 34 Bäume
436 1180 105 33 sehen
565 1180 55 33 auf
637 1193 63 20 uns
721 1182 58 31 mit
797 1181 180 33 seltsamen
997 1181 147 33 Blicken.

287 1231 267 45 Todmüdigkeit
578 1234 117 33 drückt
719 1248 74 19 uns.
831 1233 226 43 Schweigsam
1075 1235 69 32 und

287 1286 122 34 finster
420 1287 268 34 schreitetvorne
701 1288 59 33 der
771 1288 211 43 ungesellige
994 1287 150 34 Burssuk

287 1340 71 33 und
375 1343 71 31 sein
467 1342 127 33 breiter
612 1342 136 33 Rücken
766 1345 112 30 verrät
895 1342 248 42 unbesiegbare

287 1394 323 35 Entschlossenheit.
660 1395 61 33 Mit
751 1396 60 33 der
836 1396 101 33 Hand
967 1396 83 33 über
1077 1396 66 33 den

287 1447 135 43 Augen,
447 1461 54 20 um
527 1448 67 33 sich
618 1462 61 19 vor
704 1449 65 32 den
789 1448 290 34 Sonnenstrahlen
1104 1462 39 20 zu

287 1502 176 40 schützen,
497 1502 188 33 betrachtet
718 1516 35 19 er
784 1516 110 29 genau
927 1504 43 31 im
1001 1502 142 34 Westen

287 1555 55 33 die
368 1556 109 33 stolze
503 1556 230 43 Erscheinung
759 1557 59 32 der
836 1557 125 33 Blauen
981 1556 162 43 Gebirge,

287 1609 121 40 scharf,
445 1610 273 42 durchdringend
755 1611 70 32 und
859 1610 198 41 anhaltend,
1096 1611 47 32 als

287 1677 96 20 wenn
421 1677 35 19 er
492 1663 110 33 hinter
642 1664 61 33 das
743 1664 217 33 Erkennbare
1000 1665 143 32 schauen

286 1717 109 39 wolle,
422 1717 160 34 schüttelt
607 1718 188 43 ungläubig
820 1719 115 32 seinen
958 1718 92 43 Kopf
1075 1718 69 32 und

287 1771 158 34 schreitet
457 1772 115 33 weiter
580 1773 59 32 mit
653 1774 127 31 seinem
795 1772 177 39 schweren,
983 1772 160 42 plumpen

287 1825 111 43 Gang.

286 1898 73 33 Wir
376 1898 165 42 bewegen
560 1911 61 20 uns
644 1897 154 43 langsam
817 1900 59 31 mit
898 1898 246 33 mechanischer

287 1951 231 43 Ergebenheit
546 1952 111 33 hinter
686 1951 65 34 den
776 1951 131 42 großen
933 1951 210 43 geduldigen

287 2006 160 43 Pferden,
488 2005 56 33 auf
584 2005 103 33 deren
729 2005 137 33 starken
907 2004 135 34 Rücken
1081 2009 62 30 wie

287 2060 166 34 schwarze
486 2059 229 34 Tierkadaver
747 2060 54 33 die
833 2060 211 33 furchtbaren
1075 2060 46 33 Ma-

287 2115 137 33 schinen
451 2114 60 33 des
537 2112 114 35 Todes
678 2113 122 42 liegen.

286 2187 44 33 Es
355 2186 173 42 vergehen
553 2185 86 33 viele
665 2184 103 42 Tage.
827 2185 73 33 Wir
925 2185 115 43 folgen
1067 2186 76 32 dem

287 2240 66 34 sich
376 2239 314 34 zurückziehenden
715 2238 107 34 Feind
845 2239 56 33 auf
922 2239 66 33 den
1007 2239 136 34 Fersen.

287 2295 72 33 Das
392 2294 156 42 besiegte
583 2293 68 33 und
686 2293 247 33 unterworfene
958 2293 94 33 Land
1087 2293 57 33 hat

287 2351 71 30 sein
388 2347 89 33 Herz
509 2347 51 33 für
590 2360 61 20 uns
681 2347 246 33 verschlossen.
975 2347 76 33 Von
1078 2347 65 33 den

286 2402 266 33 unbetretbaren
589 2401 308 43 Gebirgskämmen
935 2401 99 34 fallen
1071 2415 54 20 ver-

286 2456 144 34 einzelte
456 2455 138 41 Salven;
619 2458 60 31 wir
703 2455 110 34 halten
840 2469 53 24 an,
919 2456 142 33 nehmen
1088 2457 55 32 die

287 2511 189 33 schwarzen
526 2509 286 43 Eisenungetüme
867 2510 160 33 herunter
1074 2511 69 33 und

286 2564 141 33 wenden
477 2563 70 33 ihre
596 2562 324 35 unheilkündenden
963 2562 178 35 Schlunde.

1199 344 72 33 Wir
1288 344 120 31 wissen
1428 340 99 38 nicht,
1543 352 52 19 wo
1614 351 75 19 man
1709 337 56 33 auf
1783 349 61 21 uns
1863 337 42 32 im
1925 336 113 35 Hinter-

1200 398 68 33 halt
1298 397 118 33 lauert.
1465 393 97 33 Alles
1595 393 166 40 ringsum,
1789 390 54 34 die
1869 390 87 34 Erde
1988 393 68 32 und

1201 452 59 33 der
1294 448 158 38 Himmel,
1480 447 55 33 die
1560 445 156 41 Wälder,
1749 445 55 32 die
1837 444 117 33 Flüsse
1989 447 67 32 und

1201 507 54 32 die
1273 504 178 43 Engpässe
1477 507 111 28 atmen
1612 498 177 34 drohende
1808 498 248 37 Feindlichkeit.

1201 559 79 34 Und
1308 571 68 20 von
1408 555 217 35 irdendeiner
1654 552 179 44 geheimen
1865 552 111 33 Macht
1999 566 38 30 ge-

1201 614 121 41 drängt
1366 610 224 34 marschieren
1631 610 58 31 wir
1728 608 116 32 immer
1883 609 171 41 vorwärts,

1200 669 116 30 immer
1354 667 181 38 vorwärts,
1577 662 69 33 und
1686 674 61 20 vor
1787 674 77 27 uns,
1901 663 62 30 wie
2004 664 51 31 ein

1200 723 164 39 trauriger
1375 718 167 38 Vorbote,
1557 716 120 42 gleitet
1691 715 61 33 das
1766 728 103 29 graue
1884 713 173 43 Gespenst

1200 775 61 32 des
1287 773 178 33 Herbstes.

1198 860 73 33 Wir
1305 858 62 34 alle
1402 856 78 34 sind
1508 853 407 36 Schicksalskameraden.
1965 854 92 33 Doch

1200 912 158 34 niemand
1382 911 112 33 wußte
1520 923 53 20 um
1600 909 65 33 den
1696 908 185 34 seelischen
1908 907 149 34 Zustand

1200 967 60 33 des
1286 965 194 34 Einzelnen.
1538 962 178 34 Bekleidet
1742 965 59 30 mit
1826 961 231 40 Schafsfellen,

1200 1021 145 43 gealtert
1369 1020 70 33 und
1468 1018 151 33 hinkend
1645 1017 121 40 schon,
1793 1016 111 33 haben
1931 1016 48 33 sie
2005 1019 51 30 ein

1199 1074 118 34 müdes
1336 1073 67 34 und
1419 1071 259 44 gleichgültiges
1692 1070 190 42 Aussehen,
1899 1070 49 33 als
1961 1083 96 20 wenn

1199 1129 100 33 ihnen
1335 1127 54 33 die
1419 1126 110 34 Natur
1561 1125 162 34 während
1757 1126 109 31 einem
1898 1125 140 32 tausend-

1197 1183 151 43 jährigen
1375 1180 126 43 Kampf
1530 1180 66 32 den
1628 1179 163 33 finsteren
1817 1176 153 44 Stempel
2000 1177 59 33 der

1199 1235 319 44 Ausgestoßenheit
1536 1233 225 43 aufgedrückt
1778 1232 103 33 hätte.
1908 1231 57 33 Sie
1983 1232 75 33 sind

1198 1290 166 34 wirkliche
1407 1288 128 33 Kinder
1576 1288 59 32 der
1673 1287 103 39 Erde,
1817 1286 138 34 Schäfer
1991 1286 68 33 und

1200 1344 146 42 Pflüger,
1372 1345 58 30 mit
1446 1342 225 33 verbrannter
1695 1340 71 34 und
1791 1340 246 43 aufgesprunge-

1200 1412 59 19 ner
1286 1397 106 38 Haut,
1419 1397 57 32 mit
1502 1395 204 43 geöffneter,
1732 1394 327 34 schwarzbehaarter

1200 1452 109 33 Brust.
1358 1451 70 33 Der
1453 1449 120 34 Granit
1602 1450 92 32 hatte
1725 1449 100 33 ihnen
1851 1462 66 20 von
1949 1451 110 31 seiner

1200 1506 180 33 Ausdauer
1398 1505 169 43 gegeben,
1587 1504 82 33 aber
1685 1506 63 31 wie
1769 1502 56 34 auf
1843 1503 76 33 dem
1938 1502 121 34 Granit

1201 1560 58 33 hat
1293 1560 54 32 die
1378 1558 73 34 Zeit
1485 1558 81 33 auch
1601 1557 55 33 auf
1690 1557 103 33 ihnen
1829 1557 229 33 fürchterliche

1200 1613 70 33 und
1299 1612 328 34 schicksalsschwere
1652 1612 274 42 Verwüstungen
1956 1624 83 30 ange-

1200 1668 129 32 richtet.
1385 1666 112 33 Heute
1524 1672 157 36 ertragen
1707 1668 49 30 sie
1783 1666 55 33 die
1863 1665 195 43 Prüfungen

1201 1721 60 33 des
1310 1719 186 34 Schicksals
1548 1719 187 34 unbewußt
1783 1719 68 33 und
1899 1719 159 42 ergeben,

1200 1774 204 43 empfangen
1439 1774 67 33 den
1531 1773 76 34 Tod
1641 1774 89 33 ohne
1766 1776 98 31 einen
1889 1772 72 34 Ton
1998 1773 60 33 des

1200 1828 183 33 Protestes.
1433 1828 80 33 Und
1549 1841 61 20 nur
1647 1828 98 33 allein
1780 1828 190 43 derjenige,
2001 1828 58 33 der

1200 1881 222 43 Vorstellung
1446 1895 67 20 von
1540 1882 76 33 dem
1639 1881 139 35 Grauen
1804 1894 140 21 unserer
1969 1882 90 42 Lage

1200 1935 103 40 hatte,
1330 1936 128 33 konnte
1484 1938 32 30 in
1543 1936 93 33 ihren
1661 1936 122 33 Seelen
1811 1936 55 33 die
1888 1949 68 20 von
1983 1936 76 33 dem

1200 1988 107 35 Staub
1347 1990 60 32 der
1441 1990 284 43 Vergangenheit
1761 1991 192 33 bedeckten
1991 1991 68 32 und

1199 2057 66 20 von
1303 2044 60 33 der
1399 2043 71 34 Zeit
1506 2045 218 33 verwischten
1762 2044 167 34 Schriften
1967 2047 93 31 einer

1200 2098 116 33 fernen
1341 2098 214 33 Primitivität
1579 2099 104 33 lesen.

1200 2183 31 33 In
1268 2183 65 33 den
1369 2189 111 27 ersten
1505 2183 117 44 Tagen
1656 2187 104 31 reizte
1795 2199 62 20 uns
1883 2186 176 33 immerhin

1200 2237 83 34 noch
1315 2237 60 34 das
1405 2238 124 33 bittere
1557 2238 198 35 Geheimnis
1788 2240 60 33 der
1873 2240 186 34 Finsternis

1200 2292 68 33 und
1286 2292 250 43 Ungewißheit.
1573 2293 45 33 Es
1634 2308 68 18 war
1720 2308 72 27 uns,
1812 2294 49 33 als
1879 2295 180 42 bewegten

1199 2348 59 31 wir
1282 2359 62 20 uns
1374 2347 153 33 inmitten
1554 2350 92 30 einer
1671 2347 161 44 Legende
1860 2362 64 21 von
1949 2348 89 35 Hero-

1200 2402 102 31 ismus
1327 2401 67 32 und
1421 2401 244 42 aufopfernder
1691 2402 128 33 Größe.
1859 2402 95 34 Aber
1979 2403 80 33 bald

1199 2455 217 34 verschwand
1452 2456 94 32 diese
1581 2455 206 44 Stimmung,
1814 2458 88 33 nicht
1936 2458 124 33 zuletzt

1199 2515 99 28 unter
1335 2509 75 33 dem
1448 2509 114 33 Druck
1599 2511 61 32 der
1695 2511 220 40 Landschaft,
1950 2514 109 32 einem

1200 2564 188 33 schwarzen
1438 2563 154 34 feuchten
1634 2564 190 44 Gefängnis
1871 2567 188 42 gleichend.
