2229 3048
1890 2675 44 34 41

152 354 202 22 nommenen
386 342 190 34 Realismus
614 343 170 33 kultiviert
821 357 76 19 man
935 343 84 33 noch

152 396 100 34 heute
295 399 33 31 in
378 398 120 32 seinen
548 397 273 43 langweiligsten
864 397 154 34 Formen.

151 450 220 44 Zeitgemäße
398 452 132 43 Fragen
560 452 71 33 und
661 453 128 33 soziale
821 453 101 33 Ideen
947 465 54 21 ver-

152 506 94 34 sucht
280 520 75 19 man
391 506 56 33 auf
482 507 61 33 der
568 507 117 33 Bühne
721 507 90 33 nicht
848 520 39 20 zu
914 507 105 33 lösen.

152 561 71 33 Das
251 560 144 35 Theater
424 562 138 33 verliert
591 561 67 33 den
690 561 153 34 Kontakt
872 563 58 31 mit
959 561 61 34 der

152 614 82 37 Zeit.
275 615 212 41 Außerdem,
512 616 167 42 begrenzt
704 616 55 33 auf
783 615 107 40 Sofia,
917 618 41 31 ist
984 629 36 20 es

152 669 245 41 außerstande,
428 673 112 31 seiner
570 670 278 43 ursprünglichen
880 670 120 33 Bestim-

152 738 104 30 mung
290 738 41 20 zu
367 725 142 33 dienen:
545 724 201 44 allgemene
773 724 145 44 Bildung
952 724 67 33 und

152 779 121 33 Kultur
321 781 30 31 in
401 780 55 33 die
506 780 132 33 breiten
682 779 248 34 Volksmassen
980 793 39 19 zu

152 841 128 37 tragen.

153 907 71 34 Der
257 922 133 29 ganzen
417 908 142 33 Provinz
592 908 110 33 bleibt
737 922 61 19 nur
831 908 113 42 übrig,
971 908 50 33 ihr

152 962 331 34 Theaterbedürfnis
538 962 101 34 durch
688 962 209 34 wandernde
950 963 70 33 und

153 1017 187 34 städtische
400 1017 160 44 Truppen
625 1020 60 30 mit
748 1016 271 44 mittelmäßigen

152 1072 262 43 Schauspielern
456 1072 68 33 und
566 1072 135 33 ärmlich
750 1072 269 44 eingerichteten

153 1127 142 33 Bühnen
337 1141 40 19 zu
419 1127 230 43 befriedigen.
713 1127 106 34 Diese
859 1126 160 44 Truppen

153 1182 121 33 führen
306 1183 53 32 ein
393 1182 209 33 anämisches
633 1182 148 43 Dasein,
818 1182 89 33 ohne
933 1181 66 35 Sub-

153 1237 122 39 sidien,
301 1237 91 33 ohne
419 1236 251 44 schöpferische
693 1237 113 43 Ideen,
833 1237 91 33 ohne
949 1236 72 34 klar

152 1292 196 34 bestimmte
397 1291 197 43 Aufgaben.
652 1291 164 34 Indessen
867 1293 43 32 ist
958 1291 62 35 das

152 1347 170 33 Interesse
356 1346 61 33 des
443 1345 199 34 Publikums
676 1346 89 33 nicht
798 1346 132 33 kleiner
961 1359 40 29 ge-

152 1401 154 43 worden,
341 1407 88 27 trotz
463 1401 60 33 der
553 1403 234 41 ungünstigen
819 1400 201 40 Umstände,

154 1457 54 33 die
241 1457 60 32 der
326 1455 238 43 Entwicklung
595 1455 61 33 der
687 1454 197 34 szenischen
912 1454 109 33 Kunst

153 1513 43 31 im
221 1510 111 42 Wege
366 1510 133 35 stehen.
553 1509 81 34 Und
670 1509 87 33 eben
791 1508 95 34 diese
917 1508 103 34 Liebe

154 1565 61 33 der
255 1565 132 33 breiten
429 1564 140 33 Massen
618 1577 58 20 zur
724 1563 295 34 darstellerischen

153 1621 113 32 Kunst
291 1619 71 34 und
387 1619 69 33 ihre
483 1618 229 44 respektvolle
739 1618 199 43 Beziehung
964 1632 57 19 zur

155 1675 134 39 Bühne,
326 1674 124 43 geerbt
487 1687 68 20 von
594 1674 60 33 der
688 1673 135 43 Epoche
860 1686 60 20 vor
962 1673 59 33 der

154 1729 197 43 Befreiung,
369 1729 136 33 werden
525 1728 76 33 dem
621 1728 239 42 bulgarischen
875 1726 146 35 Theater

157 1784 127 35 helfen,
329 1796 60 21 aus
433 1783 60 34 der
534 1782 100 34 Krise
680 1782 340 34 herauszukommen.

1076 343 79 33 Von
1182 356 120 20 neuem
1330 343 65 33 den
1415 343 189 33 Interessen
1631 343 70 33 und
1720 343 133 34 Idealen
1879 345 60 34 des

1076 398 133 33 Volkes
1243 398 226 43 angenähert,
1495 398 84 33 wird
1612 398 61 33 das
1705 397 147 34 Theater
1882 414 39 28 ge-

1077 452 141 44 nügend
1243 452 251 43 schöpferische
1513 452 145 43 Impulse
1677 454 32 31 in
1728 453 67 33 sich
1813 453 127 44 finden,

1077 520 53 20 um
1162 508 56 33 die
1243 507 207 43 Bedeutung
1481 508 94 33 eines
1606 507 188 42 mächtigen
1821 508 102 34 sozial-

1076 561 202 34 kulturellen
1293 562 144 33 Faktors
1454 575 41 20 zu
1510 563 187 41 gewinnen,
1715 561 225 36 d.h.Theater

1077 630 40 19 zu
1150 616 136 33 werden
1320 618 31 31 in
1385 616 76 33 dem
1494 616 212 42 lebendigen
1740 616 104 35 Sinne
1880 618 60 33 des

1077 670 149 34 Wortes.
1277 670 64 33 Die
1378 670 85 34 nahe
1499 669 149 34 Zukunft
1687 670 149 35 eröffnet
1864 672 76 33 dem

1077 724 149 34 Theater
1296 725 203 43 Bulgariens
1575 727 226 31 interessante
1872 727 68 32 und

1078 792 86 20 neue
1190 779 537 44 Enlwicklungsmöglichkeiten.
1765 779 63 34 Die
1855 780 84 34 dazu

1078 834 263 33 erforderlichen
1378 834 330 43 Voraussetzungen
1750 834 77 33 sind
1867 849 55 18 vor-

1078 889 151 33 handen:
1262 889 60 34 der
1347 889 211 43 Uebergang
1587 889 67 33 fast
1684 889 81 33 aller
1795 889 127 43 bulgari-

1078 943 95 34 scher
1221 943 245 34 Schriftsteller
1512 956 74 21 zum
1632 943 306 42 Bühnenschaffen,

1078 998 151 42 begabte
1256 1000 101 41 junge
1376 998 249 43 Schauspieler,
1651 998 53 33 bis
1730 1000 80 40 jetzt
1836 1012 84 30 unge-

1078 1059 134 27 nutzter
1237 1052 279 43 eigentümlicher
1541 1053 190 33 nationaler
1749 1053 172 35 dekorativ-

1079 1106 322 34 architektonischer
1426 1105 75 42 Stil,
1527 1106 101 43 klare,
1657 1106 265 35 scharf-akzentu-

1078 1163 84 31 ierte
1189 1160 161 44 Sprache.

1078 1234 65 33 Die
1182 1234 185 42 Einflüsse,
1405 1234 55 33 die
1495 1236 236 41 gegenwärtig
1763 1234 61 33 das
1856 1234 68 33 fran-

1078 1289 170 37 zösische,
1288 1288 162 34 deutsche
1488 1289 69 33 und
1592 1289 167 33 russische
1796 1288 144 34 Theater

1079 1343 55 34 auf
1169 1343 61 33 das
1266 1343 217 43 bulgarische
1519 1343 169 38 ausüben,
1719 1343 135 33 werden
1891 1343 49 33 für

1079 1399 113 32 dieses
1217 1411 66 20 nur
1307 1400 76 31 eine
1403 1397 121 34 Schule
1549 1398 139 33 bleiben
1715 1397 68 34 und
1809 1397 65 34 ihm
1901 1411 39 20 zu

1078 1455 128 31 seinem
1245 1455 146 40 eigenen
1429 1452 141 34 Gesicht
1605 1453 189 33 verhelfen.
1846 1452 94 34 Aber

1078 1508 123 33 welche
1221 1507 144 34 Formen
1384 1508 81 33 auch
1485 1507 62 34 das
1565 1507 213 42 bulgarische
1796 1506 144 34 Theater

1079 1562 188 34 annehmen
1295 1562 96 36 wird,
1420 1563 49 32 sie
1495 1562 138 33 werden
1668 1563 74 32 eine
1771 1560 169 44 Synthese

1079 1630 59 21 aus
1164 1617 77 33 dem
1273 1616 182 43 spezifisch
1486 1616 237 43 bulgarischen
1749 1616 98 34 Geist
1873 1615 67 34 und

1079 1672 66 33 den
1186 1670 236 43 zeitgemäßen
1465 1671 112 33 Form-
1618 1671 71 33 und
1726 1670 193 34 Ausdrucks-

1079 1726 259 42 bestrebungen
1365 1726 62 33 des
1445 1725 187 34 deutschen
1658 1725 70 34 und
1753 1725 185 33 russischen

1078 1780 166 34 Theaters
1271 1780 195 34 darstellen.
