2284 3048
318 2665 52 37 40

308 339 149 69 Das
513 339 514 94 bulgarische
1083 339 344 68 Theater

309 481 167 53 Nikolaj
509 483 74 39 Fol

310 608 144 44 Sechzig
532 610 176 42 siebenzig
725 610 99 42 Jahre
846 610 131 33 zurück.
1018 609 72 34 Zeit
1108 610 59 33 der

310 662 332 35 Türkenherrschaft.
696 664 64 32 Die
786 664 245 33 ottomanische
1057 663 110 33 Macht

310 716 104 33 fühlte
455 717 49 32 ihr
544 717 94 33 Ende
679 730 132 21 voraus.
883 718 70 33 Das
993 718 155 33 National-

310 769 210 34 bewußtsein
539 771 61 33 des
617 771 130 34 Volkes
765 772 174 33 erstarkte.
967 771 63 34 Die
1045 772 102 33 Volks-

311 825 169 33 erwecker
504 825 234 33 entwickelten
765 825 200 34 fieberhafte
983 825 184 43 Tätigkeit:

311 878 230 33 revolutionär
570 879 68 32 und
669 879 198 34 aufklärend
896 879 83 33 oder
1004 882 163 40 präziser:

311 933 459 40 revolutionär-aufklärend,
797 933 44 33 da
871 934 54 33 die
955 933 214 44 Aufklärung

313 987 53 33 die
392 988 248 33 revolutionäre
665 987 182 43 Befreiung
872 1001 74 20 zum
972 987 68 34 Ziel
1067 988 100 33 hatte.

312 1059 32 32 In
373 1060 94 39 jener
497 1060 177 41 gärenden
707 1059 134 43 Epoche
877 1060 78 33 muß
992 1073 75 20 man
1103 1059 66 33 den

312 1112 97 33 Keim
450 1113 63 33 des
554 1113 235 43 bulgarischen
832 1112 164 35 Theaters
1037 1113 132 34 suchen.

313 1167 148 32 Primitiv
509 1167 69 32 und
626 1169 87 31 naiv.
784 1166 180 35 Trotzdem
1012 1167 140 33 hundert-

314 1224 219 40 prozentiges
571 1220 163 40 Theater,
776 1223 51 31 ins
867 1221 114 34 Leben
1027 1221 143 43 gerufen

314 1275 102 34 durch
436 1275 54 34 die
509 1275 69 34 Not
596 1275 60 34 der
673 1274 80 35 Zeit.
791 1275 148 34 Aktuell.
973 1275 176 43 Wirkungs-

313 1329 79 34 voll.
444 1329 159 40 Theater,
652 1330 60 33 das
758 1330 115 33 weder
919 1330 119 41 höher,
1089 1330 82 33 noch

315 1384 173 41 niedriger
537 1384 48 33 als
634 1383 61 33 das
743 1386 148 40 geistige
933 1383 129 34 Niveau
1110 1383 61 33 des

315 1437 196 34 Publikums
551 1437 108 33 stand.
714 1436 158 40 Theater,
907 1438 61 32 das
1008 1437 164 43 anfeuert,

316 1493 55 33 die
389 1492 138 33 Massen
554 1491 156 37 hinreißt,
737 1491 54 33 die
810 1491 203 33 Revolution
1040 1491 114 43 prokla-

316 1549 105 38 miert,
471 1546 216 43 Repertoire:
724 1546 314 42 Improvisationen,
1075 1547 97 31 naive

316 1600 374 43 original-bulgarische
720 1599 161 39 Dramen,
912 1599 50 33 für
991 1600 54 32 die
1078 1612 76 20 revo-

316 1654 190 34 lutionären
548 1652 89 34 Ziele
679 1653 185 42 passende,
907 1652 266 43 umgearbeitete

316 1708 132 35 Stücke.
522 1707 252 43 Schauspieler:
824 1706 63 33 Die
935 1706 136 39 Lehrer,
1120 1706 54 33 die

316 1763 137 43 Popen,
495 1761 54 34 die
590 1761 214 43 Intelligenz.-
862 1760 192 35 Publikum;
1096 1760 78 34 Von

317 1816 316 43 fünfzehnjährigen
673 1815 144 33 Knaben
857 1815 53 33 bis
951 1828 39 19 zu
1032 1814 126 43 achtzig-

315 1872 154 42 jährigen
500 1870 159 36 Greisen,
692 1870 54 32 die
778 1869 257 42 applaudieren,
1067 1868 109 33 Hurra

317 1926 166 39 schreien,
515 1927 58 29 mit
603 1924 66 32 den
697 1922 257 44 Schauspielern
985 1935 190 20 zusammen

319 1978 217 44 patriotische
573 1977 122 33 Lieder
739 1979 137 41 singen,
917 1977 160 33 während
1118 1977 60 32 der

318 2034 190 42 Handlung
556 2032 56 34 auf
653 2032 54 33 die
749 2032 118 33 Bühne
907 2032 161 42 springen
1110 2031 67 33 und

318 2088 251 34 revolutionäre
595 2087 121 33 Reden
744 2086 124 33 halten.

318 2161 147 33 Theater
558 2159 160 33 Tribüne.

319 2234 92 33 Nach
430 2233 60 33 der
507 2231 183 43 Befreiung
704 2230 120 44 jedoch
843 2230 92 32 hatte
954 2229 61 32 das
1034 2227 145 34 Theater

319 2291 119 30 seinen
456 2286 136 33 Einfluß
619 2285 55 34 auf
698 2285 55 33 die
771 2284 222 34 Volksmasse
1012 2282 166 37 verloren,

321 2341 100 34 durch
460 2341 55 33 die
553 2340 229 42 Bestrebung,
819 2341 114 39 „reine
1140 2350 39 19 zu

319 2396 147 34 werden.
515 2394 64 34 Die
605 2400 113 28 ersten
744 2391 285 45 professionellen
1055 2391 124 33 Mimen

321 2457 126 37 tappen
488 2449 209 42 vollständig
738 2450 42 31 im
827 2446 135 34 Dunkel
1004 2446 81 33 über
1126 2446 53 33 die

322 2504 225 35 ästhetischen
580 2503 69 33 und
682 2501 151 35 sozialen
865 2501 229 43 Richtungen,
1127 2500 52 33 die

321 2560 62 33 das
401 2557 147 35 Theater
565 2556 259 42 einzuschlagen
842 2556 103 34 hätte.
987 2554 64 35 Die
1069 2555 110 40 Ideen,

1223 608 55 32 die
1309 619 111 30 gegen
1447 603 96 34 Ende
1576 602 61 33 des
1668 604 142 39 vorigen
1835 601 247 42 Jahrhunderts

1223 663 54 32 die
1312 659 91 35 Welt
1439 658 261 41 durchwogten,
1737 668 111 21 waren
1886 655 109 33 fremd
2033 654 50 33 für

1223 715 198 43 Bulgarien,
1460 712 143 33 welches
1644 710 83 34 noch
1767 723 78 20 vom
1883 709 99 34 Wein
2023 708 61 33 der

1224 769 147 33 Freiheit
1426 766 177 34 berauscht
1649 779 79 21 war.
1799 763 110 33 Etwas
1958 765 125 41 später,

1225 836 111 30 gegen
1364 822 98 38 1900,
1488 821 88 32 beim
1603 818 213 34 Auftauchen
1842 817 182 43 begabter,
2051 819 32 30 in

1225 876 157 34 Rußland
1430 874 193 43 geschulter
1671 872 236 44 Schauspieler
1956 872 128 41 (Manja

1224 932 211 37 Ikonomova,
1461 929 91 32 Rosa
1570 928 158 43 Popowa,
1755 927 102 42 Mate]
1879 925 204 41 Ikonomoff)

1226 985 68 33 und
1336 983 59 34 der
1432 983 292 40 Normalisierung
1765 982 62 32 des
1868 980 216 34 öffentlichen

1226 1039 144 39 Lebens,
1395 1038 150 33 machten
1564 1037 67 33 sich
1647 1035 210 34 wandernde
1874 1033 193 44 Schauspiel-

1225 1099 144 37 truppen
1406 1094 59 30 mit
1499 1091 151 33 höheren
1686 1089 196 34 szenischen
1915 1088 149 33 Anforde-

1227 1160 128 29 rungen
1385 1145 70 33 und
1481 1148 200 30 seriöserem
1708 1143 199 44 Repertoire
1939 1143 56 33 auf
2020 1143 66 32 den

1226 1202 106 43 Weg:
1363 1200 251 42 Shakespeare,
1642 1198 153 39 Schiller,
1824 1198 114 41 Ibsen,
1967 1196 118 39 Gorki,

1227 1255 139 34 Tolstoi.
1419 1254 106 33 Diese
1573 1253 158 43 Truppen
1781 1252 199 33 entfalteten
2028 1264 61 19 vor

1228 1310 96 32 allem
1350 1309 162 33 bildende
1537 1308 182 42 Tätigkeit.

1228 1381 71 33 Das
1323 1380 146 34 Theater
1492 1380 116 34 wurde
1634 1379 120 34 Schule
1780 1378 50 33 für
1856 1377 230 34 Erwachsene.

1228 1454 64 33 Die
1308 1453 193 46 Regierung
1518 1452 93 33 hatte
1633 1452 81 33 bald
1733 1450 179 44 begriffen,
1936 1449 66 33 daß
2021 1449 66 33 sich

1230 1508 60 33 das
1307 1507 145 34 Theater
1477 1507 49 33 als
1543 1505 273 43 Bildungsmittel
1842 1504 52 33 für
1919 1504 61 33 das
1999 1502 90 34 Volk

1230 1568 185 27 ausnutzen
1455 1560 103 41 ließe,
1604 1559 214 43 begründete
1860 1558 61 33 das
1961 1557 110 34 Staats-

1229 1616 137 39 theater,
1385 1615 138 33 erbaute
1543 1614 61 33 das
1622 1613 108 43 große
1750 1613 161 33 moderne
1929 1612 140 33 Theater-

1231 1669 172 43 gebäude,
1438 1668 183 43 bewilligte
1656 1668 137 43 jährlich
1826 1666 171 35 reichliche
2029 1665 41 34 Zu-

1231 1724 135 33 schüsse
1384 1723 70 33 und
1471 1736 66 29 zog
1559 1723 55 33 die
1640 1723 121 33 besten
1780 1721 236 43 Schauspieler
2032 1721 60 33 der

1231 1781 155 41 privaten
1415 1777 160 43 Truppen
1607 1777 114 33 heran.
1862 1776 70 33 Das
1963 1778 41 30 ist
2036 1775 55 33 die

1232 1833 99 33 dritte
1357 1832 108 33 Phase
1492 1832 61 32 des
1578 1831 235 42 bulgarischen
1835 1829 176 40 Theaters,
2037 1830 54 32 die

1233 1887 150 41 heutige:
1410 1886 42 32 Im
1472 1885 159 33 Ausland
1650 1884 172 43 (Rußland
1841 1885 69 32 und
1929 1884 144 33 Deutsch-

1233 1940 94 42 land)
1356 1939 189 43 geschulte,
1582 1939 238 43 hochbegabte
1857 1938 237 43 Schauspieler

1233 1994 230 42 (Budewska,
1493 1993 165 41 Sarafoff,
1690 1993 149 43 Klrkoff,
1866 1992 226 44 Ognjanoff).

1233 2047 248 34 Ausländische
1489 2047 213 42 Regisseure.
1714 2047 216 42 Bulgarische
1939 2047 133 33 Bühnen-

1233 2101 122 34 werke.
1404 2100 166 34 Moderne
1604 2100 117 34 Bühne
1754 2102 94 40 (eine
1881 2101 61 33 der
1973 2101 121 33 besten

1234 2155 166 43 Europas;
1421 2155 171 33 Versenk-
1611 2156 68 32 und
1696 2154 398 43 Seitenschiebebühne).

1235 2219 107 34 Aber.

1236 2282 69 33 Auf
1336 2282 91 33 diese
1454 2280 116 35 Weise
1600 2281 224 43 Brennpunkt
1853 2282 59 33 der
1937 2281 140 33 Theater-

1237 2336 101 33 kunst
1372 2336 200 41 Bulgariens
1619 2336 202 42 geworden,
1871 2335 116 43 schlug
2035 2336 61 33 das

1237 2391 248 33 Staatstheater
1522 2389 106 34 leider
1667 2389 80 33 bald
1785 2391 74 32 eine
1901 2390 94 33 Linie
2036 2389 61 33 des

1237 2446 297 33 Konservatismus
1559 2445 65 39 ein,
1651 2443 206 34 hinsichtlich
1885 2444 60 33 des
1973 2443 105 42 Reper-

1238 2501 104 33 toires
1366 2501 62 31 wie
1459 2498 80 34 auch
1566 2498 60 33 der
1651 2497 322 43 Kunstrichtungen.
2022 2497 76 33 Den

1238 2568 60 20 aus
1346 2552 156 34 Rußland
1548 2566 62 20 vor
1658 2552 132 43 dreißig
1830 2552 124 42 Jahren
2002 2552 97 33 über-
