2271 3048
292 2676 47 34 26

281 344 188 46 Rhythmus
481 354 175 37 getragen.
726 348 357 43 Dimitroff-Majstora
1097 347 43 32 ist

281 403 74 31 eine
367 402 108 42 große
487 403 181 43 Hoffnung
680 404 60 33 der
750 404 233 42 bulgarischen
993 402 145 34 Malerei.

281 453 78 35 Fast
376 455 63 35 alle
458 459 111 31 seiner
586 456 165 35 Arbeiten
772 458 74 33 sind
865 470 78 21 vom
961 456 178 34 Auslande

282 509 187 43 angekauft
493 511 150 34 worden.

281 590 122 34 Kultur
433 591 69 33 und
534 591 223 34 zweifelloses
782 591 119 34 Talent
933 594 117 41 zeigen
1085 591 53 33 die

281 643 168 35 Arbeiten
484 647 93 33 eines
611 647 148 33 anderen
792 649 124 40 jungen
949 646 123 33 Malers

282 698 241 35 Detschko
563 701 218 40 Usunoff,
824 701 61 33 der
929 700 83 33 noch
1053 713 86 29 ganz

282 751 197 35 Suchender
511 756 42 31 ist
618 754 42 33 Er
692 754 139 34 bemüht
863 754 82 41 sich,
972 754 54 33 die
1058 753 81 33 rohe

282 806 109 34 Natur
423 820 40 20 zu
497 808 232 40 überwinden,
757 808 110 33 indem
900 822 36 19 er
967 808 67 33 sich
1060 807 80 33 bald

283 873 41 20 an
359 861 55 33 die
450 862 213 42 bulgarische
694 862 263 33 Ikonenmalerei
991 861 148 40 anlehnt,

282 914 83 33 bald
397 928 59 20 aus
486 918 113 30 seiner
627 918 143 40 eigenen
796 915 176 43 Fähigkeit
996 915 143 43 schöpft,

283 968 55 33 die
370 970 114 32 innere
509 970 313 42 Wesenhaftigkeit
847 970 60 33 der
933 970 110 42 Dinge
1073 968 68 34 und

283 1022 62 33 das
375 1023 111 33 wahre
511 1023 128 33 Antlitz
669 1024 111 33 hinter
808 1024 60 33 der
898 1023 241 34 menschlichen

283 1077 120 33 Maske
432 1091 41 19 zu
503 1078 114 33 sehen.
667 1078 80 33 Eine
773 1078 105 33 Reihe
904 1092 67 19 von
997 1077 144 34 Studien

284 1145 60 20 aus
381 1132 78 33 dem
485 1132 242 34 Klosterleben
762 1135 91 40 zeigt
889 1134 90 32 seine
1016 1132 124 34 sichere

284 1186 259 43 Beherrschung
585 1187 61 33 des
694 1188 214 42 expressiven
950 1186 82 34 Stils
1072 1186 69 33 und

284 1242 71 31 sein
398 1240 230 43 zeitgemäßes
669 1240 125 34 Gefühl
835 1241 52 32 für
926 1240 107 33 Farbe
1073 1240 69 33 und

284 1293 254 44 Komposition.

285 1380 222 34 Bentscho
534 1380 300 34 Obreschkoff
858 1380 92 33 steht
967 1380 60 33 der
1043 1386 80 27 west-

286 1435 241 42 europäischen
550 1434 113 34 Kunst
685 1434 94 33 nahe.
825 1434 61 33 Mit
908 1434 67 33 fast
996 1434 148 33 brutaler

286 1488 83 35 Gier
403 1488 99 43 packt
534 1502 35 19 er
602 1489 54 32 die
682 1488 106 33 Natur
820 1488 68 32 und
913 1492 231 29 zertrümmert

287 1546 58 38 sie,
371 1558 54 18 um
451 1557 60 19 aus
537 1543 49 32 ihr
608 1546 103 29 etwas
728 1542 146 43 Eigenes
900 1555 39 20 zu
964 1542 129 33 formen

286 1597 211 43 dynamisch,
535 1596 299 33 charakteristisch.
899 1596 100 33 Seine
1036 1596 87 33 Land-

287 1652 149 33 schaften
467 1651 150 34 schreien
651 1652 29 31 in
713 1651 60 33 der
803 1649 253 43 Gespanntheit
1086 1651 59 32 der

286 1707 117 33 Linien
438 1706 68 32 und
541 1707 31 30 in
607 1705 76 32 dem
718 1706 230 40 gesteigerten
978 1703 73 34 Ton
1087 1704 58 33 der

287 1761 118 34 Farbe.
432 1760 101 34 Seine
551 1759 151 33 Porträts
722 1757 169 34 enthüllen
911 1758 60 33 das
985 1758 138 33 Wesent-

287 1815 82 33 liche
396 1814 61 33 des
481 1813 218 34 Charakters.
748 1812 257 33 Obreschkoff’s
1037 1812 109 33 Kunst

287 1871 43 31 ist
354 1874 147 37 spontan
526 1867 68 33 und
611 1866 165 34 trotzdem
795 1866 237 33 differenziert.
1072 1865 50 34 Ob-

287 1923 89 33 wohl
402 1923 54 33 bei
482 1922 60 33 der
568 1921 233 42 Entwicklung
832 1922 111 32 seines
969 1920 160 33 künstleri-

288 1977 101 34 schen
414 1976 82 34 Stils
525 1976 241 33 verschiedene
796 1974 165 33 Einflüsse
991 1974 153 33 wirksam

287 2044 122 24 waren,
436 2032 43 31 ist
504 2043 36 20 er
565 2029 86 33 doch
676 2031 53 31 ein
748 2028 161 33 Künstler
933 2041 67 19 von
1026 2041 100 30 ausge-

287 2085 206 44 sprochener
530 2083 161 43 Eigenart
729 2084 57 31 mit
823 2082 160 33 sicherem
1021 2081 126 34 Gefühl

287 2140 51 33 für
379 2139 61 33 das
478 2137 219 43 Zeitgemäße
738 2137 69 33 und
845 2138 52 31 ein
933 2136 120 34 Talent
1089 2137 58 32 mit

287 2193 216 43 vielfältigen,
528 2192 130 33 reichen
685 2191 271 42 Möglichkeiten.

289 2279 70 33 Auf
388 2291 85 29 ganz
504 2277 144 33 anderer
678 2275 115 34 Ebene
823 2275 136 43 bewegt
989 2275 66 34 sich
1086 2275 61 34 das

289 2332 159 35 Schaffen
473 2331 134 42 Georg
636 2330 220 43 Papasoff’s
883 2330 67 33 und
976 2329 171 43 Nikoley

1197 337 254 48 Dulgeroff’s.
1483 337 52 33 Ihr
1552 334 148 35 Streben
1718 331 91 35 steht
1825 330 225 39 vollkommen

1197 394 184 37 außerhalb
1401 393 61 33 des
1479 390 225 34 Bannkreises
1725 387 60 33 der
1811 387 222 44 innerbulgari-

1197 451 100 33 schen
1323 447 149 34 Malerei.
1528 442 161 44 Papasoff
1718 442 148 33 arbeitet
1895 443 32 32 in
1953 442 98 41 Paris,

1196 502 181 45 Dulgeroff
1402 503 31 31 in
1460 498 121 34 Italien.
1641 497 176 42 Papasoff,
1844 497 61 33 der
1930 499 31 31 in
1988 497 62 35 den

1196 559 96 33 Kreis
1326 558 60 32 der
1418 555 133 33 Pariser
1575 552 225 34 Surrealisten
1839 551 138 42 gehört,
2014 556 40 30 ist

1195 615 110 32 seiner
1319 608 184 36 seelischen
1513 606 306 41 Grundstimmung
1833 604 79 33 nach
1927 605 127 35 infantil

1196 666 69 34 und
1290 665 156 43 primitiv.
1487 662 60 32 Mit
1573 661 60 33 der
1657 659 221 43 Leichtigkeit
1902 659 69 33 und
1997 660 58 33 der

1195 720 184 34 fröhlichen
1435 713 470 44 Verantwortungslosigkeit
1964 716 91 32 eines

1195 774 130 34 Kindes
1342 772 121 35 schafft
1480 785 35 19 er
1532 769 66 34 sich
1617 771 74 31 eine
1714 768 340 43 hieroglyphenhafte

1196 829 70 33 und
1314 826 169 43 alogische
1531 823 92 35 Welt
1672 836 59 20 aus
1783 823 271 43 phantastischen

1197 884 139 33 Zeichen
1355 882 69 34 und
1441 878 278 39 Farbenflecken,
1746 879 32 31 in
1796 878 61 32 der
1882 878 66 33 sich
1966 877 89 35 Teile

1197 939 60 33 der
1297 935 206 35 materiellen
1544 933 92 34 Welt
1676 934 58 31 mit
1773 932 66 33 den
1880 932 176 43 graphisch

1197 990 217 36 malerischen
1455 986 273 45 Dingsymbolen
1768 986 207 34 verflechten

1197 1050 74 30 eine
1293 1045 103 42 Welt,
1423 1044 60 33 der
1508 1056 62 20 nur
1596 1044 74 32 eine
1697 1041 119 33 irreale
1841 1040 108 43 Logik
1974 1040 82 34 Sinn

1198 1101 69 33 und
1284 1098 172 35 Verstand
1474 1097 152 34 verleiht.
1653 1095 120 43 Einige
1792 1094 265 44 Ausstellungen

1198 1158 31 30 in
1254 1155 104 38 Paris,
1385 1153 145 33 London
1557 1157 54 27 etc
1646 1150 111 32 haben
1784 1152 117 30 seinen
1927 1149 130 33 Namen

1198 1212 31 31 in
1255 1210 60 33 der
1339 1206 329 43 westeuropäischen
1695 1204 190 34 Kunstwelt
1909 1204 151 33 bekannt

1198 1263 163 45 gemacht,

1199 1335 182 44 Dulgeroff
1425 1333 94 34 sucht
1567 1334 58 31 mit
1672 1333 115 31 seinen
1829 1331 136 33 Bildern
2006 1331 53 33 die

1199 1389 188 35 kosmische
1436 1386 317 43 Gesetzmäßigkeit
1806 1398 40 21 zu
1900 1386 159 33 erfassen.

1200 1445 71 33 Der
1287 1444 98 33 Kreis
1403 1442 68 33 und
1490 1442 61 33 das
1566 1441 157 37 Quadrat
1741 1439 108 35 sollen
1868 1442 31 31 in
1916 1439 144 34 tausend

1201 1497 379 42 Erscheinungsformen
1617 1497 134 41 zeigen,
1790 1494 67 33 daß
1895 1494 49 32 ihr
1979 1507 62 29 geo-

1201 1552 193 33 metrisches
1434 1551 142 36 Wesen,
1623 1551 188 41 gesteigert
1858 1547 101 34 durch
2008 1548 52 32 die

1201 1608 91 32 reine
1325 1604 264 44 ungebrochene
1622 1603 122 41 Farbe,
1775 1603 54 32 die
1863 1602 198 43 Grundlage

1202 1662 60 33 der
1292 1660 228 42 beständigen
1552 1659 185 32 Harmonie
1770 1659 52 33 ist.
1878 1657 111 33 Heute
2021 1658 42 32 ist

1201 1714 180 43 Dulgeroff
1406 1717 94 30 einer
1526 1713 60 33 der
1602 1712 233 33 wertvollsten
1854 1712 209 33 Mitarbeiter

1202 1770 61 33 der
1287 1768 229 34 italienischen
1543 1767 204 34 Futuristen.

1202 1842 115 34 Damit
1339 1841 74 33 sind
1436 1840 144 34 beinahe
1603 1840 65 33 alle
1686 1839 194 43 diejenigen
1903 1844 160 37 genannt,

1203 1896 53 34 die
1282 1896 51 32 für
1349 1895 54 33 die
1422 1894 146 34 Zukunft
1594 1894 60 34 der
1671 1894 234 43 bulgarischen
1926 1892 137 35 Malerei

1203 1949 303 43 richtungweisend
1521 1949 87 34 sind.
1636 1949 79 32 Man
1734 1949 127 32 könnte
1880 1946 183 34 außerdem

1204 2005 83 33 noch
1303 2006 110 40 einige
1427 2004 190 33 talentierte
1633 2005 102 41 junge
1749 2002 106 34 Leute
1873 2002 190 36 erwähnen,

1203 2060 61 31 wie
1290 2058 75 33 Ilia
1391 2057 167 34 Petroff
1587 2057 69 33 und
1680 2056 159 35 Wassil
1871 2055 192 35 Stoiloff.

1204 2112 50 33 Ihr
1279 2112 96 33 Wert
1404 2111 83 33 wird
1519 2117 69 28 erst
1616 2112 183 42 „morgen“
1826 2124 57 20 zur
1914 2110 151 43 Geltung

1204 2167 166 38 kommen,
1392 2179 100 19 wenn
1519 2166 54 32 die
1599 2165 212 44 bulgarische
1833 2165 139 33 Malerei
1999 2165 66 33 sich

1203 2233 67 20 von
1296 2220 66 33 den
1388 2220 110 33 Toten
1524 2220 121 33 befreit
1671 2220 112 33 haben
1809 2220 92 33 wird.
1952 2219 113 33 Heute

1204 2277 43 31 ist
1287 2287 35 20 es
1368 2275 84 33 noch
1501 2274 205 43 unmöglich,
1748 2273 202 44 allgemeine
1999 2272 67 34 und

1205 2328 172 33 dauernde
1403 2328 199 33 Richtlinien
1629 2341 39 20 zu
1694 2328 227 33 formulieren.
