2209 3048
1889 2661 46 35 33

149 332 188 33 Manchmal
354 346 68 20 war
439 347 37 20 es
496 347 73 25 uns,
592 334 49 33 als
658 334 104 34 liefen
779 336 58 32 wir
854 336 32 31 in
906 337 110 31 einem

149 387 247 33 verzauberten
421 388 110 33 Kreis.
583 388 87 34 Vom
697 388 147 34 Himmel
871 389 144 33 nieselte

150 453 36 21 es
222 441 137 34 dünnen
397 442 128 43 Regen.
581 442 73 33 Aus
690 443 66 33 den
792 443 222 43 bröckeligen

150 495 196 44 Abhängen
373 510 171 30 sprangen
570 497 100 34 wilde
697 498 124 40 Bäche,
853 497 163 34 rasender

150 550 205 34 Sturmwind
381 551 88 34 stieß
495 553 32 32 in
554 565 103 20 unser
675 552 148 34 Gesicht.
860 551 155 35 Schwere

150 603 94 44 Tage
259 605 119 34 kamen
394 606 52 33 für
458 619 69 22 uns,
542 607 213 41 regnerische
770 607 70 33 und
856 607 160 41 nebelige

150 658 110 44 Tage,
286 659 68 34 voll
381 659 165 34 Wildheit
575 661 71 33 und
676 661 157 34 finsterer
858 660 140 34 Häßlich-

150 713 78 34 keit.
270 714 73 33 Wir
368 715 160 33 schritten
554 715 85 34 über
664 716 55 33 die
746 716 142 43 kotigen
906 715 111 43 Wege

152 771 58 30 mit
235 769 198 43 ergebenen
459 769 71 33 und
562 769 279 34 teilnahmslosen
868 770 148 39 Mienen,

150 824 63 32 wie
250 823 201 43 Menschen,
491 824 54 34 die
583 838 40 19 zu
662 827 141 40 ewigem
840 824 177 33 Wandern

151 878 68 33 und
247 881 141 40 ewigem
416 878 107 44 Krieg
548 879 176 33 verurteilt
750 879 89 33 sind.

153 964 147 34 Abends
315 964 114 34 halten
442 967 59 31 wir
514 978 40 20 an
571 967 110 31 einem
696 965 149 33 dunklen
859 965 140 41 schweig-

153 1033 113 19 samen
293 1019 104 33 Wald
428 1020 68 32 und
527 1019 126 34 richten
684 1033 101 19 unser
810 1019 111 43 Lager
952 1021 65 31 ein.

153 1073 64 33 Für
247 1075 76 32 eine
354 1074 101 33 kurze
482 1073 74 33 Zeit
586 1076 41 30 ist
658 1074 55 32 die
744 1073 193 43 Müdigkeit
962 1073 38 33 ab-

154 1128 133 42 gelegt,
326 1127 55 34 die
416 1130 139 40 zornige
586 1127 261 34 Verbissenheit
881 1127 138 43 gestillt,

154 1183 77 32 sind
245 1182 55 33 die
319 1182 179 33 nutzlosen
514 1182 120 33 Flüche
652 1182 365 42 heruntergeschluckt.

154 1237 137 34 Elenoff
315 1237 115 43 bringt
446 1237 211 33 Buchenäste
683 1237 70 32 und
779 1236 108 33 macht
905 1236 115 33 Feuer.

155 1291 118 34 Grobe
304 1291 173 34 erfrorene
504 1290 123 34 Hände
658 1290 156 33 strecken
845 1290 67 33 sich
939 1290 81 33 nach

155 1348 117 31 seinen
315 1346 190 42 kupfernen
547 1345 158 36 Blumen,
744 1344 55 33 die
837 1343 183 34 Gestalten

154 1399 126 34 werfen
318 1399 281 33 Riesenschatten
641 1402 33 29 in
713 1398 60 33 der
813 1398 209 33 Dunkelheit

155 1453 70 33 und
266 1455 59 31 mit
360 1453 211 44 gekreuzten
609 1453 150 40 Beinen,
801 1453 219 42 schweigsam

155 1508 71 33 und
274 1508 131 39 finster,
448 1509 80 32 sitzt
577 1508 60 32 der
679 1507 138 33 düstere
858 1506 162 35 Burssuk.

156 1563 164 42 Ringsum
354 1576 61 19 nur
449 1563 61 32 das
536 1561 166 34 Murmeln
737 1561 191 33 halblauter
955 1559 45 34 Ge-

157 1618 150 41 spräche.
343 1616 95 34 Hoch
458 1617 84 33 über
561 1629 74 29 uns,
653 1618 32 30 in
707 1615 60 33 der
785 1615 127 33 tauben
926 1613 96 34 Tiefe

157 1672 59 32 der
243 1671 107 34 Nacht
382 1674 104 39 wiegt
517 1670 67 33 sich
614 1670 60 33 der
704 1669 219 43 ungeheuere
953 1682 53 19 zer-

157 1732 116 27 zauste
291 1725 167 42 Vorhang
484 1725 62 33 des
572 1724 141 38 Nebels,
741 1724 60 32 das
824 1723 198 42 Schweigen

156 1780 133 34 wickelt
321 1793 61 20 uns
413 1780 152 42 langsam
592 1780 33 32 in
652 1781 117 31 seinen
797 1778 130 33 Mantel
953 1778 70 33 und

159 1834 185 34 allmählich
394 1834 132 33 erlischt
575 1833 61 33 das
684 1832 116 34 Feuer.
863 1832 33 32 In
946 1831 76 33 dem

159 1890 232 41 dämmerigen
409 1887 149 35 Schleier
585 1888 61 33 des
671 1887 130 33 Nebels
828 1886 195 33 erscheinen

159 1945 55 32 die
240 1944 127 33 Bäume
393 1946 62 31 wie
482 1942 218 43 Gespenster
730 1941 70 33 und
830 1941 60 33 der
916 1940 107 34 Mond

158 1999 84 34 wird
271 2012 39 20 zu
342 2000 109 32 einem
476 1997 331 34 verschwommenen
839 1995 185 34 formlosen

161 2053 106 34 Fleck.

160 2139 163 43 Morgens
341 2138 224 33 marschieren
585 2138 58 32 wir
660 2138 126 33 weiter.
825 2137 71 33 Der
914 2135 88 34 Nord-

159 2193 90 33 wind
286 2192 96 33 bläßt
420 2193 54 32 die
512 2191 383 41 Novembertrompete.
956 2189 70 32 Der

161 2248 117 42 Regen
298 2247 77 33 hört
393 2246 66 40 auf,
475 2246 55 33 die
548 2245 171 34 schweren
735 2244 156 34 feuchten
899 2243 126 34 Winde

161 2302 112 34 heben
304 2301 82 39 sich,
414 2301 54 33 die
498 2300 117 33 fernen
641 2299 155 43 Gebirge
826 2298 141 33 tauchen
994 2300 31 30 in

161 2357 210 41 bleigrauem
398 2353 74 35 Ton
498 2361 109 26 unter.
649 2353 154 34 Schwere
829 2352 196 42 Ahnungen

161 2410 137 33 werden
328 2411 32 30 in
390 2422 64 19 uns
484 2408 101 33 wach.
645 2408 116 33 Immer
791 2406 235 37 marschieren,

162 2463 225 33 marschieren
412 2464 58 32 wir
496 2463 82 32 nach
606 2463 76 32 dem
708 2461 154 34 Westen.
914 2459 113 33 Unser

163 2518 130 33 Marsch
325 2518 57 32 hat
414 2517 78 33 kein
518 2516 107 34 Ende.
673 2515 98 34 Viele
797 2527 100 21 essen
923 2513 102 33 schon

166 2572 168 33 Wurzeln.

1073 333 201 35 Zusammen
1305 337 59 30 mit
1394 335 76 32 dem
1503 334 154 43 Unglück
1686 336 61 33 des
1773 337 158 44 Hungers

1072 389 67 33 und
1171 389 60 33 der
1255 389 231 33 Krankheiten
1517 389 213 35 überkommt
1760 404 62 21 uns
1851 393 80 33 auch

1072 443 61 33 das
1153 442 138 34 Grauen
1311 444 61 33 des
1389 442 125 35 Todes.
1552 443 44 34 Es
1621 445 44 32 ist
1690 446 75 32 eine
1790 447 125 33 unsicht-

1072 498 82 33 bare
1180 497 93 44 Pest,
1304 504 201 27 unerwartet
1530 498 70 33 und
1625 498 126 40 brutal,
1779 501 48 31 sie
1851 501 82 32 wird

1072 566 66 20 von
1153 553 134 33 Mensch
1304 553 55 33 auf
1373 553 136 33 Mensch
1525 553 213 42 übertragen.
1765 553 166 44 Dagegen

1073 608 176 40 machtlos,
1275 613 109 28 treten
1409 610 59 31 wir
1498 608 49 33 ihr
1577 608 122 33 stoisch
1734 610 199 42 gegenüber

1073 662 70 32 und
1174 668 127 27 warten
1336 662 55 33 auf
1424 663 64 33 den
1517 661 93 38 Tod,
1637 663 59 33 mit
1725 676 184 20 zusammen-

1074 716 207 42 gebissenen
1307 715 149 35 Zähnen.
1506 716 80 34 Und
1616 730 96 20 wenn
1745 730 102 30 sogar
1877 718 57 33 der

1073 770 118 43 große,
1217 770 144 43 kräftige
1388 770 133 34 Elenoff
1547 771 86 43 fällt,
1664 772 175 42 begreifen
1866 774 67 39 wir,

1075 824 67 34 daß
1183 825 51 33 für
1275 839 62 19 uns
1377 825 81 33 alles
1498 825 157 34 verloren
1697 829 51 31 ist.
1812 826 41 33 Er
1893 829 42 31 ist

1075 879 209 34 fürchterlich
1311 879 232 34 anzublicken.
1602 879 82 34 Sein
1710 881 225 42 gigantischer

1075 934 134 44 Körper
1226 937 114 30 zittert
1354 937 60 30 wie
1430 934 196 44 Espenlaub
1646 935 69 33 und
1734 949 34 19 er
1782 935 154 34 schreitet

1076 990 59 32 mit
1151 989 208 42 langsamen,
1387 990 197 33 unsicheren
1604 989 180 44 Schritten,
1811 990 51 33 bis
1880 990 54 32 ihn

1077 1044 55 33 die
1147 1043 137 43 Agonie
1304 1044 216 33 niederreißt.
1560 1044 79 33 Und
1657 1057 122 20 unsere
1796 1044 138 33 finstere

1077 1098 188 34 Karawane
1303 1098 158 34 schreitet
1497 1099 80 39 fort,
1615 1099 114 33 hinauf
1765 1098 55 34 auf
1860 1099 74 33 dem

1077 1166 111 29 engen
1216 1152 265 43 Gebirgswege,
1512 1153 72 33 und
1616 1152 84 33 über
1724 1166 61 20 uns
1811 1153 124 42 pfeifen

1077 1207 56 33 die
1159 1207 127 33 Winde
1312 1207 61 33 des
1398 1206 162 36 Winters.

1078 1288 70 33 Der
1177 1294 92 27 erste
1295 1287 130 34 Schnee
1455 1288 84 33 fällt.
1588 1287 180 44 Erschöpft
1800 1288 135 33 sterben

1078 1342 80 33 auch
1201 1342 55 33 die
1289 1342 123 33 Pferde
1453 1342 84 33 oder
1576 1342 182 33 versinken
1800 1343 31 32 in
1873 1342 63 33 den

1078 1396 353 44 Gebirgsabgründen
1449 1409 192 21 zusammen
1657 1399 57 31 mit
1729 1397 66 32 den
1810 1396 124 33 Leuten

1078 1451 70 33 und
1171 1452 66 32 den
1254 1451 389 42 Maschinengewehren.
1676 1451 71 32 Wir
1769 1453 85 30 irren
1876 1452 61 31 wie

1079 1505 97 33 blind
1202 1506 101 33 durch
1330 1506 112 33 dieses
1473 1507 172 31 steinerne
1670 1504 181 43 Labyrinth
1878 1504 60 32 des

1079 1559 131 43 Todes,
1246 1560 88 33 ohne
1370 1559 206 39 Gedanken,
1612 1559 89 33 ohne
1736 1558 84 41 Ziel,
1851 1558 86 33 ohne

1080 1613 139 44 Kampf,
1254 1614 89 33 ohne
1377 1628 39 19 zu
1451 1616 124 31 wissen
1612 1613 128 40 wohin,
1776 1613 88 33 ohne
1898 1625 39 20 zu

1079 1668 180 34 verstehen
1284 1683 135 18 warum.
1469 1668 70 33 Das
1570 1668 120 33 dauert
1720 1668 86 33 viele
1832 1667 102 42 Tage.

1080 1723 79 33 Wir
1183 1723 146 33 klettern
1359 1723 55 33 auf
1444 1723 53 33 die
1523 1723 123 33 wilden
1677 1721 260 39 Felsenkämme,

1080 1779 160 41 erfroren,
1269 1778 173 43 erschöpft
1466 1778 70 33 und
1557 1777 106 33 bleich
1683 1779 31 30 in
1734 1777 60 32 der
1811 1774 106 34 unend-

1081 1832 107 33 lichen
1207 1830 251 37 Schneewüste.
1494 1830 114 34 Nichts
1626 1832 98 40 zeigt,
1746 1828 65 34 daß
1830 1829 109 32 dieser

1082 1889 107 40 ewige
1207 1886 91 42 Weg
1322 1887 54 32 ein
1402 1885 95 34 Ende
1524 1885 143 33 nehmen
1691 1883 94 34 wird.
1823 1882 115 34 Taube

1081 1940 151 43 Apathie
1263 1940 202 33 übermannt
1495 1939 79 43 alle,
1604 1939 86 33 viele
1720 1938 145 34 schlafen
1896 1939 41 30 im

1082 1994 132 34 Gehen.
1263 1994 139 33 Endlich
1428 1994 113 33 halten
1567 1996 58 31 wir
1651 2006 50 20 an.
1754 1992 117 32 Mitten
1896 1992 41 30 im

1081 2049 90 33 Herz
1199 2049 61 33 des
1288 2048 182 43 Gebirges.
1514 2048 156 34 Eiserner
1686 2046 134 34 Winter
1845 2045 76 32 über-

1081 2104 71 33 fällt
1169 2117 74 20 uns.
1271 2102 44 34 Es
1331 2104 42 32 ist
1391 2105 139 40 grausig
1547 2115 40 20 zu
1607 2101 115 41 sehen,
1745 2103 61 30 wie
1828 2099 109 33 neben

1083 2159 66 33 den
1203 2171 291 30 ausgegangenen
1543 2156 128 33 Feuern
1726 2155 54 32 die
1828 2156 93 39 einge-

1083 2213 193 34 schlafenen
1302 2213 105 33 Leute
1433 2210 147 34 bedeckt
1604 2212 58 31 mit
1685 2209 123 33 weißer
1825 2206 114 35 Decke

1083 2272 188 40 erwachen,
1298 2284 179 30 morgens,
1503 2282 95 21 wenn
1631 2270 42 31 im
1699 2266 144 34 Himmel
1873 2264 66 34 und

1083 2331 56 33 auf
1158 2331 60 33 der
1234 2330 88 34 Erde
1349 2331 74 32 eine
1450 2327 199 35 unendliche
1667 2326 95 33 Stille
1781 2324 157 34 herrscht.

1083 2391 65 32 Die
1174 2390 119 33 Felsen
1320 2388 134 42 hängen
1480 2386 85 33 weiß
1591 2386 70 33 und
1687 2383 166 38 drohend,
1878 2383 61 31 wie

1083 2450 109 33 bereit
1227 2450 232 31 einzustürzen
1494 2445 69 34 und
1598 2444 54 33 die
1678 2442 90 34 Welt
1801 2455 40 19 zu
1872 2452 51 21 zer-

1084 2507 187 43 quetschen
1367 2505 136 41 hängen
1530 2503 83 32 über
1635 2502 100 43 jeden
1761 2499 103 42 Weg,
1889 2511 50 19 wo

1084 2579 177 30 grausame
1287 2564 259 33 Schneestürme
1571 2557 277 36 Lawinenhaufen
1873 2555 66 33 und
