2246 3048
303 2666 48 33 18

302 332 172 41 „Wezni“.
532 334 109 33 Mileff
687 348 67 20 war
801 335 55 33 die
904 334 251 34 bedeutendste

300 386 267 35 Persönlichkeit
603 389 70 32 und
709 389 59 33 der
804 388 257 43 Sammelpunkt
1097 387 60 33 der

299 438 224 46 Avantgarde
560 442 61 33 des
659 442 128 33 Neuen.
845 442 161 38 „Wezni“
1044 440 111 34 stellte

299 494 83 33 bald
420 497 72 31 sein
531 495 203 34 Erscheinen
773 498 52 31 ein
867 496 67 32 und
972 495 60 33 der
1068 500 88 27 erste

299 547 151 35 Versuch
468 549 91 33 blieb
579 550 86 33 ohne
691 549 107 42 große
821 549 101 34 reelle
941 549 215 43 Ergebnisse.

300 602 65 33 Die
391 615 84 20 neue
501 602 184 44 Strömung
712 603 47 33 als
785 604 112 32 solche
923 603 82 33 aber
1029 603 127 32 konnte

301 656 67 32 sich
399 656 199 44 formieren,
625 657 129 33 konnte
785 657 95 33 ihren
911 659 145 41 eigenen
1083 655 72 38 Stil,

300 709 70 34 ihre
401 712 146 42 eigenen
578 712 266 33 künstlerischen
872 711 189 34 Gedanken
1087 709 69 34 und

300 763 112 35 Ideale
447 765 166 39 schaffen,
648 766 123 33 welche
807 766 88 33 nicht
931 766 88 33 ohne
1057 768 98 30 einen

299 821 171 40 gewissen
496 818 134 34 Einfluß
657 819 55 33 auf
737 820 54 32 die
818 822 101 39 junge
945 819 211 42 bulgarische

299 872 114 34 Kunst
438 873 185 43 geblieben
650 874 88 32 sind.

300 935 65 34 Die
394 937 288 41 zeitgenössische
713 936 110 33 Kunst
852 936 70 34 und
947 936 120 33 Kultur
1097 935 60 33 der

299 989 94 34 Welt
430 991 101 33 stand
569 994 31 29 in
639 991 65 33 den
746 990 326 43 Nachkriegsjahren
1115 1003 40 19 an

300 1046 110 31 einem
422 1045 322 43 verhängnisvollen
759 1044 219 43 Kreuzwege,
991 1044 70 33 und
1076 1044 79 32 auch

300 1098 101 34 heute
426 1101 44 31 ist
496 1099 54 33 die
569 1099 167 33 Situation
763 1100 41 31 im
824 1098 142 34 Grunde
992 1098 83 33 noch
1101 1098 54 33 die

299 1152 140 43 gleiche.
487 1153 45 33 Es
567 1153 91 34 steht
692 1153 117 34 bevor;
845 1152 171 34 entweder
1050 1151 85 33 Rück-

299 1220 94 29 gang
422 1220 58 20 zur
510 1207 221 33 dekorativen
762 1206 304 42 Unterstreichung
1089 1219 66 19 von

535 1260 68 32 und
653 1260 180 39 „inneren“
883 1259 141 33 Formen
1073 1259 83 33 oder

300 1314 372 43 Vorwärtsbewegung
701 1327 56 20 zur
781 1314 375 41 Konstruktivisierung

298 1369 95 42 jeder
429 1369 272 42 schöpferischen
739 1368 108 33 Form.
921 1369 75 32 Den
1033 1368 122 33 letzten

299 1422 91 42 Weg
426 1423 116 41 schlug
578 1423 54 32 die
667 1425 99 39 junge
803 1422 212 42 bulgarische
1049 1421 109 33 Kunst

301 1479 64 30 ein.
425 1476 64 33 Die
525 1477 110 37 Basis,
671 1476 57 33 auf
762 1476 54 33 die
851 1477 48 32 sie
934 1476 66 32 sich
1035 1475 123 41 stellte,

299 1544 82 19 war:
408 1531 87 32 nicht
514 1531 54 32 die
586 1532 116 31 innere
720 1530 132 33 Fiktion
868 1530 191 42 „Mensch“,
1080 1542 59 21 son-

301 1585 82 33 dern
410 1585 60 33 der
496 1585 233 33 konstruktive
759 1584 130 42 Begriff
906 1583 249 38 „Menschheit“

301 1640 42 32 ist
362 1639 61 32 das
440 1639 129 33 Wesen
588 1639 59 32 der
663 1637 166 34 wahrhaft
846 1636 168 34 aktuellen
1033 1635 124 34 Kunst!

299 1692 83 42 Jene
435 1691 183 34 materielle
671 1690 280 44 Notwendigkeit
1105 1692 52 31 ein

300 1745 153 34 Produkt
492 1745 61 33 des
589 1745 321 33 Lebensinstinktes
1028 1745 43 32 ist
1105 1745 52 31 ein

300 1800 194 33 definitiver
508 1800 131 33 Faktor.
665 1799 56 34 Sie
735 1800 174 32 bestimmt
926 1799 64 32 den
1006 1797 133 43 schöpfe-

300 1855 130 33 rischen
462 1854 90 41 Weg
585 1853 60 34 des
684 1852 192 34 suchenden
910 1852 182 32 Menschen
1125 1854 32 30 in

301 1909 61 33 der
383 1909 197 42 Bewegung
606 1921 57 19 zur
680 1906 217 43 Abrundung
923 1908 112 31 seiner
1053 1905 84 33 Welt-

301 1962 215 42 anschauung
546 1961 68 33 und
644 1960 146 34 verleiht
823 1960 60 33 der
914 1960 243 33 menschlichen

300 2015 281 43 Kulturtätigkeit
595 2017 42 31 im
652 2015 224 42 allgemeinen
891 2014 65 33 den
971 2013 188 34 Charakter

302 2071 69 33 und
397 2071 66 33 den
486 2073 139 30 inneren
650 2069 107 33 Wert.
807 2068 105 42 Jedes
937 2068 114 32 Leben
1078 2068 81 32 aber

299 2126 44 33 ist
360 2124 182 34 Ausdruck
567 2124 222 32 elementarer
803 2122 180 43 Dynamik,
1010 2121 68 33 und
1104 2121 55 33 die

299 2180 111 32 Kunst
450 2178 49 33 als
542 2176 338 43 Gestaltungsmittel
921 2176 62 32 des
1023 2175 134 33 Lebens

301 2234 87 32 kann
420 2232 87 33 nicht
538 2231 89 33 ohne
657 2231 144 41 Leitung
830 2229 182 34 Ausdruck
1047 2229 112 33 dieser

300 2286 170 44 Dynamik
494 2287 83 32 sein.
626 2286 64 32 Die
715 2284 238 34 konstruktive
979 2283 178 41 Funktion,

301 2341 53 33 die
385 2341 54 32 die
466 2340 111 33 Kunst
606 2341 42 31 im
676 2339 115 33 Leben
823 2339 60 32 der
914 2337 243 34 menschlichen

301 2393 227 36 Gesellschaft
568 2393 137 40 ausübt,
746 2395 162 40 erzwingt
944 2406 67 19 von
1050 2392 108 33 selbst

300 2449 103 34 schon
421 2450 76 32 eine
515 2447 181 43 Synthese.
737 2446 114 33 Heute
869 2446 87 33 kann
976 2446 54 33 die
1048 2446 110 33 Kunst

300 2503 90 33 nicht
415 2502 94 34 mehr
534 2504 94 31 einer
658 2501 297 34 ausschließlichen

299 2557 187 34 Aesthetik
501 2556 190 34 unterstellt
702 2556 144 35 werden,
862 2556 44 33 da
917 2557 47 31 sie
978 2554 180 34 Ausdruck

1213 331 61 34 des
1299 329 206 35 kollektiven
1524 327 141 33 Willens
1684 339 58 20 zur
1759 325 185 43 Schaffung
1967 340 101 21 neuer

1213 386 141 33 Formen
1392 385 57 38 ist,
1483 381 60 33 der
1580 381 67 33 sich
1685 381 32 31 in
1753 380 59 33 der
1850 380 217 45 Herstellung

1213 440 89 33 nicht
1319 451 59 20 nur
1396 436 151 40 schöner,
1575 434 149 35 sondern
1745 433 79 34 auch

1213 495 113 41 Dinge
1375 492 100 41 zeigt.
1530 490 64 32 Die
1636 502 86 19 neue
1765 488 111 33 Kunst
1912 488 63 33 soll
2011 503 59 20 vor

1212 547 97 33 allem
1327 545 127 34 ethisch
1473 543 68 34 und
1554 542 183 43 deswegen
1757 541 103 33 schon
1878 541 190 42 elementar,

1214 599 128 35 einfach
1363 597 68 34 und
1448 596 71 34 klar
1538 597 83 33 sein.
1663 595 85 42 Jede
1767 595 303 44 Kunstschöpfung

1213 653 63 34 soll
1295 655 75 31 eine
1388 650 239 35 biometrische
1641 649 220 42 Konzeption
1877 649 191 40 darstellen,

1213 711 31 30 in
1276 706 142 34 welcher
1451 706 54 32 die
1536 704 143 33 Materie
1712 703 54 34 bis
1798 717 75 19 zum
1899 703 169 35 Minimum

1212 762 87 33 ihrer
1324 760 175 44 typischen
1519 758 213 42 Kundtuung
1758 757 136 43 geführt
1918 759 52 31 ist.
2007 758 62 34 Die

1214 817 128 40 „neue“
1362 814 112 33 Kunst
1497 812 148 34 verwirft
1670 812 81 33 aber
1776 812 65 33 den
1869 812 182 33 ausschließ-

1212 871 106 33 lichen
1359 868 276 42 Materialismus,
1677 867 60 33 der
1784 867 66 33 den
1890 866 179 34 Menschen

1212 923 187 43 unterjocht
1440 922 68 33 und
1549 934 59 20 aus
1650 921 65 33 ihm
1757 922 76 32 eine
1881 919 186 35 seelenlose

1213 978 205 33 Marionette
1450 978 31 31 in
1516 975 76 33 dem
1625 974 146 33 Theater
1803 974 61 33 der
1898 974 172 33 sinnlosen

1212 1033 106 32 Natur
1352 1031 136 34 machen
1524 1030 139 33 könnte.
1712 1028 58 34 Sie
1803 1031 43 30 ist
1880 1028 82 33 aber
1992 1029 78 33 auch

1213 1087 87 32 nicht
1317 1083 309 36 kosmotheistisch.
1653 1083 33 32 ln
1705 1083 93 32 ihren
1816 1082 254 33 Fundamenten

1213 1140 63 34 soll
1324 1139 162 34 vielmehr
1535 1141 52 30 ein
1643 1138 255 33 koordinierter
1950 1136 101 43 Super-

1213 1194 236 34 naturalismus
1475 1193 123 43 liegen,
1616 1192 142 34 welcher
1783 1205 40 20 zu
1842 1191 76 34 dem
1945 1191 124 43 klugen

1212 1248 227 33 Verständnis
1488 1247 70 33 und
1607 1246 60 33 der
1707 1245 258 42 Beherrschung
2013 1245 59 33 der

1213 1303 140 33 Materie
1378 1301 146 34 verhilft.
1570 1301 65 32 Die
1662 1314 85 20 neue
1773 1300 111 33 Kunst
1911 1298 63 35 soll
2000 1299 71 34 also

1214 1357 51 32 für
1290 1357 54 33 die
1370 1356 91 33 klare
1482 1356 258 41 Permutierung
1766 1353 169 34 einfacher
1961 1353 110 43 Dinge

1215 1414 31 30 in
1278 1414 53 30 ein
1363 1411 244 42 organisiertes
1640 1408 137 34 Ganzes
1811 1411 89 38 sein,
1929 1408 142 33 welches

1215 1468 33 29 in
1267 1468 92 30 einer
1376 1465 182 32 besinnten
1577 1463 69 33 und
1664 1465 32 31 in
1715 1462 169 33 Aktivität
1903 1462 150 33 konkreti-

1214 1520 134 38 sierten,
1377 1517 281 44 zweckgemäßen
1680 1517 194 42 Bewegung
1894 1516 179 34 resultiert.

1215 1578 70 32 Das
1312 1577 77 33 sind
1420 1579 32 30 in
1479 1577 110 32 Kürze
1615 1576 54 33 die
1700 1575 285 43 grundlegenden
2011 1574 40 33 Be-

1214 1630 101 43 griffe
1346 1631 59 33 der
1436 1633 159 40 jüngsten
1624 1629 111 33 Kunst
1761 1629 217 43 Bulgariens,
2005 1642 67 20 was

1215 1685 53 32 die
1293 1684 167 33 Literatur
1486 1684 70 33 und
1580 1684 139 33 Malerei
1746 1683 188 34 anbetrifft.
2029 1682 43 34 Es

1214 1740 43 32 ist
1287 1739 87 33 nicht
1404 1739 61 33 das
1492 1738 69 34 Ziel
1592 1739 61 32 der
1682 1740 124 40 jungen
1838 1737 234 43 bulgarischen

1214 1794 170 39 Künstler,
1423 1795 74 32 eine
1524 1793 198 42 Bewegung
1760 1795 59 30 mit
1856 1792 217 33 bestimmten

1215 1847 200 42 politischen
1433 1845 208 35 Tendenzen
1668 1860 40 19 zu
1734 1845 163 34 schaffen.
1936 1845 64 32 Für
2026 1847 48 31 sie

1215 1902 43 31 ist
1283 1915 37 19 es
1345 1914 62 20 vor
1440 1901 96 33 allem
1563 1901 149 42 wichtig,
1740 1900 66 33 den
1837 1899 235 43 bulgarischen

1214 1955 162 33 Künstler
1409 1969 59 19 aus
1503 1955 77 33 dem
1616 1955 167 33 tötenden
1818 1955 131 33 Morast
1983 1955 92 33 einer

1215 2009 217 42 apathischen
1469 2009 211 33 Unaktivität
1717 2008 69 33 und
1826 2008 146 34 ideellen
2007 2009 46 32 De-

1215 2062 231 34 moralisation
1482 2076 41 20 zu
1560 2062 163 37 befreien,
1762 2065 32 30 in
1831 2062 54 33 die
1923 2062 54 32 ihn
2016 2062 59 33 der

1215 2115 245 44 Symbolismus
1486 2117 296 42 hineingetrieben
1810 2116 66 38 hat,
1904 2116 67 33 sich
1998 2116 76 33 dem

1214 2170 111 33 Volke
1355 2184 41 19 zu
1427 2170 143 44 nähern,
1597 2171 113 33 indem
1742 2174 48 30 sie
1817 2171 66 32 ihm
1909 2170 165 33 wirkliche

1214 2224 243 34 künstlerische
1482 2225 117 33 Werte
1629 2225 114 43 geben
1776 2226 32 32 in
1839 2227 94 31 einer
1963 2237 110 21 neuen

1215 2279 67 32 und
1309 2279 170 33 aktuellen
1506 2279 113 39 Form,
1646 2280 54 33 die
1727 2279 82 34 aber
1834 2279 86 33 doch
1946 2281 128 31 seinem

1213 2332 191 34 Verstehen
1431 2334 68 32 und
1525 2333 204 42 Empfinden
1755 2334 87 32 nahe
1868 2333 104 35 steht.

1214 2391 179 33 Inwieweit
1419 2391 61 33 das
1505 2391 174 43 gelungen
1706 2394 58 37 ist,
1790 2391 201 33 überlassen
2017 2393 58 31 wir

1215 2445 149 33 anderen
1387 2445 244 34 festzustellen.
1657 2446 129 41 Jedoch
1810 2448 43 31 ist
1867 2446 62 33 das
1944 2446 51 33 für
2009 2446 65 33 den

1215 2500 184 33 deutschen
1418 2499 102 33 Leser
1538 2499 88 33 nicht
1652 2513 61 19 nur
1738 2499 50 34 als
1806 2499 249 44 Entwicklungs-

1215 2554 89 33 stufe
1319 2556 29 31 in
1365 2553 59 33 der
1431 2552 200 34 Geschichte
1646 2554 61 33 der
1718 2554 236 41 bulgarischen
1964 2554 111 34 Kunst
