2263 3048
222 345 184 56 Karl
454 349 220 66 Vogt
1023 347 210 48 Verlag
1279 345 111 41 Der
1433 342 188 41 Sturm
1668 340 196 41 Berlin
1910 340 51 41 W
1988 342 56 41 15

215 425 864 222 H
1185 596 105 42 EIN

217 655 130 24 Preis
362 655 62 23 80
441 655 197 27 Pfennig

215 711 69 32 Der
307 712 171 31 bekannte
502 711 112 31 Leiter
638 710 60 32 des
721 710 226 44 Sprechchors
973 708 59 32 der
1049 708 154 30 Berliner
1220 704 224 32 Volksbühne
1468 700 253 33 veröffentlicht
1746 700 75 30 hier
1846 699 66 31 den
1936 705 110 25 ersten

214 757 260 42 konsequenten
505 756 151 31 Versuch
688 767 41 19 zu
757 756 112 30 einem
897 754 72 31 rein
997 753 202 32 chorischen
1228 751 133 31 Drama.
1420 748 68 30 Das
1516 746 104 31 Werk
1648 744 164 32 schildert
1841 745 63 31 mit
1932 755 114 20 monu-

214 802 167 30 mentaler
410 800 129 33 Gewalt
572 802 66 30 den
670 800 125 31 letzten
827 799 71 32 und
927 799 66 31 den
1021 797 220 41 zukünftigen
1268 794 106 41 Krieg
1401 793 37 31 in
1466 792 91 31 allen
1586 791 176 41 grausigen
1791 789 175 31 Stationen
1994 790 52 30 bis

214 859 79 19 zum
323 846 226 42 Giftgasende.
600 846 85 31 Eine
714 845 241 42 Komposition
983 855 67 20 von
1079 842 220 42 eigenartiger
1330 837 304 33 Unmittelbarkeit
1666 835 72 31 und
1771 834 276 32 erschütternder

215 891 139 32 Gewalt.
426 892 80 31 Ein
539 892 90 30 Ruf
658 902 52 20 an
743 891 73 30 die
849 889 252 36 Gewissen,
1138 887 78 31 der
1248 883 188 33 überall
1469 882 164 43 gehört
1667 880 180 32 werden
1881 880 164 31 sollte.

213 1063 94 40 Über
329 1072 55 30 die
401 1071 256 42 Uraufführung
678 1069 134 33 schrieb
830 1069 58 32 das

213 1124 335 33 OFFENBACHER
574 1124 313 33 ABENDBLATT:

214 1199 65 34 Die
312 1199 238 41 Auswirkung
584 1206 76 28 war
687 1197 201 42 jedenfalls

213 1253 126 35 derart
372 1254 59 34 für
469 1254 75 34 alle
582 1253 174 37 Zuhürer,
796 1252 90 34 dass

215 1314 85 28 man
329 1308 164 41 glauben
522 1309 156 36 konnte,
703 1307 48 34 im
780 1306 107 34 Saale

213 1361 108 35 seien
342 1368 67 34 gar
425 1362 111 34 keine
554 1361 196 35 Menschen
773 1361 114 37 mehr,

213 1422 44 28 so
276 1417 75 33 still
372 1417 75 33 und
464 1417 71 33 wie
552 1415 184 42 gefesselt
751 1421 136 28 sassen

213 1471 75 34 alle
307 1471 36 34 In
369 1471 175 34 innerer
567 1468 320 43 Ergriffenheit.

213 1599 58 25 Das
291 1595 86 37 große
397 1597 255 33 Sprechchorwerk

212 1643 49 26 für
279 1643 55 27 alle
353 1640 480 36 Anti-Kriegs-Veranstaltungen!

997 963 65 25 DIE
1074 961 106 26 WELT
1197 959 54 27 AM
1266 958 143 27 ABEND:
1431 975 42 8 ...
1483 957 47 25 ein
1545 956 159 31 Chorspiel,
1718 955 49 25 das
1782 954 65 26 dem
1861 954 62 26 rein
1931 953 115 27 Akusti-

997 999 87 26 schen
1097 997 49 26 des
1160 997 93 26 Worts
1266 995 61 26 und
1341 994 65 25 dem
1420 994 132 25 Element
1571 992 50 26 der
1635 991 162 33 Bewegung
1815 991 41 25 im
1870 991 94 25 Raum
1979 999 67 24 ganz

997 1044 75 17 neue
1089 1034 153 25 Ausmasse
1260 1030 129 27 verleiht.
1417 1030 58 25 Das
1494 1029 96 26 Ganze
1607 1029 39 24 ist
1663 1028 64 25 eine
1744 1026 49 26 für
1811 1026 46 26 die
1875 1026 172 26 Geschichte

997 1071 49 25 des
1066 1069 188 33 Sprechchors
1273 1065 217 28 unzweifelhaft
1508 1063 242 28 bahnbrechende
1770 1063 145 33 Leistung.

1041 1116 66 25 DIE
1125 1114 103 27 NEUE
1245 1113 97 27 ZEIT:
1361 1112 61 26 Wir
1435 1110 169 34 empfinden
1619 1109 89 26 schon
1722 1108 77 27 beim
1814 1108 89 26 Lesen
1919 1108 48 25 das
1980 1107 67 27 Ver-

1041 1152 135 33 hängnis,
1196 1151 49 25 das
1265 1150 71 25 über
1355 1157 124 17 unseren
1499 1146 117 33 Köpfen
1641 1145 139 30 schwebt,
1799 1145 49 25 das
1869 1144 60 26 sich
1947 1143 101 27 früher

1042 1188 68 25 oder
1129 1190 94 29 später
1241 1185 133 27 auslösen
1394 1185 78 25 kann
1490 1184 31 25 in
1544 1182 262 26 unausdenkbaren
1826 1180 220 32 Katastrophen.

997 1233 72 26 DAS
1093 1231 157 27 ANDERE
1273 1229 294 28 DEUTSCHLAND:
1599 1228 70 25 Man
1689 1227 83 26 sollte
1792 1226 61 26 sich
1873 1225 111 26 überall
2002 1225 46 26 die

997 1269 89 26 Mühe
1099 1268 129 29 machen,
1241 1267 49 26 das
1303 1266 86 26 Werk
1403 1275 35 16 zu
1452 1265 109 33 spielen
1576 1283 48 7 ...
1652 1264 58 26 Der
1720 1262 157 27 Abschluss
1890 1262 41 25 im
1941 1262 107 26 Völker

997 1305 177 26 mordenden
1189 1302 193 34 Giftgaskrieg
1394 1301 85 27 wirkt
1492 1300 179 27 schauerlich
1685 1318 47 8 ...
1753 1299 83 26 Auch
1849 1307 66 16 zum
1929 1297 119 34 Vortrag

997 1340 90 27 durch
1106 1341 84 26 einen
1210 1339 275 27 ausdrucksstarken
1505 1337 146 26 Rezitator
1670 1345 34 16 zu
1725 1334 174 33 empfehlen.

1041 1385 78 26 DER
1129 1384 215 27 AUSRUFER:
1355 1383 55 26 Die
1415 1382 195 33 Vermeidung
1620 1382 78 25 eines
1709 1380 160 26 oratoralen
1879 1379 169 27 Charakters

1041 1422 96 26 macht
1147 1421 45 26 die
1199 1420 146 33 Dichtung
1355 1419 155 26 besonders
1516 1417 138 27 wertvoll.
1665 1417 94 27 Selbst
1769 1417 40 25 im
1816 1416 186 26 Schlusschor
2012 1415 37 26 ist

1041 1458 47 25 die
1098 1457 111 26 Grenze
1220 1457 48 26 des
1279 1455 154 33 Lyrischen
1447 1455 73 26 noch
1532 1455 67 25 weit
1611 1462 93 25 genug
1717 1452 137 27 entfernt.
1875 1452 37 25 Es
1921 1453 39 24 ist
1969 1452 80 25 einer

1041 1494 50 26 der
1096 1494 128 31 wenigen
1228 1492 100 30 Chöre,
1334 1492 94 26 denen
1433 1490 148 27 wirkliche
1589 1488 458 28 dramatischeKraftinnewohnt.

997 1538 105 27 KARL
1114 1537 152 28 WILKER
1286 1533 70 37 (Das
1377 1536 150 26 werdende
1547 1532 161 35 Zeitalter):
1728 1534 69 26 Man
1817 1533 83 27 sollte
1919 1533 129 26 meinen:

997 1583 30 18 es
1056 1576 108 24 müsste
1192 1574 102 25 anders
1323 1572 114 27 werden
1513 1581 84 17 wenn
1626 1571 81 26 nicht
1730 1570 116 26 Bücher
1875 1570 53 25 wie
1957 1569 90 26 dieses

996 1616 106 21 anstatt
1120 1619 57 17 von
1196 1610 153 26 Millionen
1368 1618 56 16 nur
1442 1617 58 17 von
1519 1607 172 27 Hunderten
1711 1607 114 33 gelesen
1845 1605 129 27 würden.

1041 1656 77 26 DER
1137 1653 444 30 JUGENDSPIELPFLEGER:
1602 1653 102 26 Dieser
1717 1651 62 27 Ruf
1790 1652 97 26 ertönt
1903 1652 54 25 mit
1969 1651 79 25 einer

1041 1692 235 26 monumentalen
1297 1690 111 26 Gewalt
1427 1708 6 7 .
1455 1709 6 7 .
1483 1708 5 7 .

218 1886 355 115 Praxis
614 1886 203 111 des
858 1879 704 132 Sprechchors

213 2047 104 41 MIT
340 2042 322 44 REGIEBUCH
684 2042 103 41 DES
811 2041 332 42 CHORSPIELS
1163 2041 149 47 „DER
1339 2039 222 40 KRIEG“

1621 1797 172 54 Karl
1841 1797 209 64 Vogt

1734 2119 130 23 Preis
1879 2119 29 22 3
1926 2118 124 22 Mark

213 2184 86 31 Karl
323 2183 100 41 Vogt,
448 2181 151 31 bewährt
623 2179 109 32 durch
756 2179 75 31 eine
855 2177 274 40 zwanzigjährige

214 2228 261 43 Bühnenpraxis
500 2226 71 31 und
594 2225 109 31 durch
727 2225 93 31 seine
844 2223 191 40 Erfahrung
1058 2222 48 30 als
1130 2221 112 30 Leiter

214 2275 60 31 des
298 2272 230 44 Sprechchors
552 2272 60 30 der
636 2270 157 31 Berliner
818 2267 233 36 Volksbühne,

214 2319 122 32 schafft
361 2319 63 31 mit
448 2318 129 30 seinem
601 2316 118 30 Buche
742 2314 170 31 nunmehr
936 2311 174 43 endgültig
1132 2311 159 30 Klarheit

213 2376 104 30 gegen
340 2364 57 30 die
421 2361 241 33 Unsicherheit
686 2360 71 31 und
781 2359 216 40 Streitfragen
1022 2357 85 31 über
1131 2356 59 31 das
1214 2355 159 31 Problem

214 2411 60 30 des
298 2408 239 44 Sprechchors.
585 2406 63 31 Die
671 2404 275 41 Notwendigkeit
969 2403 70 30 und
1063 2401 223 43 Möglichkeit

214 2456 60 31 des
297 2454 230 43 Sprechchors
551 2452 48 30 als
623 2452 210 30 Instrument
857 2449 59 31 der
940 2449 74 30 Zeit
1037 2447 86 32 wird
1145 2446 262 42 nachgewiesen.

213 2500 162 42 Zugleich
400 2499 86 31 auch
511 2495 298 45 sprachtechnisch
834 2495 75 31 eine
934 2504 79 31 ganz
1037 2504 88 20 neue
1149 2493 173 29 Funktion

214 2546 59 31 des
297 2545 203 42 Sprechens,
526 2543 56 31 die
604 2543 55 29 für
680 2542 102 40 jeden
806 2540 166 42 Sprecher
997 2538 71 32 und
1091 2537 286 43 Sprechkünstler

214 2603 66 19 von
305 2593 145 39 grösster
474 2587 220 42 Wichtigkeit
718 2587 53 30 ist.
819 2586 67 30 Das
910 2595 101 31 ganze
1034 2585 45 30 ist
1103 2585 55 30 ein
1181 2583 65 31 fast

214 2636 176 44 spannend
413 2647 42 18 zu
476 2633 156 31 lesendes
655 2632 197 31 Dokument
874 2631 55 30 für
953 2630 55 31 die
1032 2640 88 20 neue
1140 2628 313 32 Ausdruckskunst.

1731 2174 319 32 INHALT:

1820 2231 230 32 Voraussetzung

1572 2272 224 37 Legitimierung
1816 2272 49 25 des
1886 2271 164 32 Chorspiels

1509 2318 57 26 Das
1580 2317 103 26 Wesen
1704 2314 49 25 des
1774 2312 276 33 Sprechchorischen

1592 2358 56 25 Die
1667 2355 171 31 Gestaltung
1858 2354 50 25 der
1928 2353 122 32 Sprache

1631 2397 74 26 Vom
1726 2395 69 26 Sinn
1817 2394 49 25 der
1886 2394 164 33 Bewegung

1847 2435 55 25 Die
1922 2435 128 32 Atmung

1579 2476 55 24 Die
1654 2474 147 27 Funktion
1823 2476 48 25 des
1892 2476 158 32 Sprechens

1577 2517 58 25 Das
1655 2516 395 33 phonetisch-gymnastische

1746 2558 304 31 Ausdrucksalphabet

1552 2598 58 26 Das
1631 2598 165 33 Regiebuch
1817 2598 48 26 des
1886 2598 164 33 Chorspiels

1885 2640 58 24 Der
1963 2639 87 32 Krieg
