3515 4427
351 190 1418 203 Nieiicirlicinisclie
1916 190 1143 254 Musik-Zeitung

1007 492 117 117 für
1195 490 553 122 Etrastfmrato
1809 487 148 120 traft
2020 487 396 120 Hiinstler.

145 744 416 65 Herausgegeben
604 759 94 37 von
739 741 255 56 Professor
1931 739 68 58 L.
2168 739 276 76 Bischoff.
1587 744 184 63 Verlag
1813 743 87 49 der
2877 741 399 65 Buchhandlung.

246 1071 225 36 Inhalt.

527 1072 80 35 Das
636 1072 235 36 Verhältniss
902 1073 65 35 der
994 1073 278 36 Wissenschaft
1300 1086 67 22 zur
1393 1074 141 36 Musik.
1565 1075 83 33 Von
1676 1072 100 36 Alb.
1807 1074 144 35 Hahn.
1979 1075 29 35 I.
2115 1075 72 33 Die
2225 1073 263 36 musicalische
2517 1074 137 37 Kritik.
2689 1075 49 34 11.
2846 1075 78 34 Das
2953 1075 228 46 diesjährige
3212 1075 74 34 Ge-

141 1131 173 47 sangfest
343 1130 65 37 des
438 1131 365 48 Sieg-Rheinischen
834 1133 482 47 Lehrer-Gesangvereins.
1424 1134 162 35 Theater
1614 1135 38 32 in
1682 1133 115 34 Köln.
1915 1136 175 44 Tages-
2134 1136 92 33 und
2265 1134 238 34 Unterhai
2515 1139 47 29 tu
2573 1133 224 46 ngsblatt
2826 1133 128 46 (Köln,
2984 1133 300 46 Orgel-Concert

140 1202 76 25 von
245 1193 38 35 J.
314 1192 44 37 G.
388 1193 166 47 Herzog,
584 1193 495 37 Abonnements-Concerte
1108 1195 65 34 der
1203 1194 439 36 Concert-Gesellschaft
1749 1194 261 46 Regensburg,
2040 1193 349 47 Musikgeschichte
2418 1193 266 46 Regensburgs
2714 1204 76 23 von
2819 1194 65 36 Dr.
2915 1192 280 43 Mettenleiter).

234 1405 103 56 Das
378 1405 318 56 Verhältniss
737 1406 93 55 der
869 1406 364 57 Wissenschaft
1271 1427 93 35 zur
1404 1407 181 56 Musik.

706 1530 83 34 Von
829 1529 99 38 Alb.
972 1531 146 37 Hahn.

901 1642 33 48 I.

264 1718 86 48 Die
374 1717 173 56 Bande,
579 1717 171 49 welche
779 1717 73 48 die
876 1719 245 47 Gelehrten
1154 1718 80 48 der
1258 1718 195 50 Akustik
1486 1719 90 47 und
1607 1719 72 49 die

147 1795 206 50 Musiker
391 1795 345 65 umschlangen,
778 1795 98 47 sind
915 1813 52 31 zu
1007 1797 349 48 verschiedenen
1386 1798 158 47 Zeiten
1573 1798 106 46 sehr

147 1873 292 49 verschieden
466 1873 155 48 starke
644 1888 228 48 gewesen.
904 1874 61 47 Es
994 1875 90 63 gab
1110 1874 241 56 Perioden,
1380 1892 71 30 wo
1483 1874 70 48 die
1577 1877 67 45 Mu-

147 1950 122 50 siker
290 1950 93 49 sich
407 1967 85 30 von
517 1949 80 48 der
621 1949 332 50 Wissenschaft
978 1952 76 47 für
1077 1950 71 49 die
1171 1952 261 63 Thätigkeit
1459 1952 42 47 in
1533 1952 143 48 ihrem

150 2028 193 51 Gebiete
370 2028 228 63 geradezu
630 2028 146 48 Raths
812 2028 227 58 erholten,
1080 2029 185 48 obwohl
1296 2029 145 50 dieser
1472 2032 101 47 Satz
1604 2030 76 47 für

146 2107 73 48 die
249 2105 266 50 wirklichen
546 2105 166 49 Genies
744 2105 119 49 wohl
900 2108 189 48 niemals
1126 2108 122 47 seine
1279 2108 199 65 Geltung
1507 2109 173 62 gehabt

148 2183 150 49 haben
331 2199 120 47 mag.
497 2184 223 62 Dagegen
753 2182 77 48 hat
861 2199 104 32 man
994 2201 52 31 zu
1078 2184 202 48 anderen
1309 2185 342 49 Zeit-Abschnit-

146 2269 75 41 ten
246 2262 81 47 der
349 2260 333 47 Wissenschaft
703 2259 131 65 jedes
852 2262 146 47 Recht
1021 2263 364 63 abgesprochen,
1411 2264 68 46 bei
1508 2264 140 46 Kunst-

150 2338 157 65 fragen
337 2338 72 47 ihr
439 2336 208 50 Gewicht
675 2338 82 47 mit
785 2336 43 49 in
858 2336 73 50 die
966 2340 278 63 Wagschale
1273 2357 53 29 zu
1359 2342 143 62 legen.
1554 2342 98 45 Frei-

147 2415 85 48 lich
278 2430 156 32 waren
477 2415 71 46 die
593 2414 315 63 Grundlagen,
960 2416 172 47 welche
1176 2416 70 47 die
1290 2418 193 47 Akustik
1529 2416 152 49 bisher

146 2491 104 50 dem
278 2493 217 48 Künstler
518 2491 183 55 darbot,
731 2491 122 49 nicht
878 2493 81 48 fest
983 2510 170 47 genug,
1185 2494 73 47 ihn
1290 2512 50 29 zu
1374 2495 307 62 ermuthigen,

148 2570 102 48 dass
292 2587 49 31 er
382 2570 94 47 sein
519 2569 326 48 theoretisches
891 2570 220 50 Gebäude
1153 2571 169 49 darauf
1357 2590 51 30 zu
1454 2574 225 47 errichten

147 2648 250 48 versuchen
429 2648 195 47 mochte.
684 2648 159 47 Dieser
875 2649 158 48 Grund
1078 2650 96 47 fällt
1206 2649 111 65 jetzt
1355 2650 100 47 fort.
1513 2651 47 46 In
1594 2645 86 53 den

148 2728 160 47 letzten
350 2725 351 48 Jahrzehenden
746 2724 150 49 haben
942 2728 70 48 die
1056 2733 207 58 grössten
1308 2729 373 55 Mathematiker,

150 2803 220 66 Physiker
400 2803 90 48 und
514 2803 305 64 Physiologen
843 2803 71 48 die
946 2804 442 49 überraschendsten
1413 2806 239 49 Eroberun-

148 2899 88 47 gen
266 2881 83 49 auf
372 2880 167 48 diesem
571 2879 193 51 Gebiete
801 2883 229 62 gemacht.
1089 2884 84 48 Die
1202 2891 149 40 ersten
1383 2884 177 48 Geister
1602 2885 81 47 der

151 2957 350 55 Wissenschaft,
542 2959 207 56 Männer,
793 2974 83 32 von
915 2960 145 47 denen
1093 2961 83 47 wir
1218 2960 345 65 beispielsweise
1595 2963 57 48 Ca-

147 3035 166 66 guiard
344 3038 40 46 la
414 3038 144 54 Tour,
589 3038 143 52 Dove,
764 3035 141 57 Ohm,
939 3038 210 57 Fourier,
1178 3039 187 62 Young,
1398 3039 142 57 Corti,
1572 3040 82 48 Köl-

147 3114 131 56 liker,
311 3114 167 54 Willis,
510 3114 60 48 M.
600 3114 211 48 Schultze
842 3131 197 40 nennen,
1070 3116 150 49 haben
1246 3115 140 50 daran
1411 3116 271 64 gearbeitet,

147 3192 93 49 und
280 3191 60 48 H.
372 3191 350 56 Helmholtz,
769 3192 235 49 Professor
1046 3192 80 50 der
1164 3194 290 66 Physiologie
1497 3195 43 47 in
1573 3195 81 48 Hei-

147 3270 208 63 delberg,
386 3270 78 48 hat
492 3271 42 46 in
566 3271 170 48 seinem
768 3286 206 49 grossen,
1005 3272 166 49 bereits
1199 3274 41 47 in
1271 3274 183 47 zweiter
1484 3272 197 65 Auflage

147 3347 325 50 erschienenen
520 3347 202 50 Werke:
773 3347 114 58 „Die
931 3349 152 49 Lehre
1125 3366 84 32 von
1252 3350 86 48 den
1383 3351 267 65 Tonempfin-

146 3427 185 63 dungen
362 3426 64 48 als
456 3425 363 67 physiologische
852 3426 268 66 Grundlage
1158 3429 77 47 für
1265 3427 71 50 die
1366 3429 197 48 Theorie
1601 3429 80 48 der

397 3502 73 49 die
510 3505 240 48 Resultate
791 3505 148 47 seiner
971 3505 215 62 Collegen
1226 3506 82 47 mit
1348 3505 87 48 den
1478 3506 202 64 seinigen

143 3581 466 56 zusammenfassend,
652 3581 73 48 die
754 3581 196 50 Akustik
988 3582 124 49 nicht
1141 3600 87 31 nur
1258 3584 64 48 als
1352 3584 329 66 physikalische

147 3660 91 49 und
283 3660 363 66 physiologische
693 3661 335 48 Wissenschaft
1078 3661 42 48 in
1164 3662 71 47 ein
1279 3662 401 65 abgeschlossenes

143 3739 179 66 System
351 3737 242 65 gebracht,
633 3737 200 50 sondern
875 3739 117 49 auch
1023 3737 87 50 den
1150 3739 186 49 kühnen
1367 3740 204 47 Versuch
1601 3756 53 47 ge-

144 3816 171 57 macht,
344 3816 272 57 seinerseits,
645 3817 42 49 d.
718 3816 44 50 h.
792 3834 84 32 von
906 3817 105 49 dem
1035 3816 322 66 Standpunkte
1386 3817 78 50 des
1489 3817 163 50 Gelehr-

143 3902 74 42 ten
247 3910 99 42 aus,
377 3893 72 49 die
478 3895 181 47 Brücke
688 3911 100 32 zum
821 3893 336 67 Kunstgebiete
1188 3895 489 65 hinüberzuschlagen,

143 3973 83 50 auf
250 3972 81 50 der
360 3990 49 33 er
437 3972 104 48 dem
572 3973 219 47 Künstler
819 3990 52 30 zu
912 3972 241 66 begegnen
1193 3975 154 49 meint.
1406 3975 94 48 Der
1529 3975 124 65 physi-

143 4051 231 51 kalischen
404 4050 194 50 Akustik
630 4055 144 61 gönnt
811 4067 113 49 gern
961 4052 72 48 ein
1065 4051 134 66 jeder
1228 4052 203 50 Musiker
1465 4052 87 59 ihr,
1592 4052 87 48 wie

142 4146 51 32 er
222 4128 156 60 meint,
412 4127 390 60 Kathederleben,
845 4145 133 33 wenn
1008 4131 64 47 sie
1102 4146 86 32 nur
1216 4130 45 49 in
1291 4131 129 48 ihren
1454 4130 222 49 Hörsälen

1774 1411 242 48 verbleibe.
2075 1411 94 45 Der
2197 1409 278 64 Uebergang
2505 1409 80 47 auf
2618 1409 79 47 das
2728 1409 163 49 Gebiet
2919 1408 80 48 der
3036 1409 247 49 sinnlichen

1778 1487 310 65 Empfindung
2119 1502 104 48 mag
2255 1487 238 47 Manchem
2523 1487 139 47 schon
2693 1487 201 62 weniger
2924 1486 224 63 behagen,
3187 1487 101 47 weil

1774 1583 48 31 er
1850 1567 152 46 seinen
2034 1566 169 47 Sinnen
2248 1564 141 47 lieber
2428 1564 309 55 unmittelbar,
2778 1563 63 48 als
2879 1563 179 62 geleitet
3087 1580 84 31 von
3200 1564 60 47 Re-

1775 1643 255 53 flectionen,
2072 1642 92 47 sich
2208 1649 276 41 anvertraut.
2542 1642 93 47 Der
2672 1641 131 46 letzte
2832 1641 167 46 Schritt
3029 1641 128 54 aber,
3198 1641 91 46 ihm

1773 1721 69 48 die
1877 1719 132 49 Hand
2039 1736 52 30 zu
2124 1719 165 54 bieten,
2329 1719 91 47 ihm
2463 1721 75 45 für
2579 1718 71 48 die
2679 1718 198 48 Theorie
2907 1718 78 47 der
3015 1718 146 47 Musik
3192 1733 75 50 psy-

1773 1798 288 63 chologische
2104 1795 447 64 Wahrnehmungen
2593 1812 79 32 zur
2714 1795 315 64 Begründung
3072 1794 90 48 und
3204 1795 56 47 Er-

1775 1877 192 62 klärung
1995 1891 52 30 zu
2077 1873 165 65 geben,
2284 1874 113 47 wird
2437 1873 80 48 der
2546 1873 250 55 Mehrzahl,
2841 1888 160 47 wagen
3031 1873 81 47 wir
3140 1888 153 48 sogar,

1773 1971 52 29 zu
1856 1953 279 62 behaupten,
2165 1952 113 47 nach
2305 1952 85 47 den
2415 1950 214 49 früheren
2651 1949 301 57 zahlreichen,
2975 1949 315 64 vergeblichen

1775 2029 266 48 Versuchen
2084 2028 146 48 dieser
2273 2029 85 47 Art
2400 2028 137 48 kaum
2583 2027 129 48 mehr
2762 2027 62 48 als
2872 2027 70 48 ein
2993 2027 300 63 ungläubiges

1774 2108 350 65 Kopfschütteln
2156 2107 238 64 abringen.

1892 2185 155 47 Wenn
2077 2184 84 47 wir
2190 2183 116 48 auch
2336 2183 122 48 nicht
2493 2198 48 32 so
2584 2180 250 65 unbedingt
2862 2197 52 32 zu
2946 2179 257 48 Helmholtz
3232 2180 63 47 als

1774 2263 264 48 Gelehrtem
2068 2263 44 46 in
2142 2262 151 47 seinen
2326 2259 323 66 Aussprüchen
2681 2258 114 48 über
2825 2258 146 48 Musik
3004 2258 167 54 halten,
3210 2258 85 45 wie

1773 2358 34 29 z.
1842 2340 65 56 8.,
1953 2356 74 30 um
2070 2339 145 64 gleich
2260 2339 129 47 einen
2433 2338 127 47 recht
2603 2338 182 45 kühnen
2818 2335 119 48 Griff
2975 2352 51 30 zu
3071 2335 129 56 thun,
3242 2350 52 31 zu

1774 2418 259 47 Beethoven
2079 2416 62 47 als
2174 2416 213 46 Künstler
2416 2415 42 47 in
2489 2414 152 47 seinen
2670 2413 342 63 Schöpfungen,
3053 2428 131 30 wenn
3215 2413 80 45 wir

1773 2510 135 49 sogar
1939 2510 110 47 gern
2081 2494 282 53 einräumen,
2394 2491 100 49 dass
2522 2508 48 30 er
2601 2491 68 47 bei
2696 2490 80 47 der
2797 2488 295 63 nothwendig
3118 2489 151 47 herbei-

1774 2589 260 47 gezogenen
2080 2571 268 49 Geschichte
2391 2570 80 47 der
2514 2569 149 48 Musik
2706 2569 84 47 wie
2832 2568 80 47 der
2954 2566 339 49 musicalischen

1775 2649 287 49 Grammatik
2094 2649 122 48 nicht
2241 2648 266 63 vollständig
2536 2646 85 49 den
2648 2646 297 63 Ansprüchen
2970 2645 184 65 ge/echt
3177 2659 86 32 wer-

1775 2729 86 47 den
1887 2729 137 53 kann,
2053 2726 71 49 die
2155 2743 56 32 an
2235 2726 86 49 den
2348 2724 255 49 Historiker
2627 2724 90 47 und
2743 2721 298 50 Theoretiker
3060 2738 83 32 von
3171 2721 120 49 Fach

1775 2805 213 65 gemacht
2025 2804 184 48 werden
2255 2808 198 50 müssen,
2496 2819 50 32 so
2585 2803 178 47 können
2796 2800 80 48 wir
2912 2800 122 47 seine
3063 2800 232 47 Resultate

1775 2884 81 47 auf
1894 2881 376 66 physikalischem
2310 2880 90 48 und
2432 2879 402 66 physiologischem
2867 2876 190 48 Gebiete
3087 2875 206 65 dagegen

1774 2963 65 47 als
1869 2959 334 65 unangreifbar
2232 2959 90 47 und
2354 2956 297 65 erschöpfend
2690 2955 260 55 darstellen,
2994 2954 90 48 und
3115 2957 179 44 müssen

1776 3039 116 48 auch
1922 3038 251 64 bezeugen,
2202 3036 101 48 dass
2333 3035 71 48 die
2427 3034 312 63 Begründung
2768 3034 82 47 der
2871 3032 198 47 Theorie
3098 3031 86 47 den
3208 3031 58 46 Zu-

1774 3116 334 64 sammenhang
2148 3114 223 48 zwischen
2402 3111 333 51 Wissenschaft
2777 3110 92 48 und
2905 3110 143 47 Kunst
3088 3125 99 31 zum
3228 3124 47 32 er-

1774 3201 96 41 sten
1894 3194 121 48 Male
2043 3209 50 32 so
2123 3190 263 65 vollständig
2416 3190 218 56 herstellt,
2664 3189 102 48 dass
2795 3187 71 49 die
2894 3187 182 47 letztere
3100 3185 198 49 Unrecht

1774 3272 141 56 thäte,
1944 3270 245 48 denselben
2226 3285 53 32 zu
2320 3269 229 63 ignoriren
2593 3266 90 48 und
2725 3266 72 48 die
2830 3265 230 48 Vortheile
3091 3279 82 32 von
3203 3262 92 47 sich

1774 3366 52 31 zu
1858 3350 183 53 weisen,
2071 3347 173 47 welche
2272 3347 44 47 in
2345 3346 141 48 vielen
2514 3344 263 49 Hinsichten
2806 3344 99 47 eine
2936 3341 226 48 bewusste
3190 3341 76 46 Ein-

1773 3427 114 49 sicht
1922 3427 44 47 in
2006 3425 85 48 den
2136 3424 284 49 natürlichen
2463 3424 305 62 Organismus
2819 3420 76 48 des
2940 3417 358 50 Ton-Materials

1775 3505 193 62 bringen
1999 3504 133 47 kann.

1892 3580 433 65 Unangreifbar
2359 3592 220 34 nennen
2611 3576 103 48 wir
2743 3575 91 48 die
2866 3573 307 50 Besultate
3203 3571 96 48 der

1778 3657 445 56 Wissenschaft,
2267 3657 99 47 weil
2404 3655 63 48 sie
2504 3655 43 47 in
2585 3670 49 32 so
2665 3653 94 49 fern
2790 3653 43 49 in
2864 3651 255 48 dreifacher
3149 3651 124 46 Bezie-

1773 3740 125 63 hung
1929 3737 268 65 hergeleitet
2226 3735 91 48 und
2348 3733 228 49 bewiesen
2616 3731 235 55 dastehen,
2893 3731 63 48 als
3002 3728 81 49 der
3129 3728 169 47 höhere

1774 3816 173 60 Calcul,
1978 3815 327 65 Experimente
2335 3811 92 49 und
2458 3811 71 48 die
2560 3810 311 49 musicalische
2903 3808 201 64 Empirie
3131 3805 91 48 sich
3253 3805 44 48 in

1771 3895 136 48 ihnen
1948 3895 256 62 begegnen,
2244 3891 63 48 als
2338 3890 71 48 die
2442 3890 277 63 Hauptsätze
2748 3886 142 49 durch
2922 3881 345 66 Integralrech-

1771 3989 187 48 nungen
1996 3968 328 69 aufgefunden,
2367 3968 82 49 auf
2488 3966 101 48 dem
2626 3966 151 63 Wege
2819 3963 81 49 der
2932 3961 337 66 Experimental-

1773 4051 166 66 physik
1967 4066 80 32 zur
2084 4050 200 47 directen
2315 4046 297 62 Darstellung
2650 4043 220 65 gebracht
2899 4041 184 48 werden
3115 4040 182 47 können

1771 4128 94 50 und
1893 4130 92 47 sich
2016 4127 116 50 auch
2162 4126 44 48 in
2236 4125 83 49 der
2349 4122 342 51 musicalischen
2717 4120 155 48 Praxis
2905 4117 172 62 befolgt
3107 4116 161 48 wieder-

2997 4194 68 51 39

2768 896 123 55 XIII.
2933 896 271 72 Jahrgang.

219 891 80 55 Nr.
341 892 84 55 39.

1305 884 174 77 KÖLN,
1521 895 84 53 30.
1648 894 302 72 September
1992 895 136 55 1865.
