2509 4000
1159 276 114 60 102

176 416 62 60 le
280 415 241 77 dégoût
558 416 80 60 de
676 415 65 60 la
783 415 415 61 Démocratie
1230 416 62 59 et
1324 415 114 60 des
1477 414 503 59 Franklinades.
2017 411 98 79 (E.
2147 414 133 59 Poe

181 495 163 58 dans
386 499 239 56 Monos
657 498 63 57 et
765 492 171 79 Una)

178 590 146 42 race
367 572 117 60 des
526 572 417 77 d'Aurevilly
971 572 121 60 etc.

178 652 107 59 Un
330 651 79 59 de
454 651 271 60 Maistre
775 651 211 60 créole
1016 652 64 59 et
1119 650 281 60 bohème
1439 651 62 59 et
1539 649 380 59 infiniment
1950 649 227 61 artiste
2206 683 76 8 —

178 731 315 59 l'homme
540 732 99 59 est
695 730 81 60 né
819 748 268 59 pervers
1133 730 259 74 damné,
1443 730 61 58 la
1556 729 415 61 Civilisation
2018 730 156 58 c'est
2219 729 62 59 le

179 810 158 71 mal,
384 810 171 58 mais
605 810 66 60 la
713 810 170 58 fleur
932 828 79 42 en
1058 810 99 58 est
1205 810 360 66 enivrante,
1611 807 66 60 la
1719 807 243 60 femme
2013 809 99 58 est
2154 809 87 58 Da-

176 887 165 59 lilah
376 889 149 58 etc..
563 889 226 75 spleen
821 889 63 58 et
915 889 243 58 attente
1199 887 79 59 de
1319 887 63 59 la
1412 887 192 59 mort.

177 967 103 60 On
313 967 128 59 sait
474 984 127 60 que
633 967 99 60 les
772 967 219 77 pièces
1034 966 555 60 antichrétiennes
1621 981 85 42 ou
1748 964 226 61 athées
2006 965 147 60 sont
2188 981 94 42 un

169 1044 116 77 jeu
316 1046 37 57 à
390 1046 316 60 l'adresse
747 1047 116 59 des
896 1066 28 35 «
954 1046 509 78 gobe-mouches
1496 1065 30 36 »
1562 1044 115 77 qui
1708 1060 70 43 se
1823 1044 221 59 disent
2081 1044 161 59 maté-

173 1124 317 72 rialistes,
522 1124 98 59 les
649 1125 403 60 Voltairiens
1084 1125 87 58 du
1204 1122 216 60 siècle.

170 1256 101 59 les
305 1256 348 76 angoisses
687 1256 338 76 métaphy.
1059 1271 80 42 ne
1169 1256 147 56 sont
1341 1271 117 60 pas
1487 1271 166 58 pour
1680 1252 61 60 le
1773 1253 273 60 toucher

174 1334 384 78 l'épiderme
592 1336 79 58 de
704 1352 119 43 son
856 1336 145 58 âme
1028 1336 100 57 est
1158 1334 158 59 d'un
1348 1336 184 57 autre
1557 1334 195 58 tissu,

176 1431 80 43 en
285 1431 68 42 se
385 1414 390 60 canonisant
799 1449 78 6 —
904 1414 47 58 il
982 1413 98 59 lui
1114 1412 185 60 suffit
1330 1412 77 60 de
1439 1412 258 76 pécher,
1731 1411 80 59 de
1843 1427 70 43 se
1945 1411 138 59 dire
2115 1426 127 43 mar-

170 1493 171 75 tyre,
372 1493 79 59 de
483 1493 209 59 flirter
720 1508 157 45 avec
907 1491 222 72 Satan,
1160 1492 77 58 de
1265 1492 301 57 maudire
1595 1491 65 58 la
1689 1489 181 59 chair
1909 1491 62 57 et
2003 1488 281 60 d'élever

172 1571 393 61 l'encensoir
593 1571 78 59 de
704 1588 120 42 son
864 1571 150 59 rêve
1048 1587 150 42 vers
1232 1571 61 58 le
1325 1571 206 75 grand
1560 1568 407 60 harmoniste
1997 1567 252 77 préexis-

172 1651 143 58 tant
360 1651 156 58 d'un
567 1649 388 78 Séraphitus
1005 1666 82 42 ou
1141 1649 156 59 d'un
1343 1649 264 60 Eurêka
1647 1682 78 8 —
1773 1648 174 59 sorte
1999 1647 80 60 de
2126 1662 114 61 pan-

174 1729 577 77 théisme-papiste

174 1807 226 61 l'Idéal
430 1807 403 79 personnifié
866 1808 64 61 et
963 1807 354 79 personnel

173 1939 164 79 aigri
369 1958 116 58 par
513 1940 61 61 le
605 1958 287 61 manque
922 1942 79 60 de
1034 1940 203 79 gloire
1269 1940 62 60 et
1354 1938 293 77 d'argent
1674 1954 169 61 pour
1872 1938 183 61 vivre
2098 1938 184 61 selon

173 2035 108 42 ses
324 2020 210 59 rêves.

172 2149 64 58 la
263 2149 193 71 Mort,
484 2165 73 43 ce
590 2149 167 59 n'est
789 2166 126 60 que
945 2150 113 71 ça?
1078 2185 75 5 —
1176 2150 160 59 Caïn
1364 2151 61 57 et
1449 2149 171 59 Abel
1641 2184 76 6 —
1748 2166 127 60 que
1905 2150 342 59 cherchent-

170 2229 87 58 ils
290 2245 82 42 au
405 2227 122 60 ciel
568 2245 108 43 ces
722 2229 308 76 aveugles
1061 2264 75 5 —
1167 2237 148 51 sont
1358 2229 96 59 les
1500 2229 221 76 pièces
1766 2230 78 59 de
1887 2229 394 60 Baudelaire

174 2306 116 77 qui
319 2307 282 59 sonnent
628 2306 62 61 le
725 2306 152 77 plus
908 2324 221 43 creux.

249 2439 87 60 Ni
381 2439 209 75 grand
633 2456 202 56 cœur,
880 2439 69 59 ni
995 2439 207 77 grand
1244 2439 204 77 esprit
1490 2474 79 7 —
1625 2439 168 60 mais
1853 2437 193 79 quels
2098 2439 183 61 nerfs

178 2517 332 80 plaintifs,
560 2518 256 78 quelles
875 2519 270 60 narines
1203 2521 303 58 ouvertes
1555 2519 35 59 à
1637 2519 169 71 tout,
1853 2518 220 79 quelle
2125 2521 159 59 voix

176 2599 331 76 magique.
