2509 4000
1288 231 112 59 110

308 370 265 77 myrrhe

305 447 201 82 péché
529 480 73 7 —
629 441 351 77 martyrisé

308 527 226 78 opium
563 522 184 66 nard,
783 536 237 43 encens
1053 518 310 77 exotique
1395 517 77 59 de
1513 534 72 42 sa
1608 516 314 77 jeunesse

305 670 93 43 un
427 654 215 69 Ange,
676 647 97 59 les
806 644 299 60 desseins
1133 643 306 60 éternels.
1474 642 293 77 l'Esprit.

304 778 442 61 l'invocation.
778 778 204 74 Soyez
1016 775 154 58 béni
1209 790 154 42 mon
1410 772 196 60 Dieu.

305 858 144 61 (lire
479 859 179 57 entre
686 856 98 59 les
817 855 212 76 lignes
1060 854 96 58 les
1184 854 302 57 volumes
1529 851 79 59 de
1637 866 191 60 prose
1866 850 77 58 de
1978 850 407 77 Baudelaire)

1695 939 11 16 t

303 991 61 57 le
395 987 371 61 clandestin
799 987 116 59 des
945 986 181 58 vices
1157 986 79 57 de
1263 985 279 58 l'amour

304 1085 165 60 pour
493 1066 98 60 lui
628 1065 293 69 l'ambre,
954 1065 61 58 le
1060 1080 209 57 musc,
1301 1063 60 57 le
1399 1061 273 76 benjoin
1707 1062 61 57 et
1805 1060 288 60 l'encens
2126 1062 146 57 sont
2314 1060 78 58 de

305 1164 106 42 ces
449 1145 301 77 parfums
780 1164 349 44 corrompus,
1166 1150 184 45 riches
1380 1153 50 42 et
1468 1148 375 58 triomphants

775 1221 104 49 Qui
911 1221 265 44 chantent
1209 1220 73 44 les
1314 1221 314 54 transports
1672 1218 64 45 de
1773 1216 209 58 Vesprit
2011 1221 49 42 et
2090 1217 91 46 clés
2211 1227 125 34 sens

301 1336 441 63 béatification
775 1335 88 57 du
898 1334 200 58 Poète
1134 1331 295 60 sanctifié
1457 1348 118 59 par
1599 1348 103 42 ses
1735 1330 335 71 douleurs,
2105 1347 118 41 son
2267 1334 94 57 cal-

303 1418 176 58 vaire
513 1416 78 58 de
621 1415 63 57 la
714 1413 240 63 femme
987 1413 62 57 et
1085 1411 79 59 de
1207 1410 301 72 l'amour,
1538 1409 97 58 les
1667 1407 203 60 huées
1898 1409 115 58 des
2043 1409 347 77 bourgeois

303 1496 231 77 piteux
563 1495 62 57 et
652 1493 113 57 des
793 1490 382 60 tribunaux.

515 1625 152 47 Mais
693 1635 86 34 ces
803 1622 323 47 inventions
1161 1622 65 45 de
1254 1632 103 35 nos
1382 1632 182 35 muses
1598 1620 306 48 tardives...

308 1758 29 34 «
371 1736 158 60 ciels
554 1734 302 79 chagrins
891 1754 28 34 »

304 1863 137 58 Pur
470 1861 236 76 esprit;
743 1877 270 44 essence
1044 1861 286 77 (extrait)
1353 1881 15 54 ;
1394 1862 453 73 immortalité,

310 1992 294 76 (Phares)
637 1992 59 58 le
728 1992 216 58 souris
976 1993 90 57 du
1094 1993 216 58 Vinci.
1347 1993 224 61 Sirène

308 2073 100 58 On
452 2073 159 74 peut
642 2070 249 60 donner
920 2088 131 41 aux
1080 2072 203 59 fleurs
1315 2073 87 57 du
1449 2074 131 59 mal
1623 2091 254 42 comme
1909 2073 348 77 épigraphe
2290 2088 106 42 ses

304 2152 37 57 4
371 2166 150 43 vers
553 2166 114 42 sur
704 2148 434 75 Rembrandt,

653 2277 156 47 triste
840 2277 216 60 hôpital
1917 2285 118 42 tout
1237 2283 206 58 rempli
1468 2285 65 45 de
1560 2295 325 35 murmures

642 2340 73 44 Et
741 2341 132 46 cl'un
901 2343 188 56 grand
1113 2345 240 57 crucifix
1382 2343 201 47 décoré
1604 2346 306 46 seulement

647 2399 77 47 Ou
762 2402 54 44 la
839 2401 199 58 prière
1072 2416 69 34 en
1161 2406 198 56 pleurs
1387 2407 243 46 s'exhale
1659 2408 93 45 des
1778 2407 237 44 ordures

642 2462 73 44 Et
745 2463 132 46 d'un
907 2477 184 47 rayon
1117 2465 213 49 d'hiver
1359 2465 252 50 traversé
1637 2469 395 56 brusquement

303 2572 97 60 En
427 2573 151 60 etfet
597 2573 243 77 jamais
864 2591 105 43 ses
990 2575 223 59 soleils
1237 2592 79 42 ne
1345 2577 146 57 sont
1515 2575 239 72 francs,
1783 2576 84 58 ils
1890 2577 149 59 sont
2062 2575 332 71 mouillés,

301 2651 329 76 plaintifs,
662 2653 253 70 blancs,
948 2656 117 56 etc.
1096 2656 11 57 !
1145 2655 78 58 Et
1253 2655 356 58 l'automne
1641 2657 99 56 est
1769 2671 72 42 sa
1872 2655 245 58 saison,

303 2732 83 74 (le
426 2736 214 55 soleil,
675 2732 64 59 la
781 2735 160 57 nuit
949 2779 15 25 ,
995 2732 65 59 la
1105 2733 168 60 lutte
1306 2733 77 59 de
1430 2733 64 58 la
1541 2732 278 60 lumière
1852 2735 62 57 et
1959 2735 78 57 de
2076 2732 271 61 l'ombre
2380 2752 13 41 :

300 2810 436 72 Rembrandt,
775 2811 376 72 Delacroix,
1179 2812 65 59 la
1292 2812 368 59 cathédrale
1716 2812 311 76 gothique
2074 2812 320 76 l'hôpital.

304 2890 378 72 l'influence
713 2895 79 54 de
828 2895 138 56 Poe
971 2891 19 76 )
1024 2893 63 56 et
1128 2892 159 59 celle
1334 2892 77 57 de
1448 2893 319 58 Gavarni
1795 2892 63 57 et
1898 2909 105 42 ses
2034 2891 358 74 chloroses,

303 2986 119 41 son
452 2971 321 75 troupeau
807 2970 402 76 gazouillant
1241 2971 282 58 femmes
1562 2990 30 35 «
1622 2970 492 61 adorablement
2142 2972 254 61 minces

263 3034 178 102 Ç114)
464 3048 61 59 le
557 3050 223 76 jupon.

300 3184 347 75 taciturne,
682 3185 245 74 avarié,
960 3185 238 78 oxydé,

705 3310 285 61 Glorifiait
1019 3312 51 46 la
1100 3314 149 43 mort
1278 3323 131 34 avec
1434 3310 308 58 simplicité

301 3419 61 59 le
392 3418 149 60 vide
574 3418 78 60 de
691 3419 380 60 l'existence
1103 3452 78 7 —
1209 3418 61 60 le
1302 3417 243 77 Temps
1578 3433 232 61 mange
1839 3418 64 61 la
1932 3419 105 61 vie
2069 3456 74 6 —
2171 3419 198 64 l'éche-

304 3514 166 44 veau
502 3498 89 58 du
619 3498 263 75 Temps.
919 3533 73 7 —
