<?xml version="1.0" encoding="UTF-8"?>
<alto xmlns:xsi="http://www.w3.org/2001/XMLSchema-instance" xmlns="http://www.loc.gov/standards/alto/ns-v2#" xsi:schemaLocation="http://www.loc.gov/standards/alto/ns-v2# http://www.loc.gov/standards/alto/alto-v2.0.xsd" xmlns:xlink="http://www.w3.org/1999/xlink">
	<Description>
		<MeasurementUnit>mm10</MeasurementUnit>
		<sourceImageInformation>
			<fileName>//fileserver7/IN2-2/Princeton/Batch7/bmtnaas/1891/04_01/00000129.tif</fileName>
		</sourceImageInformation>
		<OCRProcessing ID="OCRPROCESSING_1">
			<preProcessingStep>
				<processingSoftware>
					<softwareCreator>CCS Content Conversion Specialists GmbH, Germany</softwareCreator>
					<softwareName>CCS docWorks</softwareName>
					<softwareVersion>6.7-1.24</softwareVersion>
				</processingSoftware>
			</preProcessingStep>
			<ocrProcessingStep>
				<processingSoftware>
					<softwareCreator>ABBYY (BIT Software), Russia</softwareCreator>
					<softwareName>FineReader</softwareName>
					<softwareVersion>10.0</softwareVersion>
				</processingSoftware>
			</ocrProcessingStep>
		</OCRProcessing>
		<OCRProcessing ID="OCRPROCESSING_2">
			<preProcessingStep>
				<processingSoftware>
					<softwareCreator>CCS Content Conversion Specialists GmbH, Germany</softwareCreator>
					<softwareName>CCS docWorks</softwareName>
					<softwareVersion>6.7-1.24</softwareVersion>
				</processingSoftware>
			</preProcessingStep>
			<ocrProcessingStep>
				<processingSoftware>
					<softwareCreator>ABBYY (BIT Software), Russia</softwareCreator>
					<softwareName>NA</softwareName>
				</processingSoftware>
			</ocrProcessingStep>
		</OCRProcessing>
	</Description>
	<Styles>
		<TextStyle ID="TXT_0" FONTSIZE="23" FONTFAMILY="Times New Roman"/>
		<TextStyle ID="TXT_1" FONTSIZE="20" FONTFAMILY="Times New Roman" FONTSTYLE="italics"/>
		<ParagraphStyle ID="PAR_LEFT" ALIGN="Left"/>
		<ParagraphStyle ID="PAR_BLOCK" ALIGN="Block"/>
		<ParagraphStyle ID="PAR_CENTER" ALIGN="Center"/>
	</Styles>
	<Layout>
		<Page ID="P13" PHYSICAL_IMG_NR="13" HEIGHT="4000" WIDTH="2509" PRINTED_IMG_NR="105" PC="0.799">
			<TopMargin ID="P13_TM00001" HPOS="0" VPOS="0" WIDTH="2509" HEIGHT="262">
				<TextBlock ID="P13_TB00001" HPOS="1099" VPOS="201" WIDTH="113" HEIGHT="59" STYLEREFS="TXT_0 PAR_LEFT">
					<TextLine ID="P13_TL00001" HPOS="1099" VPOS="201" WIDTH="113" HEIGHT="59">
						<String ID="P13_ST00001" HPOS="1099" VPOS="201" WIDTH="113" HEIGHT="59" CONTENT="105" WC="0.59" CC="433"/>
					</TextLine>
				</TextBlock>
			</TopMargin>
			<LeftMargin ID="P13_LM00001" HPOS="0" VPOS="262" WIDTH="119" HEIGHT="3312"/>
			<RightMargin ID="P13_RM00001" HPOS="2251" VPOS="262" WIDTH="258" HEIGHT="3312"/>
			<BottomMargin ID="P13_BM00001" HPOS="0" VPOS="3574" WIDTH="2509" HEIGHT="426"/>
			<PrintSpace ID="P13_PS00001" HPOS="119" VPOS="262" WIDTH="2132" HEIGHT="3312">
				<TextBlock ID="P13_TB00002" HPOS="119" VPOS="333" WIDTH="2122" HEIGHT="1166" STYLEREFS="TXT_0 PAR_BLOCK">
					<TextLine ID="P13_TL00002" HPOS="134" VPOS="333" WIDTH="2105" HEIGHT="80">
						<String ID="P13_ST00002" HPOS="134" VPOS="341" WIDTH="161" HEIGHT="71" CONTENT="lées," WC="0.55" CC="25624"/>
						<SP ID="P13_SP00001" HPOS="295" VPOS="412" WIDTH="33"/>
						<String ID="P13_ST00003" HPOS="328" VPOS="337" WIDTH="393" HEIGHT="76" CONTENT="extatiques," WC="0.99" CC="06460366644"/>
						<SP ID="P13_SP00002" HPOS="721" VPOS="413" WIDTH="37"/>
						<String ID="P13_ST00004" HPOS="758" VPOS="352" WIDTH="68" HEIGHT="42" CONTENT="ce" WC="0.56" CC="62"/>
						<SP ID="P13_SP00003" HPOS="826" VPOS="413" WIDTH="41"/>
						<String ID="P13_ST00005" HPOS="867" VPOS="351" WIDTH="127" HEIGHT="58" CONTENT="que" WC="0.96" CC="080"/>
						<SP ID="P13_SP00004" HPOS="994" VPOS="413" WIDTH="47"/>
						<String ID="P13_ST00006" HPOS="1041" VPOS="335" WIDTH="98" HEIGHT="58" CONTENT="les" WC="0.95" CC="606"/>
						<SP ID="P13_SP00005" HPOS="1139" VPOS="413" WIDTH="33"/>
						<String ID="P13_ST00007" HPOS="1172" VPOS="333" WIDTH="481" HEIGHT="76" CONTENT="compositeurs" WC="0.98" CC="166660486869"/>
						<SP ID="P13_SP00006" HPOS="1653" VPOS="413" WIDTH="33"/>
						<String ID="P13_ST00008" HPOS="1686" VPOS="333" WIDTH="326" HEIGHT="75" CONTENT="appellent" WC="0.98" CC="674680085"/>
						<SP ID="P13_SP00007" HPOS="2012" VPOS="413" WIDTH="41"/>
						<String ID="P13_ST00009" HPOS="2053" VPOS="350" WIDTH="149" HEIGHT="44" CONTENT="sous" SUBS_TYPE="HypPart1" SUBS_CONTENT="sousharmoniques" WC="0.97" CC="5505"/>
						<HYP HPOS="2202" VPOS="350" WIDTH="37" CONTENT="-"/>
					</TextLine>
					<TextLine ID="P13_TL00003" HPOS="133" VPOS="412" WIDTH="2102" HEIGHT="80">
						<String ID="P13_ST00010" HPOS="133" VPOS="417" WIDTH="474" HEIGHT="75" CONTENT="harmoniques" SUBS_TYPE="HypPart2" SUBS_CONTENT="sousharmoniques" WC="0.98" CC="60831649454"/>
						<SP ID="P13_SP00008" HPOS="607" VPOS="492" WIDTH="28"/>
						<String ID="P13_ST00011" HPOS="635" VPOS="450" WIDTH="76" HEIGHT="5" CONTENT="—" WC="0.20" CC="8"/>
						<SP ID="P13_SP00009" HPOS="711" VPOS="492" WIDTH="28"/>
						<String ID="P13_ST00012" HPOS="739" VPOS="415" WIDTH="63" HEIGHT="57" CONTENT="la" WC="0.32" CC="39"/>
						<SP ID="P13_SP00010" HPOS="802" VPOS="492" WIDTH="33"/>
						<String ID="P13_ST00013" HPOS="835" VPOS="413" WIDTH="266" HEIGHT="76" CONTENT="strophe" WC="0.98" CC="1075070"/>
						<SP ID="P13_SP00011" HPOS="1101" VPOS="492" WIDTH="34"/>
						<String ID="P13_ST00014" HPOS="1135" VPOS="430" WIDTH="203" HEIGHT="42" CONTENT="sonne" WC="0.96" CC="55771"/>
						<SP ID="P13_SP00012" HPOS="1338" VPOS="492" WIDTH="29"/>
						<String ID="P13_ST00015" HPOS="1367" VPOS="412" WIDTH="272" HEIGHT="76" CONTENT="plaintif" WC="0.99" CC="04400005"/>
						<SP ID="P13_SP00013" HPOS="1639" VPOS="492" WIDTH="27"/>
						<String ID="P13_ST00016" HPOS="1666" VPOS="446" WIDTH="70" HEIGHT="7" CONTENT="—" WC="0.20" CC="8"/>
						<SP ID="P13_SP00014" HPOS="1736" VPOS="492" WIDTH="30"/>
						<String ID="P13_ST00017" HPOS="1766" VPOS="412" WIDTH="48" HEIGHT="58" CONTENT="il" WC="0.33" CC="67"/>
						<SP ID="P13_SP00015" HPOS="1814" VPOS="492" WIDTH="33"/>
						<String ID="P13_ST00018" HPOS="1847" VPOS="430" WIDTH="36" HEIGHT="42" CONTENT="a" WC="0.29" CC="7"/>
						<SP ID="P13_SP00016" HPOS="1883" VPOS="492" WIDTH="28"/>
						<String ID="P13_ST00019" HPOS="1911" VPOS="412" WIDTH="231" HEIGHT="61" CONTENT="trouvé" WC="0.97" CC="601847"/>
						<SP ID="P13_SP00017" HPOS="2142" VPOS="492" WIDTH="30"/>
						<String ID="P13_ST00020" HPOS="2172" VPOS="415" WIDTH="63" HEIGHT="58" CONTENT="le" WC="0.44" CC="64"/>
					</TextLine>
					<TextLine ID="P13_TL00004" HPOS="129" VPOS="491" WIDTH="2112" HEIGHT="84">
						<String ID="P13_ST00021" HPOS="129" VPOS="496" WIDTH="269" HEIGHT="79" CONTENT="plaintif" WC="0.99" CC="06008055"/>
						<SP ID="P13_SP00018" HPOS="398" VPOS="575" WIDTH="26"/>
						<String ID="P13_ST00022" HPOS="424" VPOS="495" WIDTH="270" HEIGHT="59" CONTENT="attirant" WC="0.99" CC="08400501"/>
						<SP ID="P13_SP00019" HPOS="694" VPOS="575" WIDTH="27"/>
						<String ID="P13_ST00023" HPOS="721" VPOS="495" WIDTH="61" HEIGHT="57" CONTENT="et" WC="0.50" CC="27"/>
						<SP ID="P13_SP00020" HPOS="782" VPOS="575" WIDTH="37"/>
						<String ID="P13_ST00024" HPOS="819" VPOS="492" WIDTH="393" HEIGHT="60" CONTENT="doucement" WC="0.99" CC="627600002"/>
						<SP ID="P13_SP00021" HPOS="1212" VPOS="575" WIDTH="41"/>
						<String ID="P13_ST00025" HPOS="1253" VPOS="491" WIDTH="400" HEIGHT="71" CONTENT="surnaturel," WC="0.99" CC="57000089667"/>
						<SP ID="P13_SP00022" HPOS="1653" VPOS="575" WIDTH="34"/>
						<String ID="P13_ST00026" HPOS="1687" VPOS="493" WIDTH="251" HEIGHT="75" CONTENT="vertige" WC="0.97" CC="7597656"/>
						<SP ID="P13_SP00023" HPOS="1938" VPOS="575" WIDTH="29"/>
						<String ID="P13_ST00027" HPOS="1967" VPOS="492" WIDTH="274" HEIGHT="76" CONTENT="plaintif" WC="0.98" CC="07618803"/>
					</TextLine>
					<TextLine ID="P13_TL00005" HPOS="134" VPOS="569" WIDTH="2107" HEIGHT="82">
						<String ID="P13_ST00028" HPOS="134" VPOS="580" WIDTH="62" HEIGHT="56" CONTENT="et" WC="0.74" CC="50"/>
						<SP ID="P13_SP00024" HPOS="196" VPOS="636" WIDTH="31"/>
						<String ID="P13_ST00029" HPOS="227" VPOS="572" WIDTH="494" HEIGHT="79" CONTENT="impondérable" WC="0.99" CC="000456377801"/>
						<SP ID="P13_SP00025" HPOS="721" VPOS="651" WIDTH="32"/>
						<String ID="P13_ST00030" HPOS="753" VPOS="569" WIDTH="363" HEIGHT="78" CONTENT="(harmonie" WC="0.99" CC="570005710"/>
						<SP ID="P13_SP00026" HPOS="1116" VPOS="651" WIDTH="33"/>
						<String ID="P13_ST00031" HPOS="1149" VPOS="569" WIDTH="89" HEIGHT="58" CONTENT="du" WC="0.61" CC="07"/>
						<SP ID="P13_SP00027" HPOS="1238" VPOS="651" WIDTH="33"/>
						<String ID="P13_ST00032" HPOS="1271" VPOS="569" WIDTH="157" HEIGHT="75" CONTENT="soir)" WC="0.97" CC="73305"/>
						<SP ID="P13_SP00028" HPOS="1428" VPOS="651" WIDTH="33"/>
						<String ID="P13_ST00033" HPOS="1461" VPOS="604" WIDTH="75" HEIGHT="6" CONTENT="—" WC="0.20" CC="8"/>
						<SP ID="P13_SP00029" HPOS="1536" VPOS="651" WIDTH="33"/>
						<String ID="P13_ST00034" HPOS="1569" VPOS="569" WIDTH="57" HEIGHT="59" CONTENT="le" WC="0.34" CC="75"/>
						<SP ID="P13_SP00030" HPOS="1626" VPOS="651" WIDTH="35"/>
						<String ID="P13_ST00035" HPOS="1661" VPOS="569" WIDTH="279" HEIGHT="75" CONTENT="lyrisme" WC="0.98" CC="1504975"/>
						<SP ID="P13_SP00031" HPOS="1940" VPOS="651" WIDTH="28"/>
						<String ID="P13_ST00036" HPOS="1968" VPOS="571" WIDTH="273" HEIGHT="76" CONTENT="plaintif" WC="0.98" CC="07756685"/>
					</TextLine>
					<TextLine ID="P13_TL00006" HPOS="128" VPOS="648" WIDTH="2105" HEIGHT="78">
						<String ID="P13_ST00037" HPOS="128" VPOS="690" WIDTH="76" HEIGHT="6" CONTENT="—" WC="0.20" CC="8"/>
						<SP ID="P13_SP00032" HPOS="204" VPOS="696" WIDTH="18"/>
						<String ID="P13_ST00038" HPOS="222" VPOS="671" WIDTH="106" HEIGHT="43" CONTENT="ses" WC="0.98" CC="500"/>
						<SP ID="P13_SP00033" HPOS="328" VPOS="714" WIDTH="16"/>
						<String ID="P13_ST00039" HPOS="344" VPOS="667" WIDTH="421" HEIGHT="46" CONTENT="successeurs" WC="0.99" CC="17034530705"/>
						<SP ID="P13_SP00034" HPOS="765" VPOS="714" WIDTH="13"/>
						<String ID="P13_ST00040" HPOS="778" VPOS="649" WIDTH="377" HEIGHT="60" CONTENT="travaillent" WC="0.99" CC="34008777004"/>
						<SP ID="P13_SP00035" HPOS="1155" VPOS="714" WIDTH="15"/>
						<String ID="P13_ST00041" HPOS="1170" VPOS="649" WIDTH="166" HEIGHT="58" CONTENT="dans" WC="0.98" CC="0073"/>
						<SP ID="P13_SP00036" HPOS="1336" VPOS="714" WIDTH="15"/>
						<String ID="P13_ST00042" HPOS="1351" VPOS="648" WIDTH="343" HEIGHT="60" CONTENT="l'endolori" WC="0.98" CC="7058055364"/>
						<SP ID="P13_SP00037" HPOS="1694" VPOS="714" WIDTH="16"/>
						<String ID="P13_ST00043" HPOS="1710" VPOS="684" WIDTH="78" HEIGHT="5" CONTENT="—" WC="0.20" CC="8"/>
						<SP ID="P13_SP00038" HPOS="1788" VPOS="714" WIDTH="16"/>
						<String ID="P13_ST00044" HPOS="1804" VPOS="649" WIDTH="238" HEIGHT="77" CONTENT="l'orage" WC="0.98" CC="4360973"/>
						<SP ID="P13_SP00039" HPOS="2042" VPOS="726" WIDTH="20"/>
						<String ID="P13_ST00045" HPOS="2062" VPOS="651" WIDTH="77" HEIGHT="59" CONTENT="de" WC="0.38" CC="75"/>
						<SP ID="P13_SP00040" HPOS="2139" VPOS="726" WIDTH="22"/>
						<String ID="P13_ST00046" HPOS="2161" VPOS="667" WIDTH="72" HEIGHT="42" CONTENT="sa" WC="0.29" CC="67"/>
					</TextLine>
					<TextLine ID="P13_TL00007" HPOS="125" VPOS="728" WIDTH="2108" HEIGHT="80">
						<String ID="P13_ST00047" HPOS="125" VPOS="735" WIDTH="313" HEIGHT="73" CONTENT="jeunesse" WC="0.98" CC="62800326"/>
						<SP ID="P13_SP00041" HPOS="438" VPOS="808" WIDTH="24"/>
						<String ID="P13_ST00048" HPOS="462" VPOS="732" WIDTH="178" HEIGHT="58" CONTENT="et.les" WC="0.39" CC="507769"/>
						<SP ID="P13_SP00042" HPOS="640" VPOS="808" WIDTH="24"/>
						<String ID="P13_ST00049" HPOS="664" VPOS="729" WIDTH="223" HEIGHT="59" CONTENT="soleils" WC="0.98" CC="4606646"/>
						<SP ID="P13_SP00043" HPOS="887" VPOS="808" WIDTH="27"/>
						<String ID="P13_ST00050" HPOS="914" VPOS="729" WIDTH="248" HEIGHT="59" CONTENT="marins" WC="0.98" CC="094405"/>
						<SP ID="P13_SP00044" HPOS="1162" VPOS="808" WIDTH="24"/>
						<String ID="P13_ST00051" HPOS="1186" VPOS="728" WIDTH="77" HEIGHT="57" CONTENT="de" WC="0.98" CC="00"/>
						<SP ID="P13_SP00045" HPOS="1263" VPOS="808" WIDTH="28"/>
						<String ID="P13_ST00052" HPOS="1291" VPOS="745" WIDTH="107" HEIGHT="40" CONTENT="ses" WC="0.93" CC="565"/>
						<SP ID="P13_SP00046" HPOS="1398" VPOS="808" WIDTH="32"/>
						<String ID="P13_ST00053" HPOS="1430" VPOS="728" WIDTH="349" HEIGHT="59" CONTENT="souvenirs" WC="0.99" CC="257020604"/>
						<SP ID="P13_SP00047" HPOS="1779" VPOS="808" WIDTH="21"/>
						<String ID="P13_ST00054" HPOS="1800" VPOS="731" WIDTH="113" HEIGHT="56" CONTENT="ont" WC="0.97" CC="007"/>
						<SP ID="P13_SP00048" HPOS="1913" VPOS="808" WIDTH="28"/>
						<String ID="P13_ST00055" HPOS="1941" VPOS="729" WIDTH="167" HEIGHT="59" CONTENT="dans" WC="0.98" CC="0901"/>
						<SP ID="P13_SP00049" HPOS="2108" VPOS="808" WIDTH="29"/>
						<String ID="P13_ST00056" HPOS="2137" VPOS="731" WIDTH="96" HEIGHT="57" CONTENT="les" WC="0.94" CC="636"/>
					</TextLine>
					<TextLine ID="P13_TL00008" HPOS="130" VPOS="804" WIDTH="2106" HEIGHT="79">
						<String ID="P13_ST00057" HPOS="130" VPOS="812" WIDTH="272" HEIGHT="58" CONTENT="brumes" WC="0.97" CC="898003"/>
						<SP ID="P13_SP00050" HPOS="402" VPOS="870" WIDTH="33"/>
						<String ID="P13_ST00058" HPOS="435" VPOS="811" WIDTH="116" HEIGHT="57" CONTENT="des" WC="0.97" CC="061"/>
						<SP ID="P13_SP00051" HPOS="551" VPOS="870" WIDTH="39"/>
						<String ID="P13_ST00059" HPOS="590" VPOS="807" WIDTH="194" HEIGHT="76" CONTENT="quais" WC="0.97" CC="66706"/>
						<SP ID="P13_SP00052" HPOS="784" VPOS="883" WIDTH="46"/>
						<String ID="P13_ST00060" HPOS="830" VPOS="809" WIDTH="78" HEIGHT="58" CONTENT="de" WC="0.69" CC="06"/>
						<SP ID="P13_SP00053" HPOS="908" VPOS="883" WIDTH="48"/>
						<String ID="P13_ST00061" HPOS="956" VPOS="807" WIDTH="66" HEIGHT="58" CONTENT="la" WC="0.25" CC="68"/>
						<SP ID="P13_SP00054" HPOS="1022" VPOS="883" WIDTH="29"/>
						<String ID="P13_ST00062" HPOS="1051" VPOS="807" WIDTH="192" HEIGHT="58" CONTENT="Seine" WC="0.95" CC="56686"/>
						<SP ID="P13_SP00055" HPOS="1243" VPOS="883" WIDTH="46"/>
						<String ID="P13_ST00063" HPOS="1289" VPOS="804" WIDTH="287" HEIGHT="60" CONTENT="détendu" WC="0.99" CC="0605008"/>
						<SP ID="P13_SP00056" HPOS="1576" VPOS="883" WIDTH="45"/>
						<String ID="P13_ST00064" HPOS="1621" VPOS="806" WIDTH="97" HEIGHT="58" CONTENT="les" WC="0.97" CC="440"/>
						<SP ID="P13_SP00057" HPOS="1718" VPOS="883" WIDTH="46"/>
						<String ID="P13_ST00065" HPOS="1764" VPOS="808" WIDTH="227" HEIGHT="57" CONTENT="cordes" WC="0.99" CC="060005"/>
						<SP ID="P13_SP00058" HPOS="1991" VPOS="883" WIDTH="44"/>
						<String ID="P13_ST00066" HPOS="2035" VPOS="808" WIDTH="78" HEIGHT="59" CONTENT="de" WC="0.67" CC="06"/>
						<SP ID="P13_SP00059" HPOS="2113" VPOS="883" WIDTH="49"/>
						<String ID="P13_ST00067" HPOS="2162" VPOS="825" WIDTH="74" HEIGHT="42" CONTENT="sa" WC="0.27" CC="86"/>
					</TextLine>
					<TextLine ID="P13_TL00009" HPOS="133" VPOS="884" WIDTH="2103" HEIGHT="80">
						<String ID="P13_ST00068" HPOS="133" VPOS="890" WIDTH="170" HEIGHT="58" CONTENT="viole" WC="0.98" CC="04336"/>
						<SP ID="P13_SP00060" HPOS="303" VPOS="948" WIDTH="47"/>
						<String ID="P13_ST00069" HPOS="350" VPOS="888" WIDTH="354" HEIGHT="76" CONTENT="byzantine" WC="0.98" CC="765702285"/>
						<SP ID="P13_SP00061" HPOS="704" VPOS="964" WIDTH="52"/>
						<String ID="P13_ST00070" HPOS="756" VPOS="886" WIDTH="530" HEIGHT="59" CONTENT="incurablement" WC="0.71" CC="4053306700005"/>
						<SP ID="P13_SP00062" HPOS="1286" VPOS="964" WIDTH="46"/>
						<String ID="P13_ST00071" HPOS="1332" VPOS="884" WIDTH="316" HEIGHT="75" CONTENT="plaintive" WC="0.99" CC="046006406"/>
						<SP ID="P13_SP00063" HPOS="1648" VPOS="964" WIDTH="58"/>
						<String ID="P13_ST00072" HPOS="1706" VPOS="887" WIDTH="65" HEIGHT="57" CONTENT="et" WC="0.86" CC="20"/>
						<SP ID="P13_SP00064" HPOS="1771" VPOS="964" WIDTH="52"/>
						<String ID="P13_ST00073" HPOS="1823" VPOS="886" WIDTH="282" HEIGHT="77" CONTENT="affligée." WC="0.98" CC="176786404"/>
						<SP ID="P13_SP00065" HPOS="2105" VPOS="964" WIDTH="56"/>
						<String ID="P13_ST00074" HPOS="2161" VPOS="921" WIDTH="75" HEIGHT="7" CONTENT="—" WC="0.20" CC="8"/>
					</TextLine>
					<TextLine ID="P13_TL00010" HPOS="127" VPOS="963" WIDTH="2110" HEIGHT="80">
						<String ID="P13_ST00075" HPOS="127" VPOS="968" WIDTH="381" HEIGHT="60" CONTENT="hétéroclite" WC="0.99" CC="79100261613"/>
						<SP ID="P13_SP00066" HPOS="508" VPOS="1028" WIDTH="41"/>
						<String ID="P13_ST00076" HPOS="549" VPOS="966" WIDTH="247" HEIGHT="76" CONTENT="jamais" WC="0.98" CC="580600"/>
						<SP ID="P13_SP00067" HPOS="796" VPOS="1042" WIDTH="39"/>
						<String ID="P13_ST00077" HPOS="835" VPOS="964" WIDTH="319" HEIGHT="79" CONTENT="jusqu'au" WC="0.97" CC="38397296"/>
						<SP ID="P13_SP00068" HPOS="1154" VPOS="1043" WIDTH="39"/>
						<String ID="P13_ST00078" HPOS="1193" VPOS="963" WIDTH="245" HEIGHT="60" CONTENT="trivial," WC="0.99" CC="00008970"/>
						<SP ID="P13_SP00069" HPOS="1438" VPOS="1043" WIDTH="33"/>
						<String ID="P13_ST00079" HPOS="1471" VPOS="964" WIDTH="49" HEIGHT="58" CONTENT="il" WC="0.63" CC="16"/>
						<SP ID="P13_SP00070" HPOS="1520" VPOS="1043" WIDTH="39"/>
						<String ID="P13_ST00080" HPOS="1559" VPOS="982" WIDTH="37" HEIGHT="41" CONTENT="a" WC="0.11" CC="8"/>
						<SP ID="P13_SP00071" HPOS="1596" VPOS="1043" WIDTH="38"/>
						<String ID="P13_ST00081" HPOS="1634" VPOS="963" WIDTH="361" HEIGHT="61" CONTENT="dramatisé" WC="0.98" CC="009333565"/>
						<SP ID="P13_SP00072" HPOS="1995" VPOS="1043" WIDTH="40"/>
						<String ID="P13_ST00082" HPOS="2035" VPOS="968" WIDTH="65" HEIGHT="59" CONTENT="et" WC="0.72" CC="05"/>
						<SP ID="P13_SP00073" HPOS="2100" VPOS="1043" WIDTH="29"/>
						<String ID="P13_ST00083" HPOS="2129" VPOS="982" WIDTH="72" HEIGHT="42" CONTENT="en" SUBS_TYPE="HypPart1" SUBS_CONTENT="enrichi" WC="0.93" CC="68"/>
						<HYP HPOS="2201" VPOS="982" WIDTH="36" CONTENT="-"/>
					</TextLine>
					<TextLine ID="P13_TL00011" HPOS="132" VPOS="1047" WIDTH="487" HEIGHT="60">
						<String ID="P13_ST00084" HPOS="132" VPOS="1047" WIDTH="167" HEIGHT="60" CONTENT="richi" SUBS_TYPE="HypPart2" SUBS_CONTENT="enrichi" WC="0.97" CC="76470"/>
						<SP ID="P13_SP00074" HPOS="299" VPOS="1107" WIDTH="31"/>
						<String ID="P13_ST00085" HPOS="330" VPOS="1047" WIDTH="289" HEIGHT="58" CONTENT="l'alcôve." WC="0.99" CC="640606043"/>
					</TextLine>
					<TextLine ID="P13_TL00012" HPOS="120" VPOS="1121" WIDTH="2113" HEIGHT="81">
						<String ID="P13_ST00086" HPOS="120" VPOS="1126" WIDTH="245" HEIGHT="76" CONTENT="jamais" WC="0.99" CC="070006"/>
						<SP ID="P13_SP00075" HPOS="365" VPOS="1202" WIDTH="52"/>
						<String ID="P13_ST00087" HPOS="417" VPOS="1126" WIDTH="47" HEIGHT="58" CONTENT="il" WC="0.56" CC="35"/>
						<SP ID="P13_SP00076" HPOS="464" VPOS="1202" WIDTH="57"/>
						<String ID="P13_ST00088" HPOS="521" VPOS="1141" WIDTH="79" HEIGHT="42" CONTENT="ne" WC="0.70" CC="05"/>
						<SP ID="P13_SP00077" HPOS="600" VPOS="1202" WIDTH="51"/>
						<String ID="P13_ST00089" HPOS="651" VPOS="1140" WIDTH="69" HEIGHT="42" CONTENT="se" WC="0.63" CC="07"/>
						<SP ID="P13_SP00078" HPOS="720" VPOS="1202" WIDTH="55"/>
						<String ID="P13_ST00090" HPOS="775" VPOS="1123" WIDTH="114" HEIGHT="61" CONTENT="bat" WC="0.95" CC="706"/>
						<SP ID="P13_SP00079" HPOS="889" VPOS="1202" WIDTH="55"/>
						<String ID="P13_ST00091" HPOS="944" VPOS="1124" WIDTH="97" HEIGHT="59" CONTENT="les" WC="0.93" CC="665"/>
						<SP ID="P13_SP00080" HPOS="1041" VPOS="1202" WIDTH="53"/>
						<String ID="P13_ST00092" HPOS="1094" VPOS="1123" WIDTH="229" HEIGHT="70" CONTENT="flancs," WC="0.98" CC="8600064"/>
						<SP ID="P13_SP00081" HPOS="1323" VPOS="1202" WIDTH="42"/>
						<String ID="P13_ST00093" HPOS="1365" VPOS="1121" WIDTH="247" HEIGHT="78" CONTENT="jamais" WC="0.98" CC="006305"/>
						<SP ID="P13_SP00082" HPOS="1612" VPOS="1202" WIDTH="51"/>
						<String ID="P13_ST00094" HPOS="1663" VPOS="1123" WIDTH="48" HEIGHT="59" CONTENT="il" WC="0.70" CC="05"/>
						<SP ID="P13_SP00083" HPOS="1711" VPOS="1202" WIDTH="58"/>
						<String ID="P13_ST00095" HPOS="1769" VPOS="1123" WIDTH="331" HEIGHT="73" CONTENT="n'insiste," WC="0.99" CC="0440416734"/>
						<SP ID="P13_SP00084" HPOS="2100" VPOS="1202" WIDTH="51"/>
						<String ID="P13_ST00096" HPOS="2151" VPOS="1140" WIDTH="82" HEIGHT="43" CONTENT="ne" WC="0.97" CC="00"/>
					</TextLine>
					<TextLine ID="P13_TL00013" HPOS="129" VPOS="1206" WIDTH="257" HEIGHT="75">
						<String ID="P13_ST00097" HPOS="129" VPOS="1206" WIDTH="257" HEIGHT="75" CONTENT="charge." WC="0.98" CC="3700644"/>
					</TextLine>
					<TextLine ID="P13_TL00014" HPOS="128" VPOS="1281" WIDTH="2105" HEIGHT="76">
						<String ID="P13_ST00098" HPOS="128" VPOS="1283" WIDTH="47" HEIGHT="57" CONTENT="il" WC="0.43" CC="47"/>
						<SP ID="P13_SP00085" HPOS="175" VPOS="1340" WIDTH="34"/>
						<String ID="P13_ST00099" HPOS="209" VPOS="1284" WIDTH="95" HEIGHT="58" CONTENT="dit" WC="0.97" CC="017"/>
						<SP ID="P13_SP00086" HPOS="304" VPOS="1342" WIDTH="35"/>
						<String ID="P13_ST00100" HPOS="339" VPOS="1304" WIDTH="28" HEIGHT="34" CONTENT="«" WC="0.83" CC="1"/>
						<SP ID="P13_SP00087" HPOS="367" VPOS="1342" WIDTH="40"/>
						<String ID="P13_ST00101" HPOS="407" VPOS="1300" WIDTH="118" HEIGHT="40" CONTENT="son" WC="0.95" CC="235"/>
						<SP ID="P13_SP00088" HPOS="525" VPOS="1342" WIDTH="30"/>
						<String ID="P13_ST00102" HPOS="555" VPOS="1281" WIDTH="167" HEIGHT="58" CONTENT="beau" WC="0.98" CC="0207"/>
						<SP ID="P13_SP00089" HPOS="722" VPOS="1342" WIDTH="31"/>
						<String ID="P13_ST00103" HPOS="753" VPOS="1298" WIDTH="189" HEIGHT="59" CONTENT="corps" WC="0.98" CC="65005"/>
						<SP ID="P13_SP00090" HPOS="942" VPOS="1357" WIDTH="30"/>
						<String ID="P13_ST00104" HPOS="972" VPOS="1298" WIDTH="91" HEIGHT="41" CONTENT="nu" WC="0.29" CC="67"/>
						<SP ID="P13_SP00091" HPOS="1063" VPOS="1357" WIDTH="33"/>
						<String ID="P13_ST00105" HPOS="1096" VPOS="1302" WIDTH="27" HEIGHT="35" CONTENT="»" WC="0.61" CC="3"/>
						<SP ID="P13_SP00092" HPOS="1123" VPOS="1357" WIDTH="36"/>
						<String ID="P13_ST00106" HPOS="1159" VPOS="1316" WIDTH="76" HEIGHT="5" CONTENT="—" WC="0.20" CC="8"/>
						<SP ID="P13_SP00093" HPOS="1235" VPOS="1357" WIDTH="29"/>
						<String ID="P13_ST00107" HPOS="1264" VPOS="1298" WIDTH="131" HEIGHT="42" CONTENT="une" WC="0.92" CC="876"/>
						<SP ID="P13_SP00094" HPOS="1395" VPOS="1357" WIDTH="32"/>
						<String ID="P13_ST00108" HPOS="1427" VPOS="1281" WIDTH="128" HEIGHT="59" CONTENT="fois" WC="0.96" CC="6218"/>
						<SP ID="P13_SP00095" HPOS="1555" VPOS="1357" WIDTH="26"/>
						<String ID="P13_ST00109" HPOS="1581" VPOS="1316" WIDTH="75" HEIGHT="7" CONTENT="—" WC="0.20" CC="8"/>
						<SP ID="P13_SP00096" HPOS="1656" VPOS="1357" WIDTH="33"/>
						<String ID="P13_ST00110" HPOS="1689" VPOS="1282" WIDTH="166" HEIGHT="58" CONTENT="dans" WC="0.97" CC="0903"/>
						<SP ID="P13_SP00097" HPOS="1855" VPOS="1357" WIDTH="38"/>
						<String ID="P13_ST00111" HPOS="1893" VPOS="1298" WIDTH="131" HEIGHT="42" CONTENT="une" WC="0.93" CC="774"/>
						<SP ID="P13_SP00098" HPOS="2024" VPOS="1357" WIDTH="29"/>
						<String ID="P13_ST00112" HPOS="2053" VPOS="1281" WIDTH="180" HEIGHT="76" CONTENT="pièce" WC="0.98" CC="00643"/>
					</TextLine>
					<TextLine ID="P13_TL00015" HPOS="128" VPOS="1359" WIDTH="2105" HEIGHT="79">
						<String ID="P13_ST00113" HPOS="128" VPOS="1362" WIDTH="82" HEIGHT="57" CONTENT="où" WC="0.46" CC="28"/>
						<SP ID="P13_SP00099" HPOS="210" VPOS="1419" WIDTH="28"/>
						<String ID="P13_ST00114" HPOS="238" VPOS="1378" WIDTH="70" HEIGHT="42" CONTENT="ce" WC="0.39" CC="65"/>
						<SP ID="P13_SP00100" HPOS="308" VPOS="1420" WIDTH="31"/>
						<String ID="P13_ST00115" HPOS="339" VPOS="1361" WIDTH="149" HEIGHT="59" CONTENT="coin" WC="0.96" CC="7532"/>
						<SP ID="P13_SP00101" HPOS="488" VPOS="1420" WIDTH="27"/>
						<String ID="P13_ST00116" HPOS="515" VPOS="1362" WIDTH="78" HEIGHT="57" CONTENT="de" WC="0.96" CC="00"/>
						<SP ID="P13_SP00102" HPOS="593" VPOS="1420" WIDTH="31"/>
						<String ID="P13_ST00117" HPOS="624" VPOS="1362" WIDTH="223" HEIGHT="74" CONTENT="photo," WC="0.98" CC="064504"/>
						<SP ID="P13_SP00103" HPOS="847" VPOS="1436" WIDTH="31"/>
						<String ID="P13_ST00118" HPOS="878" VPOS="1362" WIDTH="101" HEIGHT="57" CONTENT="est" WC="0.95" CC="607"/>
						<SP ID="P13_SP00104" HPOS="979" VPOS="1436" WIDTH="29"/>
						<String ID="P13_ST00119" HPOS="1008" VPOS="1359" WIDTH="171" HEIGHT="77" CONTENT="noyé" WC="0.96" CC="8505"/>
						<SP ID="P13_SP00105" HPOS="1179" VPOS="1436" WIDTH="33"/>
						<String ID="P13_ST00120" HPOS="1212" VPOS="1359" WIDTH="238" HEIGHT="60" CONTENT="étouffé" WC="0.98" CC="7028807"/>
						<SP ID="P13_SP00106" HPOS="1450" VPOS="1436" WIDTH="27"/>
						<String ID="P13_ST00121" HPOS="1477" VPOS="1361" WIDTH="165" HEIGHT="58" CONTENT="dans" WC="0.97" CC="0085"/>
						<SP ID="P13_SP00107" HPOS="1642" VPOS="1436" WIDTH="29"/>
						<String ID="P13_ST00122" HPOS="1671" VPOS="1361" WIDTH="60" HEIGHT="58" CONTENT="le" WC="0.56" CC="61"/>
						<SP ID="P13_SP00108" HPOS="1731" VPOS="1436" WIDTH="31"/>
						<String ID="P13_ST00123" HPOS="1762" VPOS="1363" WIDTH="172" HEIGHT="57" CONTENT="reste" WC="0.97" CC="02676"/>
						<SP ID="P13_SP00109" HPOS="1934" VPOS="1436" WIDTH="33"/>
						<String ID="P13_ST00124" HPOS="1967" VPOS="1359" WIDTH="165" HEIGHT="79" CONTENT="(143)" WC="0.50" CC="40784"/>
						<SP ID="P13_SP00110" HPOS="2132" VPOS="1438" WIDTH="25"/>
						<String ID="P13_ST00125" HPOS="2157" VPOS="1395" WIDTH="76" HEIGHT="5" CONTENT="-" WC="1.00" CC="0"/>
					</TextLine>
					<TextLine ID="P13_TL00016" HPOS="128" VPOS="1439" WIDTH="954" HEIGHT="60">
						<String ID="P13_ST00126" HPOS="128" VPOS="1441" WIDTH="170" HEIGHT="58" CONTENT="mais" WC="0.98" CC="0009"/>
						<SP ID="P13_SP00111" HPOS="298" VPOS="1499" WIDTH="30"/>
						<String ID="P13_ST00127" HPOS="328" VPOS="1441" WIDTH="157" HEIGHT="58" CONTENT="c'est" WC="0.99" CC="34000"/>
						<SP ID="P13_SP00112" HPOS="485" VPOS="1499" WIDTH="33"/>
						<String ID="P13_ST00128" HPOS="518" VPOS="1439" WIDTH="153" HEIGHT="60" CONTENT="bien" WC="0.96" CC="7507"/>
						<SP ID="P13_SP00113" HPOS="671" VPOS="1499" WIDTH="33"/>
						<String ID="P13_ST00129" HPOS="704" VPOS="1457" WIDTH="139" HEIGHT="42" CONTENT="rare" WC="0.99" CC="0004"/>
						<SP ID="P13_SP00114" HPOS="843" VPOS="1499" WIDTH="38"/>
						<String ID="P13_ST00130" HPOS="881" VPOS="1458" WIDTH="35" HEIGHT="39" CONTENT="a" WC="0.24" CC="7"/>
						<SP ID="P13_SP00115" HPOS="916" VPOS="1499" WIDTH="30"/>
						<String ID="P13_ST00131" HPOS="946" VPOS="1439" WIDTH="95" HEIGHT="59" CONTENT="lui" WC="0.94" CC="383"/>
						<SP ID="P13_SP00116" HPOS="1041" VPOS="1499" WIDTH="30"/>
						<String ID="P13_ST00132" HPOS="1071" VPOS="1441" WIDTH="11" HEIGHT="57" CONTENT="!" WC="0.40" CC="5"/>
					</TextLine>
				</TextBlock>
				<TextBlock ID="P13_TB00003" HPOS="1134" VPOS="2050" WIDTH="85" HEIGHT="78" STYLEREFS="TXT_0 PAR_CENTER">
					<TextLine ID="P13_TL00017" HPOS="1135" VPOS="2050" WIDTH="84" HEIGHT="78">
						<String ID="P13_ST00133" HPOS="1135" VPOS="2050" WIDTH="84" HEIGHT="78" CONTENT="[7]" WC="0.33" CC="873"/>
					</TextLine>
				</TextBlock>
				<TextBlock ID="P13_TB00004" HPOS="124" VPOS="2268" WIDTH="2127" HEIGHT="1306" STYLEREFS="TXT_0 PAR_LEFT">
					<TextLine ID="P13_TL00018" HPOS="124" VPOS="2269" WIDTH="346" HEIGHT="62">
						<String ID="P13_ST00134" HPOS="124" VPOS="2269" WIDTH="65" HEIGHT="59" CONTENT="la" WC="0.55" CC="26"/>
						<SP ID="P13_SP00117" HPOS="189" VPOS="2328" WIDTH="37"/>
						<String ID="P13_ST00135" HPOS="226" VPOS="2269" WIDTH="244" HEIGHT="62" CONTENT="femme" WC="0.99" CC="40000"/>
					</TextLine>
					<TextLine ID="P13_TL00019" HPOS="128" VPOS="2349" WIDTH="1199" HEIGHT="66">
						<String ID="P13_ST00136" HPOS="128" VPOS="2368" WIDTH="28" HEIGHT="35" CONTENT="«" WC="0.97" CC="0"/>
						<SP ID="P13_SP00118" HPOS="156" VPOS="2403" WIDTH="34"/>
						<String ID="P13_ST00137" HPOS="190" VPOS="2349" WIDTH="245" HEIGHT="59" CONTENT="animal" WC="0.99" CC="060030"/>
						<SP ID="P13_SP00119" HPOS="435" VPOS="2408" WIDTH="31"/>
						<String ID="P13_ST00138" HPOS="466" VPOS="2350" WIDTH="340" HEIGHT="61" CONTENT="obéissant" WC="0.98" CC="274340866"/>
						<SP ID="P13_SP00120" HPOS="806" VPOS="2411" WIDTH="40"/>
						<String ID="P13_ST00139" HPOS="846" VPOS="2353" WIDTH="62" HEIGHT="58" CONTENT="et" WC="0.33" CC="48"/>
						<SP ID="P13_SP00121" HPOS="908" VPOS="2411" WIDTH="26"/>
						<String ID="P13_ST00140" HPOS="934" VPOS="2353" WIDTH="177" HEIGHT="60" CONTENT="câlin" WC="0.98" CC="57130"/>
						<SP ID="P13_SP00122" HPOS="1111" VPOS="2413" WIDTH="27"/>
						<String ID="P13_ST00141" HPOS="1138" VPOS="2376" WIDTH="29" HEIGHT="34" CONTENT="»" WC="0.66" CC="3"/>
						<SP ID="P13_SP00123" HPOS="1167" VPOS="2413" WIDTH="29"/>
						<String ID="P13_ST00142" HPOS="1196" VPOS="2356" WIDTH="131" HEIGHT="59" CONTENT="XII" WC="0.28" CC="677"/>
					</TextLine>
					<TextLine ID="P13_TL00020" HPOS="127" VPOS="2429" WIDTH="1054" HEIGHT="78">
						<String ID="P13_ST00143" HPOS="127" VPOS="2447" WIDTH="28" HEIGHT="34" CONTENT="«" WC="0.73" CC="2"/>
						<SP ID="P13_SP00124" HPOS="155" VPOS="2481" WIDTH="35"/>
						<String ID="P13_ST00144" HPOS="190" VPOS="2429" WIDTH="374" HEIGHT="60" CONTENT="courtisane" WC="0.99" CC="6177401506"/>
						<SP ID="P13_SP00125" HPOS="564" VPOS="2489" WIDTH="30"/>
						<String ID="P13_ST00145" HPOS="594" VPOS="2430" WIDTH="380" HEIGHT="77" CONTENT="imparfaite" WC="0.98" CC="0049759405"/>
						<SP ID="P13_SP00126" HPOS="974" VPOS="2507" WIDTH="29"/>
						<String ID="P13_ST00146" HPOS="1003" VPOS="2453" WIDTH="27" HEIGHT="35" CONTENT="»" WC="0.45" CC="5"/>
						<SP ID="P13_SP00127" HPOS="1030" VPOS="2507" WIDTH="35"/>
						<String ID="P13_ST00147" HPOS="1065" VPOS="2433" WIDTH="116" HEIGHT="61" CONTENT="134" WC="0.18" CC="788"/>
					</TextLine>
					<TextLine ID="P13_TL00021" HPOS="127" VPOS="2507" WIDTH="1017" HEIGHT="66">
						<String ID="P13_ST00148" HPOS="127" VPOS="2507" WIDTH="284" HEIGHT="59" CONTENT="aimable" WC="0.98" CC="7404533"/>
						<SP ID="P13_SP00128" HPOS="411" VPOS="2566" WIDTH="32"/>
						<String ID="P13_ST00149" HPOS="443" VPOS="2508" WIDTH="149" HEIGHT="61" CONTENT="bête" WC="0.97" CC="0564"/>
						<SP ID="P13_SP00129" HPOS="592" VPOS="2569" WIDTH="27"/>
						<String ID="P13_ST00150" HPOS="619" VPOS="2527" WIDTH="254" HEIGHT="43" CONTENT="comme" WC="0.99" CC="22000"/>
						<SP ID="P13_SP00130" HPOS="873" VPOS="2570" WIDTH="32"/>
						<String ID="P13_ST00151" HPOS="905" VPOS="2512" WIDTH="61" HEIGHT="58" CONTENT="le" WC="0.91" CC="01"/>
						<SP ID="P13_SP00131" HPOS="966" VPOS="2570" WIDTH="28"/>
						<String ID="P13_ST00152" HPOS="994" VPOS="2513" WIDTH="150" HEIGHT="60" CONTENT="chat" WC="0.97" CC="5700"/>
					</TextLine>
					<TextLine ID="P13_TL00022" HPOS="127" VPOS="2588" WIDTH="882" HEIGHT="63">
						<String ID="P13_ST00153" HPOS="127" VPOS="2602" WIDTH="313" HEIGHT="43" CONTENT="amazone" WC="0.99" CC="0080200"/>
						<SP ID="P13_SP00132" HPOS="440" VPOS="2645" WIDTH="31"/>
						<String ID="P13_ST00154" HPOS="471" VPOS="2588" WIDTH="391" HEIGHT="62" CONTENT="inhumaine" WC="0.99" CC="006703003"/>
						<SP ID="P13_SP00133" HPOS="862" VPOS="2650" WIDTH="32"/>
						<String ID="P13_ST00155" HPOS="894" VPOS="2590" WIDTH="115" HEIGHT="61" CONTENT="18G" WC="0.38" CC="376"/>
					</TextLine>
					<TextLine ID="P13_TL00023" HPOS="128" VPOS="2665" WIDTH="1430" HEIGHT="80">
						<String ID="P13_ST00156" HPOS="128" VPOS="2684" WIDTH="29" HEIGHT="35" CONTENT="«" WC="0.84" CC="1"/>
						<SP ID="P13_SP00134" HPOS="157" VPOS="2719" WIDTH="46"/>
						<String ID="P13_ST00157" HPOS="203" VPOS="2665" WIDTH="85" HEIGHT="59" CONTENT="Le" WC="0.48" CC="63"/>
						<SP ID="P13_SP00135" HPOS="288" VPOS="2724" WIDTH="32"/>
						<String ID="P13_ST00158" HPOS="320" VPOS="2667" WIDTH="192" HEIGHT="59" CONTENT="soleil" WC="0.99" CC="160400"/>
						<SP ID="P13_SP00136" HPOS="512" VPOS="2726" WIDTH="30"/>
						<String ID="P13_ST00159" HPOS="542" VPOS="2669" WIDTH="79" HEIGHT="59" CONTENT="de" WC="0.59" CC="52"/>
						<SP ID="P13_SP00137" HPOS="621" VPOS="2728" WIDTH="34"/>
						<String ID="P13_ST00160" HPOS="655" VPOS="2686" WIDTH="71" HEIGHT="42" CONTENT="sa" WC="0.71" CC="05"/>
						<SP ID="P13_SP00138" HPOS="726" VPOS="2728" WIDTH="29"/>
						<String ID="P13_ST00161" HPOS="755" VPOS="2670" WIDTH="234" HEIGHT="60" CONTENT="nature" WC="0.98" CC="000744"/>
						<SP ID="P13_SP00139" HPOS="989" VPOS="2730" WIDTH="34"/>
						<String ID="P13_ST00162" HPOS="1023" VPOS="2692" WIDTH="56" HEIGHT="52" CONTENT="»," WC="0.36" CC="57"/>
						<SP ID="P13_SP00140" HPOS="1079" VPOS="2744" WIDTH="37"/>
						<String ID="P13_ST00163" HPOS="1116" VPOS="2673" WIDTH="192" HEIGHT="61" CONTENT="soleil" WC="0.97" CC="544165"/>
						<SP ID="P13_SP00141" HPOS="1308" VPOS="2744" WIDTH="33"/>
						<String ID="P13_ST00164" HPOS="1341" VPOS="2674" WIDTH="217" HEIGHT="71" CONTENT="blanc," WC="0.97" CC="719870"/>
					</TextLine>
					<TextLine ID="P13_TL00024" HPOS="129" VPOS="2743" WIDTH="303" HEIGHT="61">
						<String ID="P13_ST00165" HPOS="129" VPOS="2743" WIDTH="303" HEIGHT="61" CONTENT="minéral." WC="0.99" CC="07050804"/>
					</TextLine>
					<TextLine ID="P13_TL00025" HPOS="127" VPOS="2823" WIDTH="691" HEIGHT="66">
						<String ID="P13_ST00166" HPOS="127" VPOS="2839" WIDTH="72" HEIGHT="41" CONTENT="sa" WC="0.07" CC="98"/>
						<SP ID="P13_SP00142" HPOS="199" VPOS="2880" WIDTH="31"/>
						<String ID="P13_ST00167" HPOS="230" VPOS="2823" WIDTH="167" HEIGHT="61" CONTENT="belle" WC="0.98" CC="55005"/>
						<SP ID="P13_SP00143" HPOS="397" VPOS="2884" WIDTH="27"/>
						<String ID="P13_ST00168" HPOS="424" VPOS="2824" WIDTH="394" HEIGHT="65" CONTENT="ténébreuse" WC="0.99" CC="0003707655"/>
					</TextLine>
					<TextLine ID="P13_TL00026" HPOS="372" VPOS="2951" WIDTH="1404" HEIGHT="67">
						<String ID="P13_ST00169" HPOS="372" VPOS="2951" WIDTH="79" HEIGHT="42" CONTENT="tes" WC="0.96" CC="460" STYLEREFS="TXT_1"/>
						<SP ID="P13_SP00144" HPOS="451" VPOS="2993" WIDTH="29"/>
						<String ID="P13_ST00170" HPOS="480" VPOS="2961" WIDTH="151" HEIGHT="45" CONTENT="yeux" WC="0.96" CC="0980" STYLEREFS="TXT_1"/>
						<SP ID="P13_SP00145" HPOS="631" VPOS="3006" WIDTH="30"/>
						<String ID="P13_ST00171" HPOS="661" VPOS="2952" WIDTH="299" HEIGHT="47" CONTENT="illuminés" WC="0.98" CC="604846888" STYLEREFS="TXT_1"/>
						<SP ID="P13_SP00146" HPOS="960" VPOS="3006" WIDTH="35"/>
						<String ID="P13_ST00172" HPOS="995" VPOS="2955" WIDTH="157" HEIGHT="47" CONTENT="ainsi" WC="0.96" CC="64947" STYLEREFS="TXT_1"/>
						<SP ID="P13_SP00147" HPOS="1152" VPOS="3006" WIDTH="40"/>
						<String ID="P13_ST00173" HPOS="1192" VPOS="2969" WIDTH="107" HEIGHT="46" CONTENT="que" WC="0.93" CC="467" STYLEREFS="TXT_1"/>
						<SP ID="P13_SP00148" HPOS="1299" VPOS="3015" WIDTH="39"/>
						<String ID="P13_ST00174" HPOS="1338" VPOS="2960" WIDTH="98" HEIGHT="44" CONTENT="dis" WC="0.95" CC="542" STYLEREFS="TXT_1"/>
						<SP ID="P13_SP00149" HPOS="1436" VPOS="3015" WIDTH="43"/>
						<String ID="P13_ST00175" HPOS="1479" VPOS="2960" WIDTH="297" HEIGHT="58" CONTENT="boutiques" WC="0.98" CC="821800276" STYLEREFS="TXT_1"/>
					</TextLine>
					<TextLine ID="P13_TL00027" HPOS="372" VPOS="3011" WIDTH="1561" HEIGHT="71">
						<String ID="P13_ST00176" HPOS="372" VPOS="3020" WIDTH="76" HEIGHT="34" CONTENT="ou" WC="0.68" CC="06" STYLEREFS="TXT_1"/>
						<SP ID="P13_SP00150" HPOS="448" VPOS="3054" WIDTH="29"/>
						<String ID="P13_ST00177" HPOS="477" VPOS="3011" WIDTH="97" HEIGHT="44" CONTENT="des" WC="0.94" CC="095" STYLEREFS="TXT_1"/>
						<SP ID="P13_SP00151" HPOS="574" VPOS="3055" WIDTH="28"/>
						<String ID="P13_ST00178" HPOS="602" VPOS="3011" WIDTH="78" HEIGHT="57" CONTENT="ifs" WC="0.97" CC="051" STYLEREFS="TXT_1"/>
						<SP ID="P13_SP00152" HPOS="680" VPOS="3068" WIDTH="30"/>
						<String ID="P13_ST00179" HPOS="710" VPOS="3015" WIDTH="407" HEIGHT="59" CONTENT="flambloyants" WC="0.54" CC="500068790860" STYLEREFS="TXT_1"/>
						<SP ID="P13_SP00153" HPOS="1117" VPOS="3074" WIDTH="38"/>
						<String ID="P13_ST00180" HPOS="1155" VPOS="3018" WIDTH="148" HEIGHT="47" CONTENT="dans" WC="0.95" CC="4485" STYLEREFS="TXT_1"/>
						<SP ID="P13_SP00154" HPOS="1303" VPOS="3074" WIDTH="39"/>
						<String ID="P13_ST00181" HPOS="1342" VPOS="3021" WIDTH="78" HEIGHT="46" CONTENT="les" WC="0.97" CC="061" STYLEREFS="TXT_1"/>
						<SP ID="P13_SP00155" HPOS="1420" VPOS="3074" WIDTH="30"/>
						<String ID="P13_ST00182" HPOS="1450" VPOS="3021" WIDTH="141" HEIGHT="58" CONTENT="fêtes" WC="0.95" CC="38869" STYLEREFS="TXT_1"/>
						<SP ID="P13_SP00156" HPOS="1591" VPOS="3079" WIDTH="24"/>
						<String ID="P13_ST00183" HPOS="1615" VPOS="3024" WIDTH="318" HEIGHT="58" CONTENT="publiques" WC="0.98" CC="887520791" STYLEREFS="TXT_1"/>
					</TextLine>
					<TextLine ID="P13_TL00028" HPOS="508" VPOS="3115" WIDTH="998" HEIGHT="63">
						<String ID="P13_ST00184" HPOS="508" VPOS="3115" WIDTH="171" HEIGHT="57" CONTENT="Yeux," WC="0.99" CC="06020" STYLEREFS="TXT_1"/>
						<SP ID="P13_SP00157" HPOS="679" VPOS="3172" WIDTH="33"/>
						<String ID="P13_ST00185" HPOS="712" VPOS="3120" WIDTH="325" HEIGHT="58" CONTENT="soupiraux" WC="0.98" CC="965404405" STYLEREFS="TXT_1"/>
						<SP ID="P13_SP00158" HPOS="1037" VPOS="3178" WIDTH="32"/>
						<String ID="P13_ST00186" HPOS="1069" VPOS="3123" WIDTH="66" HEIGHT="47" CONTENT="de" WC="0.79" CC="40" STYLEREFS="TXT_1"/>
						<SP ID="P13_SP00159" HPOS="1135" VPOS="3178" WIDTH="32"/>
						<String ID="P13_ST00187" HPOS="1167" VPOS="3128" WIDTH="95" HEIGHT="42" CONTENT="ton" WC="0.94" CC="674" STYLEREFS="TXT_1"/>
						<SP ID="P13_SP00160" HPOS="1262" VPOS="3178" WIDTH="32"/>
						<String ID="P13_ST00188" HPOS="1294" VPOS="3123" WIDTH="122" HEIGHT="49" CONTENT="âme" WC="0.93" CC="459" STYLEREFS="TXT_1"/>
						<SP ID="P13_SP00161" HPOS="1416" VPOS="3178" WIDTH="26"/>
						<String ID="P13_ST00189" HPOS="1442" VPOS="3152" WIDTH="64" HEIGHT="9" CONTENT="—" WC="0.20" CC="8" STYLEREFS="TXT_1"/>
					</TextLine>
					<TextLine ID="P13_TL00029" HPOS="400" VPOS="3219" WIDTH="1293" HEIGHT="74">
						<String ID="P13_ST00190" HPOS="400" VPOS="3219" WIDTH="170" HEIGHT="47" CONTENT="Usent" WC="0.97" CC="91680" STYLEREFS="TXT_1"/>
						<SP ID="P13_SP00162" HPOS="570" VPOS="3266" WIDTH="27"/>
						<String ID="P13_ST00191" HPOS="597" VPOS="3222" WIDTH="406" HEIGHT="52" CONTENT="insolemment" WC="0.98" CC="28565799980" STYLEREFS="TXT_1"/>
						<SP ID="P13_SP00163" HPOS="1003" VPOS="3274" WIDTH="28"/>
						<String ID="P13_ST00192" HPOS="1031" VPOS="3231" WIDTH="138" HEIGHT="44" CONTENT="d'un" WC="0.95" CC="6089" STYLEREFS="TXT_1"/>
						<SP ID="P13_SP00164" HPOS="1169" VPOS="3275" WIDTH="35"/>
						<String ID="P13_ST00193" HPOS="1204" VPOS="3229" WIDTH="146" HEIGHT="49" CONTENT="éclat" WC="0.96" CC="77073" STYLEREFS="TXT_1"/>
						<SP ID="P13_SP00165" HPOS="1350" VPOS="3278" WIDTH="39"/>
						<String ID="P13_ST00194" HPOS="1389" VPOS="3236" WIDTH="304" HEIGHT="57" CONTENT="emprunté" WC="0.97" CC="70798807" STYLEREFS="TXT_1"/>
					</TextLine>
					<TextLine ID="P13_TL00030" HPOS="372" VPOS="3281" WIDTH="1427" HEIGHT="64">
						<String ID="P13_ST00195" HPOS="372" VPOS="3281" WIDTH="150" HEIGHT="47" CONTENT="Sans" WC="0.94" CC="9970" STYLEREFS="TXT_1"/>
						<SP ID="P13_SP00166" HPOS="522" VPOS="3328" WIDTH="30"/>
						<String ID="P13_ST00196" HPOS="552" VPOS="3284" WIDTH="302" HEIGHT="49" CONTENT="connaître" WC="0.97" CC="583896297" STYLEREFS="TXT_1"/>
						<SP ID="P13_SP00167" HPOS="854" VPOS="3333" WIDTH="27"/>
						<String ID="P13_ST00197" HPOS="881" VPOS="3292" WIDTH="225" HEIGHT="53" CONTENT="jamais" WC="0.98" CC="670700" STYLEREFS="TXT_1"/>
						<SP ID="P13_SP00168" HPOS="1106" VPOS="3345" WIDTH="39"/>
						<String ID="P13_ST00198" HPOS="1145" VPOS="3293" WIDTH="54" HEIGHT="46" CONTENT="la" WC="0.82" CC="30" STYLEREFS="TXT_1"/>
						<SP ID="P13_SP00169" HPOS="1199" VPOS="3345" WIDTH="146"/>
						<String ID="P13_ST00199" HPOS="1345" VPOS="3297" WIDTH="68" HEIGHT="45" CONTENT="de" WC="0.62" CC="07" STYLEREFS="TXT_1"/>
						<SP ID="P13_SP00170" HPOS="1413" VPOS="3345" WIDTH="32"/>
						<String ID="P13_ST00200" HPOS="1445" VPOS="3297" WIDTH="128" HEIGHT="45" CONTENT="leur" WC="0.95" CC="0789" STYLEREFS="TXT_1"/>
						<SP ID="P13_SP00171" HPOS="1573" VPOS="3345" WIDTH="29"/>
						<String ID="P13_ST00201" HPOS="1602" VPOS="3298" WIDTH="197" HEIGHT="47" CONTENT="beauté" WC="0.97" CC="077807" STYLEREFS="TXT_1"/>
					</TextLine>
					<TextLine ID="P13_TL00031" HPOS="128" VPOS="3393" WIDTH="2123" HEIGHT="88">
						<String ID="P13_ST00202" HPOS="128" VPOS="3393" WIDTH="208" HEIGHT="61" CONTENT="Toute" WC="0.98" CC="56000"/>
						<SP ID="P13_SP00172" HPOS="336" VPOS="3454" WIDTH="38"/>
						<String ID="P13_ST00203" HPOS="374" VPOS="3413" WIDTH="74" HEIGHT="42" CONTENT="sa" WC="0.63" CC="43"/>
						<SP ID="P13_SP00173" HPOS="448" VPOS="3455" WIDTH="39"/>
						<String ID="P13_ST00204" HPOS="487" VPOS="3398" WIDTH="204" HEIGHT="76" CONTENT="philo," WC="0.97" CC="660634"/>
						<SP ID="P13_SP00174" HPOS="691" VPOS="3474" WIDTH="38"/>
						<String ID="P13_ST00205" HPOS="729" VPOS="3402" WIDTH="320" HEIGHT="64" CONTENT="féminine" WC="0.98" CC="58010376"/>
						<SP ID="P13_SP00175" HPOS="1049" VPOS="3474" WIDTH="33"/>
						<String ID="P13_ST00206" HPOS="1082" VPOS="3408" WIDTH="101" HEIGHT="59" CONTENT="est" WC="0.99" CC="002"/>
						<SP ID="P13_SP00176" HPOS="1183" VPOS="3474" WIDTH="38"/>
						<String ID="P13_ST00207" HPOS="1221" VPOS="3408" WIDTH="65" HEIGHT="60" CONTENT="là" WC="0.32" CC="58"/>
						<SP ID="P13_SP00177" HPOS="1286" VPOS="3474" WIDTH="27"/>
						<String ID="P13_ST00208" HPOS="1313" VPOS="3445" WIDTH="76" HEIGHT="7" CONTENT="—" WC="0.20" CC="8"/>
						<SP ID="P13_SP00178" HPOS="1389" VPOS="3474" WIDTH="28"/>
						<String ID="P13_ST00209" HPOS="1417" VPOS="3411" WIDTH="146" HEIGHT="61" CONTENT="Sois" WC="0.97" CC="6601"/>
						<SP ID="P13_SP00179" HPOS="1563" VPOS="3474" WIDTH="41"/>
						<String ID="P13_ST00210" HPOS="1604" VPOS="3413" WIDTH="383" HEIGHT="64" CONTENT="charmante" WC="0.99" CC="079066040"/>
						<SP ID="P13_SP00180" HPOS="1987" VPOS="3477" WIDTH="33"/>
						<String ID="P13_ST00211" HPOS="2020" VPOS="3420" WIDTH="63" HEIGHT="58" CONTENT="et" WC="0.70" CC="50"/>
						<SP ID="P13_SP00181" HPOS="2083" VPOS="3478" WIDTH="38"/>
						<String ID="P13_ST00212" HPOS="2121" VPOS="3420" WIDTH="130" HEIGHT="61" CONTENT="tais" WC="0.98" CC="0016"/>
					</TextLine>
					<TextLine ID="P13_TL00032" HPOS="125" VPOS="3473" WIDTH="2126" HEIGHT="101">
						<String ID="P13_ST00213" HPOS="125" VPOS="3473" WIDTH="117" HEIGHT="73" CONTENT="toi," WC="0.96" CC="0647"/>
						<SP ID="P13_SP00182" HPOS="242" VPOS="3546" WIDTH="36"/>
						<String ID="P13_ST00214" HPOS="278" VPOS="3476" WIDTH="73" HEIGHT="58" CONTENT="tu" WC="0.68" CC="06"/>
						<SP ID="P13_SP00183" HPOS="351" VPOS="3546" WIDTH="32"/>
						<String ID="P13_ST00215" HPOS="383" VPOS="3492" WIDTH="83" HEIGHT="45" CONTENT="ne" WC="0.40" CC="55"/>
						<SP ID="P13_SP00184" HPOS="466" VPOS="3546" WIDTH="26"/>
						<String ID="P13_ST00216" HPOS="492" VPOS="3495" WIDTH="177" HEIGHT="59" CONTENT="peux" WC="0.95" CC="7076"/>
						<SP ID="P13_SP00185" HPOS="669" VPOS="3554" WIDTH="28"/>
						<String ID="P13_ST00217" HPOS="697" VPOS="3499" WIDTH="119" HEIGHT="58" CONTENT="pas" WC="0.91" CC="995"/>
						<SP ID="P13_SP00186" HPOS="816" VPOS="3557" WIDTH="31"/>
						<String ID="P13_ST00218" HPOS="847" VPOS="3485" WIDTH="246" HEIGHT="74" CONTENT="savoir," WC="0.98" CC="3053174"/>
						<SP ID="P13_SP00187" HPOS="1093" VPOS="3559" WIDTH="32"/>
						<String ID="P13_ST00219" HPOS="1125" VPOS="3488" WIDTH="75" HEIGHT="60" CONTENT="tu" WC="0.73" CC="05"/>
						<SP ID="P13_SP00188" HPOS="1200" VPOS="3559" WIDTH="30"/>
						<String ID="P13_ST00220" HPOS="1230" VPOS="3506" WIDTH="70" HEIGHT="43" CONTENT="es" WC="0.61" CC="52"/>
						<SP ID="P13_SP00189" HPOS="1300" VPOS="3559" WIDTH="29"/>
						<String ID="P13_ST00221" HPOS="1329" VPOS="3490" WIDTH="65" HEIGHT="61" CONTENT="la" WC="0.21" CC="87"/>
						<SP ID="P13_SP00190" HPOS="1394" VPOS="3559" WIDTH="31"/>
						<String ID="P13_ST00222" HPOS="1425" VPOS="3491" WIDTH="390" HEIGHT="63" CONTENT="damnation" WC="0.99" CC="460703046"/>
						<SP ID="P13_SP00191" HPOS="1815" VPOS="3559" WIDTH="33"/>
						<String ID="P13_ST00223" HPOS="1848" VPOS="3497" WIDTH="90" HEIGHT="60" CONTENT="du" WC="0.62" CC="07"/>
						<SP ID="P13_SP00192" HPOS="1938" VPOS="3559" WIDTH="23"/>
						<String ID="P13_ST00224" HPOS="1961" VPOS="3499" WIDTH="184" HEIGHT="75" CONTENT="juste" WC="0.96" CC="18675"/>
						<SP ID="P13_SP00193" HPOS="2145" VPOS="3574" WIDTH="31"/>
						<String ID="P13_ST00225" HPOS="2176" VPOS="3537" WIDTH="75" HEIGHT="6" CONTENT="—" WC="0.20" CC="8"/>
					</TextLine>
				</TextBlock>
			</PrintSpace>
		</Page>
	</Layout>
</alto>
