2509 4000
803 555 791 125 INTERVIEW

221 1215 90 58 Le
335 1215 182 58 souci
566 1215 299 77 toujours
898 1216 320 59 croissant
1246 1235 121 57 que
1394 1217 59 58 le
1483 1217 236 76 peuple
1752 1218 266 76 apporte
2042 1218 35 57 à
2109 1217 136 60 être

144 1293 399 75 renseignée
579 1311 117 40 sur
724 1296 151 55 tous
904 1294 98 59 les
1027 1296 420 58 événements
1484 1297 155 57 dont
1668 1312 117 42 son
1801 1297 326 58 territoire
2143 1297 99 58 est

143 1388 169 60 pour
357 1372 180 58 ainsi
584 1372 137 58 dire
773 1372 61 59 le
880 1373 277 72 théâtre,
1202 1374 82 57 T'a
1317 1376 329 58 entraînée
1679 1376 35 57 à
1759 1374 363 77 s'enquérir
2165 1376 81 57 de

143 1449 181 59 l'état
353 1451 84 58 de
486 1467 72 41 sa
602 1449 392 74 littérature,
1030 1468 153 42 sans
1215 1468 125 59 que
1385 1452 311 58 toutefois
1742 1453 122 57 elle
1911 1453 253 58 attache
2209 1452 37 57 à

147 1532 98 56 cet
275 1529 186 59 ordre
495 1529 77 59 de
616 1529 468 75 phénomènes,
1113 1532 152 73 plus
1296 1532 464 75 d'importance
1781 1531 148 74 qu'à
1959 1532 64 57 la
2052 1547 154 60 ques-

144 1607 141 58 tion
331 1607 88 58 du
472 1605 163 60 libre
687 1607 240 58 arbitre
980 1625 117 58 par
1148 1609 316 75 exemple.
1511 1608 335 75 Quelques
1886 1611 354 73 reporters,

146 1684 254 60 habiles
454 1685 36 58 à
541 1685 358 75 présenter,
947 1703 126 41 non
1108 1703 153 42 sans
1310 1705 129 41 une
1472 1687 280 58 raillerie
1794 1687 306 70 discrète,
2145 1688 97 57 les

148 1764 306 76 opinions
510 1765 559 69 contradictoires,
1119 1782 67 41 se
1242 1769 147 55 sont
1439 1765 128 59 mis
1618 1782 80 43 en
1760 1782 355 60 campagne
2176 1767 64 57 et

147 1859 166 60 pour
344 1842 327 58 satisfaire
720 1842 438 76 l'impatience
1206 1844 362 74 populaire,
1621 1843 58 58 si
1719 1843 319 76 légitime,
2091 1844 151 57 sont

151 1920 162 60 allés
349 1922 366 73 interroger
762 1920 334 75 plusieurs
1148 1920 320 60 écrivains
1520 1923 159 57 dont
1715 1922 60 58 le
1822 1920 418 77 témoignage

148 2000 145 60 leur
325 1999 310 60 semblait
663 1999 329 76 précieux.

227 2079 222 75 Ayant
496 2078 198 72 suivi,
727 2094 153 42 avec
905 2096 92 40 un
1042 2077 235 59 intérêt
1304 2094 124 59 que
1463 2079 303 75 graduait
1794 2079 60 59 le
1902 2079 193 59 choix
2126 2078 119 60 des

151 2157 503 77 protagonistes,
718 2157 162 57 cette
939 2157 277 75 enquête
1272 2157 56 57 si
1378 2155 454 60 franchement
1881 2157 360 71 évolutive,

146 2238 113 74 j'ai
290 2235 100 59 été
424 2235 253 75 surpris
708 2234 79 60 de
809 2234 496 76 l'inqualifiable
1351 2235 385 59 ostracisme
1776 2235 158 59 dont
1962 2253 84 41 on
2077 2234 135 76 frap-

151 2317 136 76 pait
318 2332 84 41 un
442 2315 78 58 de
556 2329 121 44 nos
718 2314 395 59 romanciers
1144 2314 95 59 les
1281 2314 151 75 plus
1478 2314 307 71 notoires,
1818 2332 93 41 un
1953 2315 79 59 de
2077 2332 169 42 ceux

152 2395 111 77 qui
287 2394 332 76 jouissent
650 2392 88 58 du
760 2393 152 76 plus
951 2393 202 75 grand
1178 2392 272 59 nombre
1475 2393 78 58 de
1581 2393 283 58 lecteurs
1898 2394 63 59 et
1985 2394 113 74 qui
2129 2409 120 59 par

152 2473 400 76 conséquent
580 2470 356 78 pétrissent
962 2472 60 58 le
1051 2472 150 75 plus
1234 2470 202 77 grand
1478 2472 270 58 nombre
1781 2472 79 58 de
1903 2472 337 58 cervelles.

224 2550 258 61 Poussé
522 2568 116 59 par
665 2549 268 78 l'équité
964 2550 320 59 naturelle
1326 2550 35 57 à
1388 2566 152 41 mon
1572 2550 226 75 esprit,
1837 2549 113 76 j'ai
2015 2550 220 59 résolu

156 2632 77 59 de
264 2630 261 77 réparer
555 2632 230 55 autant
816 2629 160 75 qu'il
1000 2629 246 58 m'était
1284 2628 293 76 possible
1611 2629 162 58 cette
1809 2628 337 76 injustice,
2185 2629 64 58 et

150 2709 66 76 je
243 2727 103 41 me
395 2708 141 58 suis
579 2707 308 78 présenté
927 2707 146 59 hier
1103 2707 207 59 matin
1341 2707 155 59 chez
1527 2707 87 58 M.
1647 2707 247 59 Xavier
1943 2707 80 58 de
2067 2707 140 58 Mon-

153 2788 202 77 tépin.

237 2867 123 59 J'ai
393 2864 101 61 été
524 2882 151 53 reçu
707 2883 117 58 par
851 2865 61 60 le
942 2865 271 60 conteur
1243 2864 77 58 de
1350 2864 142 58 tant
1524 2864 77 58 de
1635 2863 451 76 dramatiques
2117 2864 103 58 his-

158 2948 204 58 toires
392 2961 155 43 avec
578 2962 130 42 une
755 2944 317 61 affabilité
1112 2944 271 76 exquise
1425 2943 113 77 qui
1566 2961 80 41 ne
1677 2943 101 58 fut
1828 2961 119 58 pas
1978 2959 157 43 sans
2179 2961 70 41 se

158 3024 409 78 compliquer
594 3023 154 58 d'un
764 3023 181 76 léger
962 3023 438 70 étonnement,
1420 3022 295 76 quandje
1741 3020 96 60 lui
1851 3038 117 42 eus
1983 3022 266 76 exposé,

160 3122 80 42 en
270 3121 92 41 un
395 3102 213 59 adroit
637 3102 409 77 préambule,
1074 3103 60 57 le
1167 3100 195 60 motif
1389 3102 78 58 de
1497 3118 108 41 ma
1620 3100 217 59 visite.
1859 3100 85 59 M.
1969 3100 237 60 deMon-

157 3184 177 76 tépin
369 3198 104 43 me
519 3182 75 58 fit
642 3182 254 58 asseoir
948 3198 116 42 sur
1106 3182 61 58 le
1215 3179 281 61 fauteuil
1530 3179 160 77 qu'il
1741 3179 200 76 jugea
1982 3178 61 59 le
2095 3179 154 76 plus

156 3263 357 70 moelleux,
547 3260 267 60 m'offrit
835 3278 90 41 un
956 3260 274 71 havane,
1256 3262 61 57 et
1346 3260 188 76 après
1563 3277 86 42 un
1681 3258 285 77 échange
1990 3258 78 59 de
2089 3276 166 43 vues

155 3340 473 79 superficielles
659 3342 62 57 et
748 3338 513 77 climatériques,
1287 3339 69 76 je
1373 3339 95 58 lui
1492 3339 102 58 dis
1628 3357 12 39 :

231 3456 75 7 —
334 3420 167 61 Cher
528 3420 255 68 maître,
824 3436 126 60 que
983 3436 435 60 pensez-vous
1453 3419 88 58 du
1573 3415 433 80 symbolisme
2028 3419 25 57 ?
