<?xml version="1.0" encoding="UTF-8"?>
<alto xmlns:xsi="http://www.w3.org/2001/XMLSchema-instance" xmlns="http://www.loc.gov/standards/alto/ns-v2#" xsi:schemaLocation="http://www.loc.gov/standards/alto/ns-v2# http://www.loc.gov/standards/alto/alto-v2.0.xsd" xmlns:xlink="http://www.w3.org/1999/xlink">
	<Description>
		<MeasurementUnit>mm10</MeasurementUnit>
		<sourceImageInformation>
			<fileName>//fileserver7/IN2-2/Princeton/Batch7/bmtnaas/1891/04_01/00000131.tif</fileName>
		</sourceImageInformation>
		<OCRProcessing ID="OCRPROCESSING_1">
			<preProcessingStep>
				<processingSoftware>
					<softwareCreator>CCS Content Conversion Specialists GmbH, Germany</softwareCreator>
					<softwareName>CCS docWorks</softwareName>
					<softwareVersion>6.7-1.24</softwareVersion>
				</processingSoftware>
			</preProcessingStep>
			<ocrProcessingStep>
				<processingSoftware>
					<softwareCreator>ABBYY (BIT Software), Russia</softwareCreator>
					<softwareName>FineReader</softwareName>
					<softwareVersion>10.0</softwareVersion>
				</processingSoftware>
			</ocrProcessingStep>
		</OCRProcessing>
		<OCRProcessing ID="OCRPROCESSING_2">
			<preProcessingStep>
				<processingSoftware>
					<softwareCreator>CCS Content Conversion Specialists GmbH, Germany</softwareCreator>
					<softwareName>CCS docWorks</softwareName>
					<softwareVersion>6.7-1.24</softwareVersion>
				</processingSoftware>
			</preProcessingStep>
			<ocrProcessingStep>
				<processingSoftware>
					<softwareCreator>ABBYY (BIT Software), Russia</softwareCreator>
					<softwareName>NA</softwareName>
				</processingSoftware>
			</ocrProcessingStep>
		</OCRProcessing>
	</Description>
	<Styles>
		<TextStyle ID="TXT_0" FONTSIZE="25" FONTFAMILY="Times New Roman"/>
		<TextStyle ID="TXT_1" FONTSIZE="19" FONTFAMILY="Times New Roman" FONTSTYLE="italics"/>
		<TextStyle ID="TXT_2" FONTSIZE="19" FONTFAMILY="Times New Roman"/>
		<TextStyle ID="TXT_3" FONTSIZE="24" FONTFAMILY="Times New Roman"/>
		<TextStyle ID="TXT_4" FONTSIZE="24" FONTFAMILY="Times New Roman" FONTSTYLE="italics"/>
		<ParagraphStyle ID="PAR_CENTER" ALIGN="Center"/>
		<ParagraphStyle ID="PAR_LEFT" ALIGN="Left"/>
	</Styles>
	<Layout>
		<Page ID="P15" PHYSICAL_IMG_NR="15" HEIGHT="4000" WIDTH="2509" PRINTED_IMG_NR="107" PC="0.913">
			<TopMargin ID="P15_TM00001" HPOS="0" VPOS="0" WIDTH="2509" HEIGHT="296">
				<TextBlock ID="P15_TB00001" HPOS="1194" VPOS="232" WIDTH="112" HEIGHT="61" STYLEREFS="TXT_0 PAR_CENTER">
					<TextLine ID="P15_TL00001" HPOS="1194" VPOS="233" WIDTH="112" HEIGHT="60">
						<String ID="P15_ST00001" HPOS="1194" VPOS="233" WIDTH="112" HEIGHT="60" CONTENT="107" WC="0.41" CC="267"/>
					</TextLine>
				</TextBlock>
			</TopMargin>
			<LeftMargin ID="P15_LM00001" HPOS="0" VPOS="296" WIDTH="206" HEIGHT="3217"/>
			<RightMargin ID="P15_RM00001" HPOS="2336" VPOS="296" WIDTH="173" HEIGHT="3217"/>
			<BottomMargin ID="P15_BM00001" HPOS="0" VPOS="3513" WIDTH="2509" HEIGHT="487"/>
			<PrintSpace ID="P15_PS00001" HPOS="206" VPOS="296" WIDTH="2130" HEIGHT="3217">
				<TextBlock ID="P15_TB00002" HPOS="206" VPOS="364" WIDTH="1538" HEIGHT="1242" STYLEREFS="TXT_1 PAR_LEFT">
					<TextLine ID="P15_TL00002" HPOS="926" VPOS="364" WIDTH="644" HEIGHT="59">
						<String ID="P15_ST00002" HPOS="1441" VPOS="365" WIDTH="72" HEIGHT="45" CONTENT="Et" WC="0.82" CC="30"/>
						<SP ID="P15_SP00001" HPOS="1513" VPOS="410" WIDTH="-587"/>
						<String ID="P15_ST00003" HPOS="926" VPOS="377" WIDTH="59" HEIGHT="33" CONTENT="se" WC="0.67" CC="06"/>
						<SP ID="P15_SP00002" HPOS="1513" VPOS="410" WIDTH="-394"/>
						<String ID="P15_ST00004" HPOS="1119" VPOS="377" WIDTH="112" HEIGHT="46" CONTENT="par" WC="0.96" CC="900"/>
						<SP ID="P15_SP00003" HPOS="1513" VPOS="423" WIDTH="-260"/>
						<String ID="P15_ST00005" HPOS="1253" VPOS="365" WIDTH="95" HEIGHT="45" CONTENT="des" WC="0.93" CC="099"/>
						<SP ID="P15_SP00004" HPOS="1513" VPOS="423" WIDTH="-133"/>
						<String ID="P15_ST00006" HPOS="1380" VPOS="364" WIDTH="190" HEIGHT="46" CONTENT="choses" WC="0.99" CC="000750"/>
					</TextLine>
					<TextLine ID="P15_TL00003" HPOS="996" VPOS="425" WIDTH="586" HEIGHT="59">
						<String ID="P15_ST00007" HPOS="1444" VPOS="425" WIDTH="138" HEIGHT="59" CONTENT="qu'il" WC="0.99" CC="00022"/>
						<SP ID="P15_SP00005" HPOS="1582" VPOS="484" WIDTH="-586"/>
						<String ID="P15_ST00008" HPOS="996" VPOS="438" WIDTH="75" HEIGHT="34" CONTENT="ne" WC="0.65" CC="60"/>
						<SP ID="P15_SP00006" HPOS="1582" VPOS="484" WIDTH="-482"/>
						<String ID="P15_ST00009" HPOS="1100" VPOS="437" WIDTH="226" HEIGHT="35" CONTENT="nomme" WC="0.97" CC="00587"/>
						<SP ID="P15_SP00007" HPOS="1582" VPOS="484" WIDTH="-233"/>
						<String ID="P15_ST00010" HPOS="1349" VPOS="438" WIDTH="126" HEIGHT="46" CONTENT="pas." WC="0.97" CC="0744"/>
					</TextLine>
					<TextLine ID="P15_TL00004" HPOS="455" VPOS="513" WIDTH="473" HEIGHT="65">
						<String ID="P15_ST00011" HPOS="455" VPOS="515" WIDTH="131" HEIGHT="63" CONTENT="qu'il" WC="0.97" CC="56263" STYLEREFS="TXT_2"/>
						<SP ID="P15_SP00008" HPOS="586" VPOS="578" WIDTH="34"/>
						<String ID="P15_ST00012" HPOS="620" VPOS="513" WIDTH="98" HEIGHT="48" CONTENT="fait" WC="0.98" CC="2104" STYLEREFS="TXT_2"/>
						<SP ID="P15_SP00009" HPOS="718" VPOS="578" WIDTH="37"/>
						<String ID="P15_ST00013" HPOS="755" VPOS="513" WIDTH="173" HEIGHT="48" CONTENT="chaud" WC="0.97" CC="07076" STYLEREFS="TXT_2"/>
					</TextLine>
					<TextLine ID="P15_TL00005" HPOS="206" VPOS="574" WIDTH="1085" HEIGHT="64">
						<String ID="P15_ST00014" HPOS="206" VPOS="584" WIDTH="78" HEIGHT="46" CONTENT="les" WC="0.97" CC="006" STYLEREFS="TXT_2"/>
						<SP ID="P15_SP00010" HPOS="284" VPOS="630" WIDTH="34"/>
						<String ID="P15_ST00015" HPOS="318" VPOS="579" WIDTH="241" HEIGHT="47" CONTENT="maisons" WC="0.98" CC="0306473" STYLEREFS="TXT_2"/>
						<SP ID="P15_SP00011" HPOS="559" VPOS="630" WIDTH="26"/>
						<String ID="P15_ST00016" HPOS="585" VPOS="576" WIDTH="207" HEIGHT="62" CONTENT="peintes" WC="0.99" CC="0040816" STYLEREFS="TXT_2"/>
						<SP ID="P15_SP00012" HPOS="792" VPOS="638" WIDTH="24"/>
						<String ID="P15_ST00017" HPOS="816" VPOS="589" WIDTH="71" HEIGHT="33" CONTENT="au" WC="0.64" CC="07" STYLEREFS="TXT_2"/>
						<SP ID="P15_SP00013" HPOS="887" VPOS="638" WIDTH="30"/>
						<String ID="P15_ST00018" HPOS="917" VPOS="575" WIDTH="99" HEIGHT="47" CONTENT="lait" WC="0.98" CC="0321" STYLEREFS="TXT_2"/>
						<SP ID="P15_SP00014" HPOS="1016" VPOS="638" WIDTH="30"/>
						<String ID="P15_ST00019" HPOS="1046" VPOS="575" WIDTH="31" HEIGHT="47" CONTENT="à" WC="0.50" CC="4" STYLEREFS="TXT_2"/>
						<SP ID="P15_SP00015" HPOS="1077" VPOS="638" WIDTH="26"/>
						<String ID="P15_ST00020" HPOS="1103" VPOS="574" WIDTH="188" HEIGHT="48" CONTENT="chaux," WC="0.98" CC="190034" STYLEREFS="TXT_2"/>
					</TextLine>
					<TextLine ID="P15_TL00006" HPOS="206" VPOS="641" WIDTH="240" HEIGHT="50">
						<String ID="P15_ST00021" HPOS="206" VPOS="641" WIDTH="240" HEIGHT="50" CONTENT="mioches" WC="0.99" CC="7300004" STYLEREFS="TXT_2"/>
					</TextLine>
					<TextLine ID="P15_TL00007" HPOS="207" VPOS="702" WIDTH="249" HEIGHT="51">
						<String ID="P15_ST00022" HPOS="207" VPOS="702" WIDTH="249" HEIGHT="51" CONTENT="brioches" WC="0.99" CC="75010004" STYLEREFS="TXT_2"/>
					</TextLine>
					<TextLine ID="P15_TL00008" HPOS="795" VPOS="757" WIDTH="778" HEIGHT="55">
						<String ID="P15_ST00023" HPOS="795" VPOS="762" WIDTH="79" HEIGHT="44" CONTENT="les" WC="0.97" CC="061"/>
						<SP ID="P15_SP00016" HPOS="874" VPOS="806" WIDTH="29"/>
						<String ID="P15_ST00024" HPOS="903" VPOS="760" WIDTH="350" HEIGHT="52" CONTENT="chaudrons," WC="0.99" CC="0006006604"/>
						<SP ID="P15_SP00017" HPOS="1253" VPOS="812" WIDTH="36"/>
						<String ID="P15_ST00025" HPOS="1289" VPOS="757" WIDTH="78" HEIGHT="47" CONTENT="les" WC="0.94" CC="079"/>
						<SP ID="P15_SP00018" HPOS="1367" VPOS="812" WIDTH="36"/>
						<String ID="P15_ST00026" HPOS="1403" VPOS="758" WIDTH="170" HEIGHT="46" CONTENT="orties" WC="0.99" CC="302000"/>
					</TextLine>
					<TextLine ID="P15_TL00009" HPOS="797" VPOS="819" WIDTH="626" HEIGHT="61">
						<String ID="P15_ST00027" HPOS="797" VPOS="824" WIDTH="78" HEIGHT="46" CONTENT="les" WC="1.00" CC="000"/>
						<SP ID="P15_SP00019" HPOS="875" VPOS="870" WIDTH="33"/>
						<String ID="P15_ST00028" HPOS="908" VPOS="824" WIDTH="241" HEIGHT="56" CONTENT="femmes" WC="0.98" CC="450950"/>
						<SP ID="P15_SP00020" HPOS="1149" VPOS="880" WIDTH="31"/>
						<String ID="P15_ST00029" HPOS="1180" VPOS="819" WIDTH="243" HEIGHT="48" CONTENT="décaties" WC="0.99" CC="07535000"/>
					</TextLine>
					<TextLine ID="P15_TL00010" HPOS="209" VPOS="912" WIDTH="592" HEIGHT="53">
						<String ID="P15_ST00030" HPOS="209" VPOS="915" WIDTH="241" HEIGHT="50" CONTENT="octobres" WC="0.98" CC="44037403" STYLEREFS="TXT_2"/>
						<SP ID="P15_SP00021" HPOS="450" VPOS="965" WIDTH="39"/>
						<String ID="P15_ST00031" HPOS="489" VPOS="912" WIDTH="312" HEIGHT="50" CONTENT="incurables" WC="0.99" CC="0840108606" STYLEREFS="TXT_2"/>
					</TextLine>
					<TextLine ID="P15_TL00011" HPOS="206" VPOS="972" WIDTH="639" HEIGHT="63">
						<String ID="P15_ST00032" HPOS="206" VPOS="979" WIDTH="87" HEIGHT="47" CONTENT="Un" WC="0.42" CC="46" STYLEREFS="TXT_2"/>
						<SP ID="P15_SP00022" HPOS="293" VPOS="1026" WIDTH="25"/>
						<String ID="P15_ST00033" HPOS="318" VPOS="976" WIDTH="98" HEIGHT="47" CONTENT="cifl" WC="0.74" CC="1080" STYLEREFS="TXT_2"/>
						<SP ID="P15_SP00023" HPOS="416" VPOS="1026" WIDTH="34"/>
						<String ID="P15_ST00034" HPOS="450" VPOS="974" WIDTH="62" HEIGHT="47" CONTENT="de" WC="0.70" CC="50" STYLEREFS="TXT_2"/>
						<SP ID="P15_SP00024" HPOS="512" VPOS="1026" WIDTH="31"/>
						<String ID="P15_ST00035" HPOS="543" VPOS="972" WIDTH="302" HEIGHT="63" CONTENT="septembre" WC="0.98" CC="609310770" STYLEREFS="TXT_2"/>
					</TextLine>
					<TextLine ID="P15_TL00012" HPOS="207" VPOS="1037" WIDTH="456" HEIGHT="61">
						<String ID="P15_ST00036" HPOS="207" VPOS="1041" WIDTH="88" HEIGHT="48" CONTENT="Un" WC="0.88" CC="20" STYLEREFS="TXT_2"/>
						<SP ID="P15_SP00025" HPOS="295" VPOS="1089" WIDTH="24"/>
						<String ID="P15_ST00037" HPOS="319" VPOS="1040" WIDTH="81" HEIGHT="47" CONTENT="air" WC="0.98" CC="004" STYLEREFS="TXT_2"/>
						<SP ID="P15_SP00026" HPOS="400" VPOS="1089" WIDTH="23"/>
						<String ID="P15_ST00038" HPOS="423" VPOS="1037" WIDTH="240" HEIGHT="61" CONTENT="plaisant" WC="1.00" CC="00006000" STYLEREFS="TXT_2"/>
					</TextLine>
					<TextLine ID="P15_TL00013" HPOS="516" VPOS="1122" WIDTH="766" HEIGHT="65">
						<String ID="P15_ST00039" HPOS="516" VPOS="1126" WIDTH="349" HEIGHT="61" CONTENT="L'épiderme" WC="0.76" CC="1007005080"/>
						<SP ID="P15_SP00027" HPOS="865" VPOS="1187" WIDTH="30"/>
						<String ID="P15_ST00040" HPOS="895" VPOS="1129" WIDTH="67" HEIGHT="44" CONTENT="de" WC="1.00" CC="00"/>
						<SP ID="P15_SP00028" HPOS="962" VPOS="1187" WIDTH="29"/>
						<String ID="P15_ST00041" HPOS="991" VPOS="1139" WIDTH="136" HEIGHT="33" CONTENT="mon" WC="0.97" CC="035"/>
						<SP ID="P15_SP00029" HPOS="1127" VPOS="1187" WIDTH="24"/>
						<String ID="P15_ST00042" HPOS="1151" VPOS="1122" WIDTH="131" HEIGHT="49" CONTENT="rêve" WC="0.99" CC="0050"/>
					</TextLine>
					<TextLine ID="P15_TL00014" HPOS="515" VPOS="1188" WIDTH="622" HEIGHT="59">
						<String ID="P15_ST00043" HPOS="515" VPOS="1204" WIDTH="35" HEIGHT="31" CONTENT="a" WC="1.00" CC="0"/>
						<SP ID="P15_SP00030" HPOS="550" VPOS="1235" WIDTH="32"/>
						<String ID="P15_ST00044" HPOS="582" VPOS="1191" WIDTH="56" HEIGHT="44" CONTENT="la" WC="1.00" CC="00"/>
						<SP ID="P15_SP00031" HPOS="638" VPOS="1235" WIDTH="37"/>
						<String ID="P15_ST00045" HPOS="675" VPOS="1190" WIDTH="162" HEIGHT="45" CONTENT="chair" WC="0.99" CC="50010"/>
						<SP ID="P15_SP00032" HPOS="837" VPOS="1235" WIDTH="30"/>
						<String ID="P15_ST00046" HPOS="867" VPOS="1191" WIDTH="67" HEIGHT="43" CONTENT="de" WC="0.70" CC="05"/>
						<SP ID="P15_SP00033" HPOS="934" VPOS="1235" WIDTH="28"/>
						<String ID="P15_ST00047" HPOS="962" VPOS="1188" WIDTH="175" HEIGHT="59" CONTENT="poule" WC="0.99" CC="00700"/>
					</TextLine>
					<TextLine ID="P15_TL00015" HPOS="517" VPOS="1247" WIDTH="781" HEIGHT="62">
						<String ID="P15_ST00048" HPOS="517" VPOS="1253" WIDTH="93" HEIGHT="45" CONTENT="En" WC="0.86" CC="20"/>
						<SP ID="P15_SP00034" HPOS="610" VPOS="1298" WIDTH="28"/>
						<String ID="P15_ST00049" HPOS="638" VPOS="1253" WIDTH="223" HEIGHT="56" CONTENT="frôlant" WC="0.99" CC="4000007"/>
						<SP ID="P15_SP00035" HPOS="861" VPOS="1309" WIDTH="32"/>
						<String ID="P15_ST00050" HPOS="893" VPOS="1251" WIDTH="78" HEIGHT="45" CONTENT="les" WC="0.97" CC="150"/>
						<SP ID="P15_SP00036" HPOS="971" VPOS="1309" WIDTH="28"/>
						<String ID="P15_ST00051" HPOS="999" VPOS="1247" WIDTH="299" HEIGHT="60" CONTENT="bourgeois" WC="0.99" CC="855056010"/>
					</TextLine>
					<TextLine ID="P15_TL00016" HPOS="515" VPOS="1307" WIDTH="1229" HEIGHT="64">
						<String ID="P15_ST00052" HPOS="515" VPOS="1314" WIDTH="299" HEIGHT="57" CONTENT="bruyants," WC="0.99" CC="703007152"/>
						<SP ID="P15_SP00037" HPOS="814" VPOS="1371" WIDTH="35"/>
						<String ID="P15_ST00053" HPOS="849" VPOS="1312" WIDTH="230" HEIGHT="47" CONTENT="hostiles" WC="1.00" CC="00000000"/>
						<SP ID="P15_SP00038" HPOS="1079" VPOS="1371" WIDTH="35"/>
						<String ID="P15_ST00054" HPOS="1114" VPOS="1322" WIDTH="215" HEIGHT="34" CONTENT="comme" WC="0.97" CC="50907"/>
						<SP ID="P15_SP00039" HPOS="1329" VPOS="1371" WIDTH="30"/>
						<String ID="P15_ST00055" HPOS="1359" VPOS="1309" WIDTH="97" HEIGHT="46" CONTENT="des" WC="0.97" CC="060"/>
						<SP ID="P15_SP00040" HPOS="1456" VPOS="1371" WIDTH="39"/>
						<String ID="P15_ST00056" HPOS="1495" VPOS="1307" WIDTH="249" HEIGHT="46" CONTENT="brisants" WC="0.99" CC="70009630"/>
					</TextLine>
					<TextLine ID="P15_TL00017" HPOS="517" VPOS="1371" WIDTH="1068" HEIGHT="60">
						<String ID="P15_ST00057" HPOS="517" VPOS="1374" WIDTH="221" HEIGHT="47" CONTENT="Comme" WC="0.99" CC="54000"/>
						<SP ID="P15_SP00041" HPOS="738" VPOS="1421" WIDTH="28"/>
						<String ID="P15_ST00058" HPOS="766" VPOS="1374" WIDTH="43" HEIGHT="44" CONTENT="il" WC="1.00" CC="00"/>
						<SP ID="P15_SP00042" HPOS="809" VPOS="1421" WIDTH="30"/>
						<String ID="P15_ST00059" HPOS="839" VPOS="1379" WIDTH="81" HEIGHT="41" CONTENT="est" WC="0.96" CC="604"/>
						<SP ID="P15_SP00043" HPOS="920" VPOS="1421" WIDTH="29"/>
						<String ID="P15_ST00060" HPOS="949" VPOS="1375" WIDTH="142" HEIGHT="56" CONTENT="petit" WC="0.97" CC="94235"/>
						<SP ID="P15_SP00044" HPOS="1091" VPOS="1431" WIDTH="26"/>
						<String ID="P15_ST00061" HPOS="1117" VPOS="1374" WIDTH="147" HEIGHT="44" CONTENT="dans" WC="1.00" CC="0100"/>
						<SP ID="P15_SP00045" HPOS="1264" VPOS="1431" WIDTH="42"/>
						<String ID="P15_ST00062" HPOS="1306" VPOS="1371" WIDTH="55" HEIGHT="46" CONTENT="la" WC="0.76" CC="04"/>
						<SP ID="P15_SP00046" HPOS="1361" VPOS="1431" WIDTH="34"/>
						<String ID="P15_ST00063" HPOS="1395" VPOS="1371" WIDTH="190" HEIGHT="46" CONTENT="Natur" WC="0.70" CC="00680"/>
					</TextLine>
					<TextLine ID="P15_TL00018" HPOS="635" VPOS="1432" WIDTH="834" HEIGHT="60">
						<String ID="P15_ST00064" HPOS="635" VPOS="1436" WIDTH="79" HEIGHT="46" CONTENT="Le" WC="1.00" CC="00"/>
						<SP ID="P15_SP00047" HPOS="714" VPOS="1482" WIDTH="29"/>
						<String ID="P15_ST00065" HPOS="743" VPOS="1435" WIDTH="320" HEIGHT="47" CONTENT="chemin-de" WC="0.99" CC="206706200"/>
						<SP ID="P15_SP00048" HPOS="1063" VPOS="1482" WIDTH="32"/>
						<String ID="P15_ST00066" HPOS="1095" VPOS="1432" WIDTH="374" HEIGHT="60" CONTENT="fer-ceinture" WC="0.99" CC="700036006009"/>
					</TextLine>
					<TextLine ID="P15_TL00019" HPOS="514" VPOS="1493" WIDTH="880" HEIGHT="51">
						<String ID="P15_ST00067" HPOS="514" VPOS="1497" WIDTH="106" HEIGHT="47" CONTENT="Les" WC="0.97" CC="070"/>
						<SP ID="P15_SP00049" HPOS="620" VPOS="1544" WIDTH="33"/>
						<String ID="P15_ST00068" HPOS="653" VPOS="1502" WIDTH="163" HEIGHT="42" CONTENT="vents" WC="0.97" CC="05364"/>
						<SP ID="P15_SP00050" HPOS="816" VPOS="1544" WIDTH="29"/>
						<String ID="P15_ST00069" HPOS="845" VPOS="1510" WIDTH="60" HEIGHT="34" CONTENT="se" WC="1.00" CC="00"/>
						<SP ID="P15_SP00051" HPOS="905" VPOS="1544" WIDTH="30"/>
						<String ID="P15_ST00070" HPOS="935" VPOS="1501" WIDTH="132" HEIGHT="42" CONTENT="sont" WC="0.97" CC="0563"/>
						<SP ID="P15_SP00052" HPOS="1067" VPOS="1544" WIDTH="24"/>
						<String ID="P15_ST00071" HPOS="1091" VPOS="1493" WIDTH="303" HEIGHT="48" CONTENT="surmenés" WC="0.98" CC="67007080"/>
					</TextLine>
					<TextLine ID="P15_TL00020" HPOS="641" VPOS="1559" WIDTH="300" HEIGHT="47">
						<String ID="P15_ST00072" HPOS="641" VPOS="1564" WIDTH="137" HEIGHT="42" CONTENT="cette" WC="0.98" CC="40660"/>
						<SP ID="P15_SP00053" HPOS="778" VPOS="1606" WIDTH="29"/>
						<String ID="P15_ST00073" HPOS="807" VPOS="1559" WIDTH="134" HEIGHT="47" CONTENT="nuit" WC="0.99" CC="0500"/>
					</TextLine>
				</TextBlock>
				<TextBlock ID="P15_TB00003" HPOS="1222" VPOS="2064" WIDTH="99" HEIGHT="88" STYLEREFS="TXT_3 PAR_CENTER">
					<TextLine ID="P15_TL00021" HPOS="1222" VPOS="2065" WIDTH="84" HEIGHT="77">
						<String ID="P15_ST00074" HPOS="1222" VPOS="2065" WIDTH="84" HEIGHT="77" CONTENT="[8]" WC="0.98" CC="906"/>
					</TextLine>
				</TextBlock>
				<TextBlock ID="P15_TB00004" HPOS="208" VPOS="2254" WIDTH="2128" HEIGHT="1259" STYLEREFS="TXT_3 PAR_LEFT">
					<TextLine ID="P15_TL00022" HPOS="289" VPOS="2254" WIDTH="479" HEIGHT="80">
						<String ID="P15_ST00075" HPOS="289" VPOS="2255" WIDTH="131" HEIGHT="62" CONTENT="Son" WC="0.94" CC="655"/>
						<SP ID="P15_SP00054" HPOS="420" VPOS="2317" WIDTH="24"/>
						<String ID="P15_ST00076" HPOS="444" VPOS="2254" WIDTH="278" HEIGHT="80" CONTENT="portrait" WC="0.99" CC="05505200"/>
						<SP ID="P15_SP00055" HPOS="722" VPOS="2334" WIDTH="33"/>
						<String ID="P15_ST00077" HPOS="755" VPOS="2273" WIDTH="13" HEIGHT="39" CONTENT=":" WC="0.73" CC="2"/>
					</TextLine>
					<TextLine ID="P15_TL00023" HPOS="453" VPOS="2364" WIDTH="1581" HEIGHT="68">
						<String ID="P15_ST00078" HPOS="453" VPOS="2383" WIDTH="61" HEIGHT="36" CONTENT="ce" WC="0.70" CC="50" STYLEREFS="TXT_1"/>
						<SP ID="P15_SP00056" HPOS="514" VPOS="2419" WIDTH="35"/>
						<String ID="P15_ST00079" HPOS="549" VPOS="2373" WIDTH="136" HEIGHT="57" CONTENT="long" WC="0.98" CC="0710" STYLEREFS="TXT_1"/>
						<SP ID="P15_SP00057" HPOS="685" VPOS="2430" WIDTH="32"/>
						<String ID="P15_ST00080" HPOS="717" VPOS="2372" WIDTH="214" HEIGHT="60" CONTENT="regard" WC="0.99" CC="060204" STYLEREFS="TXT_1"/>
						<SP ID="P15_SP00058" HPOS="931" VPOS="2432" WIDTH="28"/>
						<String ID="P15_ST00081" HPOS="959" VPOS="2364" WIDTH="271" HEIGHT="51" CONTENT="sournois" WC="0.99" CC="01806210" STYLEREFS="TXT_1"/>
						<SP ID="P15_SP00059" HPOS="1230" VPOS="2432" WIDTH="38"/>
						<String ID="P15_ST00082" HPOS="1268" VPOS="2364" WIDTH="364" HEIGHT="59" CONTENT="langoureux" WC="0.99" CC="0040040889" STYLEREFS="TXT_1"/>
						<SP ID="P15_SP00060" HPOS="1632" VPOS="2432" WIDTH="28"/>
						<String ID="P15_ST00083" HPOS="1660" VPOS="2368" WIDTH="54" HEIGHT="43" CONTENT="et" WC="0.78" CC="04" STYLEREFS="TXT_1"/>
						<SP ID="P15_SP00061" HPOS="1714" VPOS="2432" WIDTH="29"/>
						<String ID="P15_ST00084" HPOS="1743" VPOS="2376" WIDTH="291" HEIGHT="47" CONTENT="moqueur" WC="0.98" CC="6064550" STYLEREFS="TXT_1"/>
					</TextLine>
					<TextLine ID="P15_TL00024" HPOS="701" VPOS="2428" WIDTH="884" HEIGHT="62">
						<String ID="P15_ST00085" HPOS="701" VPOS="2447" WIDTH="59" HEIGHT="34" CONTENT="ce" WC="0.64" CC="07" STYLEREFS="TXT_1"/>
						<SP ID="P15_SP00062" HPOS="760" VPOS="2481" WIDTH="25"/>
						<String ID="P15_ST00086" HPOS="785" VPOS="2433" WIDTH="192" HEIGHT="48" CONTENT="souris" WC="1.00" CC="000030" STYLEREFS="TXT_1"/>
						<SP ID="P15_SP00063" HPOS="977" VPOS="2481" WIDTH="36"/>
						<String ID="P15_ST00087" HPOS="1013" VPOS="2432" WIDTH="85" HEIGHT="58" CONTENT="fin" WC="0.93" CC="648" STYLEREFS="TXT_1"/>
						<SP ID="P15_SP00064" HPOS="1098" VPOS="2490" WIDTH="38"/>
						<String ID="P15_ST00088" HPOS="1136" VPOS="2433" WIDTH="53" HEIGHT="43" CONTENT="et" WC="0.56" CC="62" STYLEREFS="TXT_1"/>
						<SP ID="P15_SP00065" HPOS="1189" VPOS="2490" WIDTH="36"/>
						<String ID="P15_ST00089" HPOS="1225" VPOS="2428" WIDTH="360" HEIGHT="58" CONTENT="voluptueux" WC="0.99" CC="5020735008" STYLEREFS="TXT_1"/>
					</TextLine>
					<TextLine ID="P15_TL00025" HPOS="703" VPOS="2488" WIDTH="1094" HEIGHT="66">
						<String ID="P15_ST00090" HPOS="703" VPOS="2495" WIDTH="75" HEIGHT="47" CONTENT="où" WC="0.34" CC="58" STYLEREFS="TXT_1"/>
						<SP ID="P15_SP00066" HPOS="778" VPOS="2542" WIDTH="28"/>
						<String ID="P15_ST00091" HPOS="806" VPOS="2496" WIDTH="57" HEIGHT="46" CONTENT="la" WC="1.00" CC="00" STYLEREFS="TXT_1"/>
						<SP ID="P15_SP00067" HPOS="863" VPOS="2542" WIDTH="24"/>
						<String ID="P15_ST00092" HPOS="887" VPOS="2490" WIDTH="211" HEIGHT="64" CONTENT="fatuité" WC="0.99" CC="3004211" STYLEREFS="TXT_1"/>
						<SP ID="P15_SP00068" HPOS="1098" VPOS="2554" WIDTH="34"/>
						<String ID="P15_ST00093" HPOS="1132" VPOS="2488" WIDTH="277" HEIGHT="61" CONTENT="promène" WC="0.98" CC="9005560" STYLEREFS="TXT_1"/>
						<SP ID="P15_SP00069" HPOS="1409" VPOS="2554" WIDTH="35"/>
						<String ID="P15_ST00094" HPOS="1444" VPOS="2500" WIDTH="110" HEIGHT="35" CONTENT="son" WC="0.95" CC="039" STYLEREFS="TXT_1"/>
						<SP ID="P15_SP00070" HPOS="1554" VPOS="2554" WIDTH="29"/>
						<String ID="P15_ST00095" HPOS="1583" VPOS="2491" WIDTH="214" HEIGHT="44" CONTENT="extase." WC="0.99" CC="0030006" STYLEREFS="TXT_1"/>
					</TextLine>
					<TextLine ID="P15_TL00026" HPOS="454" VPOS="2607" WIDTH="1620" HEIGHT="66">
						<String ID="P15_ST00096" HPOS="454" VPOS="2615" WIDTH="98" HEIGHT="47" CONTENT="Ses" WC="1.00" CC="000" STYLEREFS="TXT_1"/>
						<SP ID="P15_SP00071" HPOS="552" VPOS="2662" WIDTH="36"/>
						<String ID="P15_ST00097" HPOS="588" VPOS="2625" WIDTH="154" HEIGHT="48" CONTENT="yeux" WC="1.00" CC="0000" STYLEREFS="TXT_1"/>
						<SP ID="P15_SP00072" HPOS="742" VPOS="2673" WIDTH="23"/>
						<String ID="P15_ST00098" HPOS="765" VPOS="2612" WIDTH="154" HEIGHT="61" CONTENT="polis" WC="0.99" CC="90000" STYLEREFS="TXT_1"/>
						<SP ID="P15_SP00073" HPOS="919" VPOS="2673" WIDTH="39"/>
						<String ID="P15_ST00099" HPOS="958" VPOS="2615" WIDTH="131" HEIGHT="43" CONTENT="sont" WC="0.99" CC="0032" STYLEREFS="TXT_1"/>
						<SP ID="P15_SP00074" HPOS="1089" VPOS="2673" WIDTH="35"/>
						<String ID="P15_ST00100" HPOS="1124" VPOS="2610" WIDTH="139" HEIGHT="58" CONTENT="faits" WC="0.99" CC="00050" STYLEREFS="TXT_1"/>
						<SP ID="P15_SP00075" HPOS="1263" VPOS="2673" WIDTH="37"/>
						<String ID="P15_ST00101" HPOS="1300" VPOS="2611" WIDTH="67" HEIGHT="44" CONTENT="de" WC="0.43" CC="37" STYLEREFS="TXT_1"/>
						<SP ID="P15_SP00076" HPOS="1367" VPOS="2673" WIDTH="29"/>
						<String ID="P15_ST00102" HPOS="1396" VPOS="2607" WIDTH="311" HEIGHT="47" CONTENT="minéraux" WC="1.00" CC="03000060" STYLEREFS="TXT_1"/>
						<SP ID="P15_SP00077" HPOS="1707" VPOS="2673" WIDTH="35"/>
						<String ID="P15_ST00103" HPOS="1742" VPOS="2608" WIDTH="332" HEIGHT="46" CONTENT="charmants" WC="1.00" CC="570000010" STYLEREFS="TXT_1"/>
					</TextLine>
					<TextLine ID="P15_TL00027" HPOS="456" VPOS="2670" WIDTH="1438" HEIGHT="65">
						<String ID="P15_ST00104" HPOS="456" VPOS="2677" WIDTH="75" HEIGHT="46" CONTENT="où" WC="0.94" CC="10" STYLEREFS="TXT_1"/>
						<SP ID="P15_SP00078" HPOS="531" VPOS="2723" WIDTH="41"/>
						<String ID="P15_ST00105" HPOS="572" VPOS="2678" WIDTH="188" HEIGHT="57" CONTENT="l'ange" WC="0.99" CC="200506" STYLEREFS="TXT_1"/>
						<SP ID="P15_SP00079" HPOS="760" VPOS="2735" WIDTH="620"/>
						<String ID="P15_ST00106" HPOS="1380" VPOS="2673" WIDTH="217" HEIGHT="50" CONTENT="inviolé" WC="0.98" CC="3092304" STYLEREFS="TXT_1"/>
						<SP ID="P15_SP00080" HPOS="1597" VPOS="2735" WIDTH="29"/>
						<String ID="P15_ST00107" HPOS="1626" VPOS="2684" WIDTH="58" HEIGHT="35" CONTENT="se" WC="0.46" CC="54" STYLEREFS="TXT_1"/>
						<SP ID="P15_SP00081" HPOS="1684" VPOS="2735" WIDTH="-26"/>
						<String ID="P15_ST00108" HPOS="1658" VPOS="2670" WIDTH="103" HEIGHT="49" CONTENT="mêle" WC="0.97" CC="0029" STYLEREFS="TXT_1"/>
						<SP ID="P15_SP00082" HPOS="1761" VPOS="2735" WIDTH="1"/>
						<String ID="P15_ST00109" HPOS="1762" VPOS="2670" WIDTH="132" HEIGHT="59" CONTENT="antique" WC="0.98" CC="0060637" STYLEREFS="TXT_1"/>
					</TextLine>
					<TextLine ID="P15_TL00028" HPOS="291" VPOS="2773" WIDTH="2035" HEIGHT="87">
						<String ID="P15_ST00110" HPOS="291" VPOS="2781" WIDTH="102" HEIGHT="61" CONTENT="Un" WC="0.64" CC="06"/>
						<SP ID="P15_SP00083" HPOS="393" VPOS="2842" WIDTH="32"/>
						<String ID="P15_ST00111" HPOS="425" VPOS="2782" WIDTH="356" HEIGHT="78" CONTENT="maniaque" WC="0.99" CC="00024374"/>
						<SP ID="P15_SP00084" HPOS="781" VPOS="2860" WIDTH="26"/>
						<String ID="P15_ST00112" HPOS="807" VPOS="2782" WIDTH="80" HEIGHT="60" CONTENT="de" WC="0.68" CC="60"/>
						<SP ID="P15_SP00085" HPOS="887" VPOS="2860" WIDTH="24"/>
						<String ID="P15_ST00113" HPOS="911" VPOS="2778" WIDTH="466" HEIGHT="78" CONTENT="terminologie" WC="0.99" CC="006006612665"/>
						<SP ID="P15_SP00086" HPOS="1377" VPOS="2860" WIDTH="23"/>
						<String ID="P15_ST00114" HPOS="1400" VPOS="2777" WIDTH="284" HEIGHT="79" CONTENT="(Diable," WC="0.98" CC="88007431"/>
						<SP ID="P15_SP00087" HPOS="1684" VPOS="2860" WIDTH="26"/>
						<String ID="P15_ST00115" HPOS="1710" VPOS="2776" WIDTH="211" HEIGHT="79" CONTENT="Ange," WC="0.97" CC="80564"/>
						<SP ID="P15_SP00088" HPOS="1921" VPOS="2860" WIDTH="26"/>
						<String ID="P15_ST00116" HPOS="1947" VPOS="2773" WIDTH="230" HEIGHT="74" CONTENT="Enfer," WC="0.97" CC="603664"/>
						<SP ID="P15_SP00089" HPOS="2177" VPOS="2860" WIDTH="26"/>
						<String ID="P15_ST00117" HPOS="2203" VPOS="2775" WIDTH="123" HEIGHT="58" CONTENT="etc." WC="0.99" CC="0050"/>
					</TextLine>
					<TextLine ID="P15_TL00029" HPOS="287" VPOS="2870" WIDTH="2045" HEIGHT="81">
						<String ID="P15_ST00118" HPOS="287" VPOS="2877" WIDTH="100" HEIGHT="60" CONTENT="les" WC="0.98" CC="004"/>
						<SP ID="P15_SP00090" HPOS="387" VPOS="2937" WIDTH="44"/>
						<String ID="P15_ST00119" HPOS="431" VPOS="2883" WIDTH="213" HEIGHT="68" CONTENT="fleurs" WC="0.97" CC="426655" STYLEREFS="TXT_4"/>
						<SP ID="P15_SP00091" HPOS="644" VPOS="2951" WIDTH="43"/>
						<String ID="P15_ST00120" HPOS="687" VPOS="2884" WIDTH="94" HEIGHT="54" CONTENT="du" WC="0.34" CC="58" STYLEREFS="TXT_4"/>
						<SP ID="P15_SP00092" HPOS="781" VPOS="2951" WIDTH="42"/>
						<String ID="P15_ST00121" HPOS="823" VPOS="2884" WIDTH="150" HEIGHT="56" CONTENT="mal" WC="0.96" CC="370" STYLEREFS="TXT_4"/>
						<SP ID="P15_SP00093" HPOS="973" VPOS="2951" WIDTH="40"/>
						<String ID="P15_ST00122" HPOS="1013" VPOS="2894" WIDTH="81" HEIGHT="43" CONTENT="ne" WC="1.00" CC="00"/>
						<SP ID="P15_SP00094" HPOS="1094" VPOS="2951" WIDTH="46"/>
						<String ID="P15_ST00123" HPOS="1140" VPOS="2877" WIDTH="149" HEIGHT="59" CONTENT="sont" WC="0.99" CC="3002"/>
						<SP ID="P15_SP00095" HPOS="1289" VPOS="2951" WIDTH="45"/>
						<String ID="P15_ST00124" HPOS="1334" VPOS="2875" WIDTH="69" HEIGHT="60" CONTENT="ni" WC="1.00" CC="00"/>
						<SP ID="P15_SP00096" HPOS="1403" VPOS="2951" WIDTH="45"/>
						<String ID="P15_ST00125" HPOS="1448" VPOS="2874" WIDTH="245" HEIGHT="75" CONTENT="noires," WC="0.98" CC="0306464"/>
						<SP ID="P15_SP00097" HPOS="1693" VPOS="2951" WIDTH="47"/>
						<String ID="P15_ST00126" HPOS="1740" VPOS="2874" WIDTH="69" HEIGHT="59" CONTENT="ni" WC="1.00" CC="00"/>
						<SP ID="P15_SP00098" HPOS="1809" VPOS="2951" WIDTH="39"/>
						<String ID="P15_ST00127" HPOS="1848" VPOS="2871" WIDTH="367" HEIGHT="73" CONTENT="verdâtres," WC="0.59" CC="5405530654"/>
						<SP ID="P15_SP00099" HPOS="2215" VPOS="2951" WIDTH="46"/>
						<String ID="P15_ST00128" HPOS="2261" VPOS="2870" WIDTH="71" HEIGHT="60" CONTENT="ni" WC="1.00" CC="00"/>
					</TextLine>
					<TextLine ID="P15_TL00030" HPOS="208" VPOS="2956" WIDTH="741" HEIGHT="78">
						<String ID="P15_ST00129" HPOS="208" VPOS="2956" WIDTH="344" HEIGHT="78" CONTENT="plombées" WC="0.99" CC="02409215"/>
						<SP ID="P15_SP00100" HPOS="552" VPOS="3034" WIDTH="28"/>
						<String ID="P15_ST00130" HPOS="580" VPOS="2959" WIDTH="171" HEIGHT="59" CONTENT="mais" WC="0.98" CC="0046"/>
						<SP ID="P15_SP00101" HPOS="751" VPOS="3034" WIDTH="36"/>
						<String ID="P15_ST00131" HPOS="787" VPOS="2964" WIDTH="162" HEIGHT="56" CONTENT="lilas" WC="0.82" CC="06002" STYLEREFS="TXT_4"/>
					</TextLine>
					<TextLine ID="P15_TL00031" HPOS="286" VPOS="3031" WIDTH="2047" HEIGHT="84">
						<String ID="P15_ST00132" HPOS="286" VPOS="3036" WIDTH="62" HEIGHT="60" CONTENT="le" WC="0.59" CC="34"/>
						<SP ID="P15_SP00102" HPOS="348" VPOS="3096" WIDTH="44"/>
						<String ID="P15_ST00133" HPOS="392" VPOS="3055" WIDTH="175" HEIGHT="56" CONTENT="coco," WC="0.99" CC="02004"/>
						<SP ID="P15_SP00103" HPOS="567" VPOS="3111" WIDTH="29"/>
						<String ID="P15_ST00134" HPOS="596" VPOS="3040" WIDTH="60" HEIGHT="58" CONTENT="le" WC="0.58" CC="43"/>
						<SP ID="P15_SP00104" HPOS="656" VPOS="3111" WIDTH="47"/>
						<String ID="P15_ST00135" HPOS="703" VPOS="3055" WIDTH="214" HEIGHT="56" CONTENT="musc," WC="0.98" CC="07054"/>
						<SP ID="P15_SP00105" HPOS="917" VPOS="3111" WIDTH="42"/>
						<String ID="P15_ST00136" HPOS="959" VPOS="3039" WIDTH="61" HEIGHT="59" CONTENT="le" WC="0.73" CC="05"/>
						<SP ID="P15_SP00106" HPOS="1020" VPOS="3111" WIDTH="46"/>
						<String ID="P15_ST00137" HPOS="1066" VPOS="3038" WIDTH="325" HEIGHT="77" CONTENT="goudron," WC="0.99" CC="05000344"/>
						<SP ID="P15_SP00107" HPOS="1391" VPOS="3115" WIDTH="31"/>
						<String ID="P15_ST00138" HPOS="1422" VPOS="3034" WIDTH="313" HEIGHT="72" CONTENT="l'encens," WC="0.99" CC="030051703"/>
						<SP ID="P15_SP00108" HPOS="1735" VPOS="3115" WIDTH="37"/>
						<String ID="P15_ST00139" HPOS="1772" VPOS="3034" WIDTH="61" HEIGHT="59" CONTENT="le" WC="0.81" CC="30"/>
						<SP ID="P15_SP00109" HPOS="1833" VPOS="3115" WIDTH="44"/>
						<String ID="P15_ST00140" HPOS="1877" VPOS="3032" WIDTH="115" HEIGHT="59" CONTENT="vin" WC="0.95" CC="750"/>
						<SP ID="P15_SP00110" HPOS="1992" VPOS="3115" WIDTH="52"/>
						<String ID="P15_ST00141" HPOS="2044" VPOS="3031" WIDTH="89" HEIGHT="59" CONTENT="du" WC="0.66" CC="06"/>
						<SP ID="P15_SP00111" HPOS="2133" VPOS="3115" WIDTH="51"/>
						<String ID="P15_ST00142" HPOS="2184" VPOS="3046" WIDTH="112" HEIGHT="44" CONTENT="sou" SUBS_TYPE="HypPart1" SUBS_CONTENT="souvenir," WC="0.99" CC="200"/>
						<HYP HPOS="2296" VPOS="3046" WIDTH="37" CONTENT="-"/>
					</TextLine>
					<TextLine ID="P15_TL00032" HPOS="208" VPOS="3111" WIDTH="2122" HEIGHT="79">
						<String ID="P15_ST00143" HPOS="208" VPOS="3116" WIDTH="212" HEIGHT="74" CONTENT="venir," SUBS_TYPE="HypPart2" SUBS_CONTENT="souvenir," WC="0.97" CC="705264"/>
						<SP ID="P15_SP00112" HPOS="420" VPOS="3190" WIDTH="50"/>
						<String ID="P15_ST00144" HPOS="470" VPOS="3137" WIDTH="202" HEIGHT="41" CONTENT="urnes" WC="0.97" CC="76063"/>
						<SP ID="P15_SP00113" HPOS="672" VPOS="3190" WIDTH="55"/>
						<String ID="P15_ST00145" HPOS="727" VPOS="3119" WIDTH="80" HEIGHT="59" CONTENT="de" WC="0.84" CC="03"/>
						<SP ID="P15_SP00114" HPOS="807" VPOS="3190" WIDTH="49"/>
						<String ID="P15_ST00146" HPOS="856" VPOS="3119" WIDTH="331" HEIGHT="71" CONTENT="tristesse," WC="0.99" CC="0005115154"/>
						<SP ID="P15_SP00115" HPOS="1187" VPOS="3190" WIDTH="53"/>
						<String ID="P15_ST00147" HPOS="1240" VPOS="3115" WIDTH="367" HEIGHT="72" CONTENT="encensoir," WC="0.99" CC="0013014044"/>
						<SP ID="P15_SP00116" HPOS="1607" VPOS="3190" WIDTH="48"/>
						<String ID="P15_ST00148" HPOS="1655" VPOS="3131" WIDTH="158" HEIGHT="42" CONTENT="vase" WC="1.00" CC="0000"/>
						<SP ID="P15_SP00117" HPOS="1813" VPOS="3190" WIDTH="59"/>
						<String ID="P15_ST00149" HPOS="1872" VPOS="3114" WIDTH="79" HEIGHT="58" CONTENT="de" WC="0.68" CC="06"/>
						<SP ID="P15_SP00118" HPOS="1951" VPOS="3190" WIDTH="48"/>
						<String ID="P15_ST00150" HPOS="1999" VPOS="3111" WIDTH="331" HEIGHT="71" CONTENT="tristesse," WC="1.00" CC="4003000124"/>
					</TextLine>
					<TextLine ID="P15_TL00033" HPOS="208" VPOS="3189" WIDTH="2123" HEIGHT="86">
						<String ID="P15_ST00151" HPOS="208" VPOS="3194" WIDTH="278" HEIGHT="76" CONTENT="havane," WC="0.99" CC="6000004"/>
						<SP ID="P15_SP00119" HPOS="486" VPOS="3270" WIDTH="35"/>
						<String ID="P15_ST00152" HPOS="521" VPOS="3198" WIDTH="257" HEIGHT="77" CONTENT="opium," WC="0.99" CC="400604"/>
						<SP ID="P15_SP00120" HPOS="778" VPOS="3275" WIDTH="43"/>
						<String ID="P15_ST00153" HPOS="821" VPOS="3196" WIDTH="199" HEIGHT="62" CONTENT="élixir" WC="0.69" CC="130623"/>
						<SP ID="P15_SP00121" HPOS="1020" VPOS="3275" WIDTH="48"/>
						<String ID="P15_ST00154" HPOS="1068" VPOS="3198" WIDTH="117" HEIGHT="59" CONTENT="des" WC="0.99" CC="003"/>
						<SP ID="P15_SP00122" HPOS="1185" VPOS="3275" WIDTH="44"/>
						<String ID="P15_ST00155" HPOS="1229" VPOS="3196" WIDTH="317" HEIGHT="70" CONTENT="bouches," WC="0.99" CC="04717004"/>
						<SP ID="P15_SP00123" HPOS="1546" VPOS="3275" WIDTH="43"/>
						<String ID="P15_ST00156" HPOS="1589" VPOS="3209" WIDTH="318" HEIGHT="44" CONTENT="caravane" WC="1.00" CC="00000020"/>
						<SP ID="P15_SP00124" HPOS="1907" VPOS="3275" WIDTH="52"/>
						<String ID="P15_ST00157" HPOS="1959" VPOS="3191" WIDTH="80" HEIGHT="59" CONTENT="de" WC="0.88" CC="02"/>
						<SP ID="P15_SP00125" HPOS="2039" VPOS="3275" WIDTH="49"/>
						<String ID="P15_ST00158" HPOS="2088" VPOS="3189" WIDTH="243" HEIGHT="73" CONTENT="désirs," WC="0.99" CC="0333044"/>
					</TextLine>
					<TextLine ID="P15_TL00034" HPOS="209" VPOS="3275" WIDTH="1446" HEIGHT="79">
						<String ID="P15_ST00159" HPOS="209" VPOS="3275" WIDTH="246" HEIGHT="62" CONTENT="citerne" WC="1.00" CC="0020002"/>
						<SP ID="P15_SP00126" HPOS="455" VPOS="3337" WIDTH="34"/>
						<String ID="P15_ST00160" HPOS="489" VPOS="3279" WIDTH="117" HEIGHT="58" CONTENT="des" WC="0.98" CC="023"/>
						<SP ID="P15_SP00127" HPOS="606" VPOS="3337" WIDTH="33"/>
						<String ID="P15_ST00161" HPOS="639" VPOS="3295" WIDTH="206" HEIGHT="59" CONTENT="yeux," WC="0.97" CC="65660"/>
						<SP ID="P15_SP00128" HPOS="845" VPOS="3354" WIDTH="34"/>
						<String ID="P15_ST00162" HPOS="879" VPOS="3278" WIDTH="181" HEIGHT="59" CONTENT="oasis" WC="0.98" CC="56400"/>
						<SP ID="P15_SP00129" HPOS="1060" VPOS="3354" WIDTH="34"/>
						<String ID="P15_ST00163" HPOS="1094" VPOS="3278" WIDTH="115" HEIGHT="59" CONTENT="des" WC="0.94" CC="842"/>
						<SP ID="P15_SP00130" HPOS="1209" VPOS="3354" WIDTH="33"/>
						<String ID="P15_ST00164" HPOS="1242" VPOS="3276" WIDTH="413" HEIGHT="70" CONTENT="chevelures," WC="0.99" CC="07462300154"/>
					</TextLine>
					<TextLine ID="P15_TL00035" HPOS="208" VPOS="3350" WIDTH="2128" HEIGHT="80">
						<String ID="P15_ST00165" HPOS="208" VPOS="3354" WIDTH="101" HEIGHT="61" CONTENT="les" WC="0.96" CC="136"/>
						<SP ID="P15_SP00131" HPOS="309" VPOS="3415" WIDTH="29"/>
						<String ID="P15_ST00166" HPOS="338" VPOS="3359" WIDTH="256" HEIGHT="71" CONTENT="vertus," WC="1.00" CC="0000034"/>
						<SP ID="P15_SP00132" HPOS="594" VPOS="3430" WIDTH="41"/>
						<String ID="P15_ST00167" HPOS="635" VPOS="3358" WIDTH="101" HEIGHT="59" CONTENT="les" WC="0.96" CC="406"/>
						<SP ID="P15_SP00133" HPOS="736" VPOS="3430" WIDTH="40"/>
						<String ID="P15_ST00168" HPOS="776" VPOS="3358" WIDTH="332" HEIGHT="71" CONTENT="charmes," WC="1.00" CC="00000304"/>
						<SP ID="P15_SP00134" HPOS="1108" VPOS="3430" WIDTH="34"/>
						<String ID="P15_ST00169" HPOS="1142" VPOS="3356" WIDTH="405" HEIGHT="61" CONTENT="deviennent" WC="0.99" CC="0002456270"/>
						<SP ID="P15_SP00135" HPOS="1547" VPOS="3430" WIDTH="42"/>
						<String ID="P15_ST00170" HPOS="1589" VPOS="3355" WIDTH="118" HEIGHT="60" CONTENT="des" WC="0.95" CC="056"/>
						<SP ID="P15_SP00136" HPOS="1707" VPOS="3430" WIDTH="43"/>
						<String ID="P15_ST00171" HPOS="1750" VPOS="3351" WIDTH="262" HEIGHT="79" CONTENT="bijoux," WC="0.98" CC="6000764"/>
						<SP ID="P15_SP00137" HPOS="2012" VPOS="3430" WIDTH="31"/>
						<String ID="P15_ST00172" HPOS="2043" VPOS="3351" WIDTH="119" HEIGHT="60" CONTENT="des" WC="0.98" CC="006"/>
						<SP ID="P15_SP00138" HPOS="2162" VPOS="3430" WIDTH="30"/>
						<String ID="P15_ST00173" HPOS="2192" VPOS="3350" WIDTH="108" HEIGHT="62" CONTENT="bre" SUBS_TYPE="HypPart1" SUBS_CONTENT="breloques," WC="0.99" CC="002"/>
						<HYP HPOS="2300" VPOS="3350" WIDTH="36" CONTENT="-"/>
					</TextLine>
					<TextLine ID="P15_TL00036" HPOS="209" VPOS="3432" WIDTH="1285" HEIGHT="81">
						<String ID="P15_ST00174" HPOS="209" VPOS="3432" WIDTH="259" HEIGHT="79" CONTENT="loques," SUBS_TYPE="HypPart2" SUBS_CONTENT="breloques," WC="0.98" CC="5590064"/>
						<SP ID="P15_SP00139" HPOS="468" VPOS="3511" WIDTH="33"/>
						<String ID="P15_ST00175" HPOS="501" VPOS="3453" WIDTH="86" HEIGHT="44" CONTENT="ou" WC="0.97" CC="00"/>
						<SP ID="P15_SP00140" HPOS="587" VPOS="3511" WIDTH="33"/>
						<String ID="P15_ST00176" HPOS="620" VPOS="3436" WIDTH="117" HEIGHT="60" CONTENT="des" WC="0.96" CC="045"/>
						<SP ID="P15_SP00141" HPOS="737" VPOS="3511" WIDTH="36"/>
						<String ID="P15_ST00177" HPOS="773" VPOS="3436" WIDTH="221" HEIGHT="77" CONTENT="pièces" WC="0.98" CC="047345"/>
						<SP ID="P15_SP00142" HPOS="994" VPOS="3513" WIDTH="33"/>
						<String ID="P15_ST00178" HPOS="1027" VPOS="3436" WIDTH="80" HEIGHT="60" CONTENT="de" WC="0.81" CC="03"/>
						<SP ID="P15_SP00143" HPOS="1107" VPOS="3513" WIDTH="29"/>
						<String ID="P15_ST00179" HPOS="1136" VPOS="3436" WIDTH="358" HEIGHT="60" CONTENT="vêtement." WC="0.99" CC="027404303"/>
					</TextLine>
				</TextBlock>
			</PrintSpace>
		</Page>
	</Layout>
</alto>
