4983 6853
445 6651 149 66 140

425 324 260 73 Wenn
761 324 134 73 Ihr
969 324 215 73 mich
1267 324 230 91 trefft,
1585 324 341 74 brechen
2010 324 158 71 mir
2244 325 129 72 die

425 439 268 73 Füsse.
793 437 135 75 Ich
981 441 169 71 will
1203 437 222 73 Euch
1479 441 215 71 nicht
1745 441 272 71 treffen

427 554 202 71 Darf
693 554 130 73 ich
876 554 203 71 Dich
1157 552 215 73 nicht
1423 552 327 94 pflegen,
1806 551 330 74 Priedel.
2248 556 123 69 Du

427 669 285 73 kannst
764 668 207 74 doch
1027 668 127 72 die
1206 668 444 72 Schwester
1701 691 282 71 sparen

425 783 134 74 Ich
644 806 232 72 spare
962 783 215 72 nicht
1262 805 98 49 an
1447 783 316 71 meinen
1851 783 518 74 Schwestern.

425 898 134 74 Ich
612 923 233 70 spare
896 900 239 72 nicht.
1235 898 134 73 Ich
1423 922 228 69 spare
1689 898 277 73 nichts.
2070 896 166 73 Geh
2288 898 81 69 in

429 1015 249 74 Deine
712 1013 225 76 Nähe
988 1013 166 73 und
1189 1015 156 71 lass
1391 1013 216 71 mich
1645 1011 431 73 unendlich
2114 1013 79 69 in
2234 1011 141 71 der

429 1132 252 72 Ferne
732 1130 503 73 schwärmen

429 1247 101 74 So
586 1247 285 72 dankst
906 1247 126 71 Du
1086 1245 259 73 meine
1381 1243 260 73 Liebe.
1743 1242 130 71 Ich
1912 1242 203 72 habe
2161 1242 212 74 mich

429 1363 555 90 Deinetwegen
1038 1360 148 71 fast
1235 1358 435 73 zerworfen

429 1479 129 71 Du
608 1477 176 71 hast
837 1477 201 71 Dich
1093 1475 552 90 Deinetwegen
1712 1472 149 71 fast
1909 1472 462 90 zerworfen,

431 1594 189 73 aber
659 1592 124 73 Du
820 1597 274 88 sparst.
1179 1590 127 72 Du
1342 1589 408 73 sammelst
1785 1585 129 73 die
1951 1585 418 73 Scherben.

429 1707 127 73 Du
607 1709 262 71 kittest
920 1706 129 72 die
1101 1704 420 74 Scherben.

429 1822 210 73 Wirf
707 1821 201 73 Dich
988 1819 215 75 nicht
1276 1821 177 88 fort,
1531 1816 332 74 Friedel.
1990 1819 156 71 Das
2209 1839 110 51 we-

431 1939 342 92 nigstens
825 1943 256 66 musst
1132 1936 125 71 Du
1306 1936 159 71 mir
1514 1932 554 94 versprechen.

429 2053 134 72 Ich
602 2051 474 97 verspreche
1110 2051 218 73 mich
1367 2053 147 71 nie.
1590 2049 134 71 Ich
1763 2048 332 94 spreche
2132 2048 237 71 nicht.

432 2168 195 73 Eine
679 2168 385 71 Tänzerin
1116 2166 136 71 bin
1304 2164 131 73 ich
1489 2164 140 72 auf
1672 2163 144 71 der
1868 2163 302 73 Strasse

429 2285 225 72 Kann
707 2285 128 72 ich
889 2285 144 69 Dir
1084 2285 168 69 also
1308 2280 365 76 wirklich
1728 2280 216 72 nicht
1995 2278 263 73 helfen

432 2400 190 73 Lass
674 2398 217 73 mich
944 2400 262 69 fallen.

434 2630 103 75 So
581 2632 214 71 mein
832 2628 394 92 Fräulein,
1281 2650 162 50 nun
1480 2625 182 95 geht
1711 2649 81 49 es
1843 2623 189 75 bald
2082 2623 287 71 besser.

527 2745 130 76 Sie
691 2745 259 73 haben
989 2745 173 73 eine
1209 2745 249 71 sanfte
1496 2742 250 91 Hand,
1816 2742 196 71 Herr
2051 2740 318 71 Doktor.

529 2864 147 71 Ein
732 2862 276 88 Glück,
1064 2860 179 73 dass
1282 2860 126 72 Sie
1460 2881 88 51 so
1602 2864 131 88 gut
1784 2855 333 93 gefallen
2171 2852 198 73 sind.

436 2979 103 73 Es
588 2979 134 71 fiel
776 2977 152 71 mir
979 2999 88 49 so
1121 2974 332 91 schwer,
1508 2972 215 73 mich
1772 2992 98 50 zu
1922 2969 280 73 heben'

436 3096 155 71 Das
644 3096 98 69 ist
791 3092 181 72 kein
1027 3087 379 77 Wunder.

432 3206 417 76 Vielleicht
898 3206 203 71 habe
1152 3202 130 75 ich
1335 3201 215 74 mich
1601 3201 462 73 überhoben

429 3324 105 70 Ist
585 3343 240 51 unser
874 3319 408 73 verehrter
1321 3318 302 72 Doktor
1673 3316 219 73 nicht
1943 3316 125 71 ein
2119 3313 189 74 Wun-

432 3436 142 75 der
622 3460 156 51 von
832 3434 344 75 Mensch.

431 3551 225 73 Kann
708 3551 131 73 ich
891 3550 214 72 mich
1159 3548 216 73 nicht
1428 3553 240 68 etwas
1723 3545 255 72 heben

431 3666 127 73 Sie
625 3666 280 73 dürfen
961 3665 167 73 sich
1182 3687 87 49 so
1320 3661 260 93 wenig
1629 3660 153 72 wie
1836 3660 344 91 möglich
2232 3660 93 71 be-

429 3802 295 74 wegen.
828 3782 312 72 Stützen
1194 3780 127 73 Sie
1382 3776 168 73 sich
1613 3773 206 75 doch
1872 3775 140 71 auf
2054 3775 317 71 meinen

429 3898 215 73 Arm.

429 4014 134 72 Ich
613 4014 185 71 falle
849 4012 289 71 immer
1187 4007 302 74 wieder
1538 4005 317 75 zurück.

431 4129 287 91 Liegen
771 4127 100 71 ist
922 4124 184 74 sehr
1157 4122 301 95 gesund

431 4242 159 71 Für
642 4242 334 71 Kranke.

431 4357 220 73 Habe
700 4357 130 73 ich
886 4356 127 72 Sie
1064 4352 399 97 gekränkt.

431 4472 267 73 Krank
749 4471 168 73 sein
969 4471 102 73 ist
1120 4466 506 76 verächtlich.

431 4588 284 91 Liegen
771 4586 125 73 Sie
939 4586 186 93 jetzt
1176 4591 152 85 gut.

431 4699 194 77 Sind
676 4701 127 73 Sie
852 4701 291 69 immer
1196 4721 135 48 um
1386 4694 150 73 den
1592 4694 322 73 Doktor.

427 4816 192 73 Jetzt
668 4816 98 71 ist
818 4838 85 49 er
950 4816 293 71 immer
1292 4813 187 73 sehr
1526 4811 320 92 traurig.

427 4930 302 74 Wohnt
803 4953 85 48 er
964 4948 193 73 ganz
1235 4928 239 73 allein
1548 4926 81 71 in
1697 4925 302 72 diesem
2051 4940 322 76 grossen

429 5045 284 73 Hause.

429 5160 107 73 Er
585 5160 162 71 lebt
796 5158 83 73 in
933 5158 261 73 seiner
1248 5157 349 74 schönen
1653 5155 227 73 Frau.

427 5273 154 73 Wo
632 5275 100 71 ist
783 5273 135 72 sie.

431 5385 125 75 Sie
630 5389 185 91 liegt
888 5389 113 69 im
1082 5385 288 73 Garten
1435 5383 254 77 neben
1745 5382 299 73 diesem
2097 5380 274 92 Baum,

431 5500 142 73 der
622 5504 168 71 sein
844 5502 349 71 Zimmer
1242 5504 279 88 grüsst.

425 5617 216 73 Muss
691 5615 131 75 ich
876 5617 311 71 sterben

427 5731 188 74 Was
669 5737 303 88 bewegt
1023 5727 156 88 Sie,
1233 5729 127 73 Sie
1413 5729 279 73 dürfen
1748 5727 169 73 sich
1970 5726 217 74 nicht
2236 5726 92 71 be-

431 5866 296 73 wegen.

429 5961 252 73 Rufen
737 5961 127 73 Sie
915 5961 162 91 ihn,
1132 5961 128 73 ich
1313 5961 171 73 will
1536 5961 175 71 fort.

431 6076 125 71 Sie
607 6083 321 66 müssen
962 6076 171 73 ihm
1172 6074 205 73 Kind
1430 6076 189 71 sein.
1675 6073 124 72 Sie
1851 6074 346 71 könnten
2249 6066 127 74 ihr

431 6189 208 73 Kind
690 6193 188 69 sein.
949 6191 128 73 Sie
1125 6191 101 71 ist
1277 6193 127 69 für
1455 6191 166 73 sein
1677 6188 201 74 Kind
1934 6184 439 97 gestorben.

527 6305 159 71 Für
746 6305 127 72 ihr
922 6305 228 74 Kind.
1281 6305 230 72 Sonst
1562 6305 135 72 hat
1750 6305 111 72 sie
1939 6303 141 71 ihn
2158 6300 218 72 nicht

431 6416 303 94 geliebt.

2603 322 125 73 Sie
2779 317 261 75 lieben
3091 319 162 74 ihn.

2600 437 277 90 Zeigen
2933 436 126 72 Sie
3108 436 157 71 mir
3314 434 132 71 ihr
3502 427 200 75 Bild.

2603 552 100 73 Es
2750 551 161 91 gibt
2945 551 181 71 kein
3182 547 178 73 Bild
3411 569 157 49 von
3621 544 145 71 ihr.
3834 539 527 78 Niemandem
4415 539 135 71 hat

2603 690 85 50 er
2740 666 112 71 sie
2905 669 352 88 gegönnt.

2601 781 258 73 Wenn
2910 781 130 71 ich
3091 778 169 71 ihm
3316 776 208 73 doch
3575 774 266 71 helfen
3893 774 314 71 könnte.

2605 898 310 71 Stützen
2971 891 130 76 Sie
3175 891 171 73 sich
3424 891 141 71 auf
3617 888 237 72 mich.
3959 886 126 71 Sie
4147 884 260 73 haben
4461 905 89 50 so

2605 1011 247 73 sanfte
2903 1008 269 93 Augen

2605 1126 169 73 Wir
2835 1126 295 72 wollen
3184 1121 232 75 beide
3465 1123 127 69 für
3643 1118 137 71 ihn
3836 1118 252 71 leben.

2605 1242 106 71 Er
2761 1242 160 71 lebt
2974 1240 198 71 über
3223 1260 149 49 uns
3426 1236 335 92 hinweg.

2605 1357 332 73 Warum
2989 1352 422 74 streicheln
3467 1352 127 72 Sie
3645 1350 213 71 mein
3914 1347 230 72 Haar.

2603 1468 207 75 Weil
2864 1470 125 71 Sie
3040 1467 471 73 Schmerzen
3565 1465 284 71 haben.

2606 1584 126 72 Sie
2784 1585 253 71 sollen
3089 1582 215 71 mein
3357 1580 210 71 Haar
3617 1577 219 73 nicht
3885 1573 422 73 berühren.

2606 1699 219 71 Habe
2883 1699 130 71 ich
3064 1697 245 71 Ihnen
3362 1694 181 74 weh
3594 1699 247 86 getan.

2605 1816 267 72 Krank
2923 1814 168 73 sein
3143 1812 98 71 ist
3292 1807 505 75 verächtlich.

2606 1927 129 77 Sie
2789 1929 259 71 lieben
3101 1927 142 71 ihn
3297 1926 205 72 sehr.

2605 2046 125 73 Sie
2783 2043 223 74 auch.

2603 2161 134 71 Ich
2788 2161 133 71 bin
2977 2159 126 71 ein
3157 2156 235 73 Mann

2605 2276 191 71 Eine
2849 2273 382 74 Tänzerin
3284 2271 135 71 bin
3473 2269 129 73 ich
3653 2269 142 73 auf
3839 2266 142 75 der
4032 2266 320 73 Strasse.

2603 2391 176 75 Wie
2830 2393 98 69 ist
2976 2390 135 71 Ihr
3160 2388 398 73 Vorname

2603 2506 176 75 Wie
2830 2505 244 73 heisst
3125 2503 216 73 seine
3392 2501 208 72 Frau

2605 2622 210 71 Irma

2601 2737 136 73 Ich
2788 2735 262 71 heisse
3099 2730 336 75 Friedel.

2603 2850 315 73 Wollen
2974 2849 125 71 Sie
3152 2850 174 92 jetzt
3379 2843 218 75 nicht
3650 2849 245 67 etwas
3948 2842 381 74 schlafen.

2603 2965 313 73 Wollen
2972 2964 127 73 Sie
3174 2962 230 73 dafür
3479 2981 301 72 sorgen,
3868 2959 180 72 dass
4107 2957 130 73 ich
4290 2957 255 71 neben

2605 3077 183 75 dem
2842 3079 250 71 Baum
3145 3099 96 49 zu
3292 3077 254 92 liegen
3599 3075 344 72 komme.

2603 3197 125 73 Sie
2779 3204 324 66 müssen
3150 3196 188 93 jetzt
3387 3191 432 94 unbedingt
3868 3191 374 72 schlafen.

2605 3314 286 90 Liegen
2943 3313 99 71 ist
3091 3307 327 97 gesund.
3545 3304 159 76 Der
3753 3306 254 73 Baum
4059 3309 258 90 grüsst
4378 3306 166 73 sein

2603 3428 369 71 Zimmer.

2605 3543 201 69 Darf
2847 3539 130 73 ich
3030 3539 206 73 noch
3291 3538 294 73 einmal
3655 3536 132 73 Ihr
3839 3536 210 73 Haar
4100 3533 447 74 streicheln.

2605 3655 125 74 Sie
2783 3656 281 71 dürfen
3120 3655 169 72 sich
3341 3653 215 73 nicht
3607 3655 398 89 bewegen.

2603 3771 313 72 Wollen
2969 3770 152 73 wir
3172 3768 217 73 nicht
3438 3773 178 86 gute
3668 3765 366 74 Freunde
4085 3763 349 76 werden.

2605 3887 266 72 Krank
2923 3885 166 73 sein
3140 3883 100 71 ist
3289 3881 506 75 verächtlich.

2603 4003 442 73 Schliessen
3103 3998 123 73 Sie
3280 3997 127 72 die
3460 3998 303 71 sanften
3814 3995 293 93 Augen.

2603 4117 329 71 Können
2987 4113 126 73 Sie
3187 4113 212 72 mein
3455 4112 167 73 Bett
3687 4110 215 73 nicht
3953 4108 249 75 näher
4251 4132 101 49 an
4405 4107 139 74 das

2603 4232 325 73 Fenster
2976 4230 296 73 rücken

2603 4345 322 94 Morgen
2979 4345 325 72 komme
3353 4340 132 75 ich
3538 4340 298 75 wieder

2605 4459 135 74 Ich
2791 4461 169 72 will
3013 4459 269 73 seinen
3335 4456 362 94 Zweigen
3749 4454 402 74 lauschen.

2603 4688 276 72 Haben
2933 4689 126 73 Sie
3111 4694 132 87 gut
3294 4686 467 95 geschlafen.

2605 4799 130 76 Sie
2786 4809 322 66 müssen
3162 4803 157 72 viel
3370 4823 141 51 um
3562 4799 216 75 mich
3831 4799 189 73 sein.

2606 4919 127 73 Sie
2784 4918 259 73 lieben
3101 4916 151 73 den
3308 4916 321 73 Doktor.

2606 5035 126 72 Sie
2808 5040 320 64 müssen
3206 5031 291 71 immer
3572 5053 139 49 um
3785 5028 217 74 mich
4068 5030 188 89 sein,
4310 5050 235 51 wenn

2605 5150 130 74 ich
2786 5150 215 73 nicht
3052 5170 139 49 um
3240 5146 140 73 ihn
3435 5146 167 73 sein
3655 5146 211 72 kann

2605 5265 134 73 Ich
2794 5263 182 73 darf
3016 5263 171 71 ihm
3238 5262 256 72 nichts
3548 5260 371 73 nehmen.

2605 5380 173 71 Ihm
2842 5377 344 73 nehmen
3255 5375 125 73 Sie
3446 5375 278 73 nichts.
3827 5373 129 73 Sie
4007 5375 318 71 können
4378 5373 171 73 sich

2605 5497 145 69 fest
2803 5492 289 73 darauf
3133 5494 425 71 verlassen.

2606 5609 105 72 Er
2749 5609 328 69 verlässt
3114 5605 170 73 sich
3321 5607 142 71 auf
3506 5627 171 51 uns.
3780 5605 190 71 Darf
4019 5602 130 74 ich
4198 5602 171 73 ihm
4422 5626 84 49 sa-

2605 5744 167 73 gen,
2827 5719 181 73 dass
3059 5719 130 73 ich
3241 5717 200 76 Dich
3492 5720 229 72 liebe.

2606 5837 172 75 Wir
2837 5842 322 66 müssen
3225 5856 191 73 ganz
3480 5836 158 71 still
3692 5836 190 89 sein,
3939 5834 146 91 Du,
4158 5832 206 75 denn
4417 5831 128 74 ich

2606 5973 219 52 muss
2876 5951 83 71 in
3013 5952 267 70 seinen
3335 5951 360 91 Zweigen
3748 5946 401 76 lauschen.

2605 6066 132 76 Ich
2800 6062 272 75 werde
3143 6088 82 51 es
3279 6066 218 73 nicht
3546 6071 354 85 ertragen
3951 6061 344 95 können,
4347 6057 203 78 Dich

2606 6205 138 49 um
2796 6179 139 71 ihn
2986 6201 98 49 zu
3137 6181 265 75 sehen.

2606 6293 317 76 Abends
2959 6293 245 95 gehen
3264 6298 150 71 wir
3463 6296 78 73 in
3599 6293 150 73 den
3790 6291 312 75 Garten.
4202 6293 174 74 Wir
4425 6315 83 51 er-

2605 6410 281 74 zählen
2938 6432 149 50 uns
3140 6433 157 51 von
3350 6411 193 73 ihm.
3597 6405 178 76 Und
3827 6411 266 90 später
4129 6413 259 68 setztst
4423 6410 126 71 Du
