2877 3048
1525 2319 69 26 100

740 502 160 44 hause
927 517 198 38 waren,
1155 506 107 42 und

740 562 133 43 auch
905 562 80 44 die
1011 563 251 45 Nummer

740 620 88 44 des
845 621 414 46 Milchstrassen=

739 683 233 51 Systems.
1026 682 117 42 Und
1195 683 65 42 da

738 742 199 51 pustete
970 740 88 43 der
1086 740 173 44 Haus=

738 797 191 44 knecht
950 811 127 30 vom
1102 800 159 42 Erfri=

1889 511 389 56 schungspalast
2330 516 80 43 die

1888 570 132 42 zehn
2075 571 158 45 Leute
2285 587 125 30 vom

1889 627 149 44 Stern
2095 629 135 45 Erde
2284 645 126 31 vom

1889 685 176 45 Dache
2086 693 188 48 runter,
2293 691 117 43 dass

1888 744 158 45 ihnen
2087 747 175 44 Hören
2303 750 107 44 und

1888 802 170 45 Sehen
2076 807 256 56 vergieng.
2368 817 41 41 ©

737 863 42 42 0
840 855 91 44 Als
950 857 79 43 die
1044 857 121 43 fünf
1173 859 207 43 Damen
1396 860 106 42 und
1520 860 80 44 die
1617 860 120 43 fünf
1748 860 196 45 Herren
1961 863 198 43 wieder
2175 878 114 30 zum
2305 866 101 44 Be=

737 917 279 42 wusstsein
1037 916 208 52 kamen,
1264 920 161 41 sahen
1448 920 87 50 sie,
1554 920 116 43 dass
1692 920 72 43 sie
1787 920 93 42 auf
1889 921 139 43 einer
2045 922 179 44 Wiese
2241 925 165 55 lagen,

737 973 92 42 auf
845 974 88 43 der
954 975 134 44 viele
1110 976 145 55 gelbe
1270 976 389 46 Butterblumen
1681 979 234 51 blühten;
1938 980 81 43 die
2036 980 173 45 Sonne
2231 983 175 44 schien

738 1032 96 43 den
856 1033 133 43 zehn
1012 1033 264 45 Personen
1298 1035 134 44 heiss
1455 1037 79 43 ins
1556 1037 293 56 Angesicht.
2260 1050 145 42 o©o

735 1098 43 41 0
841 1090 118 44 Und
989 1092 65 42 da
1084 1093 306 55 schimpften
1419 1096 72 43 sie
1527 1096 241 54 plötzlich
1799 1098 108 41 wie
1944 1097 80 43 die
2054 1098 351 56 Rohrspatzen

735 1150 107 42 und
875 1149 204 45 warfen
1112 1152 108 43 sich
1253 1155 308 55 gegenseitig
1592 1169 109 37 vor,
1723 1155 127 55 feige
1877 1155 267 44 Memmen
2176 1171 66 29 zu
2273 1161 130 50 sein;

739 1208 218 43 Camilla
979 1209 233 44 Schmidt
1233 1211 267 56 schimpfte
1523 1227 85 29 am
1631 1215 231 42 meisten.
2259 1225 144 43 ©OO

736 1275 42 40 ©
839 1267 149 43 Nach
1000 1269 116 42 dem
1131 1269 324 56 Geschimpfe
1473 1285 255 43 sprangen
1745 1274 73 41 sie
1836 1272 97 44 alle
1949 1273 125 43 über
2092 1274 98 44 den
2203 1275 199 45 Chaus=

735 1326 296 55 seegraben,
1053 1328 125 43 über
1201 1329 99 43 den
1323 1330 88 43 der
1432 1330 194 44 fremde
1648 1331 131 43 Herr
1801 1344 322 43 gesprungen
2144 1346 131 32 war.
2361 1345 41 40 ©

1334 1496 129 44 Paul
1486 1497 317 43 Scheerbart.

469 637 31 21 A.
514 636 89 22 Böhm
622 637 62 22 OM.

439 2017 30 22 R.
483 2018 114 29 Jettmar
615 2019 61 22 OM.
