2893 3048
1312 2367 48 44 93

1130 544 187 44 hinauf
1356 563 53 20 =
1454 546 53 42 in
1556 547 114 42 eine

1130 617 133 42 ganz
1275 603 251 45 entfernte
1536 605 135 43 Ster=

1129 663 236 43 nenweit
1375 663 196 51 hinein;
1588 665 82 43 die

1129 721 161 43 Fahrt
1305 721 210 44 dauerte
1533 723 135 43 dies=

1129 781 105 42 mal
1298 781 102 43 viel
1467 781 201 56 länger;

1129 839 132 43 auch
1280 840 91 42 das
1388 840 280 45 Gesumme

514 899 104 43 und
649 898 226 56 Gepfeife
911 897 205 44 machte
1146 898 110 43 sich
1285 898 110 43 hier
1427 912 56 29 so
1517 900 175 43 scharf
1717 901 321 51 bemerkbar,
2073 902 116 45 dass

509 958 219 56 jegliche
752 957 379 55 Unterhaltung
1152 958 300 55 unmöglich
1475 960 201 43 wurde.
2043 969 146 43 OO©

513 1025 42 42 ©
615 1018 91 42 Als
720 1018 89 42 der
822 1015 192 44 Deckel
1025 1016 201 43 wieder
1244 1017 288 57 aufsprang,
1544 1032 189 42 sprang
1752 1018 87 45 der
1849 1018 195 46 fremde
2055 1020 133 44 Herr

512 1076 118 44 sehr
647 1078 253 53 vergnügt
918 1074 279 56 gleichfalls
1216 1075 92 43 auf
1318 1077 106 42 und
1442 1081 156 53 sagte,
1616 1078 259 44 während
1894 1092 53 31 er
1965 1079 220 44 denDa=

511 1148 123 31 men
656 1135 138 43 beim
814 1134 303 55 Aussteigen
1140 1134 261 45 behilflich
1423 1150 140 30 war:
2040 1147 146 42 ©©©

511 1202 42 42 ©
615 1194 95 51 „Es
731 1193 132 44 freut
885 1192 139 44 mich
1046 1193 130 51 sehr,
1199 1195 171 44 meine
1393 1195 218 53 Damen,
1632 1196 115 43 dass
1770 1196 84 44 Sie
1880 1211 55 29 so
1964 1198 221 44 herrlich

511 1253 256 56 gekleidet
793 1251 128 50 sind,
947 1252 127 42 auch
1101 1252 81 43 die
1212 1253 370 56 Cylinderhüte
1609 1257 89 43 der
1724 1256 202 44 Herren
1957 1258 227 44 bereiten

511 1313 98 42 mir
636 1313 113 42 eine
776 1311 186 43 wahre
988 1311 423 46 Herzensfreude.
1439 1314 84 44 Sie
1550 1315 241 44 befinden
1818 1317 109 43 sich
1957 1317 111 44 hier
2100 1317 91 43 auf

511 1372 118 42 dem
656 1370 180 43 Dache
864 1370 88 43 der
978 1370 210 51 ,Fabrik
1214 1372 389 59 lebenslustiger
1626 1374 310 53 Creaturen’,
1967 1377 103 42 und
2103 1377 81 43 die

509 1428 366 51 Sternenwelt,
894 1429 80 43 die
997 1428 84 45 Sie
1108 1444 108 29 von
1243 1432 110 44 hier
1381 1446 91 30 aus
1494 1434 173 51 sehen,
1685 1435 138 42 wird
1846 1434 163 44 Ihnen
2031 1436 150 42 wohl

509 1502 134 41 ganz
665 1502 102 30 neu
789 1488 153 43 sein.”
2035 1503 145 41 ©©©

507 1556 42 42 ©
610 1548 98 43 Die
720 1547 206 44 Damen
936 1547 255 44 lächelten
1204 1550 428 58 seelenvergnügt
1648 1553 106 42 und
1764 1553 253 54 sprachen
2035 1554 146 43 ihren

507 1606 158 43 Dank
687 1608 53 40 in
764 1606 99 43 den
886 1606 340 45 herzlichsten
1249 1609 224 44 Worten
1497 1624 105 37 aus,
1622 1611 80 43 die
1718 1611 193 43 Herren
1935 1612 245 55 glätteten

506 1665 110 44 ihre
626 1665 364 56 Cylinderhüte
1002 1666 94 43 mit
1107 1667 116 42 dem
1234 1668 310 44 Rockärmel
1555 1670 106 42 und
1672 1674 237 40 wussten
1920 1685 93 41 gar
2023 1671 155 51 nicht,

505 1738 117 30 was
644 1726 73 42 sie
733 1737 67 31 zu
818 1725 88 43 der
922 1725 263 44 schnellen
1202 1727 160 43 Fahrt
1379 1741 159 42 sagen
1554 1728 207 52 sollten;
1786 1730 79 42 die
1885 1730 194 50 Sterne,
2098 1731 80 43 die

505 1786 73 42 sie
596 1784 176 51 sahen,
791 1784 244 44 schienen
1057 1785 108 43 sich
1180 1786 54 42 in
1250 1786 250 44 lebhafter
1516 1787 309 56 Bewegung
1841 1801 65 29 zu
1920 1788 255 44 befinden.

505 1852 41 41 ©
608 1844 128 51 „Die
759 1842 337 45 Fortschritte
1123 1845 88 43 der
1238 1846 284 43 modernen
1544 1846 235 44 Technik
1803 1880 78 10 ...
1906 1847 40 50 ,”
1969 1847 206 56 begann

505 1903 88 44 der
615 1903 146 50 Herr,
781 1903 88 43 der
897 1904 114 42 eine
1040 1903 216 55 goldene
1284 1904 154 43 Brille
1470 1908 114 53 trug

502 1981 52 20 =
576 1963 132 43 doch
736 1975 53 31 er
815 1962 125 43 kam
966 1963 142 43 nicht
1130 1964 187 43 weiter
1342 1964 52 42 in
1417 1964 167 43 seiner

502 2022 165 51 Rede;
710 2023 83 43 ein
833 2034 199 44 grosses
1068 2022 114 43 Rad
1217 2023 124 42 kam
1381 2023 91 43 auf
1502 2023 80 44 die

503 2081 335 44 Gesellschaft
860 2081 318 57 zugelaufen,
1201 2082 177 43 sodass
1405 2083 72 42 sie
1500 2095 81 31 er=

500 2141 285 43 schrocken
814 2141 466 44 auseinanderstob.
1436 2150 146 42 ©©©

500 2209 41 41 ©
601 2200 147 44 Doch
776 2200 91 44 das
888 2201 114 43 Rad
1029 2201 152 44 stand
1202 2200 242 56 plötzlich
1466 2201 115 52 still,

2245 689 29 22 F.
2288 689 90 29 König
2396 690 53 22 OM.

2231 2046 30 21 A.
2275 2045 89 23 Böhm
2384 2047 62 23 OM.
