2894 3048
1301 2338 47 34 99

511 504 301 54 stampfen.”
883 513 143 40 00©

509 572 43 41 0
613 564 120 43 Und
756 563 81 44 die
856 563 169 44 kleine

511 622 328 45 Gesellschaft
850 623 174 43 debat=

508 683 148 43 tierte
686 681 198 55 fünfzig
914 681 109 42 Au=

508 740 266 56 genblicke
801 741 95 42 mit
920 740 102 44 Ge=

507 800 165 42 schrei
689 799 106 43 und
811 799 210 43 Hände=

1671 509 194 56 ringen.
2041 520 145 42 ©o©

1671 576 41 41 0
1773 569 88 43 Als
1892 570 89 43 der
2007 570 179 45 Direc=

1670 630 80 39 tor
1796 629 389 53 zurückkehrte,

1669 686 174 44 redete
1906 688 88 42 der
2053 689 133 44 Herr

1668 745 95 43 mit
1804 745 89 45 der
1931 746 252 55 goldenen

1667 803 156 45 Brille
1861 806 73 42 im
1977 806 205 44 Namen

508 857 124 44 aller
667 857 496 55 folgendermassen:
1202 858 150 50 „Wir
1385 859 205 44 danken
1625 861 179 52 Ihnen,
1841 863 133 43 Herr
2003 864 175 44 Dach=

506 917 229 50 director,
757 916 81 43 für
863 916 86 43 Ihr
974 916 341 45 freundliches
1337 918 311 46 Anerbieten
1671 934 106 31 von
1804 935 219 43 ganzem
2045 924 133 44 Her=

505 989 112 38 zen,
640 976 212 43 können
880 989 98 29 uns
1005 976 125 43 aber
1157 976 157 44 leider
1340 978 142 44 nicht
1509 980 380 53 entschliessen,
1912 995 153 32 unser
2086 984 92 44 Ja=

505 1039 141 39 wort
664 1034 313 56 abzugeben.
990 1034 120 43 Wir
1120 1035 198 44 wollen
1330 1037 130 44 doch
1474 1038 157 45 lieber
1649 1040 91 43 das
1758 1040 231 45 einfache
2001 1042 177 45 Leben

504 1094 257 50 behalten,
785 1106 53 32 es
861 1094 253 44 erscheint
1137 1108 98 30 uns
1257 1096 244 53 sicherer;
1528 1099 103 42 wir
1653 1101 208 43 müssen
1885 1100 136 44 denn
2046 1102 132 43 doch

503 1153 315 51 befürchten,
846 1153 159 44 durch
1037 1154 91 43 das
1160 1154 134 44 allzu
1316 1155 275 58 vielfältige
1615 1159 179 44 Leben
1826 1160 133 44 allzu
1989 1164 188 40 nervös

502 1226 67 30 zu
590 1212 264 45 werden.”
2033 1228 143 43 ©©©

502 1281 42 41 ©
606 1271 349 53 „Hasenfüsse
967 1271 227 46 !”schrie
1218 1274 88 44 der
1327 1274 235 46 Director
1584 1278 270 44 wüthend.
2031 1288 144 42 ©©©

502 1340 42 41 ©
605 1331 199 53 „Rufen
833 1331 83 45 Sie
949 1332 99 44 den
1079 1332 337 46 Hausknecht
1446 1349 127 30 vom
1601 1337 573 57 Erfrischungspalast!”

501 1391 100 44 rief
615 1404 54 32 er
692 1392 170 44 einem
884 1392 460 45 vorübereilenden
1368 1396 321 44 Assistenten
1710 1410 78 31 zu.
2030 1407 144 40 ©©©

500 1458 42 42 ©
604 1450 119 44 Und
740 1451 139 43 dann
895 1451 139 56 jagte
1054 1453 87 43 der
1156 1453 132 43 Herr
1302 1453 372 46 Dachdirector
1690 1456 255 56 kopfüber
1968 1457 74 44 als
2059 1458 114 42 Rad

500 1523 122 29 zum
644 1509 498 56 Frühstückspalast.
2027 1525 145 41 ©©©

500 1577 41 41 ©
606 1569 104 42 Der
731 1569 195 44 fremde
945 1570 130 42 Herr
1097 1571 93 42 mit
1208 1571 119 43 dem
1344 1571 319 57 lilafarbigen
1679 1574 236 55 Strumpf
1929 1574 117 45 Hess
2064 1576 107 43 sich

498 1627 143 43 nicht
662 1627 218 44 blicken.
2025 1642 40 41 ©
2077 1642 41 41 ©
2129 1643 41 41 ©

497 1695 42 40 ©
601 1685 166 44 Dafür
789 1686 126 43 kam
933 1687 88 42 der
1036 1687 354 52 Hausknecht,
1402 1690 83 42 ein
1502 1690 281 44 kolossaler
1798 1692 150 42 Riese
1965 1694 94 41 mit
2073 1707 95 28 un=

497 1745 281 56 geheurem
807 1745 181 44 rothen
1020 1746 143 55 Kopf
1185 1747 106 42 und
1321 1747 326 44 schwarzem
1673 1750 145 42 Maul
1849 1751 106 42 und
1981 1751 187 44 blauen

496 1804 407 52 Felsenzähnen,
927 1817 67 29 an
1018 1804 98 44 den
1138 1805 280 43 Dachrand
1440 1808 95 42 mit
1558 1807 118 43 dem
1691 1808 164 55 Kopfe
1877 1809 162 44 heran
2061 1812 107 43 und

495 1867 144 53 sagte
661 1863 336 43 schnarrend:
1429 1873 145 43 ©©©

493 1931 43 42 ©
598 1922 232 52 „Wohin
860 1922 94 43 soll
982 1922 83 44 ich
1096 1923 135 43 denn
1259 1923 81 43 die
1366 1923 207 45 kleinen

494 1983 165 44 Leute
681 1982 276 56 hinpusten
969 1983 27 43 ?
1017 2001 53 21 =
1091 1995 56 30 so
1170 1995 119 31 was
1311 1996 142 31 muss
1475 1985 99 42 mir

495 2042 131 44 doch
649 2045 175 53 gesagt
846 2041 263 45 werden.”
1426 2051 146 42 ©©©

492 2110 42 41 ©
596 2101 119 44 Und
757 2101 233 45 mehrere
1029 2102 320 44 Assistenten
1391 2107 180 52 sagten

491 2162 110 42 ihm
626 2161 98 44 den
747 2161 164 50 Stern,
936 2160 90 45 auf
1042 2161 118 44 dem
1191 2161 80 44 die
1295 2162 163 44 Leute
1480 2176 89 30 zu=

2242 651 45 23 W.
2301 652 59 22 List
2379 652 53 22 OM.

2218 2009 45 22 W.
2277 2009 59 22 List
2357 2010 52 22 OM.
