2964 4148
234 127 630 114 REGIE

225 388 301 56 Opernprobe.
592 390 259 56 (Vor-Bôrse
864 404 9 39 ;
908 388 309 58 Schwellung.)

225 477 117 45 Gold
376 481 55 40 im
465 476 174 58 Gebiss,
673 479 116 45 Gold
824 484 55 39 im
913 480 201 53 Lâcheln,
1148 479 78 43 der
1258 479 97 43 chef
1388 479 279 44 d'orchestre.
1721 480 245 46 Skandiert.

223 568 217 58 Rhythme
474 569 76 44 der
582 570 184 51 Strasse,
800 570 78 43 der
910 569 165 44 Piazza.
1141 569 136 44 Ballet
1308 569 93 43 fâllt
1434 569 109 43 nach
1579 570 122 44 links.

223 659 222 44 Niedliche
479 659 220 57 Disciplin.

221 750 148 45 Flôten
404 752 156 44 rtthren
595 752 68 44 die
689 752 141 44 Probe
851 753 87 42 auf.

220 839 83 46 Um
338 841 70 44 die
441 841 116 45 Ecke
588 843 162 43 zacken
785 843 147 53 Blitze,
967 843 92 52 lila;

220 931 70 44 lila
322 932 227 57 Zig-zags;

220 1023 146 56 happy
399 1026 208 53 zig-zags,
642 1036 99 32 vom
766 1023 353 56 Brandy-Mond;

220 1112 69 45 lila
323 1114 154 44 Kuben
511 1126 72 31 um
616 1115 69 43 die
720 1115 127 44 Ecke.

219 1204 344 58 Schwefelpfeile
595 1219 149 32 surren
779 1206 231 45 durchaus.

219 1295 143 46 Strahl
395 1299 41 42 in
471 1297 213 54 Btindeln,
719 1298 118 43 Licht
869 1300 41 41 in
943 1295 237 47 Schnitten.

220 1385 142 46 Gelbe
395 1387 177 45 Garben
606 1401 140 31 rasen.

220 1476 98 47 Gell
352 1478 152 45 hetzen
539 1479 68 44 die
642 1479 163 45 Hellen.

220 1568 273 47 Reflektoren
507 1572 192 53 zischen,
713 1573 40 41 in
767 1571 176 46 derTat.
957 1572 252 56 Lichtgusse
1227 1573 196 44 knattern

464 1661 38 44 0
526 1662 343 56 Feststellungen
905 1662 137 45 klarer
1063 1662 155 57 Augen
1235 1664 9 43 !

223 1761 76 45 Ein
318 1761 272 45 Scheinwurf
600 1775 85 32 von
705 1764 396 53 Madchenrôcken,
1136 1764 288 44 mâandrisch.

220 1852 316 47 Scheinwerfer
567 1858 56 39 im
657 1854 175 57 Galopp
865 1855 273 56 gebrochner
1172 1853 191 47 Graden.

221 1943 150 46 Netter
403 1946 89 44 Fall
525 1947 110 43 nach
670 1947 123 53 links,
827 1946 227 57 gebrâunt.

223 2033 130 46 Diese
386 2036 120 57 Oper
537 2039 235 54 concipiert
805 2036 107 47 Gott
943 2038 64 43 als
1040 2036 191 58 Drogue.

221 2125 88 45 Da:
343 2126 319 57 Telegramme,
697 2128 186 56 réponse
916 2130 138 55 payée
1151 2132 184 53 spitzere
1367 2130 176 47 Reisen!
1579 2131 244 57 gehetztere
1857 2130 142 45 Bahn!
2034 2130 193 45 frechere
2260 2128 251 47 Cascaden!

1490 2207 300 56 plârrenderes
1821 2206 102 47 Rot!
1959 2205 184 57 Geplârr
2175 2206 88 43 und
2298 2206 123 44 Knall
2454 2207 42 42 in
2529 2203 103 49 Rot!

225 2295 75 43 Ein
336 2295 154 56 Zirpen
526 2296 78 43 der
637 2295 400 56 Elektro-Mlicken,
1072 2297 69 43 bei
1174 2296 129 56 Seite,
1338 2299 68 43 ftir
1438 2299 70 43 die
1541 2297 321 47 Rasta-Rastas.

223 2386 68 43 Tk
309 2387 134 42 -wird
469 2387 312 55 eingeschaltet
795 2387 297 55 Quecksilber,
1113 2390 258 55 phtisisches
1390 2390 100 53 Lila,
1510 2389 381 53 Motor-keuchen,
1917 2387 392 45 fliehendeWellen
2333 2399 80 33 aus
2431 2387 144 56 Honig

2395 2462 89 45 und
2514 2461 118 46 Duft.

225 2523 138 43 Exakt
391 2525 88 41 rast
507 2523 119 43 diese
649 2522 130 57 Oper.
824 2522 72 47 Sie
922 2526 181 54 spurtet,
1131 2527 81 41 wie
1240 2527 61 42 sie
1327 2525 99 43 will.

225 2615 86 44 Auf
339 2616 140 43 dieser
501 2613 155 56 Scene,
684 2615 234 56 knisternd,
949 2616 235 44 schneiden
1213 2616 90 44 sich
1332 2616 69 44 die
1429 2615 333 44 Einsamkeiten.

225 2705 414 44 Neuro-Katarakte.
685 2704 449 45 Prâcisions-Inferno.
1179 2705 110 46 Sehr
1316 2705 210 46 dosierter
1547 2706 259 45 Wahnsinn.
1837 2733 54 4 —

428 2796 122 45 Blute
579 2796 77 45 der
682 2796 167 45 Sessel:
884 2798 234 53 „Tausend
1143 2796 333 58 Auffiihrungen
1815 2796 365 58 Kapellmeister's
2206 2795 112 46 Stirn
2347 2795 168 56 beperlt

663 2873 315 55 Notie;ungen.
1023 2871 147 46 Durch
1199 2874 194 43 mehrere
1423 2873 129 44 Hirne
1583 2873 186 43 kribbelt
1796 2871 231 46 eineSerie
2055 2871 385 56 triumphierender
2460 2869 173 44 Ziffern.

1535 3053 418 74 Ferdinand
2001 3047 640 80 HARDEKOPF

1231 3970 35 30 H.
1289 3969 192 31 RICHTER:
1505 3970 142 32 Gesicht
1670 3974 12 28 1
1711 3980 29 20 u.
1764 3972 22 28 2.
