2964 4148
247 303 112 68 LE
420 295 320 78 MARIN

244 519 24 33 11
294 517 62 33 fait
381 515 146 34 l'amour
552 522 87 26 avec
663 524 67 24 une
755 514 128 35 femme
909 515 60 44 qui
996 516 55 34 n'a
1077 515 129 45 qu'une
1230 516 117 44 jambe

244 582 205 34 l'étroitesse
475 580 82 34 d'un
585 589 135 26 anneau
747 581 221 44 Pondichery

243 647 55 35 On
324 656 20 25 a
368 648 124 32 ouvert
516 654 65 25 son
608 648 119 31 ventre
753 646 60 43 qui
842 647 117 42 grince
985 646 131 45 GRlgri

242 713 82 34 d'où
350 713 130 32 sortent
506 710 53 35 les
583 711 66 34 bas
675 713 33 32 et
734 710 52 35 les
813 712 165 35 animaux
1004 712 154 44 oblongs

242 778 98 34 Dans
365 779 58 32 ton
451 776 166 35 intérieur
643 776 23 33 il
693 787 21 33 y
740 785 19 25 a
785 777 64 34 des
874 777 136 44 lampes
1035 778 175 34 fumantes

242 843 31 34 le
300 842 147 35 marrais
473 842 44 34 de
541 842 83 33 miel
652 841 82 34 bleu

240 908 79 34 chat
345 908 160 43 accroupi
532 907 90 35 dans
647 907 65 35 l'or
737 908 105 34 d'une
867 910 142 33 taverne
1034 907 179 36 flamande

1156 973 138 36 BOUM
1323 972 137 37 BOUM

239 1077 187 42 beaucoup
451 1076 44 33 de
521 1076 100 33 sable
647 1074 183 44 bicycliste
855 1076 103 43 jaune

240 1142 159 36 Château
425 1141 92 34 Neuf
543 1140 73 35 Des
641 1139 117 44 Papes

240 1208 206 34 Manhattan
473 1207 23 34 il
522 1216 21 34 y
569 1215 20 24 a
615 1206 65 33 des
706 1206 150 42 baquets
882 1205 237 35 d'excrément
1143 1206 130 33 devant
1296 1206 48 33 toi

240 1273 122 34 mbaze
388 1274 122 33 mbaze
537 1272 176 34 bazebaze
741 1270 185 45 mleganga
952 1280 125 34 garroo

240 1338 54 35 Tu
320 1338 148 34 circules
494 1338 222 42 rafkdement
741 1345 42 25 en
809 1336 70 34 moi

240 1404 237 44 Kangourous
502 1404 91 32 dans
619 1403 52 33 les
698 1401 178 35 entrailles
901 1401 47 34 du
974 1402 127 33 bateau

240 1469 139 35 attends
403 1469 32 44 je
463 1469 77 33 vais
566 1468 268 43 premièrement
859 1476 164 34 arranger
1049 1475 75 25 mes
1151 1466 232 43 impressions

241 1535 53 35 les
320 1534 301 34 excursionnistes
647 1533 94 34 assis
767 1531 153 35 dentelle
946 1541 43 24 au
1015 1531 88 34 bord
1131 1532 44 32 de
1201 1531 90 34 l'eau

240 1601 146 34 enfonce
406 1599 52 35 les
476 1599 121 44 doigts
620 1599 88 33 dans
727 1598 52 34 les
805 1598 132 33 orbites
964 1606 68 34 que
1058 1596 33 34 la
1117 1596 145 34 lumière
1287 1597 100 34 crève
1414 1597 161 42 granates

240 1666 146 35 l'Urubu
413 1674 91 25 nous
529 1665 148 44 regarde
705 1684 47 4 —
783 1665 36 32 tu
846 1663 79 34 dois
955 1664 131 33 rentrer
1112 1662 89 33 dans
1227 1662 33 33 la
1286 1662 200 43 ménagerie
1511 1661 65 34 des

1335 1717 241 44 intelligences

243 1778 147 35 l'Urubu
417 1777 194 34 s'enracine
637 1776 89 33 dans
750 1775 31 33 le
807 1775 66 33 ciel
900 1784 43 24 en
969 1774 115 34 ulcère
1110 1783 133 34 orange

242 1845 45 33 où
313 1845 119 33 vas-tu

242 1909 306 43 Préstidigitateur
573 1906 133 34 moulin
733 1907 19 33 à
778 1908 82 32 vent
885 1905 166 34 coiffures
1077 1906 78 32 tous
1182 1904 51 34 les
1259 1903 204 44 Pygargues
1498 1904 80 33 sont

1385 1960 193 32 chancreux

271 2039 54 14 IQIB
1137 2015 250 35 EGG-NOGG

272 2039 53 23 1915

615 2092 337 38 TRISTAN
1000 2090 244 36 TZARA

2145 2407 48 34 M.
2218 2407 124 44 Janco:
2367 2406 96 42 Bois.

442 3826 28 25 1.

488 3757 29 98 flacon
495 3680 21 57 aux
487 3588 29 74 ailes
487 3530 28 37 de
487 3451 28 59 cire
494 3337 28 93 rouge
493 3280 21 37 en
486 3184 28 75 fleur

541 3783 22 70 mon
534 3597 28 165 calendrier
534 3472 28 105 bondit
533 3255 29 198 médicament
533 3144 27 91 astral
531 2990 29 133 d'inutile
530 2749 30 209 amélioration

588 3819 21 34 se
581 3680 28 118 dissout
580 3643 28 18 à
581 3596 27 27 la
580 3466 35 109 bougie
578 3320 29 125 allumée
580 3262 27 37 de
586 3174 21 68 mon
577 3087 29 66 nerf
578 2960 35 108 capital

627 3757 36 97 j'aime
627 3694 27 43 les
626 3487 28 186 accéssoires
627 3429 27 37 de
627 3294 27 114 bureau
633 3219 28 54 par
625 3067 36 133 exemple

673 3835 29 19 à
674 3788 27 28 la
673 3675 36 95 pêche
674 3600 27 54 des
673 3489 35 91 petits
673 3379 28 89 dieux

720 3793 28 61 don
719 3697 28 75 delà
719 3555 29 121 couleur
719 3506 29 29 et
719 3448 28 37 de
720 3400 27 29 la
719 3301 28 79 farce

773 3776 29 77 pour
766 3731 27 27 le
765 3577 36 133 chapitre
765 3428 29 128 odorant
764 3370 29 38 où
766 3275 28 74 c'est
763 3094 29 161 tout-à-fait
762 3008 37 66 égal

819 3801 22 51 sur
812 3754 29 29 la
811 3656 35 78 piste
811 3485 29 149 réconfort
812 3427 29 37 de
811 3321 28 87 l'âme
813 3272 26 29 et
811 3212 28 40 du
811 3081 28 111 muscle

858 3747 29 105 oiseau
858 3640 28 87 cralle

1014 3827 30 28 2.

1068 3780 23 73 avec
1063 3720 27 48 tes
1061 3605 36 100 doigts
1061 3477 36 114 crispés
1062 3266 35 196 s'allongeant
1063 3223 27 30 et
1062 3019 28 190 chancelants
1060 2892 39 123 jcomme
1062 2833 29 44 les
1068 2744 30 78 yeux

1108 3825 29 29 la
1107 3687 29 119 flamme
1108 3551 35 116 appelle
1115 3455 28 79 pour
1114 3337 22 99 serrer

1155 3758 28 93 est-tu
1154 3711 28 27 là
1161 3618 21 74 sous
1155 3570 27 28 la
1156 3371 27 178 couverture

1201 3807 28 46 les
1201 3635 35 153 magazins
1201 3474 28 140 crachent
1202 3411 27 44 les
1200 3238 37 153 employés
1201 3148 28 70 midi

1248 3824 27 29 la
1254 3753 21 52 rue
1248 3689 27 44 les
1248 3534 34 134 emporte

1293 3807 29 45 les
1295 3631 27 156 sonnettes
1294 3556 28 54 des
1295 3375 34 160 tramways
1295 3224 34 131 coupent
1295 3177 27 29 la
1294 3055 35 109 phrase
1294 2958 28 76 forte

1440 3824 30 27 3.

1488 3777 28 72 vent
1486 3676 29 81 désir
1494 3583 21 73 cave
1493 3452 22 110 sonore
1487 3253 29 178 d'insomnie
1487 3103 35 130 tempête
1488 2975 34 108 temple

1533 3821 28 29 la
1533 3713 28 87 chute
1533 3638 28 54 des
1540 3541 21 76 eaux

1580 3818 28 30 et
1579 3772 27 27 le
1580 3683 27 71 saut
1579 3531 35 133 brusque
1580 3455 27 54 des
1580 3304 35 131 voyelles

1625 3769 29 78 dans
1625 3704 28 45 les
1625 3560 35 124 regards
1625 3490 35 49 qui
1625 3376 28 93 fixent
1625 3313 28 44 les
1625 3178 28 114 abîmes

1670 3829 28 17 à
1671 3723 29 85 venir
1671 3686 27 18 à
1678 3507 27 160 surpasser
1670 3395 29 92 vécus
1670 3357 28 17 à
1672 3178 27 159 concevoir

1717 3694 35 151 appellent
1718 3630 26 45 les
1724 3521 28 88 corps
1717 3364 28 137 humains
1716 3246 36 98 légers
1725 3113 20 113 comme
1718 3038 27 54 des
1718 2851 28 167 allumettes

1764 3768 26 76 dans
1764 3678 26 70 tous
1764 3621 26 43 les
1763 3452 28 154 incendies
1764 3401 26 35 de
1764 3228 27 158 l'automne
1764 3159 27 53 des
1764 2980 28 164 vibrations
1765 2928 27 30 et
1764 2860 28 54 des
1764 2738 28 108 arbres

1816 3751 21 92 sueur
1810 3694 27 37 de
1808 3559 36 116 pétrole

1955 3813 27 28 4.

2002 3793 27 46 tes
2001 3673 34 99 doigts
2001 3449 28 203 chevauchant
2009 3378 20 51 sur
2003 3330 26 28 la
2003 3150 27 160 claviature

2048 3718 33 120 peux-tu
2046 3576 28 122 m'offrir
2048 3529 26 27 la
2055 3393 27 115 gamme
2048 3318 27 54 des
2048 3165 35 132 hoquets

2092 3810 34 28 je
2099 3744 21 46 me
2093 3661 26 63 suis
2093 3527 27 110 courbé
2100 3438 21 68 vers
2093 3376 28 42 toi
2100 3244 21 111 comme
2102 3185 19 38 un
2095 3091 33 72 pont
2094 2982 28 89 tendu

2138 3765 27 71 dont
2138 3702 27 44 les
2138 3572 34 111 pilliers
2138 3413 29 138 bosculés
2147 3340 26 53 par
2140 3293 26 27 la
2147 3177 27 95 vague
2147 3119 21 37 ne
2142 2954 33 144 craquent
2148 2875 27 55 pas

2185 3808 26 28 et
2184 3716 27 72 c'est
2184 3501 27 196 l'incertitude
2192 3407 20 73 sous
2192 3327 21 59 une
2185 3214 28 94 forme
2186 3155 27 38 de
2185 3000 28 134 décision
2186 2872 35 102 glacée

2236 3802 21 33 se
2229 3589 28 192 déclanchant
2238 3530 19 38 au
2232 3322 26 187 mouvement
2232 3221 26 80 subit
2232 3147 27 53 des
2239 3036 21 89 roues

2275 3759 27 76 voilà
2276 3713 27 26 le
2276 3582 27 111 muscle
2276 3525 28 35 de
2283 3435 21 67 mon
2284 3332 20 82 cœur
2278 3262 34 50 qui
2278 3123 27 118 s'ouvre
2279 3074 26 28 et
2278 2994 27 59 crie

2369 2974 31 272 TRISTAN
2371 2733 30 200 TZARA

2429 3779 23 52 1918

248 3085 60 769 CALENDRIER

469 2347 84 49 „La
578 2347 199 52 premi&re
806 2356 98 31 even
909 2347 86 38 tare
1024 2344 145 41 celeste

968 2399 43 35 de
1034 2399 68 36 Mr.

465 2457 60 28 par
545 2448 50 29 Tr.
617 2448 104 29 Tzar*

465 2493 80 23 avec
570 2486 59 30 des
650 2486 72 28 bois
752 2483 119 38 graves
898 2484 33 29 et
951 2483 136 29 colorids
1117 2490 60 29 par
1196 2482 42 32 M.
1257 2481 98 38 Jaaco

709 2523 165 31 Coltectioa
895 2522 86 28 Dada
1002 2521 91 36 (1916)

467 2560 85 29 Prix:
573 2561 18 28 2
683 2560 121 29 Edition
826 2560 38 28 de
884 2559 67 29 kixe
980 2566 52 21 sur
1053 2557 164 30 Hollander
1241 2557 33 28 15
1293 2556 51 28 frs.
