2964 4148
1298 227 436 64 GUILLAUME
1780 230 492 61 APOLLINAIRE

1479 337 57 37 Sa
1564 339 110 37 mort
1709 349 66 28 me
1812 339 159 38 semble
2008 346 152 30 encore
2197 336 253 47 impossible.
2504 339 236 37 Guillaume

1298 392 257 46 Apollinaire
1585 396 67 33 est
1679 403 53 27 un
1760 395 77 35 des
1867 405 119 26 rares
2014 393 69 47 qui
2112 393 73 36 ont
2212 391 104 37 suivi
2345 395 117 35 toute
2495 393 244 37 l'évolution

1295 448 55 35 de
1376 447 96 36 l'art
1503 448 201 38 moderne
1732 450 42 36 et
1802 449 100 37 l'ont
1929 448 329 47 complètement
2286 448 221 46 comprise,
2533 447 27 36 il
2587 448 53 37 l'a
2667 448 49 37 dé-

1296 503 154 36 fendue
1470 503 243 38 vaillament
1732 508 44 34 et
1794 505 305 37 honnêtement
2119 513 129 35 parce
2269 503 93 44 qu'il
2382 503 167 49 l'aniait,
2570 513 164 28 comme

1298 558 23 35 I!
1351 558 143 37 aimait
1535 560 40 35 ia
1602 560 79 43 vie,
1719 561 42 34 et
1787 562 144 35 toutes
1959 560 63 37 les
2061 560 157 35 formes
2260 557 216 38 nouvelles
2517 557 225 38 d'isctivîté.

1300 612 84 37 Son
1416 614 131 45 esprit
1573 614 103 36 était
1704 613 126 43 riche,
1872 617 254 43 somptueux
2154 612 147 42 même,
2343 612 159 45 souple,
2542 612 200 40 sensible,

1298 669 257 46 orgueilleux
1583 670 42 36 et
1653 669 203 37 enfantin.
1909 669 83 38 Son
2023 678 143 28 oeuvre
2211 668 65 35 est
2305 665 137 47 pleine
2481 670 52 33 de
2565 666 177 44 variété,

1300 722 174 43 d'esprit
1502 725 42 35 et
1571 724 266 38 d'invention.

2332 771 182 44 Francis
2544 771 196 44 Picabia.

251 905 64 22 Bois
327 905 33 22 de
373 904 32 21 H.
416 905 62 24 Arp.

462 995 228 61 circuit
733 993 175 62 total
958 1009 120 59 par
1124 994 66 57 la
1245 989 152 62 lune
1449 993 65 57 et
1563 1005 127 60 par
1735 986 63 63 la
1849 986 290 63 couleur

460 1087 39 58 à
542 1087 248 58 marcel
829 1085 206 74 janco

459 1192 101 43 l'œil
594 1192 55 43 de
684 1192 60 43 fer
777 1204 52 30 en
865 1204 48 30 or
945 1192 218 53 changera

458 1263 62 42 les
553 1263 230 42 boussoles
818 1265 75 40 ont
923 1261 121 43 fleuri
1079 1272 83 32 nos
1195 1262 200 52 tympans

459 1332 205 56 regardez
698 1334 219 40 monsieur
951 1332 124 43 ianco
1110 1341 109 43 pour
1252 1329 39 42 la
1326 1328 135 55 prière
1494 1327 227 43 fabuleuse

457 1403 179 55 tropical

456 1484 73 32 sur
562 1474 38 42 le
633 1473 143 43 violon
811 1472 55 43 de
900 1473 40 42 la
973 1473 96 40 tour
1102 1470 112 43 eiîfel
1248 1472 42 41 et
1322 1470 223 42 sonneries
1578 1468 197 43 d'étoiles

457 1543 61 43 les
552 1543 134 43 olives
719 1543 195 54 gonflent
947 1553 81 43 pac
1063 1553 81 43 pac
1176 1544 42 39 et
1249 1552 49 31 se
1331 1540 322 42 cristalliseront
1685 1539 382 54 symétriquement

457 1614 173 53 partout

456 1685 134 41 citron

456 1753 40 44 la
529 1755 120 54 pièce
682 1753 54 44 de
769 1753 74 44 dix
875 1764 106 31 sous

456 1825 62 43 les
552 1823 252 45 dimanches
837 1827 75 40 ont
945 1823 171 44 caressé
1149 1823 359 42 lumineusement
1541 1821 98 43 dieu
1675 1820 115 44 dada
1825 1820 136 44 danse

456 1897 255 55 partageant
744 1894 62 44 les
839 1894 193 42 céréales

457 1967 39 43 la
529 1966 113 55 pluie

453 2037 170 54 journal

454 2117 98 33 vers
584 2105 39 43 le
656 2104 111 43 nord

454 2176 234 44 lentement
735 2175 232 43 lentement

456 2246 62 42 les
541 2245 214 55 papillons
782 2245 56 41 de
861 2245 26 42 5
912 2245 156 42 mètres
1097 2242 53 44 de
1181 2244 183 54 longuer
1395 2254 47 30 se
1481 2244 174 42 cassent
1688 2253 170 31 comme
1887 2241 62 42 les
1978 2241 164 41 miroirs

454 2328 171 31 comme
659 2315 38 43 le
730 2316 70 42 vol
834 2315 79 43 des
945 2314 166 44 fleuves
1144 2316 234 41 nocturnes
1411 2314 216 54 grimpent
1658 2324 106 31 avec
1798 2312 37 42 le
1868 2311 71 43 feu
1972 2322 97 31 vers
2103 2310 38 43 la

454 2387 96 41 voie
584 2385 136 44 lactée

456 2456 62 43 les
550 2458 146 41 routes
719 2455 54 44 de
806 2456 175 43 lumière
1014 2456 40 43 la
1088 2453 226 45 chevelure
1347 2453 64 43 les
1444 2455 137 53 pluies
1613 2451 269 56 irrégulières

456 2528 42 41 et
519 2526 64 43 les
612 2527 206 55 kiosques
852 2524 212 45 artificiels
1097 2527 72 53 qui
1202 2524 148 44 volent
1381 2523 172 43 veillent
1587 2522 111 44 dans
1729 2523 75 42 ton
1839 2532 122 32 cœur
1992 2518 148 57 quand

454 2599 46 41 tu
533 2607 159 46 penses
722 2597 41 54 je
795 2598 95 41 vois

456 2667 174 44 matinal

454 2739 74 55 qui
561 2739 86 42 crie

454 2808 63 43 les
548 2808 177 43 cellules
755 2819 49 30 se
837 2805 179 44 dilatent

456 2880 62 43 les
550 2880 129 55 ponts
711 2877 262 56 s'allongent
1004 2877 42 41 et
1078 2888 48 31 se
1159 2876 142 42 lèvent
1334 2886 53 32 en
1422 2877 61 41 air
1516 2886 111 44 pour
1660 2875 106 42 crier

454 2951 157 42 autour
642 2947 79 45 des
760 2947 124 56 pôles
915 2946 304 56 magnétiques
1267 2945 62 43 les
1362 2956 158 45 rayons
1567 2956 47 32 se
1648 2945 182 54 rangent
1877 2952 169 33 comme
2079 2941 62 43 les

456 3021 169 55 plumes
656 3018 80 45 des
768 3029 141 45 paons

456 3091 148 43 boréal

456 3163 40 42 et
529 3161 63 43 les
625 3159 209 45 cascades
866 3158 306 56 voyez-vous?
1206 3170 46 30 se
1286 3159 183 54 rangent
1502 3157 112 43 dans
1647 3157 90 43 leur
1770 3167 158 44 propre
1961 3152 175 45 lumière

456 3244 53 30 au
545 3230 99 56 pôle
677 3229 108 43 nord
819 3242 56 29 un
909 3241 116 43 paon
1059 3229 176 42 énorme
1268 3228 221 55 déploiera
1524 3227 233 43 lentement
1790 3227 39 42 le
1862 3224 120 45 soleil

456 3302 25 42 à
503 3299 149 45 l'autre
677 3299 97 56 pôle
797 3312 56 30 on
877 3311 104 31 aura
1014 3299 40 42 la
1078 3299 89 42 nuit
1200 3298 79 43 des
1301 3297 201 44 couleurs
1525 3299 72 52 qui
1621 3298 206 54 mangent
1860 3297 62 41 les
1944 3295 197 54 serpents

456 3371 130 56 glisse
618 3373 130 53 jaune

457 3441 62 45 les
560 3441 175 43 cloches

457 3524 189 32 nerveux

456 3595 110 43 pour
598 3581 218 44 l'éclaircir
848 3581 64 43 les
943 3591 159 45 rouges
1136 3578 272 45 marcheront

457 3653 147 55 quand
635 3653 40 55 je
708 3651 216 44 demande
957 3652 220 42 comment

457 3722 63 42 les
551 3722 143 43 fosses
727 3721 169 44 hurlent

457 3794 202 52 seigneur
691 3805 71 30 ma
793 3792 237 54 géométrie

457 3886 220 56 Tristan
722 3886 176 55 tzara

2531 987 60 80 Or.
2533 1100 58 221 £iicabia:
2525 1342 17 28 „
2534 1648 51 84 des
2516 1766 76 214 Ufompes
2516 2287 76 246 (Qfoeme).
2531 2569 61 125 Qtrix
2530 2726 45 118 2.50
2518 2862 60 62 fr.
2529 2986 60 73 Sn
2529 3088 42 132 vente
2529 3247 27 61 au
2528 3334 59 337 Ollouvement
2526 3690 60 156 Q)ada
