2964 4148
79 307 302 77 DER
564 300 1179 80 IDEALIST.

69 529 442 57 Zerknautschte
522 524 294 76 Jungfrau
858 525 104 56 mit
1004 522 106 59 den
1142 521 451 75 Hângebrûsten,

72 616 292 60 Gedenkst
390 616 75 58 du
508 614 141 57 noch
672 615 32 56 ?
749 614 93 57 îeh
887 614 122 74 traf
1044 611 124 59 dich
1212 613 57 55 in
1314 613 101 57 der
1446 614 181 57 Tram.

74 708 133 58 Und
246 709 100 55 wie
388 707 100 55 wir
526 721 108 41 uns
675 719 93 43 am
802 702 427 74 Liitzowplatze
1269 702 278 58 kussten?

67 799 110 56 Ein
207 795 389 59 Sehutzmann
639 793 172 58 sehob
854 794 117 57 sich
1015 792 257 58 drohend
1311 792 173 58 iibern
1518 793 230 58 Damm.

73 985 23 21 „
106 936 213 58 Natur.'
365 935 220 59 Natur!
610 934 108 76 fur
746 934 111 75 fun
858 934 38 75 f
934 933 164 58 Mark
1137 931 267 77 siebzig!

73 1074 25 22 „
110 1027 125 57 Das
265 1025 317 59 Mânnehen
611 1025 263 59 schenkt.
907 1072 12 12 ~
991 1024 108 59 das
1127 1023 300 58 Weibchen
1457 1024 206 59 winkt.
1697 1074 9 7 .
1739 1072 9 11 .

73 1166 21 19 „
110 1117 134 58 Man
289 1121 209 53 trâumt
539 1116 151 58 nicht
732 1118 113 55 erst
887 1114 118 59 und
1042 1113 154 58 stel/t
1236 1113 231 58 verliebt
1505 1114 119 57 sich
1655 1164 8 7 .
1698 1163 50 10 ..

75 1208 174 73 „Tja!
293 1208 123 57 Wir
451 1207 132 57 sind
624 1206 206 57 ehrlich
873 1221 133 42 zum
1053 1203 270 59 Instinkt

67 1348 162 57 Doch
272 1347 139 57 ach!
467 1345 100 59 Sie
596 1347 41 72 f
638 1347 123 68 and,
808 1363 62 41 es
910 1348 86 56 sei
1036 1362 74 41 zu
1154 1344 172 75 billig,

65 1437 131 57 Das
237 1437 101 57 hat
378 1438 83 56 sie
505 1452 101 41 vor
646 1436 91 57 ihr
774 1436 178 57 selbst
986 1437 236 73 geniert.

64 1528 84 57 Er
187 1557 26 7 -
256 1527 100 58 hat
397 1530 58 55 in
496 1527 151 58 ihres
689 1527 148 57 Hem
844 1526 101 58 des
986 1526 240 58 Drillich

73 1617 118 59 Von
220 1616 459 60 Seidenhôschen
707 1617 372 74 phantasiert.

65 1758 243 75 Darauf,
351 1757 232 58 obzwar
622 1758 113 75 auf
768 1757 101 58 der
916 1758 219 74 Treppe
1175 1775 103 40 vor
1315 1759 180 56 einem

70 1848 239 74 Tripper
346 1850 141 57 noch
531 1848 225 59 diistere
797 1848 190 75 Angst
1028 1848 96 57 ihn
1170 1848 320 75 durchfuhr,

62 1936 234 60 Schwor
334 1955 60 41 er
437 1938 148 58 ohne
627 1938 158 63 Reue
834 1938 176 59 Treue

62 2029 275 58 Dennoch
360 2029 295 58 nochmals
682 2031 213 74 trotzig
919 2031 214 56 seinem

63 2119 405 76 Losungswort
503 2120 220 59 Natur!
757 2120 219 59 Natur!

1105 2201 202 59 Jakob
1353 2221 112 39 van
1517 2202 227 59 Hoddis

65 2334 156 111 DIE
343 2334 488 111 ARBEITEN
958 2334 180 111 VON
1268 2336 307 115 HANS
1699 2341 224 111 ARP.

162 2480 89 36 Man
288 2483 93 34 setzt
416 2481 62 36 die
507 2481 184 37 Kenntnis
732 2483 68 35 des
841 2492 121 26 neuen

61 2530 280 48 Standpunktes
357 2542 33 25 u.
408 2532 280 46 ausgedehntes
713 2532 249 36 Verstândnis

61 2580 58 37 fur
163 2581 213 37 modernste
422 2582 335 47 Entwickelungen
815 2583 35 35 in
897 2584 65 35 der

61 2631 207 36 bildenden
298 2632 120 36 Kunst
445 2642 150 31 voraus.

162 2681 71 37 Mit
260 2681 157 37 Picasso
454 2683 75 36 und
567 2683 72 36 den
668 2683 184 37 Kubisten
890 2684 73 36 lôst

61 2732 81 36 sich
171 2732 61 36 die
253 2732 72 36 alte
346 2732 246 47 Perspektive
621 2734 73 44 auf,
715 2734 63 36 die
793 2734 168 36 Modelle

60 2781 153 45 fliehen,
267 2783 62 36 die
374 2784 202 35 schônsten
622 2783 217 37 Staffeleien
886 2784 75 35 und

62 2831 269 48 Cylinderhtite
359 2834 122 46 gehen
510 2843 68 27 aus
594 2834 126 36 dieser
735 2834 112 37 Welt.
882 2833 79 37 Das

62 2881 98 46 Bild,
221 2883 165 37 welches
452 2885 106 35 seine
621 2885 338 36 illusionistischen

63 2932 240 38 Moralwerte
332 2934 171 36 verloren
543 2935 72 44 hat,
658 2936 179 36 versucht
877 2936 83 34 eine

63 2982 186 38 vielfache
279 2983 224 49 Bedeutung
541 2996 44 25 zu
615 2986 135 45 haben,
785 2996 41 26 es
855 2986 107 36 sucht

61 3033 82 36 sich
163 3034 60 36 ein
239 3045 120 26 neues
374 3034 216 46 Publikum,
608 3037 82 36 eine
705 3036 257 38 Gesellschaft

63 3094 72 26 von
192 3085 250 47 begeisterten
507 3087 76 35 und
637 3088 87 35 sehr
776 3087 184 36 frommen

61 3134 221 36 Menschen.
348 3135 106 37 Dazu
500 3137 109 47 greift
655 3148 41 26 es
750 3139 66 35 mit
861 3137 98 36 allen

63 3183 145 37 Farben
249 3186 75 35 und
367 3186 157 36 Formen
566 3197 69 26 aus
677 3189 144 35 seinem
862 3187 80 36 Keil-

63 3235 154 34 rahmen
246 3235 148 36 heraus.
448 3236 49 37 Es
526 3238 192 36 bekommt
746 3238 112 37 Arme
884 3238 75 35 und

65 3283 144 45 Hânde,
238 3294 41 26 es
299 3287 173 35 wûnscht
498 3288 81 35 sich
601 3288 83 36 eine
704 3288 125 37 offene
850 3289 112 36 Brust

64 3343 62 26 um
154 3334 73 36 den
256 3334 315 39 buddhistischen
601 3337 282 38 Gôtterbildern
916 3349 44 25 zu

64 3382 185 47 gleichen,
279 3386 106 35 unter
420 3386 121 36 denen
583 3398 85 26 man
710 3389 62 36 die
801 3398 158 38 grossen

63 3433 331 38 wohlriechenden
414 3435 118 37 Feuer
559 3439 220 36 anztindete.
808 3440 49 35 Es
881 3438 79 38 will

64 3482 338 40 Menschenseelen
448 3485 159 45 fressen,
653 3489 73 35 wie
770 3490 83 46 jene
898 3490 63 37 die

65 3532 133 37 Leiber
221 3535 65 35 der
301 3536 177 36 Kindlein
502 3537 158 38 frassen.

64 3668 79 36 Von
160 3668 210 38 RICHARD
387 3669 361 40 HUELSENBECK
760 3674 85 35 sind
864 3677 96 33 1916

66 3730 33 33 in
130 3728 69 36 der
228 3728 211 38 Collection
473 3731 129 37 DADA
631 3733 235 36 erschienen
887 3728 4 41 :

68 3816 14 14 „
100 3788 298 39 Phantastbche
662 3788 44 46 (3
736 3792 71 37 Frs
823 3790 15 44 )
885 3794 73 36 und

68 3846 821 47 „Schalaben,Schafabai,Scha!amezomal
904 3848 8 38 1
924 3849 36 38 Fr.

1127 2483 80 37 Das
1260 2484 144 36 Thema
1461 2485 153 37 verliert
1665 2488 85 46 jede
1805 2489 103 46 philo-

1026 2533 205 47 sophische
1278 2534 170 45 Realitât,
1495 2536 139 37 sodass
1680 2539 66 36 mit
1791 2540 134 35 diesen

1025 2584 154 36 Bildern
1208 2586 101 35 nicht
1337 2586 66 36 der
1432 2586 166 37 Versuch
1627 2590 173 45 gemacht
1817 2590 109 44 wird,

1026 2635 62 35 die
1117 2634 102 37 Welt
1252 2647 44 26 zu
1326 2635 169 38 erklàren
1524 2638 93 35 oder
1653 2640 60 35 ein
1750 2640 58 36 filr
1836 2640 92 36 oder

1027 2686 120 35 wider
1166 2696 45 25 an
1230 2686 204 37 Ansichten
1462 2687 105 47 jeder
1587 2688 64 37 Art
1670 2689 117 38 durch
1807 2690 121 37 Kunst

1025 2747 45 25 zu
1116 2739 196 36 vertreten.
1384 2737 71 37 Die
1501 2737 243 39 Abstraktion
1792 2742 47 35 ist
1883 2751 43 26 so

1025 2786 169 37 feierlich
1222 2788 76 35 und
1328 2787 192 37 bâuerlich
1549 2789 257 47 bedachtsam,
1836 2791 90 37 dass

1025 2847 59 26 am
1114 2837 104 36 Ende
1246 2838 67 36 der
1341 2838 244 38 Entschliisse
1615 2841 61 36 die
1701 2841 225 38 Senkrechte

1025 2888 155 47 wichtig
1208 2889 108 35 wird.
1363 2888 71 37 Die
1464 2890 121 37 Kunst
1626 2892 104 36 Hans
1751 2892 97 47 Arps
1878 2893 49 36 ist

1025 2937 61 36 die
1116 2941 110 42 erste,
1255 2939 62 36 die
1339 2940 94 35 nach
1454 2941 67 36 der
1537 2941 304 49 Wert&nderung
1860 2944 66 35 der

1025 2988 185 37 Kubisten
1252 2990 60 36 ein
1349 2989 149 49 Dogma
1540 2992 190 47 gefunden
1773 2994 72 44 hat,
1888 2994 36 35 in

1025 3040 182 35 weîchem
1228 3040 72 36 aile
1321 3040 337 48 Schwierigkeiten
1683 3043 124 47 gelôst
1825 3044 98 44 sind,

1025 3091 120 35 sowie
1166 3090 176 47 Kràmpfe
1371 3092 76 35 und
1468 3092 185 46 Spasmen
1682 3094 124 47 gelôst
1825 3095 98 35 sind.

1125 3140 178 38 DieWelt
1323 3143 170 45 istgross
1514 3144 75 35 und
1611 3144 120 36 voiler
1742 3144 182 38 Wunder.

1025 3189 71 37 Die
1136 3191 171 37 Wunder
1347 3193 86 35 sind
1476 3193 61 36 die
1579 3194 241 37 seltsamsten
1850 3194 50 36 Ab-

1025 3240 231 38 straktionen
1295 3243 75 35 und
1410 3243 187 47 geistigen
1627 3244 296 36 Willenswesen

1024 3292 90 34 weit
1142 3292 121 36 hinter
1291 3292 73 36 den
1385 3291 163 48 Dingen.
1603 3293 90 38 Gott
1712 3295 146 46 sprach,
1876 3295 48 35 da

1024 3341 105 35 ward
1159 3351 69 27 aus
1257 3342 133 36 Abend
1428 3344 76 35 und
1533 3343 160 48 Morgen
1730 3345 66 35 der
1825 3346 98 35 erste

1023 3389 94 49 Tag.
1173 3392 66 36 Ein
1283 3403 114 25 neuer
1433 3393 114 36 Wille
1589 3405 64 24 zur
1693 3394 231 46 Geistigkeit

1025 3442 49 34 ist
1106 3442 371 47 wiedergekommen
1517 3443 63 36 auf
1607 3454 71 26 uns
1698 3443 224 47 Propheten,

1025 3501 38 25 er
1105 3492 47 36 ist
1192 3492 198 48 fanatisch,
1437 3494 207 45 brennend,
1691 3495 152 36 hallend
1886 3496 36 34 in

1024 3542 145 35 seinem
1198 3542 110 37 Eifer.
1363 3542 48 37 Es
1457 3543 139 37 kônnte
1636 3544 81 37 sich
1758 3555 61 26 um
1862 3546 61 35 die

1025 3591 171 37 Affichen
1234 3603 73 26 von
1350 3593 249 46 Inquisitoren
1641 3595 177 44 handeln,
1861 3595 62 36 die

1025 3642 205 48 zeitweilig
1275 3643 65 36 mit
1385 3643 85 35 dem
1511 3643 107 37 Tode
1672 3645 75 35 und
1794 3645 128 37 harten

1025 3690 239 39 ôffentlichen
1294 3693 430 38 Exkommunikationen
1766 3696 155 36 drohen.

1123 3741 156 47 Jemand
1309 3743 137 38 kônnte
1471 3744 81 36 sich
1572 3755 68 26 vor
1667 3745 108 36 diese
1794 3745 129 36 Bilder

1024 3791 201 37 hinstellen
1279 3794 75 35 und
1408 3794 178 48 folgende
1639 3795 282 46 phantastische

1025 3840 141 37 Litanei
1195 3842 199 38 herbeten:
1449 3844 72 36 Die
1550 3844 257 38 Gôtterbilder
1834 3846 87 36 sind

1023 3890 249 47 rotgltihende
1291 3893 253 47 Bratpfannen
1564 3895 64 37 auf
1643 3896 73 36 des
1730 3895 190 46 Quadern,

1996 300 62 35 die
2088 299 73 35 den
2182 301 67 36 ach
2280 311 44 26 so
2343 304 129 47 streng
2500 303 280 48 rythmisierten
2795 304 104 37 Tanz

1997 349 203 47 beginnen.
2230 350 78 38 Das
2329 351 228 48 Sphârische
2587 354 49 37 ist
2655 363 45 27 so
2719 353 180 48 kompakt

1997 400 73 36 wie
2126 399 62 36 die
2232 401 119 38 Villas
2404 404 68 35 der
2515 406 65 46 gut
2625 405 273 47 gescheitelten

1997 450 299 38 Grundbesitzer
2331 475 49 4 —
2407 453 178 37 Mirabile
2614 456 103 36 dictu
2744 476 50 5 —
2821 455 77 36 und

1996 511 77 25 wer
2118 499 129 36 wollte
2293 502 114 37 daran
2454 505 188 45 zweifeln,
2688 506 94 36 dass
2836 505 62 36 die

1995 551 232 45 Elephanten
2257 551 63 35 auf
2339 553 132 36 diesen
2493 554 151 37 Kurven
2665 557 66 36 mit
2751 556 148 46 inniger

1996 601 144 36 Freude
2157 601 151 47 gleiten.
2338 601 143 39 Grosse
2496 605 260 37 Zuckerdttten
2773 607 125 35 haben

1995 652 56 35 sie
2088 651 64 36 auf
2189 652 73 35 den
2292 651 157 47 Kôpfen,
2505 655 285 48 Kaleidoskope
2820 656 76 36 und

1995 701 247 46 Drehorgeln.
2272 701 71 36 Die
2359 702 146 39 Bauern
2531 706 197 36 schiessen
2752 706 147 37 Kobolz

1994 761 74 26 von
2086 751 184 37 derHOhe
2288 753 99 34 ihrer
2399 753 499 51 Ziegeldâcher(Zinnober,

1994 801 163 37 tausend
2200 802 72 36 mal
2308 801 191 39 Zinnober
2540 807 75 34 und
2657 807 102 36 dann
2795 807 103 36 beim

1994 852 139 47 Schlag
2174 852 67 36 der
2268 852 129 38 Pauke
2443 855 62 35 die
2534 855 98 38 Gâte
2679 857 106 37 eines
2830 858 66 46 gut

1994 903 221 46 preussisch
2270 902 138 37 blauen
2463 905 199 49 Himmels)
2699 929 46 5 —
2773 917 22 25 o
2835 907 62 35 die

1995 953 159 43 Bauern,
2171 953 62 35 die
2251 953 437 49 ihreCelluloidgesàsse
2705 957 192 37 zwischen

1995 1004 73 36 den
2098 1003 287 46 Tulpenbeeten
2431 1005 250 46 aufspannen.
2736 1006 33 38 O
2797 1008 102 35 furor

1994 1054 163 35 rusticus
2199 1054 76 36 und
2305 1064 21 25 o
2356 1054 180 38 Cottillon
2578 1056 66 36 der
2678 1057 219 37 Krokodile.

1995 1104 125 37 Ueber
2148 1104 72 35 den
2251 1104 160 37 Flussen
2442 1106 91 35 aber
2573 1108 121 36 siehst
2734 1108 62 43 du,
2834 1108 44 35 be-

1994 1154 193 36 rauschter
2214 1155 227 45 Zuschauer,
2472 1157 83 35 eine
2585 1157 214 45 Felswand,
2829 1168 69 26 aus

1994 1204 229 47 zylindrisch
2294 1206 251 46 gestaffeltem
2613 1207 284 48 Papiermaché,

1994 1257 366 45 zusammengesetzt
2398 1266 69 27 aus
2503 1258 66 35 der
2597 1257 205 38 Schûnheit
2829 1259 69 35 des

1994 1304 170 37 Berliner
2218 1306 233 49 Tageblatts,
2520 1307 228 39 Postzetteln
2820 1309 77 36 und

1995 1355 362 48 Cigarettenpapier.
2401 1357 71 37 Die
2493 1359 404 37 zweidimensionalen

1994 1405 165 37 Witwen
2188 1407 87 35 sind
2296 1409 117 35 schon
2442 1409 65 36 auf
2525 1409 62 36 die
2604 1409 292 38 Wàscheleinen

1994 1458 187 44 gespannt
2207 1479 15 4 -
2251 1457 143 37 welche
2416 1458 134 38 Kirche
2571 1460 63 37 hat
2653 1461 80 36 hier
2761 1461 135 36 keinen

1994 1506 242 37 Schornstein
2272 1530 15 4 -
2323 1509 75 36 und
2444 1510 164 36 welcher
2653 1510 243 38 Schornstein

1993 1559 101 34 wàre
2115 1558 103 36 nicht
2232 1558 341 51 (gegebenenfalls)
2588 1560 232 47 Sprachrohr
2839 1562 59 36 fttr

1994 1607 72 36 den
2096 1607 264 38 Brunstschrei
2390 1610 204 37 herrlicher
2621 1611 145 48 Neger!

2070 1657 186 48 Langsam
2310 1660 75 36 und
2441 1661 88 36 sehr
2573 1662 144 37 schnell
2772 1663 124 36 haben

1994 1708 62 36 die
2073 1708 297 47 Philosophieen
2400 1711 59 36 ein
2489 1711 123 46 tiefes,
2633 1713 143 47 seliges
2793 1713 103 36 Ende

1993 1758 203 47 gefunden.
2261 1760 72 36 Fur
2378 1762 72 35 den
2497 1772 96 37 ganz
2639 1762 257 46 Raffinierten,

1993 1809 67 35 der
2079 1809 85 36 dem
2186 1820 94 36 ganz
2297 1810 220 38 Primitiven
2538 1812 359 38 derVerwandteste

1993 1859 59 44 ist,
2094 1859 153 37 bleiben
2289 1861 62 36 die
2382 1861 164 38 Fresken
2588 1864 104 37 dicht
2726 1874 69 27 vor
2822 1864 74 37 den

1993 1908 144 49 Augen.
2193 1911 91 36 Wer
2324 1912 217 38 bezweifelt
2581 1924 75 26 nun
2698 1915 96 36 noch
2830 1915 67 36 der

1993 1958 217 39 Geometrie
2240 1962 202 47 irrwitzige
2460 1963 330 49 Ueberlegenheit.
2825 1964 71 38 Die

1992 2009 220 38 Music-hall
2254 2013 103 36 starb
2399 2014 76 36 und
2517 2015 70 36 das
2616 2014 99 38 Auto
2752 2015 143 37 lôschte

1992 2060 80 36 sich
2118 2071 80 26 aus.
2254 2062 71 37 Die
2372 2073 133 38 grosse
2534 2064 229 39 Senkrechte
2809 2066 86 36 kam

1992 2111 299 48 mitdemPomp
2312 2114 69 36 des
2401 2115 198 48 besiegten
2609 2116 285 48 Jahrhunderts.

1992 2160 63 37 Sie
2084 2162 49 36 ist
2169 2163 70 35 das
2268 2162 141 39 Gesetz
2444 2166 68 36 der
2539 2165 190 47 Schwere,
2759 2168 58 36 sie
2847 2167 48 37 ist

1992 2211 69 36 das
2091 2211 140 38 Gesètz
2268 2214 67 37 der
2362 2215 133 46 Statik,
2525 2217 76 36 und
2631 2228 74 26 von
2736 2218 56 36 ihr
2825 2227 70 27 aus

1992 2271 109 27 rasen
2131 2263 61 36 die
2220 2265 178 46 geteilten
2429 2266 173 50 Flâchen,
2632 2278 73 26 von
2736 2269 57 35 ihr
2827 2278 68 27 aus

1992 2313 205 36 schwirren
2252 2315 62 36 die
2359 2315 188 39 Parabeln
2602 2319 76 36 und
2724 2318 170 48 Ellipsen

1992 2362 252 49 (Bumerang!
2274 2365 256 51 Bumerang!)

2068 2413 82 37 Wir
2177 2415 124 36 halten
2331 2417 62 36 die
2422 2418 310 38 Schweinsblase
2762 2421 37 35 in
2828 2420 68 36 der

1992 2464 109 36 Hand
2139 2466 75 35 und
2244 2466 137 48 fangen
2421 2469 70 36 das
2528 2470 220 36 brennende
2777 2470 118 48 Werg

1992 2515 65 35 mit
2085 2514 72 37 den
2188 2515 127 38 Ohren
2354 2518 74 37 auf.
2484 2519 82 37 Wir
2594 2521 87 36 sind
2721 2520 170 38 feierlich

1992 2565 74 35 und
2096 2575 44 26 so
2169 2566 306 48 melancholisch,
2505 2571 70 36 wir
2602 2571 99 37 alten
2718 2571 175 38 Priester.

1991 2614 49 37 Im
2060 2615 93 36 Taie
2181 2618 148 47 schlâgt
2358 2630 84 26 man
2472 2620 62 37 die
2564 2631 159 38 grossen
2740 2621 132 38 Kessel-

1990 2666 162 46 pauken,
2195 2677 41 26 es
2274 2669 114 47 steigt
2425 2670 62 36 die
2528 2670 273 48 Zinnoberflut,
2831 2673 62 36 die

1990 2715 325 40 Porzellansterne
2334 2719 115 38 fallen
2465 2722 118 37 herab
2597 2745 16 5 -
2627 2724 110 36 eioéh
2754 2724 109 36 eioéh
2879 2745 16 5 -

1990 2767 70 35 wir
2087 2767 86 36 sind
2216 2777 43 27 so
2286 2769 170 38 feierlich
2498 2772 76 37 und
2616 2773 183 38 ernsthaft
2830 2784 62 26 um

1991 2817 107 35 diese
2139 2817 154 39 Stunde.
2335 2820 83 37 Wir
2463 2823 124 36 haben
2633 2825 62 36 die
2741 2824 150 37 kleinen

1991 2868 123 46 Dinge
2134 2870 174 45 verlernt,
2325 2872 70 36 wir
2422 2875 124 36 rissen
2575 2875 63 37 die
2655 2875 236 48 Hyazinthen

1990 2930 73 25 von
2094 2930 150 26 unserm
2265 2921 109 48 Kopf,
2404 2925 70 37 wir
2502 2926 180 47 klappten
2711 2927 63 37 die
2794 2926 96 38 Erde

1990 2984 68 26 aus
2087 2984 150 26 unserm
2268 2974 142 38 Bauch.
2470 2974 79 38 Das
2578 2976 190 46 bedeutet,
2797 2978 93 37 dass

1988 3025 71 35 wir
2087 3025 87 35 sehr
2192 3024 169 37 feierlich
2383 3026 99 35 sind.
2513 3026 133 37 Haben
2667 3029 72 36 wir
2755 3028 136 47 jemals

1988 3077 105 35 mehr
2121 3076 132 37 Grund
2291 3077 150 45 gehabt.
2471 3087 70 26 uns
2569 3079 121 45 tôlier,
2719 3080 171 44 schôner,

1988 3127 298 46 wahnwitziger,
2314 3127 213 37 feierlicher
2555 3139 44 25 zu
2627 3130 194 46 gebàrden
2837 3130 22 39 ?
2877 3152 16 6 -

1986 3176 134 47 jemals
2141 3178 105 35 mehr
2261 3177 132 37 Grund
2414 3178 151 47 gehabt,
2583 3180 73 36 den
2673 3181 216 47 glûhenden

1989 3226 124 38 Rauch
2143 3237 68 26 aus
2239 3238 156 26 unserer
2421 3228 102 37 Nase
2564 3240 45 26 zu
2638 3230 134 37 bîasen
2813 3232 76 36 und

1987 3277 138 36 stolzer
2145 3288 44 26 zu
2209 3278 112 39 sein?
2349 3278 84 37 Wir
2451 3279 184 48 schlugen
2657 3282 60 35 ein
2733 3280 138 39 Viertel-

1986 3327 245 46 jahrhundert
2258 3330 63 37 tôt,
2347 3330 71 34 wir
2437 3329 183 47 schlugen
2642 3332 124 47 einige
2786 3332 84 47 Jahr-

1988 3377 183 36 hunderte
2216 3380 53 34 tôt
2313 3389 45 25 zu
2394 3378 172 38 Gunsten
2613 3381 151 49 dessen,
2806 3392 83 27 was

1987 3427 117 36 durch
2133 3437 71 27 uns
2232 3428 151 37 kommt.
2439 3429 57 36 Ihr
2524 3429 118 39 kônnt
2669 3442 41 26 es
2740 3441 148 27 nennen

1985 3477 76 36 wie
2089 3478 58 36 ihr
2173 3479 107 36 wollt
2299 3490 7 25 :
2352 3478 212 48 Chirurgie,
2611 3481 276 48 Kleptomanie,

1987 3526 280 49 Kallographie;
2296 3529 99 36 denn
2425 3540 42 26 es
2494 3531 121 37 heisst
2644 3533 131 35 immer
2802 3543 85 26 nur:

1986 3576 84 37 Wir
2097 3579 98 42 sind,
2226 3580 68 34 wir
2314 3580 123 35 haben
2467 3581 120 37 etwas
2616 3582 209 47 gearbeitet
2840 3605 46 4 —

1987 3627 237 45 Révolution,
2242 3628 195 46 Reaktion,
2451 3629 227 39 Extrablatt:
2687 3632 71 35 wir
2769 3632 87 36 sind
2872 3655 16 5 -

1986 3678 70 35 wir
2084 3678 85 36 sind
2198 3700 13 5 -
2240 3689 60 25 am
2338 3680 154 37 ehesten
2521 3682 95 35 noch
2645 3680 111 38 Dada
2783 3703 16 7 -
2827 3693 59 26 am

1986 3728 154 36 ehesten
2169 3729 95 35 noch
2294 3729 60 36 ein
2369 3729 117 46 Wort,
2508 3731 140 37 dessen
2664 3731 223 38 Phantastik

1986 3777 250 38 unerfindlich
2267 3779 58 36 ist.

1985 3907 98 39 (1916)
2303 3908 211 36 RICHARD
2538 3912 344 34 HUELSENBECK
