<?xml version="1.0" encoding="UTF-8"?>
<alto xmlns:xsi="http://www.w3.org/2001/XMLSchema-instance" xmlns="http://www.loc.gov/standards/alto/ns-v2#" xsi:schemaLocation="http://www.loc.gov/standards/alto/ns-v2# http://www.loc.gov/standards/alto/alto-v2.0.xsd" xmlns:xlink="http://www.w3.org/1999/xlink">
	<Description>
		<MeasurementUnit>mm10</MeasurementUnit>
		<sourceImageInformation>
			<fileName>//fileserver7/IN2/Princeton/Batch5/bmtnabi/1859/10/01_01/00000329.tif</fileName>
		</sourceImageInformation>
		<OCRProcessing ID="OCRPROCESSING_1">
			<preProcessingStep>
				<processingSoftware>
					<softwareCreator>CCS Content Conversion Specialists GmbH, Germany</softwareCreator>
					<softwareName>CCS docWORKS</softwareName>
					<softwareVersion>6.6-1.18</softwareVersion>
				</processingSoftware>
			</preProcessingStep>
			<ocrProcessingStep>
				<processingSoftware>
					<softwareCreator>ABBYY (BIT Software), Russia</softwareCreator>
					<softwareName>FineReader</softwareName>
					<softwareVersion>10.0</softwareVersion>
				</processingSoftware>
			</ocrProcessingStep>
		</OCRProcessing>
		<OCRProcessing ID="OCRPROCESSING_2">
			<preProcessingStep>
				<processingSoftware>
					<softwareCreator>CCS Content Conversion Specialists GmbH, Germany</softwareCreator>
					<softwareName>CCS docWORKS</softwareName>
					<softwareVersion>6.6-1.18</softwareVersion>
				</processingSoftware>
			</preProcessingStep>
			<ocrProcessingStep>
				<processingSoftware>
					<softwareCreator>ABBYY (BIT Software), Russia</softwareCreator>
					<softwareName>NA</softwareName>
				</processingSoftware>
			</ocrProcessingStep>
		</OCRProcessing>
	</Description>
	<Styles>
		<TextStyle ID="TXT_0" FONTSIZE="40" FONTFAMILY="Unknown"/>
		<TextStyle ID="TXT_1" FONTSIZE="12" FONTFAMILY="Times New Roman"/>
		<TextStyle ID="TXT_2" FONTSIZE="12" FONTFAMILY="Times New Roman" FONTSTYLE="bold"/>
		<ParagraphStyle ID="PAR_CENTER" ALIGN="Center"/>
		<ParagraphStyle ID="PAR_LEFT" ALIGN="Left"/>
		<ParagraphStyle ID="PAR_BLOCK" ALIGN="Block"/>
	</Styles>
	<Layout>
		<Page ID="P7" PHYSICAL_IMG_NR="7" HEIGHT="4338" WIDTH="3424" PRINTED_IMG_NR="319" PC="0.916">
			<TopMargin ID="P7_TM00001" HPOS="0" VPOS="0" WIDTH="3424" HEIGHT="285">
				<TextBlock ID="P7_TB00001" HPOS="1670" VPOS="232" WIDTH="102" HEIGHT="51" STYLEREFS="TXT_0 PAR_CENTER">
					<TextLine ID="P7_TL00001" HPOS="1670" VPOS="232" WIDTH="102" HEIGHT="51">
						<String ID="P7_ST00001" HPOS="1670" VPOS="232" WIDTH="102" HEIGHT="51" CONTENT="319" WC="1.00" CC="000"/>
					</TextLine>
				</TextBlock>
			</TopMargin>
			<LeftMargin ID="P7_LM00001" HPOS="0" VPOS="285" WIDTH="189" HEIGHT="3825"/>
			<RightMargin ID="P7_RM00001" HPOS="3218" VPOS="285" WIDTH="206" HEIGHT="3825"/>
			<BottomMargin ID="P7_BM00001" HPOS="0" VPOS="4110" WIDTH="3424" HEIGHT="228"/>
			<PrintSpace ID="P7_PS00001" HPOS="189" VPOS="285" WIDTH="3029" HEIGHT="3825">
				<TextBlock ID="P7_TB00002" HPOS="364" VPOS="371" WIDTH="1146" HEIGHT="60" STYLEREFS="TXT_1 PAR_LEFT">
					<TextLine ID="P7_TL00002" HPOS="366" VPOS="371" WIDTH="1110" HEIGHT="53">
						<String ID="P7_ST00002" HPOS="366" VPOS="371" WIDTH="228" HEIGHT="53" CONTENT="Tages-" WC="0.98" CC="977773"/>
						<SP ID="P7_SP00001" HPOS="594" VPOS="424" WIDTH="34"/>
						<String ID="P7_ST00003" HPOS="628" VPOS="374" WIDTH="131" HEIGHT="40" CONTENT="und" WC="0.91" CC="778"/>
						<SP ID="P7_SP00002" HPOS="759" VPOS="424" WIDTH="34"/>
						<String ID="P7_ST00004" HPOS="793" VPOS="371" WIDTH="683" HEIGHT="53" CONTENT="Unterhaltungs-Blatt." WC="0.96" CC="00000000000000000000"/>
						<SP ID="P7_SP00003" HPOS="1476" VPOS="424" WIDTH="0"/>
					</TextLine>
				</TextBlock>
				<TextBlock ID="P7_TB00003" HPOS="189" VPOS="470" WIDTH="1497" HEIGHT="3410" STYLEREFS="TXT_1 PAR_BLOCK">
					<TextLine ID="P7_TL00003" HPOS="290" VPOS="471" WIDTH="1394" HEIGHT="54">
						<String ID="P7_ST00005" HPOS="290" VPOS="471" WIDTH="73" HEIGHT="36" CONTENT="Das" WC="0.94" CC="790"/>
						<SP ID="P7_SP00004" HPOS="363" VPOS="507" WIDTH="44"/>
						<String ID="P7_ST00006" HPOS="407" VPOS="472" WIDTH="452" HEIGHT="36" CONTENT="mittelrheinische" WC="0.99" CC="9200779774771677"/>
						<SP ID="P7_SP00005" HPOS="859" VPOS="508" WIDTH="43"/>
						<String ID="P7_ST00007" HPOS="902" VPOS="476" WIDTH="514" HEIGHT="49" CONTENT="Lehrer-Gesangfest" WC="0.99" CC="07796740709700709"/>
						<SP ID="P7_SP00006" HPOS="1416" VPOS="525" WIDTH="44"/>
						<String ID="P7_ST00008" HPOS="1460" VPOS="483" WIDTH="124" HEIGHT="34" CONTENT="wurde" WC="0.99" CC="03007"/>
						<SP ID="P7_SP00007" HPOS="1584" VPOS="525" WIDTH="43"/>
						<String ID="P7_ST00009" HPOS="1627" VPOS="495" WIDTH="57" HEIGHT="22" CONTENT="am" WC="1.00" CC="00"/>
					</TextLine>
					<TextLine ID="P7_TL00004" HPOS="215" VPOS="529" WIDTH="1469" HEIGHT="52">
						<String ID="P7_ST00010" HPOS="215" VPOS="529" WIDTH="56" HEIGHT="38" CONTENT="15." WC="0.35" CC="864"/>
						<SP ID="P7_SP00008" HPOS="271" VPOS="567" WIDTH="31"/>
						<String ID="P7_ST00011" HPOS="302" VPOS="531" WIDTH="211" HEIGHT="45" CONTENT="September" WC="0.99" CC="609000009"/>
						<SP ID="P7_SP00009" HPOS="513" VPOS="576" WIDTH="26"/>
						<String ID="P7_ST00012" HPOS="539" VPOS="532" WIDTH="37" HEIGHT="31" CONTENT="in" WC="0.82" CC="03"/>
						<SP ID="P7_SP00010" HPOS="576" VPOS="576" WIDTH="29"/>
						<String ID="P7_ST00013" HPOS="605" VPOS="529" WIDTH="240" HEIGHT="37" CONTENT="Trarbach" WC="0.97" CC="59756267"/>
						<SP ID="P7_SP00011" HPOS="845" VPOS="576" WIDTH="27"/>
						<String ID="P7_ST00014" HPOS="872" VPOS="545" WIDTH="47" HEIGHT="23" CONTENT="an" WC="0.45" CC="91"/>
						<SP ID="P7_SP00012" HPOS="919" VPOS="576" WIDTH="24"/>
						<String ID="P7_ST00015" HPOS="943" VPOS="535" WIDTH="61" HEIGHT="33" CONTENT="der" WC="0.93" CC="765"/>
						<SP ID="P7_SP00013" HPOS="1004" VPOS="576" WIDTH="22"/>
						<String ID="P7_ST00016" HPOS="1026" VPOS="536" WIDTH="118" HEIGHT="33" CONTENT="Mosel" WC="0.99" CC="00054"/>
						<SP ID="P7_SP00014" HPOS="1144" VPOS="576" WIDTH="29"/>
						<String ID="P7_ST00017" HPOS="1173" VPOS="539" WIDTH="161" HEIGHT="42" CONTENT="gefeiert." WC="0.99" CC="940400004"/>
						<SP ID="P7_SP00015" HPOS="1334" VPOS="581" WIDTH="33"/>
						<String ID="P7_ST00018" HPOS="1367" VPOS="539" WIDTH="44" HEIGHT="36" CONTENT="Es" WC="0.28" CC="76"/>
						<SP ID="P7_SP00016" HPOS="1411" VPOS="581" WIDTH="20"/>
						<String ID="P7_ST00019" HPOS="1431" VPOS="540" WIDTH="133" HEIGHT="35" CONTENT="kamen" WC="0.98" CC="06060"/>
						<SP ID="P7_SP00017" HPOS="1564" VPOS="581" WIDTH="16"/>
						<String ID="P7_ST00020" HPOS="1580" VPOS="540" WIDTH="78" HEIGHT="34" CONTENT="Com" SUBS_TYPE="HypPart1" SUBS_CONTENT="Compositionen" WC="0.58" CC="534"/>
						<HYP HPOS="1658" VPOS="540" WIDTH="26" CONTENT="-"/>
					</TextLine>
					<TextLine ID="P7_TL00005" HPOS="210" VPOS="589" WIDTH="1474" HEIGHT="55">
						<String ID="P7_ST00021" HPOS="210" VPOS="592" WIDTH="206" HEIGHT="43" CONTENT="positionen" SUBS_TYPE="HypPart2" SUBS_CONTENT="Compositionen" WC="0.81" CC="6030000600"/>
						<SP ID="P7_SP00018" HPOS="416" VPOS="635" WIDTH="28"/>
						<String ID="P7_ST00022" HPOS="444" VPOS="600" WIDTH="71" HEIGHT="22" CONTENT="von" WC="0.94" CC="346"/>
						<SP ID="P7_SP00019" HPOS="515" VPOS="635" WIDTH="29"/>
						<String ID="P7_ST00023" HPOS="544" VPOS="589" WIDTH="133" HEIGHT="40" CONTENT="Gluck," WC="0.98" CC="046337"/>
						<SP ID="P7_SP00020" HPOS="677" VPOS="635" WIDTH="39"/>
						<String ID="P7_ST00024" HPOS="716" VPOS="591" WIDTH="154" HEIGHT="44" CONTENT="Händel," WC="0.98" CC="6870331"/>
						<SP ID="P7_SP00021" HPOS="870" VPOS="635" WIDTH="42"/>
						<String ID="P7_ST00025" HPOS="912" VPOS="594" WIDTH="120" HEIGHT="43" CONTENT="Klein," WC="0.97" CC="554674"/>
						<SP ID="P7_SP00022" HPOS="1032" VPOS="637" WIDTH="40"/>
						<String ID="P7_ST00026" HPOS="1072" VPOS="595" WIDTH="85" HEIGHT="35" CONTENT="Ant." WC="0.73" CC="0604"/>
						<SP ID="P7_SP00023" HPOS="1157" VPOS="637" WIDTH="31"/>
						<String ID="P7_ST00027" HPOS="1188" VPOS="597" WIDTH="110" HEIGHT="42" CONTENT="Lotti," WC="0.71" CC="160062"/>
						<SP ID="P7_SP00024" HPOS="1298" VPOS="639" WIDTH="38"/>
						<String ID="P7_ST00028" HPOS="1336" VPOS="599" WIDTH="143" HEIGHT="44" CONTENT="Nägeli," WC="0.69" CC="0904033"/>
						<SP ID="P7_SP00025" HPOS="1479" VPOS="643" WIDTH="37"/>
						<String ID="P7_ST00029" HPOS="1516" VPOS="601" WIDTH="168" HEIGHT="43" CONTENT="Rebling," WC="0.70" CC="04402604"/>
					</TextLine>
					<TextLine ID="P7_TL00006" HPOS="210" VPOS="648" WIDTH="1474" HEIGHT="54">
						<String ID="P7_ST00030" HPOS="210" VPOS="648" WIDTH="127" HEIGHT="45" CONTENT="Spohr," WC="0.46" CC="806664"/>
						<SP ID="P7_SP00026" HPOS="337" VPOS="693" WIDTH="27"/>
						<String ID="P7_ST00031" HPOS="364" VPOS="649" WIDTH="137" HEIGHT="33" CONTENT="Wendt" WC="0.72" CC="04504"/>
						<SP ID="P7_SP00027" HPOS="501" VPOS="693" WIDTH="35"/>
						<String ID="P7_ST00032" HPOS="536" VPOS="648" WIDTH="75" HEIGHT="33" CONTENT="und" WC="0.93" CC="746"/>
						<SP ID="P7_SP00028" HPOS="611" VPOS="693" WIDTH="26"/>
						<String ID="P7_ST00033" HPOS="637" VPOS="649" WIDTH="132" HEIGHT="44" CONTENT="Flügel" WC="0.97" CC="460953"/>
						<SP ID="P7_SP00029" HPOS="769" VPOS="693" WIDTH="38"/>
						<String ID="P7_ST00034" HPOS="807" VPOS="655" WIDTH="108" HEIGHT="31" CONTENT="unter" WC="0.96" CC="65059"/>
						<SP ID="P7_SP00030" HPOS="915" VPOS="693" WIDTH="41"/>
						<String ID="P7_ST00035" HPOS="956" VPOS="653" WIDTH="62" HEIGHT="33" CONTENT="der" WC="0.99" CC="100"/>
						<SP ID="P7_SP00031" HPOS="1018" VPOS="693" WIDTH="40"/>
						<String ID="P7_ST00036" HPOS="1058" VPOS="655" WIDTH="163" HEIGHT="33" CONTENT="sicheren" WC="0.99" CC="60376100"/>
						<SP ID="P7_SP00032" HPOS="1221" VPOS="693" WIDTH="28"/>
						<String ID="P7_ST00037" HPOS="1249" VPOS="656" WIDTH="158" HEIGHT="46" CONTENT="Leitung" WC="0.99" CC="0000770"/>
						<SP ID="P7_SP00033" HPOS="1407" VPOS="702" WIDTH="35"/>
						<String ID="P7_ST00038" HPOS="1442" VPOS="658" WIDTH="61" HEIGHT="34" CONTENT="des" WC="0.98" CC="005"/>
						<SP ID="P7_SP00034" HPOS="1503" VPOS="702" WIDTH="28"/>
						<String ID="P7_ST00039" HPOS="1531" VPOS="659" WIDTH="153" HEIGHT="34" CONTENT="Lehrers" WC="0.98" CC="4076605"/>
					</TextLine>
					<TextLine ID="P7_TL00007" HPOS="210" VPOS="707" WIDTH="1476" HEIGHT="50">
						<String ID="P7_ST00040" HPOS="210" VPOS="708" WIDTH="119" HEIGHT="33" CONTENT="Herrn" WC="0.97" CC="50166"/>
						<SP ID="P7_SP00035" HPOS="329" VPOS="741" WIDTH="26"/>
						<String ID="P7_ST00041" HPOS="355" VPOS="707" WIDTH="114" HEIGHT="33" CONTENT="Fetz" WC="0.98" CC="5004"/>
						<SP ID="P7_SP00036" HPOS="469" VPOS="741" WIDTH="37"/>
						<String ID="P7_ST00042" HPOS="506" VPOS="717" WIDTH="67" HEIGHT="23" CONTENT="aus" WC="0.97" CC="070"/>
						<SP ID="P7_SP00037" HPOS="573" VPOS="741" WIDTH="28"/>
						<String ID="P7_ST00043" HPOS="601" VPOS="708" WIDTH="173" HEIGHT="35" CONTENT="Dierdorf" WC="0.99" CC="00646007"/>
						<SP ID="P7_SP00038" HPOS="774" VPOS="743" WIDTH="21"/>
						<String ID="P7_ST00044" HPOS="795" VPOS="721" WIDTH="66" HEIGHT="22" CONTENT="zur" WC="0.98" CC="060"/>
						<SP ID="P7_SP00039" HPOS="861" VPOS="743" WIDTH="26"/>
						<String ID="P7_ST00045" HPOS="887" VPOS="711" WIDTH="253" HEIGHT="46" CONTENT="Ausführung," WC="0.99" CC="06008766790"/>
						<SP ID="P7_SP00040" HPOS="1140" VPOS="757" WIDTH="43"/>
						<String ID="P7_ST00046" HPOS="1183" VPOS="713" WIDTH="46" HEIGHT="34" CONTENT="da" WC="1.00" CC="00"/>
						<SP ID="P7_SP00041" HPOS="1229" VPOS="757" WIDTH="27"/>
						<String ID="P7_ST00047" HPOS="1256" VPOS="714" WIDTH="95" HEIGHT="34" CONTENT="Herr" WC="0.98" CC="6000"/>
						<SP ID="P7_SP00042" HPOS="1351" VPOS="757" WIDTH="26"/>
						<String ID="P7_ST00048" HPOS="1377" VPOS="716" WIDTH="309" HEIGHT="34" CONTENT="Musik-Director" WC="0.87" CC="03000500032020"/>
					</TextLine>
					<TextLine ID="P7_TL00008" HPOS="209" VPOS="765" WIDTH="1477" HEIGHT="50">
						<String ID="P7_ST00049" HPOS="209" VPOS="766" WIDTH="134" HEIGHT="43" CONTENT="Flügel" WC="0.98" CC="660040"/>
						<SP ID="P7_SP00043" HPOS="343" VPOS="809" WIDTH="26"/>
						<String ID="P7_ST00050" HPOS="369" VPOS="765" WIDTH="118" HEIGHT="34" CONTENT="durch" WC="0.98" CC="06037"/>
						<SP ID="P7_SP00044" HPOS="487" VPOS="809" WIDTH="27"/>
						<String ID="P7_ST00051" HPOS="514" VPOS="767" WIDTH="237" HEIGHT="34" CONTENT="Unwohlsein" WC="0.99" CC="4103756056"/>
						<SP ID="P7_SP00045" HPOS="751" VPOS="809" WIDTH="26"/>
						<String ID="P7_ST00052" HPOS="777" VPOS="769" WIDTH="38" HEIGHT="32" CONTENT="in" WC="0.65" CC="07"/>
						<SP ID="P7_SP00046" HPOS="815" VPOS="809" WIDTH="26"/>
						<String ID="P7_ST00053" HPOS="841" VPOS="769" WIDTH="133" HEIGHT="34" CONTENT="Stettin" WC="0.99" CC="7030045"/>
						<SP ID="P7_SP00047" HPOS="974" VPOS="809" WIDTH="28"/>
						<String ID="P7_ST00054" HPOS="1002" VPOS="771" WIDTH="313" HEIGHT="44" CONTENT="zurückgehalten" WC="0.99" CC="37010404706016"/>
						<SP ID="P7_SP00048" HPOS="1315" VPOS="815" WIDTH="27"/>
						<String ID="P7_ST00055" HPOS="1342" VPOS="775" WIDTH="137" HEIGHT="34" CONTENT="wurde." WC="0.97" CC="976004"/>
						<SP ID="P7_SP00049" HPOS="1479" VPOS="815" WIDTH="43"/>
						<String ID="P7_ST00056" HPOS="1522" VPOS="775" WIDTH="164" HEIGHT="34" CONTENT="Mehrere" WC="0.98" CC="2570606"/>
					</TextLine>
					<TextLine ID="P7_TL00009" HPOS="210" VPOS="825" WIDTH="1476" HEIGHT="52">
						<String ID="P7_ST00057" HPOS="210" VPOS="825" WIDTH="225" HEIGHT="44" CONTENT="ungünstige" WC="0.98" CC="7767420557"/>
						<SP ID="P7_SP00050" HPOS="435" VPOS="869" WIDTH="28"/>
						<String ID="P7_ST00058" HPOS="463" VPOS="825" WIDTH="203" HEIGHT="34" CONTENT="Umstände" WC="1.00" CC="20006000"/>
						<SP ID="P7_SP00051" HPOS="666" VPOS="869" WIDTH="39"/>
						<String ID="P7_ST00059" HPOS="705" VPOS="825" WIDTH="215" HEIGHT="45" CONTENT="bewirkten," WC="0.99" CC="7065500474"/>
						<SP ID="P7_SP00052" HPOS="920" VPOS="870" WIDTH="45"/>
						<String ID="P7_ST00060" HPOS="965" VPOS="828" WIDTH="86" HEIGHT="34" CONTENT="dass" WC="0.82" CC="0070"/>
						<SP ID="P7_SP00053" HPOS="1051" VPOS="870" WIDTH="40"/>
						<String ID="P7_ST00061" HPOS="1091" VPOS="841" WIDTH="70" HEIGHT="22" CONTENT="nur" WC="0.91" CC="769"/>
						<SP ID="P7_SP00054" HPOS="1161" VPOS="870" WIDTH="39"/>
						<String ID="P7_ST00062" HPOS="1200" VPOS="831" WIDTH="117" HEIGHT="44" CONTENT="einige" WC="0.99" CC="007602"/>
						<SP ID="P7_SP00055" HPOS="1317" VPOS="875" WIDTH="42"/>
						<String ID="P7_ST00063" HPOS="1359" VPOS="832" WIDTH="167" HEIGHT="45" CONTENT="seehszig" WC="0.56" CC="50766250"/>
						<SP ID="P7_SP00056" HPOS="1526" VPOS="877" WIDTH="26"/>
						<String ID="P7_ST00064" HPOS="1552" VPOS="833" WIDTH="134" HEIGHT="35" CONTENT="Lehrer" WC="0.99" CC="007500"/>
					</TextLine>
					<TextLine ID="P7_TL00010" HPOS="209" VPOS="883" WIDTH="1475" HEIGHT="46">
						<String ID="P7_ST00065" HPOS="209" VPOS="884" WIDTH="80" HEIGHT="33" CONTENT="sich" WC="0.94" CC="6877"/>
						<SP ID="P7_SP00057" HPOS="289" VPOS="917" WIDTH="28"/>
						<String ID="P7_ST00066" HPOS="317" VPOS="883" WIDTH="245" HEIGHT="45" CONTENT="eingefunden" WC="0.99" CC="20604063030"/>
						<SP ID="P7_SP00058" HPOS="562" VPOS="928" WIDTH="27"/>
						<String ID="P7_ST00067" HPOS="589" VPOS="884" WIDTH="139" HEIGHT="45" CONTENT="hatten," WC="0.98" CC="6000664"/>
						<SP ID="P7_SP00059" HPOS="728" VPOS="929" WIDTH="38"/>
						<String ID="P7_ST00068" HPOS="766" VPOS="886" WIDTH="175" HEIGHT="33" CONTENT="während" WC="0.97" CC="9079270"/>
						<SP ID="P7_SP00060" HPOS="941" VPOS="929" WIDTH="32"/>
						<String ID="P7_ST00069" HPOS="973" VPOS="886" WIDTH="68" HEIGHT="36" CONTENT="150" WC="0.40" CC="547"/>
						<SP ID="P7_SP00061" HPOS="1041" VPOS="929" WIDTH="29"/>
						<String ID="P7_ST00070" HPOS="1070" VPOS="887" WIDTH="191" HEIGHT="42" CONTENT="Quartiere" WC="0.98" CC="970600193"/>
						<SP ID="P7_SP00062" HPOS="1261" VPOS="929" WIDTH="43"/>
						<String ID="P7_ST00071" HPOS="1304" VPOS="891" WIDTH="65" HEIGHT="32" CONTENT="mit" WC="0.97" CC="006"/>
						<SP ID="P7_SP00063" HPOS="1369" VPOS="929" WIDTH="24"/>
						<String ID="P7_ST00072" HPOS="1393" VPOS="892" WIDTH="92" HEIGHT="33" CONTENT="Kost" WC="0.99" CC="0006"/>
						<SP ID="P7_SP00064" HPOS="1485" VPOS="929" WIDTH="27"/>
						<String ID="P7_ST00073" HPOS="1512" VPOS="893" WIDTH="36" HEIGHT="32" CONTENT="in" WC="0.79" CC="30"/>
						<SP ID="P7_SP00065" HPOS="1548" VPOS="929" WIDTH="29"/>
						<String ID="P7_ST00074" HPOS="1577" VPOS="893" WIDTH="86" HEIGHT="33" CONTENT="Trar" SUBS_TYPE="HypPart1" SUBS_CONTENT="Trarbach" WC="0.98" CC="0904"/>
						<HYP HPOS="1663" VPOS="893" WIDTH="21" CONTENT="-"/>
					</TextLine>
					<TextLine ID="P7_TL00011" HPOS="209" VPOS="942" WIDTH="1477" HEIGHT="44">
						<String ID="P7_ST00075" HPOS="209" VPOS="943" WIDTH="96" HEIGHT="33" CONTENT="bach" SUBS_TYPE="HypPart2" SUBS_CONTENT="Trarbach" WC="0.97" CC="5037"/>
						<SP ID="P7_SP00066" HPOS="305" VPOS="976" WIDTH="27"/>
						<String ID="P7_ST00076" HPOS="332" VPOS="943" WIDTH="116" HEIGHT="33" CONTENT="bereit" WC="0.98" CC="652132"/>
						<SP ID="P7_SP00067" HPOS="448" VPOS="976" WIDTH="25"/>
						<String ID="P7_ST00077" HPOS="473" VPOS="942" WIDTH="172" HEIGHT="44" CONTENT="gehalten" WC="0.99" CC="01705006"/>
						<SP ID="P7_SP00068" HPOS="645" VPOS="986" WIDTH="27"/>
						<String ID="P7_ST00078" HPOS="672" VPOS="943" WIDTH="163" HEIGHT="35" CONTENT="wurden." WC="0.99" CC="0600603"/>
						<SP ID="P7_SP00069" HPOS="835" VPOS="986" WIDTH="54"/>
						<String ID="P7_ST00079" HPOS="889" VPOS="945" WIDTH="88" HEIGHT="33" CONTENT="Man" WC="1.00" CC="000"/>
						<SP ID="P7_SP00070" HPOS="977" VPOS="986" WIDTH="41"/>
						<String ID="P7_ST00080" HPOS="1018" VPOS="947" WIDTH="99" HEIGHT="32" CONTENT="kann" WC="0.96" CC="3076"/>
						<SP ID="P7_SP00071" HPOS="1117" VPOS="986" WIDTH="43"/>
						<String ID="P7_ST00081" HPOS="1160" VPOS="947" WIDTH="57" HEIGHT="33" CONTENT="die" WC="0.97" CC="800"/>
						<SP ID="P7_SP00072" HPOS="1217" VPOS="986" WIDTH="29"/>
						<String ID="P7_ST00082" HPOS="1246" VPOS="949" WIDTH="344" HEIGHT="34" CONTENT="Gastfreundschaft" WC="1.00" CC="0300004469426000"/>
						<SP ID="P7_SP00073" HPOS="1590" VPOS="986" WIDTH="35"/>
						<String ID="P7_ST00083" HPOS="1625" VPOS="952" WIDTH="61" HEIGHT="33" CONTENT="der" WC="0.98" CC="004"/>
					</TextLine>
					<TextLine ID="P7_TL00012" HPOS="209" VPOS="1001" WIDTH="1477" HEIGHT="52">
						<String ID="P7_ST00084" HPOS="209" VPOS="1002" WIDTH="218" HEIGHT="34" CONTENT="Einwohner" WC="0.99" CC="022917300"/>
						<SP ID="P7_SP00074" HPOS="427" VPOS="1036" WIDTH="27"/>
						<String ID="P7_ST00085" HPOS="454" VPOS="1001" WIDTH="206" HEIGHT="35" CONTENT="Trarbachs" WC="0.98" CC="090970570"/>
						<SP ID="P7_SP00075" HPOS="660" VPOS="1036" WIDTH="27"/>
						<String ID="P7_ST00086" HPOS="687" VPOS="1003" WIDTH="102" HEIGHT="32" CONTENT="nicht" WC="0.97" CC="73670"/>
						<SP ID="P7_SP00076" HPOS="789" VPOS="1036" WIDTH="27"/>
						<String ID="P7_ST00087" HPOS="816" VPOS="1014" WIDTH="123" HEIGHT="34" CONTENT="genug" WC="0.98" CC="05650"/>
						<SP ID="P7_SP00077" HPOS="939" VPOS="1048" WIDTH="26"/>
						<String ID="P7_ST00088" HPOS="965" VPOS="1004" WIDTH="165" HEIGHT="35" CONTENT="rühmen." WC="0.98" CC="1060473"/>
						<SP ID="P7_SP00078" HPOS="1130" VPOS="1048" WIDTH="27"/>
						<String ID="P7_ST00089" HPOS="1157" VPOS="1005" WIDTH="130" HEIGHT="34" CONTENT="Leider" WC="0.99" CC="040005"/>
						<SP ID="P7_SP00079" HPOS="1287" VPOS="1048" WIDTH="24"/>
						<String ID="P7_ST00090" HPOS="1311" VPOS="1018" WIDTH="74" HEIGHT="23" CONTENT="war" WC="0.96" CC="009"/>
						<SP ID="P7_SP00080" HPOS="1385" VPOS="1048" WIDTH="18"/>
						<String ID="P7_ST00091" HPOS="1403" VPOS="1008" WIDTH="56" HEIGHT="33" CONTENT="die" WC="0.96" CC="055"/>
						<SP ID="P7_SP00081" HPOS="1459" VPOS="1048" WIDTH="18"/>
						<String ID="P7_ST00092" HPOS="1477" VPOS="1008" WIDTH="209" HEIGHT="45" CONTENT="Witterung" WC="0.99" CC="000009470"/>
					</TextLine>
					<TextLine ID="P7_TL00013" HPOS="210" VPOS="1058" WIDTH="1474" HEIGHT="51">
						<String ID="P7_ST00093" HPOS="210" VPOS="1058" WIDTH="82" HEIGHT="35" CONTENT="dem" WC="0.98" CC="600"/>
						<SP ID="P7_SP00082" HPOS="292" VPOS="1093" WIDTH="18"/>
						<String ID="P7_ST00094" HPOS="310" VPOS="1060" WIDTH="109" HEIGHT="34" CONTENT="Feste" WC="0.98" CC="64300"/>
						<SP ID="P7_SP00083" HPOS="419" VPOS="1094" WIDTH="14"/>
						<String ID="P7_ST00095" HPOS="433" VPOS="1060" WIDTH="104" HEIGHT="34" CONTENT="nicht" WC="0.98" CC="50570"/>
						<SP ID="P7_SP00084" HPOS="537" VPOS="1094" WIDTH="17"/>
						<String ID="P7_ST00096" HPOS="554" VPOS="1062" WIDTH="161" HEIGHT="43" CONTENT="günstig." WC="0.99" CC="60500096"/>
						<SP ID="P7_SP00085" HPOS="715" VPOS="1105" WIDTH="29"/>
						<String ID="P7_ST00097" HPOS="744" VPOS="1061" WIDTH="49" HEIGHT="33" CONTENT="Es" WC="0.48" CC="36"/>
						<SP ID="P7_SP00086" HPOS="793" VPOS="1105" WIDTH="28"/>
						<String ID="P7_ST00098" HPOS="821" VPOS="1060" WIDTH="113" HEIGHT="34" CONTENT="fehlte" WC="0.99" CC="106302"/>
						<SP ID="P7_SP00087" HPOS="934" VPOS="1105" WIDTH="28"/>
						<String ID="P7_ST00099" HPOS="962" VPOS="1062" WIDTH="99" HEIGHT="33" CONTENT="auch" WC="0.95" CC="3667"/>
						<SP ID="P7_SP00088" HPOS="1061" VPOS="1105" WIDTH="28"/>
						<String ID="P7_ST00100" HPOS="1089" VPOS="1074" WIDTH="45" HEIGHT="22" CONTENT="an" WC="0.64" CC="07"/>
						<SP ID="P7_SP00089" HPOS="1134" VPOS="1105" WIDTH="29"/>
						<String ID="P7_ST00101" HPOS="1163" VPOS="1063" WIDTH="290" HEIGHT="46" CONTENT="Orgelspielern;" WC="1.00" CC="00023600401006"/>
						<SP ID="P7_SP00090" HPOS="1453" VPOS="1109" WIDTH="29"/>
						<String ID="P7_ST00102" HPOS="1482" VPOS="1067" WIDTH="94" HEIGHT="33" CONTENT="Herr" WC="0.97" CC="6060"/>
						<SP ID="P7_SP00091" HPOS="1576" VPOS="1109" WIDTH="21"/>
						<String ID="P7_ST00103" HPOS="1597" VPOS="1067" WIDTH="87" HEIGHT="33" CONTENT="Fetz" WC="0.99" CC="7000"/>
					</TextLine>
					<TextLine ID="P7_TL00014" HPOS="209" VPOS="1117" WIDTH="1477" HEIGHT="51">
						<String ID="P7_ST00104" HPOS="209" VPOS="1117" WIDTH="203" HEIGHT="36" CONTENT="übernahm" WC="0.98" CC="17007079"/>
						<SP ID="P7_SP00092" HPOS="412" VPOS="1153" WIDTH="41"/>
						<String ID="P7_ST00105" HPOS="453" VPOS="1119" WIDTH="173" HEIGHT="34" CONTENT="desshalb" WC="0.59" CC="03067824"/>
						<SP ID="P7_SP00093" HPOS="626" VPOS="1153" WIDTH="43"/>
						<String ID="P7_ST00106" HPOS="669" VPOS="1120" WIDTH="232" HEIGHT="34" CONTENT="sämmtliche" WC="0.61" CC="5820050474"/>
						<SP ID="P7_SP00094" HPOS="901" VPOS="1154" WIDTH="28"/>
						<String ID="P7_ST00107" HPOS="929" VPOS="1121" WIDTH="322" HEIGHT="47" CONTENT="Orgel-Vorträge," WC="1.00" CC="000153074000004"/>
						<SP ID="P7_SP00095" HPOS="1251" VPOS="1168" WIDTH="39"/>
						<String ID="P7_ST00108" HPOS="1290" VPOS="1124" WIDTH="56" HEIGHT="33" CONTENT="die" WC="0.99" CC="003"/>
						<SP ID="P7_SP00096" HPOS="1346" VPOS="1168" WIDTH="27"/>
						<String ID="P7_ST00109" HPOS="1373" VPOS="1126" WIDTH="36" HEIGHT="31" CONTENT="in" WC="0.83" CC="03"/>
						<SP ID="P7_SP00097" HPOS="1409" VPOS="1168" WIDTH="29"/>
						<String ID="P7_ST00110" HPOS="1438" VPOS="1125" WIDTH="89" HEIGHT="32" CONTENT="zwei" WC="1.00" CC="2000"/>
						<SP ID="P7_SP00098" HPOS="1527" VPOS="1168" WIDTH="27"/>
						<String ID="P7_ST00111" HPOS="1554" VPOS="1126" WIDTH="132" HEIGHT="33" CONTENT="Piecen" WC="0.72" CC="640004"/>
					</TextLine>
					<TextLine ID="P7_TL00015" HPOS="209" VPOS="1178" WIDTH="1475" HEIGHT="46">
						<String ID="P7_ST00112" HPOS="209" VPOS="1190" WIDTH="68" HEIGHT="23" CONTENT="aus" WC="0.92" CC="874"/>
						<SP ID="P7_SP00099" HPOS="277" VPOS="1213" WIDTH="26"/>
						<String ID="P7_ST00113" HPOS="303" VPOS="1178" WIDTH="151" HEIGHT="34" CONTENT="Rinck's" WC="0.59" CC="0564047"/>
						<SP ID="P7_SP00100" HPOS="454" VPOS="1213" WIDTH="21"/>
						<String ID="P7_ST00114" HPOS="475" VPOS="1178" WIDTH="254" HEIGHT="46" CONTENT="Orgelschule," WC="0.99" CC="000000577533"/>
						<SP ID="P7_SP00101" HPOS="729" VPOS="1224" WIDTH="27"/>
						<String ID="P7_ST00115" HPOS="756" VPOS="1180" WIDTH="117" HEIGHT="33" CONTENT="einem" WC="0.98" CC="06420"/>
						<SP ID="P7_SP00102" HPOS="873" VPOS="1224" WIDTH="17"/>
						<String ID="P7_ST00116" HPOS="890" VPOS="1181" WIDTH="218" HEIGHT="33" CONTENT="Präludium" WC="0.99" CC="608260060"/>
						<SP ID="P7_SP00103" HPOS="1108" VPOS="1224" WIDTH="27"/>
						<String ID="P7_ST00117" HPOS="1135" VPOS="1192" WIDTH="71" HEIGHT="24" CONTENT="von" WC="0.97" CC="006"/>
						<SP ID="P7_SP00104" HPOS="1206" VPOS="1224" WIDTH="20"/>
						<String ID="P7_ST00118" HPOS="1226" VPOS="1183" WIDTH="178" HEIGHT="34" CONTENT="Volkmar" WC="0.98" CC="9600006"/>
						<SP ID="P7_SP00105" HPOS="1404" VPOS="1224" WIDTH="27"/>
						<String ID="P7_ST00119" HPOS="1431" VPOS="1184" WIDTH="76" HEIGHT="33" CONTENT="und" WC="0.95" CC="760"/>
						<SP ID="P7_SP00106" HPOS="1507" VPOS="1224" WIDTH="27"/>
						<String ID="P7_ST00120" HPOS="1534" VPOS="1184" WIDTH="63" HEIGHT="34" CONTENT="der" WC="0.98" CC="006"/>
						<SP ID="P7_SP00107" HPOS="1597" VPOS="1224" WIDTH="21"/>
						<String ID="P7_ST00121" HPOS="1618" VPOS="1185" WIDTH="44" HEIGHT="32" CONTENT="Be" SUBS_TYPE="HypPart1" SUBS_CONTENT="Begleitung" WC="0.95" CC="52"/>
						<HYP HPOS="1662" VPOS="1185" WIDTH="22" CONTENT="-"/>
					</TextLine>
					<TextLine ID="P7_TL00016" HPOS="205" VPOS="1237" WIDTH="1477" HEIGHT="48">
						<String ID="P7_ST00122" HPOS="205" VPOS="1239" WIDTH="171" HEIGHT="45" CONTENT="gleitung" SUBS_TYPE="HypPart2" SUBS_CONTENT="Begleitung" WC="0.99" CC="63100750"/>
						<SP ID="P7_SP00108" HPOS="376" VPOS="1284" WIDTH="27"/>
						<String ID="P7_ST00123" HPOS="403" VPOS="1250" WIDTH="66" HEIGHT="22" CONTENT="zur" WC="0.94" CC="166"/>
						<SP ID="P7_SP00109" HPOS="469" VPOS="1284" WIDTH="26"/>
						<String ID="P7_ST00124" HPOS="495" VPOS="1237" WIDTH="262" HEIGHT="35" CONTENT="Fest-Cantate" WC="0.79" CC="600057020001"/>
						<SP ID="P7_SP00110" HPOS="757" VPOS="1284" WIDTH="39"/>
						<String ID="P7_ST00125" HPOS="796" VPOS="1250" WIDTH="73" HEIGHT="22" CONTENT="von" WC="0.92" CC="937"/>
						<SP ID="P7_SP00111" HPOS="869" VPOS="1284" WIDTH="34"/>
						<String ID="P7_ST00126" HPOS="903" VPOS="1239" WIDTH="43" HEIGHT="34" CONTENT="G." WC="0.79" CC="04"/>
						<SP ID="P7_SP00112" HPOS="946" VPOS="1284" WIDTH="28"/>
						<String ID="P7_ST00127" HPOS="974" VPOS="1239" WIDTH="143" HEIGHT="46" CONTENT="Flügel," WC="0.98" CC="4509434"/>
						<SP ID="P7_SP00113" HPOS="1117" VPOS="1285" WIDTH="41"/>
						<String ID="P7_ST00128" HPOS="1158" VPOS="1241" WIDTH="56" HEIGHT="35" CONTENT="die" WC="0.95" CC="056"/>
						<SP ID="P7_SP00114" HPOS="1214" VPOS="1285" WIDTH="29"/>
						<String ID="P7_ST00129" HPOS="1243" VPOS="1241" WIDTH="135" HEIGHT="35" CONTENT="Cantor" WC="0.57" CC="705056"/>
						<SP ID="P7_SP00115" HPOS="1378" VPOS="1285" WIDTH="26"/>
						<String ID="P7_ST00130" HPOS="1404" VPOS="1243" WIDTH="181" HEIGHT="34" CONTENT="Matthiae" WC="0.81" CC="00047200"/>
						<SP ID="P7_SP00116" HPOS="1585" VPOS="1285" WIDTH="29"/>
						<String ID="P7_ST00131" HPOS="1614" VPOS="1255" WIDTH="68" HEIGHT="22" CONTENT="aus" WC="0.92" CC="874"/>
					</TextLine>
					<TextLine ID="P7_TL00017" HPOS="209" VPOS="1298" WIDTH="589" HEIGHT="42">
						<String ID="P7_ST00132" HPOS="209" VPOS="1298" WIDTH="188" HEIGHT="34" CONTENT="Trarbach" WC="0.98" CC="39696046"/>
						<SP ID="P7_SP00117" HPOS="397" VPOS="1332" WIDTH="28"/>
						<String ID="P7_ST00133" HPOS="425" VPOS="1298" WIDTH="134" HEIGHT="42" CONTENT="leitete," WC="0.98" CC="64183033"/>
						<SP ID="P7_SP00118" HPOS="559" VPOS="1340" WIDTH="27"/>
						<String ID="P7_ST00134" HPOS="586" VPOS="1298" WIDTH="212" HEIGHT="35" CONTENT="bestanden." WC="0.99" CC="0050057303"/>
					</TextLine>
					<TextLine ID="P7_TL00018" HPOS="285" VPOS="1355" WIDTH="1399" HEIGHT="39">
						<String ID="P7_ST00135" HPOS="285" VPOS="1356" WIDTH="66" HEIGHT="34" CONTENT="Als" WC="0.96" CC="045"/>
						<SP ID="P7_SP00119" HPOS="351" VPOS="1390" WIDTH="28"/>
						<String ID="P7_ST00136" HPOS="379" VPOS="1357" WIDTH="146" HEIGHT="34" CONTENT="Festort" WC="0.98" CC="5060450"/>
						<SP ID="P7_SP00120" HPOS="525" VPOS="1391" WIDTH="27"/>
						<String ID="P7_ST00137" HPOS="552" VPOS="1357" WIDTH="59" HEIGHT="34" CONTENT="für" WC="0.99" CC="200"/>
						<SP ID="P7_SP00121" HPOS="611" VPOS="1391" WIDTH="30"/>
						<String ID="P7_ST00138" HPOS="641" VPOS="1355" WIDTH="95" HEIGHT="37" CONTENT="1860" WC="0.45" CC="7156"/>
						<SP ID="P7_SP00122" HPOS="736" VPOS="1392" WIDTH="28"/>
						<String ID="P7_ST00139" HPOS="764" VPOS="1357" WIDTH="50" HEIGHT="33" CONTENT="ist" WC="0.97" CC="026"/>
						<SP ID="P7_SP00123" HPOS="814" VPOS="1392" WIDTH="26"/>
						<String ID="P7_ST00140" HPOS="840" VPOS="1357" WIDTH="221" HEIGHT="34" CONTENT="Simmern" WC="0.99" CC="9000006"/>
						<SP ID="P7_SP00124" HPOS="1061" VPOS="1392" WIDTH="27"/>
						<String ID="P7_ST00141" HPOS="1088" VPOS="1358" WIDTH="74" HEIGHT="34" CONTENT="und" WC="0.94" CC="770"/>
						<SP ID="P7_SP00125" HPOS="1162" VPOS="1392" WIDTH="28"/>
						<String ID="P7_ST00142" HPOS="1190" VPOS="1359" WIDTH="52" HEIGHT="33" CONTENT="als" WC="0.97" CC="070"/>
						<SP ID="P7_SP00126" HPOS="1242" VPOS="1392" WIDTH="21"/>
						<String ID="P7_ST00143" HPOS="1263" VPOS="1361" WIDTH="80" HEIGHT="32" CONTENT="Zeit" WC="0.97" CC="0048"/>
						<SP ID="P7_SP00127" HPOS="1343" VPOS="1393" WIDTH="19"/>
						<String ID="P7_ST00144" HPOS="1362" VPOS="1359" WIDTH="57" HEIGHT="35" CONTENT="die" WC="0.99" CC="003"/>
						<SP ID="P7_SP00128" HPOS="1419" VPOS="1394" WIDTH="27"/>
						<String ID="P7_ST00145" HPOS="1446" VPOS="1363" WIDTH="92" HEIGHT="31" CONTENT="erste" WC="0.99" CC="12001"/>
						<SP ID="P7_SP00129" HPOS="1538" VPOS="1394" WIDTH="20"/>
						<String ID="P7_ST00146" HPOS="1558" VPOS="1361" WIDTH="126" HEIGHT="33" CONTENT="Hälfte" WC="0.98" CC="504702"/>
					</TextLine>
					<TextLine ID="P7_TL00019" HPOS="209" VPOS="1416" WIDTH="1474" HEIGHT="48">
						<String ID="P7_ST00147" HPOS="209" VPOS="1416" WIDTH="62" HEIGHT="34" CONTENT="des" WC="0.96" CC="820"/>
						<SP ID="P7_SP00130" HPOS="271" VPOS="1450" WIDTH="27"/>
						<String ID="P7_ST00148" HPOS="298" VPOS="1416" WIDTH="92" HEIGHT="33" CONTENT="Juni" WC="0.97" CC="2640"/>
						<SP ID="P7_SP00131" HPOS="390" VPOS="1450" WIDTH="26"/>
						<String ID="P7_ST00149" HPOS="416" VPOS="1417" WIDTH="226" HEIGHT="43" CONTENT="festgesetzt." WC="1.00" CC="305000400204"/>
						<SP ID="P7_SP00132" HPOS="642" VPOS="1460" WIDTH="53"/>
						<String ID="P7_ST00150" HPOS="695" VPOS="1416" WIDTH="91" HEIGHT="33" CONTENT="Zum" WC="0.97" CC="070"/>
						<SP ID="P7_SP00133" HPOS="786" VPOS="1460" WIDTH="42"/>
						<String ID="P7_ST00151" HPOS="828" VPOS="1417" WIDTH="258" HEIGHT="43" CONTENT="ständigen" WC="0.99" CC="040400035"/>
						<SP ID="P7_SP00134" HPOS="1086" VPOS="1460" WIDTH="40"/>
						<String ID="P7_ST00152" HPOS="1126" VPOS="1418" WIDTH="321" HEIGHT="46" CONTENT="Fest-Dirigenten" WC="0.99" CC="605040355856007"/>
						<SP ID="P7_SP00135" HPOS="1447" VPOS="1464" WIDTH="43"/>
						<String ID="P7_ST00153" HPOS="1490" VPOS="1420" WIDTH="50" HEIGHT="32" CONTENT="ist" WC="0.97" CC="006"/>
						<SP ID="P7_SP00136" HPOS="1540" VPOS="1464" WIDTH="27"/>
						<String ID="P7_ST00154" HPOS="1567" VPOS="1419" WIDTH="116" HEIGHT="34" CONTENT="durch" WC="0.97" CC="07354"/>
					</TextLine>
					<TextLine ID="P7_TL00020" HPOS="209" VPOS="1474" WIDTH="1475" HEIGHT="47">
						<String ID="P7_ST00155" HPOS="209" VPOS="1477" WIDTH="31" HEIGHT="40" CONTENT="§." WC="0.78" CC="04"/>
						<SP ID="P7_SP00137" HPOS="240" VPOS="1517" WIDTH="27"/>
						<String ID="P7_ST00156" HPOS="267" VPOS="1474" WIDTH="36" HEIGHT="35" CONTENT="4." WC="0.97" CC="00"/>
						<SP ID="P7_SP00138" HPOS="303" VPOS="1517" WIDTH="29"/>
						<String ID="P7_ST00157" HPOS="332" VPOS="1474" WIDTH="63" HEIGHT="35" CONTENT="des" WC="0.98" CC="004"/>
						<SP ID="P7_SP00139" HPOS="395" VPOS="1517" WIDTH="29"/>
						<String ID="P7_ST00158" HPOS="424" VPOS="1475" WIDTH="140" HEIGHT="34" CONTENT="Statuts" WC="0.99" CC="0000706"/>
						<SP ID="P7_SP00140" HPOS="564" VPOS="1517" WIDTH="43"/>
						<String ID="P7_ST00159" HPOS="607" VPOS="1474" WIDTH="63" HEIGHT="34" CONTENT="der" WC="0.99" CC="030"/>
						<SP ID="P7_SP00141" HPOS="670" VPOS="1517" WIDTH="42"/>
						<String ID="P7_ST00160" HPOS="712" VPOS="1474" WIDTH="312" HEIGHT="36" CONTENT="Musik-Director" WC="0.77" CC="07000104335060"/>
						<SP ID="P7_SP00142" HPOS="1024" VPOS="1517" WIDTH="37"/>
						<String ID="P7_ST00161" HPOS="1061" VPOS="1477" WIDTH="190" HEIGHT="44" CONTENT="Flügel," WC="0.99" CC="0000513"/>
						<SP ID="P7_SP00143" HPOS="1251" VPOS="1521" WIDTH="52"/>
						<String ID="P7_ST00162" HPOS="1303" VPOS="1478" WIDTH="117" HEIGHT="41" CONTENT="„der's" WC="0.75" CC="100723"/>
						<SP ID="P7_SP00144" HPOS="1420" VPOS="1521" WIDTH="28"/>
						<String ID="P7_ST00163" HPOS="1448" VPOS="1490" WIDTH="82" HEIGHT="21" CONTENT="zum" WC="0.96" CC="360"/>
						<SP ID="P7_SP00145" HPOS="1530" VPOS="1521" WIDTH="29"/>
						<String ID="P7_ST00164" HPOS="1559" VPOS="1478" WIDTH="125" HEIGHT="34" CONTENT="Gehen" WC="0.99" CC="00710"/>
					</TextLine>
					<TextLine ID="P7_TL00021" HPOS="210" VPOS="1531" WIDTH="1474" HEIGHT="49">
						<String ID="P7_ST00165" HPOS="210" VPOS="1534" WIDTH="162" HEIGHT="46" CONTENT="biachte," WC="0.62" CC="75307014"/>
						<SP ID="P7_SP00146" HPOS="372" VPOS="1580" WIDTH="30"/>
						<String ID="P7_ST00166" HPOS="402" VPOS="1535" WIDTH="55" HEIGHT="33" CONTENT="als" WC="0.98" CC="104"/>
						<SP ID="P7_SP00147" HPOS="457" VPOS="1580" WIDTH="28"/>
						<String ID="P7_ST00167" HPOS="485" VPOS="1545" WIDTH="38" HEIGHT="23" CONTENT="es" WC="0.81" CC="03"/>
						<SP ID="P7_SP00148" HPOS="523" VPOS="1580" WIDTH="27"/>
						<String ID="P7_ST00168" HPOS="550" VPOS="1533" WIDTH="104" HEIGHT="34" CONTENT="nicht" WC="0.97" CC="50670"/>
						<SP ID="P7_SP00149" HPOS="654" VPOS="1580" WIDTH="26"/>
						<String ID="P7_ST00169" HPOS="680" VPOS="1533" WIDTH="119" HEIGHT="45" CONTENT="gehen" WC="0.98" CC="00705"/>
						<SP ID="P7_SP00150" HPOS="799" VPOS="1580" WIDTH="27"/>
						<String ID="P7_ST00170" HPOS="826" VPOS="1531" WIDTH="201" HEIGHT="49" CONTENT='wollte"*),' WC="0.98" CC="7740064471"/>
						<SP ID="P7_SP00151" HPOS="1027" VPOS="1580" WIDTH="36"/>
						<String ID="P7_ST00171" HPOS="1063" VPOS="1539" WIDTH="162" HEIGHT="32" CONTENT="ernannt." WC="0.98" CC="03756804"/>
						<SP ID="P7_SP00152" HPOS="1225" VPOS="1580" WIDTH="58"/>
						<String ID="P7_ST00172" HPOS="1283" VPOS="1536" WIDTH="94" HEIGHT="34" CONTENT="Herr" WC="0.98" CC="6201"/>
						<SP ID="P7_SP00153" HPOS="1377" VPOS="1580" WIDTH="26"/>
						<String ID="P7_ST00173" HPOS="1403" VPOS="1537" WIDTH="88" HEIGHT="33" CONTENT="Fetz" WC="0.99" CC="5001"/>
						<SP ID="P7_SP00154" HPOS="1491" VPOS="1580" WIDTH="35"/>
						<String ID="P7_ST00174" HPOS="1526" VPOS="1538" WIDTH="49" HEIGHT="33" CONTENT="ist" WC="0.96" CC="090"/>
						<SP ID="P7_SP00155" HPOS="1575" VPOS="1580" WIDTH="26"/>
						<String ID="P7_ST00175" HPOS="1601" VPOS="1548" WIDTH="83" HEIGHT="22" CONTENT="zum" WC="0.96" CC="360"/>
					</TextLine>
					<TextLine ID="P7_TL00022" HPOS="206" VPOS="1591" WIDTH="736" HEIGHT="47">
						<String ID="P7_ST00176" HPOS="206" VPOS="1594" WIDTH="219" HEIGHT="44" CONTENT="Dirigenten" WC="0.98" CC="7907550925"/>
						<SP ID="P7_SP00156" HPOS="425" VPOS="1638" WIDTH="27"/>
						<String ID="P7_ST00177" HPOS="452" VPOS="1593" WIDTH="68" HEIGHT="33" CONTENT="auf" WC="0.97" CC="070"/>
						<SP ID="P7_SP00157" HPOS="520" VPOS="1638" WIDTH="18"/>
						<String ID="P7_ST00178" HPOS="538" VPOS="1593" WIDTH="85" HEIGHT="32" CONTENT="Ein" WC="0.97" CC="107"/>
						<SP ID="P7_SP00158" HPOS="623" VPOS="1638" WIDTH="28"/>
						<String ID="P7_ST00179" HPOS="651" VPOS="1591" WIDTH="94" HEIGHT="36" CONTENT="Jahr" WC="0.96" CC="3079"/>
						<SP ID="P7_SP00159" HPOS="745" VPOS="1638" WIDTH="24"/>
						<String ID="P7_ST00180" HPOS="769" VPOS="1593" WIDTH="173" HEIGHT="45" CONTENT="gewählt." WC="0.99" CC="01006302"/>
					</TextLine>
					<TextLine ID="P7_TL00023" HPOS="279" VPOS="1650" WIDTH="1405" HEIGHT="50">
						<String ID="P7_ST00181" HPOS="279" VPOS="1653" WIDTH="76" HEIGHT="33" CONTENT="Der" WC="0.95" CC="750"/>
						<SP ID="P7_SP00160" HPOS="355" VPOS="1686" WIDTH="26"/>
						<String ID="P7_ST00182" HPOS="381" VPOS="1652" WIDTH="134" HEIGHT="34" CONTENT="Verein" WC="0.99" CC="040106"/>
						<SP ID="P7_SP00161" HPOS="515" VPOS="1686" WIDTH="28"/>
						<String ID="P7_ST00183" HPOS="543" VPOS="1650" WIDTH="102" HEIGHT="34" CONTENT="zählt" WC="0.95" CC="48749"/>
						<SP ID="P7_SP00162" HPOS="645" VPOS="1686" WIDTH="26"/>
						<String ID="P7_ST00184" HPOS="671" VPOS="1653" WIDTH="252" HEIGHT="43" CONTENT="gegenwärtig" WC="0.99" CC="03047000970"/>
						<SP ID="P7_SP00163" HPOS="923" VPOS="1696" WIDTH="26"/>
						<String ID="P7_ST00185" HPOS="949" VPOS="1651" WIDTH="251" HEIGHT="35" CONTENT="zweihundert" WC="0.99" CC="60327700100"/>
						<SP ID="P7_SP00164" HPOS="1200" VPOS="1696" WIDTH="34"/>
						<String ID="P7_ST00186" HPOS="1234" VPOS="1653" WIDTH="77" HEIGHT="33" CONTENT="und" WC="0.95" CC="770"/>
						<SP ID="P7_SP00165" HPOS="1311" VPOS="1696" WIDTH="40"/>
						<String ID="P7_ST00187" HPOS="1351" VPOS="1653" WIDTH="133" HEIGHT="35" CONTENT="etliche" WC="0.98" CC="0060374"/>
						<SP ID="P7_SP00166" HPOS="1484" VPOS="1696" WIDTH="38"/>
						<String ID="P7_ST00188" HPOS="1522" VPOS="1655" WIDTH="162" HEIGHT="45" CONTENT="zwanzig" WC="0.98" CC="1587330"/>
					</TextLine>
					<TextLine ID="P7_TL00024" HPOS="204" VPOS="1710" WIDTH="1477" HEIGHT="46">
						<String ID="P7_ST00189" HPOS="204" VPOS="1711" WIDTH="220" HEIGHT="45" CONTENT="Mitglieder." WC="0.99" CC="00004020464"/>
						<SP ID="P7_SP00167" HPOS="424" VPOS="1756" WIDTH="28"/>
						<String ID="P7_ST00190" HPOS="452" VPOS="1711" WIDTH="96" HEIGHT="33" CONTENT="Herr" WC="0.97" CC="5060"/>
						<SP ID="P7_SP00168" HPOS="548" VPOS="1756" WIDTH="26"/>
						<String ID="P7_ST00191" HPOS="574" VPOS="1711" WIDTH="111" HEIGHT="33" CONTENT="Prass" WC="0.86" CC="00033"/>
						<SP ID="P7_SP00169" HPOS="685" VPOS="1756" WIDTH="27"/>
						<String ID="P7_ST00192" HPOS="712" VPOS="1712" WIDTH="50" HEIGHT="32" CONTENT="ist" WC="0.98" CC="050"/>
						<SP ID="P7_SP00170" HPOS="762" VPOS="1756" WIDTH="26"/>
						<String ID="P7_ST00193" HPOS="788" VPOS="1710" WIDTH="165" HEIGHT="35" CONTENT="Cassirer" WC="0.76" CC="60533000"/>
						<SP ID="P7_SP00171" HPOS="953" VPOS="1756" WIDTH="26"/>
						<String ID="P7_ST00194" HPOS="979" VPOS="1711" WIDTH="77" HEIGHT="34" CONTENT="und" WC="0.95" CC="760"/>
						<SP ID="P7_SP00172" HPOS="1056" VPOS="1756" WIDTH="26"/>
						<String ID="P7_ST00195" HPOS="1082" VPOS="1712" WIDTH="94" HEIGHT="33" CONTENT="Herr" WC="0.99" CC="6000"/>
						<SP ID="P7_SP00173" HPOS="1176" VPOS="1756" WIDTH="27"/>
						<String ID="P7_ST00196" HPOS="1203" VPOS="1711" WIDTH="181" HEIGHT="35" CONTENT="Drescher" WC="0.98" CC="00345709"/>
						<SP ID="P7_SP00174" HPOS="1384" VPOS="1756" WIDTH="22"/>
						<String ID="P7_ST00197" HPOS="1406" VPOS="1713" WIDTH="275" HEIGHT="43" CONTENT="Schriftführer;" WC="0.99" CC="03745056070026"/>
					</TextLine>
					<TextLine ID="P7_TL00025" HPOS="203" VPOS="1770" WIDTH="1479" HEIGHT="48">
						<String ID="P7_ST00198" HPOS="203" VPOS="1770" WIDTH="107" HEIGHT="35" CONTENT="beide" WC="0.97" CC="96006"/>
						<SP ID="P7_SP00175" HPOS="310" VPOS="1805" WIDTH="27"/>
						<String ID="P7_ST00199" HPOS="337" VPOS="1771" WIDTH="82" HEIGHT="34" CONTENT="sind" WC="0.94" CC="6766"/>
						<SP ID="P7_SP00176" HPOS="419" VPOS="1805" WIDTH="27"/>
						<String ID="P7_ST00200" HPOS="446" VPOS="1770" WIDTH="137" HEIGHT="33" CONTENT="Lehrer" WC="0.98" CC="127940"/>
						<SP ID="P7_SP00177" HPOS="583" VPOS="1805" WIDTH="26"/>
						<String ID="P7_ST00201" HPOS="609" VPOS="1771" WIDTH="37" HEIGHT="31" CONTENT="in" WC="0.73" CC="05"/>
						<SP ID="P7_SP00178" HPOS="646" VPOS="1805" WIDTH="27"/>
						<String ID="P7_ST00202" HPOS="673" VPOS="1770" WIDTH="176" HEIGHT="33" CONTENT="Neuwied" WC="0.98" CC="9370030"/>
						<SP ID="P7_SP00179" HPOS="849" VPOS="1805" WIDTH="90"/>
						<String ID="P7_ST00203" HPOS="939" VPOS="1772" WIDTH="65" HEIGHT="32" CONTENT="Die" WC="0.96" CC="405"/>
						<SP ID="P7_SP00180" HPOS="1004" VPOS="1805" WIDTH="26"/>
						<String ID="P7_ST00204" HPOS="1030" VPOS="1771" WIDTH="139" HEIGHT="33" CONTENT="Herren" WC="0.98" CC="600617"/>
						<SP ID="P7_SP00181" HPOS="1169" VPOS="1805" WIDTH="19"/>
						<String ID="P7_ST00205" HPOS="1188" VPOS="1772" WIDTH="337" HEIGHT="43" CONTENT="Regierungsräthe" WC="0.66" CC="000550686500074"/>
						<SP ID="P7_SP00182" HPOS="1525" VPOS="1815" WIDTH="21"/>
						<String ID="P7_ST00206" HPOS="1546" VPOS="1773" WIDTH="114" HEIGHT="45" CONTENT="Schap" SUBS_TYPE="HypPart1" SUBS_CONTENT="Schapper" WC="0.58" CC="76700"/>
						<HYP HPOS="1660" VPOS="1773" WIDTH="22" CONTENT="-"/>
					</TextLine>
					<TextLine ID="P7_TL00026" HPOS="203" VPOS="1829" WIDTH="1479" HEIGHT="46">
						<String ID="P7_ST00207" HPOS="203" VPOS="1841" WIDTH="65" HEIGHT="34" CONTENT="per" SUBS_TYPE="HypPart2" SUBS_CONTENT="Schapper" WC="0.46" CC="941"/>
						<SP ID="P7_SP00183" HPOS="268" VPOS="1875" WIDTH="28"/>
						<String ID="P7_ST00208" HPOS="296" VPOS="1841" WIDTH="67" HEIGHT="23" CONTENT="aus" WC="0.96" CC="064"/>
						<SP ID="P7_SP00184" HPOS="363" VPOS="1875" WIDTH="28"/>
						<String ID="P7_ST00209" HPOS="391" VPOS="1829" WIDTH="171" HEIGHT="43" CONTENT="Coblenz," WC="0.56" CC="45735404"/>
						<SP ID="P7_SP00185" HPOS="562" VPOS="1875" WIDTH="45"/>
						<String ID="P7_ST00210" HPOS="607" VPOS="1829" WIDTH="63" HEIGHT="34" CONTENT="der" WC="0.94" CC="079"/>
						<SP ID="P7_SP00186" HPOS="670" VPOS="1875" WIDTH="27"/>
						<String ID="P7_ST00211" HPOS="697" VPOS="1829" WIDTH="79" HEIGHT="34" CONTENT="sich" WC="0.95" CC="6656"/>
						<SP ID="P7_SP00187" HPOS="776" VPOS="1875" WIDTH="35"/>
						<String ID="P7_ST00212" HPOS="811" VPOS="1829" WIDTH="339" HEIGHT="35" CONTENT="thatsächlich" WC="0.60" CC="069020573066"/>
						<SP ID="P7_SP00188" HPOS="1150" VPOS="1875" WIDTH="42"/>
						<String ID="P7_ST00213" HPOS="1192" VPOS="1831" WIDTH="58" HEIGHT="33" CONTENT="für" WC="0.97" CC="403"/>
						<SP ID="P7_SP00189" HPOS="1250" VPOS="1875" WIDTH="29"/>
						<String ID="P7_ST00214" HPOS="1279" VPOS="1831" WIDTH="67" HEIGHT="34" CONTENT="den" WC="0.96" CC="056"/>
						<SP ID="P7_SP00190" HPOS="1346" VPOS="1875" WIDTH="27"/>
						<String ID="P7_ST00215" HPOS="1373" VPOS="1832" WIDTH="132" HEIGHT="33" CONTENT="Verein" WC="0.99" CC="006006"/>
						<SP ID="P7_SP00191" HPOS="1505" VPOS="1875" WIDTH="26"/>
						<String ID="P7_ST00216" HPOS="1531" VPOS="1834" WIDTH="133" HEIGHT="32" CONTENT="interes" SUBS_TYPE="HypPart1" SUBS_CONTENT="interessirfc," WC="0.85" CC="0700000"/>
						<HYP HPOS="1664" VPOS="1834" WIDTH="18" CONTENT="-"/>
					</TextLine>
					<TextLine ID="P7_TL00027" HPOS="204" VPOS="1888" WIDTH="1403" HEIGHT="47">
						<String ID="P7_ST00217" HPOS="204" VPOS="1890" WIDTH="78" HEIGHT="41" CONTENT="sirfc," SUBS_TYPE="HypPart2" SUBS_CONTENT="interessirfc," WC="0.42" CC="365773"/>
						<SP ID="P7_SP00192" HPOS="282" VPOS="1931" WIDTH="39"/>
						<String ID="P7_ST00218" HPOS="321" VPOS="1888" WIDTH="76" HEIGHT="35" CONTENT="und" WC="0.96" CC="830"/>
						<SP ID="P7_SP00193" HPOS="397" VPOS="1931" WIDTH="38"/>
						<String ID="P7_ST00219" HPOS="435" VPOS="1889" WIDTH="123" HEIGHT="44" CONTENT="Spiess" WC="0.75" CC="004036"/>
						<SP ID="P7_SP00194" HPOS="558" VPOS="1933" WIDTH="40"/>
						<String ID="P7_ST00220" HPOS="598" VPOS="1900" WIDTH="67" HEIGHT="21" CONTENT="aus" WC="0.94" CC="770"/>
						<SP ID="P7_SP00195" HPOS="665" VPOS="1933" WIDTH="29"/>
						<String ID="P7_ST00221" HPOS="694" VPOS="1889" WIDTH="103" HEIGHT="32" CONTENT="Trier" WC="0.98" CC="00029"/>
						<SP ID="P7_SP00196" HPOS="797" VPOS="1933" WIDTH="40"/>
						<String ID="P7_ST00222" HPOS="837" VPOS="1900" WIDTH="119" HEIGHT="22" CONTENT="waren" WC="0.97" CC="53506"/>
						<SP ID="P7_SP00197" HPOS="956" VPOS="1933" WIDTH="41"/>
						<String ID="P7_ST00223" HPOS="997" VPOS="1890" WIDTH="54" HEIGHT="32" CONTENT="als" WC="0.93" CC="765"/>
						<SP ID="P7_SP00198" HPOS="1051" VPOS="1933" WIDTH="28"/>
						<String ID="P7_ST00224" HPOS="1079" VPOS="1890" WIDTH="228" HEIGHT="44" CONTENT="Ehrengäste" WC="0.99" CC="1750000602"/>
						<SP ID="P7_SP00199" HPOS="1307" VPOS="1934" WIDTH="41"/>
						<String ID="P7_ST00225" HPOS="1348" VPOS="1893" WIDTH="259" HEIGHT="42" CONTENT="gegenwärtig." WC="0.99" CC="960470070303"/>
						<SP ID="P7_SP00200" HPOS="1607" VPOS="1935" WIDTH="0"/>
					</TextLine>
					<TextLine ID="P7_TL00028" HPOS="203" VPOS="1947" WIDTH="1479" HEIGHT="38">
						<String ID="P7_ST00226" HPOS="203" VPOS="1949" WIDTH="71" HEIGHT="33" CONTENT="Die" WC="0.95" CC="706"/>
						<SP ID="P7_SP00201" HPOS="274" VPOS="1982" WIDTH="27"/>
						<String ID="P7_ST00227" HPOS="301" VPOS="1949" WIDTH="160" HEIGHT="34" CONTENT="überaus" WC="0.98" CC="0600961"/>
						<SP ID="P7_SP00202" HPOS="461" VPOS="1983" WIDTH="29"/>
						<String ID="P7_ST00228" HPOS="490" VPOS="1947" WIDTH="228" HEIGHT="35" CONTENT="freundliche" WC="0.99" CC="05440050570"/>
						<SP ID="P7_SP00203" HPOS="718" VPOS="1983" WIDTH="28"/>
						<String ID="P7_ST00229" HPOS="746" VPOS="1948" WIDTH="75" HEIGHT="33" CONTENT="und" WC="0.95" CC="760"/>
						<SP ID="P7_SP00204" HPOS="821" VPOS="1983" WIDTH="26"/>
						<String ID="P7_ST00230" HPOS="847" VPOS="1948" WIDTH="158" HEIGHT="34" CONTENT="humane" WC="0.97" CC="780445"/>
						<SP ID="P7_SP00205" HPOS="1005" VPOS="1983" WIDTH="27"/>
						<String ID="P7_ST00231" HPOS="1032" VPOS="1949" WIDTH="208" HEIGHT="35" CONTENT="Aufnahme" WC="0.98" CC="05070783"/>
						<SP ID="P7_SP00206" HPOS="1240" VPOS="1984" WIDTH="26"/>
						<String ID="P7_ST00232" HPOS="1266" VPOS="1951" WIDTH="212" HEIGHT="34" CONTENT="verdanken" WC="0.99" CC="924000004"/>
						<SP ID="P7_SP00207" HPOS="1478" VPOS="1985" WIDTH="27"/>
						<String ID="P7_ST00233" HPOS="1505" VPOS="1951" WIDTH="56" HEIGHT="33" CONTENT="die" WC="0.99" CC="020"/>
						<SP ID="P7_SP00208" HPOS="1561" VPOS="1985" WIDTH="27"/>
						<String ID="P7_ST00234" HPOS="1588" VPOS="1952" WIDTH="71" HEIGHT="33" CONTENT="Leh" SUBS_TYPE="HypPart1" SUBS_CONTENT="Lehrer" WC="0.97" CC="207"/>
						<HYP HPOS="1659" VPOS="1952" WIDTH="23" CONTENT="-"/>
					</TextLine>
					<TextLine ID="P7_TL00029" HPOS="203" VPOS="2005" WIDTH="1478" HEIGHT="47">
						<String ID="P7_ST00235" HPOS="203" VPOS="2018" WIDTH="58" HEIGHT="22" CONTENT="rer" SUBS_TYPE="HypPart2" SUBS_CONTENT="Lehrer" WC="0.94" CC="906"/>
						<SP ID="P7_SP00209" HPOS="261" VPOS="2040" WIDTH="43"/>
						<String ID="P7_ST00236" HPOS="304" VPOS="2006" WIDTH="81" HEIGHT="34" CONTENT="dem" WC="1.00" CC="000"/>
						<SP ID="P7_SP00210" HPOS="385" VPOS="2040" WIDTH="36"/>
						<String ID="P7_ST00237" HPOS="421" VPOS="2007" WIDTH="120" HEIGHT="33" CONTENT="Herrn" WC="0.99" CC="70000"/>
						<SP ID="P7_SP00211" HPOS="541" VPOS="2040" WIDTH="42"/>
						<String ID="P7_ST00238" HPOS="583" VPOS="2005" WIDTH="139" HEIGHT="34" CONTENT="Cantor" WC="0.56" CC="640068"/>
						<SP ID="P7_SP00212" HPOS="722" VPOS="2040" WIDTH="42"/>
						<String ID="P7_ST00239" HPOS="764" VPOS="2006" WIDTH="76" HEIGHT="33" CONTENT="und" WC="0.95" CC="770"/>
						<SP ID="P7_SP00213" HPOS="840" VPOS="2040" WIDTH="42"/>
						<String ID="P7_ST00240" HPOS="882" VPOS="2006" WIDTH="221" HEIGHT="45" CONTENT="Organisten" WC="0.99" CC="4908033052"/>
						<SP ID="P7_SP00214" HPOS="1103" VPOS="2051" WIDTH="42"/>
						<String ID="P7_ST00241" HPOS="1145" VPOS="2008" WIDTH="231" HEIGHT="34" CONTENT="Matthiae" WC="0.79" CC="07007002"/>
						<SP ID="P7_SP00215" HPOS="1376" VPOS="2051" WIDTH="42"/>
						<String ID="P7_ST00242" HPOS="1418" VPOS="2010" WIDTH="36" HEIGHT="33" CONTENT="in" WC="0.29" CC="67"/>
						<SP ID="P7_SP00216" HPOS="1454" VPOS="2051" WIDTH="29"/>
						<String ID="P7_ST00243" HPOS="1483" VPOS="2009" WIDTH="198" HEIGHT="43" CONTENT="Trarbach," WC="0.98" CC="060068364"/>
					</TextLine>
					<TextLine ID="P7_TL00030" HPOS="203" VPOS="2064" WIDTH="1364" HEIGHT="40">
						<String ID="P7_ST00244" HPOS="203" VPOS="2065" WIDTH="63" HEIGHT="35" CONTENT="der" WC="0.95" CC="029"/>
						<SP ID="P7_SP00217" HPOS="266" VPOS="2100" WIDTH="28"/>
						<String ID="P7_ST00245" HPOS="294" VPOS="2066" WIDTH="81" HEIGHT="34" CONTENT="sich" WC="0.96" CC="2068"/>
						<SP ID="P7_SP00218" HPOS="375" VPOS="2100" WIDTH="26"/>
						<String ID="P7_ST00246" HPOS="401" VPOS="2066" WIDTH="56" HEIGHT="34" CONTENT="als" WC="0.94" CC="716"/>
						<SP ID="P7_SP00219" HPOS="457" VPOS="2100" WIDTH="28"/>
						<String ID="P7_ST00247" HPOS="485" VPOS="2064" WIDTH="219" HEIGHT="35" CONTENT="Festordner" WC="0.99" CC="6140400405"/>
						<SP ID="P7_SP00220" HPOS="704" VPOS="2100" WIDTH="27"/>
						<String ID="P7_ST00248" HPOS="731" VPOS="2066" WIDTH="57" HEIGHT="32" CONTENT="ein" WC="0.95" CC="660"/>
						<SP ID="P7_SP00221" HPOS="788" VPOS="2100" WIDTH="26"/>
						<String ID="P7_ST00249" HPOS="814" VPOS="2065" WIDTH="219" HEIGHT="34" CONTENT="besonderes" WC="0.99" CC="9013604506"/>
						<SP ID="P7_SP00222" HPOS="1033" VPOS="2100" WIDTH="26"/>
						<String ID="P7_ST00250" HPOS="1059" VPOS="2066" WIDTH="197" HEIGHT="34" CONTENT="Verdienst" WC="0.98" CC="040846268"/>
						<SP ID="P7_SP00223" HPOS="1256" VPOS="2100" WIDTH="27"/>
						<String ID="P7_ST00251" HPOS="1283" VPOS="2068" WIDTH="185" HEIGHT="36" CONTENT="erworben" WC="0.98" CC="50056753"/>
						<SP ID="P7_SP00224" HPOS="1468" VPOS="2104" WIDTH="26"/>
						<String ID="P7_ST00252" HPOS="1494" VPOS="2068" WIDTH="73" HEIGHT="36" CONTENT="hat." WC="0.98" CC="7000"/>
					</TextLine>
					<TextLine ID="P7_TL00031" HPOS="278" VPOS="2184" WIDTH="1406" HEIGHT="48">
						<String ID="P7_ST00253" HPOS="278" VPOS="2186" WIDTH="81" HEIGHT="33" CONTENT="Auf" WC="0.94" CC="970"/>
						<SP ID="P7_SP00225" HPOS="359" VPOS="2219" WIDTH="36"/>
						<String ID="P7_ST00254" HPOS="395" VPOS="2184" WIDTH="181" HEIGHT="35" CONTENT="höchsten" WC="0.98" CC="79470007"/>
						<SP ID="P7_SP00226" HPOS="576" VPOS="2219" WIDTH="24"/>
						<String ID="P7_ST00255" HPOS="600" VPOS="2184" WIDTH="130" HEIGHT="34" CONTENT="Befehl" WC="0.98" CC="600570"/>
						<SP ID="P7_SP00227" HPOS="730" VPOS="2219" WIDTH="35"/>
						<String ID="P7_ST00256" HPOS="765" VPOS="2186" WIDTH="49" HEIGHT="32" CONTENT="ist" WC="0.99" CC="200"/>
						<SP ID="P7_SP00228" HPOS="814" VPOS="2219" WIDTH="34"/>
						<String ID="P7_ST00257" HPOS="848" VPOS="2186" WIDTH="38" HEIGHT="32" CONTENT="in" WC="0.69" CC="06"/>
						<SP ID="P7_SP00229" HPOS="886" VPOS="2219" WIDTH="41"/>
						<String ID="P7_ST00258" HPOS="927" VPOS="2185" WIDTH="69" HEIGHT="34" CONTENT="den" WC="0.98" CC="005"/>
						<SP ID="P7_SP00230" HPOS="996" VPOS="2219" WIDTH="27"/>
						<String ID="P7_ST00259" HPOS="1023" VPOS="2186" WIDTH="169" HEIGHT="33" CONTENT="Statuten" WC="0.98" CC="70706036"/>
						<SP ID="P7_SP00231" HPOS="1192" VPOS="2219" WIDTH="29"/>
						<String ID="P7_ST00260" HPOS="1221" VPOS="2186" WIDTH="62" HEIGHT="34" CONTENT="der" WC="0.99" CC="003"/>
						<SP ID="P7_SP00232" HPOS="1283" VPOS="2220" WIDTH="27"/>
						<String ID="P7_ST00261" HPOS="1310" VPOS="2186" WIDTH="189" HEIGHT="45" CONTENT="königlich" WC="0.98" CC="006703467"/>
						<SP ID="P7_SP00233" HPOS="1499" VPOS="2231" WIDTH="27"/>
						<String ID="P7_ST00262" HPOS="1526" VPOS="2190" WIDTH="139" HEIGHT="42" CONTENT="preussi" SUBS_TYPE="HypPart1" SUBS_CONTENT="preussischen" WC="0.72" CC="0236040"/>
						<HYP HPOS="1665" VPOS="2190" WIDTH="19" CONTENT="-"/>
					</TextLine>
					<TextLine ID="P7_TL00032" HPOS="203" VPOS="2242" WIDTH="1479" HEIGHT="45">
						<String ID="P7_ST00263" HPOS="203" VPOS="2244" WIDTH="112" HEIGHT="35" CONTENT="schen" SUBS_TYPE="HypPart2" SUBS_CONTENT="preussischen" WC="0.46" CC="06757"/>
						<SP ID="P7_SP00234" HPOS="315" VPOS="2279" WIDTH="28"/>
						<String ID="P7_ST00264" HPOS="343" VPOS="2243" WIDTH="275" HEIGHT="35" CONTENT="Preismärsche" WC="0.99" CC="692020800771"/>
						<SP ID="P7_SP00235" HPOS="618" VPOS="2279" WIDTH="37"/>
						<String ID="P7_ST00265" HPOS="655" VPOS="2243" WIDTH="56" HEIGHT="33" CONTENT="die" WC="0.96" CC="064"/>
						<SP ID="P7_SP00236" HPOS="711" VPOS="2279" WIDTH="28"/>
						<String ID="P7_ST00266" HPOS="739" VPOS="2242" WIDTH="224" HEIGHT="44" CONTENT="Aenderung" WC="0.72" CC="004050770"/>
						<SP ID="P7_SP00237" HPOS="963" VPOS="2286" WIDTH="43"/>
						<String ID="P7_ST00267" HPOS="1006" VPOS="2244" WIDTH="188" HEIGHT="43" CONTENT="getroffen," WC="0.99" CC="0300588941"/>
						<SP ID="P7_SP00238" HPOS="1194" VPOS="2287" WIDTH="41"/>
						<String ID="P7_ST00268" HPOS="1235" VPOS="2243" WIDTH="84" HEIGHT="34" CONTENT="dass" WC="0.47" CC="0955"/>
						<SP ID="P7_SP00239" HPOS="1319" VPOS="2287" WIDTH="41"/>
						<String ID="P7_ST00269" HPOS="1360" VPOS="2256" WIDTH="65" HEIGHT="22" CONTENT="zur" WC="0.96" CC="062"/>
						<SP ID="P7_SP00240" HPOS="1425" VPOS="2287" WIDTH="28"/>
						<String ID="P7_ST00270" HPOS="1453" VPOS="2245" WIDTH="229" HEIGHT="36" CONTENT="Concurrenz" WC="0.68" CC="6403700090"/>
					</TextLine>
					<TextLine ID="P7_TL00033" HPOS="203" VPOS="2300" WIDTH="1478" HEIGHT="51">
						<String ID="P7_ST00271" HPOS="203" VPOS="2315" WIDTH="73" HEIGHT="22" CONTENT="von" WC="0.92" CC="937"/>
						<SP ID="P7_SP00241" HPOS="276" VPOS="2337" WIDTH="27"/>
						<String ID="P7_ST00272" HPOS="303" VPOS="2300" WIDTH="466" HEIGHT="45" CONTENT="Marsch-Compositionen" WC="0.63" CC="09904637000730050608"/>
						<SP ID="P7_SP00242" HPOS="769" VPOS="2345" WIDTH="26"/>
						<String ID="P7_ST00273" HPOS="795" VPOS="2302" WIDTH="94" HEIGHT="33" CONTENT="auch" WC="0.96" CC="0665"/>
						<SP ID="P7_SP00243" HPOS="889" VPOS="2345" WIDTH="30"/>
						<String ID="P7_ST00274" HPOS="919" VPOS="2301" WIDTH="123" HEIGHT="34" CONTENT="solche" WC="0.97" CC="436372"/>
						<SP ID="P7_SP00244" HPOS="1042" VPOS="2345" WIDTH="26"/>
						<String ID="P7_ST00275" HPOS="1068" VPOS="2302" WIDTH="182" HEIGHT="33" CONTENT="Preussen" WC="0.75" CC="03070053"/>
						<SP ID="P7_SP00245" HPOS="1250" VPOS="2345" WIDTH="28"/>
						<String ID="P7_ST00276" HPOS="1278" VPOS="2303" WIDTH="220" HEIGHT="44" CONTENT="zugelasseu" WC="0.83" CC="2500000007"/>
						<SP ID="P7_SP00246" HPOS="1498" VPOS="2347" WIDTH="28"/>
						<String ID="P7_ST00277" HPOS="1526" VPOS="2306" WIDTH="155" HEIGHT="45" CONTENT="werden," WC="1.00" CC="0000004"/>
					</TextLine>
					<TextLine ID="P7_TL00034" HPOS="203" VPOS="2360" WIDTH="1479" HEIGHT="43">
						<String ID="P7_ST00278" HPOS="203" VPOS="2361" WIDTH="137" HEIGHT="35" CONTENT="welche" WC="0.99" CC="120370"/>
						<SP ID="P7_SP00247" HPOS="340" VPOS="2396" WIDTH="21"/>
						<String ID="P7_ST00279" HPOS="361" VPOS="2361" WIDTH="113" HEIGHT="41" CONTENT="nicht," WC="0.97" CC="932792"/>
						<SP ID="P7_SP00248" HPOS="474" VPOS="2402" WIDTH="29"/>
						<String ID="P7_ST00280" HPOS="503" VPOS="2361" WIDTH="68" HEIGHT="33" CONTENT="wie" WC="1.00" CC="000"/>
						<SP ID="P7_SP00249" HPOS="571" VPOS="2402" WIDTH="20"/>
						<String ID="P7_ST00281" HPOS="591" VPOS="2360" WIDTH="57" HEIGHT="33" CONTENT="die" WC="0.93" CC="746"/>
						<SP ID="P7_SP00250" HPOS="648" VPOS="2402" WIDTH="20"/>
						<String ID="P7_ST00282" HPOS="668" VPOS="2360" WIDTH="170" HEIGHT="34" CONTENT="früheren" WC="0.98" CC="79064032"/>
						<SP ID="P7_SP00251" HPOS="838" VPOS="2402" WIDTH="16"/>
						<String ID="P7_ST00283" HPOS="854" VPOS="2361" WIDTH="169" HEIGHT="33" CONTENT="Statuten" WC="0.98" CC="70807046"/>
						<SP ID="P7_SP00252" HPOS="1023" VPOS="2402" WIDTH="17"/>
						<String ID="P7_ST00284" HPOS="1040" VPOS="2361" WIDTH="243" HEIGHT="42" CONTENT="bestimmten," WC="0.99" CC="60000003294"/>
						<SP ID="P7_SP00253" HPOS="1283" VPOS="2403" WIDTH="18"/>
						<String ID="P7_ST00285" HPOS="1301" VPOS="2363" WIDTH="49" HEIGHT="31" CONTENT="im" WC="1.00" CC="00"/>
						<SP ID="P7_SP00254" HPOS="1350" VPOS="2403" WIDTH="20"/>
						<String ID="P7_ST00286" HPOS="1370" VPOS="2363" WIDTH="143" HEIGHT="33" CONTENT="activen" WC="0.81" CC="0580000"/>
						<SP ID="P7_SP00255" HPOS="1513" VPOS="2403" WIDTH="17"/>
						<String ID="P7_ST00287" HPOS="1530" VPOS="2365" WIDTH="152" HEIGHT="34" CONTENT="Dienste" WC="0.99" CC="0044301"/>
					</TextLine>
					<TextLine ID="P7_TL00035" HPOS="203" VPOS="2418" WIDTH="1480" HEIGHT="47">
						<String ID="P7_ST00288" HPOS="203" VPOS="2420" WIDTH="63" HEIGHT="35" CONTENT="der" WC="0.92" CC="767"/>
						<SP ID="P7_SP00256" HPOS="266" VPOS="2455" WIDTH="26"/>
						<String ID="P7_ST00289" HPOS="292" VPOS="2419" WIDTH="262" HEIGHT="46" CONTENT="preussischen" WC="0.71" CC="032016006706"/>
						<SP ID="P7_SP00257" HPOS="554" VPOS="2465" WIDTH="27"/>
						<String ID="P7_ST00290" HPOS="581" VPOS="2419" WIDTH="129" HEIGHT="33" CONTENT="Armee" WC="0.98" CC="10037"/>
						<SP ID="P7_SP00258" HPOS="710" VPOS="2465" WIDTH="28"/>
						<String ID="P7_ST00291" HPOS="738" VPOS="2418" WIDTH="137" HEIGHT="36" CONTENT="stehen." WC="0.98" CC="6047354"/>
						<SP ID="P7_SP00259" HPOS="875" VPOS="2465" WIDTH="53"/>
						<String ID="P7_ST00292" HPOS="928" VPOS="2419" WIDTH="48" HEIGHT="33" CONTENT="Es" WC="0.70" CC="05"/>
						<SP ID="P7_SP00260" HPOS="976" VPOS="2465" WIDTH="28"/>
						<String ID="P7_ST00293" HPOS="1004" VPOS="2419" WIDTH="90" HEIGHT="33" CONTENT="wird" WC="0.97" CC="9300"/>
						<SP ID="P7_SP00261" HPOS="1094" VPOS="2465" WIDTH="30"/>
						<String ID="P7_ST00294" HPOS="1124" VPOS="2419" WIDTH="163" HEIGHT="33" CONTENT="dadurch" WC="0.99" CC="0007057"/>
						<SP ID="P7_SP00262" HPOS="1287" VPOS="2465" WIDTH="28"/>
						<String ID="P7_ST00295" HPOS="1315" VPOS="2420" WIDTH="79" HEIGHT="33" CONTENT="eine" WC="0.97" CC="4081"/>
						<SP ID="P7_SP00263" HPOS="1394" VPOS="2465" WIDTH="27"/>
						<String ID="P7_ST00296" HPOS="1421" VPOS="2424" WIDTH="168" HEIGHT="41" CONTENT="grössere" WC="0.99" CC="00004155"/>
						<SP ID="P7_SP00264" HPOS="1589" VPOS="2465" WIDTH="26"/>
						<String ID="P7_ST00297" HPOS="1615" VPOS="2424" WIDTH="46" HEIGHT="33" CONTENT="Be" SUBS_TYPE="HypPart1" SUBS_CONTENT="Betheiligung" WC="0.96" CC="50"/>
						<HYP HPOS="1661" VPOS="2424" WIDTH="22" CONTENT="-"/>
					</TextLine>
					<TextLine ID="P7_TL00036" HPOS="202" VPOS="2478" WIDTH="1480" HEIGHT="49">
						<String ID="P7_ST00298" HPOS="202" VPOS="2480" WIDTH="211" HEIGHT="44" CONTENT="theiligung" SUBS_TYPE="HypPart2" SUBS_CONTENT="Betheiligung" WC="0.99" CC="0500569770"/>
						<SP ID="P7_SP00265" HPOS="413" VPOS="2524" WIDTH="44"/>
						<String ID="P7_ST00299" HPOS="457" VPOS="2490" WIDTH="72" HEIGHT="22" CONTENT="von" WC="0.97" CC="015"/>
						<SP ID="P7_SP00266" HPOS="529" VPOS="2524" WIDTH="37"/>
						<String ID="P7_ST00300" HPOS="566" VPOS="2478" WIDTH="260" HEIGHT="44" CONTENT="Componisten" WC="0.77" CC="60005712000"/>
						<SP ID="P7_SP00267" HPOS="826" VPOS="2524" WIDTH="46"/>
						<String ID="P7_ST00301" HPOS="872" VPOS="2478" WIDTH="234" HEIGHT="44" CONTENT="ermöglicht;" WC="0.99" CC="39000464669"/>
						<SP ID="P7_SP00268" HPOS="1106" VPOS="2524" WIDTH="43"/>
						<String ID="P7_ST00302" HPOS="1149" VPOS="2478" WIDTH="57" HEIGHT="33" CONTENT="die" WC="0.94" CC="644"/>
						<SP ID="P7_SP00269" HPOS="1206" VPOS="2524" WIDTH="39"/>
						<String ID="P7_ST00303" HPOS="1245" VPOS="2480" WIDTH="176" HEIGHT="33" CONTENT="frankirte" WC="0.82" CC="300500113"/>
						<SP ID="P7_SP00270" HPOS="1421" VPOS="2524" WIDTH="26"/>
						<String ID="P7_ST00304" HPOS="1447" VPOS="2480" WIDTH="235" HEIGHT="47" CONTENT="Einsendung" WC="0.98" CC="0577050678"/>
					</TextLine>
					<TextLine ID="P7_TL00037" HPOS="200" VPOS="2536" WIDTH="1482" HEIGHT="47">
						<String ID="P7_ST00305" HPOS="200" VPOS="2549" WIDTH="103" HEIGHT="23" CONTENT="muss" WC="0.54" CC="6406"/>
						<SP ID="P7_SP00271" HPOS="303" VPOS="2572" WIDTH="31"/>
						<String ID="P7_ST00306" HPOS="334" VPOS="2549" WIDTH="43" HEIGHT="23" CONTENT="an" WC="0.38" CC="57"/>
						<SP ID="P7_SP00272" HPOS="377" VPOS="2572" WIDTH="30"/>
						<String ID="P7_ST00307" HPOS="407" VPOS="2537" WIDTH="66" HEIGHT="34" CONTENT="den" WC="0.97" CC="007"/>
						<SP ID="P7_SP00273" HPOS="473" VPOS="2572" WIDTH="37"/>
						<String ID="P7_ST00308" HPOS="510" VPOS="2536" WIDTH="236" HEIGHT="45" CONTENT="königlichen" WC="0.99" CC="00660460730"/>
						<SP ID="P7_SP00274" HPOS="746" VPOS="2581" WIDTH="28"/>
						<String ID="P7_ST00309" HPOS="774" VPOS="2537" WIDTH="376" HEIGHT="34" CONTENT="Hof-Musikhändler" WC="0.99" CC="5304071706960410"/>
						<SP ID="P7_SP00275" HPOS="1150" VPOS="2581" WIDTH="25"/>
						<String ID="P7_ST00310" HPOS="1175" VPOS="2537" WIDTH="104" HEIGHT="34" CONTENT="Bock" WC="0.98" CC="4070"/>
						<SP ID="P7_SP00276" HPOS="1279" VPOS="2581" WIDTH="35"/>
						<String ID="P7_ST00311" HPOS="1314" VPOS="2539" WIDTH="38" HEIGHT="32" CONTENT="in" WC="0.71" CC="05"/>
						<SP ID="P7_SP00277" HPOS="1352" VPOS="2581" WIDTH="36"/>
						<String ID="P7_ST00312" HPOS="1388" VPOS="2539" WIDTH="172" HEIGHT="44" CONTENT="Partitur," WC="0.99" CC="650030704"/>
						<SP ID="P7_SP00278" HPOS="1560" VPOS="2583" WIDTH="39"/>
						<String ID="P7_ST00313" HPOS="1599" VPOS="2552" WIDTH="63" HEIGHT="22" CONTENT="aus" SUBS_TYPE="HypPart1" SUBS_CONTENT="ausgeschriebenen" WC="0.96" CC="960"/>
						<HYP HPOS="1662" VPOS="2552" WIDTH="20" CONTENT="-"/>
					</TextLine>
					<TextLine ID="P7_TL00038" HPOS="200" VPOS="2596" WIDTH="1479" HEIGHT="48">
						<String ID="P7_ST00314" HPOS="200" VPOS="2598" WIDTH="287" HEIGHT="46" CONTENT="geschriebenen" SUBS_TYPE="HypPart2" SUBS_CONTENT="ausgeschriebenen" WC="0.99" CC="9035703130406"/>
						<SP ID="P7_SP00279" HPOS="487" VPOS="2644" WIDTH="28"/>
						<String ID="P7_ST00315" HPOS="515" VPOS="2597" WIDTH="174" HEIGHT="33" CONTENT="Stimmen" WC="0.98" CC="7930028"/>
						<SP ID="P7_SP00280" HPOS="689" VPOS="2644" WIDTH="36"/>
						<String ID="P7_ST00316" HPOS="725" VPOS="2596" WIDTH="77" HEIGHT="34" CONTENT="und" WC="0.92" CC="777"/>
						<SP ID="P7_SP00281" HPOS="802" VPOS="2644" WIDTH="28"/>
						<String ID="P7_ST00317" HPOS="830" VPOS="2598" WIDTH="66" HEIGHT="31" CONTENT="mit" WC="1.00" CC="010"/>
						<SP ID="P7_SP00282" HPOS="896" VPOS="2644" WIDTH="28"/>
						<String ID="P7_ST00318" HPOS="924" VPOS="2597" WIDTH="116" HEIGHT="33" CONTENT="einem" WC="0.97" CC="24644"/>
						<SP ID="P7_SP00283" HPOS="1040" VPOS="2644" WIDTH="28"/>
						<String ID="P7_ST00319" HPOS="1068" VPOS="2597" WIDTH="67" HEIGHT="33" CONTENT="den" WC="0.95" CC="067"/>
						<SP ID="P7_SP00284" HPOS="1135" VPOS="2644" WIDTH="31"/>
						<String ID="P7_ST00320" HPOS="1166" VPOS="2599" WIDTH="137" HEIGHT="32" CONTENT="Namen" WC="0.97" CC="70029"/>
						<SP ID="P7_SP00285" HPOS="1303" VPOS="2644" WIDTH="29"/>
						<String ID="P7_ST00321" HPOS="1332" VPOS="2597" WIDTH="61" HEIGHT="34" CONTENT="des" WC="0.99" CC="002"/>
						<SP ID="P7_SP00286" HPOS="1393" VPOS="2644" WIDTH="30"/>
						<String ID="P7_ST00322" HPOS="1423" VPOS="2600" WIDTH="256" HEIGHT="43" CONTENT="Componisten" WC="0.74" CC="55000704005"/>
					</TextLine>
					<TextLine ID="P7_TL00039" HPOS="200" VPOS="2655" WIDTH="1481" HEIGHT="45">
						<String ID="P7_ST00323" HPOS="200" VPOS="2655" WIDTH="261" HEIGHT="37" CONTENT="enthaltenden" WC="0.99" CC="719704061041"/>
						<SP ID="P7_SP00287" HPOS="461" VPOS="2692" WIDTH="27"/>
						<String ID="P7_ST00324" HPOS="488" VPOS="2655" WIDTH="243" HEIGHT="44" CONTENT="versiegelten" WC="0.99" CC="000340970055"/>
						<SP ID="P7_SP00288" HPOS="731" VPOS="2699" WIDTH="28"/>
						<String ID="P7_ST00325" HPOS="759" VPOS="2655" WIDTH="118" HEIGHT="34" CONTENT="Motto" WC="1.00" CC="00020"/>
						<SP ID="P7_SP00289" HPOS="877" VPOS="2699" WIDTH="43"/>
						<String ID="P7_ST00326" HPOS="920" VPOS="2656" WIDTH="56" HEIGHT="34" CONTENT="bis" WC="0.95" CC="760"/>
						<SP ID="P7_SP00290" HPOS="976" VPOS="2699" WIDTH="28"/>
						<String ID="P7_ST00327" HPOS="1004" VPOS="2655" WIDTH="102" HEIGHT="34" CONTENT="Ende" WC="0.98" CC="0703"/>
						<SP ID="P7_SP00291" HPOS="1106" VPOS="2699" WIDTH="42"/>
						<String ID="P7_ST00328" HPOS="1148" VPOS="2656" WIDTH="117" HEIGHT="33" CONTENT="dieses" WC="0.99" CC="010330"/>
						<SP ID="P7_SP00292" HPOS="1265" VPOS="2699" WIDTH="26"/>
						<String ID="P7_ST00329" HPOS="1291" VPOS="2655" WIDTH="134" HEIGHT="35" CONTENT="Jahres" WC="0.99" CC="007006"/>
						<SP ID="P7_SP00293" HPOS="1425" VPOS="2699" WIDTH="40"/>
						<String ID="P7_ST00330" HPOS="1465" VPOS="2658" WIDTH="216" HEIGHT="42" CONTENT="geschehen." WC="0.99" CC="0203626054"/>
					</TextLine>
					<TextLine ID="P7_TL00040" HPOS="200" VPOS="2714" WIDTH="1442" HEIGHT="46">
						<String ID="P7_ST00331" HPOS="200" VPOS="2717" WIDTH="70" HEIGHT="33" CONTENT="Die" WC="0.97" CC="034"/>
						<SP ID="P7_SP00294" HPOS="270" VPOS="2750" WIDTH="27"/>
						<String ID="P7_ST00332" HPOS="297" VPOS="2716" WIDTH="171" HEIGHT="33" CONTENT="Statuten" WC="0.99" CC="60406030"/>
						<SP ID="P7_SP00295" HPOS="468" VPOS="2750" WIDTH="27"/>
						<String ID="P7_ST00333" HPOS="495" VPOS="2714" WIDTH="83" HEIGHT="35" CONTENT="sind" WC="0.98" CC="1060"/>
						<SP ID="P7_SP00296" HPOS="578" VPOS="2750" WIDTH="28"/>
						<String ID="P7_ST00334" HPOS="606" VPOS="2715" WIDTH="69" HEIGHT="33" CONTENT="auf" WC="0.98" CC="060"/>
						<SP ID="P7_SP00297" HPOS="675" VPOS="2750" WIDTH="21"/>
						<String ID="P7_ST00335" HPOS="696" VPOS="2714" WIDTH="209" HEIGHT="44" CONTENT="Verlangen" WC="0.99" CC="051607030"/>
						<SP ID="P7_SP00298" HPOS="905" VPOS="2758" WIDTH="27"/>
						<String ID="P7_ST00336" HPOS="932" VPOS="2715" WIDTH="116" HEIGHT="33" CONTENT="durch" WC="0.97" CC="98007"/>
						<SP ID="P7_SP00299" HPOS="1048" VPOS="2758" WIDTH="27"/>
						<String ID="P7_ST00337" HPOS="1075" VPOS="2715" WIDTH="196" HEIGHT="34" CONTENT="denselben" WC="0.99" CC="006205600"/>
						<SP ID="P7_SP00300" HPOS="1271" VPOS="2758" WIDTH="27"/>
						<String ID="P7_ST00338" HPOS="1298" VPOS="2717" WIDTH="113" HEIGHT="43" CONTENT="gratis" WC="0.98" CC="040544"/>
						<SP ID="P7_SP00301" HPOS="1411" VPOS="2760" WIDTH="29"/>
						<String ID="P7_ST00339" HPOS="1440" VPOS="2727" WIDTH="46" HEIGHT="22" CONTENT="zu" WC="0.86" CC="20"/>
						<SP ID="P7_SP00302" HPOS="1486" VPOS="2760" WIDTH="27"/>
						<String ID="P7_ST00340" HPOS="1513" VPOS="2716" WIDTH="129" HEIGHT="38" CONTENT="haben." WC="0.97" CC="706774"/>
					</TextLine>
					<TextLine ID="P7_TL00041" HPOS="274" VPOS="2834" WIDTH="1406" HEIGHT="45">
						<String ID="P7_ST00341" HPOS="274" VPOS="2835" WIDTH="235" HEIGHT="35" CONTENT="Heinrich" WC="0.98" CC="63075027"/>
						<SP ID="P7_SP00303" HPOS="509" VPOS="2870" WIDTH="41"/>
						<String ID="P7_ST00342" HPOS="550" VPOS="2835" WIDTH="150" HEIGHT="33" CONTENT="Marse" WC="0.97" CC="09054"/>
						<SP ID="P7_SP00304" HPOS="700" VPOS="2870" WIDTH="13"/>
						<String ID="P7_ST00343" HPOS="713" VPOS="2834" WIDTH="56" HEIGHT="34" CONTENT="hn" WC="0.44" CC="64"/>
						<SP ID="P7_SP00305" HPOS="769" VPOS="2870" WIDTH="13"/>
						<String ID="P7_ST00344" HPOS="782" VPOS="2846" WIDTH="46" HEIGHT="22" CONTENT="er" WC="0.51" CC="27"/>
						<SP ID="P7_SP00306" HPOS="828" VPOS="2870" WIDTH="39"/>
						<String ID="P7_ST00345" HPOS="867" VPOS="2835" WIDTH="48" HEIGHT="33" CONTENT="ist" WC="0.96" CC="090"/>
						<SP ID="P7_SP00307" HPOS="915" VPOS="2870" WIDTH="35"/>
						<String ID="P7_ST00346" HPOS="950" VPOS="2846" WIDTH="72" HEIGHT="22" CONTENT="von" WC="0.98" CC="004"/>
						<SP ID="P7_SP00308" HPOS="1022" VPOS="2870" WIDTH="40"/>
						<String ID="P7_ST00347" HPOS="1062" VPOS="2834" WIDTH="61" HEIGHT="35" CONTENT="der" WC="0.99" CC="003"/>
						<SP ID="P7_SP00309" HPOS="1123" VPOS="2870" WIDTH="34"/>
						<String ID="P7_ST00348" HPOS="1157" VPOS="2835" WIDTH="357" HEIGHT="44" CONTENT="philharmonischen" WC="0.99" CC="0732705779401505"/>
						<SP ID="P7_SP00310" HPOS="1514" VPOS="2879" WIDTH="29"/>
						<String ID="P7_ST00349" HPOS="1543" VPOS="2836" WIDTH="118" HEIGHT="35" CONTENT="Gesell" SUBS_TYPE="HypPart1" SUBS_CONTENT="Gesellschaft" WC="0.99" CC="000005"/>
						<HYP HPOS="1661" VPOS="2836" WIDTH="19" CONTENT="-"/>
					</TextLine>
					<TextLine ID="P7_TL00042" HPOS="200" VPOS="2892" WIDTH="1302" HEIGHT="45">
						<String ID="P7_ST00350" HPOS="200" VPOS="2894" WIDTH="120" HEIGHT="34" CONTENT="schaft" SUBS_TYPE="HypPart2" SUBS_CONTENT="Gesellschaft" WC="0.98" CC="736007"/>
						<SP ID="P7_SP00311" HPOS="320" VPOS="2928" WIDTH="27"/>
						<String ID="P7_ST00351" HPOS="347" VPOS="2896" WIDTH="38" HEIGHT="32" CONTENT="in" WC="0.42" CC="46"/>
						<SP ID="P7_SP00312" HPOS="385" VPOS="2928" WIDTH="26"/>
						<String ID="P7_ST00352" HPOS="411" VPOS="2894" WIDTH="153" HEIGHT="34" CONTENT="London" WC="0.98" CC="407042"/>
						<SP ID="P7_SP00313" HPOS="564" VPOS="2928" WIDTH="27"/>
						<String ID="P7_ST00353" HPOS="591" VPOS="2904" WIDTH="47" HEIGHT="23" CONTENT="zu" WC="0.76" CC="40"/>
						<SP ID="P7_SP00314" HPOS="638" VPOS="2928" WIDTH="27"/>
						<String ID="P7_ST00354" HPOS="665" VPOS="2893" WIDTH="114" HEIGHT="34" CONTENT="ihrem" WC="0.97" CC="05924"/>
						<SP ID="P7_SP00315" HPOS="779" VPOS="2928" WIDTH="28"/>
						<String ID="P7_ST00355" HPOS="807" VPOS="2892" WIDTH="334" HEIGHT="45" CONTENT="Ehren-Mitgliede" WC="0.67" CC="263463000063093"/>
						<SP ID="P7_SP00316" HPOS="1141" VPOS="2937" WIDTH="28"/>
						<String ID="P7_ST00356" HPOS="1169" VPOS="2898" WIDTH="153" HEIGHT="30" CONTENT="ernannt" WC="0.98" CC="0069450"/>
						<SP ID="P7_SP00317" HPOS="1322" VPOS="2937" WIDTH="24"/>
						<String ID="P7_ST00357" HPOS="1346" VPOS="2895" WIDTH="156" HEIGHT="35" CONTENT="worden." WC="0.99" CC="0400064"/>
					</TextLine>
					<TextLine ID="P7_TL00043" HPOS="273" VPOS="3021" WIDTH="1405" HEIGHT="46">
						<String ID="P7_ST00358" HPOS="273" VPOS="3022" WIDTH="76" HEIGHT="34" CONTENT="Der" WC="0.97" CC="006"/>
						<SP ID="P7_SP00318" HPOS="349" VPOS="3056" WIDTH="27"/>
						<String ID="P7_ST00359" HPOS="376" VPOS="3021" WIDTH="306" HEIGHT="34" CONTENT="Schiller-Verein" WC="0.99" CC="837404194060556"/>
						<SP ID="P7_SP00319" HPOS="682" VPOS="3056" WIDTH="26"/>
						<String ID="P7_ST00360" HPOS="708" VPOS="3022" WIDTH="38" HEIGHT="32" CONTENT="in" WC="0.81" CC="03"/>
						<SP ID="P7_SP00320" HPOS="746" VPOS="3056" WIDTH="27"/>
						<String ID="P7_ST00361" HPOS="773" VPOS="3022" WIDTH="198" HEIGHT="44" CONTENT="Leipzig" WC="0.99" CC="0205240"/>
						<SP ID="P7_SP00321" HPOS="971" VPOS="3066" WIDTH="27"/>
						<String ID="P7_ST00362" HPOS="998" VPOS="3022" WIDTH="105" HEIGHT="43" CONTENT="fängt" WC="0.97" CC="00797"/>
						<SP ID="P7_SP00322" HPOS="1103" VPOS="3066" WIDTH="27"/>
						<String ID="P7_ST00363" HPOS="1130" VPOS="3033" WIDTH="56" HEIGHT="31" CONTENT="an," WC="0.99" CC="003"/>
						<SP ID="P7_SP00323" HPOS="1186" VPOS="3066" WIDTH="28"/>
						<String ID="P7_ST00364" HPOS="1214" VPOS="3022" WIDTH="37" HEIGHT="32" CONTENT="in" WC="0.67" CC="06"/>
						<SP ID="P7_SP00324" HPOS="1251" VPOS="3066" WIDTH="28"/>
						<String ID="P7_ST00365" HPOS="1279" VPOS="3021" WIDTH="67" HEIGHT="39" CONTENT="de,n" WC="0.97" CC="0724"/>
						<SP ID="P7_SP00325" HPOS="1346" VPOS="3066" WIDTH="19"/>
						<String ID="P7_ST00366" HPOS="1365" VPOS="3021" WIDTH="313" HEIGHT="46" CONTENT="Vorbereitungen" WC="0.99" CC="05070905078606"/>
					</TextLine>
					<TextLine ID="P7_TL00044" HPOS="197" VPOS="3080" WIDTH="1481" HEIGHT="44">
						<String ID="P7_ST00367" HPOS="197" VPOS="3093" WIDTH="47" HEIGHT="23" CONTENT="zu" WC="0.81" CC="30"/>
						<SP ID="P7_SP00326" HPOS="244" VPOS="3116" WIDTH="29"/>
						<String ID="P7_ST00368" HPOS="273" VPOS="3082" WIDTH="79" HEIGHT="33" CONTENT="dem" WC="0.97" CC="016"/>
						<SP ID="P7_SP00327" HPOS="352" VPOS="3116" WIDTH="29"/>
						<String ID="P7_ST00369" HPOS="381" VPOS="3080" WIDTH="380" HEIGHT="35" CONTENT="Säcular-Jubelfestc" WC="0.64" CC="702519000775601506"/>
						<SP ID="P7_SP00328" HPOS="761" VPOS="3116" WIDTH="27"/>
						<String ID="P7_ST00370" HPOS="788" VPOS="3092" WIDTH="71" HEIGHT="22" CONTENT="von" WC="0.96" CC="036"/>
						<SP ID="P7_SP00329" HPOS="859" VPOS="3116" WIDTH="28"/>
						<String ID="P7_ST00371" HPOS="887" VPOS="3080" WIDTH="185" HEIGHT="33" CONTENT="Schiller's" WC="0.49" CC="6673263525"/>
						<SP ID="P7_SP00330" HPOS="1072" VPOS="3116" WIDTH="31"/>
						<String ID="P7_ST00372" HPOS="1103" VPOS="3080" WIDTH="225" HEIGHT="44" CONTENT="Geburtstag" WC="0.98" CC="0666490095"/>
						<SP ID="P7_SP00331" HPOS="1328" VPOS="3124" WIDTH="44"/>
						<String ID="P7_ST00373" HPOS="1372" VPOS="3081" WIDTH="78" HEIGHT="33" CONTENT="eine" WC="0.98" CC="0560"/>
						<SP ID="P7_SP00332" HPOS="1450" VPOS="3124" WIDTH="29"/>
						<String ID="P7_ST00374" HPOS="1479" VPOS="3080" WIDTH="199" HEIGHT="35" CONTENT="lebhaftere" WC="0.99" CC="5077000050"/>
					</TextLine>
					<TextLine ID="P7_TL00045" HPOS="198" VPOS="3139" WIDTH="1479" HEIGHT="45">
						<String ID="P7_ST00375" HPOS="198" VPOS="3141" WIDTH="218" HEIGHT="43" CONTENT="Thätigkeit" WC="0.58" CC="9760604700"/>
						<SP ID="P7_SP00333" HPOS="416" VPOS="3184" WIDTH="26"/>
						<String ID="P7_ST00376" HPOS="442" VPOS="3151" WIDTH="47" HEIGHT="21" CONTENT="zu" WC="0.68" CC="06"/>
						<SP ID="P7_SP00334" HPOS="489" VPOS="3184" WIDTH="26"/>
						<String ID="P7_ST00377" HPOS="515" VPOS="3139" WIDTH="240" HEIGHT="42" CONTENT="entwickeln;" WC="0.99" CC="16550200570"/>
						<SP ID="P7_SP00335" HPOS="755" VPOS="3184" WIDTH="38"/>
						<String ID="P7_ST00378" HPOS="793" VPOS="3139" WIDTH="63" HEIGHT="34" CONTENT="der" WC="0.98" CC="040"/>
						<SP ID="P7_SP00336" HPOS="856" VPOS="3184" WIDTH="27"/>
						<String ID="P7_ST00379" HPOS="883" VPOS="3139" WIDTH="185" HEIGHT="34" CONTENT="Vorstand" WC="0.99" CC="05600076"/>
						<SP ID="P7_SP00337" HPOS="1068" VPOS="3184" WIDTH="29"/>
						<String ID="P7_ST00380" HPOS="1097" VPOS="3139" WIDTH="191" HEIGHT="33" CONTENT="desselben" WC="0.99" CC="304334604"/>
						<SP ID="P7_SP00338" HPOS="1288" VPOS="3184" WIDTH="27"/>
						<String ID="P7_ST00381" HPOS="1315" VPOS="3139" WIDTH="65" HEIGHT="33" CONTENT="hat" WC="0.97" CC="700"/>
						<SP ID="P7_SP00339" HPOS="1380" VPOS="3184" WIDTH="26"/>
						<String ID="P7_ST00382" HPOS="1406" VPOS="3139" WIDTH="113" HEIGHT="34" CONTENT="durch" WC="0.97" CC="65052"/>
						<SP ID="P7_SP00340" HPOS="1519" VPOS="3184" WIDTH="29"/>
						<String ID="P7_ST00383" HPOS="1548" VPOS="3141" WIDTH="108" HEIGHT="33" CONTENT="Zuzie" SUBS_TYPE="HypPart1" SUBS_CONTENT="Zuziehung" WC="0.98" CC="06651"/>
						<HYP HPOS="1656" VPOS="3141" WIDTH="21" CONTENT="-"/>
					</TextLine>
					<TextLine ID="P7_TL00046" HPOS="195" VPOS="3197" WIDTH="1480" HEIGHT="46">
						<String ID="P7_ST00384" HPOS="195" VPOS="3200" WIDTH="104" HEIGHT="43" CONTENT="hung" SUBS_TYPE="HypPart2" SUBS_CONTENT="Zuziehung" WC="0.96" CC="6770"/>
						<SP ID="P7_SP00341" HPOS="299" VPOS="3243" WIDTH="26"/>
						<String ID="P7_ST00385" HPOS="325" VPOS="3200" WIDTH="98" HEIGHT="32" CONTENT="einer" WC="0.97" CC="31645"/>
						<SP ID="P7_SP00342" HPOS="423" VPOS="3243" WIDTH="16"/>
						<String ID="P7_ST00386" HPOS="439" VPOS="3197" WIDTH="144" HEIGHT="34" CONTENT="Anzahl" WC="0.98" CC="073070"/>
						<SP ID="P7_SP00343" HPOS="583" VPOS="3243" WIDTH="26"/>
						<String ID="P7_ST00387" HPOS="609" VPOS="3198" WIDTH="247" HEIGHT="44" CONTENT="intelligenter" WC="0.99" CC="6605455006902"/>
						<SP ID="P7_SP00344" HPOS="856" VPOS="3243" WIDTH="19"/>
						<String ID="P7_ST00388" HPOS="875" VPOS="3199" WIDTH="152" HEIGHT="33" CONTENT="Männer" WC="0.98" CC="007715"/>
						<SP ID="P7_SP00345" HPOS="1027" VPOS="3243" WIDTH="28"/>
						<String ID="P7_ST00389" HPOS="1055" VPOS="3209" WIDTH="66" HEIGHT="22" CONTENT="aus" WC="0.93" CC="962"/>
						<SP ID="P7_SP00346" HPOS="1121" VPOS="3243" WIDTH="29"/>
						<String ID="P7_ST00390" HPOS="1150" VPOS="3198" WIDTH="68" HEIGHT="33" CONTENT="den" WC="0.94" CC="853"/>
						<SP ID="P7_SP00347" HPOS="1218" VPOS="3243" WIDTH="18"/>
						<String ID="P7_ST00391" HPOS="1236" VPOS="3197" WIDTH="319" HEIGHT="34" CONTENT="verschiedensten" WC="0.99" CC="020457740073004"/>
						<SP ID="P7_SP00348" HPOS="1555" VPOS="3243" WIDTH="18"/>
						<String ID="P7_ST00392" HPOS="1573" VPOS="3199" WIDTH="82" HEIGHT="33" CONTENT="Krei" SUBS_TYPE="HypPart1" SUBS_CONTENT="Kreisen" WC="0.99" CC="0000"/>
						<HYP HPOS="1655" VPOS="3199" WIDTH="20" CONTENT="-"/>
					</TextLine>
					<TextLine ID="P7_TL00047" HPOS="197" VPOS="3256" WIDTH="1478" HEIGHT="45">
						<String ID="P7_ST00393" HPOS="197" VPOS="3269" WIDTH="63" HEIGHT="23" CONTENT="sen" SUBS_TYPE="HypPart2" SUBS_CONTENT="Kreisen" WC="0.94" CC="437"/>
						<SP ID="P7_SP00349" HPOS="260" VPOS="3292" WIDTH="29"/>
						<String ID="P7_ST00394" HPOS="289" VPOS="3257" WIDTH="62" HEIGHT="34" CONTENT="der" WC="0.92" CC="876"/>
						<SP ID="P7_SP00350" HPOS="351" VPOS="3292" WIDTH="28"/>
						<String ID="P7_ST00395" HPOS="379" VPOS="3256" WIDTH="267" HEIGHT="34" CONTENT="Gesellschaft:" WC="0.99" CC="0005340470004"/>
						<SP ID="P7_SP00351" HPOS="646" VPOS="3292" WIDTH="39"/>
						<String ID="P7_ST00396" HPOS="685" VPOS="3256" WIDTH="211" HEIGHT="45" CONTENT="Gelehrten," WC="0.99" CC="0274720613"/>
						<SP ID="P7_SP00352" HPOS="896" VPOS="3301" WIDTH="38"/>
						<String ID="P7_ST00397" HPOS="934" VPOS="3256" WIDTH="179" HEIGHT="34" CONTENT="Künstler" WC="0.99" CC="00423411"/>
						<SP ID="P7_SP00353" HPOS="1113" VPOS="3301" WIDTH="26"/>
						<String ID="P7_ST00398" HPOS="1139" VPOS="3256" WIDTH="74" HEIGHT="33" CONTENT="und" WC="0.97" CC="700"/>
						<SP ID="P7_SP00354" HPOS="1213" VPOS="3301" WIDTH="29"/>
						<String ID="P7_ST00399" HPOS="1242" VPOS="3256" WIDTH="272" HEIGHT="42" CONTENT="Schriftsteller," WC="0.99" CC="647000450377040"/>
						<SP ID="P7_SP00355" HPOS="1514" VPOS="3301" WIDTH="41"/>
						<String ID="P7_ST00400" HPOS="1555" VPOS="3258" WIDTH="120" HEIGHT="32" CONTENT="seinen" WC="0.98" CC="037706"/>
					</TextLine>
					<TextLine ID="P7_TL00048" HPOS="195" VPOS="3315" WIDTH="1480" HEIGHT="36">
						<String ID="P7_ST00401" HPOS="195" VPOS="3315" WIDTH="450" HEIGHT="36" CONTENT="Festordner-Ausschuss" WC="0.63" CC="36200906074040536623"/>
						<SP ID="P7_SP00356" HPOS="645" VPOS="3351" WIDTH="30"/>
						<String ID="P7_ST00402" HPOS="675" VPOS="3316" WIDTH="211" HEIGHT="33" CONTENT="wesentlich" WC="0.99" CC="0541003735"/>
						<SP ID="P7_SP00357" HPOS="886" VPOS="3351" WIDTH="27"/>
						<String ID="P7_ST00403" HPOS="913" VPOS="3315" WIDTH="195" HEIGHT="34" CONTENT="verstärkt." WC="0.99" CC="0535086023"/>
						<SP ID="P7_SP00358" HPOS="1108" VPOS="3351" WIDTH="54"/>
						<String ID="P7_ST00404" HPOS="1162" VPOS="3315" WIDTH="139" HEIGHT="33" CONTENT="Zudem" WC="0.98" CC="75040"/>
						<SP ID="P7_SP00359" HPOS="1301" VPOS="3351" WIDTH="36"/>
						<String ID="P7_ST00405" HPOS="1337" VPOS="3315" WIDTH="119" HEIGHT="33" CONTENT="bieten" WC="0.98" CC="753006"/>
						<SP ID="P7_SP00360" HPOS="1456" VPOS="3351" WIDTH="30"/>
						<String ID="P7_ST00406" HPOS="1486" VPOS="3315" WIDTH="74" HEIGHT="34" CONTENT="sich" WC="0.96" CC="4066"/>
						<SP ID="P7_SP00361" HPOS="1560" VPOS="3351" WIDTH="30"/>
						<String ID="P7_ST00407" HPOS="1590" VPOS="3316" WIDTH="68" HEIGHT="33" CONTENT="fort" SUBS_TYPE="HypPart1" SUBS_CONTENT="fortwährend" WC="0.99" CC="0400"/>
						<HYP HPOS="1658" VPOS="3316" WIDTH="17" CONTENT="-"/>
					</TextLine>
					<TextLine ID="P7_TL00049" HPOS="195" VPOS="3374" WIDTH="1480" HEIGHT="45">
						<String ID="P7_ST00408" HPOS="195" VPOS="3376" WIDTH="174" HEIGHT="33" CONTENT="während" SUBS_TYPE="HypPart2" SUBS_CONTENT="fortwährend" WC="0.98" CC="4778220"/>
						<SP ID="P7_SP00362" HPOS="369" VPOS="3409" WIDTH="26"/>
						<String ID="P7_ST00409" HPOS="395" VPOS="3386" WIDTH="91" HEIGHT="23" CONTENT="neue" WC="0.97" CC="4250"/>
						<SP ID="P7_SP00363" HPOS="486" VPOS="3409" WIDTH="27"/>
						<String ID="P7_ST00410" HPOS="513" VPOS="3375" WIDTH="132" HEIGHT="33" CONTENT="Kräfte" WC="0.97" CC="790090"/>
						<SP ID="P7_SP00364" HPOS="645" VPOS="3409" WIDTH="28"/>
						<String ID="P7_ST00411" HPOS="673" VPOS="3385" WIDTH="59" HEIGHT="34" CONTENT="an," WC="0.98" CC="104"/>
						<SP ID="P7_SP00365" HPOS="732" VPOS="3419" WIDTH="41"/>
						<String ID="P7_ST00412" HPOS="773" VPOS="3375" WIDTH="57" HEIGHT="33" CONTENT="die" WC="0.98" CC="040"/>
						<SP ID="P7_SP00366" HPOS="830" VPOS="3419" WIDTH="40"/>
						<String ID="P7_ST00413" HPOS="870" VPOS="3374" WIDTH="128" HEIGHT="44" CONTENT="irgend" WC="0.98" CC="200660"/>
						<SP ID="P7_SP00367" HPOS="998" VPOS="3419" WIDTH="37"/>
						<String ID="P7_ST00414" HPOS="1035" VPOS="3378" WIDTH="113" HEIGHT="29" CONTENT="etwas" WC="0.98" CC="60060"/>
						<SP ID="P7_SP00368" HPOS="1148" VPOS="3419" WIDTH="43"/>
						<String ID="P7_ST00415" HPOS="1191" VPOS="3374" WIDTH="95" HEIGHT="33" CONTENT="dazu" WC="0.97" CC="0096"/>
						<SP ID="P7_SP00369" HPOS="1286" VPOS="3419" WIDTH="28"/>
						<String ID="P7_ST00416" HPOS="1314" VPOS="3374" WIDTH="189" HEIGHT="44" CONTENT="beitragen" WC="0.98" CC="724707076"/>
						<SP ID="P7_SP00370" HPOS="1503" VPOS="3419" WIDTH="29"/>
						<String ID="P7_ST00417" HPOS="1532" VPOS="3375" WIDTH="143" HEIGHT="41" CONTENT="wollen," WC="0.98" CC="0651373"/>
					</TextLine>
					<TextLine ID="P7_TL00050" HPOS="196" VPOS="3431" WIDTH="1480" HEIGHT="45">
						<String ID="P7_ST00418" HPOS="196" VPOS="3436" WIDTH="63" HEIGHT="34" CONTENT="der" WC="0.96" CC="035"/>
						<SP ID="P7_SP00371" HPOS="259" VPOS="3470" WIDTH="26"/>
						<String ID="P7_ST00419" HPOS="285" VPOS="3436" WIDTH="107" HEIGHT="33" CONTENT="Feier" WC="0.98" CC="71024"/>
						<SP ID="P7_SP00372" HPOS="392" VPOS="3470" WIDTH="38"/>
						<String ID="P7_ST00420" HPOS="430" VPOS="3436" WIDTH="37" HEIGHT="32" CONTENT="in" WC="0.47" CC="64"/>
						<SP ID="P7_SP00373" HPOS="467" VPOS="3470" WIDTH="44"/>
						<String ID="P7_ST00421" HPOS="511" VPOS="3435" WIDTH="63" HEIGHT="33" CONTENT="der" WC="0.97" CC="006"/>
						<SP ID="P7_SP00374" HPOS="574" VPOS="3470" WIDTH="38"/>
						<String ID="P7_ST00422" HPOS="612" VPOS="3435" WIDTH="153" HEIGHT="32" CONTENT="zweiten" WC="0.99" CC="2000701"/>
						<SP ID="P7_SP00375" HPOS="765" VPOS="3470" WIDTH="36"/>
						<String ID="P7_ST00423" HPOS="801" VPOS="3432" WIDTH="328" HEIGHT="36" CONTENT="Novemberwoche" WC="0.58" CC="7001774094370"/>
						<SP ID="P7_SP00376" HPOS="1129" VPOS="3470" WIDTH="43"/>
						<String ID="P7_ST00424" HPOS="1172" VPOS="3431" WIDTH="243" HEIGHT="45" CONTENT="möglichsten" WC="0.99" CC="08956171066"/>
						<SP ID="P7_SP00377" HPOS="1415" VPOS="3476" WIDTH="29"/>
						<String ID="P7_ST00425" HPOS="1444" VPOS="3433" WIDTH="117" HEIGHT="33" CONTENT="Glanz" WC="0.97" CC="02678"/>
						<SP ID="P7_SP00378" HPOS="1561" VPOS="3476" WIDTH="40"/>
						<String ID="P7_ST00426" HPOS="1601" VPOS="3433" WIDTH="75" HEIGHT="33" CONTENT="und" WC="0.95" CC="760"/>
					</TextLine>
					<TextLine ID="P7_TL00051" HPOS="194" VPOS="3491" WIDTH="1482" HEIGHT="47">
						<String ID="P7_ST00427" HPOS="194" VPOS="3494" WIDTH="189" HEIGHT="44" CONTENT="Schwung" WC="0.97" CC="7566679"/>
						<SP ID="P7_SP00379" HPOS="383" VPOS="3538" WIDTH="26"/>
						<String ID="P7_ST00428" HPOS="409" VPOS="3505" WIDTH="47" HEIGHT="22" CONTENT="zu" WC="0.63" CC="07"/>
						<SP ID="P7_SP00380" HPOS="456" VPOS="3538" WIDTH="28"/>
						<String ID="P7_ST00429" HPOS="484" VPOS="3492" WIDTH="198" HEIGHT="35" CONTENT="verleihen." WC="0.99" CC="0000547061"/>
						<SP ID="P7_SP00381" HPOS="682" VPOS="3538" WIDTH="28"/>
						<String ID="P7_ST00430" HPOS="710" VPOS="3492" WIDTH="126" HEIGHT="34" CONTENT="Julius" WC="0.98" CC="076065"/>
						<SP ID="P7_SP00382" HPOS="836" VPOS="3538" WIDTH="22"/>
						<String ID="P7_ST00431" HPOS="858" VPOS="3493" WIDTH="102" HEIGHT="32" CONTENT="Rietz" WC="0.97" CC="70463"/>
						<SP ID="P7_SP00383" HPOS="960" VPOS="3538" WIDTH="28"/>
						<String ID="P7_ST00432" HPOS="988" VPOS="3491" WIDTH="202" HEIGHT="45" CONTENT="componirt" WC="0.85" CC="440000300"/>
						<SP ID="P7_SP00384" HPOS="1190" VPOS="3538" WIDTH="23"/>
						<String ID="P7_ST00433" HPOS="1213" VPOS="3493" WIDTH="55" HEIGHT="32" CONTENT="ein" WC="0.94" CC="538"/>
						<SP ID="P7_SP00385" HPOS="1268" VPOS="3538" WIDTH="24"/>
						<String ID="P7_ST00434" HPOS="1292" VPOS="3491" WIDTH="218" HEIGHT="35" CONTENT="besonderes" WC="0.99" CC="7040404026"/>
						<SP ID="P7_SP00386" HPOS="1510" VPOS="3538" WIDTH="21"/>
						<String ID="P7_ST00435" HPOS="1531" VPOS="3493" WIDTH="121" HEIGHT="32" CONTENT="Musik" SUBS_TYPE="HypPart1" SUBS_CONTENT="Musikstück" WC="0.98" CC="07600"/>
						<HYP HPOS="1652" VPOS="3493" WIDTH="24" CONTENT="-"/>
					</TextLine>
					<TextLine ID="P7_TL00052" HPOS="195" VPOS="3550" WIDTH="1482" HEIGHT="46">
						<String ID="P7_ST00436" HPOS="195" VPOS="3553" WIDTH="108" HEIGHT="33" CONTENT="stück" SUBS_TYPE="HypPart2" SUBS_CONTENT="Musikstück" WC="0.97" CC="38060"/>
						<SP ID="P7_SP00387" HPOS="303" VPOS="3586" WIDTH="27"/>
						<String ID="P7_ST00437" HPOS="330" VPOS="3553" WIDTH="60" HEIGHT="33" CONTENT="für" WC="1.00" CC="000"/>
						<SP ID="P7_SP00388" HPOS="390" VPOS="3586" WIDTH="27"/>
						<String ID="P7_ST00438" HPOS="417" VPOS="3553" WIDTH="99" HEIGHT="33" CONTENT="diese" WC="0.98" CC="00174"/>
						<SP ID="P7_SP00389" HPOS="516" VPOS="3586" WIDTH="28"/>
						<String ID="P7_ST00439" HPOS="544" VPOS="3551" WIDTH="250" HEIGHT="45" CONTENT="Gelegenheit," WC="0.99" CC="845003774044"/>
						<SP ID="P7_SP00390" HPOS="794" VPOS="3596" WIDTH="39"/>
						<String ID="P7_ST00440" HPOS="833" VPOS="3552" WIDTH="56" HEIGHT="32" CONTENT="ein" WC="0.97" CC="044"/>
						<SP ID="P7_SP00391" HPOS="889" VPOS="3596" WIDTH="36"/>
						<String ID="P7_ST00441" HPOS="925" VPOS="3551" WIDTH="103" HEIGHT="33" CONTENT="nicht" WC="0.97" CC="05570"/>
						<SP ID="P7_SP00392" HPOS="1028" VPOS="3596" WIDTH="27"/>
						<String ID="P7_ST00442" HPOS="1055" VPOS="3550" WIDTH="230" HEIGHT="43" CONTENT="unbegabter" WC="0.99" CC="6073426073"/>
						<SP ID="P7_SP00393" HPOS="1285" VPOS="3596" WIDTH="28"/>
						<String ID="P7_ST00443" HPOS="1313" VPOS="3550" WIDTH="270" HEIGHT="43" CONTENT="Localdichter," WC="0.74" CC="0050702360034"/>
						<SP ID="P7_SP00394" HPOS="1583" VPOS="3596" WIDTH="31"/>
						<String ID="P7_ST00444" HPOS="1614" VPOS="3550" WIDTH="63" HEIGHT="34" CONTENT="der" WC="0.99" CC="003"/>
					</TextLine>
					<TextLine ID="P7_TL00053" HPOS="195" VPOS="3609" WIDTH="1480" HEIGHT="45">
						<String ID="P7_ST00445" HPOS="195" VPOS="3610" WIDTH="365" HEIGHT="44" CONTENT="Rittergutsbesitzer" WC="1.00" CC="844050080464050100"/>
						<SP ID="P7_SP00395" HPOS="560" VPOS="3654" WIDTH="31"/>
						<String ID="P7_ST00446" HPOS="591" VPOS="3613" WIDTH="58" HEIGHT="31" CONTENT="Dr." WC="0.97" CC="404"/>
						<SP ID="P7_SP00396" HPOS="649" VPOS="3654" WIDTH="21"/>
						<String ID="P7_ST00447" HPOS="670" VPOS="3610" WIDTH="170" HEIGHT="33" CONTENT="Theodor" WC="0.99" CC="0703006"/>
						<SP ID="P7_SP00397" HPOS="840" VPOS="3654" WIDTH="17"/>
						<String ID="P7_ST00448" HPOS="857" VPOS="3610" WIDTH="104" HEIGHT="44" CONTENT="Apel," WC="0.73" CC="00624"/>
						<SP ID="P7_SP00398" HPOS="961" VPOS="3654" WIDTH="31"/>
						<String ID="P7_ST00449" HPOS="992" VPOS="3609" WIDTH="62" HEIGHT="33" CONTENT="hat" WC="0.97" CC="700"/>
						<SP ID="P7_SP00399" HPOS="1054" VPOS="3654" WIDTH="27"/>
						<String ID="P7_ST00450" HPOS="1081" VPOS="3609" WIDTH="58" HEIGHT="33" CONTENT="ein" WC="0.93" CC="476"/>
						<SP ID="P7_SP00400" HPOS="1139" VPOS="3654" WIDTH="27"/>
						<String ID="P7_ST00451" HPOS="1166" VPOS="3620" WIDTH="112" HEIGHT="22" CONTENT="neues" WC="0.96" CC="75644"/>
						<SP ID="P7_SP00401" HPOS="1278" VPOS="3654" WIDTH="28"/>
						<String ID="P7_ST00452" HPOS="1306" VPOS="3609" WIDTH="369" HEIGHT="44" CONTENT="Gelegenheitsstück" WC="1.00" CC="06600067400330050"/>
					</TextLine>
					<TextLine ID="P7_TL00054" HPOS="193" VPOS="3668" WIDTH="1484" HEIGHT="47">
						<String ID="P7_ST00453" HPOS="193" VPOS="3672" WIDTH="167" HEIGHT="39" CONTENT="verfasst," WC="0.64" CC="022066544"/>
						<SP ID="P7_SP00402" HPOS="360" VPOS="3711" WIDTH="30"/>
						<String ID="P7_ST00454" HPOS="390" VPOS="3669" WIDTH="65" HEIGHT="34" CONTENT="das" WC="1.00" CC="000"/>
						<SP ID="P7_SP00403" HPOS="455" VPOS="3711" WIDTH="29"/>
						<String ID="P7_ST00455" HPOS="484" VPOS="3670" WIDTH="69" HEIGHT="32" CONTENT="auf" WC="0.94" CC="870"/>
						<SP ID="P7_SP00404" HPOS="553" VPOS="3711" WIDTH="24"/>
						<String ID="P7_ST00456" HPOS="577" VPOS="3669" WIDTH="80" HEIGHT="34" CONTENT="dem" WC="0.98" CC="050"/>
						<SP ID="P7_SP00405" HPOS="657" VPOS="3711" WIDTH="28"/>
						<String ID="P7_ST00457" HPOS="685" VPOS="3669" WIDTH="232" HEIGHT="34" CONTENT="Stadtheater" WC="0.84" CC="00040730000"/>
						<SP ID="P7_SP00406" HPOS="917" VPOS="3711" WIDTH="25"/>
						<String ID="P7_ST00458" HPOS="942" VPOS="3670" WIDTH="37" HEIGHT="32" CONTENT="in" WC="0.81" CC="03"/>
						<SP ID="P7_SP00407" HPOS="979" VPOS="3711" WIDTH="23"/>
						<String ID="P7_ST00459" HPOS="1002" VPOS="3669" WIDTH="111" HEIGHT="42" CONTENT="jenen" WC="0.98" CC="03710"/>
						<SP ID="P7_SP00408" HPOS="1113" VPOS="3711" WIDTH="28"/>
						<String ID="P7_ST00460" HPOS="1141" VPOS="3668" WIDTH="124" HEIGHT="43" CONTENT="Tagen" WC="0.98" CC="09006"/>
						<SP ID="P7_SP00409" HPOS="1265" VPOS="3711" WIDTH="28"/>
						<String ID="P7_ST00461" HPOS="1293" VPOS="3668" WIDTH="214" HEIGHT="47" CONTENT="aufgeführt" WC="0.99" CC="5707605700"/>
						<SP ID="P7_SP00410" HPOS="1507" VPOS="3715" WIDTH="26"/>
						<String ID="P7_ST00462" HPOS="1533" VPOS="3668" WIDTH="144" HEIGHT="33" CONTENT="werden" WC="0.99" CC="010006"/>
					</TextLine>
					<TextLine ID="P7_TL00055" HPOS="193" VPOS="3725" WIDTH="1484" HEIGHT="40">
						<String ID="P7_ST00463" HPOS="193" VPOS="3729" WIDTH="80" HEIGHT="36" CONTENT="soll." WC="0.98" CC="13444"/>
						<SP ID="P7_SP00411" HPOS="273" VPOS="3765" WIDTH="54"/>
						<String ID="P7_ST00464" HPOS="327" VPOS="3729" WIDTH="188" HEIGHT="33" CONTENT="Professor" WC="0.99" CC="414012165"/>
						<SP ID="P7_SP00412" HPOS="515" VPOS="3765" WIDTH="24"/>
						<String ID="P7_ST00465" HPOS="539" VPOS="3728" WIDTH="66" HEIGHT="34" CONTENT="Dr." WC="0.92" CC="793"/>
						<SP ID="P7_SP00413" HPOS="605" VPOS="3765" WIDTH="28"/>
						<String ID="P7_ST00466" HPOS="633" VPOS="3729" WIDTH="109" HEIGHT="33" CONTENT="Kuno" WC="0.96" CC="0657"/>
						<SP ID="P7_SP00414" HPOS="742" VPOS="3765" WIDTH="29"/>
						<String ID="P7_ST00467" HPOS="771" VPOS="3728" WIDTH="153" HEIGHT="33" CONTENT="Fischer" WC="0.98" CC="5506625"/>
						<SP ID="P7_SP00415" HPOS="924" VPOS="3765" WIDTH="38"/>
						<String ID="P7_ST00468" HPOS="962" VPOS="3728" WIDTH="37" HEIGHT="32" CONTENT="in" WC="0.47" CC="46"/>
						<SP ID="P7_SP00416" HPOS="999" VPOS="3765" WIDTH="27"/>
						<String ID="P7_ST00469" HPOS="1026" VPOS="3727" WIDTH="96" HEIGHT="33" CONTENT="Jena" WC="0.98" CC="0270"/>
						<SP ID="P7_SP00417" HPOS="1122" VPOS="3765" WIDTH="40"/>
						<String ID="P7_ST00470" HPOS="1162" VPOS="3726" WIDTH="69" HEIGHT="34" CONTENT="soll" WC="0.96" CC="5355"/>
						<SP ID="P7_SP00418" HPOS="1231" VPOS="3765" WIDTH="36"/>
						<String ID="P7_ST00471" HPOS="1267" VPOS="3726" WIDTH="57" HEIGHT="34" CONTENT="die" WC="0.99" CC="002"/>
						<SP ID="P7_SP00419" HPOS="1324" VPOS="3765" WIDTH="30"/>
						<String ID="P7_ST00472" HPOS="1354" VPOS="3726" WIDTH="169" HEIGHT="34" CONTENT="Festrede" WC="0.99" CC="70200006"/>
						<SP ID="P7_SP00420" HPOS="1523" VPOS="3765" WIDTH="27"/>
						<String ID="P7_ST00473" HPOS="1550" VPOS="3727" WIDTH="36" HEIGHT="32" CONTENT="in" WC="0.42" CC="46"/>
						<SP ID="P7_SP00421" HPOS="1586" VPOS="3765" WIDTH="28"/>
						<String ID="P7_ST00474" HPOS="1614" VPOS="3725" WIDTH="63" HEIGHT="34" CONTENT="der" WC="0.98" CC="004"/>
					</TextLine>
					<TextLine ID="P7_TL00056" HPOS="191" VPOS="3784" WIDTH="1486" HEIGHT="49">
						<String ID="P7_ST00475" HPOS="191" VPOS="3788" WIDTH="217" HEIGHT="45" CONTENT="Hauptfeier" WC="0.99" CC="6640702063"/>
						<SP ID="P7_SP00422" HPOS="408" VPOS="3833" WIDTH="39"/>
						<String ID="P7_ST00476" HPOS="447" VPOS="3786" WIDTH="62" HEIGHT="33" CONTENT="des" WC="0.98" CC="005"/>
						<SP ID="P7_SP00423" HPOS="509" VPOS="3833" WIDTH="30"/>
						<String ID="P7_ST00477" HPOS="539" VPOS="3786" WIDTH="329" HEIGHT="35" CONTENT="Schiller-Vereins" WC="0.99" CC="7370006830323575"/>
						<SP ID="P7_SP00424" HPOS="868" VPOS="3833" WIDTH="38"/>
						<String ID="P7_ST00478" HPOS="906" VPOS="3797" WIDTH="263" HEIGHT="35" CONTENT="angenommen" WC="0.98" CC="9600909136"/>
						<SP ID="P7_SP00425" HPOS="1169" VPOS="3833" WIDTH="38"/>
						<String ID="P7_ST00479" HPOS="1207" VPOS="3784" WIDTH="130" HEIGHT="37" CONTENT="haben." WC="0.98" CC="640073"/>
						<SP ID="P7_SP00426" HPOS="1337" VPOS="3833" WIDTH="55"/>
						<String ID="P7_ST00480" HPOS="1392" VPOS="3786" WIDTH="141" HEIGHT="33" CONTENT="Ausser" WC="0.99" CC="050400"/>
						<SP ID="P7_SP00427" HPOS="1533" VPOS="3833" WIDTH="26"/>
						<String ID="P7_ST00481" HPOS="1559" VPOS="3784" WIDTH="118" HEIGHT="34" CONTENT="dieser" WC="0.98" CC="902405"/>
					</TextLine>
					<TextLine ID="P7_TL00057" HPOS="190" VPOS="3844" WIDTH="1487" HEIGHT="36">
						<String ID="P7_ST00482" HPOS="190" VPOS="3848" WIDTH="107" HEIGHT="32" CONTENT="Feier" WC="0.98" CC="51026"/>
						<SP ID="P7_SP00428" HPOS="297" VPOS="3880" WIDTH="25"/>
						<String ID="P7_ST00483" HPOS="322" VPOS="3848" WIDTH="48" HEIGHT="32" CONTENT="im" WC="0.67" CC="06"/>
						<SP ID="P7_SP00429" HPOS="370" VPOS="3880" WIDTH="31"/>
						<String ID="P7_ST00484" HPOS="401" VPOS="3845" WIDTH="180" HEIGHT="35" CONTENT="Schoosse" WC="0.98" CC="73644626"/>
						<SP ID="P7_SP00430" HPOS="581" VPOS="3880" WIDTH="28"/>
						<String ID="P7_ST00485" HPOS="609" VPOS="3845" WIDTH="62" HEIGHT="35" CONTENT="des" WC="1.00" CC="001"/>
						<SP ID="P7_SP00431" HPOS="671" VPOS="3880" WIDTH="20"/>
						<String ID="P7_ST00486" HPOS="691" VPOS="3846" WIDTH="152" HEIGHT="34" CONTENT="Vereins" WC="0.99" CC="0040063"/>
						<SP ID="P7_SP00432" HPOS="843" VPOS="3880" WIDTH="30"/>
						<String ID="P7_ST00487" HPOS="873" VPOS="3846" WIDTH="143" HEIGHT="34" CONTENT="werden" WC="0.98" CC="005056"/>
						<SP ID="P7_SP00433" HPOS="1016" VPOS="3880" WIDTH="27"/>
						<String ID="P7_ST00488" HPOS="1043" VPOS="3844" WIDTH="95" HEIGHT="35" CONTENT="noch" WC="0.97" CC="5303"/>
						<SP ID="P7_SP00434" HPOS="1138" VPOS="3880" WIDTH="29"/>
						<String ID="P7_ST00489" HPOS="1167" VPOS="3845" WIDTH="79" HEIGHT="33" CONTENT="eine" WC="0.97" CC="0454"/>
						<SP ID="P7_SP00435" HPOS="1246" VPOS="3880" WIDTH="22"/>
						<String ID="P7_ST00490" HPOS="1268" VPOS="3845" WIDTH="113" HEIGHT="34" CONTENT="Reihe" WC="0.96" CC="90575"/>
						<SP ID="P7_SP00436" HPOS="1381" VPOS="3880" WIDTH="26"/>
						<String ID="P7_ST00491" HPOS="1407" VPOS="3844" WIDTH="152" HEIGHT="34" CONTENT="anderer" WC="0.99" CC="0704310"/>
						<SP ID="P7_SP00437" HPOS="1559" VPOS="3880" WIDTH="29"/>
						<String ID="P7_ST00492" HPOS="1588" VPOS="3844" WIDTH="89" HEIGHT="33" CONTENT="fest-" WC="0.99" CC="04104"/>
					</TextLine>
				</TextBlock>
				<TextBlock ID="P7_TB00004" HPOS="255" VPOS="3947" WIDTH="1423" HEIGHT="163" STYLEREFS="TXT_1 PAR_LEFT">
					<TextLine ID="P7_TL00058" HPOS="256" VPOS="3948" WIDTH="1422" HEIGHT="48">
						<String ID="P7_ST00493" HPOS="256" VPOS="3948" WIDTH="36" HEIGHT="48" CONTENT="*)" WC="0.86" CC="02"/>
						<SP ID="P7_SP00438" HPOS="292" VPOS="3996" WIDTH="28"/>
						<String ID="P7_ST00494" HPOS="320" VPOS="3951" WIDTH="128" HEIGHT="33" CONTENT="Worte" WC="0.97" CC="50146"/>
						<SP ID="P7_SP00439" HPOS="448" VPOS="3996" WIDTH="42"/>
						<String ID="P7_ST00495" HPOS="490" VPOS="3960" WIDTH="68" HEIGHT="23" CONTENT="aus" WC="0.91" CC="976"/>
						<SP ID="P7_SP00440" HPOS="558" VPOS="3996" WIDTH="42"/>
						<String ID="P7_ST00496" HPOS="600" VPOS="3950" WIDTH="83" HEIGHT="33" CONTENT="dem" WC="0.97" CC="215"/>
						<SP ID="P7_SP00441" HPOS="683" VPOS="3996" WIDTH="38"/>
						<String ID="P7_ST00497" HPOS="721" VPOS="3951" WIDTH="137" HEIGHT="33" CONTENT="Toaste" WC="0.98" CC="054641"/>
						<SP ID="P7_SP00442" HPOS="858" VPOS="3996" WIDTH="41"/>
						<String ID="P7_ST00498" HPOS="899" VPOS="3950" WIDTH="62" HEIGHT="34" CONTENT="des" WC="0.96" CC="306"/>
						<SP ID="P7_SP00443" HPOS="961" VPOS="3996" WIDTH="29"/>
						<String ID="P7_ST00499" HPOS="990" VPOS="3951" WIDTH="158" HEIGHT="34" CONTENT="Lehrers" WC="0.99" CC="4070000"/>
						<SP ID="P7_SP00444" HPOS="1148" VPOS="3996" WIDTH="27"/>
						<String ID="P7_ST00500" HPOS="1175" VPOS="3950" WIDTH="118" HEIGHT="34" CONTENT="Herrn" WC="0.98" CC="60034"/>
						<SP ID="P7_SP00445" HPOS="1293" VPOS="3996" WIDTH="27"/>
						<String ID="P7_ST00501" HPOS="1320" VPOS="3950" WIDTH="123" HEIGHT="34" CONTENT="Brück" WC="0.97" CC="62543"/>
						<SP ID="P7_SP00446" HPOS="1443" VPOS="3996" WIDTH="46"/>
						<String ID="P7_ST00502" HPOS="1489" VPOS="3961" WIDTH="66" HEIGHT="23" CONTENT="aus" WC="0.95" CC="173"/>
						<SP ID="P7_SP00447" HPOS="1555" VPOS="3996" WIDTH="27"/>
						<String ID="P7_ST00503" HPOS="1582" VPOS="3949" WIDTH="96" HEIGHT="34" CONTENT="Thal" WC="0.96" CC="0772"/>
					</TextLine>
					<TextLine ID="P7_TL00059" HPOS="315" VPOS="4008" WIDTH="1362" HEIGHT="46">
						<String ID="P7_ST00504" HPOS="315" VPOS="4009" WIDTH="172" HEIGHT="34" CONTENT="Kleinich" WC="0.56" CC="71547007"/>
						<SP ID="P7_SP00448" HPOS="487" VPOS="4043" WIDTH="36"/>
						<String ID="P7_ST00505" HPOS="523" VPOS="4020" WIDTH="47" HEIGHT="22" CONTENT="an" WC="0.17" CC="87"/>
						<SP ID="P7_SP00449" HPOS="570" VPOS="4043" WIDTH="28"/>
						<String ID="P7_ST00506" HPOS="598" VPOS="4008" WIDTH="65" HEIGHT="35" CONTENT="der" WC="0.94" CC="157"/>
						<SP ID="P7_SP00450" HPOS="663" VPOS="4043" WIDTH="26"/>
						<String ID="P7_ST00507" HPOS="689" VPOS="4009" WIDTH="120" HEIGHT="33" CONTENT="Mosel" WC="0.98" CC="05326"/>
						<SP ID="P7_SP00451" HPOS="809" VPOS="4043" WIDTH="44"/>
						<String ID="P7_ST00508" HPOS="853" VPOS="4011" WIDTH="99" HEIGHT="43" CONTENT="„auf" WC="0.95" CC="7446"/>
						<SP ID="P7_SP00452" HPOS="952" VPOS="4054" WIDTH="22"/>
						<String ID="P7_ST00509" HPOS="974" VPOS="4011" WIDTH="77" HEIGHT="34" CONTENT="eine" WC="0.95" CC="3677"/>
						<SP ID="P7_SP00453" HPOS="1051" VPOS="4054" WIDTH="30"/>
						<String ID="P7_ST00510" HPOS="1081" VPOS="4010" WIDTH="215" HEIGHT="35" CONTENT="dauerhafte" WC="0.98" CC="9796978306"/>
						<SP ID="P7_SP00454" HPOS="1296" VPOS="4054" WIDTH="28"/>
						<String ID="P7_ST00511" HPOS="1324" VPOS="4008" WIDTH="255" HEIGHT="36" CONTENT='Gesundheit"' WC="0.98" CC="83898884576"/>
						<SP ID="P7_SP00455" HPOS="1579" VPOS="4054" WIDTH="32"/>
						<String ID="P7_ST00512" HPOS="1611" VPOS="4009" WIDTH="66" HEIGHT="34" CONTENT="des" WC="0.96" CC="027"/>
					</TextLine>
					<TextLine ID="P7_TL00060" HPOS="317" VPOS="4067" WIDTH="513" HEIGHT="43">
						<String ID="P7_ST00513" HPOS="317" VPOS="4068" WIDTH="337" HEIGHT="35" CONTENT="Musik-Directora" WC="0.32" CC="587484637677788"/>
						<SP ID="P7_SP00456" HPOS="654" VPOS="4103" WIDTH="31"/>
						<String ID="P7_ST00514" HPOS="685" VPOS="4067" WIDTH="145" HEIGHT="43" CONTENT="Flügel»" WC="0.98" CC="3007343"/>
					</TextLine>
				</TextBlock>
				<TextBlock ID="P7_TB00005" HPOS="1742" VPOS="367" WIDTH="1476" HEIGHT="3687" STYLEREFS="TXT_1 PAR_BLOCK">
					<TextLine ID="P7_TL00061" HPOS="1757" VPOS="369" WIDTH="1456" HEIGHT="62">
						<String ID="P7_ST00515" HPOS="1757" VPOS="369" WIDTH="112" HEIGHT="33" CONTENT="lieber" WC="0.96" CC="866735"/>
						<SP ID="P7_SP00457" HPOS="1869" VPOS="402" WIDTH="27"/>
						<String ID="P7_ST00516" HPOS="1896" VPOS="369" WIDTH="103" HEIGHT="46" CONTENT="Acte," WC="0.98" CC="06054"/>
						<SP ID="P7_SP00458" HPOS="1999" VPOS="415" WIDTH="41"/>
						<String ID="P7_ST00517" HPOS="2040" VPOS="373" WIDTH="218" HEIGHT="33" CONTENT="namentlich" WC="0.98" CC="7076647426"/>
						<SP ID="P7_SP00459" HPOS="2258" VPOS="415" WIDTH="31"/>
						<String ID="P7_ST00518" HPOS="2289" VPOS="385" WIDTH="70" HEIGHT="23" CONTENT="von" WC="0.96" CC="047"/>
						<SP ID="P7_SP00460" HPOS="2359" VPOS="415" WIDTH="26"/>
						<String ID="P7_ST00519" HPOS="2385" VPOS="387" WIDTH="151" HEIGHT="24" CONTENT="unseren" WC="0.98" CC="6515626"/>
						<SP ID="P7_SP00461" HPOS="2536" VPOS="415" WIDTH="28"/>
						<String ID="P7_ST00520" HPOS="2564" VPOS="379" WIDTH="367" HEIGHT="39" CONTENT="Concert-Instituten" WC="0.50" CC="866200655870574904"/>
						<SP ID="P7_SP00462" HPOS="2931" VPOS="418" WIDTH="28"/>
						<String ID="P7_ST00521" HPOS="2959" VPOS="386" WIDTH="74" HEIGHT="33" CONTENT="und" WC="0.94" CC="680"/>
						<SP ID="P7_SP00463" HPOS="3033" VPOS="419" WIDTH="27"/>
						<String ID="P7_ST00522" HPOS="3060" VPOS="386" WIDTH="67" HEIGHT="34" CONTENT="den" WC="0.96" CC="046"/>
						<SP ID="P7_SP00464" HPOS="3127" VPOS="420" WIDTH="27"/>
						<String ID="P7_ST00523" HPOS="3154" VPOS="400" WIDTH="40" HEIGHT="31" CONTENT="ge" SUBS_TYPE="HypPart1" SUBS_CONTENT="gelehrten" WC="0.95" CC="70"/>
						<HYP HPOS="3194" VPOS="400" WIDTH="19" CONTENT="-"/>
					</TextLine>
					<TextLine ID="P7_TL00062" HPOS="1755" VPOS="427" WIDTH="1456" HEIGHT="52">
						<String ID="P7_ST00524" HPOS="1755" VPOS="427" WIDTH="138" HEIGHT="35" CONTENT="lehrten" SUBS_TYPE="HypPart2" SUBS_CONTENT="gelehrten" WC="0.98" CC="3073425"/>
						<SP ID="P7_SP00465" HPOS="1893" VPOS="462" WIDTH="29"/>
						<String ID="P7_ST00525" HPOS="1922" VPOS="428" WIDTH="159" HEIGHT="35" CONTENT="Schulen" WC="0.98" CC="6707020"/>
						<SP ID="P7_SP00466" HPOS="2081" VPOS="463" WIDTH="26"/>
						<String ID="P7_ST00526" HPOS="2107" VPOS="430" WIDTH="226" HEIGHT="37" CONTENT="vorbereitet." WC="0.99" CC="525801670707"/>
						<SP ID="P7_SP00467" HPOS="2333" VPOS="467" WIDTH="55"/>
						<String ID="P7_ST00527" HPOS="2388" VPOS="435" WIDTH="72" HEIGHT="33" CONTENT="Der" WC="0.96" CC="009"/>
						<SP ID="P7_SP00468" HPOS="2460" VPOS="468" WIDTH="27"/>
						<String ID="P7_ST00528" HPOS="2487" VPOS="435" WIDTH="183" HEIGHT="37" CONTENT="Stadtrath" WC="0.99" CC="610907200"/>
						<SP ID="P7_SP00469" HPOS="2670" VPOS="472" WIDTH="40"/>
						<String ID="P7_ST00529" HPOS="2710" VPOS="441" WIDTH="62" HEIGHT="33" CONTENT="hat" WC="1.00" CC="000"/>
						<SP ID="P7_SP00470" HPOS="2772" VPOS="474" WIDTH="34"/>
						<String ID="P7_ST00530" HPOS="2806" VPOS="446" WIDTH="106" HEIGHT="31" CONTENT="unter" WC="0.97" CC="76006"/>
						<SP ID="P7_SP00471" HPOS="2912" VPOS="477" WIDTH="26"/>
						<String ID="P7_ST00531" HPOS="2938" VPOS="444" WIDTH="177" HEIGHT="34" CONTENT="Anderem" WC="0.99" CC="1502600"/>
						<SP ID="P7_SP00472" HPOS="3115" VPOS="478" WIDTH="39"/>
						<String ID="P7_ST00532" HPOS="3154" VPOS="447" WIDTH="57" HEIGHT="32" CONTENT="ein" WC="0.95" CC="508"/>
					</TextLine>
					<TextLine ID="P7_TL00063" HPOS="1757" VPOS="486" WIDTH="1457" HEIGHT="59">
						<String ID="P7_ST00533" HPOS="1757" VPOS="486" WIDTH="84" HEIGHT="33" CONTENT="halb" WC="0.95" CC="0768"/>
						<SP ID="P7_SP00473" HPOS="1841" VPOS="519" WIDTH="22"/>
						<String ID="P7_ST00534" HPOS="1863" VPOS="488" WIDTH="165" HEIGHT="32" CONTENT="Pausend" WC="0.98" CC="9054706"/>
						<SP ID="P7_SP00474" HPOS="2028" VPOS="520" WIDTH="20"/>
						<String ID="P7_ST00535" HPOS="2048" VPOS="488" WIDTH="135" HEIGHT="34" CONTENT="Thaler" WC="0.96" CC="950479"/>
						<SP ID="P7_SP00475" HPOS="2183" VPOS="522" WIDTH="19"/>
						<String ID="P7_ST00536" HPOS="2202" VPOS="502" WIDTH="44" HEIGHT="20" CONTENT="zu" WC="0.67" CC="06"/>
						<SP ID="P7_SP00476" HPOS="2246" VPOS="522" WIDTH="23"/>
						<String ID="P7_ST00537" HPOS="2269" VPOS="493" WIDTH="115" HEIGHT="31" CONTENT="einem" WC="0.96" CC="83780"/>
						<SP ID="P7_SP00477" HPOS="2384" VPOS="524" WIDTH="20"/>
						<String ID="P7_ST00538" HPOS="2404" VPOS="493" WIDTH="110" HEIGHT="35" CONTENT="damit" WC="0.97" CC="79700"/>
						<SP ID="P7_SP00478" HPOS="2514" VPOS="528" WIDTH="22"/>
						<String ID="P7_ST00539" HPOS="2536" VPOS="496" WIDTH="35" HEIGHT="32" CONTENT="in" WC="0.41" CC="38"/>
						<SP ID="P7_SP00479" HPOS="2571" VPOS="528" WIDTH="15"/>
						<String ID="P7_ST00540" HPOS="2586" VPOS="496" WIDTH="18" HEIGHT="32" CONTENT="~\" WC="0.28" CC="76"/>
						<SP ID="P7_SP00480" HPOS="2604" VPOS="528" WIDTH="18"/>
						<String ID="P7_ST00541" HPOS="2622" VPOS="498" WIDTH="199" HEIGHT="47" CONTENT="erbindung" WC="0.50" CC="706780770"/>
						<SP ID="P7_SP00481" HPOS="2821" VPOS="545" WIDTH="24"/>
						<String ID="P7_ST00542" HPOS="2845" VPOS="502" WIDTH="196" HEIGHT="35" CONTENT="stehenden" WC="0.97" CC="797677077"/>
						<SP ID="P7_SP00482" HPOS="3041" VPOS="545" WIDTH="19"/>
						<String ID="P7_ST00543" HPOS="3060" VPOS="504" WIDTH="154" HEIGHT="34" CONTENT="Zwecke" WC="0.97" CC="487307"/>
					</TextLine>
					<TextLine ID="P7_TL00064" HPOS="1758" VPOS="546" WIDTH="1459" HEIGHT="55">
						<String ID="P7_ST00544" HPOS="1758" VPOS="546" WIDTH="260" HEIGHT="43" CONTENT="ausgeworfen." WC="0.99" CC="063606495000"/>
						<SP ID="P7_SP00483" HPOS="2018" VPOS="589" WIDTH="31"/>
						<String ID="P7_ST00545" HPOS="2049" VPOS="547" WIDTH="75" HEIGHT="33" CONTENT="Für" WC="0.95" CC="524"/>
						<SP ID="P7_SP00484" HPOS="2124" VPOS="589" WIDTH="27"/>
						<String ID="P7_ST00546" HPOS="2151" VPOS="547" WIDTH="57" HEIGHT="34" CONTENT="die" WC="0.98" CC="031"/>
						<SP ID="P7_SP00485" HPOS="2208" VPOS="589" WIDTH="27"/>
						<String ID="P7_ST00547" HPOS="2235" VPOS="549" WIDTH="265" HEIGHT="36" CONTENT="dramatischen" WC="0.99" CC="003967500506"/>
						<SP ID="P7_SP00486" HPOS="2500" VPOS="589" WIDTH="28"/>
						<String ID="P7_ST00548" HPOS="2528" VPOS="553" WIDTH="279" HEIGHT="48" CONTENT="Aufführungen" WC="0.99" CC="557057429708"/>
						<SP ID="P7_SP00487" HPOS="2807" VPOS="601" WIDTH="28"/>
						<String ID="P7_ST00549" HPOS="2835" VPOS="559" WIDTH="81" HEIGHT="33" CONTENT="sind" WC="0.97" CC="0670"/>
						<SP ID="P7_SP00488" HPOS="2916" VPOS="601" WIDTH="19"/>
						<String ID="P7_ST00550" HPOS="2935" VPOS="561" WIDTH="92" HEIGHT="33" CONTENT="Emil" WC="0.98" CC="0055"/>
						<SP ID="P7_SP00489" HPOS="3027" VPOS="601" WIDTH="16"/>
						<String ID="P7_ST00551" HPOS="3043" VPOS="562" WIDTH="174" HEIGHT="33" CONTENT="Devrient" WC="0.68" CC="40005084"/>
					</TextLine>
					<TextLine ID="P7_TL00065" HPOS="1757" VPOS="603" WIDTH="764" HEIGHT="50">
						<String ID="P7_ST00552" HPOS="1757" VPOS="603" WIDTH="73" HEIGHT="33" CONTENT="und" WC="0.99" CC="120"/>
						<SP ID="P7_SP00490" HPOS="1830" VPOS="636" WIDTH="27"/>
						<String ID="P7_ST00553" HPOS="1857" VPOS="604" WIDTH="95" HEIGHT="33" CONTENT="Frau" WC="0.49" CC="7507"/>
						<SP ID="P7_SP00491" HPOS="1952" VPOS="637" WIDTH="28"/>
						<String ID="P7_ST00554" HPOS="1980" VPOS="605" WIDTH="369" HEIGHT="36" CONTENT="Seebach-Naumann" WC="0.99" CC="700705545764002"/>
						<SP ID="P7_SP00492" HPOS="2349" VPOS="641" WIDTH="27"/>
						<String ID="P7_ST00555" HPOS="2376" VPOS="611" WIDTH="145" HEIGHT="42" CONTENT="gewiss." WC="0.98" CC="0092506"/>
					</TextLine>
					<TextLine ID="P7_TL00066" HPOS="1829" VPOS="703" WIDTH="1377" HEIGHT="60">
						<String ID="P7_ST00556" HPOS="1829" VPOS="703" WIDTH="69" HEIGHT="35" CONTENT="Die" WC="0.94" CC="752"/>
						<SP ID="P7_SP00493" HPOS="1898" VPOS="738" WIDTH="26"/>
						<String ID="P7_ST00557" HPOS="1924" VPOS="705" WIDTH="310" HEIGHT="46" CONTENT="Vorbereitungen" WC="0.99" CC="70061014060821"/>
						<SP ID="P7_SP00494" HPOS="2234" VPOS="751" WIDTH="28"/>
						<String ID="P7_ST00558" HPOS="2262" VPOS="719" WIDTH="63" HEIGHT="23" CONTENT="zur" WC="0.94" CC="169"/>
						<SP ID="P7_SP00495" HPOS="2325" VPOS="751" WIDTH="25"/>
						<String ID="P7_ST00559" HPOS="2350" VPOS="710" WIDTH="103" HEIGHT="33" CONTENT="Feier" WC="0.97" CC="90405"/>
						<SP ID="P7_SP00496" HPOS="2453" VPOS="751" WIDTH="40"/>
						<String ID="P7_ST00560" HPOS="2493" VPOS="710" WIDTH="61" HEIGHT="34" CONTENT="des" WC="1.00" CC="000"/>
						<SP ID="P7_SP00497" HPOS="2554" VPOS="751" WIDTH="42"/>
						<String ID="P7_ST00561" HPOS="2596" VPOS="712" WIDTH="319" HEIGHT="49" CONTENT="hundertjährigen" WC="0.99" CC="760810006705047"/>
						<SP ID="P7_SP00498" HPOS="2915" VPOS="761" WIDTH="29"/>
						<String ID="P7_ST00562" HPOS="2944" VPOS="718" WIDTH="262" HEIGHT="45" CONTENT="Geburtstages" WC="0.99" CC="635040009935"/>
					</TextLine>
					<TextLine ID="P7_TL00067" HPOS="1759" VPOS="762" WIDTH="1458" HEIGHT="56">
						<String ID="P7_ST00563" HPOS="1759" VPOS="762" WIDTH="184" HEIGHT="35" CONTENT="Schillers" WC="0.98" CC="617347771"/>
						<SP ID="P7_SP00499" HPOS="1943" VPOS="797" WIDTH="30"/>
						<String ID="P7_ST00564" HPOS="1973" VPOS="764" WIDTH="78" HEIGHT="33" CONTENT="sind" WC="0.95" CC="3595"/>
						<SP ID="P7_SP00500" HPOS="2051" VPOS="797" WIDTH="28"/>
						<String ID="P7_ST00565" HPOS="2079" VPOS="766" WIDTH="35" HEIGHT="31" CONTENT="in" WC="0.28" CC="58"/>
						<SP ID="P7_SP00501" HPOS="2114" VPOS="797" WIDTH="30"/>
						<String ID="P7_ST00566" HPOS="2144" VPOS="766" WIDTH="245" HEIGHT="45" CONTENT="Stuttgart" WC="0.99" CC="906080000"/>
						<SP ID="P7_SP00502" HPOS="2389" VPOS="811" WIDTH="38"/>
						<String ID="P7_ST00567" HPOS="2427" VPOS="769" WIDTH="48" HEIGHT="33" CONTENT="im" WC="0.90" CC="10"/>
						<SP ID="P7_SP00503" HPOS="2475" VPOS="811" WIDTH="28"/>
						<String ID="P7_ST00568" HPOS="2503" VPOS="770" WIDTH="122" HEIGHT="34" CONTENT="besten" WC="0.98" CC="170077"/>
						<SP ID="P7_SP00504" HPOS="2625" VPOS="811" WIDTH="30"/>
						<String ID="P7_ST00569" HPOS="2655" VPOS="773" WIDTH="134" HEIGHT="45" CONTENT="Gange." WC="0.96" CC="977075"/>
						<SP ID="P7_SP00505" HPOS="2789" VPOS="818" WIDTH="53"/>
						<String ID="P7_ST00570" HPOS="2842" VPOS="775" WIDTH="67" HEIGHT="33" CONTENT="Die" WC="0.95" CC="067"/>
						<SP ID="P7_SP00506" HPOS="2909" VPOS="818" WIDTH="33"/>
						<String ID="P7_ST00571" HPOS="2942" VPOS="777" WIDTH="104" HEIGHT="33" CONTENT="Feier" WC="0.96" CC="97370"/>
						<SP ID="P7_SP00507" HPOS="3046" VPOS="818" WIDTH="26"/>
						<String ID="P7_ST00572" HPOS="3072" VPOS="779" WIDTH="47" HEIGHT="32" CONTENT="ist" WC="1.00" CC="000"/>
						<SP ID="P7_SP00508" HPOS="3119" VPOS="818" WIDTH="28"/>
						<String ID="P7_ST00573" HPOS="3147" VPOS="780" WIDTH="70" HEIGHT="31" CONTENT="auf" WC="0.95" CC="740"/>
					</TextLine>
					<TextLine ID="P7_TL00068" HPOS="1756" VPOS="820" WIDTH="1453" HEIGHT="58">
						<String ID="P7_ST00574" HPOS="1756" VPOS="820" WIDTH="56" HEIGHT="34" CONTENT="die" WC="0.99" CC="001"/>
						<SP ID="P7_SP00509" HPOS="1812" VPOS="854" WIDTH="29"/>
						<String ID="P7_ST00575" HPOS="1841" VPOS="822" WIDTH="76" HEIGHT="33" CONTENT="drei" WC="0.98" CC="0611"/>
						<SP ID="P7_SP00510" HPOS="1917" VPOS="855" WIDTH="26"/>
						<String ID="P7_ST00576" HPOS="1943" VPOS="823" WIDTH="100" HEIGHT="43" CONTENT="Tage" WC="0.96" CC="6092"/>
						<SP ID="P7_SP00511" HPOS="2043" VPOS="866" WIDTH="26"/>
						<String ID="P7_ST00577" HPOS="2069" VPOS="834" WIDTH="83" HEIGHT="22" CONTENT="vom" WC="0.98" CC="060"/>
						<SP ID="P7_SP00512" HPOS="2152" VPOS="866" WIDTH="26"/>
						<String ID="P7_ST00578" HPOS="2178" VPOS="822" WIDTH="33" HEIGHT="36" CONTENT="9." WC="0.78" CC="04"/>
						<SP ID="P7_SP00513" HPOS="2211" VPOS="866" WIDTH="28"/>
						<String ID="P7_ST00579" HPOS="2239" VPOS="824" WIDTH="57" HEIGHT="34" CONTENT="bis" WC="0.94" CC="716"/>
						<SP ID="P7_SP00514" HPOS="2296" VPOS="866" WIDTH="28"/>
						<String ID="P7_ST00580" HPOS="2324" VPOS="823" WIDTH="57" HEIGHT="36" CONTENT="11." WC="0.47" CC="743"/>
						<SP ID="P7_SP00515" HPOS="2381" VPOS="866" WIDTH="28"/>
						<String ID="P7_ST00581" HPOS="2409" VPOS="826" WIDTH="202" HEIGHT="36" CONTENT="November" WC="0.99" CC="54000714"/>
						<SP ID="P7_SP00516" HPOS="2611" VPOS="866" WIDTH="25"/>
						<String ID="P7_ST00582" HPOS="2636" VPOS="829" WIDTH="201" HEIGHT="36" CONTENT="berechnet." WC="0.99" CC="7000077101"/>
						<SP ID="P7_SP00517" HPOS="2837" VPOS="866" WIDTH="23"/>
						<String ID="P7_ST00583" HPOS="2860" VPOS="832" WIDTH="68" HEIGHT="33" CONTENT="Die" WC="0.97" CC="502"/>
						<SP ID="P7_SP00518" HPOS="2928" VPOS="866" WIDTH="27"/>
						<String ID="P7_ST00584" HPOS="2955" VPOS="834" WIDTH="254" HEIGHT="44" CONTENT="Betheiligung" WC="0.99" CC="500600351677"/>
					</TextLine>
					<TextLine ID="P7_TL00069" HPOS="1757" VPOS="879" WIDTH="1456" HEIGHT="51">
						<String ID="P7_ST00585" HPOS="1757" VPOS="879" WIDTH="59" HEIGHT="34" CONTENT="des" WC="0.94" CC="806"/>
						<SP ID="P7_SP00519" HPOS="1816" VPOS="913" WIDTH="36"/>
						<String ID="P7_ST00586" HPOS="1852" VPOS="881" WIDTH="229" HEIGHT="33" CONTENT="Hoftheaters" WC="0.99" CC="43056008073"/>
						<SP ID="P7_SP00520" HPOS="2081" VPOS="914" WIDTH="41"/>
						<String ID="P7_ST00587" HPOS="2122" VPOS="881" WIDTH="113" HEIGHT="34" CONTENT="durch" WC="0.97" CC="07055"/>
						<SP ID="P7_SP00521" HPOS="2235" VPOS="915" WIDTH="42"/>
						<String ID="P7_ST00588" HPOS="2277" VPOS="883" WIDTH="383" HEIGHT="47" CONTENT="Fest-Darstellungen" WC="1.00" CC="200040346404350006"/>
						<SP ID="P7_SP00522" HPOS="2660" VPOS="930" WIDTH="29"/>
						<String ID="P7_ST00589" HPOS="2689" VPOS="888" WIDTH="272" HEIGHT="36" CONTENT="Schiller'scher" WC="0.54" CC="81706550456703"/>
						<SP ID="P7_SP00523" HPOS="2961" VPOS="930" WIDTH="26"/>
						<String ID="P7_ST00590" HPOS="2987" VPOS="891" WIDTH="132" HEIGHT="34" CONTENT="Werke" WC="0.98" CC="60304"/>
						<SP ID="P7_SP00524" HPOS="3119" VPOS="930" WIDTH="44"/>
						<String ID="P7_ST00591" HPOS="3163" VPOS="893" WIDTH="50" HEIGHT="33" CONTENT="ist" WC="0.96" CC="027"/>
					</TextLine>
					<TextLine ID="P7_TL00070" HPOS="1754" VPOS="938" WIDTH="1455" HEIGHT="56">
						<String ID="P7_ST00592" HPOS="1754" VPOS="938" WIDTH="36" HEIGHT="32" CONTENT="in" WC="0.40" CC="47"/>
						<SP ID="P7_SP00525" HPOS="1790" VPOS="970" WIDTH="27"/>
						<String ID="P7_ST00593" HPOS="1817" VPOS="939" WIDTH="175" HEIGHT="33" CONTENT="Aussicht" WC="0.99" CC="07006360"/>
						<SP ID="P7_SP00526" HPOS="1992" VPOS="972" WIDTH="26"/>
						<String ID="P7_ST00594" HPOS="2018" VPOS="940" WIDTH="157" HEIGHT="43" CONTENT="gestellt." WC="0.99" CC="030724307"/>
						<SP ID="P7_SP00527" HPOS="2175" VPOS="983" WIDTH="28"/>
						<String ID="P7_ST00595" HPOS="2203" VPOS="941" WIDTH="73" HEIGHT="34" CONTENT="Der" WC="0.99" CC="030"/>
						<SP ID="P7_SP00528" HPOS="2276" VPOS="983" WIDTH="15"/>
						<String ID="P7_ST00596" HPOS="2291" VPOS="942" WIDTH="122" HEIGHT="45" CONTENT="König" WC="0.97" CC="66730"/>
						<SP ID="P7_SP00529" HPOS="2413" VPOS="987" WIDTH="28"/>
						<String ID="P7_ST00597" HPOS="2441" VPOS="942" WIDTH="62" HEIGHT="33" CONTENT="hat" WC="0.97" CC="700"/>
						<SP ID="P7_SP00530" HPOS="2503" VPOS="987" WIDTH="28"/>
						<String ID="P7_ST00598" HPOS="2531" VPOS="945" WIDTH="56" HEIGHT="32" CONTENT="für" WC="0.96" CC="056"/>
						<SP ID="P7_SP00531" HPOS="2587" VPOS="987" WIDTH="27"/>
						<String ID="P7_ST00599" HPOS="2614" VPOS="945" WIDTH="55" HEIGHT="33" CONTENT="die" WC="0.98" CC="004"/>
						<SP ID="P7_SP00532" HPOS="2669" VPOS="987" WIDTH="26"/>
						<String ID="P7_ST00600" HPOS="2695" VPOS="947" WIDTH="104" HEIGHT="33" CONTENT="Feier" WC="0.98" CC="01066"/>
						<SP ID="P7_SP00533" HPOS="2799" VPOS="987" WIDTH="26"/>
						<String ID="P7_ST00601" HPOS="2825" VPOS="948" WIDTH="56" HEIGHT="33" CONTENT="die" WC="0.97" CC="043"/>
						<SP ID="P7_SP00534" HPOS="2881" VPOS="987" WIDTH="23"/>
						<String ID="P7_ST00602" HPOS="2904" VPOS="949" WIDTH="217" HEIGHT="45" CONTENT="Benutzung" WC="0.99" CC="067302570"/>
						<SP ID="P7_SP00535" HPOS="3121" VPOS="994" WIDTH="27"/>
						<String ID="P7_ST00603" HPOS="3148" VPOS="950" WIDTH="61" HEIGHT="33" CONTENT="des" WC="0.95" CC="077"/>
					</TextLine>
					<TextLine ID="P7_TL00071" HPOS="1754" VPOS="996" WIDTH="1455" HEIGHT="55">
						<String ID="P7_ST00604" HPOS="1754" VPOS="996" WIDTH="37" HEIGHT="33" CONTENT="k." WC="0.78" CC="04"/>
						<SP ID="P7_SP00536" HPOS="1791" VPOS="1029" WIDTH="27"/>
						<String ID="P7_ST00605" HPOS="1818" VPOS="996" WIDTH="217" HEIGHT="34" CONTENT="Reithauses" WC="0.98" CC="7743706772"/>
						<SP ID="P7_SP00537" HPOS="2035" VPOS="1030" WIDTH="27"/>
						<String ID="P7_ST00606" HPOS="2062" VPOS="1001" WIDTH="184" HEIGHT="41" CONTENT="gestattet." WC="0.99" CC="0660000600"/>
						<SP ID="P7_SP00538" HPOS="2246" VPOS="1042" WIDTH="52"/>
						<String ID="P7_ST00607" HPOS="2298" VPOS="999" WIDTH="69" HEIGHT="35" CONTENT="Die" WC="0.91" CC="967"/>
						<SP ID="P7_SP00539" HPOS="2367" VPOS="1042" WIDTH="37"/>
						<String ID="P7_ST00608" HPOS="2404" VPOS="1001" WIDTH="213" HEIGHT="35" CONTENT="marbacher" WC="0.98" CC="907704747"/>
						<SP ID="P7_SP00540" HPOS="2617" VPOS="1042" WIDTH="29"/>
						<String ID="P7_ST00609" HPOS="2646" VPOS="1003" WIDTH="99" HEIGHT="35" CONTENT="Föier" WC="0.51" CC="66370"/>
						<SP ID="P7_SP00541" HPOS="2745" VPOS="1042" WIDTH="42"/>
						<String ID="P7_ST00610" HPOS="2787" VPOS="1005" WIDTH="61" HEIGHT="34" CONTENT="der" WC="0.94" CC="078"/>
						<SP ID="P7_SP00542" HPOS="2848" VPOS="1042" WIDTH="25"/>
						<String ID="P7_ST00611" HPOS="2873" VPOS="1006" WIDTH="238" HEIGHT="45" CONTENT="Einweihung" WC="0.98" CC="6370747609"/>
						<SP ID="P7_SP00543" HPOS="3111" VPOS="1051" WIDTH="38"/>
						<String ID="P7_ST00612" HPOS="3149" VPOS="1008" WIDTH="60" HEIGHT="33" CONTENT="des" WC="0.94" CC="079"/>
					</TextLine>
					<TextLine ID="P7_TL00072" HPOS="1755" VPOS="1054" WIDTH="1453" HEIGHT="49">
						<String ID="P7_ST00613" HPOS="1755" VPOS="1054" WIDTH="287" HEIGHT="36" CONTENT="Schillerhauses" WC="0.99" CC="04700106671003"/>
						<SP ID="P7_SP00544" HPOS="2042" VPOS="1090" WIDTH="42"/>
						<String ID="P7_ST00614" HPOS="2084" VPOS="1057" WIDTH="69" HEIGHT="34" CONTENT="soll" WC="0.98" CC="1113"/>
						<SP ID="P7_SP00545" HPOS="2153" VPOS="1091" WIDTH="41"/>
						<String ID="P7_ST00615" HPOS="2194" VPOS="1058" WIDTH="102" HEIGHT="33" CONTENT="einen" WC="0.99" CC="10301"/>
						<SP ID="P7_SP00546" HPOS="2296" VPOS="1091" WIDTH="33"/>
						<String ID="P7_ST00616" HPOS="2329" VPOS="1060" WIDTH="266" HEIGHT="43" CONTENT="integrirenden" WC="0.78" CC="7702062000003"/>
						<SP ID="P7_SP00547" HPOS="2595" VPOS="1103" WIDTH="35"/>
						<String ID="P7_ST00617" HPOS="2630" VPOS="1061" WIDTH="105" HEIGHT="34" CONTENT="Theil" WC="0.83" CC="05101"/>
						<SP ID="P7_SP00548" HPOS="2735" VPOS="1103" WIDTH="42"/>
						<String ID="P7_ST00618" HPOS="2777" VPOS="1063" WIDTH="60" HEIGHT="34" CONTENT="des" WC="1.00" CC="001"/>
						<SP ID="P7_SP00549" HPOS="2837" VPOS="1103" WIDTH="45"/>
						<String ID="P7_ST00619" HPOS="2882" VPOS="1064" WIDTH="326" HEIGHT="36" CONTENT="Gesammt-Festes" WC="0.74" CC="00004003049058"/>
					</TextLine>
					<TextLine ID="P7_TL00073" HPOS="1754" VPOS="1111" WIDTH="134" HEIGHT="37">
						<String ID="P7_ST00620" HPOS="1754" VPOS="1111" WIDTH="134" HEIGHT="37" CONTENT="bilden." WC="0.98" CC="7430264"/>
					</TextLine>
					<TextLine ID="P7_TL00074" HPOS="1829" VPOS="1222" WIDTH="1379" HEIGHT="50">
						<String ID="P7_ST00621" HPOS="1829" VPOS="1222" WIDTH="253" HEIGHT="36" CONTENT="2SI*CSISIYI»" WC="0.32" CC="887188887850" STYLEREFS="TXT_2"/>
						<SP ID="P7_SP00550" HPOS="2082" VPOS="1258" WIDTH="30"/>
						<String ID="P7_ST00622" HPOS="2112" VPOS="1225" WIDTH="67" HEIGHT="33" CONTENT="Die" WC="0.96" CC="092"/>
						<SP ID="P7_SP00551" HPOS="2179" VPOS="1258" WIDTH="29"/>
						<String ID="P7_ST00623" HPOS="2208" VPOS="1225" WIDTH="240" HEIGHT="36" CONTENT="Gesellschaft" WC="1.00" CC="014030007003"/>
						<SP ID="P7_SP00552" HPOS="2448" VPOS="1261" WIDTH="27"/>
						<String ID="P7_ST00624" HPOS="2475" VPOS="1229" WIDTH="312" HEIGHT="43" CONTENT='„Philharmonie"' WC="0.99" CC="67311700004633"/>
						<SP ID="P7_SP00553" HPOS="2787" VPOS="1272" WIDTH="26"/>
						<String ID="P7_ST00625" HPOS="2813" VPOS="1234" WIDTH="106" HEIGHT="31" CONTENT="unter" WC="0.98" CC="67005"/>
						<SP ID="P7_SP00554" HPOS="2919" VPOS="1272" WIDTH="25"/>
						<String ID="P7_ST00626" HPOS="2944" VPOS="1231" WIDTH="60" HEIGHT="35" CONTENT="der" WC="0.97" CC="024"/>
						<SP ID="P7_SP00555" HPOS="3004" VPOS="1272" WIDTH="20"/>
						<String ID="P7_ST00627" HPOS="3024" VPOS="1234" WIDTH="184" HEIGHT="34" CONTENT="Direction" WC="0.77" CC="043140006"/>
					</TextLine>
					<TextLine ID="P7_TL00075" HPOS="1755" VPOS="1279" WIDTH="1451" HEIGHT="52">
						<String ID="P7_ST00628" HPOS="1755" VPOS="1279" WIDTH="61" HEIGHT="35" CONTENT="des" WC="1.00" CC="000"/>
						<SP ID="P7_SP00556" HPOS="1816" VPOS="1314" WIDTH="28"/>
						<String ID="P7_ST00629" HPOS="1844" VPOS="1282" WIDTH="118" HEIGHT="34" CONTENT="Herrn" WC="0.97" CC="60096"/>
						<SP ID="P7_SP00557" HPOS="1962" VPOS="1316" WIDTH="28"/>
						<String ID="P7_ST00630" HPOS="1990" VPOS="1285" WIDTH="258" HEIGHT="34" CONTENT="Damrosch" WC="0.99" CC="00005017"/>
						<SP ID="P7_SP00558" HPOS="2248" VPOS="1319" WIDTH="26"/>
						<String ID="P7_ST00631" HPOS="2274" VPOS="1286" WIDTH="158" HEIGHT="45" CONTENT="kündigt" WC="0.98" CC="6166400"/>
						<SP ID="P7_SP00559" HPOS="2432" VPOS="1331" WIDTH="28"/>
						<String ID="P7_ST00632" HPOS="2460" VPOS="1288" WIDTH="57" HEIGHT="33" CONTENT="ein" WC="0.99" CC="002"/>
						<SP ID="P7_SP00560" HPOS="2517" VPOS="1331" WIDTH="21"/>
						<String ID="P7_ST00633" HPOS="2538" VPOS="1288" WIDTH="250" HEIGHT="35" CONTENT="Abonnement" WC="0.99" CC="0775160063"/>
						<SP ID="P7_SP00561" HPOS="2788" VPOS="1331" WIDTH="25"/>
						<String ID="P7_ST00634" HPOS="2813" VPOS="1291" WIDTH="66" HEIGHT="32" CONTENT="auf" WC="0.98" CC="050"/>
						<SP ID="P7_SP00562" HPOS="2879" VPOS="1331" WIDTH="24"/>
						<String ID="P7_ST00635" HPOS="2903" VPOS="1288" WIDTH="47" HEIGHT="36" CONTENT="24" WC="0.68" CC="60"/>
						<SP ID="P7_SP00563" HPOS="2950" VPOS="1331" WIDTH="27"/>
						<String ID="P7_ST00636" HPOS="2977" VPOS="1293" WIDTH="229" HEIGHT="34" CONTENT="Concerte" WC="0.73" CC="55700100"/>
					</TextLine>
					<TextLine ID="P7_TL00076" HPOS="1754" VPOS="1341" WIDTH="1451" HEIGHT="48">
						<String ID="P7_ST00637" HPOS="1754" VPOS="1341" WIDTH="57" HEIGHT="32" CONTENT="für" WC="0.97" CC="007"/>
						<SP ID="P7_SP00564" HPOS="1811" VPOS="1373" WIDTH="26"/>
						<String ID="P7_ST00638" HPOS="1837" VPOS="1342" WIDTH="134" HEIGHT="33" CONTENT="einen" WC="0.98" CC="33207"/>
						<SP ID="P7_SP00565" HPOS="1971" VPOS="1375" WIDTH="30"/>
						<String ID="P7_ST00639" HPOS="2001" VPOS="1343" WIDTH="134" HEIGHT="34" CONTENT="Thaler" WC="0.99" CC="270100"/>
						<SP ID="P7_SP00566" HPOS="2135" VPOS="1377" WIDTH="26"/>
						<String ID="P7_ST00640" HPOS="2161" VPOS="1356" WIDTH="47" HEIGHT="21" CONTENT="an" WC="0.31" CC="76"/>
						<SP ID="P7_SP00567" HPOS="2208" VPOS="1377" WIDTH="101"/>
						<String ID="P7_ST00641" HPOS="2309" VPOS="1345" WIDTH="76" HEIGHT="34" CONTENT="also" WC="0.98" CC="0024"/>
						<SP ID="P7_SP00568" HPOS="2385" VPOS="1379" WIDTH="25"/>
						<String ID="P7_ST00642" HPOS="2410" VPOS="1347" WIDTH="100" HEIGHT="42" CONTENT="jedes" WC="0.98" CC="32044"/>
						<SP ID="P7_SP00569" HPOS="2510" VPOS="1389" WIDTH="30"/>
						<String ID="P7_ST00643" HPOS="2540" VPOS="1347" WIDTH="154" HEIGHT="34" CONTENT="Concert" WC="0.63" CC="6073025"/>
						<SP ID="P7_SP00570" HPOS="2694" VPOS="1389" WIDTH="36"/>
						<String ID="P7_ST00644" HPOS="2730" VPOS="1359" WIDTH="45" HEIGHT="22" CONTENT="zu" WC="1.00" CC="00"/>
						<SP ID="P7_SP00571" HPOS="2775" VPOS="1389" WIDTH="34"/>
						<String ID="P7_ST00645" HPOS="2809" VPOS="1348" WIDTH="228" HEIGHT="34" CONTENT="fünfzehn" WC="0.99" CC="00602070"/>
						<SP ID="P7_SP00572" HPOS="3037" VPOS="1389" WIDTH="34"/>
						<String ID="P7_ST00646" HPOS="3071" VPOS="1350" WIDTH="108" HEIGHT="33" CONTENT="Pfen" SUBS_TYPE="HypPart1" SUBS_CONTENT="Pfennigen" WC="0.97" CC="8007"/>
						<HYP HPOS="3179" VPOS="1350" WIDTH="26" CONTENT="-"/>
					</TextLine>
					<TextLine ID="P7_TL00077" HPOS="1752" VPOS="1399" WIDTH="1456" HEIGHT="49">
						<String ID="P7_ST00647" HPOS="1752" VPOS="1399" WIDTH="136" HEIGHT="44" CONTENT="nigen" SUBS_TYPE="HypPart2" SUBS_CONTENT="Pfennigen" WC="0.97" CC="70636"/>
						<SP ID="P7_SP00573" HPOS="1888" VPOS="1443" WIDTH="27"/>
						<String ID="P7_ST00648" HPOS="1915" VPOS="1400" WIDTH="85" HEIGHT="34" CONTENT="oder" WC="0.99" CC="0005"/>
						<SP ID="P7_SP00574" HPOS="2000" VPOS="1443" WIDTH="27"/>
						<String ID="P7_ST00649" HPOS="2027" VPOS="1402" WIDTH="115" HEIGHT="34" CONTENT="einem" WC="1.00" CC="00300"/>
						<SP ID="P7_SP00575" HPOS="2142" VPOS="1443" WIDTH="28"/>
						<String ID="P7_ST00650" HPOS="2170" VPOS="1403" WIDTH="313" HEIGHT="45" CONTENT="Gutengroschen." WC="0.99" CC="06017001067044"/>
						<SP ID="P7_SP00576" HPOS="2483" VPOS="1448" WIDTH="52"/>
						<String ID="P7_ST00651" HPOS="2535" VPOS="1406" WIDTH="116" HEIGHT="33" CONTENT="Wenn" WC="0.95" CC="9086"/>
						<SP ID="P7_SP00577" HPOS="2651" VPOS="1448" WIDTH="28"/>
						<String ID="P7_ST00652" HPOS="2679" VPOS="1405" WIDTH="80" HEIGHT="34" CONTENT="das" WC="0.99" CC="002"/>
						<SP ID="P7_SP00578" HPOS="2759" VPOS="1448" WIDTH="39"/>
						<String ID="P7_ST00653" HPOS="2798" VPOS="1406" WIDTH="102" HEIGHT="34" CONTENT="nicht" WC="0.96" CC="73078"/>
						<SP ID="P7_SP00579" HPOS="2900" VPOS="1448" WIDTH="28"/>
						<String ID="P7_ST00654" HPOS="2928" VPOS="1407" WIDTH="95" HEIGHT="32" CONTENT="zieht" WC="0.98" CC="81070"/>
						<SP ID="P7_SP00580" HPOS="3023" VPOS="1448" WIDTH="27"/>
						<String ID="P7_ST00655" HPOS="3050" VPOS="1410" WIDTH="73" HEIGHT="33" CONTENT="und" WC="0.95" CC="406"/>
						<SP ID="P7_SP00581" HPOS="3123" VPOS="1448" WIDTH="24"/>
						<String ID="P7_ST00656" HPOS="3147" VPOS="1408" WIDTH="61" HEIGHT="33" CONTENT="der" WC="0.97" CC="045"/>
					</TextLine>
					<TextLine ID="P7_TL00078" HPOS="1755" VPOS="1458" WIDTH="1453" HEIGHT="50">
						<String ID="P7_ST00657" HPOS="1755" VPOS="1458" WIDTH="318" HEIGHT="47" CONTENT="Zukunftsmusik," WC="0.99" CC="47065000053064"/>
						<SP ID="P7_SP00582" HPOS="2073" VPOS="1505" WIDTH="30"/>
						<String ID="P7_ST00658" HPOS="2103" VPOS="1461" WIDTH="108" HEIGHT="34" CONTENT="deren" WC="1.00" CC="00000"/>
						<SP ID="P7_SP00583" HPOS="2211" VPOS="1505" WIDTH="25"/>
						<String ID="P7_ST00659" HPOS="2236" VPOS="1462" WIDTH="151" HEIGHT="44" CONTENT="Apostel" WC="0.99" CC="0700003"/>
						<SP ID="P7_SP00584" HPOS="2387" VPOS="1506" WIDTH="25"/>
						<String ID="P7_ST00660" HPOS="2412" VPOS="1464" WIDTH="94" HEIGHT="33" CONTENT="Herr" WC="0.97" CC="6105"/>
						<SP ID="P7_SP00585" HPOS="2506" VPOS="1506" WIDTH="25"/>
						<String ID="P7_ST00661" HPOS="2531" VPOS="1464" WIDTH="200" HEIGHT="34" CONTENT="Damrosch" WC="0.49" CC="04695247"/>
						<SP ID="P7_SP00586" HPOS="2731" VPOS="1506" WIDTH="28"/>
						<String ID="P7_ST00662" HPOS="2759" VPOS="1465" WIDTH="58" HEIGHT="43" CONTENT="ist," WC="0.97" CC="6107"/>
						<SP ID="P7_SP00587" HPOS="2817" VPOS="1508" WIDTH="29"/>
						<String ID="P7_ST00663" HPOS="2846" VPOS="1465" WIDTH="77" HEIGHT="34" CONTENT="hier" WC="0.96" CC="7605"/>
						<SP ID="P7_SP00588" HPOS="2923" VPOS="1508" WIDTH="26"/>
						<String ID="P7_ST00664" HPOS="2949" VPOS="1465" WIDTH="103" HEIGHT="34" CONTENT="Bahn" WC="0.95" CC="1975"/>
						<SP ID="P7_SP00589" HPOS="3052" VPOS="1508" WIDTH="26"/>
						<String ID="P7_ST00665" HPOS="3078" VPOS="1466" WIDTH="130" HEIGHT="36" CONTENT="bricht," WC="0.97" CC="7940756"/>
					</TextLine>
					<TextLine ID="P7_TL00079" HPOS="1754" VPOS="1517" WIDTH="716" HEIGHT="44">
						<String ID="P7_ST00666" HPOS="1754" VPOS="1526" WIDTH="40" HEIGHT="24" CONTENT="so" WC="0.72" CC="50"/>
						<SP ID="P7_SP00590" HPOS="1794" VPOS="1550" WIDTH="26"/>
						<String ID="P7_ST00667" HPOS="1820" VPOS="1517" WIDTH="48" HEIGHT="32" CONTENT="ist" WC="0.96" CC="350"/>
						<SP ID="P7_SP00591" HPOS="1868" VPOS="1550" WIDTH="26"/>
						<String ID="P7_ST00668" HPOS="1894" VPOS="1517" WIDTH="141" HEIGHT="44" CONTENT="Hopfen" WC="0.98" CC="636106"/>
						<SP ID="P7_SP00592" HPOS="2035" VPOS="1561" WIDTH="25"/>
						<String ID="P7_ST00669" HPOS="2060" VPOS="1519" WIDTH="74" HEIGHT="32" CONTENT="und" WC="0.94" CC="790"/>
						<SP ID="P7_SP00593" HPOS="2134" VPOS="1561" WIDTH="27"/>
						<String ID="P7_ST00670" HPOS="2161" VPOS="1519" WIDTH="97" HEIGHT="33" CONTENT="Malz" WC="0.98" CC="2043"/>
						<SP ID="P7_SP00594" HPOS="2258" VPOS="1561" WIDTH="28"/>
						<String ID="P7_ST00671" HPOS="2286" VPOS="1521" WIDTH="184" HEIGHT="34" CONTENT="verloren!" WC="0.99" CC="021250072"/>
					</TextLine>
					<TextLine ID="P7_TL00080" HPOS="1900" VPOS="1634" WIDTH="1305" HEIGHT="54">
						<String ID="P7_ST00672" HPOS="1900" VPOS="1634" WIDTH="104" HEIGHT="37" CONTENT="ieil." WC="0.42" CC="54863"/>
						<SP ID="P7_SP00595" HPOS="2004" VPOS="1671" WIDTH="31"/>
						<String ID="P7_ST00673" HPOS="2035" VPOS="1637" WIDTH="157" HEIGHT="43" CONTENT="Tristan," WC="0.99" CC="74200033"/>
						<SP ID="P7_SP00596" HPOS="2192" VPOS="1680" WIDTH="23"/>
						<String ID="P7_ST00674" HPOS="2215" VPOS="1638" WIDTH="181" HEIGHT="45" CONTENT="Tragödie" WC="1.00" CC="40002020"/>
						<SP ID="P7_SP00597" HPOS="2396" VPOS="1683" WIDTH="25"/>
						<String ID="P7_ST00675" HPOS="2421" VPOS="1641" WIDTH="37" HEIGHT="32" CONTENT="in" WC="0.52" CC="44"/>
						<SP ID="P7_SP00598" HPOS="2458" VPOS="1683" WIDTH="22"/>
						<String ID="P7_ST00676" HPOS="2480" VPOS="1641" WIDTH="82" HEIGHT="33" CONTENT="fünf" WC="1.00" CC="0000"/>
						<SP ID="P7_SP00599" HPOS="2562" VPOS="1683" WIDTH="10"/>
						<String ID="P7_ST00677" HPOS="2572" VPOS="1641" WIDTH="191" HEIGHT="46" CONTENT="Aufzügen" WC="0.99" CC="96000055"/>
						<SP ID="P7_SP00600" HPOS="2763" VPOS="1687" WIDTH="24"/>
						<String ID="P7_ST00678" HPOS="2787" VPOS="1655" WIDTH="70" HEIGHT="22" CONTENT="von" WC="0.95" CC="066"/>
						<SP ID="P7_SP00601" HPOS="2857" VPOS="1687" WIDTH="26"/>
						<String ID="P7_ST00679" HPOS="2883" VPOS="1643" WIDTH="178" HEIGHT="45" CONTENT="Joseph" WC="0.98" CC="030067"/>
						<SP ID="P7_SP00602" HPOS="3061" VPOS="1688" WIDTH="28"/>
						<String ID="P7_ST00680" HPOS="3089" VPOS="1644" WIDTH="87" HEIGHT="33" CONTENT="Wei" SUBS_TYPE="HypPart1" SUBS_CONTENT="Weilen," WC="0.97" CC="901"/>
						<HYP HPOS="3176" VPOS="1644" WIDTH="29" CONTENT="-"/>
					</TextLine>
					<TextLine ID="P7_TL00081" HPOS="1753" VPOS="1693" WIDTH="1452" HEIGHT="53">
						<String ID="P7_ST00681" HPOS="1753" VPOS="1693" WIDTH="88" HEIGHT="43" CONTENT="len," SUBS_TYPE="HypPart2" SUBS_CONTENT="Weilen," WC="0.98" CC="0064"/>
						<SP ID="P7_SP00603" HPOS="1841" VPOS="1736" WIDTH="25"/>
						<String ID="P7_ST00682" HPOS="1866" VPOS="1695" WIDTH="50" HEIGHT="33" CONTENT="im" WC="0.54" CC="09"/>
						<SP ID="P7_SP00604" HPOS="1916" VPOS="1736" WIDTH="27"/>
						<String ID="P7_ST00683" HPOS="1943" VPOS="1695" WIDTH="240" HEIGHT="45" CONTENT="Burgtheater" WC="1.00" CC="56000600010"/>
						<SP ID="P7_SP00605" HPOS="2183" VPOS="1740" WIDTH="27"/>
						<String ID="P7_ST00684" HPOS="2210" VPOS="1708" WIDTH="83" HEIGHT="22" CONTENT="zum" WC="0.95" CC="760"/>
						<SP ID="P7_SP00606" HPOS="2293" VPOS="1740" WIDTH="26"/>
						<String ID="P7_ST00685" HPOS="2319" VPOS="1701" WIDTH="118" HEIGHT="31" CONTENT="ersten" WC="0.99" CC="111006"/>
						<SP ID="P7_SP00607" HPOS="2437" VPOS="1740" WIDTH="26"/>
						<String ID="P7_ST00686" HPOS="2463" VPOS="1699" WIDTH="98" HEIGHT="34" CONTENT="Male" WC="0.97" CC="0354"/>
						<SP ID="P7_SP00608" HPOS="2561" VPOS="1740" WIDTH="28"/>
						<String ID="P7_ST00687" HPOS="2589" VPOS="1702" WIDTH="210" HEIGHT="43" CONTENT="aufgeführt" WC="0.99" CC="0600201760"/>
						<SP ID="P7_SP00609" HPOS="2799" VPOS="1745" WIDTH="27"/>
						<String ID="P7_ST00688" HPOS="2826" VPOS="1713" WIDTH="57" HEIGHT="22" CONTENT="am" WC="1.00" CC="00"/>
						<SP ID="P7_SP00610" HPOS="2883" VPOS="1745" WIDTH="31"/>
						<String ID="P7_ST00689" HPOS="2914" VPOS="1702" WIDTH="52" HEIGHT="35" CONTENT="19." WC="0.61" CC="361"/>
						<SP ID="P7_SP00611" HPOS="2966" VPOS="1745" WIDTH="21"/>
						<String ID="P7_ST00690" HPOS="2987" VPOS="1702" WIDTH="218" HEIGHT="44" CONTENT="September," WC="0.99" CC="7400207490"/>
					</TextLine>
					<TextLine ID="P7_TL00082" HPOS="1752" VPOS="1754" WIDTH="1454" HEIGHT="52">
						<String ID="P7_ST00691" HPOS="1752" VPOS="1754" WIDTH="123" HEIGHT="33" CONTENT="wurde" WC="0.97" CC="96600"/>
						<SP ID="P7_SP00612" HPOS="1875" VPOS="1787" WIDTH="27"/>
						<String ID="P7_ST00692" HPOS="1902" VPOS="1765" WIDTH="71" HEIGHT="24" CONTENT="von" WC="0.99" CC="002"/>
						<SP ID="P7_SP00613" HPOS="1973" VPOS="1789" WIDTH="26"/>
						<String ID="P7_ST00693" HPOS="1999" VPOS="1756" WIDTH="78" HEIGHT="33" CONTENT="dem" WC="1.00" CC="000"/>
						<SP ID="P7_SP00614" HPOS="2077" VPOS="1789" WIDTH="28"/>
						<String ID="P7_ST00694" HPOS="2105" VPOS="1756" WIDTH="121" HEIGHT="33" CONTENT="vollen" WC="0.98" CC="057403"/>
						<SP ID="P7_SP00615" HPOS="2226" VPOS="1789" WIDTH="27"/>
						<String ID="P7_ST00695" HPOS="2253" VPOS="1758" WIDTH="123" HEIGHT="34" CONTENT="Hause" WC="0.97" CC="63522"/>
						<SP ID="P7_SP00616" HPOS="2376" VPOS="1792" WIDTH="28"/>
						<String ID="P7_ST00696" HPOS="2404" VPOS="1759" WIDTH="204" HEIGHT="35" CONTENT="freundlich" WC="0.99" CC="0300602017"/>
						<SP ID="P7_SP00617" HPOS="2608" VPOS="1794" WIDTH="29"/>
						<String ID="P7_ST00697" HPOS="2637" VPOS="1763" WIDTH="284" HEIGHT="43" CONTENT="aufgenommen." WC="0.99" CC="560030000066"/>
						<SP ID="P7_SP00618" HPOS="2921" VPOS="1806" WIDTH="40"/>
						<String ID="P7_ST00698" HPOS="2961" VPOS="1763" WIDTH="92" HEIGHT="33" CONTENT="Herr" WC="0.98" CC="4007"/>
						<SP ID="P7_SP00619" HPOS="3053" VPOS="1806" WIDTH="27"/>
						<String ID="P7_ST00699" HPOS="3080" VPOS="1763" WIDTH="105" HEIGHT="43" CONTENT="Regis" SUBS_TYPE="HypPart1" SUBS_CONTENT="Regisseur" WC="0.98" CC="70045"/>
						<HYP HPOS="3185" VPOS="1763" WIDTH="21" CONTENT="-"/>
					</TextLine>
					<TextLine ID="P7_TL00083" HPOS="1754" VPOS="1813" WIDTH="1452" HEIGHT="44">
						<String ID="P7_ST00700" HPOS="1754" VPOS="1824" WIDTH="82" HEIGHT="21" CONTENT="seur" SUBS_TYPE="HypPart2" SUBS_CONTENT="Regisseur" WC="0.96" CC="6076"/>
						<SP ID="P7_SP00620" HPOS="1836" VPOS="1845" WIDTH="28"/>
						<String ID="P7_ST00701" HPOS="1864" VPOS="1813" WIDTH="53" HEIGHT="33" CONTENT="La" WC="0.22" CC="68"/>
						<SP ID="P7_SP00621" HPOS="1917" VPOS="1846" WIDTH="28"/>
						<String ID="P7_ST00702" HPOS="1945" VPOS="1814" WIDTH="120" HEIGHT="33" CONTENT="Roche" WC="0.96" CC="93335"/>
						<SP ID="P7_SP00622" HPOS="2065" VPOS="1847" WIDTH="28"/>
						<String ID="P7_ST00703" HPOS="2093" VPOS="1815" WIDTH="161" HEIGHT="33" CONTENT="erschien" WC="0.99" CC="00357217"/>
						<SP ID="P7_SP00623" HPOS="2254" VPOS="1848" WIDTH="30"/>
						<String ID="P7_ST00704" HPOS="2284" VPOS="1817" WIDTH="160" HEIGHT="40" CONTENT="viermal," WC="0.99" CC="03040044"/>
						<SP ID="P7_SP00624" HPOS="2444" VPOS="1857" WIDTH="35"/>
						<String ID="P7_ST00705" HPOS="2479" VPOS="1830" WIDTH="61" HEIGHT="22" CONTENT="um" WC="0.69" CC="60"/>
						<SP ID="P7_SP00625" HPOS="2540" VPOS="1857" WIDTH="28"/>
						<String ID="P7_ST00706" HPOS="2568" VPOS="1823" WIDTH="135" HEIGHT="30" CONTENT="anstatt" WC="1.00" CC="0000000"/>
						<SP ID="P7_SP00626" HPOS="2703" VPOS="1857" WIDTH="25"/>
						<String ID="P7_ST00707" HPOS="2728" VPOS="1820" WIDTH="61" HEIGHT="33" CONTENT="des" WC="0.97" CC="060"/>
						<SP ID="P7_SP00627" HPOS="2789" VPOS="1857" WIDTH="26"/>
						<String ID="P7_ST00708" HPOS="2815" VPOS="1822" WIDTH="206" HEIGHT="32" CONTENT="Verfassers" WC="1.00" CC="7003000060"/>
						<SP ID="P7_SP00628" HPOS="3021" VPOS="1857" WIDTH="29"/>
						<String ID="P7_ST00709" HPOS="3050" VPOS="1832" WIDTH="43" HEIGHT="21" CONTENT="zu" WC="0.67" CC="06"/>
						<SP ID="P7_SP00629" HPOS="3093" VPOS="1857" WIDTH="27"/>
						<String ID="P7_ST00710" HPOS="3120" VPOS="1820" WIDTH="65" HEIGHT="33" CONTENT="dan" SUBS_TYPE="HypPart1" SUBS_CONTENT="danken." WC="0.98" CC="008"/>
						<HYP HPOS="3185" VPOS="1820" WIDTH="21" CONTENT="-"/>
					</TextLine>
					<TextLine ID="P7_TL00084" HPOS="1753" VPOS="1871" WIDTH="1454" HEIGHT="52">
						<String ID="P7_ST00711" HPOS="1753" VPOS="1871" WIDTH="82" HEIGHT="33" CONTENT="ken." SUBS_TYPE="HypPart2" SUBS_CONTENT="danken." WC="0.98" CC="0260"/>
						<SP ID="P7_SP00630" HPOS="1835" VPOS="1904" WIDTH="30"/>
						<String ID="P7_ST00712" HPOS="1865" VPOS="1872" WIDTH="173" HEIGHT="33" CONTENT="Weilen's" WC="0.52" CC="93060636"/>
						<SP ID="P7_SP00631" HPOS="2038" VPOS="1905" WIDTH="30"/>
						<String ID="P7_ST00713" HPOS="2068" VPOS="1874" WIDTH="221" HEIGHT="33" CONTENT="Tristanist" WC="0.99" CC="0013000551"/>
						<SP ID="P7_SP00632" HPOS="2289" VPOS="1907" WIDTH="26"/>
						<String ID="P7_ST00714" HPOS="2315" VPOS="1877" WIDTH="56" HEIGHT="32" CONTENT="ein" WC="0.95" CC="038"/>
						<SP ID="P7_SP00633" HPOS="2371" VPOS="1909" WIDTH="29"/>
						<String ID="P7_ST00715" HPOS="2400" VPOS="1877" WIDTH="121" HEIGHT="42" CONTENT="Werk," WC="0.98" CC="00464"/>
						<SP ID="P7_SP00634" HPOS="2521" VPOS="1919" WIDTH="31"/>
						<String ID="P7_ST00716" HPOS="2552" VPOS="1878" WIDTH="64" HEIGHT="34" CONTENT="das" WC="0.97" CC="900"/>
						<SP ID="P7_SP00635" HPOS="2616" VPOS="1919" WIDTH="28"/>
						<String ID="P7_ST00717" HPOS="2644" VPOS="1880" WIDTH="98" HEIGHT="32" CONTENT="einer" WC="0.97" CC="76006"/>
						<SP ID="P7_SP00636" HPOS="2742" VPOS="1919" WIDTH="26"/>
						<String ID="P7_ST00718" HPOS="2768" VPOS="1882" WIDTH="166" HEIGHT="41" CONTENT="strengen" WC="0.99" CC="00006007"/>
						<SP ID="P7_SP00637" HPOS="2934" VPOS="1923" WIDTH="27"/>
						<String ID="P7_ST00719" HPOS="2961" VPOS="1879" WIDTH="121" HEIGHT="33" CONTENT="Kritik" WC="0.98" CC="203057"/>
						<SP ID="P7_SP00638" HPOS="3082" VPOS="1923" WIDTH="27"/>
						<String ID="P7_ST00720" HPOS="3109" VPOS="1890" WIDTH="74" HEIGHT="21" CONTENT="man" SUBS_TYPE="HypPart1" SUBS_CONTENT="manchen" WC="0.98" CC="005"/>
						<HYP HPOS="3183" VPOS="1890" WIDTH="24" CONTENT="-"/>
					</TextLine>
					<TextLine ID="P7_TL00085" HPOS="1753" VPOS="1929" WIDTH="1450" HEIGHT="51">
						<String ID="P7_ST00721" HPOS="1753" VPOS="1929" WIDTH="91" HEIGHT="34" CONTENT="chen" SUBS_TYPE="HypPart2" SUBS_CONTENT="manchen" WC="1.00" CC="0200"/>
						<SP ID="P7_SP00639" HPOS="1844" VPOS="1963" WIDTH="30"/>
						<String ID="P7_ST00722" HPOS="1874" VPOS="1930" WIDTH="272" HEIGHT="45" CONTENT="Anhaltspunkt" WC="0.99" CC="777055095600"/>
						<SP ID="P7_SP00640" HPOS="2146" VPOS="1975" WIDTH="27"/>
						<String ID="P7_ST00723" HPOS="2173" VPOS="1945" WIDTH="45" HEIGHT="21" CONTENT="zu" WC="0.41" CC="55"/>
						<SP ID="P7_SP00641" HPOS="2218" VPOS="1975" WIDTH="27"/>
						<String ID="P7_ST00724" HPOS="2245" VPOS="1935" WIDTH="257" HEIGHT="43" CONTENT="gegründetem" WC="1.00" CC="01000000010"/>
						<SP ID="P7_SP00642" HPOS="2502" VPOS="1978" WIDTH="29"/>
						<String ID="P7_ST00725" HPOS="2531" VPOS="1937" WIDTH="111" HEIGHT="33" CONTENT="Tadel" WC="0.99" CC="00005"/>
						<SP ID="P7_SP00643" HPOS="2642" VPOS="1978" WIDTH="28"/>
						<String ID="P7_ST00726" HPOS="2670" VPOS="1938" WIDTH="186" HEIGHT="42" CONTENT="darbietet," WC="0.99" CC="0726210032"/>
						<SP ID="P7_SP00644" HPOS="2856" VPOS="1980" WIDTH="41"/>
						<String ID="P7_ST00727" HPOS="2897" VPOS="1938" WIDTH="62" HEIGHT="33" CONTENT="das" WC="0.97" CC="070"/>
						<SP ID="P7_SP00645" HPOS="2959" VPOS="1980" WIDTH="27"/>
						<String ID="P7_ST00728" HPOS="2986" VPOS="1938" WIDTH="84" HEIGHT="33" CONTENT="aber" WC="0.97" CC="0741"/>
						<SP ID="P7_SP00646" HPOS="3070" VPOS="1980" WIDTH="27"/>
						<String ID="P7_ST00729" HPOS="3097" VPOS="1937" WIDTH="106" HEIGHT="36" CONTENT="auch," WC="0.96" CC="86370"/>
					</TextLine>
					<TextLine ID="P7_TL00086" HPOS="1751" VPOS="1989" WIDTH="1454" HEIGHT="51">
						<String ID="P7_ST00730" HPOS="1751" VPOS="1989" WIDTH="220" HEIGHT="34" CONTENT="namentlich" WC="0.99" CC="7004705034"/>
						<SP ID="P7_SP00647" HPOS="1971" VPOS="2023" WIDTH="28"/>
						<String ID="P7_ST00731" HPOS="1999" VPOS="1990" WIDTH="53" HEIGHT="34" CONTENT="als" WC="1.00" CC="000"/>
						<SP ID="P7_SP00648" HPOS="2052" VPOS="2024" WIDTH="28"/>
						<String ID="P7_ST00732" HPOS="2080" VPOS="1991" WIDTH="292" HEIGHT="45" CONTENT="Erstlingswerk," WC="1.00" CC="40004000001503"/>
						<SP ID="P7_SP00649" HPOS="2372" VPOS="2036" WIDTH="29"/>
						<String ID="P7_ST00733" HPOS="2401" VPOS="2005" WIDTH="68" HEIGHT="22" CONTENT="von" WC="0.95" CC="067"/>
						<SP ID="P7_SP00650" HPOS="2469" VPOS="2036" WIDTH="27"/>
						<String ID="P7_ST00734" HPOS="2496" VPOS="1996" WIDTH="96" HEIGHT="33" CONTENT="einer" WC="0.98" CC="02630"/>
						<SP ID="P7_SP00651" HPOS="2592" VPOS="2036" WIDTH="26"/>
						<String ID="P7_ST00735" HPOS="2618" VPOS="1996" WIDTH="230" HEIGHT="44" CONTENT="glücklichen" WC="0.99" CC="94020600607"/>
						<SP ID="P7_SP00652" HPOS="2848" VPOS="2040" WIDTH="26"/>
						<String ID="P7_ST00736" HPOS="2874" VPOS="1996" WIDTH="198" HEIGHT="44" CONTENT="Begabung" WC="0.99" CC="41007370"/>
						<SP ID="P7_SP00653" HPOS="3072" VPOS="2040" WIDTH="16"/>
						<String ID="P7_ST00737" HPOS="3088" VPOS="1997" WIDTH="94" HEIGHT="42" CONTENT="Zeug" SUBS_TYPE="HypPart1" SUBS_CONTENT="Zeugniss" WC="0.54" CC="0259"/>
						<HYP HPOS="3182" VPOS="1997" WIDTH="23" CONTENT="-"/>
					</TextLine>
					<TextLine ID="P7_TL00087" HPOS="1752" VPOS="2048" WIDTH="190" HEIGHT="44">
						<String ID="P7_ST00738" HPOS="1752" VPOS="2048" WIDTH="75" HEIGHT="33" CONTENT="niss" SUBS_TYPE="HypPart2" SUBS_CONTENT="Zeugniss" WC="0.85" CC="0401"/>
						<SP ID="P7_SP00654" HPOS="1827" VPOS="2081" WIDTH="27"/>
						<String ID="P7_ST00739" HPOS="1854" VPOS="2048" WIDTH="88" HEIGHT="44" CONTENT="gibt." WC="0.97" CC="87501"/>
					</TextLine>
					<TextLine ID="P7_TL00088" HPOS="1827" VPOS="2106" WIDTH="1381" HEIGHT="47">
						<String ID="P7_ST00740" HPOS="1827" VPOS="2106" WIDTH="88" HEIGHT="33" CONTENT="Was" WC="1.00" CC="000"/>
						<SP ID="P7_SP00655" HPOS="1915" VPOS="2139" WIDTH="29"/>
						<String ID="P7_ST00741" HPOS="1944" VPOS="2107" WIDTH="61" HEIGHT="33" CONTENT="der" WC="0.97" CC="016"/>
						<SP ID="P7_SP00656" HPOS="2005" VPOS="2140" WIDTH="25"/>
						<String ID="P7_ST00742" HPOS="2030" VPOS="2108" WIDTH="301" HEIGHT="34" CONTENT="instrumentalen" WC="1.00" CC="07000402300407"/>
						<SP ID="P7_SP00657" HPOS="2331" VPOS="2142" WIDTH="28"/>
						<String ID="P7_ST00743" HPOS="2359" VPOS="2109" WIDTH="282" HEIGHT="35" CONTENT="Kirchenmusik" WC="0.99" CC="555270406040"/>
						<SP ID="P7_SP00658" HPOS="2641" VPOS="2144" WIDTH="26"/>
						<String ID="P7_ST00744" HPOS="2667" VPOS="2111" WIDTH="219" HEIGHT="42" CONTENT="bevorsteht," WC="0.99" CC="70063400702"/>
						<SP ID="P7_SP00659" HPOS="2886" VPOS="2153" WIDTH="37"/>
						<String ID="P7_ST00745" HPOS="2923" VPOS="2113" WIDTH="83" HEIGHT="33" CONTENT="ruht" WC="0.97" CC="0570"/>
						<SP ID="P7_SP00660" HPOS="3006" VPOS="2153" WIDTH="35"/>
						<String ID="P7_ST00746" HPOS="3041" VPOS="2111" WIDTH="93" HEIGHT="35" CONTENT="noch" WC="0.95" CC="6347"/>
						<SP ID="P7_SP00661" HPOS="3134" VPOS="2153" WIDTH="27"/>
						<String ID="P7_ST00747" HPOS="3161" VPOS="2113" WIDTH="47" HEIGHT="31" CONTENT="im" WC="0.52" CC="09"/>
					</TextLine>
					<TextLine ID="P7_TL00089" HPOS="1755" VPOS="2164" WIDTH="1452" HEIGHT="51">
						<String ID="P7_ST00748" HPOS="1755" VPOS="2164" WIDTH="178" HEIGHT="34" CONTENT="Schoosse" WC="0.98" CC="60744305"/>
						<SP ID="P7_SP00662" HPOS="1933" VPOS="2198" WIDTH="28"/>
						<String ID="P7_ST00749" HPOS="1961" VPOS="2165" WIDTH="61" HEIGHT="34" CONTENT="der" WC="1.00" CC="000"/>
						<SP ID="P7_SP00663" HPOS="2022" VPOS="2199" WIDTH="26"/>
						<String ID="P7_ST00750" HPOS="2048" VPOS="2166" WIDTH="176" HEIGHT="34" CONTENT="Zukunft." WC="0.98" CC="33075704"/>
						<SP ID="P7_SP00664" HPOS="2224" VPOS="2200" WIDTH="28"/>
						<String ID="P7_ST00751" HPOS="2252" VPOS="2166" WIDTH="156" HEIGHT="35" CONTENT="Obwohl" WC="0.98" CC="460074"/>
						<SP ID="P7_SP00665" HPOS="2408" VPOS="2201" WIDTH="26"/>
						<String ID="P7_ST00752" HPOS="2434" VPOS="2168" WIDTH="62" HEIGHT="34" CONTENT="der" WC="0.98" CC="005"/>
						<SP ID="P7_SP00666" HPOS="2496" VPOS="2202" WIDTH="26"/>
						<String ID="P7_ST00753" HPOS="2522" VPOS="2180" WIDTH="70" HEIGHT="22" CONTENT="von" WC="0.95" CC="057"/>
						<SP ID="P7_SP00667" HPOS="2592" VPOS="2202" WIDTH="28"/>
						<String ID="P7_ST00754" HPOS="2620" VPOS="2169" WIDTH="61" HEIGHT="34" CONTENT="der" WC="0.98" CC="050"/>
						<SP ID="P7_SP00668" HPOS="2681" VPOS="2203" WIDTH="26"/>
						<String ID="P7_ST00755" HPOS="2707" VPOS="2170" WIDTH="247" HEIGHT="44" CONTENT="Allgemeinen" WC="1.00" CC="02000000008"/>
						<SP ID="P7_SP00669" HPOS="2954" VPOS="2214" WIDTH="14"/>
						<String ID="P7_ST00756" HPOS="2968" VPOS="2171" WIDTH="155" HEIGHT="43" CONTENT="Zeitung" WC="0.98" CC="0300179"/>
						<SP ID="P7_SP00670" HPOS="3123" VPOS="2214" WIDTH="27"/>
						<String ID="P7_ST00757" HPOS="3150" VPOS="2181" WIDTH="38" HEIGHT="34" CONTENT="ge" SUBS_TYPE="HypPart1" SUBS_CONTENT="gebrachten" WC="0.92" CC="97"/>
						<HYP HPOS="3188" VPOS="2181" WIDTH="19" CONTENT="-"/>
					</TextLine>
					<TextLine ID="P7_TL00090" HPOS="1753" VPOS="2222" WIDTH="1453" HEIGHT="51">
						<String ID="P7_ST00758" HPOS="1753" VPOS="2222" WIDTH="173" HEIGHT="35" CONTENT="brachten" SUBS_TYPE="HypPart2" SUBS_CONTENT="gebrachten" WC="0.98" CC="77546017"/>
						<SP ID="P7_SP00671" HPOS="1926" VPOS="2257" WIDTH="19"/>
						<String ID="P7_ST00759" HPOS="1945" VPOS="2224" WIDTH="199" HEIGHT="33" CONTENT="Nachricht" WC="0.99" CC="205703060"/>
						<SP ID="P7_SP00672" HPOS="2144" VPOS="2257" WIDTH="26"/>
						<String ID="P7_ST00760" HPOS="2170" VPOS="2225" WIDTH="100" HEIGHT="32" CONTENT="nicht" WC="0.96" CC="67154"/>
						<SP ID="P7_SP00673" HPOS="2270" VPOS="2257" WIDTH="28"/>
						<String ID="P7_ST00761" HPOS="2298" VPOS="2226" WIDTH="289" HEIGHT="45" CONTENT="widersprochen" WC="0.99" CC="0600599460031"/>
						<SP ID="P7_SP00674" HPOS="2587" VPOS="2271" WIDTH="20"/>
						<String ID="P7_ST00762" HPOS="2607" VPOS="2227" WIDTH="140" HEIGHT="33" CONTENT="worden" WC="0.99" CC="050007"/>
						<SP ID="P7_SP00675" HPOS="2747" VPOS="2271" WIDTH="24"/>
						<String ID="P7_ST00763" HPOS="2771" VPOS="2229" WIDTH="56" HEIGHT="40" CONTENT="ist," WC="0.97" CC="3603"/>
						<SP ID="P7_SP00676" HPOS="2827" VPOS="2271" WIDTH="27"/>
						<String ID="P7_ST00764" HPOS="2854" VPOS="2228" WIDTH="158" HEIGHT="45" CONTENT="glauben" WC="0.97" CC="9546406"/>
						<SP ID="P7_SP00677" HPOS="3012" VPOS="2273" WIDTH="19"/>
						<String ID="P7_ST00765" HPOS="3031" VPOS="2230" WIDTH="63" HEIGHT="32" CONTENT="wir" WC="0.94" CC="059"/>
						<SP ID="P7_SP00678" HPOS="3094" VPOS="2273" WIDTH="20"/>
						<String ID="P7_ST00766" HPOS="3114" VPOS="2227" WIDTH="92" HEIGHT="36" CONTENT="doch" WC="0.96" CC="0457"/>
					</TextLine>
					<TextLine ID="P7_TL00091" HPOS="1752" VPOS="2283" WIDTH="1454" HEIGHT="38">
						<String ID="P7_ST00767" HPOS="1752" VPOS="2285" WIDTH="139" HEIGHT="30" CONTENT="vorerst" WC="1.00" CC="0000003"/>
						<SP ID="P7_SP00679" HPOS="1891" VPOS="2315" WIDTH="26"/>
						<String ID="P7_ST00768" HPOS="1917" VPOS="2283" WIDTH="91" HEIGHT="33" CONTENT="noch" WC="0.96" CC="0564"/>
						<SP ID="P7_SP00680" HPOS="2008" VPOS="2316" WIDTH="37"/>
						<String ID="P7_ST00769" HPOS="2045" VPOS="2294" WIDTH="45" HEIGHT="22" CONTENT="an" WC="0.25" CC="86"/>
						<SP ID="P7_SP00681" HPOS="2090" VPOS="2316" WIDTH="40"/>
						<String ID="P7_ST00770" HPOS="2130" VPOS="2283" WIDTH="62" HEIGHT="34" CONTENT="der" WC="0.97" CC="016"/>
						<SP ID="P7_SP00682" HPOS="2192" VPOS="2317" WIDTH="26"/>
						<String ID="P7_ST00771" HPOS="2218" VPOS="2284" WIDTH="393" HEIGHT="35" CONTENT="Wahrscheinlichkeit" WC="1.00" CC="007002730012570580"/>
						<SP ID="P7_SP00683" HPOS="2611" VPOS="2319" WIDTH="27"/>
						<String ID="P7_ST00772" HPOS="2638" VPOS="2286" WIDTH="186" HEIGHT="34" CONTENT="derselben" WC="0.99" CC="020004467"/>
						<SP ID="P7_SP00684" HPOS="2824" VPOS="2320" WIDTH="27"/>
						<String ID="P7_ST00773" HPOS="2851" VPOS="2288" WIDTH="162" HEIGHT="33" CONTENT="zweifeln" WC="0.99" CC="00160076"/>
						<SP ID="P7_SP00685" HPOS="3013" VPOS="2321" WIDTH="26"/>
						<String ID="P7_ST00774" HPOS="3039" VPOS="2299" WIDTH="45" HEIGHT="21" CONTENT="zu" WC="0.51" CC="36"/>
						<SP ID="P7_SP00686" HPOS="3084" VPOS="2321" WIDTH="26"/>
						<String ID="P7_ST00775" HPOS="3110" VPOS="2290" WIDTH="72" HEIGHT="31" CONTENT="müs" SUBS_TYPE="HypPart1" SUBS_CONTENT="müssen." WC="0.99" CC="000"/>
						<HYP HPOS="3182" VPOS="2290" WIDTH="24" CONTENT="-"/>
					</TextLine>
					<TextLine ID="P7_TL00092" HPOS="1752" VPOS="2341" WIDTH="1451" HEIGHT="48">
						<String ID="P7_ST00776" HPOS="1752" VPOS="2351" WIDTH="74" HEIGHT="22" CONTENT="sen." SUBS_TYPE="HypPart2" SUBS_CONTENT="müssen." WC="0.97" CC="4280"/>
						<SP ID="P7_SP00687" HPOS="1826" VPOS="2373" WIDTH="41"/>
						<String ID="P7_ST00777" HPOS="1867" VPOS="2341" WIDTH="156" HEIGHT="33" CONTENT="Lnserer" WC="0.54" CC="9230509"/>
						<SP ID="P7_SP00688" HPOS="2023" VPOS="2374" WIDTH="25"/>
						<String ID="P7_ST00778" HPOS="2048" VPOS="2342" WIDTH="261" HEIGHT="34" CONTENT="individuellen" WC="0.99" CC="6700028602207"/>
						<SP ID="P7_SP00689" HPOS="2309" VPOS="2376" WIDTH="26"/>
						<String ID="P7_ST00779" HPOS="2335" VPOS="2344" WIDTH="155" HEIGHT="33" CONTENT="Ansicht" WC="0.99" CC="0600270"/>
						<SP ID="P7_SP00690" HPOS="2490" VPOS="2377" WIDTH="25"/>
						<String ID="P7_ST00780" HPOS="2515" VPOS="2344" WIDTH="91" HEIGHT="33" CONTENT="nach" WC="0.97" CC="5024"/>
						<SP ID="P7_SP00691" HPOS="2606" VPOS="2377" WIDTH="29"/>
						<String ID="P7_ST00781" HPOS="2635" VPOS="2344" WIDTH="81" HEIGHT="34" CONTENT="sind" WC="0.97" CC="0680"/>
						<SP ID="P7_SP00692" HPOS="2716" VPOS="2378" WIDTH="25"/>
						<String ID="P7_ST00782" HPOS="2741" VPOS="2345" WIDTH="194" HEIGHT="44" CONTENT="allerdings" WC="0.99" CC="0140106700"/>
						<SP ID="P7_SP00693" HPOS="2935" VPOS="2389" WIDTH="28"/>
						<String ID="P7_ST00783" HPOS="2963" VPOS="2346" WIDTH="55" HEIGHT="33" CONTENT="die" WC="0.98" CC="041"/>
						<SP ID="P7_SP00694" HPOS="3018" VPOS="2389" WIDTH="23"/>
						<String ID="P7_ST00784" HPOS="3041" VPOS="2346" WIDTH="139" HEIGHT="34" CONTENT="mensch" SUBS_TYPE="HypPart1" SUBS_CONTENT="menschliche" WC="0.98" CC="048304"/>
						<HYP HPOS="3180" VPOS="2346" WIDTH="23" CONTENT="-"/>
					</TextLine>
					<TextLine ID="P7_TL00093" HPOS="1750" VPOS="2398" WIDTH="1454" HEIGHT="49">
						<String ID="P7_ST00785" HPOS="1750" VPOS="2398" WIDTH="96" HEIGHT="34" CONTENT="liche" SUBS_TYPE="HypPart2" SUBS_CONTENT="menschliche" WC="0.97" CC="40566"/>
						<SP ID="P7_SP00695" HPOS="1846" VPOS="2432" WIDTH="27"/>
						<String ID="P7_ST00786" HPOS="1873" VPOS="2399" WIDTH="148" HEIGHT="34" CONTENT="Stimme" WC="0.99" CC="604004"/>
						<SP ID="P7_SP00696" HPOS="2021" VPOS="2433" WIDTH="27"/>
						<String ID="P7_ST00787" HPOS="2048" VPOS="2400" WIDTH="74" HEIGHT="33" CONTENT="und" WC="0.94" CC="860"/>
						<SP ID="P7_SP00697" HPOS="2122" VPOS="2433" WIDTH="27"/>
						<String ID="P7_ST00788" HPOS="2149" VPOS="2400" WIDTH="55" HEIGHT="33" CONTENT="die" WC="0.98" CC="004"/>
						<SP ID="P7_SP00698" HPOS="2204" VPOS="2433" WIDTH="30"/>
						<String ID="P7_ST00789" HPOS="2234" VPOS="2400" WIDTH="109" HEIGHT="45" CONTENT="Orgel" WC="0.98" CC="65000"/>
						<SP ID="P7_SP00699" HPOS="2343" VPOS="2445" WIDTH="26"/>
						<String ID="P7_ST00790" HPOS="2369" VPOS="2401" WIDTH="108" HEIGHT="34" CONTENT="allein" WC="0.99" CC="031422"/>
						<SP ID="P7_SP00700" HPOS="2477" VPOS="2445" WIDTH="33"/>
						<String ID="P7_ST00791" HPOS="2510" VPOS="2403" WIDTH="85" HEIGHT="33" CONTENT="weit" WC="0.99" CC="0005"/>
						<SP ID="P7_SP00701" HPOS="2595" VPOS="2445" WIDTH="33"/>
						<String ID="P7_ST00792" HPOS="2628" VPOS="2403" WIDTH="99" HEIGHT="33" CONTENT="mehr" WC="0.96" CC="0567"/>
						<SP ID="P7_SP00702" HPOS="2727" VPOS="2445" WIDTH="25"/>
						<String ID="P7_ST00793" HPOS="2752" VPOS="2405" WIDTH="176" HEIGHT="42" CONTENT="geeignet," WC="0.99" CC="000405004"/>
						<SP ID="P7_SP00703" HPOS="2928" VPOS="2447" WIDTH="43"/>
						<String ID="P7_ST00794" HPOS="2971" VPOS="2404" WIDTH="55" HEIGHT="34" CONTENT="die" WC="0.99" CC="030"/>
						<SP ID="P7_SP00704" HPOS="3026" VPOS="2447" WIDTH="27"/>
						<String ID="P7_ST00795" HPOS="3053" VPOS="2405" WIDTH="151" HEIGHT="34" CONTENT="betende" WC="0.98" CC="7103707"/>
					</TextLine>
					<TextLine ID="P7_TL00094" HPOS="1752" VPOS="2459" WIDTH="1453" HEIGHT="48">
						<String ID="P7_ST00796" HPOS="1752" VPOS="2459" WIDTH="193" HEIGHT="33" CONTENT="Gemeinde" WC="0.98" CC="00944476"/>
						<SP ID="P7_SP00705" HPOS="1945" VPOS="2492" WIDTH="29"/>
						<String ID="P7_ST00797" HPOS="1974" VPOS="2471" WIDTH="64" HEIGHT="21" CONTENT="zur" WC="0.93" CC="386"/>
						<SP ID="P7_SP00706" HPOS="2038" VPOS="2492" WIDTH="26"/>
						<String ID="P7_ST00798" HPOS="2064" VPOS="2459" WIDTH="169" HEIGHT="34" CONTENT="Andacht" WC="0.99" CC="0700470"/>
						<SP ID="P7_SP00707" HPOS="2233" VPOS="2493" WIDTH="28"/>
						<String ID="P7_ST00799" HPOS="2261" VPOS="2472" WIDTH="44" HEIGHT="21" CONTENT="zu" WC="1.00" CC="00"/>
						<SP ID="P7_SP00708" HPOS="2305" VPOS="2493" WIDTH="27"/>
						<String ID="P7_ST00800" HPOS="2332" VPOS="2463" WIDTH="178" HEIGHT="41" CONTENT="stimmen," WC="0.99" CC="30050203"/>
						<SP ID="P7_SP00709" HPOS="2510" VPOS="2504" WIDTH="36"/>
						<String ID="P7_ST00801" HPOS="2546" VPOS="2462" WIDTH="54" HEIGHT="33" CONTENT="als" WC="0.98" CC="024"/>
						<SP ID="P7_SP00710" HPOS="2600" VPOS="2504" WIDTH="27"/>
						<String ID="P7_ST00802" HPOS="2627" VPOS="2463" WIDTH="135" HEIGHT="44" CONTENT="Geigen" WC="0.99" CC="005003"/>
						<SP ID="P7_SP00711" HPOS="2762" VPOS="2507" WIDTH="27"/>
						<String ID="P7_ST00803" HPOS="2789" VPOS="2464" WIDTH="72" HEIGHT="32" CONTENT="und" WC="0.97" CC="800"/>
						<SP ID="P7_SP00712" HPOS="2861" VPOS="2507" WIDTH="26"/>
						<String ID="P7_ST00804" HPOS="2887" VPOS="2464" WIDTH="140" HEIGHT="33" CONTENT="Flöten." WC="0.99" CC="7000064"/>
						<SP ID="P7_SP00713" HPOS="3027" VPOS="2507" WIDTH="28"/>
						<String ID="P7_ST00805" HPOS="3055" VPOS="2466" WIDTH="150" HEIGHT="34" CONTENT="Pauken" WC="0.98" CC="605078"/>
					</TextLine>
					<TextLine ID="P7_TL00095" HPOS="1750" VPOS="2519" WIDTH="1452" HEIGHT="48">
						<String ID="P7_ST00806" HPOS="1750" VPOS="2519" WIDTH="75" HEIGHT="32" CONTENT="und" WC="0.94" CC="870"/>
						<SP ID="P7_SP00714" HPOS="1825" VPOS="2551" WIDTH="26"/>
						<String ID="P7_ST00807" HPOS="1851" VPOS="2519" WIDTH="228" HEIGHT="44" CONTENT="Trompeten," WC="0.99" CC="8030639074"/>
						<SP ID="P7_SP00715" HPOS="2079" VPOS="2563" WIDTH="38"/>
						<String ID="P7_ST00808" HPOS="2117" VPOS="2520" WIDTH="189" HEIGHT="43" CONTENT="gleichwie" WC="0.98" CC="745637043"/>
						<SP ID="P7_SP00716" HPOS="2306" VPOS="2563" WIDTH="26"/>
						<String ID="P7_ST00809" HPOS="2332" VPOS="2531" WIDTH="67" HEIGHT="22" CONTENT="uns" WC="0.93" CC="782"/>
						<SP ID="P7_SP00717" HPOS="2399" VPOS="2563" WIDTH="30"/>
						<String ID="P7_ST00810" HPOS="2429" VPOS="2521" WIDTH="78" HEIGHT="33" CONTENT="eine" WC="0.97" CC="3470"/>
						<SP ID="P7_SP00718" HPOS="2507" VPOS="2563" WIDTH="27"/>
						<String ID="P7_ST00811" HPOS="2534" VPOS="2521" WIDTH="172" HEIGHT="42" CONTENT="einfache," WC="0.99" CC="111004204"/>
						<SP ID="P7_SP00719" HPOS="2706" VPOS="2563" WIDTH="28"/>
						<String ID="P7_ST00812" HPOS="2734" VPOS="2526" WIDTH="201" HEIGHT="40" CONTENT="getragene," WC="0.98" CC="0623905663"/>
						<SP ID="P7_SP00720" HPOS="2935" VPOS="2566" WIDTH="28"/>
						<String ID="P7_ST00813" HPOS="2963" VPOS="2523" WIDTH="239" HEIGHT="44" CONTENT="choralartige" WC="0.99" CC="464645000083"/>
					</TextLine>
					<TextLine ID="P7_TL00096" HPOS="1751" VPOS="2577" WIDTH="1448" HEIGHT="50">
						<String ID="P7_ST00814" HPOS="1751" VPOS="2579" WIDTH="154" HEIGHT="33" CONTENT="Melodie" WC="0.99" CC="0201806"/>
						<SP ID="P7_SP00721" HPOS="1905" VPOS="2612" WIDTH="28"/>
						<String ID="P7_ST00815" HPOS="1933" VPOS="2579" WIDTH="108" HEIGHT="32" CONTENT="allein" WC="0.98" CC="055541"/>
						<SP ID="P7_SP00722" HPOS="2041" VPOS="2612" WIDTH="27"/>
						<String ID="P7_ST00816" HPOS="2068" VPOS="2578" WIDTH="53" HEIGHT="33" CONTENT="als" WC="0.93" CC="917"/>
						<SP ID="P7_SP00723" HPOS="2121" VPOS="2612" WIDTH="27"/>
						<String ID="P7_ST00817" HPOS="2148" VPOS="2578" WIDTH="103" HEIGHT="33" CONTENT="echte" WC="0.99" CC="03700"/>
						<SP ID="P7_SP00724" HPOS="2251" VPOS="2612" WIDTH="21"/>
						<String ID="P7_ST00818" HPOS="2272" VPOS="2577" WIDTH="284" HEIGHT="35" CONTENT="Kirchenmusik" WC="0.99" CC="064072809430"/>
						<SP ID="P7_SP00725" HPOS="2556" VPOS="2612" WIDTH="27"/>
						<String ID="P7_ST00819" HPOS="2583" VPOS="2580" WIDTH="77" HEIGHT="42" CONTENT="gilt." WC="0.97" CC="05493"/>
						<SP ID="P7_SP00726" HPOS="2660" VPOS="2622" WIDTH="28"/>
						<String ID="P7_ST00820" HPOS="2688" VPOS="2579" WIDTH="122" HEIGHT="35" CONTENT="Jndess" WC="0.58" CC="789000"/>
						<SP ID="P7_SP00727" HPOS="2810" VPOS="2622" WIDTH="28"/>
						<String ID="P7_ST00821" HPOS="2838" VPOS="2592" WIDTH="81" HEIGHT="22" CONTENT="vom" WC="1.00" CC="000"/>
						<SP ID="P7_SP00728" HPOS="2919" VPOS="2622" WIDTH="29"/>
						<String ID="P7_ST00822" HPOS="2948" VPOS="2582" WIDTH="251" HEIGHT="45" CONTENT="Standpunkte" WC="0.99" CC="30370078066"/>
					</TextLine>
					<TextLine ID="P7_TL00097" HPOS="1752" VPOS="2637" WIDTH="1449" HEIGHT="42">
						<String ID="P7_ST00823" HPOS="1752" VPOS="2638" WIDTH="61" HEIGHT="33" CONTENT="des" WC="0.99" CC="030"/>
						<SP ID="P7_SP00729" HPOS="1813" VPOS="2671" WIDTH="28"/>
						<String ID="P7_ST00824" HPOS="1841" VPOS="2637" WIDTH="254" HEIGHT="34" CONTENT="katholischen" WC="0.99" CC="000714402676"/>
						<SP ID="P7_SP00730" HPOS="2095" VPOS="2671" WIDTH="26"/>
						<String ID="P7_ST00825" HPOS="2121" VPOS="2637" WIDTH="120" HEIGHT="42" CONTENT="Ritus," WC="0.98" CC="033624"/>
						<SP ID="P7_SP00731" HPOS="2241" VPOS="2679" WIDTH="28"/>
						<String ID="P7_ST00826" HPOS="2269" VPOS="2639" WIDTH="66" HEIGHT="32" CONTENT="wie" WC="0.95" CC="066"/>
						<SP ID="P7_SP00732" HPOS="2335" VPOS="2679" WIDTH="27"/>
						<String ID="P7_ST00827" HPOS="2362" VPOS="2648" WIDTH="37" HEIGHT="22" CONTENT="er" WC="0.69" CC="60"/>
						<SP ID="P7_SP00733" HPOS="2399" VPOS="2679" WIDTH="26"/>
						<String ID="P7_ST00828" HPOS="2425" VPOS="2638" WIDTH="77" HEIGHT="33" CONTENT="sich" WC="0.97" CC="5027"/>
						<SP ID="P7_SP00734" HPOS="2502" VPOS="2679" WIDTH="28"/>
						<String ID="P7_ST00829" HPOS="2530" VPOS="2640" WIDTH="46" HEIGHT="31" CONTENT="im" WC="0.53" CC="17"/>
						<SP ID="P7_SP00735" HPOS="2576" VPOS="2679" WIDTH="28"/>
						<String ID="P7_ST00830" HPOS="2604" VPOS="2639" WIDTH="115" HEIGHT="33" CONTENT="Laufe" WC="0.96" CC="00699"/>
						<SP ID="P7_SP00736" HPOS="2719" VPOS="2679" WIDTH="28"/>
						<String ID="P7_ST00831" HPOS="2747" VPOS="2640" WIDTH="59" HEIGHT="33" CONTENT="der" WC="0.93" CC="736"/>
						<SP ID="P7_SP00737" HPOS="2806" VPOS="2679" WIDTH="26"/>
						<String ID="P7_ST00832" HPOS="2832" VPOS="2640" WIDTH="268" HEIGHT="34" CONTENT="Jahrhunderte" WC="0.99" CC="607076400000"/>
						<SP ID="P7_SP00738" HPOS="3100" VPOS="2679" WIDTH="27"/>
						<String ID="P7_ST00833" HPOS="3127" VPOS="2647" WIDTH="56" HEIGHT="28" CONTENT="ent" SUBS_TYPE="HypPart1" SUBS_CONTENT="entwickelt" WC="0.96" CC="085"/>
						<HYP HPOS="3183" VPOS="2647" WIDTH="18" CONTENT="-"/>
					</TextLine>
					<TextLine ID="P7_TL00098" HPOS="1752" VPOS="2695" WIDTH="1447" HEIGHT="48">
						<String ID="P7_ST00834" HPOS="1752" VPOS="2697" WIDTH="146" HEIGHT="33" CONTENT="wickelt" SUBS_TYPE="HypPart2" SUBS_CONTENT="entwickelt" WC="0.99" CC="0630040"/>
						<SP ID="P7_SP00739" HPOS="1898" VPOS="2730" WIDTH="28"/>
						<String ID="P7_ST00835" HPOS="1926" VPOS="2696" WIDTH="72" HEIGHT="43" CONTENT="hat," WC="0.98" CC="6004"/>
						<SP ID="P7_SP00740" HPOS="1998" VPOS="2739" WIDTH="28"/>
						<String ID="P7_ST00836" HPOS="2026" VPOS="2697" WIDTH="48" HEIGHT="32" CONTENT="ist" WC="0.96" CC="550"/>
						<SP ID="P7_SP00741" HPOS="2074" VPOS="2739" WIDTH="27"/>
						<String ID="P7_ST00837" HPOS="2101" VPOS="2695" WIDTH="56" HEIGHT="33" CONTENT="die" WC="0.98" CC="032"/>
						<SP ID="P7_SP00742" HPOS="2157" VPOS="2739" WIDTH="27"/>
						<String ID="P7_ST00838" HPOS="2184" VPOS="2696" WIDTH="259" HEIGHT="34" CONTENT="musicalische" WC="0.99" CC="079320657663"/>
						<SP ID="P7_SP00743" HPOS="2443" VPOS="2739" WIDTH="26"/>
						<String ID="P7_ST00839" HPOS="2469" VPOS="2698" WIDTH="220" HEIGHT="45" CONTENT="Verzierung" WC="0.98" CC="9044416770"/>
						<SP ID="P7_SP00744" HPOS="2689" VPOS="2743" WIDTH="28"/>
						<String ID="P7_ST00840" HPOS="2717" VPOS="2699" WIDTH="60" HEIGHT="33" CONTENT="des" WC="0.97" CC="026"/>
						<SP ID="P7_SP00745" HPOS="2777" VPOS="2743" WIDTH="29"/>
						<String ID="P7_ST00841" HPOS="2806" VPOS="2699" WIDTH="285" HEIGHT="36" CONTENT="Gottesdienstes" WC="1.00" CC="00039203000006"/>
						<SP ID="P7_SP00746" HPOS="3091" VPOS="2743" WIDTH="27"/>
						<String ID="P7_ST00842" HPOS="3118" VPOS="2702" WIDTH="61" HEIGHT="32" CONTENT="mit" SUBS_TYPE="HypPart1" SUBS_CONTENT="mittels" WC="0.96" CC="075"/>
						<HYP HPOS="3179" VPOS="2702" WIDTH="20" CONTENT="-"/>
					</TextLine>
					<TextLine ID="P7_TL00099" HPOS="1750" VPOS="2754" WIDTH="1449" HEIGHT="47">
						<String ID="P7_ST00843" HPOS="1750" VPOS="2756" WIDTH="68" HEIGHT="33" CONTENT="tels" SUBS_TYPE="HypPart2" SUBS_CONTENT="mittels" WC="0.97" CC="0055"/>
						<SP ID="P7_SP00747" HPOS="1818" VPOS="2789" WIDTH="43"/>
						<String ID="P7_ST00844" HPOS="1861" VPOS="2755" WIDTH="128" HEIGHT="34" CONTENT="Vocal-" WC="0.63" CC="065064"/>
						<SP ID="P7_SP00748" HPOS="1989" VPOS="2789" WIDTH="27"/>
						<String ID="P7_ST00845" HPOS="2016" VPOS="2754" WIDTH="75" HEIGHT="34" CONTENT="und" WC="0.96" CC="506"/>
						<SP ID="P7_SP00749" HPOS="2091" VPOS="2789" WIDTH="26"/>
						<String ID="P7_ST00846" HPOS="2117" VPOS="2756" WIDTH="371" HEIGHT="42" CONTENT="Instrumental-Solo," WC="1.00" CC="400877020005009042"/>
						<SP ID="P7_SP00750" HPOS="2488" VPOS="2798" WIDTH="38"/>
						<String ID="P7_ST00847" HPOS="2526" VPOS="2756" WIDTH="122" HEIGHT="35" CONTENT="Canon" WC="0.97" CC="60707"/>
						<SP ID="P7_SP00751" HPOS="2648" VPOS="2798" WIDTH="41"/>
						<String ID="P7_ST00848" HPOS="2689" VPOS="2758" WIDTH="72" HEIGHT="32" CONTENT="und" WC="1.00" CC="000"/>
						<SP ID="P7_SP00752" HPOS="2761" VPOS="2798" WIDTH="41"/>
						<String ID="P7_ST00849" HPOS="2802" VPOS="2758" WIDTH="112" HEIGHT="43" CONTENT="Fuge," WC="0.98" CC="63050"/>
						<SP ID="P7_SP00753" HPOS="2914" VPOS="2801" WIDTH="45"/>
						<String ID="P7_ST00850" HPOS="2959" VPOS="2759" WIDTH="129" HEIGHT="34" CONTENT="Triller" WC="0.98" CC="0065606"/>
						<SP ID="P7_SP00754" HPOS="3088" VPOS="2801" WIDTH="38"/>
						<String ID="P7_ST00851" HPOS="3126" VPOS="2759" WIDTH="73" HEIGHT="34" CONTENT="und" WC="0.96" CC="360"/>
					</TextLine>
					<TextLine ID="P7_TL00100" HPOS="1748" VPOS="2813" WIDTH="1450" HEIGHT="45">
						<String ID="P7_ST00852" HPOS="1748" VPOS="2814" WIDTH="179" HEIGHT="44" CONTENT="sonstiger" WC="0.99" CC="016103736"/>
						<SP ID="P7_SP00755" HPOS="1927" VPOS="2858" WIDTH="26"/>
						<String ID="P7_ST00853" HPOS="1953" VPOS="2813" WIDTH="201" HEIGHT="42" CONTENT="Coloratur," WC="0.53" CC="6635509610"/>
						<SP ID="P7_SP00756" HPOS="2154" VPOS="2858" WIDTH="29"/>
						<String ID="P7_ST00854" HPOS="2183" VPOS="2814" WIDTH="101" HEIGHT="43" CONTENT="kurz," WC="0.98" CC="05034"/>
						<SP ID="P7_SP00757" HPOS="2284" VPOS="2858" WIDTH="30"/>
						<String ID="P7_ST00855" HPOS="2314" VPOS="2814" WIDTH="135" HEIGHT="33" CONTENT="mittels" WC="0.98" CC="7420059"/>
						<SP ID="P7_SP00758" HPOS="2449" VPOS="2858" WIDTH="26"/>
						<String ID="P7_ST00856" HPOS="2475" VPOS="2815" WIDTH="115" HEIGHT="33" CONTENT="reiner" WC="0.98" CC="543015"/>
						<SP ID="P7_SP00759" HPOS="2590" VPOS="2858" WIDTH="25"/>
						<String ID="P7_ST00857" HPOS="2615" VPOS="2815" WIDTH="125" HEIGHT="33" CONTENT="Musik" WC="0.97" CC="06940"/>
						<SP ID="P7_SP00760" HPOS="2740" VPOS="2858" WIDTH="28"/>
						<String ID="P7_ST00858" HPOS="2768" VPOS="2817" WIDTH="35" HEIGHT="31" CONTENT="in" WC="0.46" CC="36"/>
						<SP ID="P7_SP00761" HPOS="2803" VPOS="2858" WIDTH="29"/>
						<String ID="P7_ST00859" HPOS="2832" VPOS="2817" WIDTH="92" HEIGHT="32" CONTENT="allen" WC="0.99" CC="04006"/>
						<SP ID="P7_SP00762" HPOS="2924" VPOS="2858" WIDTH="30"/>
						<String ID="P7_ST00860" HPOS="2954" VPOS="2817" WIDTH="146" HEIGHT="33" CONTENT="Formen" WC="0.97" CC="753831"/>
						<SP ID="P7_SP00763" HPOS="3100" VPOS="2858" WIDTH="26"/>
						<String ID="P7_ST00861" HPOS="3126" VPOS="2818" WIDTH="72" HEIGHT="33" CONTENT="und" WC="0.96" CC="540"/>
					</TextLine>
					<TextLine ID="P7_TL00101" HPOS="1749" VPOS="2871" WIDTH="1451" HEIGHT="47">
						<String ID="P7_ST00862" HPOS="1749" VPOS="2873" WIDTH="259" HEIGHT="40" CONTENT="Zeitmaassen," WC="0.75" CC="002000390077"/>
						<SP ID="P7_SP00764" HPOS="2008" VPOS="2913" WIDTH="41"/>
						<String ID="P7_ST00863" HPOS="2049" VPOS="2871" WIDTH="89" HEIGHT="34" CONTENT="eben" WC="0.97" CC="0708"/>
						<SP ID="P7_SP00765" HPOS="2138" VPOS="2913" WIDTH="42"/>
						<String ID="P7_ST00864" HPOS="2180" VPOS="2883" WIDTH="39" HEIGHT="22" CONTENT="so" WC="0.70" CC="05"/>
						<SP ID="P7_SP00766" HPOS="2219" VPOS="2913" WIDTH="39"/>
						<String ID="P7_ST00865" HPOS="2258" VPOS="2872" WIDTH="214" HEIGHT="44" CONTENT="berechtigt," WC="0.99" CC="70006706004"/>
						<SP ID="P7_SP00767" HPOS="2472" VPOS="2916" WIDTH="44"/>
						<String ID="P7_ST00866" HPOS="2516" VPOS="2875" WIDTH="65" HEIGHT="31" CONTENT="wie" WC="1.00" CC="000"/>
						<SP ID="P7_SP00768" HPOS="2581" VPOS="2916" WIDTH="29"/>
						<String ID="P7_ST00867" HPOS="2610" VPOS="2873" WIDTH="55" HEIGHT="33" CONTENT="die" WC="0.96" CC="036"/>
						<SP ID="P7_SP00769" HPOS="2665" VPOS="2916" WIDTH="26"/>
						<String ID="P7_ST00868" HPOS="2691" VPOS="2873" WIDTH="221" HEIGHT="45" CONTENT="Verzierung" WC="1.00" CC="0020100560"/>
						<SP ID="P7_SP00770" HPOS="2912" VPOS="2918" WIDTH="26"/>
						<String ID="P7_ST00869" HPOS="2938" VPOS="2875" WIDTH="63" HEIGHT="33" CONTENT="der" WC="0.95" CC="706"/>
						<SP ID="P7_SP00771" HPOS="3001" VPOS="2918" WIDTH="26"/>
						<String ID="P7_ST00870" HPOS="3027" VPOS="2875" WIDTH="152" HEIGHT="34" CONTENT="Kirchen" SUBS_TYPE="HypPart1" SUBS_CONTENT="Kirchenräume" WC="0.98" CC="0334509"/>
						<HYP HPOS="3179" VPOS="2875" WIDTH="21" CONTENT="-"/>
					</TextLine>
					<TextLine ID="P7_TL00102" HPOS="1747" VPOS="2929" WIDTH="1451" HEIGHT="44">
						<String ID="P7_ST00871" HPOS="1747" VPOS="2934" WIDTH="125" HEIGHT="30" CONTENT="räume" SUBS_TYPE="HypPart2" SUBS_CONTENT="Kirchenräume" WC="0.97" CC="37715"/>
						<SP ID="P7_SP00772" HPOS="1872" VPOS="2964" WIDTH="27"/>
						<String ID="P7_ST00872" HPOS="1899" VPOS="2929" WIDTH="133" HEIGHT="33" CONTENT="mittels" WC="0.98" CC="4500109"/>
						<SP ID="P7_SP00773" HPOS="2032" VPOS="2964" WIDTH="39"/>
						<String ID="P7_ST00873" HPOS="2071" VPOS="2935" WIDTH="105" HEIGHT="38" CONTENT="guter" WC="0.98" CC="07406"/>
						<SP ID="P7_SP00774" HPOS="2176" VPOS="2973" WIDTH="35"/>
						<String ID="P7_ST00874" HPOS="2211" VPOS="2930" WIDTH="73" HEIGHT="32" CONTENT="und" WC="0.95" CC="480"/>
						<SP ID="P7_SP00775" HPOS="2284" VPOS="2973" WIDTH="29"/>
						<String ID="P7_ST00875" HPOS="2313" VPOS="2930" WIDTH="202" HEIGHT="33" CONTENT="schlechter" WC="0.99" CC="0490536005"/>
						<SP ID="P7_SP00776" HPOS="2515" VPOS="2973" WIDTH="25"/>
						<String ID="P7_ST00876" HPOS="2540" VPOS="2931" WIDTH="120" HEIGHT="33" CONTENT="Bilder" WC="0.99" CC="700000"/>
						<SP ID="P7_SP00777" HPOS="2660" VPOS="2973" WIDTH="41"/>
						<String ID="P7_ST00877" HPOS="2701" VPOS="2931" WIDTH="83" HEIGHT="34" CONTENT="oder" WC="0.98" CC="4006"/>
						<SP ID="P7_SP00778" HPOS="2784" VPOS="2973" WIDTH="26"/>
						<String ID="P7_ST00878" HPOS="2810" VPOS="2932" WIDTH="163" HEIGHT="33" CONTENT="Statuen." WC="0.98" CC="56057084"/>
						<SP ID="P7_SP00779" HPOS="2973" VPOS="2973" WIDTH="54"/>
						<String ID="P7_ST00879" HPOS="3027" VPOS="2932" WIDTH="87" HEIGHT="34" CONTENT="Was" WC="0.99" CC="003"/>
						<SP ID="P7_SP00780" HPOS="3114" VPOS="2973" WIDTH="28"/>
						<String ID="P7_ST00880" HPOS="3142" VPOS="2933" WIDTH="56" HEIGHT="34" CONTENT="die" WC="0.98" CC="060"/>
					</TextLine>
					<TextLine ID="P7_TL00103" HPOS="1746" VPOS="2988" WIDTH="1455" HEIGHT="46">
						<String ID="P7_ST00881" HPOS="1746" VPOS="2991" WIDTH="75" HEIGHT="33" CONTENT="rein" WC="0.99" CC="0050"/>
						<SP ID="P7_SP00781" HPOS="1821" VPOS="3024" WIDTH="27"/>
						<String ID="P7_ST00882" HPOS="1848" VPOS="2988" WIDTH="255" HEIGHT="34" CONTENT="musicalische" WC="0.99" CC="060010062174"/>
						<SP ID="P7_SP00782" HPOS="2103" VPOS="3024" WIDTH="28"/>
						<String ID="P7_ST00883" HPOS="2131" VPOS="2989" WIDTH="95" HEIGHT="33" CONTENT="Seite" WC="0.98" CC="60004"/>
						<SP ID="P7_SP00783" HPOS="2226" VPOS="3024" WIDTH="36"/>
						<String ID="P7_ST00884" HPOS="2262" VPOS="2989" WIDTH="116" HEIGHT="33" CONTENT="dieser" WC="0.99" CC="024000"/>
						<SP ID="P7_SP00784" HPOS="2378" VPOS="3024" WIDTH="26"/>
						<String ID="P7_ST00885" HPOS="2404" VPOS="2990" WIDTH="116" HEIGHT="43" CONTENT="Frage" WC="0.98" CC="43005"/>
						<SP ID="P7_SP00785" HPOS="2520" VPOS="3033" WIDTH="43"/>
						<String ID="P7_ST00886" HPOS="2563" VPOS="2989" WIDTH="206" HEIGHT="45" CONTENT="anbelangt," WC="0.99" CC="0780407004"/>
						<SP ID="P7_SP00786" HPOS="2769" VPOS="3034" WIDTH="42"/>
						<String ID="P7_ST00887" HPOS="2811" VPOS="3002" WIDTH="39" HEIGHT="22" CONTENT="so" WC="0.75" CC="50"/>
						<SP ID="P7_SP00787" HPOS="2850" VPOS="3034" WIDTH="27"/>
						<String ID="P7_ST00888" HPOS="2877" VPOS="2990" WIDTH="134" HEIGHT="34" CONTENT="könnte" WC="0.98" CC="690400"/>
						<SP ID="P7_SP00788" HPOS="3011" VPOS="3034" WIDTH="27"/>
						<String ID="P7_ST00889" HPOS="3038" VPOS="3003" WIDTH="80" HEIGHT="21" CONTENT="man" WC="0.95" CC="706"/>
						<SP ID="P7_SP00789" HPOS="3118" VPOS="3034" WIDTH="28"/>
						<String ID="P7_ST00890" HPOS="3146" VPOS="2992" WIDTH="55" HEIGHT="34" CONTENT="die" WC="0.93" CC="873"/>
					</TextLine>
					<TextLine ID="P7_TL00104" HPOS="1747" VPOS="3047" WIDTH="1452" HEIGHT="47">
						<String ID="P7_ST00891" HPOS="1747" VPOS="3048" WIDTH="268" HEIGHT="46" CONTENT="angekündigte" WC="1.00" CC="000000580000"/>
						<SP ID="P7_SP00790" HPOS="2015" VPOS="3094" WIDTH="28"/>
						<String ID="P7_ST00892" HPOS="2043" VPOS="3047" WIDTH="288" HEIGHT="45" CONTENT="Beschränkung" WC="0.99" CC="445654760400"/>
						<SP ID="P7_SP00791" HPOS="2331" VPOS="3094" WIDTH="26"/>
						<String ID="P7_ST00893" HPOS="2357" VPOS="3059" WIDTH="68" HEIGHT="23" CONTENT="nur" WC="0.92" CC="875"/>
						<SP ID="P7_SP00792" HPOS="2425" VPOS="3094" WIDTH="26"/>
						<String ID="P7_ST00894" HPOS="2451" VPOS="3048" WIDTH="192" HEIGHT="35" CONTENT="bedauern." WC="0.98" CC="700960944"/>
						<SP ID="P7_SP00793" HPOS="2643" VPOS="3094" WIDTH="53"/>
						<String ID="P7_ST00895" HPOS="2696" VPOS="3049" WIDTH="72" HEIGHT="33" CONTENT="Der" WC="0.98" CC="005"/>
						<SP ID="P7_SP00794" HPOS="2768" VPOS="3094" WIDTH="26"/>
						<String ID="P7_ST00896" HPOS="2794" VPOS="3048" WIDTH="174" HEIGHT="42" CONTENT="Vortheil," WC="0.99" CC="050095450"/>
						<SP ID="P7_SP00795" HPOS="2968" VPOS="3094" WIDTH="43"/>
						<String ID="P7_ST00897" HPOS="3011" VPOS="3050" WIDTH="80" HEIGHT="34" CONTENT="dass" WC="0.82" CC="0061"/>
						<SP ID="P7_SP00796" HPOS="3091" VPOS="3094" WIDTH="38"/>
						<String ID="P7_ST00898" HPOS="3129" VPOS="3051" WIDTH="70" HEIGHT="33" CONTENT="viel" WC="0.95" CC="9455"/>
					</TextLine>
					<TextLine ID="P7_TL00105" HPOS="1747" VPOS="3106" WIDTH="1453" HEIGHT="47">
						<String ID="P7_ST00899" HPOS="1747" VPOS="3108" WIDTH="212" HEIGHT="34" CONTENT="Schlechtes" WC="0.99" CC="7252065700"/>
						<SP ID="P7_SP00797" HPOS="1959" VPOS="3142" WIDTH="28"/>
						<String ID="P7_ST00900" HPOS="1987" VPOS="3106" WIDTH="84" HEIGHT="34" CONTENT="oder" WC="0.97" CC="4044"/>
						<SP ID="P7_SP00798" HPOS="2071" VPOS="3142" WIDTH="25"/>
						<String ID="P7_ST00901" HPOS="2096" VPOS="3106" WIDTH="298" HEIGHT="44" CONTENT="Mittelmässiges" WC="0.74" CC="02000209056900"/>
						<SP ID="P7_SP00799" HPOS="2394" VPOS="3150" WIDTH="29"/>
						<String ID="P7_ST00902" HPOS="2423" VPOS="3107" WIDTH="262" HEIGHT="44" CONTENT="unaufgeführt" WC="0.51" CC="568609251750"/>
						<SP ID="P7_SP00800" HPOS="2685" VPOS="3151" WIDTH="39"/>
						<String ID="P7_ST00903" HPOS="2724" VPOS="3108" WIDTH="72" HEIGHT="32" CONTENT="und" WC="0.99" CC="300"/>
						<SP ID="P7_SP00801" HPOS="2796" VPOS="3151" WIDTH="39"/>
						<String ID="P7_ST00904" HPOS="2835" VPOS="3109" WIDTH="35" HEIGHT="32" CONTENT="in" WC="0.42" CC="47"/>
						<SP ID="P7_SP00802" HPOS="2870" VPOS="3151" WIDTH="27"/>
						<String ID="P7_ST00905" HPOS="2897" VPOS="3108" WIDTH="161" HEIGHT="34" CONTENT="Zukunft" WC="0.98" CC="3933800"/>
						<SP ID="P7_SP00803" HPOS="3058" VPOS="3151" WIDTH="35"/>
						<String ID="P7_ST00906" HPOS="3093" VPOS="3120" WIDTH="107" HEIGHT="33" CONTENT="sogar" WC="0.96" CC="75806"/>
					</TextLine>
					<TextLine ID="P7_TL00106" HPOS="1747" VPOS="3165" WIDTH="1451" HEIGHT="45">
						<String ID="P7_ST00907" HPOS="1747" VPOS="3167" WIDTH="254" HEIGHT="43" CONTENT="uncomponirt" WC="0.63" CC="57330088300"/>
						<SP ID="P7_SP00804" HPOS="2001" VPOS="3210" WIDTH="27"/>
						<String ID="P7_ST00908" HPOS="2028" VPOS="3165" WIDTH="128" HEIGHT="42" CONTENT="bliebe," WC="0.99" CC="7013702"/>
						<SP ID="P7_SP00805" HPOS="2156" VPOS="3210" WIDTH="29"/>
						<String ID="P7_ST00909" HPOS="2185" VPOS="3167" WIDTH="110" HEIGHT="42" CONTENT="wiegt" WC="0.98" CC="96000"/>
						<SP ID="P7_SP00806" HPOS="2295" VPOS="3210" WIDTH="27"/>
						<String ID="P7_ST00910" HPOS="2322" VPOS="3165" WIDTH="65" HEIGHT="33" CONTENT="den" WC="1.00" CC="000"/>
						<SP ID="P7_SP00807" HPOS="2387" VPOS="3210" WIDTH="28"/>
						<String ID="P7_ST00911" HPOS="2415" VPOS="3165" WIDTH="148" HEIGHT="35" CONTENT="Verlust" WC="0.99" CC="0000534"/>
						<SP ID="P7_SP00808" HPOS="2563" VPOS="3210" WIDTH="26"/>
						<String ID="P7_ST00912" HPOS="2589" VPOS="3165" WIDTH="100" HEIGHT="33" CONTENT="nicht" WC="0.98" CC="07460"/>
						<SP ID="P7_SP00809" HPOS="2689" VPOS="3210" WIDTH="27"/>
						<String ID="P7_ST00913" HPOS="2716" VPOS="3167" WIDTH="73" HEIGHT="42" CONTENT="auf," WC="0.98" CC="0604"/>
						<SP ID="P7_SP00810" HPOS="2789" VPOS="3210" WIDTH="43"/>
						<String ID="P7_ST00914" HPOS="2832" VPOS="3166" WIDTH="61" HEIGHT="34" CONTENT="der" WC="0.96" CC="830"/>
						<SP ID="P7_SP00811" HPOS="2893" VPOS="3210" WIDTH="25"/>
						<String ID="P7_ST00915" HPOS="2918" VPOS="3167" WIDTH="66" HEIGHT="32" CONTENT="auf" WC="0.96" CC="720"/>
						<SP ID="P7_SP00812" HPOS="2984" VPOS="3210" WIDTH="21"/>
						<String ID="P7_ST00916" HPOS="3005" VPOS="3167" WIDTH="60" HEIGHT="33" CONTENT="der" WC="0.98" CC="004"/>
						<SP ID="P7_SP00813" HPOS="3065" VPOS="3210" WIDTH="28"/>
						<String ID="P7_ST00917" HPOS="3093" VPOS="3168" WIDTH="84" HEIGHT="33" CONTENT="ande" SUBS_TYPE="HypPart1" SUBS_CONTENT="anderen" WC="0.98" CC="0007"/>
						<HYP HPOS="3177" VPOS="3168" WIDTH="21" CONTENT="-"/>
					</TextLine>
					<TextLine ID="P7_TL00107" HPOS="1745" VPOS="3224" WIDTH="1456" HEIGHT="41">
						<String ID="P7_ST00918" HPOS="1745" VPOS="3238" WIDTH="63" HEIGHT="21" CONTENT="ren" SUBS_TYPE="HypPart2" SUBS_CONTENT="anderen" WC="0.96" CC="154"/>
						<SP ID="P7_SP00814" HPOS="1808" VPOS="3259" WIDTH="27"/>
						<String ID="P7_ST00919" HPOS="1835" VPOS="3226" WIDTH="96" HEIGHT="33" CONTENT="Seite" WC="0.97" CC="76054"/>
						<SP ID="P7_SP00815" HPOS="1931" VPOS="3259" WIDTH="27"/>
						<String ID="P7_ST00920" HPOS="1958" VPOS="3224" WIDTH="201" HEIGHT="41" CONTENT="entstände," WC="0.99" CC="4809079003"/>
						<SP ID="P7_SP00816" HPOS="2159" VPOS="3265" WIDTH="43"/>
						<String ID="P7_ST00921" HPOS="2202" VPOS="3236" WIDTH="103" HEIGHT="21" CONTENT="wenn" WC="0.95" CC="9074"/>
						<SP ID="P7_SP00817" HPOS="2305" VPOS="3265" WIDTH="43"/>
						<String ID="P7_ST00922" HPOS="2348" VPOS="3235" WIDTH="39" HEIGHT="22" CONTENT="so" WC="0.44" CC="55"/>
						<SP ID="P7_SP00818" HPOS="2387" VPOS="3265" WIDTH="28"/>
						<String ID="P7_ST00923" HPOS="2415" VPOS="3224" WIDTH="92" HEIGHT="33" CONTENT="viele" WC="0.99" CC="00630"/>
						<SP ID="P7_SP00819" HPOS="2507" VPOS="3265" WIDTH="24"/>
						<String ID="P7_ST00924" HPOS="2531" VPOS="3224" WIDTH="268" HEIGHT="33" CONTENT="Meisterwerke" WC="0.99" CC="003207630400"/>
						<SP ID="P7_SP00820" HPOS="2799" VPOS="3265" WIDTH="29"/>
						<String ID="P7_ST00925" HPOS="2828" VPOS="3224" WIDTH="60" HEIGHT="33" CONTENT="der" WC="0.98" CC="300"/>
						<SP ID="P7_SP00821" HPOS="2888" VPOS="3265" WIDTH="26"/>
						<String ID="P7_ST00926" HPOS="2914" VPOS="3226" WIDTH="191" HEIGHT="33" CONTENT="Tonkunst" WC="0.98" CC="03024768"/>
						<SP ID="P7_SP00822" HPOS="3105" VPOS="3265" WIDTH="27"/>
						<String ID="P7_ST00927" HPOS="3132" VPOS="3228" WIDTH="69" HEIGHT="31" CONTENT="auf" WC="0.93" CC="755"/>
					</TextLine>
					<TextLine ID="P7_TL00108" HPOS="1743" VPOS="3283" WIDTH="1099" HEIGHT="44">
						<String ID="P7_ST00928" HPOS="1743" VPOS="3286" WIDTH="127" HEIGHT="32" CONTENT="immer" WC="0.98" CC="04046"/>
						<SP ID="P7_SP00823" HPOS="1870" VPOS="3318" WIDTH="27"/>
						<String ID="P7_ST00929" HPOS="1897" VPOS="3284" WIDTH="84" HEIGHT="34" CONTENT="oder" WC="0.97" CC="4008"/>
						<SP ID="P7_SP00824" HPOS="1981" VPOS="3318" WIDTH="28"/>
						<String ID="P7_ST00930" HPOS="2009" VPOS="3283" WIDTH="91" HEIGHT="34" CONTENT="doch" WC="0.96" CC="0665"/>
						<SP ID="P7_SP00825" HPOS="2100" VPOS="3318" WIDTH="30"/>
						<String ID="P7_ST00931" HPOS="2130" VPOS="3283" WIDTH="67" HEIGHT="33" CONTENT="auf" WC="0.96" CC="350"/>
						<SP ID="P7_SP00826" HPOS="2197" VPOS="3318" WIDTH="25"/>
						<String ID="P7_ST00932" HPOS="2222" VPOS="3283" WIDTH="105" HEIGHT="44" CONTENT="lange" WC="0.97" CC="50594"/>
						<SP ID="P7_SP00827" HPOS="2327" VPOS="3327" WIDTH="28"/>
						<String ID="P7_ST00933" HPOS="2355" VPOS="3283" WIDTH="78" HEIGHT="33" CONTENT="Zeit" WC="1.00" CC="0000"/>
						<SP ID="P7_SP00828" HPOS="2433" VPOS="3327" WIDTH="29"/>
						<String ID="P7_ST00934" HPOS="2462" VPOS="3283" WIDTH="196" HEIGHT="44" CONTENT="vergraben" WC="0.99" CC="464009207"/>
						<SP ID="P7_SP00829" HPOS="2658" VPOS="3327" WIDTH="30"/>
						<String ID="P7_ST00935" HPOS="2688" VPOS="3283" WIDTH="154" HEIGHT="33" CONTENT="blieben." WC="0.98" CC="74260071"/>
					</TextLine>
					<TextLine ID="P7_TL00109" HPOS="1818" VPOS="3392" WIDTH="1377" HEIGHT="46">
						<String ID="P7_ST00936" HPOS="1818" VPOS="3396" WIDTH="73" HEIGHT="33" CONTENT="Der" WC="0.99" CC="030"/>
						<SP ID="P7_SP00830" HPOS="1891" VPOS="3429" WIDTH="26"/>
						<String ID="P7_ST00937" HPOS="1917" VPOS="3393" WIDTH="255" HEIGHT="44" CONTENT="Schauspieler" WC="0.99" CC="067376961039"/>
						<SP ID="P7_SP00831" HPOS="2172" VPOS="3437" WIDTH="36"/>
						<String ID="P7_ST00938" HPOS="2208" VPOS="3393" WIDTH="215" HEIGHT="33" CONTENT="Wilhelm" WC="0.98" CC="0047900"/>
						<SP ID="P7_SP00832" HPOS="2423" VPOS="3437" WIDTH="40"/>
						<String ID="P7_ST00939" HPOS="2463" VPOS="3394" WIDTH="152" HEIGHT="33" CONTENT="Kunst" WC="0.97" CC="05751"/>
						<SP ID="P7_SP00833" HPOS="2615" VPOS="3437" WIDTH="40"/>
						<String ID="P7_ST00940" HPOS="2655" VPOS="3394" WIDTH="88" HEIGHT="43" CONTENT="liegt" WC="0.99" CC="55000"/>
						<SP ID="P7_SP00834" HPOS="2743" VPOS="3437" WIDTH="40"/>
						<String ID="P7_ST00941" HPOS="2783" VPOS="3392" WIDTH="199" HEIGHT="46" CONTENT="gefährlich" WC="0.98" CC="9006670457"/>
						<SP ID="P7_SP00835" HPOS="2982" VPOS="3438" WIDTH="41"/>
						<String ID="P7_ST00942" HPOS="3023" VPOS="3393" WIDTH="172" HEIGHT="35" CONTENT="erkrankt" WC="0.98" CC="40959700"/>
					</TextLine>
					<TextLine ID="P7_TL00110" HPOS="1745" VPOS="3452" WIDTH="806" HEIGHT="44">
						<String ID="P7_ST00943" HPOS="1745" VPOS="3456" WIDTH="49" HEIGHT="31" CONTENT="im" WC="0.54" CC="09"/>
						<SP ID="P7_SP00836" HPOS="1794" VPOS="3487" WIDTH="27"/>
						<String ID="P7_ST00944" HPOS="1821" VPOS="3455" WIDTH="132" HEIGHT="32" CONTENT="wiener" WC="0.98" CC="047510"/>
						<SP ID="P7_SP00837" HPOS="1953" VPOS="3487" WIDTH="28"/>
						<String ID="P7_ST00945" HPOS="1981" VPOS="3453" WIDTH="239" HEIGHT="43" CONTENT="allgemeinen" WC="0.99" CC="07603006600"/>
						<SP ID="P7_SP00838" HPOS="2220" VPOS="3496" WIDTH="29"/>
						<String ID="P7_ST00946" HPOS="2249" VPOS="3452" WIDTH="302" HEIGHT="35" CONTENT="Krankenhause." WC="0.99" CC="0200108506454"/>
					</TextLine>
					<TextLine ID="P7_TL00111" HPOS="2031" VPOS="3551" WIDTH="1169" HEIGHT="40">
						<String ID="P7_ST00947" HPOS="2031" VPOS="3553" WIDTH="68" HEIGHT="33" CONTENT="Die" WC="0.95" CC="066"/>
						<SP ID="P7_SP00839" HPOS="2099" VPOS="3586" WIDTH="27"/>
						<String ID="P7_ST00948" HPOS="2126" VPOS="3553" WIDTH="104" HEIGHT="33" CONTENT="Stadt" WC="0.98" CC="60090"/>
						<SP ID="P7_SP00840" HPOS="2230" VPOS="3586" WIDTH="26"/>
						<String ID="P7_ST00949" HPOS="2256" VPOS="3552" WIDTH="105" HEIGHT="39" CONTENT="Genf," WC="0.97" CC="02692"/>
						<SP ID="P7_SP00841" HPOS="2361" VPOS="3591" WIDTH="31"/>
						<String ID="P7_ST00950" HPOS="2392" VPOS="3551" WIDTH="56" HEIGHT="34" CONTENT="die" WC="0.96" CC="055"/>
						<SP ID="P7_SP00842" HPOS="2448" VPOS="3591" WIDTH="27"/>
						<String ID="P7_ST00951" HPOS="2475" VPOS="3552" WIDTH="56" HEIGHT="33" CONTENT="ein" WC="0.95" CC="074"/>
						<SP ID="P7_SP00843" HPOS="2531" VPOS="3591" WIDTH="28"/>
						<String ID="P7_ST00952" HPOS="2559" VPOS="3551" WIDTH="82" HEIGHT="33" CONTENT="sehr" WC="0.98" CC="0242"/>
						<SP ID="P7_SP00844" HPOS="2641" VPOS="3591" WIDTH="26"/>
						<String ID="P7_ST00953" HPOS="2667" VPOS="3551" WIDTH="191" HEIGHT="35" CONTENT="besuchtes" WC="0.99" CC="630607006"/>
						<SP ID="P7_SP00845" HPOS="2858" VPOS="3591" WIDTH="29"/>
						<String ID="P7_ST00954" HPOS="2887" VPOS="3551" WIDTH="313" HEIGHT="37" CONTENT="Conservatorium" WC="0.58" CC="47790540033209"/>
					</TextLine>
					<TextLine ID="P7_TL00112" HPOS="1744" VPOS="3610" WIDTH="1457" HEIGHT="45">
						<String ID="P7_ST00955" HPOS="1744" VPOS="3614" WIDTH="143" HEIGHT="41" CONTENT="besitzt," WC="0.99" CC="70500003"/>
						<SP ID="P7_SP00846" HPOS="1887" VPOS="3655" WIDTH="38"/>
						<String ID="P7_ST00956" HPOS="1925" VPOS="3612" WIDTH="63" HEIGHT="33" CONTENT="hat" WC="0.94" CC="707"/>
						<SP ID="P7_SP00847" HPOS="1988" VPOS="3655" WIDTH="25"/>
						<String ID="P7_ST00957" HPOS="2013" VPOS="3612" WIDTH="57" HEIGHT="35" CONTENT="bei" WC="0.94" CC="635"/>
						<SP ID="P7_SP00848" HPOS="2070" VPOS="3655" WIDTH="28"/>
						<String ID="P7_ST00958" HPOS="2098" VPOS="3612" WIDTH="63" HEIGHT="34" CONTENT="der" WC="0.98" CC="006"/>
						<SP ID="P7_SP00849" HPOS="2161" VPOS="3655" WIDTH="27"/>
						<String ID="P7_ST00959" HPOS="2188" VPOS="3612" WIDTH="340" HEIGHT="42" CONTENT="Bundesregierung" WC="0.99" CC="056029369450699"/>
						<SP ID="P7_SP00850" HPOS="2528" VPOS="3655" WIDTH="29"/>
						<String ID="P7_ST00960" HPOS="2557" VPOS="3610" WIDTH="55" HEIGHT="34" CONTENT="die" WC="0.95" CC="056"/>
						<SP ID="P7_SP00851" HPOS="2612" VPOS="3655" WIDTH="27"/>
						<String ID="P7_ST00961" HPOS="2639" VPOS="3610" WIDTH="219" HEIGHT="45" CONTENT="Errichtung" WC="0.99" CC="0596060670"/>
						<SP ID="P7_SP00852" HPOS="2858" VPOS="3655" WIDTH="28"/>
						<String ID="P7_ST00962" HPOS="2886" VPOS="3612" WIDTH="96" HEIGHT="33" CONTENT="einer" WC="1.00" CC="00000"/>
						<SP ID="P7_SP00853" HPOS="2982" VPOS="3655" WIDTH="26"/>
						<String ID="P7_ST00963" HPOS="3008" VPOS="3612" WIDTH="166" HEIGHT="34" CONTENT="schwei" SUBS_TYPE="HypPart1" SUBS_CONTENT="schweizerischen" WC="0.99" CC="006014"/>
						<HYP HPOS="3174" VPOS="3612" WIDTH="27" CONTENT="-"/>
					</TextLine>
					<TextLine ID="P7_TL00113" HPOS="1747" VPOS="3670" WIDTH="1452" HEIGHT="44">
						<String ID="P7_ST00964" HPOS="1747" VPOS="3672" WIDTH="248" HEIGHT="35" CONTENT="zerischen" SUBS_TYPE="HypPart2" SUBS_CONTENT="schweizerischen" WC="0.99" CC="400701765"/>
						<SP ID="P7_SP00854" HPOS="1995" VPOS="3707" WIDTH="34"/>
						<String ID="P7_ST00965" HPOS="2029" VPOS="3670" WIDTH="335" HEIGHT="34" CONTENT="Musikschule" WC="0.99" CC="06210437746"/>
						<SP ID="P7_SP00855" HPOS="2364" VPOS="3707" WIDTH="39"/>
						<String ID="P7_ST00966" HPOS="2403" VPOS="3675" WIDTH="180" HEIGHT="39" CONTENT="angeregt." WC="0.99" CC="790050024"/>
						<SP ID="P7_SP00856" HPOS="2583" VPOS="3714" WIDTH="53"/>
						<String ID="P7_ST00967" HPOS="2636" VPOS="3670" WIDTH="87" HEIGHT="33" CONTENT="Hier" WC="0.96" CC="5605"/>
						<SP ID="P7_SP00857" HPOS="2723" VPOS="3714" WIDTH="26"/>
						<String ID="P7_ST00968" HPOS="2749" VPOS="3671" WIDTH="35" HEIGHT="32" CONTENT="in" WC="0.60" CC="06"/>
						<SP ID="P7_SP00858" HPOS="2784" VPOS="3714" WIDTH="27"/>
						<String ID="P7_ST00969" HPOS="2811" VPOS="3670" WIDTH="93" HEIGHT="33" CONTENT="Bern" WC="1.00" CC="0000"/>
						<SP ID="P7_SP00859" HPOS="2904" VPOS="3714" WIDTH="28"/>
						<String ID="P7_ST00970" HPOS="2932" VPOS="3670" WIDTH="97" HEIGHT="34" CONTENT="steht" WC="0.98" CC="01660"/>
						<SP ID="P7_SP00860" HPOS="3029" VPOS="3714" WIDTH="25"/>
						<String ID="P7_ST00971" HPOS="3054" VPOS="3671" WIDTH="55" HEIGHT="33" CONTENT="die" WC="0.99" CC="030"/>
						<SP ID="P7_SP00861" HPOS="3109" VPOS="3714" WIDTH="29"/>
						<String ID="P7_ST00972" HPOS="3138" VPOS="3671" WIDTH="41" HEIGHT="33" CONTENT="Er" SUBS_TYPE="HypPart1" SUBS_CONTENT="Eröffnung" WC="0.92" CC="69"/>
						<HYP HPOS="3179" VPOS="3671" WIDTH="20" CONTENT="-"/>
					</TextLine>
					<TextLine ID="P7_TL00114" HPOS="1745" VPOS="3728" WIDTH="1451" HEIGHT="48">
						<String ID="P7_ST00973" HPOS="1745" VPOS="3732" WIDTH="151" HEIGHT="44" CONTENT="öffnung" SUBS_TYPE="HypPart2" SUBS_CONTENT="Eröffnung" WC="0.97" CC="9786670"/>
						<SP ID="P7_SP00862" HPOS="1896" VPOS="3776" WIDTH="28"/>
						<String ID="P7_ST00974" HPOS="1924" VPOS="3732" WIDTH="96" HEIGHT="33" CONTENT="einer" WC="1.00" CC="10002"/>
						<SP ID="P7_SP00863" HPOS="2020" VPOS="3776" WIDTH="27"/>
						<String ID="P7_ST00975" HPOS="2047" VPOS="3730" WIDTH="253" HEIGHT="34" CONTENT="Musikschule" WC="0.99" CC="03060307600"/>
						<SP ID="P7_SP00864" HPOS="2300" VPOS="3776" WIDTH="43"/>
						<String ID="P7_ST00976" HPOS="2343" VPOS="3732" WIDTH="103" HEIGHT="31" CONTENT="unter" WC="0.97" CC="68005"/>
						<SP ID="P7_SP00865" HPOS="2446" VPOS="3776" WIDTH="26"/>
						<String ID="P7_ST00977" HPOS="2472" VPOS="3729" WIDTH="61" HEIGHT="33" CONTENT="der" WC="0.98" CC="005"/>
						<SP ID="P7_SP00866" HPOS="2533" VPOS="3776" WIDTH="27"/>
						<String ID="P7_ST00978" HPOS="2560" VPOS="3729" WIDTH="183" HEIGHT="32" CONTENT="Direction" WC="0.77" CC="020030247"/>
						<SP ID="P7_SP00867" HPOS="2743" VPOS="3776" WIDTH="41"/>
						<String ID="P7_ST00979" HPOS="2784" VPOS="3728" WIDTH="61" HEIGHT="34" CONTENT="des" WC="1.00" CC="000"/>
						<SP ID="P7_SP00868" HPOS="2845" VPOS="3776" WIDTH="31"/>
						<String ID="P7_ST00980" HPOS="2876" VPOS="3729" WIDTH="320" HEIGHT="34" CONTENT="Musik-Director*" WC="0.47" CC="789603663106647"/>
					</TextLine>
					<TextLine ID="P7_TL00115" HPOS="1745" VPOS="3786" WIDTH="1234" HEIGHT="47">
						<String ID="P7_ST00981" HPOS="1745" VPOS="3791" WIDTH="73" HEIGHT="33" CONTENT="Ed." WC="0.99" CC="002"/>
						<SP ID="P7_SP00869" HPOS="1818" VPOS="3824" WIDTH="28"/>
						<String ID="P7_ST00982" HPOS="1846" VPOS="3790" WIDTH="184" HEIGHT="33" CONTENT="Franck" WC="0.67" CC="600326"/>
						<SP ID="P7_SP00870" HPOS="2030" VPOS="3824" WIDTH="29"/>
						<String ID="P7_ST00983" HPOS="2059" VPOS="3789" WIDTH="138" HEIGHT="44" CONTENT="(früher" WC="0.98" CC="8008740"/>
						<SP ID="P7_SP00871" HPOS="2197" VPOS="3833" WIDTH="26"/>
						<String ID="P7_ST00984" HPOS="2223" VPOS="3790" WIDTH="35" HEIGHT="31" CONTENT="in" WC="0.27" CC="77"/>
						<SP ID="P7_SP00872" HPOS="2258" VPOS="3833" WIDTH="30"/>
						<String ID="P7_ST00985" HPOS="2288" VPOS="3788" WIDTH="111" HEIGHT="44" CONTENT="Köln)" WC="0.97" CC="01574"/>
						<SP ID="P7_SP00873" HPOS="2399" VPOS="3833" WIDTH="27"/>
						<String ID="P7_ST00986" HPOS="2426" VPOS="3787" WIDTH="91" HEIGHT="33" CONTENT="noch" WC="0.97" CC="7007"/>
						<SP ID="P7_SP00874" HPOS="2517" VPOS="3833" WIDTH="30"/>
						<String ID="P7_ST00987" HPOS="2547" VPOS="3786" WIDTH="122" HEIGHT="34" CONTENT="diesen" WC="0.98" CC="010777"/>
						<SP ID="P7_SP00875" HPOS="2669" VPOS="3833" WIDTH="28"/>
						<String ID="P7_ST00988" HPOS="2697" VPOS="3786" WIDTH="135" HEIGHT="34" CONTENT="Herbst" WC="0.98" CC="500760"/>
						<SP ID="P7_SP00876" HPOS="2832" VPOS="3833" WIDTH="26"/>
						<String ID="P7_ST00989" HPOS="2858" VPOS="3786" WIDTH="121" HEIGHT="35" CONTENT="bevor." WC="0.98" CC="710554"/>
					</TextLine>
					<TextLine ID="P7_TL00116" HPOS="1819" VPOS="3890" WIDTH="1372" HEIGHT="39">
						<String ID="P7_ST00990" HPOS="1819" VPOS="3891" WIDTH="181" HEIGHT="37" CONTENT="PAl*iS*" WC="0.54" CC="1760880"/>
						<SP ID="P7_SP00877" HPOS="2000" VPOS="3928" WIDTH="30"/>
						<String ID="P7_ST00991" HPOS="2030" VPOS="3892" WIDTH="71" HEIGHT="33" CONTENT="Zur" WC="0.96" CC="065"/>
						<SP ID="P7_SP00878" HPOS="2101" VPOS="3928" WIDTH="27"/>
						<String ID="P7_ST00992" HPOS="2128" VPOS="3891" WIDTH="103" HEIGHT="34" CONTENT="Feier" WC="0.98" CC="13060"/>
						<SP ID="P7_SP00879" HPOS="2231" VPOS="3928" WIDTH="27"/>
						<String ID="P7_ST00993" HPOS="2258" VPOS="3891" WIDTH="60" HEIGHT="33" CONTENT="des" WC="0.94" CC="725"/>
						<SP ID="P7_SP00880" HPOS="2318" VPOS="3928" WIDTH="27"/>
						<String ID="P7_ST00994" HPOS="2345" VPOS="3890" WIDTH="277" HEIGHT="39" CONTENT="Schillerfestes," WC="0.99" CC="646435240600070"/>
						<SP ID="P7_SP00881" HPOS="2622" VPOS="3929" WIDTH="32"/>
						<String ID="P7_ST00995" HPOS="2654" VPOS="3890" WIDTH="153" HEIGHT="34" CONTENT="welches" WC="0.98" CC="0737602"/>
						<SP ID="P7_SP00882" HPOS="2807" VPOS="3929" WIDTH="29"/>
						<String ID="P7_ST00996" HPOS="2836" VPOS="3891" WIDTH="61" HEIGHT="33" CONTENT="die" WC="0.97" CC="044"/>
						<SP ID="P7_SP00883" HPOS="2897" VPOS="3929" WIDTH="27"/>
						<String ID="P7_ST00997" HPOS="2924" VPOS="3890" WIDTH="204" HEIGHT="33" CONTENT="Deutschen" WC="0.99" CC="920060907"/>
						<SP ID="P7_SP00884" HPOS="3128" VPOS="3929" WIDTH="28"/>
						<String ID="P7_ST00998" HPOS="3156" VPOS="3890" WIDTH="35" HEIGHT="32" CONTENT="in" WC="0.22" CC="68"/>
					</TextLine>
					<TextLine ID="P7_TL00117" HPOS="1746" VPOS="3948" WIDTH="1445" HEIGHT="45">
						<String ID="P7_ST00999" HPOS="1746" VPOS="3953" WIDTH="103" HEIGHT="33" CONTENT="Paris" WC="0.96" CC="65680"/>
						<SP ID="P7_SP00885" HPOS="1849" VPOS="3986" WIDTH="37"/>
						<String ID="P7_ST01000" HPOS="1886" VPOS="3951" WIDTH="260" HEIGHT="42" CONTENT="veranstalten," WC="0.99" CC="0300830150074"/>
						<SP ID="P7_SP00886" HPOS="2146" VPOS="3993" WIDTH="43"/>
						<String ID="P7_ST01001" HPOS="2189" VPOS="3950" WIDTH="65" HEIGHT="33" CONTENT="hat" WC="0.97" CC="700"/>
						<SP ID="P7_SP00887" HPOS="2254" VPOS="3993" WIDTH="38"/>
						<String ID="P7_ST01002" HPOS="2292" VPOS="3949" WIDTH="197" HEIGHT="43" CONTENT="Ludwig" WC="0.98" CC="960700"/>
						<SP ID="P7_SP00888" HPOS="2489" VPOS="3993" WIDTH="40"/>
						<String ID="P7_ST01003" HPOS="2529" VPOS="3949" WIDTH="121" HEIGHT="34" CONTENT="Pfau" WC="0.96" CC="9090"/>
						<SP ID="P7_SP00889" HPOS="2650" VPOS="3993" WIDTH="43"/>
						<String ID="P7_ST01004" HPOS="2693" VPOS="3951" WIDTH="77" HEIGHT="32" CONTENT="eine" WC="0.95" CC="5484"/>
						<SP ID="P7_SP00890" HPOS="2770" VPOS="3993" WIDTH="41"/>
						<String ID="P7_ST01005" HPOS="2811" VPOS="3949" WIDTH="147" HEIGHT="33" CONTENT="Cantate" WC="0.34" CC="5976681"/>
						<SP ID="P7_SP00891" HPOS="2958" VPOS="3993" WIDTH="41"/>
						<String ID="P7_ST01006" HPOS="2999" VPOS="3948" WIDTH="192" HEIGHT="45" CONTENT="gedichtet," WC="0.98" CC="7370366734"/>
					</TextLine>
					<TextLine ID="P7_TL00118" HPOS="1747" VPOS="4008" WIDTH="905" HEIGHT="46">
						<String ID="P7_ST01007" HPOS="1747" VPOS="4011" WIDTH="135" HEIGHT="35" CONTENT="welche" WC="0.97" CC="047674"/>
						<SP ID="P7_SP00892" HPOS="1882" VPOS="4046" WIDTH="27"/>
						<String ID="P7_ST01008" HPOS="1909" VPOS="4009" WIDTH="202" HEIGHT="45" CONTENT="Stephen" WC="0.97" CC="6609715"/>
						<SP ID="P7_SP00893" HPOS="2111" VPOS="4054" WIDTH="29"/>
						<String ID="P7_ST01009" HPOS="2140" VPOS="4008" WIDTH="166" HEIGHT="35" CONTENT="Heller" WC="0.97" CC="605374"/>
						<SP ID="P7_SP00894" HPOS="2306" VPOS="4054" WIDTH="27"/>
						<String ID="P7_ST01010" HPOS="2333" VPOS="4010" WIDTH="35" HEIGHT="31" CONTENT="in" WC="0.41" CC="65"/>
						<SP ID="P7_SP00895" HPOS="2368" VPOS="4054" WIDTH="27"/>
						<String ID="P7_ST01011" HPOS="2395" VPOS="4008" WIDTH="126" HEIGHT="34" CONTENT="Musik" WC="0.96" CC="66537"/>
						<SP ID="P7_SP00896" HPOS="2521" VPOS="4054" WIDTH="28"/>
						<String ID="P7_ST01012" HPOS="2549" VPOS="4012" WIDTH="103" HEIGHT="31" CONTENT="setzt." WC="0.98" CC="300793"/>
					</TextLine>
				</TextBlock>
			</PrintSpace>
		</Page>
	</Layout>
</alto>
