2511 4091
1193 3751 81 61 49

233 507 183 60 Hear
468 504 50 62 it
570 501 174 64 rain!

232 606 155 61 And
432 604 176 61 from
646 603 175 79 eight
863 603 225 62 leaden
1128 603 177 80 pipes
1345 604 64 60 in
1448 604 108 63 the
1594 604 125 63 ball
1760 604 80 63 he
1881 606 218 61 stands
2140 626 80 41 on

232 708 174 61 That
442 706 115 61 has
598 705 175 80 eight
810 705 226 62 leaden
1075 706 127 61 and
1241 726 233 59 copper
1511 706 202 62 bands
1752 726 102 55 on,

233 809 214 61 There
477 806 226 79 gurgle
738 806 127 61 and
903 806 184 61 drain

237 910 197 79 Eight
471 908 263 62 driblets
769 908 75 61 of
879 918 200 51 water
1114 909 189 60 down
1340 908 130 62 into
1506 909 105 61 the
1644 909 200 60 basin.

233 1112 153 61 And
428 1111 78 61 he
550 1111 219 62 stands
813 1131 83 41 on
937 1110 98 61 his
1078 1110 245 79 dragon

233 1213 154 62 And
426 1213 110 61 the
575 1211 121 82 girl
738 1210 114 64 sits
893 1210 245 80 sewing

235 1314 198 78 High,
473 1333 159 59 very
675 1312 154 80 high
871 1312 65 61 in
975 1312 116 61 her
1130 1322 321 51 casement

232 1415 154 61 And
421 1415 230 62 before
688 1413 116 61 her
842 1434 108 42 are
987 1434 195 58 many
1218 1412 367 80 geraniums
1624 1412 65 62 in
1726 1435 38 39 a
1798 1413 225 80 parket

232 1516 107 60 All
382 1515 297 80 growing
716 1515 128 61 and
884 1514 283 80 blowing

235 1618 75 59 In
346 1618 133 61 box
514 1637 175 58 upon
724 1616 130 61 box

236 1719 197 61 From
470 1718 109 61 the
618 1718 217 78 gables
881 1717 169 79 right
1091 1717 189 62 down
1321 1727 64 52 to
1426 1717 105 61 the
1571 1717 327 61 basement

232 1820 184 62 With
459 1820 286 61 frescoes
786 1818 128 61 and
955 1818 297 78 carvings
1293 1818 127 63 and
1458 1817 179 80 paint
1684 1868 11 11 .
1745 1867 11 11 .
1807 1867 11 11 .

232 2022 140 61 The
415 2041 164 59 poor
626 2020 202 63 saint!

235 2123 59 61 It
335 2122 173 62 rains
547 2122 130 61 and
716 2121 48 63 it
806 2121 192 75 rains,

236 2224 74 59 In
349 2222 108 63 the
493 2222 254 63 market
781 2224 181 61 there
999 2222 149 63 isn't
1185 2243 81 40 an
1304 2243 105 54 ox,

233 2324 153 61 And
425 2325 64 59 in
528 2324 81 62 all
651 2325 109 61 the
796 2324 464 79 emplacement

239 2425 129 61 For
407 2445 308 59 waggons
755 2425 182 63 there
981 2424 148 62 isn't
1171 2446 38 40 a
1246 2443 290 61 waggon,

237 2527 136 60 Not
410 2547 38 40 a
486 2526 145 62 stall
672 2526 109 61 for
818 2547 36 41 a
893 2546 196 60 grape
1130 2546 74 41 or
1241 2546 38 41 a
1317 2523 214 76 raisin,

239 2627 134 61 Not
415 2648 36 40 a
498 2627 141 63 soul
682 2626 65 62 in
790 2627 109 63 the
940 2626 252 62 market

236 2726 169 64 Save
439 2728 109 62 the
584 2728 169 63 saint
788 2749 84 40 on
909 2728 98 62 his
1048 2728 246 80 dragon

232 2829 186 63 With
453 2831 109 61 the
602 2831 138 61 rain
781 2829 321 80 dribbling
1141 2829 191 63 down
1373 2828 63 61 in
1474 2827 106 62 the
1619 2826 199 73 basin,

233 2930 153 62 And
426 2931 111 61 the
574 2930 260 63 maiden
874 2931 139 62 that
1054 2951 162 42 sews
1262 2928 64 63 in
1365 2930 107 61 the
1515 2936 336 55 casement.

233 3132 186 80 They
453 3153 111 42 are
603 3133 127 62 still
767 3134 129 61 and
931 3134 205 73 alone,

233 3233 507 64 Mutterseelens
776 3233 203 75 alone,

236 3334 154 62 And
438 3335 108 62 the
598 3335 140 62 rain
787 3335 278 62 dribbles
1119 3335 190 62 down
1362 3334 172 60 from
1583 3330 98 63 his
1729 3330 172 62 heels
1952 3326 124 63 and
2124 3323 97 64 his

486 3457 239 54 crown,
