2511 4091
1245 3867 80 64 39

289 625 495 66 POSTLUDE

291 814 170 64 Now
502 814 139 63 that
683 813 28 61 I
751 813 166 64 have
953 814 226 63 cooled
1216 825 68 52 to
1325 835 128 62 you

291 915 122 62 Let
447 915 182 63 there
663 915 78 62 be
776 915 154 80 gold
965 915 74 61 of
1076 916 331 64 tarnished
1443 938 322 59 masonry,

291 1018 302 80 Temples
629 1016 272 64 soothed
934 1016 83 82 by
1053 1018 108 61 the
1196 1038 121 42 sun
1350 1029 70 52 to
1453 1019 145 62 ruin

288 1118 174 62 That
504 1118 173 80 sleep
716 1117 258 81 utterly.

290 1218 162 64 Give
485 1239 102 42 me
620 1217 175 64 hand
833 1218 108 64 for
974 1217 107 65 the
1115 1218 254 76 dances,

291 1320 265 81 Ripples
601 1330 67 52 at
710 1320 221 75 Phike,
972 1320 66 62 in
1078 1321 129 61 and
1247 1331 132 66 out,

287 1421 156 63 And
479 1420 141 80 lips,
661 1442 109 60 my
809 1421 297 75 Lesbian,

290 1523 172 62 Wall
512 1523 256 61 flowers
819 1522 140 63 that
1006 1543 157 41 once
1210 1543 171 42 were
1429 1521 207 66 flame.

290 1730 188 62 Your
511 1730 142 64 hair
690 1729 52 65 is
775 1752 110 61 my
920 1730 322 79 Carthage

290 1832 152 62 And
480 1853 111 59 my
633 1852 171 42 arms
845 1832 108 62 the
992 1833 145 61 bow

292 1933 154 61 And
485 1954 122 42 our
644 1933 216 63 words
902 1954 246 42 arrows

292 2035 102 61 To
431 2034 190 63 shoot
655 2034 111 63 the
804 2044 185 66 stars,

290 2134 176 63 Who
518 2135 174 61 from
738 2135 141 62 that
921 2134 197 81 misty
1161 2154 108 45 sea

295 2234 253 65 Swarm
588 2246 67 52 to
700 2237 262 82 destroy
1002 2257 94 42 us.

291 2336 130 63 But
459 2336 226 80 you're
719 2337 183 62 there
939 2336 219 63 beside
1195 2356 103 42 me

290 2437 128 75 Oh,
459 2439 147 61 how
649 2437 160 64 shall
854 2436 29 62 I
926 2437 159 82 defy
1122 2458 128 60 you

291 2539 175 62 Who
501 2540 242 63 wound
775 2561 104 40 me
916 2539 65 62 in
1017 2540 108 61 the
1161 2539 183 79 night

290 2638 185 64 With
521 2641 249 62 breasts
817 2639 258 80 shining

292 2741 159 61 Like
490 2742 228 63 Venus
755 2742 129 63 and
920 2741 127 64 like
1089 2741 227 64 Mars?

291 2843 142 61 The
469 2841 183 82 night
687 2843 141 63 that
862 2843 53 61 is
953 2843 304 77 shouting
1289 2840 201 81 Jason

288 2943 218 62 When
540 2945 108 63 the
686 2944 154 62 loud
876 2966 191 40 eaves
1105 2945 188 60 rattle

292 3043 95 64 As
423 3045 158 62 with
616 3066 216 42 waves
869 3046 203 62 above
1106 3066 103 41 me

295 3146 162 62 Blue
488 3158 66 52 at
586 3149 108 62 the
723 3168 184 59 prow
937 3147 74 63 of
1042 3168 109 58 my
1184 3144 240 64 desire!

292 3245 62 64 O
389 3267 268 61 prayers
695 3246 65 63 in
793 3248 109 63 the
936 3245 194 65 dark!

292 3348 62 62 O
393 3347 256 63 incense
686 3358 69 54 to
793 3348 358 64 Poseidon!

295 3447 183 65 Calm
522 3450 64 61 in
629 3450 302 62 Atlantis.

1203 3552 337 62 WILLIAM
1585 3548 262 65 CARLOS
1889 3545 377 65 WILLIAMS
