3490 4366
315 147 1423 203 Niderrheinische
1885 152 1153 254 Musik-Zeitung

958 455 117 116 für
1156 452 559 119 fvttustftfraöe
1771 460 142 111 traft
1976 457 386 117 liinstlrr.

136 697 389 69 Herausgegeben
573 714 89 34 von
714 696 237 49 Professor
1881 691 67 58 L.
2107 689 264 80 Bisclioff.
1579 697 172 67 Verlag
1806 698 81 50 der
2875 691 373 66 Buchhandlung.

232 1026 228 37 Inhalt.

516 1028 199 34 Pariser
742 1028 162 34 Briefe
933 1027 295 47 (Fortsetzung).
1336 1028 78 34 Das
1442 1027 275 46 Operntheater
1743 1027 38 33 in
1812 1028 110 34 Wien
1954 1026 239 46 (Uebersicht
2223 1026 63 34 der
2313 1027 234 44 Leistungen
2576 1025 50 33 im
2656 1024 276 47 abgelaufenen
2962 1022 296 48 Theaterjahre).

208 1089 247 36 Johannes
483 1089 200 34 Brahms
713 1088 324 46 (Lebensskizze).
1054 1107 45 5 —
1121 1088 162 34 Zehntes
1314 1087 456 35 Gesellschafts-Concert
1795 1087 40 34 in
1865 1086 100 34 Köln
1994 1086 50 34 im
2077 1086 228 35 Gürzenich.
2404 1087 175 45 Tages-
2609 1085 92 33 und
2733 1084 214 35 Unterha
2961 1084 9 33 1
2983 1084 174 46 tungsb
3170 1084 12 33 1
3194 1088 66 31 att

131 1150 183 47 (Leipzig,
346 1150 149 44 Siftung
524 1150 60 33 für
613 1149 65 34 das
708 1149 338 35 Conservatorium
1178 1147 221 44 Karlsruhe,
1428 1146 470 36 Abonnements-Concert
2029 1146 178 35 Joachim
2238 1146 86 33 Ralf
2439 1144 127 34 Julius
2599 1143 259 35 Stockhausen
2889 1143 145 35 verlobt
3148 1145 110 45 Pr&gj

134 1211 184 35 Concerte
348 1210 64 33 des
443 1208 353 35 Cäcilien-Vereins
902 1209 121 42 Paris,
1052 1207 179 35 Violinist
1259 1208 193 42 Hammer,
1480 1206 180 35 Flotow's
1930 1208 103 34 Neue
2064 1206 199 45 Strassen).

683 1361 199 54 Pariser
921 1361 188 54 Briefe.

614 1498 283 44 (Fortsetzung.
945 1498 36 35 S.
1011 1498 65 35 Nr.
1108 1494 75 48 14.)

245 1599 87 48 Die
348 1598 248 64 Neuigkeit
625 1598 58 48 im
705 1598 201 48 Theater
927 1598 82 49 der
1033 1598 261 48 komischen
1312 1598 128 64 Oper
1464 1598 53 48 ist
1539 1613 121 33 zwar

130 1678 144 50 nichts
319 1678 203 63 weniger
562 1678 64 47 als
661 1676 100 49 eine
798 1676 232 49 komische
1061 1678 143 63 Oper,
1250 1676 112 49 aber
1405 1676 70 47 ein
1509 1675 149 50 Werk

130 1756 86 49 voll
254 1755 262 47 scenischen
558 1754 90 47 und
694 1754 341 48 musicalischen
1067 1755 197 55 Lebens,
1310 1754 80 47 das
1421 1754 130 47 einen
1584 1751 51 50 be-

131 1832 260 51 deutenden
435 1831 92 50 und
569 1832 133 49 allem
733 1832 259 49 Anscheine
1020 1834 114 47 nach
1167 1832 122 47 nicht
1317 1848 50 31 so
1397 1831 136 48 leicht
1561 1846 75 32 ver-

132 1910 272 67 gänglichen
431 1910 162 63 Erfolg
624 1909 174 64 gehabt
827 1910 91 48 hat.
977 1910 85 47 Die
1092 1910 127 63 Oper
1260 1907 136 50 heisst

134 1991 80 47 das
236 1989 127 49 Buch
395 1989 55 47 ist
479 2005 84 32 von
597 1989 239 48 Cormon
869 1987 90 47 und
989 1987 210 49 Michel
1235 1985 203 54 Carr£,
1470 1985 71 48 die
1562 1986 68 47 Mu-

134 2067 64 49 sik
231 2084 84 32 von
343 2067 160 47 Aime
532 2065 403 57 Maillart,dem
956 2065 326 65 Componisten
1312 2080 84 32 von
1421 2062 92 50 Les
1533 2062 99 49 Dra-

127 2161 116 52 gons
268 2145 57 49 de
357 2141 183 62 Villars,
573 2144 71 47 die
673 2144 42 47 in
742 2142 311 49 Deutschland
1081 2150 132 41 unter
1236 2141 101 48 dem
1364 2141 140 48 Titel:
1546 2142 122 55 „Das

137 2222 263 49 Glöckchen
426 2220 77 48 des
823 2219 211 63 gegeben
1064 2219 202 48 werden.
1297 2219 87 47 Die
1409 2225 116 41 erste
1548 2217 89 49 Vor-

137 2300 197 63 stellung
367 2296 106 50 fand
504 2314 73 32 am
610 2297 87 49 21.
728 2297 123 49 März
880 2297 132 49 Statt.

258 2376 99 47 Von
391 2376 188 65 Byron's
610 2376 119 47 Lara
761 2375 77 48 hat
875 2373 80 49 der
986 2373 118 49 Held
1137 2373 80 49 der
1243 2373 130 65 Oper
1404 2372 115 50 eben
1551 2372 123 48 nicht

140 2455 82 48 viel
257 2453 144 56 mehr,
441 2453 63 47 als
534 2452 85 48 den
650 2453 205 56 Namen;
898 2452 147 64 einige
1076 2452 287 48 Situationen
1410 2451 148 48 haben
1603 2451 72 47 die

144 2531 237 51 Verfasser
410 2530 102 48 dem
546 2530 223 49 Gedichte
796 2539 314 47 entnommen,
1155 2530 218 63 übrigens
1402 2528 88 49 den
1532 2528 114 56 „Cor-

274 2608 134 49 dabei
437 2608 199 55 benutzt,
661 2607 91 48 und
786 2625 80 30 aus
898 2607 161 48 beiden
1090 2624 263 31 zusammen
1386 2607 78 47 mit
1494 2622 183 49 grosser

145 2687 225 55 Willkür,
400 2685 113 49 aber
542 2686 83 47 mit
647 2683 353 50 dramatischem
1028 2683 237 58 Geschick,
1296 2685 68 47 ein
1391 2683 284 65 Opernbuch

146 2765 233 66 gemacht,
409 2763 159 47 dessen
595 2763 250 64 Handlung
871 2762 195 50 beinahe
1089 2762 175 48 überall
1288 2762 269 48 interessant
1588 2760 90 49 und

149 2841 254 68 spannend,
433 2842 112 48 aber
575 2841 252 65 durchweg
871 2848 124 41 ernst
1031 2840 69 55 ist,
1146 2840 84 48 wie
1273 2857 104 31 man
1421 2856 46 32 es
1510 2840 169 47 freilich

149 2922 118 50 nach
297 2921 103 48 dem
421 2921 148 48 Inhalt
598 2920 82 48 der
704 2920 161 48 beiden
892 2920 321 64 Erzählungen
1237 2918 191 66 Byron's
1456 2918 123 49 nicht
1602 2934 51 31 an-

151 3000 103 49 ders
285 3005 230 43 erwarten
546 2997 135 48 kann.

267 3077 129 48 Nach
442 3077 125 47 einer
610 3073 458 65 ouverturenartigen
1108 3073 265 64 Einleitung
1416 3072 137 48 sehen
1600 3071 82 47 wir

153 3155 118 49 beim
318 3155 250 49 Aufziehen
612 3153 78 49 des
735 3153 271 64 Vorhanges
1061 3151 78 48 das
1195 3151 351 48 Stammschloss
1600 3148 82 48 der

154 3233 170 50 Grafen
348 3235 122 47 Lara
495 3233 80 47 mit
597 3232 152 47 seinen
769 3232 236 46 Thürmen
1031 3229 88 47 und
1146 3229 169 47 seinem
1343 3227 311 63 wohlbefestig-

151 3320 76 40 ten
257 3312 259 65 Eingange.
558 3312 97 46 Der
686 3309 88 49 alte
805 3308 116 50 Graf
944 3308 54 47 ist
1028 3307 243 65 gestorben
1306 3306 89 48 und
1425 3306 93 47 sein
1548 3304 110 49 einzi-

153 3406 82 48 ger
259 3389 125 49 Sohn
408 3389 82 47 seit
511 3388 172 48 Jahren
706 3384 375 51 verschwunden.
1113 3386 104 47 Man
1250 3383 91 48 hält
1369 3383 75 47 ihn
1471 3383 75 46 für
1569 3381 114 57 todt,

155 3468 93 48 und
291 3468 83 48 der
404 3468 154 64 König
601 3466 248 48 überweist
889 3463 93 50 sein
1025 3462 128 49 Erbe
1194 3462 80 48 der
1303 3461 156 49 Gräfin
1492 3461 188 47 Camilla

153 3547 111 48 Flor
295 3546 80 48 mit
405 3546 103 48 dem
539 3544 190 58 Rechte,
771 3544 179 49 Namen
992 3541 91 48 und
1114 3541 143 48 Besitz
1298 3538 80 48 der
1406 3539 159 47 Lara's
1607 3537 82 49 auf

155 3624 86 50 den
266 3626 141 48 Mann
432 3624 123 49 ihrer
581 3622 143 49 Wahl
748 3638 51 32 zu
826 3621 294 62 übertragen.
1150 3616 267 50 Ritterliche
1442 3616 240 55 Reisende,

155 3720 56 30 an
241 3703 126 48 ihrer
396 3703 152 65 Spitze
577 3701 193 57 Ezzelin,
800 3699 82 47 der
909 3715 77 30 um
1012 3697 226 48 Camilla's
1263 3694 135 50 Hand
1430 3693 153 57 wirbt,
1611 3710 46 30 er-

155 3781 215 48 scheinen
403 3779 90 50 und
527 3778 231 65 begehren
791 3777 176 47 Einlass
996 3774 65 49 ins
1092 3773 193 48 Schloss.
1335 3772 128 48 Aber
1492 3769 190 48 drinnen

158 3858 137 50 haust
324 3859 72 49 ein
427 3859 115 49 alter
570 3866 155 39 treuer
755 3854 188 56 Diener,
979 3850 221 58 Lambro,
1245 3850 80 47 der
1355 3848 85 49 den
1473 3848 210 48 Glauben

156 3953 58 32 an
244 3937 71 49 die
338 3937 254 49 Rückkehr
621 3936 78 48 des
729 3933 297 66 eigentlichen
1054 3929 153 48 Erben
1230 3928 121 48 nicht
1376 3925 193 66 aufgibt,
1590 3925 90 49 sich

155 4014 69 49 bis
253 4016 137 48 dahin
422 4017 63 48 als
517 4016 152 48 Herrn
711 4012 256 49 betrachtet
996 4008 87 48 und
1116 4016 112 40 trotz
1257 4005 102 49 dem
1395 4005 184 49 Befehle
1608 4003 76 48 des

155 4092 178 65 Königs
377 4093 87 48 den
495 4093 178 48 Rittern
706 4091 87 49 den
826 4088 184 50 Eintritt
1048 4084 240 51 verwehrt.
1345 4083 74 49 Sie
1449 4082 233 49 entfernen

1754 1363 109 55 sich,
1903 1361 91 49 und
2036 1361 71 49 die
2150 1379 90 31 nun
2287 1361 75 47 mit
2395 1360 190 65 Gefolge
2621 1358 319 49 erscheinende
2967 1360 154 47 Gräfin
3154 1360 106 47 Flor

1755 1440 177 50 erfährt
1960 1439 197 48 dieselbe
2186 1437 401 64 Zurückweisung.
2629 1437 193 64 Empört
2853 1435 193 48 entfernt
3074 1436 90 47 sich
3195 1435 69 49 die

1758 1516 180 56 Gräfin;
1981 1516 202 48 Lambro
2229 1516 114 47 freut
2385 1515 90 47 sich
2520 1515 42 47 in
2602 1512 234 50 hübschen
2868 1512 213 65 Couplets
3124 1514 145 47 seiner

1757 1595 174 48 rauhen
1950 1592 382 64 Standhaftigkeit
2355 1591 89 48 und
2470 1591 346 48 Wachsamkeit

1953 1671 91 47 und
2075 1670 278 48 verschliesst
2384 1670 146 47 hinter
2558 1670 89 47 sich
2680 1669 77 47 das
2790 1669 300 48 Schlossthor.

1870 1750 122 47 Zwei
2026 1747 261 51 Wanderer
2317 1755 141 39 treten
2489 1746 88 48 auf.
2635 1747 92 46 Der
2757 1746 137 47 ältere
2936 1754 98 56 sagt
3072 1764 50 29 zu
3161 1745 102 48 dem

1755 1835 169 48 zarten,
1953 1826 197 48 schönen
2182 1825 210 53 Knaben,
2422 1824 80 48 der
2533 1824 73 47 ihn
2639 1822 236 65 begleitet:

2116 1914 189 48 liegarde,
2336 1914 146 46 enfant,
2513 1914 86 34 c*est
2628 1913 39 34 la
2687 1912 141 46 patrie,

2117 1983 144 47 Bivage
2289 1983 181 45 heureux,
2500 1987 100 30 terre
2628 1980 135 44 chbrie,

2124 2052 110 36 Eden
2262 2050 249 47 quSautrefois
2531 2053 21 42 j
2569 2050 38 35 ai
2637 2046 143 49 quittil

1762 2137 61 47 Es
1853 2136 53 48 ist
1936 2136 136 56 Lara,
2115 2135 100 47 dem
2249 2135 201 47 Gulnare
2478 2135 63 47 als
2569 2132 143 50 Kaled
2755 2133 42 47 in
2840 2131 275 48 männlicher
3146 2131 97 48 Klei-

1763 2215 122 62 dung
1918 2213 122 64 folgt.
2094 2212 112 48 Bald
2252 2212 166 47 darauf
2454 2211 189 48 erblickt
2686 2226 48 32 er
2778 2210 203 53 Camilla,
3030 2208 69 49 die
3128 2226 48 31 er
3207 2210 62 47 als

1765 2290 121 49 Kind
1917 2291 237 55 verlassen,
2183 2288 88 49 und
2304 2288 133 56 fühlt,
2468 2288 100 49 dass
2596 2305 48 30 er
2672 2288 60 47 sie
2764 2287 118 48 liebt.
2914 2287 62 47 Er
3000 2286 239 47 verschwin-

1767 2368 91 56 det,
1904 2367 88 48 und
2040 2367 106 47 kurz
2190 2366 200 48 nachher
2432 2366 221 48 erscheint
2696 2365 79 47 der
2817 2365 86 47 alte
2947 2362 199 48 Lambro
3195 2363 79 47 mit

1768 2447 197 48 Fackeln
2008 2461 71 33 am
2112 2445 153 48 Thore
2308 2445 87 47 und
2441 2443 118 49 ladet
2602 2443 69 47 die
2714 2459 139 48 ganze
2881 2441 288 48 Gesellschaft
3213 2441 57 47 im

1769 2525 177 48 Namen
1975 2523 144 47 seines
2148 2521 420 65 zurückgekehrten
2602 2521 146 46 Herrn
2792 2520 86 54 ein,
2921 2518 64 47 ins
3014 2517 178 48 Schloss
3221 2535 52 29 zu

1771 2610 158 40 treten.
1985 2600 102 49 Und
2119 2601 77 47 das
2226 2616 94 32 war
2347 2600 113 54 Zeit,
2498 2598 116 49 denn
2654 2597 69 48 ein
2756 2597 216 47 Gewitter
3001 2612 80 47 zog
3113 2596 164 48 herauf

1772 2680 90 48 und
1892 2678 80 49 der
2000 2685 117 40 erste
2145 2680 87 45 Act
2262 2677 122 47 hatte
2414 2676 162 48 bereits
2605 2676 96 47 eine
2732 2673 173 48 Stunde
2933 2673 233 64 gedauert.

1890 2757 84 47 Die
1997 2756 144 47 Musik
2167 2772 48 29 zu
2244 2753 165 48 diesem
2430 2754 110 47 Acte
2564 2754 52 46 ist
2639 2751 327 64 ansprechend,
2991 2751 118 47 ohne
3132 2749 140 49 durch

1772 2834 198 49 Neuheit
2005 2832 110 48 oder
2157 2831 249 49 besondere
2439 2829 354 50 Charakteristik
2825 2828 282 48 aufzufallen.
3166 2827 116 49 Was

1776 2930 104 31 man
1910 2911 145 48 indess
2084 2911 57 47 im
2174 2917 230 41 ernsteren
2431 2908 149 48 Genre
2609 2925 51 30 zu
2693 2914 223 41 erwarten
2943 2906 91 55 hat,
3065 2906 113 63 zeigt
3204 2904 79 49 der

1776 2992 180 62 Gesang
1998 2989 157 47 Lara's
2200 2987 86 47 und
2333 2986 180 48 Kaled's
2554 2986 67 48 bei
2666 2986 142 47 ihrem
2853 2991 146 42 ersten
3030 2983 252 48 Auftreten.

1774 3067 276 49 Ausserdem
2096 3064 188 49 machen
2323 3063 212 64 Couplets
2578 3080 83 30 von
2705 3062 174 47 Ezzelin
2933 3059 87 49 und
3065 3059 218 56 Lambro,

1774 3144 89 49 und
1909 3143 79 48 der
2021 3142 213 49 Wechsel
2279 3157 81 32 von
2404 3139 362 50 Männerchören
2812 3141 76 45 mit
2936 3137 347 48 Frauenchören

1773 3223 71 48 die
1872 3222 145 48 Scene
2049 3218 277 50 musicalisch
2356 3218 201 47 ziemlich
2588 3215 224 65 lebendig.

1889 3301 63 45 Im
1983 3298 185 48 zweiten
2200 3299 112 46 Acte
2342 3295 210 49 befinden
2585 3297 80 45 wir
2695 3309 80 32 uns
2806 3293 80 48 auf
2911 3293 99 47 dem
3041 3293 143 55 Feste,
3209 3290 78 49 das

1774 3379 120 46 Lara
1923 3377 42 47 in
1995 3376 167 48 seinem
2195 3374 205 47 Schlosse
2432 3373 108 65 gibt.
2573 3373 201 48 Gulnare
2799 3369 181 64 (Kaled)
3006 3368 283 48 unterbricht

1773 3456 122 48 seine
1945 3453 298 50 vertrauliche
2285 3450 338 64 Unterhaltung
2672 3449 80 48 mit
2802 3448 207 55 Camilla,
3051 3445 115 49 denn
3217 3445 70 49 die

1774 3532 159 56 Liebe,
1971 3530 172 49 welche
2171 3530 61 47 sie
2265 3529 73 47 für
2370 3528 74 47 ihn
2475 3528 82 48 tief
2581 3529 56 46 im
2674 3529 175 46 Herzen
2879 3530 135 59 trägt,
3053 3524 52 47 ist
3136 3523 119 48 wach-

1774 3627 112 32 sam.
1915 3609 74 48 Sie
2016 3608 188 56 kommt,
2229 3623 74 31 um
2329 3605 141 49 ihrem
2497 3607 152 45 Herrn
2676 3603 248 49 Lebewohl
2948 3619 49 31 zu
3020 3617 151 48 sagen.
3204 3600 84 47 Die

1776 3688 147 48 Bitten
1955 3687 77 48 des
2061 3687 182 53 Paares,
2289 3684 62 47 sie
2390 3699 84 32 von
2515 3683 167 48 diesem
2718 3682 287 48 Entschlüsse
3043 3678 217 48 zurückzu-

1776 3765 209 65 bringen,
2016 3763 167 48 führen
2207 3762 98 48 eine
2329 3760 80 49 der
2435 3760 280 49 musicalisch
2742 3757 417 64 wirkungsvollsten
3184 3757 78 46 Sce-

1776 3859 87 32 nen
1894 3842 80 49 der
2002 3842 127 64 Oper
2159 3838 178 49 herbei:
2386 3838 204 48 Gulnare
2630 3838 118 62 singt
2787 3837 97 47 eine
2926 3833 236 48 arabische
3206 3833 55 47 Le-

1777 3920 226 64 gende—
2026 3919 79 48 der
2134 3918 162 53 Inhalt,
2327 3917 122 47 ihrer
2479 3917 188 63 eigenen
2699 3915 122 62 Lage
2850 3911 194 54 ähnlich,
3074 3911 127 46 reisst
3229 3910 62 47 sie

1778 3999 103 56 fort,
1924 3999 69 47 ihr
2031 3998 132 62 Auge
2207 3994 121 48 blitzt
2367 3993 91 48 und
2501 3991 254 50 schleudert
2794 3989 201 65 zugleich
3042 3989 77 46 mit
3151 3986 140 49 Wort

1778 4077 89 49 und
1895 4077 98 48 Ton
2018 4074 70 48 die
2105 4071 137 51 Gluth
2267 4070 80 50 der
2362 4070 257 50 Eifersucht
2644 4085 144 47 gegen
2813 4068 71 48 die
2902 4065 389 51 Nebenbuhlerin.

2994 4143 66 47 15

206 851 81 51 Nr.
329 848 72 54 15.

2766 846 99 54 XII.
2908 846 271 69 Jahrgang.

1419 837 172 79 KÖLN,
1632 849 48 54 9.
1722 847 137 72 April
1903 848 138 55 18<i4.
