<?xml version="1.0" encoding="UTF-8"?>
<alto xmlns:xsi="http://www.w3.org/2001/XMLSchema-instance" xmlns="http://www.loc.gov/standards/alto/ns-v2#" xsi:schemaLocation="http://www.loc.gov/standards/alto/ns-v2# http://www.loc.gov/standards/alto/alto-v2.0.xsd" xmlns:xlink="http://www.w3.org/1999/xlink">
	<Description>
		<MeasurementUnit>mm10</MeasurementUnit>
		<sourceImageInformation>
			<fileName>//fileserver7/IN2-2/Princeton/Batch7/bmtnaas/1890/05_01/00000116.tif</fileName>
		</sourceImageInformation>
		<OCRProcessing ID="OCRPROCESSING_1">
			<preProcessingStep>
				<processingSoftware>
					<softwareCreator>CCS Content Conversion Specialists GmbH, Germany</softwareCreator>
					<softwareName>CCS docWorks</softwareName>
					<softwareVersion>6.7-1.24</softwareVersion>
				</processingSoftware>
			</preProcessingStep>
			<ocrProcessingStep>
				<processingSoftware>
					<softwareCreator>ABBYY (BIT Software), Russia</softwareCreator>
					<softwareName>FineReader</softwareName>
					<softwareVersion>10.0</softwareVersion>
				</processingSoftware>
			</ocrProcessingStep>
		</OCRProcessing>
		<OCRProcessing ID="OCRPROCESSING_2">
			<preProcessingStep>
				<processingSoftware>
					<softwareCreator>CCS Content Conversion Specialists GmbH, Germany</softwareCreator>
					<softwareName>CCS docWorks</softwareName>
					<softwareVersion>6.7-1.24</softwareVersion>
				</processingSoftware>
			</preProcessingStep>
			<ocrProcessingStep>
				<processingSoftware>
					<softwareCreator>ABBYY (BIT Software), Russia</softwareCreator>
					<softwareName>NA</softwareName>
				</processingSoftware>
			</ocrProcessingStep>
		</OCRProcessing>
	</Description>
	<Styles>
		<TextStyle ID="TXT_0" FONTSIZE="43" FONTFAMILY="Arial" FONTSTYLE="bold"/>
		<TextStyle ID="TXT_1" FONTSIZE="44" FONTFAMILY="Arial" FONTSTYLE="bold"/>
		<TextStyle ID="TXT_2" FONTSIZE="24" FONTFAMILY="Times New Roman"/>
		<TextStyle ID="TXT_3" FONTSIZE="24" FONTFAMILY="Times New Roman" FONTSTYLE="italics"/>
		<ParagraphStyle ID="PAR_CENTER" ALIGN="Center"/>
		<ParagraphStyle ID="PAR_LEFT" ALIGN="Left"/>
		<ParagraphStyle ID="PAR_BLOCK" ALIGN="Block"/>
	</Styles>
	<Layout>
		<Page ID="P33" PHYSICAL_IMG_NR="33" HEIGHT="3485" WIDTH="2418" PC="0.894">
			<TopMargin ID="P33_TM00001" HPOS="0" VPOS="0" WIDTH="2418" HEIGHT="338"/>
			<LeftMargin ID="P33_LM00001" HPOS="0" VPOS="338" WIDTH="51" HEIGHT="2737"/>
			<RightMargin ID="P33_RM00001" HPOS="2207" VPOS="338" WIDTH="211" HEIGHT="2737"/>
			<BottomMargin ID="P33_BM00001" HPOS="0" VPOS="3075" WIDTH="2418" HEIGHT="410"/>
			<PrintSpace ID="P33_PS00001" HPOS="51" VPOS="338" WIDTH="2157" HEIGHT="2737">
				<TextBlock ID="P33_TB00001" HPOS="356" VPOS="338" WIDTH="1501" HEIGHT="143" STYLEREFS="TXT_0 PAR_CENTER">
					<TextLine ID="P33_TL00001" HPOS="356" VPOS="338" WIDTH="1501" HEIGHT="142">
						<String ID="P33_ST00001" HPOS="356" VPOS="338" WIDTH="485" HEIGHT="142" CONTENT="NOTES" WC="0.97" CC="61036"/>
						<SP ID="P33_SP00001" HPOS="841" VPOS="480" WIDTH="61"/>
						<String ID="P33_ST00002" HPOS="902" VPOS="338" WIDTH="188" HEIGHT="137" CONTENT="ET" WC="0.71" CC="22" STYLEREFS="TXT_1"/>
						<SP ID="P33_SP00002" HPOS="1090" VPOS="480" WIDTH="64"/>
						<String ID="P33_ST00003" HPOS="1154" VPOS="338" WIDTH="703" HEIGHT="142" CONTENT="NOTULES" WC="0.98" CC="7004026"/>
					</TextLine>
				</TextBlock>
				<TextBlock ID="P33_TB00002" HPOS="56" VPOS="1302" WIDTH="2149" HEIGHT="180" STYLEREFS="TXT_2 PAR_LEFT">
					<TextLine ID="P33_TL00002" HPOS="130" VPOS="1302" WIDTH="2075" HEIGHT="84">
						<String ID="P33_ST00004" HPOS="130" VPOS="1306" WIDTH="255" HEIGHT="71" CONTENT="Berlin," WC="0.98" CC="7002087"/>
						<SP ID="P33_SP00003" HPOS="385" VPOS="1377" WIDTH="66"/>
						<String ID="P33_ST00005" HPOS="451" VPOS="1302" WIDTH="80" HEIGHT="60" CONTENT="24" WC="0.27" CC="94"/>
						<SP ID="P33_SP00004" HPOS="531" VPOS="1377" WIDTH="45"/>
						<String ID="P33_ST00006" HPOS="576" VPOS="1302" WIDTH="262" HEIGHT="84" CONTENT="avril." WC="1.00" CC="065013"/>
						<SP ID="P33_SP00005" HPOS="838" VPOS="1386" WIDTH="44"/>
						<String ID="P33_ST00007" HPOS="882" VPOS="1302" WIDTH="43" HEIGHT="84" CONTENT="-" WC="0.98" CC="0"/>
						<SP ID="P33_SP00006" HPOS="925" VPOS="1386" WIDTH="44"/>
						<String ID="P33_ST00008" HPOS="969" VPOS="1302" WIDTH="87" HEIGHT="84" CONTENT="Le" WC="0.67" CC="50"/>
						<SP ID="P33_SP00007" HPOS="1056" VPOS="1386" WIDTH="47"/>
						<String ID="P33_ST00009" HPOS="1103" VPOS="1325" WIDTH="312" HEIGHT="44" CONTENT="nouveau" WC="0.98" CC="0466007"/>
						<SP ID="P33_SP00008" HPOS="1415" VPOS="1386" WIDTH="57"/>
						<String ID="P33_ST00010" HPOS="1472" VPOS="1306" WIDTH="245" HEIGHT="80" CONTENT="député" WC="0.98" CC="557025"/>
						<SP ID="P33_SP00009" HPOS="1717" VPOS="1386" WIDTH="65"/>
						<String ID="P33_ST00011" HPOS="1782" VPOS="1309" WIDTH="423" HEIGHT="63" CONTENT="antisémiste" WC="0.75" CC="07004520501"/>
					</TextLine>
					<TextLine ID="P33_TL00003" HPOS="56" VPOS="1383" WIDTH="1397" HEIGHT="84">
						<String ID="P33_ST00012" HPOS="56" VPOS="1383" WIDTH="429" HEIGHT="69" CONTENT="Pichenbach" WC="0.55" CC="7007267066"/>
						<SP ID="P33_SP00010" HPOS="485" VPOS="1452" WIDTH="30"/>
						<String ID="P33_ST00013" HPOS="515" VPOS="1385" WIDTH="100" HEIGHT="59" CONTENT="est" WC="0.98" CC="050"/>
						<SP ID="P33_SP00011" HPOS="615" VPOS="1452" WIDTH="27"/>
						<String ID="P33_ST00014" HPOS="642" VPOS="1387" WIDTH="357" HEIGHT="75" CONTENT="poursuivi" WC="0.99" CC="740050001"/>
						<SP ID="P33_SP00012" HPOS="999" VPOS="1462" WIDTH="26"/>
						<String ID="P33_ST00015" HPOS="1025" VPOS="1406" WIDTH="173" HEIGHT="61" CONTENT="pour" WC="1.00" CC="0000"/>
						<SP ID="P33_SP00013" HPOS="1198" VPOS="1467" WIDTH="28"/>
						<String ID="P33_ST00016" HPOS="1226" VPOS="1406" WIDTH="227" HEIGHT="43" CONTENT="usure." WC="0.99" CC="070034"/>
					</TextLine>
				</TextBlock>
				<TextBlock ID="P33_TB00003" HPOS="133" VPOS="1685" WIDTH="2071" HEIGHT="220" STYLEREFS="TXT_2 PAR_LEFT">
					<TextLine ID="P33_TL00004" HPOS="133" VPOS="1710" WIDTH="385" HEIGHT="63">
						<String ID="P33_ST00017" HPOS="133" VPOS="1711" WIDTH="130" HEIGHT="62" CONTENT="Sur" WC="0.92" CC="676"/>
						<SP ID="P33_SP00014" HPOS="263" VPOS="1773" WIDTH="23"/>
						<String ID="P33_ST00018" HPOS="286" VPOS="1712" WIDTH="62" HEIGHT="60" CONTENT="le" WC="0.84" CC="30"/>
						<SP ID="P33_SP00015" HPOS="348" VPOS="1773" WIDTH="29"/>
						<String ID="P33_ST00019" HPOS="377" VPOS="1710" WIDTH="102" HEIGHT="62" CONTENT="vif" WC="0.96" CC="603"/>
						<SP ID="P33_SP00016" HPOS="479" VPOS="1773" WIDTH="28"/>
						<String ID="P33_ST00020" HPOS="507" VPOS="1730" WIDTH="11" HEIGHT="40" CONTENT=":" WC="0.61" CC="3"/>
					</TextLine>
					<TextLine ID="P33_TL00005" HPOS="134" VPOS="1791" WIDTH="2070" HEIGHT="80">
						<String ID="P33_ST00021" HPOS="134" VPOS="1813" WIDTH="28" HEIGHT="38" CONTENT="«" WC="0.89" CC="1"/>
						<SP ID="P33_SP00017" HPOS="162" VPOS="1851" WIDTH="50"/>
						<String ID="P33_ST00022" HPOS="212" VPOS="1791" WIDTH="361" HEIGHT="80" CONTENT="Chauffage" WC="0.98" CC="772711550"/>
						<SP ID="P33_SP00018" HPOS="573" VPOS="1871" WIDTH="53"/>
						<String ID="P33_ST00023" HPOS="626" VPOS="1791" WIDTH="436" HEIGHT="80" CONTENT="économique" WC="0.98" CC="2664402673"/>
						<SP ID="P33_SP00019" HPOS="1062" VPOS="1871" WIDTH="44"/>
						<String ID="P33_ST00024" HPOS="1106" VPOS="1791" WIDTH="43" HEIGHT="80" CONTENT="-" WC="0.98" CC="0"/>
						<SP ID="P33_SP00020" HPOS="1149" VPOS="1871" WIDTH="44"/>
						<String ID="P33_ST00025" HPOS="1193" VPOS="1791" WIDTH="175" HEIGHT="80" CONTENT="117," WC="0.41" CC="4774"/>
						<SP ID="P33_SP00021" HPOS="1368" VPOS="1871" WIDTH="55"/>
						<String ID="P33_ST00026" HPOS="1423" VPOS="1809" WIDTH="119" HEIGHT="44" CONTENT="rue" WC="0.97" CC="601"/>
						<SP ID="P33_SP00022" HPOS="1542" VPOS="1871" WIDTH="37"/>
						<String ID="P33_ST00027" HPOS="1579" VPOS="1794" WIDTH="79" HEIGHT="58" CONTENT="de" WC="0.65" CC="60"/>
						<SP ID="P33_SP00023" HPOS="1658" VPOS="1871" WIDTH="50"/>
						<String ID="P33_ST00028" HPOS="1708" VPOS="1794" WIDTH="66" HEIGHT="59" CONTENT="la" WC="0.87" CC="20"/>
						<SP ID="P33_SP00024" HPOS="1774" VPOS="1871" WIDTH="33"/>
						<String ID="P33_ST00029" HPOS="1807" VPOS="1792" WIDTH="327" HEIGHT="64" CONTENT="Glacière." WC="0.98" CC="700647673"/>
						<SP ID="P33_SP00025" HPOS="2134" VPOS="1871" WIDTH="39"/>
						<String ID="P33_ST00030" HPOS="2173" VPOS="1815" WIDTH="31" HEIGHT="35" CONTENT="»" WC="0.56" CC="4"/>
					</TextLine>
				</TextBlock>
				<TextBlock ID="P33_TB00004" HPOS="53" VPOS="2109" WIDTH="2154" HEIGHT="242" STYLEREFS="TXT_2 PAR_LEFT">
					<TextLine ID="P33_TL00006" HPOS="129" VPOS="2110" WIDTH="2076" HEIGHT="79">
						<String ID="P33_ST00031" HPOS="129" VPOS="2117" WIDTH="92" HEIGHT="59" CONTENT="Le" WC="0.73" CC="50"/>
						<SP ID="P33_SP00026" HPOS="221" VPOS="2176" WIDTH="33"/>
						<String ID="P33_ST00032" HPOS="254" VPOS="2114" WIDTH="182" HEIGHT="61" CONTENT="Petit" WC="0.98" CC="40027"/>
						<SP ID="P33_SP00027" HPOS="436" VPOS="2176" WIDTH="27"/>
						<String ID="P33_ST00033" HPOS="463" VPOS="2112" WIDTH="306" HEIGHT="73" CONTENT="Journal," WC="0.98" CC="56063057"/>
						<SP ID="P33_SP00028" HPOS="769" VPOS="2185" WIDTH="37"/>
						<String ID="P33_ST00034" HPOS="806" VPOS="2129" WIDTH="81" HEIGHT="43" CONTENT="en" WC="0.78" CC="40"/>
						<SP ID="P33_SP00029" HPOS="887" VPOS="2185" WIDTH="38"/>
						<String ID="P33_ST00035" HPOS="925" VPOS="2110" WIDTH="377" HEIGHT="79" CONTENT="titaniques" WC="0.96" CC="3000509756"/>
						<SP ID="P33_SP00030" HPOS="1302" VPOS="2189" WIDTH="29"/>
						<String ID="P33_ST00036" HPOS="1331" VPOS="2110" WIDTH="285" HEIGHT="61" CONTENT="affiches" WC="0.98" CC="03505706"/>
						<SP ID="P33_SP00031" HPOS="1616" VPOS="2189" WIDTH="49"/>
						<String ID="P33_ST00037" HPOS="1665" VPOS="2111" WIDTH="322" HEIGHT="75" CONTENT="murales," WC="0.99" CC="66000074"/>
						<SP ID="P33_SP00032" HPOS="1987" VPOS="2189" WIDTH="34"/>
						<String ID="P33_ST00038" HPOS="2021" VPOS="2111" WIDTH="184" HEIGHT="78" CONTENT="porte" WC="0.98" CC="05061"/>
					</TextLine>
					<TextLine ID="P33_TL00007" HPOS="53" VPOS="2190" WIDTH="2152" HEIGHT="82">
						<String ID="P33_ST00039" HPOS="53" VPOS="2214" WIDTH="123" HEIGHT="43" CONTENT="son" WC="0.97" CC="008"/>
						<SP ID="P33_SP00033" HPOS="176" VPOS="2257" WIDTH="52"/>
						<String ID="P33_ST00040" HPOS="228" VPOS="2196" WIDTH="209" HEIGHT="76" CONTENT="tirage" WC="0.98" CC="006090"/>
						<SP ID="P33_SP00034" HPOS="437" VPOS="2272" WIDTH="52"/>
						<String ID="P33_ST00041" HPOS="489" VPOS="2194" WIDTH="351" HEIGHT="77" CONTENT="quotidien" WC="0.99" CC="062000320"/>
						<SP ID="P33_SP00035" HPOS="840" VPOS="2272" WIDTH="57"/>
						<String ID="P33_ST00042" HPOS="897" VPOS="2192" WIDTH="80" HEIGHT="60" CONTENT="de" WC="0.80" CC="03"/>
						<SP ID="P33_SP00036" HPOS="977" VPOS="2272" WIDTH="56"/>
						<String ID="P33_ST00043" HPOS="1033" VPOS="2190" WIDTH="269" HEIGHT="75" CONTENT="950,000" WC="0.49" CC="7450565"/>
						<SP ID="P33_SP00037" HPOS="1302" VPOS="2272" WIDTH="41"/>
						<String ID="P33_ST00044" HPOS="1343" VPOS="2209" WIDTH="37" HEIGHT="42" CONTENT="a" WC="1.00" CC="0"/>
						<SP ID="P33_SP00038" HPOS="1380" VPOS="2272" WIDTH="58"/>
						<String ID="P33_ST00045" HPOS="1438" VPOS="2208" WIDTH="102" HEIGHT="44" CONTENT="un" WC="0.23" CC="77" STYLEREFS="TXT_3"/>
						<SP ID="P33_SP00039" HPOS="1540" VPOS="2272" WIDTH="47"/>
						<String ID="P33_ST00046" HPOS="1587" VPOS="2190" WIDTH="288" HEIGHT="82" CONTENT="million" WC="0.98" CC="5600463" STYLEREFS="TXT_3"/>
						<SP ID="P33_SP00040" HPOS="1875" VPOS="2272" WIDTH="41"/>
						<String ID="P33_ST00047" HPOS="1916" VPOS="2190" WIDTH="42" HEIGHT="82" CONTENT="-" WC="0.98" CC="0"/>
						<SP ID="P33_SP00041" HPOS="1958" VPOS="2272" WIDTH="41"/>
						<String ID="P33_ST00048" HPOS="1999" VPOS="2190" WIDTH="206" HEIGHT="82" CONTENT="voila" WC="0.99" CC="04220"/>
					</TextLine>
					<TextLine ID="P33_TL00008" HPOS="54" VPOS="2274" WIDTH="645" HEIGHT="77">
						<String ID="P33_ST00049" HPOS="54" VPOS="2279" WIDTH="89" HEIGHT="59" CONTENT="M." WC="0.69" CC="32"/>
						<SP ID="P33_SP00042" HPOS="143" VPOS="2338" WIDTH="38"/>
						<String ID="P33_ST00050" HPOS="181" VPOS="2276" WIDTH="157" HEIGHT="60" CONTENT="Zola" WC="0.97" CC="9110"/>
						<SP ID="P33_SP00043" HPOS="338" VPOS="2338" WIDTH="46"/>
						<String ID="P33_ST00051" HPOS="384" VPOS="2274" WIDTH="315" HEIGHT="77" CONTENT="rattrapé." WC="0.99" CC="440140004"/>
					</TextLine>
				</TextBlock>
				<TextBlock ID="P33_TB00005" HPOS="51" VPOS="2588" WIDTH="2157" HEIGHT="487" STYLEREFS="TXT_2 PAR_BLOCK">
					<TextLine ID="P33_TL00009" HPOS="131" VPOS="2588" WIDTH="2077" HEIGHT="81">
						<String ID="P33_ST00052" HPOS="131" VPOS="2596" WIDTH="191" HEIGHT="60" CONTENT="Dans" WC="0.97" CC="6006"/>
						<SP ID="P33_SP00044" HPOS="322" VPOS="2656" WIDTH="44"/>
						<String ID="P33_ST00053" HPOS="366" VPOS="2595" WIDTH="65" HEIGHT="60" CONTENT="la" WC="1.00" CC="00"/>
						<SP ID="P33_SP00045" HPOS="431" VPOS="2656" WIDTH="53"/>
						<String ID="P33_ST00054" HPOS="484" VPOS="2600" WIDTH="233" HEIGHT="55" CONTENT="Revue" WC="0.96" CC="62866" STYLEREFS="TXT_3"/>
						<SP ID="P33_SP00046" HPOS="717" VPOS="2656" WIDTH="64"/>
						<String ID="P33_ST00055" HPOS="781" VPOS="2594" WIDTH="521" HEIGHT="71" CONTENT="Indépendante" WC="0.99" CC="074560750700" STYLEREFS="TXT_3"/>
						<SP ID="P33_SP00047" HPOS="1302" VPOS="2665" WIDTH="62"/>
						<String ID="P33_ST00056" HPOS="1364" VPOS="2590" WIDTH="209" HEIGHT="79" CONTENT="(mars" WC="1.00" CC="40000"/>
						<SP ID="P33_SP00048" HPOS="1573" VPOS="2669" WIDTH="54"/>
						<String ID="P33_ST00057" HPOS="1627" VPOS="2588" WIDTH="91" HEIGHT="81" CONTENT="90" WC="0.86" CC="20"/>
						<SP ID="P33_SP00049" HPOS="1718" VPOS="2669" WIDTH="45"/>
						<String ID="P33_ST00058" HPOS="1763" VPOS="2588" WIDTH="46" HEIGHT="81" CONTENT="-" WC="0.98" CC="0"/>
						<SP ID="P33_SP00050" HPOS="1809" VPOS="2669" WIDTH="45"/>
						<String ID="P33_ST00059" HPOS="1854" VPOS="2588" WIDTH="227" HEIGHT="81" CONTENT="parue" WC="0.97" CC="80570"/>
						<SP ID="P33_SP00051" HPOS="2081" VPOS="2669" WIDTH="67"/>
						<String ID="P33_ST00060" HPOS="2148" VPOS="2588" WIDTH="60" HEIGHT="60" CONTENT="le" WC="0.87" CC="20"/>
					</TextLine>
					<TextLine ID="P33_TL00010" HPOS="51" VPOS="2671" WIDTH="2157" HEIGHT="81">
						<String ID="P33_ST00061" HPOS="51" VPOS="2676" WIDTH="80" HEIGHT="62" CONTENT="22" WC="0.01" CC="99"/>
						<SP ID="P33_SP00052" HPOS="131" VPOS="2738" WIDTH="31"/>
						<String ID="P33_ST00062" HPOS="162" VPOS="2675" WIDTH="193" HEIGHT="77" CONTENT="avril)" WC="0.99" CC="006042"/>
						<SP ID="P33_SP00053" HPOS="355" VPOS="2752" WIDTH="47"/>
						<String ID="P33_ST00063" HPOS="402" VPOS="2693" WIDTH="94" HEIGHT="42" CONTENT="un" WC="0.60" CC="07"/>
						<SP ID="P33_SP00054" HPOS="496" VPOS="2752" WIDTH="47"/>
						<String ID="P33_ST00064" HPOS="543" VPOS="2675" WIDTH="287" HEIGHT="76" CONTENT="critique" WC="0.99" CC="50020071"/>
						<SP ID="P33_SP00055" HPOS="830" VPOS="2752" WIDTH="35"/>
						<String ID="P33_ST00065" HPOS="865" VPOS="2674" WIDTH="193" HEIGHT="73" CONTENT="d'art," WC="0.99" CC="016004"/>
						<SP ID="P33_SP00056" HPOS="1058" VPOS="2752" WIDTH="55"/>
						<String ID="P33_ST00066" HPOS="1113" VPOS="2691" WIDTH="84" HEIGHT="42" CONTENT="au" WC="0.77" CC="04"/>
						<SP ID="P33_SP00057" HPOS="1197" VPOS="2752" WIDTH="44"/>
						<String ID="P33_ST00067" HPOS="1241" VPOS="2674" WIDTH="202" HEIGHT="59" CONTENT="sortir" WC="0.99" CC="440000"/>
						<SP ID="P33_SP00058" HPOS="1443" VPOS="2752" WIDTH="43"/>
						<String ID="P33_ST00068" HPOS="1486" VPOS="2674" WIDTH="79" HEIGHT="59" CONTENT="de" WC="1.00" CC="00"/>
						<SP ID="P33_SP00059" HPOS="1565" VPOS="2752" WIDTH="51"/>
						<String ID="P33_ST00069" HPOS="1616" VPOS="2671" WIDTH="429" HEIGHT="78" CONTENT="ľexposition" WC="1.00" CC="00605600047"/>
						<SP ID="P33_SP00060" HPOS="2045" VPOS="2752" WIDTH="32"/>
						<String ID="P33_ST00070" HPOS="2077" VPOS="2686" WIDTH="131" HEIGHT="44" CONTENT="van" WC="1.00" CC="000"/>
					</TextLine>
					<TextLine ID="P33_TL00011" HPOS="54" VPOS="2752" WIDTH="2136" HEIGHT="84">
						<String ID="P33_ST00071" HPOS="54" VPOS="2758" WIDTH="198" HEIGHT="78" CONTENT="gogh," WC="0.83" CC="03004"/>
						<SP ID="P33_SP00061" HPOS="252" VPOS="2836" WIDTH="60"/>
						<String ID="P33_ST00072" HPOS="312" VPOS="2755" WIDTH="228" HEIGHT="61" CONTENT="s'écrie" WC="0.99" CC="6002005"/>
						<SP ID="P33_SP00062" HPOS="540" VPOS="2836" WIDTH="59"/>
						<String ID="P33_ST00073" HPOS="599" VPOS="2774" WIDTH="11" HEIGHT="39" CONTENT=":" WC="0.72" CC="2"/>
						<SP ID="P33_SP00063" HPOS="610" VPOS="2836" WIDTH="55"/>
						<String ID="P33_ST00074" HPOS="665" VPOS="2775" WIDTH="29" HEIGHT="36" CONTENT="«" WC="0.97" CC="0"/>
						<SP ID="P33_SP00064" HPOS="694" VPOS="2836" WIDTH="53"/>
						<String ID="P33_ST00075" HPOS="747" VPOS="2754" WIDTH="88" HEIGHT="61" CONTENT="M." WC="0.83" CC="03"/>
						<SP ID="P33_SP00065" HPOS="835" VPOS="2836" WIDTH="56"/>
						<String ID="P33_ST00076" HPOS="891" VPOS="2754" WIDTH="270" HEIGHT="61" CONTENT="Pissaro" WC="0.74" CC="0066005"/>
						<SP ID="P33_SP00066" HPOS="1161" VPOS="2836" WIDTH="57"/>
						<String ID="P33_ST00077" HPOS="1218" VPOS="2754" WIDTH="170" HEIGHT="59" CONTENT="n'est" WC="0.98" CC="04460"/>
						<SP ID="P33_SP00067" HPOS="1388" VPOS="2836" WIDTH="49"/>
						<String ID="P33_ST00078" HPOS="1437" VPOS="2770" WIDTH="123" HEIGHT="61" CONTENT="pas" WC="1.00" CC="000"/>
						<SP ID="P33_SP00068" HPOS="1560" VPOS="2836" WIDTH="46"/>
						<String ID="P33_ST00079" HPOS="1606" VPOS="2752" WIDTH="358" HEIGHT="61" CONTENT="l'écervelé" WC="0.91" CC="0007000000" STYLEREFS="TXT_3"/>
						<SP ID="P33_SP00069" HPOS="1964" VPOS="2836" WIDTH="44"/>
						<String ID="P33_ST00080" HPOS="2008" VPOS="2752" WIDTH="182" HEIGHT="84" CONTENT="lunatique," WC="0.98" CC="3506776708" STYLEREFS="TXT_3"/>
						<SP ID="P33_SP00070" HPOS="2190" VPOS="2836" WIDTH="0"/>
					</TextLine>
					<TextLine ID="P33_TL00012" HPOS="51" VPOS="2752" WIDTH="2119" HEIGHT="64">
						<String ID="P33_ST00081" HPOS="51" VPOS="2752" WIDTH="76" HEIGHT="64" CONTENT="en" WC="1.00" CC="00" STYLEREFS="TXT_3"/>
						<SP ID="P33_SP00071" HPOS="127" VPOS="2816" WIDTH="38"/>
						<String ID="P33_ST00082" HPOS="165" VPOS="2752" WIDTH="265" HEIGHT="64" CONTENT="béguine" WC="0.98" CC="8705440" STYLEREFS="TXT_3"/>
						<SP ID="P33_SP00072" HPOS="430" VPOS="2816" WIDTH="38"/>
						<String ID="P33_ST00083" HPOS="468" VPOS="2752" WIDTH="189" HEIGHT="64" CONTENT="(sic)" WC="0.98" CC="06040"/>
						<SP ID="P33_SP00073" HPOS="657" VPOS="2816" WIDTH="38"/>
						<String ID="P33_ST00084" HPOS="695" VPOS="2752" WIDTH="151" HEIGHT="64" CONTENT="sans" WC="0.97" CC="6006"/>
						<SP ID="P33_SP00074" HPOS="846" VPOS="2816" WIDTH="38"/>
						<String ID="P33_ST00085" HPOS="884" VPOS="2752" WIDTH="189" HEIGHT="64" CONTENT="cesse" WC="0.98" CC="00550"/>
						<SP ID="P33_SP00075" HPOS="1073" VPOS="2816" WIDTH="38"/>
						<String ID="P33_ST00086" HPOS="1111" VPOS="2752" WIDTH="76" HEIGHT="64" CONTENT="de" WC="1.00" CC="00"/>
						<SP ID="P33_SP00076" HPOS="1187" VPOS="2816" WIDTH="38"/>
						<String ID="P33_ST00087" HPOS="1225" VPOS="2752" WIDTH="302" HEIGHT="64" CONTENT="toquades" WC="0.99" CC="52580002" STYLEREFS="TXT_3"/>
						<SP ID="P33_SP00077" HPOS="1527" VPOS="2816" WIDTH="38"/>
						<String ID="P33_ST00088" HPOS="1565" VPOS="2752" WIDTH="76" HEIGHT="64" CONTENT="et" WC="0.69" CC="06" STYLEREFS="TXT_3"/>
						<SP ID="P33_SP00078" HPOS="1641" VPOS="2816" WIDTH="38"/>
						<String ID="P33_ST00089" HPOS="1679" VPOS="2752" WIDTH="75" HEIGHT="64" CONTENT="de" WC="1.00" CC="00" STYLEREFS="TXT_3"/>
						<SP ID="P33_SP00079" HPOS="1754" VPOS="2816" WIDTH="38"/>
						<String ID="P33_ST00090" HPOS="1792" VPOS="2752" WIDTH="378" HEIGHT="64" CONTENT="fantaisies" WC="0.99" CC="3004045505" STYLEREFS="TXT_3"/>
						<SP ID="P33_SP00080" HPOS="2170" VPOS="2816" WIDTH="0"/>
					</TextLine>
					<TextLine ID="P33_TL00013" HPOS="51" VPOS="2752" WIDTH="2157" HEIGHT="64">
						<String ID="P33_ST00091" HPOS="51" VPOS="2752" WIDTH="527" HEIGHT="64" CONTENT="absurdes..." WC="0.98" CC="88577002667" STYLEREFS="TXT_3"/>
						<SP ID="P33_SP00081" HPOS="578" VPOS="2816" WIDTH="48"/>
						<String ID="P33_ST00092" HPOS="626" VPOS="2752" WIDTH="144" HEIGHT="64" CONTENT="que" WC="1.00" CC="000" STYLEREFS="TXT_3"/>
						<SP ID="P33_SP00082" HPOS="770" VPOS="2816" WIDTH="48"/>
						<String ID="P33_ST00093" HPOS="818" VPOS="2752" WIDTH="192" HEIGHT="64" CONTENT="nous" WC="0.97" CC="6063" STYLEREFS="TXT_3"/>
						<SP ID="P33_SP00083" HPOS="1010" VPOS="2816" WIDTH="48"/>
						<String ID="P33_ST00094" HPOS="1058" VPOS="2752" WIDTH="240" HEIGHT="64" CONTENT="avons" WC="0.98" CC="05054" STYLEREFS="TXT_3"/>
						<SP ID="P33_SP00084" HPOS="1298" VPOS="2816" WIDTH="48"/>
						<String ID="P33_ST00095" HPOS="1346" VPOS="2752" WIDTH="287" HEIGHT="64" CONTENT="cru..." WC="0.97" CC="758443" STYLEREFS="TXT_3"/>
						<SP ID="P33_SP00085" HPOS="1633" VPOS="2816" WIDTH="96"/>
						<String ID="P33_ST00096" HPOS="1729" VPOS="2752" WIDTH="239" HEIGHT="64" CONTENT="bien," WC="0.98" CC="70304"/>
						<SP ID="P33_SP00086" HPOS="1968" VPOS="2816" WIDTH="48"/>
						<String ID="P33_ST00097" HPOS="2016" VPOS="2752" WIDTH="192" HEIGHT="64" CONTENT="mais" WC="0.98" CC="1006"/>
					</TextLine>
					<TextLine ID="P33_TL00014" HPOS="54" VPOS="2994" WIDTH="1769" HEIGHT="81">
						<String ID="P33_ST00098" HPOS="54" VPOS="2999" WIDTH="155" HEIGHT="61" CONTENT="d'où" WC="0.99" CC="0400"/>
						<SP ID="P33_SP00087" HPOS="209" VPOS="3060" WIDTH="29"/>
						<String ID="P33_ST00099" HPOS="238" VPOS="2998" WIDTH="171" HEIGHT="62" CONTENT="cette" WC="0.99" CC="20005"/>
						<SP ID="P33_SP00088" HPOS="409" VPOS="3060" WIDTH="33"/>
						<String ID="P33_ST00100" HPOS="442" VPOS="3013" WIDTH="323" HEIGHT="62" CONTENT="croyance" WC="0.99" CC="40550035"/>
						<SP ID="P33_SP00089" HPOS="765" VPOS="3075" WIDTH="33"/>
						<String ID="P33_ST00101" HPOS="798" VPOS="3013" WIDTH="93" HEIGHT="43" CONTENT="un" WC="0.66" CC="60"/>
						<SP ID="P33_SP00090" HPOS="891" VPOS="3075" WIDTH="22"/>
						<String ID="P33_ST00102" HPOS="913" VPOS="3012" WIDTH="130" HEIGHT="62" CONTENT="peu" WC="0.98" CC="006"/>
						<SP ID="P33_SP00091" HPOS="1043" VPOS="3075" WIDTH="33"/>
						<String ID="P33_ST00103" HPOS="1076" VPOS="2995" WIDTH="451" HEIGHT="61" CONTENT="tardivement" WC="1.00" CC="00500010063"/>
						<SP ID="P33_SP00092" HPOS="1527" VPOS="3075" WIDTH="35"/>
						<String ID="P33_ST00104" HPOS="1562" VPOS="2994" WIDTH="261" HEIGHT="62" CONTENT="abolie?" WC="0.99" CC="0040266"/>
					</TextLine>
				</TextBlock>
			</PrintSpace>
		</Page>
	</Layout>
</alto>
