2403 3352
862 474 0 1 r
862 474 0 1 t
865 474 3 1 •
965 474 5 1 »

862 485 6 3 ,
1002 474 17 11 r.

689 706 330 64 CHEMIN
1063 704 119 63 DE
1223 704 172 61 FER
1433 704 120 61 DE
1596 701 239 61 L'EST

635 1133 465 104 VOYAGES
1173 1131 729 99 D'EXCURSION

356 1265 25 33 \
807 1274 5 5 '
992 1265 2 47 '
1493 1265 3 47 '
1554 1271 20 41 j
1718 1296 12 7 .
1940 1281 21 22 7

1344 1390 8 11 è
1519 1389 3 17 ,
1536 1389 19 17 T*'

363 1451 209 56 Avec
638 1444 421 61 itinéraires
1130 1446 240 58 tracés
1444 1444 377 75 d'avance,
1895 1458 91 45 au
2043 1442 136 76 gré

961 1568 127 61 des
1130 1583 455 61 voyageurs.

288 1830 94 60 La
411 1830 398 77 Compagnie
843 1830 116 60 des
992 1829 315 62 Chemins
1348 1829 80 59 de
1473 1826 100 61 fer
1604 1829 78 58 de
1713 1826 169 61 l'Est
1914 1826 251 61 délivre
2193 1844 156 61 pen-

211 1910 158 58 dant
391 1910 183 58 toute
599 1909 278 72 l'année,
922 1909 117 59 des
1080 1909 227 61 billets
1351 1907 37 59 à
1426 1907 149 77 prix
1619 1906 258 60 réduits
1919 1906 80 60 de
2032 1909 30 57 l
2071 1918 47 30 re
2124 1953 17 27 ,
2174 1907 38 61 2
2216 1918 21 30 e
2263 1923 86 44 ou

209 1989 37 58 3
249 1998 22 30 e
318 1987 210 60 classe
575 2005 168 60 pour
791 1989 118 59 des
950 2004 288 62 voyages
1285 1987 419 60 d'excursion
1755 2003 118 42 sur
1917 1986 99 60 les
2065 1986 288 61 réseaux

213 2067 79 60 de
317 2066 189 74 l'Est,
536 2067 78 60 de
640 2067 221 74 l'Etat,
890 2067 89 60 du
1006 2067 190 74 Midi,
1230 2067 92 60 du
1350 2066 207 74 Nord,
1592 2066 370 74 d'Orléans,
1992 2067 80 59 de
2098 2066 258 61 l'Ouest

213 2147 64 59 et
302 2145 81 61 de
411 2146 189 60 Paris
644 2146 36 59 à
722 2146 190 76 Lyon
957 2147 64 59 et
1065 2146 37 60 à
1149 2146 65 60 la
1260 2145 472 60 Méditerranée
1782 2163 156 42 avec
1978 2145 376 61 itinéraires

211 2225 213 62 tracés
438 2226 306 60 d'avance
762 2243 84 43 au
870 2226 109 78 gré
1003 2226 118 61 des
1147 2241 370 64 voyageurs
1541 2226 815 78 etpouvantcomprendre

212 2306 99 60 les
326 2305 213 79 lignes
555 2305 157 60 d'un
725 2305 145 60 seul
893 2323 82 42 ou
1000 2305 80 60 de
1101 2305 339 77 plusieurs
1464 2305 889 77 desréseauxparticipants.

293 2385 130 61 Les
442 2385 372 60 itinéraires
838 2387 149 58 sont
1017 2385 235 60 établis
1276 2403 119 58 par
1425 2384 97 59 les
1543 2401 373 61 voyageurs
1940 2385 417 61 eux-mêmes

217 2464 170 59 mais
419 2464 80 59 de
536 2462 290 61 manière
862 2462 316 61 toutefois
1224 2464 36 58 à
1301 2464 98 59 les
1440 2479 306 44 ramener
1794 2465 37 57 à
1874 2462 148 61 leur
2058 2464 187 77 point
2278 2464 80 61 de

221 2542 250 78 départ.

299 2648 129 61 Les
457 2646 226 63 billets
706 2650 292 76 peuvent
1025 2649 134 60 être
1187 2649 413 61 individuels
1627 2667 85 42 ou
1745 2648 343 62 collectifs

301 2754 90 60 Le
414 2753 357 62 minimum
799 2754 90 60 du
912 2771 315 61 parcours
1257 2757 102 60 est
1385 2756 80 61 de
1491 2756 119 62 300
1634 2754 405 64 kilomètres.
