2634 3853
1265 451 79 60 43

219 597 132 64 que
384 582 65 61 la
480 601 148 43 race
662 584 119 61 des
830 584 360 61 Germains
1242 586 353 61 s'étendra,
1641 586 159 59 c'est
1843 587 166 60 donc
2041 587 338 61 l'ennemi.

299 663 96 61 La
417 664 413 79 perpétuelle
856 666 172 59 lutte
1059 667 119 60 des
1209 667 334 60 Barbares
1570 667 37 58 à
1635 667 274 60 l'assaut
1938 668 118 60 des
2082 670 301 59 derniers

220 743 230 61 débris
489 746 80 59 de
609 746 299 77 l'empire
953 747 256 58 romain
1255 747 302 60 s'achève
1602 747 399 61 seulement.
2040 750 140 59 Des
2209 748 140 61 fron-

216 826 206 61 tières
468 828 114 59 ont
629 827 100 60 été
776 826 324 73 reculées,
1139 828 120 59 des
1301 845 195 42 noms
1538 827 366 77 régionaux
1952 830 311 61 modifiés
2298 847 82 44 ou

220 907 348 74 travestis,
601 908 119 60 des
764 907 260 60 armées
1067 908 370 73 anéanties,
1489 908 118 59 des
1649 908 280 78 peuples
1973 910 306 61 enfantés
2321 915 63 57 et

221 988 248 73 abolis;
502 1006 173 42 nous
714 988 151 60 n'en
908 990 407 59 demeurons
1345 1006 123 60 pas
1499 990 221 59 moins
1753 1007 232 42 encore
2018 992 98 60 les
2149 993 236 59 Latins

223 1070 119 59 des
367 1068 273 61 anciens
664 1068 157 78 âges
850 1070 320 59 résistant
1198 1086 133 43 aux
1358 1070 348 59 invasions
1730 1072 472 76 germaniques
2224 1073 160 60 dont

219 1150 101 61 les
333 1150 249 59 Francs
604 1152 551 59 avant-coureurs
1179 1167 173 44 nous
1377 1150 424 78 apportèrent
1821 1151 100 60 les
1942 1153 443 60 audacieuses

219 1230 381 62 brutalités.
633 1230 412 75 Seulement,
1081 1233 37 58 à
1150 1233 169 59 cette
1353 1232 327 78 première
1715 1235 372 71 rencontre,
2117 1233 60 60 le
2202 1235 147 58 vain-

223 1329 217 59 queur
471 1329 70 42 se
574 1311 206 60 laissa
822 1312 321 60 absorber
1176 1329 121 61 par
1325 1312 61 60 le
1429 1312 241 60 vaincu
1697 1330 11 41 :
1754 1312 65 60 la
1851 1312 384 79 francisque
2267 1315 118 59 des

224 1392 498 78 Mérovingiens
753 1392 327 61 s'abaissa
1108 1393 245 60 devant
1387 1392 64 60 la
1484 1392 403 78 dialectique
1922 1393 118 60 des
2068 1393 317 80 Grégoire

224 1473 79 61 de
333 1473 248 73 Tours;
620 1472 61 61 le
715 1473 283 61 Gaulois
1029 1475 330 77 phraseur
1401 1476 65 58 et
1499 1475 103 77 gai
1637 1475 162 59 dont
1832 1492 69 42 se
1937 1479 323 73 moquent
2285 1476 100 60 les

221 1553 691 61 historiensdeßome
943 1572 240 42 amusa
1211 1571 120 43 son
1362 1557 264 70 maître,
1647 1553 741 74 l'adoucit,l'endormit

224 1635 167 59 dans
409 1635 59 59 le
501 1633 327 63 bien-être
864 1636 79 60 de
974 1654 74 42 sa
1076 1636 409 60 civilisation
1515 1654 169 59 pour
1713 1635 61 59 le
1802 1637 430 76 reconquérir
2255 1655 129 60 peu

224 1715 37 61 à
290 1733 129 60 peu
450 1733 80 43 en
564 1719 325 74 opposant
916 1734 86 42 au
1038 1716 174 61 droit
1245 1717 234 76 acquis
1512 1734 118 59 par
1659 1716 230 77 l'épée,
1924 1715 61 62 le
2020 1717 174 61 droit
2227 1717 161 61 écrit

225 1797 80 59 de
334 1796 367 61 Justinien.
727 1797 266 60 Devant
1026 1816 72 42 ce
1132 1797 208 60 fatras
1372 1799 283 76 copieux
1689 1800 64 57 et
1782 1797 65 59 la
1880 1799 341 59 merveille
2251 1816 92 42 mo-

223 1877 135 60 rale
394 1877 79 60 de
513 1877 370 61 l'ancienne
929 1879 251 78 Eglise,
1228 1879 99 59 les
1373 1879 274 72 Francs,
1698 1879 308 58 mauvais
2037 1877 347 79 logiciens,

225 1975 70 43 se
324 1960 250 71 turent,
604 1959 426 62 bataillèrent
1054 1978 172 61 pour
1249 1959 184 61 leurs
1465 1976 295 44 vassaux
1783 1961 225 59 contre
2035 1960 98 60 les
2162 1962 225 59 autres

223 2039 246 59 hordes
499 2056 256 44 venues
789 2041 91 59 du
911 2042 185 59 Nord
1131 2042 62 59 et
1222 2041 79 60 de
1335 2041 189 74 l'Est,
1561 2040 149 61 leur
1736 2041 487 60 constituèrent
2255 2059 132 42 une

221 2120 235 77 patrie,
485 2136 192 60 pour,
709 2120 60 60 le
791 2121 159 78 jour
977 2124 85 57 où
1092 2121 125 60 elle
1251 2120 104 61 fut
1385 2120 538 61 définitivement
1951 2121 331 73 installée,
2307 2139 80 42 en

224 2201 136 60 être
402 2201 494 76 brusquement
934 2202 409 78 dépossédés
1382 2219 121 60 par
1546 2202 65 59 la
1645 2201 403 61 Révolution
2091 2204 78 58 de
2204 2204 180 72 1789,

224 2281 327 60 revanche
578 2282 90 59 du
689 2282 466 78 gallo-romain
1185 2282 156 60 rusé
1377 2284 62 58 et
1470 2282 255 77 patient
1759 2299 117 42 sur
1901 2281 61 60 le
1985 2282 196 60 noble
2202 2281 183 62 franc

225 2361 348 78 dépourvu
607 2362 80 60 de
719 2362 437 78 prévoyance.

303 2442 104 60 En
433 2442 181 74 vain,
649 2444 36 57 à
714 2444 65 58 la
809 2445 309 60 nouvelle
1152 2444 92 59 du
1283 2442 301 61 désastre
1627 2444 155 58 subi
1813 2461 119 59 par
1961 2442 184 61 leurs
2178 2442 209 61 frères

225 2524 80 59 de
329 2524 277 72 France,
631 2524 98 61 les
764 2525 280 77 peuples
1077 2525 339 79 germains
1448 2542 70 43 se
1550 2525 397 60 coalisèrent
1979 2543 117 59 par
2129 2525 79 60 de
2241 2525 63 58 là
2326 2525 59 60 le

226 2604 206 61 Rhin.
469 2604 143 59 Elle
653 2605 211 72 aussi,
898 2606 64 59 la
993 2605 215 61 Gaule
1255 2605 178 60 avait
1484 2604 175 73 rêvé,
1706 2606 63 59 et
1816 2605 404 77 longtemps,
2267 2623 120 42 son

223 2685 388 60 libérateur.
639 2685 92 61 Le
756 2704 185 43 corse
965 2686 374 79 Bonaparte
1369 2686 216 60 arrêta
1603 2686 98 59 les
1726 2686 259 60 armées
2009 2686 378 78 germaines

226 2766 64 59 et
310 2783 210 42 sauva
540 2765 99 60 les
673 2765 449 62 descendants
1156 2769 118 58 des
1307 2766 229 60 colons
1566 2766 79 60 de
1678 2765 236 61 Rome.
1941 2766 222 73 Alors,
2186 2769 202 75 ayant

224 2846 240 60 réalisé
512 2846 149 60 leur
708 2848 181 59 désir
931 2849 80 60 de
1062 2848 263 73 liberté,
1369 2848 452 77 triomphants
1867 2865 120 60 par
2034 2848 64 59 la
2140 2848 247 77 pensée

223 2926 200 61 écrite
459 2926 80 61 de
572 2928 306 61 Jutinien
924 2929 115 77 qui
1087 2930 178 59 avait
1310 2929 241 58 vaincu
1593 2929 99 58 les
1734 2931 277 58 maîtres
2044 2929 340 72 barbares,

223 3008 100 59 les
355 3005 276 62 Gaulois
670 3008 360 77 phraseurs
1068 3027 70 43 se
1179 3009 320 60 livrèrent
1538 3008 362 61 librement
1942 3009 36 58 à
2008 3009 64 60 la
2098 3009 136 77 joie
2268 3009 119 58 des

225 3089 309 76 disputes
565 3089 555 77 parlementaires
1155 3094 63 57 et
1266 3108 69 42 se
1371 3090 506 60 chamaillèrent
1908 3089 480 77 bruyamment

226 3169 169 60 dans
433 3169 118 60 des
598 3170 287 78 temples
929 3188 209 60 grecs.
1189 3171 175 59 Tout
1413 3171 148 59 l'art
1614 3170 80 60 de
1730 3170 65 60 la
1835 3170 406 73 révolution,
2305 3170 82 59 de

223 3249 326 77 l'empire,
598 3253 304 59 costume
953 3254 63 57 et
1075 3269 283 56 moeurs,
1411 3251 173 60 n'est
1644 3268 128 60 que
1846 3250 426 60 renaissance
2323 3251 65 58 et

224 3330 390 61 réalisation
645 3331 80 60 de
750 3333 431 76 l'esthétique
1214 3334 230 60 latine.
1481 3333 92 59 Ils
1616 3331 331 78 érigèrent
1985 3349 82 43 en
2105 3330 280 61 divinité
