2634 3853
1238 345 76 63 37

271 464 97 61 La
400 466 321 77 stabilité,
755 470 61 61 le
852 473 246 63 silence
1129 478 10 57 !

398 548 247 61 silence
678 550 117 78 cjui
828 553 146 59 dira
1009 572 13 40 :
1063 577 26 34 «
1125 558 189 63 Nous
1356 579 297 50 sommes
1685 571 98 62 les
1821 574 301 77 citoyens
2157 582 200 64 d'une

190 626 24 58 1
250 628 166 62 atiie
442 629 194 75 libre,
668 633 200 59 sortis
901 638 347 63 ensemble
1275 661 118 59 par
1423 665 70 43 ce
1517 649 159 78 jour
1701 653 80 62 de
1808 658 161 74 mai,
2001 665 216 71 parmi
2245 682 110 45 ces

190 722 64 44 ec
279 708 187 62 ifices
513 728 128 60 que
687 728 122 45 nos
862 713 69 61 bi
946 732 73 43 as
1069 723 541 81 construisirent,
1663 750 108 44 ces
1820 736 364 76 boutiques
2227 762 131 45 crue

190 789 189 61 notie
406 789 335 64 industiie
771 794 110 60 sût
914 797 314 77 enrichir,
1265 821 119 44 sur
1413 825 109 43 ces
1554 811 386 68 boulevarts
1968 825 389 62 entretenus

188 886 110 60 pai
327 872 22 57 1
376 875 231 75 aigent
632 875 79 59 de
735 877 187 59 notre
945 878 237 63 labeur
1206 887 191 59 versé
1426 906 84 43 au
1539 892 143 61 lise.
1713 894 189 65 Nous
1926 901 236 63 vivons
2187 906 167 62 dans

190 952 192 61 notie
411 953 197 74 dioit,
650 955 157 60 chez
845 974 195 45 nous.
1084 962 191 63 Nous
1317 966 287 81 frapper,
1644 974 159 63 c'est
1840 986 391 61 commettre
2264 1006 94 42 un

191 1033 232 72 ciime,
487 1051 127 43 une
669 1034 281 65 lâcheté.
1007 1040 190 63 Nous
1257 1046 276 66 n'avons
1599 1053 294 66 d'autres
1953 1079 220 45 armes
2227 1085 131 53 que

191 1114 188 60 notie
406 1114 297 78 loyauté,
740 1134 128 61 que
901 1122 187 61 notie
1122 1127 399 79 souffrance,
1564 1151 129 61 que
1726 1141 188 59 notre
1947 1142 411 79 résignation

193 1193 80 60 de
307 1197 279 75 martys.
627 1198 290 76 Soldats,
962 1218 388 51 serez-vous
1389 1211 100 62 les
1521 1213 385 68 bourreaux
1939 1223 118 61 des
2090 1226 268 66 cirques

191 1274 378 61 anciens?»
2208 1272 22 33 1

271 1355 93 60 Le
393 1355 247 61 silence
670 1362 62 56 et
763 1359 20 59 1
810 1361 413 67 obstination
1257 1369 80 60 de
1369 1371 63 61 la
1464 1377 268 62 marche
1764 1397 82 44 en
1879 1387 228 59 avant!

269 1435 108 60 Ah
395 1437 12 58 !
440 1437 57 59 si
523 1437 62 61 le
617 1438 216 80 clergé
867 1444 343 78 moderne,
1247 1460 433 71 comprenant
1712 1461 181 61 enfin
1926 1481 75 43 sa
2032 1465 184 64 faute
2241 1470 117 61 dix

190 1522 130 53 lois
354 1522 324 58 séculane
725 1528 63 53 et
835 1523 66 60 la
942 1528 235 61 sottise
1220 1531 81 61 de
1343 1550 74 43 sa
1458 1540 481 64 courtisanerie
1987 1564 238 47 envers
2258 1551 99 61 les

190 1595 215 63 riches
443 1599 117 78 qui
595 1599 61 61 le
694 1603 370 78 méprisent
1101 1611 63 58 et
1204 1611 61 61 le
1314 1613 473 83 dépossèdent,
1828 1626 238 74 savait,
2105 1646 69 43 ce
2218 1631 140 70 jour

191 1681 120 57 des
340 1681 136 58 lors
509 1681 436 78 mémorable,
980 1691 314 61 ressaisir
1333 1711 121 44 son
1496 1698 136 63 rôle
1663 1702 376 80 historique
2077 1726 12 40 :
2119 1710 204 72 l'apos-

189 1758 165 61 tolat
386 1761 320 62 chrétien.
743 1763 41 61 S
811 1766 45 58 il
900 1769 238 74 savait,
1177 1772 61 61 le
1271 1773 215 80 clergé
1525 1781 307 76 gallican,
1868 1791 358 71 reprendre
2259 1792 96 61 les

190 1839 335 64 maximes
576 1843 80 61 de
708 1844 250 63 charité
1005 1852 282 62 sociales
1347 1856 238 65 écrites
1637 1879 133 44 aux
1820 1865 384 78 Evangiles,
2263 1875 65 60 et

190 1921 169 59 dans
387 1922 66 61 la
500 1923 362 79 splendeur
906 1928 369 84 liturgique
1322 1937 80 61 de
1455 1957 108 45 ses
1613 1945 359 64 chasubles
2018 1952 63 59 et
2132 1954 80 61 de
2246 1971 111 45 ses

188 2003 245 60 bardes
480 2004 278 75 saintes,
812 2011 287 76 prendre
1150 2015 65 59 la
1267 2017 135 61 tête
1453 2020 91 61 du
1595 2040 310 47 nouveau
1957 2032 260 74 cortège
2270 2036 83 60 de

189 2086 283 75 maitys,
524 2087 282 76 guidant
859 2107 158 45 avec
1069 2093 99 61 les
1221 2096 359 67 bannières
1635 2107 64 59 et
1756 2107 98 61 les
1911 2112 182 60 croix
2142 2116 64 59 et
2255 2116 100 61 les

188 2180 261 44 crosses
490 2168 394 75 pastorales,
927 2175 390 78 protégeant
1359 2181 90 60 du
1486 2186 304 75 pantacle
1831 2189 359 66 infaillible
2234 2196 120 61 des

185 2243 297 79 reliques
511 2248 64 59 et
603 2248 91 60 du
725 2250 190 60 soleil
948 2253 80 60 de
1060 2255 410 66 l'ostensoir!

269 2324 236 69 Quelle
528 2327 276 63 victoire
833 2331 90 59 du
952 2333 278 80 Peuple,
1265 2341 219 76 quelle
1512 2345 275 63 victoire
1822 2350 80 61 de
1933 2351 176 62 Dieu
2131 2356 11 57 !

268 2406 91 61 Le
392 2407 216 77 prêtre
641 2410 298 63 chrétien
972 2415 258 64 devrait
1262 2421 137 62 être
1439 2424 62 59 le
1530 2429 320 76 prophète
1884 2432 80 60 de
1996 2436 225 61 toutes
2251 2437 102 63 les

185 2487 361 61 tentatives
579 2490 80 61 de
693 2492 274 62 charité»
1000 2516 30 36 «
1064 2498 99 60 Ne
1202 2499 197 63 faites
1437 2521 121 61 pas
1591 2507 37 59 à
1660 2511 224 59 autrui
1917 2530 70 43 ce
2022 2533 128 44 crue
2180 2535 176 45 vous

185 2584 80 43 ne
298 2568 319 63 voudriez
647 2589 121 61 pas
801 2575 116 76 qui
950 2572 105 65 fût
1087 2577 120 62 fait
1239 2581 37 60 à
1306 2586 448 64 vous-même.
1784 2591 438 67 Aimez-vous
2248 2599 101 61 les

186 2665 129 43 uns
341 2648 101 61 les
476 2652 250 74 autres,
762 2671 36 42 a
830 2655 98 59 dit
965 2657 62 61 le
1070 2658 222 64 Christ
1313 2664 11 58 !
1373 2684 29 35 »
1446 2666 288 64 N'est-ce
1774 2672 185 77 point
1990 2676 86 60 ici
2107 2679 147 59 tout
2284 2680 64 60 le

184 2728 240 79 dogme
453 2732 64 59 et
542 2732 147 61 tout
718 2733 61 61 le
806 2736 328 80 précepte.
1165 2737 103 65 En
1299 2744 209 63 vérité
1540 2747 60 61 le
1632 2752 222 78 temps
1881 2755 182 61 vient
2093 2775 128 56 que
2248 2759 100 62 les

183 2825 433 47 successeurs
641 2813 119 61 des
784 2817 263 76 apôtres
1077 2820 367 66 délaissent
1470 2826 64 61 la
1562 2830 426 66 méchanceté
2014 2838 119 60 des
2151 2840 158 61 Puis-

183 2891 187 58 sants
393 2892 65 59 et
480 2891 120 61 des
627 2893 248 64 Riches
900 2915 165 61 pour
1091 2905 358 75 reprendre
1475 2907 66 60 la
1572 2910 287 63 mission
1882 2918 458 76 consolatrice,

179 2968 20 60 1
227 2987 237 44 amour
494 2972 119 61 des
645 2992 287 60 pauvres
961 2980 80 61 de
1074 2998 192 63 corps
1299 2987 63 59 et
1397 2987 118 61 des
1545 3008 291 59 pauvres
1870 2995 79 62 de
1982 3014 211 55 cœur;
2223 3001 121 61 des

180 3052 399 62 misérables
605 3057 65 59 et
698 3056 118 62 des
840 3059 329 77 pêcheurs
1195 3066 10 59 !

260 3132 224 61 Est-ce
510 3133 65 60 la
605 3137 286 62 mission
923 3141 35 58 à
990 3158 132 45 eux
1153 3151 510 61 recommandée
1694 3172 122 60 par
1841 3156 353 80 l'exemple
2223 3163 121 61 des

176 3212 329 78 premiers
539 3215 318 81 disciples
891 3238 130 61 que
1063 3226 169 61 cette
1272 3230 414 76 perpétuelle
1728 3236 278 65 alliance
2035 3243 87 58 où
2154 3241 85 61 ils
2269 3260 74 45 se
