5164 7043
642 6717 96 73 76

638 349 702 96 Mit-Empfindung,
1413 351 163 74 also
1638 349 459 76 Erkenntnis
2160 378 149 47 von
2375 351 206 74 alten

641 466 630 74 Ohreindrücken
1317 467 519 73 hervorrufen.

639 579 141 76 Die
831 583 196 74 eben
1076 588 378 67 erörterte
1503 581 145 74 Art
1698 581 135 74 der
1884 581 328 74 Auslese
2261 581 276 93 begrün-

639 694 131 75 det
814 694 123 80 die
981 694 358 94 Eigenart
1383 696 208 90 jedes
1638 693 540 76 individuellen
2221 694 362 73 Denkens

638 810 154 74 und
841 810 122 74 die
1015 810 677 93 Schwierigkeiten
1743 810 136 74 des
1928 810 452 74 Umlernens
2431 808 152 74 und

641 923 135 74 der
836 923 548 95 Umstimmung
1450 928 209 69 eines
1726 923 557 74 Mitmenschen
2348 923 235 74 durch

639 1038 283 75 andere
975 1040 149 73 ihm
1174 1040 258 73 bisher
1477 1038 591 93 unzugängliche
2123 1036 464 97 Meinungen

641 1152 185 74 oder
871 1153 231 93 völlig
1152 1180 197 46 neue
1393 1152 540 93 Erfahrungen.

639 1284 400 74 Immerhin
1080 1285 189 75 wird
1308 1296 200 64 trotz
1552 1289 135 73 der
1728 1287 486 73 bestimmten
2255 1282 328 76 Auslese

648 1400 127 73 bei
839 1399 606 93 Weiterbildung
1515 1399 133 74 des
1721 1399 596 74 Gedächtnisses
2388 1406 193 64 stets

639 1516 193 72 auch
875 1519 169 76 eine
1088 1514 455 95 Umbildung
1584 1514 637 93 miteinbegriffen
2260 1516 181 83 sein,
2485 1512 100 73 da

641 1634 69 85 ja
768 1629 291 95 gleiche
1117 1627 714 95 Wahrnehmungen
1914 1629 129 73 auf
2124 1626 122 76 die
2327 1627 256 75 Dauer

639 1743 207 74 nicht
890 1744 322 93 möglich
1259 1743 185 74 sind.
1535 1743 271 74 Kleine
1850 1743 154 74 und
2048 1743 330 72 kleinste
2424 1741 108 74 Ab-

639 1858 495 93 weichungen
1201 1858 187 73 aber
1454 1856 164 75 sind
1687 1858 437 74 schließlich
2190 1856 193 73 auch
2451 1858 90 71 im-

639 1971 291 88 stande,
1035 1976 168 70 eine
1300 1971 806 93 Erkenntnisrichtung
2204 1971 152 75 und
2453 1971 90 73 be-

641 2091 328 71 stimmte
1017 2086 344 75 Denkart
1410 2088 228 93 völlig
1684 2115 93 46 zu
1818 2086 449 93 verändern,
2312 2091 71 85 ja
2426 2112 106 47 um-

641 2200 408 76 zukehren,
1154 2201 154 73 Das
1364 2201 320 75 braucht
1738 2229 137 45 nur
1930 2201 164 73 Zeit
2146 2200 156 74 und
2353 2200 230 93 große

639 2313 293 76 Reihen
997 2320 436 88 geeigneter
1493 2317 154 72 und
1711 2313 645 95 entsprechender
2421 2313 123 76 Sin-

639 2430 579 76 neseindrücke.
1340 2430 188 75 Hier
1610 2432 182 91 liegt
1877 2432 120 73 die
2062 2430 519 95 Möglichkeit,

639 2549 264 71 seinen
941 2543 558 77 Mitmenschen
1542 2554 239 66 etwas
1823 2545 477 87 einzureden,
2344 2549 110 69 sie
2495 2571 92 45 zu

639 2659 412 78 bekehren.
1147 2662 141 75 Die
1334 2660 577 93 Ausscheidung
1957 2660 194 75 alter
2200 2659 337 76 Gedächt-

641 2772 300 75 nisteile
976 2774 247 91 spielt,
1259 2777 146 70 wie
1442 2772 125 75 Sie
1606 2772 241 75 selbst
1880 2772 485 75 beobachten
2395 2770 143 75 kön-

639 2916 170 61 nen,
873 2891 125 72 bei
1054 2889 136 74 der
1251 2889 316 93 Bildung
1626 2916 238 47 neuer
1919 2889 151 73 und
2129 2889 456 91 Umbildung

641 3004 582 76 abweichender
1311 3004 613 95 Anschauungen
2041 3007 166 70 eine
2299 3004 286 75 ebenso

643 3119 230 93 große
937 3119 220 80 Rolle
1222 3123 144 71 wie
1430 3119 124 73 die
1615 3118 767 76 Kontinuierlichkeit
2451 3118 134 74 des

639 3234 486 75 Zuströmens
1169 3260 236 47 neuer
1450 3233 1133 93 Wahrnehmungsaufnahmen.

641 3348 137 74 Bei
839 3350 171 72 dem
1068 3350 503 93 Vergleichen
1652 3353 208 69 eines
1943 3348 315 74 starken
2338 3373 249 48 neuen

639 3461 424 76 Eindrucks
1140 3468 134 69 mit
1354 3466 210 70 einer
1638 3463 452 73 schwachen
2167 3461 420 92 Erfahrung

643 3580 157 91 gibt
863 3578 120 75 die
1047 3576 424 97 Erfahrung
1532 3578 374 75 natürlich
1969 3580 171 73 dem
2202 3576 385 75 Eindruck

641 3693 210 73 mehr
893 3693 195 73 nach
1135 3693 112 75 als
1291 3697 100 69 im
1437 3692 550 94 umgekehrten
2028 3692 230 88 Falle,
2307 3719 85 47 so
2439 3690 148 74 daß

643 3836 172 45 man
853 3808 210 75 mehr
1100 3836 151 45 von
1286 3808 200 73 ihrer
1523 3808 459 92 Anpassung
2019 3836 97 45 an
2151 3807 149 73 den
2339 3834 248 47 neuen

641 3920 383 76 Eindruck
1064 3924 374 91 sprechen
1477 3922 229 86 kann;
1748 3951 83 45 so
1872 3922 147 74 daß
2058 3924 163 72 also
2261 3920 122 75 die
2424 3929 123 66 ent-

644 4037 369 80 stehende
1078 4035 460 77 Erkenntnis
1604 4037 148 73 den
1814 4037 209 73 alten
2084 4035 459 75 Gedächtnis-

644 4150 366 75 eindruck
1046 4150 240 75 sofort
1322 4150 403 94 korrigiert
1767 4150 185 75 oder
1989 4150 423 75 eliminiert.
2449 4149 139 74 Ein

643 4269 174 71 sehr
876 4266 303 76 starker
1239 4264 538 76 Neueindruck
1860 4266 205 72 kann
2150 4264 437 76 schließlich

643 4382 191 73 auch
876 4381 601 95 überwältigend
1518 4386 161 69 sein
1720 4381 154 74 und
1916 4382 157 73 sich
2114 4398 241 76 gegen
2397 4379 188 76 alles

641 4496 183 74 Alte
871 4496 342 88 wenden,
1264 4523 222 46 wenn
1535 4523 80 46 er
1665 4521 82 48 es
1799 4496 193 73 auch
2040 4521 130 48 zur
2216 4493 318 94 Anknüp-

643 4613 176 93 fung
870 4611 342 76 braucht.

644 4725 102 76 So
803 4725 312 74 werden
1174 4725 122 74 die
1354 4725 520 93 Erfahrungen
1935 4728 262 71 immer
2255 4750 147 47 neu
2461 4741 84 77 ge-

643 4840 296 86 sichtet,
991 4867 99 45 an
1140 4867 249 45 neuen
1438 4836 486 76 Eindrücken
1975 4855 417 74 gemessen,
2444 4838 108 73 Irr-

641 4963 245 66 tümer
937 4955 403 93 berichtigt
1386 4955 154 74 und
1584 4955 273 74 Fehler
1904 4962 496 86 ausgemerzt.

785 5090 156 73 Das
1002 5089 467 76 Gedächtnis
1528 5090 407 92 unterliegt
1996 5094 74 67 in
2133 5089 249 72 dieser
2441 5085 146 75 Art

643 5207 245 71 einem
981 5204 551 91 fortgesetzten
1625 5200 553 87 Stoffwechsel,
2273 5199 137 74 der
2505 5224 82 47 es

641 5319 352 95 lebendig
1049 5319 244 74 erhält
1349 5319 235 74 durch
1637 5319 753 91 Selbsterneuerung.

643 5434 125 76 Bis
829 5436 301 73 hierher
1193 5436 388 93 geschieht
1640 5434 137 75 das
1836 5434 324 73 Denken
2217 5437 75 68 in
2355 5436 228 81 einer,

643 5576 172 46 man
859 5549 302 73 möchte
1208 5566 253 76 sagen,
1508 5553 164 69 rein
1715 5553 358 88 passiven
2121 5546 281 76 Weise.

641 5664 215 75 Aber
910 5664 276 93 infolge
1239 5664 137 73 der
1422 5663 740 93 Inanspruchnahme
2212 5663 138 74 der
2397 5659 144 75 Ner-

641 5779 577 92 venleistungen
1274 5779 236 73 durch
1564 5778 614 91 Wahrnehmung
2233 5776 152 75 und
2439 5774 100 75 Re-

641 5895 240 74 lation
929 5893 311 74 werden
1293 5893 210 76 diese
1555 5891 204 76 kraft
1811 5893 200 73 ihrer
2060 5891 528 93 Bewegungen

638 6010 157 74 und
848 6010 135 73 der
1034 6013 315 70 inneren
1400 6008 770 95 Reibungsvorgänge
2221 6052 96 10 —
2366 6023 222 58 Wenn

644 6150 175 48 man
881 6127 110 72 sie
1052 6150 85 49 so
1193 6150 300 49 nennen
1552 6122 169 74 darf
1775 6167 97 10 —
1926 6127 134 69 mit
2118 6122 286 76 Reizen
2461 6138 85 78 ge-

643 6238 247 88 laden,
929 6238 120 75 die
1090 6264 130 49 zur
1256 6235 426 95 Entladung
1720 6237 357 93 drängen.
2151 6235 127 76 Sie
2311 6237 278 74 wollen

646 6353 159 75 sich
861 6352 137 76 der
1051 6352 296 88 Arbeit,
1408 6352 124 76 die
1586 6355 110 71 sie
1752 6352 276 74 leisten
2082 6357 325 81 müssen,
2463 6376 125 49 um

643 6496 84 47 so
775 6469 211 78 mehr
1037 6467 451 94 entledigen,
1540 6470 68 88 je
1657 6467 210 73 mehr
1916 6470 110 71 sie
2075 6474 510 87 angestrengt,

2819 351 162 74 also
3095 349 196 76 eben
3401 352 132 71 mit
3648 347 566 95 Reizladungen
4332 346 434 76 beschwert

2817 464 330 73 werden.

2817 578 186 76 Hier
3062 578 292 76 kommt
3418 606 80 48 es
3560 605 153 47 nun
3775 605 92 47 zu
3931 581 208 69 einer
4200 576 408 88 Aktivität,
4673 601 93 49 zu

2820 699 244 70 einem
3115 698 315 71 inneren
3484 693 296 93 Impuls,
3840 691 137 76 der
4031 693 161 74 sich
4244 691 336 74 deutlich
4632 691 90 74 be-

2817 808 359 76 merkbar
3271 808 274 74 macht.
3692 808 229 73 Diese
4021 804 508 95 Aktivierung
4630 803 136 76 der

2819 923 426 74 leistenden
3277 920 644 94 Nervensysteme
3958 921 368 75 bedeutet
4365 923 167 71 eine
4568 947 196 49 neue

2819 1038 482 93 Bedingtheit
3335 1038 135 73 der
3508 1036 696 77 Denkfunktionen.
4275 1036 154 73 Der
4464 1035 298 93 Impuls,

2819 1152 147 72 den
3001 1157 136 69 wir
3174 1152 225 74 Trieb
3442 1152 184 74 oder
3662 1152 227 74 Wille
3926 1179 322 64 nennen,
4290 1155 66 86 je
4393 1148 371 75 nachdem

2819 1294 81 46 er
2949 1294 134 47 aus
3133 1267 688 93 Wahrnehmungs-
3870 1267 185 74 oder
4099 1267 215 73 ihren
4358 1263 363 75 Verarbei-

2819 1389 660 86 tungsvorgängen
3562 1390 325 80 stammt,
3995 1380 226 75 wirkt
4329 1380 157 75 sich
4568 1377 200 76 nach

2819 1497 247 73 außen
3110 1495 188 75 oder
3340 1495 196 75 nach
3581 1499 225 71 innen
3851 1522 160 48 aus.
4095 1492 215 78 Nach
4359 1494 249 74 außen
4654 1494 112 72 als

2819 1612 164 88 Tat,
3032 1612 196 73 nach
3276 1614 225 71 innen
3548 1612 109 75 als
3704 1610 422 94 Hemmung
4175 1607 184 78 oder
4409 1607 359 75 erhöhter

2819 1726 323 74 Antrieb
3203 1726 115 74 bis
3379 1751 132 47 zur
3565 1724 691 95 Krankhaftigkeit.
4376 1722 104 75 Er
4537 1721 231 76 wirkt

2819 1844 209 71 seine
3076 1839 491 75 Inhaltsreize
3616 1868 156 61 aus,
3819 1842 212 73 seine
4078 1839 515 86 Inhaltsreize,
4642 1836 124 76 die

2819 1958 462 88 quantitativ
3340 1954 156 75 und
3555 1956 400 90 qualitativ
4017 1954 236 75 durch
4312 1953 124 74 die
4495 1951 219 74 Wahr-

2819 2071 701 93 nehmungsorgane
3587 2071 383 93 eindeutig
4038 2073 73 71 in
4177 2068 370 93 Wirkung
4613 2066 155 76 und

2817 2185 374 94 Richtung
3240 2186 385 73 bestimmt
3675 2185 187 74 sind.

2820 2317 229 74 Diese
3101 2317 610 93 Auswirkungen
3790 2315 270 74 führen
4139 2342 92 46 zu
4312 2317 210 69 einer
4576 2310 144 74 Ver-

2820 2433 356 94 dichtung
3205 2432 135 74 der
3372 2432 452 76 Zellschicht
3857 2433 137 75 der
4021 2435 381 70 nervösen
4432 2427 332 86 Bahnen,

2820 2547 122 74 die
2991 2552 110 69 sie
3150 2549 400 74 benutzen.

2819 2662 162 75 Wir
3030 2665 297 85 wissen,
3379 2662 151 75 daß
3577 2660 168 93 jede
3794 2662 442 91 Benutzung
4283 2684 153 49 von
4485 2657 279 88 Zellen,

2820 2775 208 92 jeder
3084 2775 187 75 Reiz
3332 2775 128 75 auf
3520 2775 257 75 Zellen
3835 2803 91 45 zu
3985 2775 202 73 ihrer
4244 2772 524 92 Vermehrung

2819 2891 223 88 führt,
3098 2891 120 72 die
3272 2896 207 69 einer
3528 2891 147 74 Art
3730 2889 506 74 Brückenbau
4288 2887 154 75 und
4490 2886 223 93 Wege-

2822 3007 296 92 ebnung
3174 3006 296 93 gleicht,
3530 3004 360 75 wodurch
3948 3004 122 75 die
4129 3001 597 93 Leistungsfähig-

2819 3119 162 75 keit
3030 3119 254 76 dieser
3327 3118 611 76 Nervenbahnen
3987 3119 159 73 sich
4195 3123 335 88 steigert.

2819 3234 230 75 Diese
3083 3233 447 95 Steigerung
3560 3233 136 74 der
3726 3231 769 95 Leistungsfähigkeit
4525 3229 203 75 dicht-

2820 3351 327 93 zelliger,
3193 3350 172 72 weil
3411 3351 109 71 oft
3565 3351 405 73 benutzter
4012 3346 615 75 Nervenbahnen
4669 3350 99 69 im

2822 3463 284 74 Gehirn
3162 3463 310 95 bedingt
3530 3463 154 74 und
3745 3461 288 75 erklärt
4089 3461 121 73 die
4266 3458 502 95 Möglichkeit

2824 3578 154 73 und
3045 3578 136 75 das
3252 3576 627 75 Vorhandensein
3973 3580 209 69 eines
4276 3575 214 73 mehr
4581 3575 187 73 oder

2820 3698 332 88 weniger
3203 3703 228 83 guten
3484 3692 618 74 Gedächtnisses,
4207 3692 186 86 „Die
4447 3690 276 74 Gehirn-

2820 3808 302 75 bahnen
3167 3807 366 74 schleifen
3582 3808 158 73 sich
3787 3807 237 74 durch
4072 3805 443 93 Benutzung

2820 3927 144 69 wie
3017 3924 123 74 die
3193 3922 418 74 Gelehrten
3660 3939 252 74 sagen.

2824 4037 181 75 Hier
3073 4039 181 91 liegt
3320 4040 166 72 eine
3552 4064 194 46 neue
3812 4035 485 93 Bedingtheit
4363 4035 135 75 des
4568 4035 151 71 Den-

2822 4152 191 75 kens
3083 4156 74 71 in
3227 4150 133 75 der
3426 4150 652 92 Differenzierung
4143 4149 157 74 und
4365 4147 404 93 Fixierung

2820 4294 153 46 von
3081 4266 320 74 Gehirn-
3511 4266 186 72 oder
3807 4262 615 76 Nervenbahnen
4534 4262 235 76 durch

2822 4381 494 74 Denkarbeit,

2824 4498 138 72 Die
3025 4496 474 88 Relationen,
3565 4494 122 75 die
3752 4493 135 76 das
3953 4491 410 78 Erkennen
4424 4493 342 88 braucht,

2820 4609 313 75 werden
3181 4611 162 75 also
3393 4608 220 76 desto
3660 4609 212 71 mehr
3926 4608 461 88 erleichtert,
4441 4613 66 86 je
4556 4608 213 74 mehr

2822 4730 112 69 sie
2990 4726 228 93 geübt
3274 4725 332 74 werden.

2820 4840 185 76 Hier
3056 4841 248 93 liegen
3357 4840 120 76 die
3535 4840 537 91 Bedingungen
4124 4840 117 71 für
4298 4838 124 74 die
4475 4836 245 76 Höher-

2825 4955 508 95 entwicklung
3455 4953 156 75 und
3730 4951 777 95 Vervollkommnung
4632 4953 137 75 des

2820 5070 562 74 menschlichen
3433 5067 363 76 Denkens
3845 5067 455 93 überhaupt.

2822 5183 81 75 In
2940 5183 138 75 der
3111 5182 319 96 Bildung
3467 5183 136 75 der
3638 5180 613 76 Nervenbahnen
4288 5183 249 92 liegen
4576 5180 195 76 auch

2822 5300 122 73 die
3034 5299 496 93 organischen
3618 5295 486 95 Grundlagen
4192 5293 137 75 der
4414 5295 357 76 Relation

2825 5415 261 75 selbst.

2824 5547 328 94 Solange
3213 5547 119 75 ich
3389 5547 234 75 Ihnen
3680 5546 121 74 die
3858 5544 317 95 Bildung
4232 5544 136 75 der
4427 5542 295 77 Nerven-

2822 5663 303 74 bahnen
3188 5663 196 74 noch
3445 5663 208 74 nicht
3716 5661 290 73 erklärt
4065 5659 237 88 hatte,
4365 5661 199 74 habe
4649 5659 122 75 ich

2822 5776 234 75 Ihnen
3093 5776 122 75 die
3250 5774 402 95 Vorgänge
3691 5774 137 75 der
3863 5773 358 74 Relation
4253 5800 140 49 nur
4429 5774 342 75 namhaft

2822 5891 339 88 machen,
3208 5891 186 75 aber
3435 5893 210 78 nicht
3685 5890 503 74 beschreiben
4229 5886 330 78 können.
4644 5888 128 76 Ich

2820 6006 200 77 habe
3067 6010 110 71 sie
3223 6006 112 75 als
3382 6010 124 69 ein
4568 6003 153 90 „An-

4639 6120 89 74 be-

2825 6237 368 76 zeichnet.
3310 6235 186 78 Was
3562 6238 110 71 sie
3736 6233 344 75 wirklich
4146 6233 166 75 sind
4378 6235 114 76 als
4556 6250 173 78 orga-

2824 6352 260 74 nische
3147 6350 401 88 Funktion,
3614 6350 205 75 kann
3885 6348 119 75 ich
4068 6348 234 77 Ihnen
4368 6355 184 85 jetzt
4615 6357 157 69 erst

2824 6465 232 96 völlig
3088 6464 171 76 klar
3294 6465 341 87 machen,
3675 6460 251 83 indem
3963 6464 120 76 ich
4119 6465 134 75 mit
4290 6464 234 76 Ihnen
4559 6462 213 79 diese
