5164 7043
613 6681 92 68 68

624 343 140 76 Ein
861 343 255 94 Organ
1213 344 135 75 des
1448 343 652 94 Kunstschaffens,
2202 343 137 76 das
2439 346 132 69 mit

627 459 332 94 gleicher
1008 461 398 73 Intensität
1453 463 146 71 wie
1653 459 120 73 die
1824 461 275 73 besten
2146 459 251 75 dieser
2444 476 85 75 ge-

625 585 337 64 nannten
1017 576 397 87 arbeitete,
1474 576 344 75 besitzen
1870 578 146 71 wie
2072 580 72 69 in
2199 575 326 74 Deutsch-

625 691 182 75 land
900 691 240 75 leider
1211 693 227 73 nicht.
1560 691 156 73 Der
1787 691 252 75 Sturm
2112 691 237 95 pflegt
2447 690 122 74 die

629 805 393 95 Süßigkeit
1128 807 134 74 der
1372 807 544 74 Gartenlaube.
2078 807 100 74 So
2290 807 281 74 Lothar

627 922 188 74 Sehr
824 950 93 66 ey
923 950 107 46 er:

629 1057 200 88 „Der
871 1057 227 75 Wind
1140 1059 185 74 hebt
1369 1059 150 74 den
1564 1059 489 74 Tauschleier
2099 1061 147 88 auf,

624 1172 155 75 Das
830 1184 212 64 zarte
1089 1174 402 93 Köpfchen
1540 1176 220 74 dreht
1809 1176 159 74 sich
2016 1176 176 86 lind,

625 1287 342 77 Sonnauf
998 1289 251 75 heben
1284 1291 159 73 sich
1479 1291 147 73 alle
1663 1291 273 93 Augen
1968 1348 59 17 ~,

739 1392 18 13 st

627 1423 210 74 Oder
871 1425 225 74 Ursel
1137 1425 215 76 Ellen
1392 1426 327 92 Jacoby:

627 1538 239 88 ~Fallt
908 1541 207 75 nicht
1155 1569 146 60 um,

624 1653 250 78 Bleibt
964 1658 207 75 nicht
1264 1658 338 88 stecken,
1699 1668 303 83 putzert
2097 1660 212 88 euch,
2405 1668 123 65 ent-

1848 1777 462 76 schmutzert
2354 1777 210 74 euch.

622 1887 176 90 Auf,
842 1890 127 73 auf

622 2004 146 76 Los

624 2121 374 76 Tralalaa.

622 2236 147 74 Hin
818 2264 131 48 zur
996 2236 266 78 Heide,

624 2488 140 73 Die
808 2490 434 73 sachlichen
1284 2490 601 95 Behauptungen
1928 2483 252 81 dieses
2222 2490 344 74 Artikels

624 2603 133 75 des
818 2603 249 75 Herrn
1125 2605 237 73 Adolf
1418 2605 257 74 Behne
1740 2607 167 72 sind
1965 2607 333 74 unwahr.
2412 2607 154 72 Der

620 2718 227 75 Wille
884 2747 131 46 zur
1052 2720 571 76 Gemeinschaft
1657 2722 205 74 nicht
1897 2749 139 45 nur
2072 2725 132 69 mit
2237 2722 324 93 Europa,

622 2835 195 71 auch
862 2839 134 69 mit
1045 2835 138 73 der
1230 2854 288 74 ganzen
1567 2835 220 90 Erde,
1838 2840 100 71 ist
1983 2864 151 46 von
2182 2837 135 73 der
2366 2837 159 74 Zeit-

622 2950 262 75 schrift
973 2950 152 75 Der
1189 2952 253 73 Sturm
1526 2969 529 78 ausgegangen
2138 2952 154 74 und
2353 2952 211 73 diese

620 3065 432 75 Zeitschrift
1094 3067 202 78 führt
1335 3069 195 73 noch
1570 3071 231 72 heute
1843 3072 129 71 auf
2009 3072 201 73 allen
2249 3071 312 94 Wegen.

619 3181 174 72 Alle
871 3192 430 82 genannten
1376 3184 580 74 ausländischen
2033 3186 531 76 Zeitschriften

620 3294 165 75 sind
825 3296 153 73 viel
1020 3304 281 85 später,
1347 3326 167 46 zum
1557 3299 164 75 Teil
1768 3311 156 64 erst
1967 3306 74 69 in
2083 3302 275 75 letzter
2402 3301 164 74 Zeit

622 3416 476 73 entstanden.
1184 3416 164 74 Ihre
1387 3416 535 95 Herausgeber
1955 3419 150 73 und
2143 3421 421 73 führenden

620 3528 483 76 Mitarbeiter
1169 3531 166 75 sind
1394 3536 136 71 mit
1591 3534 376 75 Arbeiten
2031 3538 74 69 in
2168 3534 135 75 der
2364 3534 160 75 Zeit-

620 3645 261 74 schrift
917 3646 154 73 Der
1105 3648 254 73 Sturm
1389 3658 395 64 vertreten
1819 3668 354 75 gewesen
2205 3651 156 75 und
2392 3678 129 46 ver-

617 3768 273 81 treten,
939 3763 240 73 bevor
1227 3765 121 73 die
1394 3773 432 83 genannten
1870 3763 532 75 Zeitschriften
2446 3792 77 47 er-

617 3875 381 90 schienen,
1074 3877 185 74 oder
1326 3878 373 75 nachdem
1772 3883 110 70 sie
1951 3882 286 74 bereits
2312 3885 210 88 einge-

619 4007 291 76 gangen
974 3993 186 75 sind.
1276 3993 125 73 Ich
1467 3995 237 78 selbst
1775 3997 293 79 arbeite
2138 4026 94 47 an
2297 4000 264 75 diesen

619 4105 531 78 Zeitschriften
1201 4114 153 84 mit,
1406 4115 269 71 soweit
1726 4115 119 71 ich
1895 4117 109 71 sie
2051 4115 512 76 künstlerisch

624 4220 491 76 anerkennen
1201 4224 224 76 kann.
1547 4227 81 73 In
1713 4246 187 76 ganz
1985 4237 344 90 wenigen
2415 4234 117 76 die-

620 4363 124 49 ser
840 4339 532 76 Zeitschriften
1469 4342 130 76 hat
1692 4342 197 76 Herr
1983 4346 238 76 Adolf
2312 4349 257 73 Behne

617 4457 378 87 versucht,
1089 4457 392 77 dieselben
1547 4461 596 78 Unwahrheiten
2232 4495 92 44 zu
2390 4495 130 45 ver-

619 4569 318 90 breiten,
979 4572 122 73 die
1140 4600 83 45 er
1260 4576 158 71 sich
1453 4581 182 85 jetzt
1675 4596 774 78 zusammengezogen
2488 4586 73 69 in

619 4684 145 73 den
857 4686 617 76 Sozialistischen
1569 4689 575 78 Monatsheften
2241 4698 318 73 erlaubt.

619 4796 145 78 Mit
815 4799 149 75 den
1017 4803 531 76 Zeitschriften
1602 4806 336 93 L'Esprit
1992 4808 369 78 Nouveau
2412 4811 154 75 und

619 4911 118 75 De
812 4913 164 95 Stijl
1052 4920 344 74 wünscht
1448 4921 154 73 Der
1704 4921 252 75 Sturm
2055 4923 226 76 keine
2381 4923 141 75 Ver-

620 5033 351 95 bindung.
1088 5035 335 95 L'Esprit
1487 5036 369 78 Nouveau
1921 5045 95 71 ist
2083 5042 136 74 das
2285 5042 233 76 Kunst-

620 5147 197 76 blatt
864 5177 153 46 von
1066 5148 465 78 Frankreich
1579 5155 156 73 und
1782 5153 113 75 De
1948 5153 166 93 Stijl
2163 5153 360 77 Konfusio-

615 5270 307 73 nismus.
1035 5267 141 74 Die
1242 5268 516 95 Behauptung,
1829 5270 148 75 daß
2043 5272 520 74 Deutschland

620 5380 182 76 kein
866 5384 256 93 Organ
1179 5412 153 46 von
1399 5387 332 91 gleicher
1795 5387 402 80 Intensität
2261 5389 298 86 besitzt,

619 5499 145 73 wie
807 5497 120 75 die
967 5511 432 79 genannten
1442 5500 550 94 Zeitschriften,
2038 5509 98 69 ist
2175 5531 215 49 umso
2429 5533 90 45 un-

619 5611 589 91 geheuerlicher,
1269 5616 110 74 als
1437 5616 121 74 die
1614 5617 434 76 Zeitschrift
2102 5619 154 74 Der
2315 5617 253 76 Sturm

615 5731 124 74 die
800 5731 401 78 Intensität
1265 5734 434 73 sämtlicher
1760 5734 484 75 Mitarbeiter
2310 5738 251 74 dieser

615 5844 535 76 Zeitschriften
1194 5849 300 73 besitzt.
1567 5849 156 73 Der
1768 5849 254 75 Sturm
2072 5851 237 93 pflegt
2354 5853 209 71 nicht

619 5961 120 78 die
822 5963 394 93 Süßigkeit
1296 5964 134 73 der
1511 5964 544 90 Gartenlaube,
2136 5969 173 73 weil
2390 5993 173 48 man

615 6078 395 95 Süßigkeit
1057 6081 207 73 nicht
1313 6083 301 91 pflegen
1665 6081 224 88 kann,
1945 6083 369 96 hingegen
2363 6083 196 76 Herr

615 6193 236 75 Adolf
884 6195 258 74 Behne
1181 6223 223 48 sauer
1443 6225 90 46 zu
1572 6196 310 75 werden
1919 6198 259 93 pflegt,
2219 6227 222 47 wenn
2478 6229 81 45 er

617 6308 401 78 schreiben
1059 6312 193 74 muß.
1296 6312 154 74 Das
1496 6312 416 76 Schreiben
1953 6315 183 93 liegt
2178 6315 149 73 ihm
2370 6315 196 74 eben

613 6427 227 76 nicht.
908 6425 390 95 Hingegen
1338 6428 263 73 würde
1645 6430 159 73 sich
1845 6433 210 70 seine
2099 6430 458 76 Denkweise

2810 344 152 71 und
3020 348 208 69 seine
3289 344 535 95 Denkungsart
3882 348 117 72 für
4054 348 122 74 die
4234 348 522 76 Gartenlaube

2810 456 418 76 besonders
3282 463 288 90 eignen.
3653 461 105 73 Im
3811 463 315 93 übrigen
4178 464 129 73 bin
4361 464 118 73 ich
4532 466 179 73 über-

2810 583 242 85 zeugt,
3132 575 147 72 daß
3353 575 197 74 Herr
3623 576 237 76 Adolf
3934 578 259 76 Behne
4269 581 263 73 weder
4606 580 149 74 den

2813 686 251 75 Sturm
3126 691 195 73 noch
3384 690 123 74 die
3568 691 524 77 Gartenlaube
4154 696 195 73 liest.
4434 695 101 74 Er
4595 696 161 73 holt

2810 803 157 71 sich
3037 808 162 70 sein
3264 803 528 78 Kunstwissen
3858 837 176 46 vom
4102 808 447 76 Kunstblatt
4618 812 136 72 des

2810 917 245 74 Herrn
3103 920 442 91 Westheim,
3597 950 151 48 von
3797 923 337 93 L'Esprit
4181 923 373 78 Nouveau
4603 925 152 75 und

2810 1057 149 48 von
3008 1032 113 76 De
3174 1032 184 95 Stijl.

3889 1159 406 73 Herwarth
4332 1158 328 74 Walden

2806 1631 336 117 Liebe
3226 1633 785 118 Gartenlaube!

2805 1801 184 76 Hier
3033 1806 129 72 bin
3206 1806 139 74 ich.
3441 1807 182 75 Alte
3672 1807 232 76 Liebe
3951 1819 244 66 rostet
4241 1811 206 72 nicht
4496 1816 77 67 in
4617 1836 90 49 un-

2808 1943 210 47 serer
3076 1924 348 70 eisernen
3484 1921 184 74 Zeit.
3778 1924 141 73 Als
3977 1924 121 73 ich
4158 1924 355 95 Säugling
4569 1951 180 61 war,

2801 2041 232 64 warst
3060 2032 121 75 Du
3223 2034 135 75 der
3387 2032 178 78 Halt
3612 2041 288 71 meiner
3943 2039 457 73 schwachen
4424 2039 328 75 Lenden.

2805 2146 123 74 Ich
2974 2148 136 72 saß
3154 2151 130 71 auf
3325 2149 318 75 Deinem
3685 2151 280 75 dicken
4007 2153 234 89 Band,
4286 2153 422 74 Großvater-

2808 2264 334 92 ausgabe
3199 2270 198 84 1860,
3453 2266 408 92 gleichsam
3912 2270 131 72 auf
4088 2270 122 74 die
4261 2268 312 76 Postille
4627 2286 85 77 ge-

2805 2376 257 90 bückt,
3111 2407 224 45 wenn
3384 2381 193 73 auch
3626 2408 152 46 von
3824 2383 283 75 hinten.
4203 2383 139 75 Als
4390 2386 120 72 ich
4556 2385 196 73 noch

2800 2493 206 75 nicht
3062 2495 213 73 lesen
3331 2495 310 91 konnte,
3700 2507 234 64 warst
3990 2498 117 75 Du
4163 2502 247 72 meine
4468 2502 286 89 einzige

2803 2607 354 76 Lektüre.
3277 2610 139 74 Als
3485 2612 119 72 ich
3672 2612 257 74 laufen
3997 2613 310 88 konnte,
4380 2615 182 73 übte
4630 2615 119 73 ich

2803 2723 196 71 mich
3035 2727 98 69 im
3170 2725 879 76 Gartenlaube-Werfen
4085 2730 152 73 und
4276 2730 431 75 die-Götter-

2806 2837 253 74 ehren.
3159 2839 138 74 Als
3347 2842 196 71 mich
3592 2840 122 75 die
3767 2842 284 93 großen
4104 2844 237 72 Leute
4393 2844 180 93 klug
4623 2862 85 75 ge-

2801 2952 253 74 macht
3089 2954 286 89 hatten,
3414 2955 449 75 verachtete
3902 2957 119 73 ich
4056 2957 191 75 Dich
4283 2957 154 75 und
4469 2967 283 65 nannte

2796 3065 192 75 Dich
3016 3067 307 90 süßlich,
3384 3071 300 72 obwohl
3711 3069 118 74 Du
3860 3071 194 72 doch
4081 3072 444 75 barbarisch
4579 3072 170 75 bist.

2805 3179 167 76 Nun
3008 3181 203 74 kann
3247 3186 118 71 ich
3397 3186 207 72 nicht
3636 3186 212 72 mehr
3883 3186 180 94 klug
4098 3191 183 71 sein.
4346 3187 249 75 Wenn
4630 3187 120 75 ich

2800 3297 196 73 noch
3047 3301 169 69 eine
3264 3299 530 95 Anwandlung
3841 3301 220 88 habe,
4117 3302 213 73 ziehe
4383 3302 118 75 ich
4554 3304 195 73 mich

2803 3413 73 71 in
2927 3413 120 72 die
3098 3413 520 74 Gartenlaube
3670 3414 305 88 zurück,
4031 3416 122 74 die
4203 3418 121 71 ich
4374 3419 122 71 nie
4549 3418 198 72 habe

2801 3526 458 75 bekommen
3306 3528 325 76 können,
3728 3529 116 73 Da
3892 3534 98 70 ist
4041 3531 188 75 alles
4276 3540 424 86 unvergäng-

2803 3641 168 88 lich,
3035 3643 188 73 alles
3281 3643 181 74 Alte
3521 3645 286 72 wieder
3866 3673 149 46 neu
4071 3648 154 73 und
4286 3648 188 73 alles
4532 3645 215 76 Neue

2801 3758 287 73 wieder
3155 3758 134 73 das
3357 3758 203 76 Alte.
3675 3760 215 74 Ruhe
3954 3763 155 73 und
4173 3763 229 75 keine
4469 3763 280 97 klugen

2803 3870 257 88 Leute,
3104 3870 232 95 grade
3379 3871 157 90 das,
3582 3900 159 48 was
3783 3875 136 74 der
3958 3875 252 74 Maler
4247 3878 153 73 und
4442 3877 312 77 Dichter

2803 3988 320 75 braucht
3165 3993 99 68 im
3303 3988 252 75 Sturm
3599 3990 134 74 des
3773 3992 319 76 Lebens.

2803 4119 127 72 Ich
2974 4120 198 75 habe
3220 4149 81 46 es
3343 4122 208 75 nicht
3594 4124 327 91 glauben
3961 4127 298 75 wollen.
4354 4127 213 75 Aber
4613 4127 136 75 der

2798 4232 1744 85 K—K—K—Kunstsch—sch—schriftsteiler
4601 4242 153 93 (bei

2805 4347 171 75 dem
3054 4349 221 76 Wort
3357 4359 311 68 stottert
3750 4379 81 50 es
3910 4356 199 73 mich
4188 4359 312 90 immer),
4586 4357 163 75 also

2801 4468 136 72 der
3003 4468 1746 84 K—K—K—Kunstsch—sch—schriftsteller

2801 4584 236 73 Adolf
3067 4584 258 77 Behne
3357 4588 440 93 behauptet,
3831 4591 149 73 daß
4010 4593 119 73 ich
4159 4596 77 68 in
4264 4591 122 75 die
4422 4591 281 76 Garten-

2801 4698 227 76 laube
3084 4701 302 93 gehöre.
3485 4701 100 75 Er
3638 4705 267 91 gehört
3960 4706 294 73 freilich
4308 4711 75 70 in
4432 4706 125 75 die
4610 4706 93 76 So-

2801 4815 512 74 zialistischen
3352 4815 543 79 Monatshefte.
3985 4820 127 74 Ich
4149 4821 197 73 weiß
4381 4823 227 88 nicht,
4650 4821 97 75 ob

2800 4926 116 77 Du
2954 4930 128 73 auf
3118 4931 259 73 solche
3411 4930 496 96 Empfehlung
3946 4943 239 66 etwas
4224 4937 218 93 gibst.
4479 4935 217 76 Wahr-

2800 5043 409 76 scheinlich
3250 5045 279 76 kennst
3572 5047 117 72 Du
3731 5048 149 73 den
3919 5047 249 76 Herrn
4208 5069 131 74 gar
4378 5052 230 74 nicht.
4650 5048 102 77 Er

2800 5158 186 75 aber
3021 5160 297 76 schätzt
3357 5160 191 75 Dich
3584 5162 193 88 sehr,
3817 5189 224 47 wenn
4080 5191 83 45 er
4200 5165 193 73 auch
4429 5165 198 75 noch
4664 5191 86 49 so

2796 5272 180 95 klug
3023 5282 139 81 tut,
3216 5275 192 75 Dich
3455 5275 117 75 für
3623 5275 289 75 süßlich
3961 5304 92 47 zu
4102 5279 281 89 halten,
4435 5282 146 71 wie
4632 5280 120 73 ich

2801 5390 193 73 auch
3042 5392 294 75 einmal.
3409 5392 215 75 Aber
3672 5419 81 46 er
3799 5394 132 73 hat
3980 5397 120 70 ein
4146 5394 366 74 Büchlein
4559 5397 188 73 über

2795 5504 294 76 Deinen
3187 5509 210 73 alten
3494 5516 269 67 treuen
3860 5507 487 80 Mitarbeiter
4442 5511 308 94 Ludwig

2800 5619 310 76 Richter
3252 5626 579 91 (ausgerechnet
3973 5626 508 88 „Ueberfahrt
4625 5656 120 46 am

3596 5741 516 93 geschrieben,
4195 5744 552 92 ausgerechnet

2798 5851 117 73 für
2967 5851 122 74 die
3143 5854 549 75 sozialistische
3743 5856 574 95 Volksbildung.
4415 5858 102 76 Es
4569 5861 176 93 geht

2800 5968 206 73 nicht
3072 5969 212 73 mehr
3355 5969 193 75 ohne
3616 5998 139 46 uns
3824 5969 657 95 Bürgerkünstler.
4603 5975 142 74 Die

2798 6081 455 76 Sozialisten
3333 6088 278 69 wissen
3692 6085 135 76 das
3907 6085 269 94 längst.
4286 6088 132 76 Sie
4495 6090 250 74 haben

2798 6215 235 76 ganze
3089 6198 962 80 Gartenlaubenkolonien.
4132 6205 156 73 Der
4344 6207 154 72 alte
4551 6207 145 74 Lud-

2798 6320 144 90 wig
3028 6315 314 78 Richter
3433 6318 203 75 kann
3728 6323 194 72 mich
4017 6323 241 77 selbst
4347 6328 134 70 mit
4571 6322 171 74 dem

2795 6459 233 47 e—e
3055 6477 97 12 —
3179 6462 41 46 e
3245 6481 97 8 —
3370 6439 815 90 expressionistischen
4249 6439 495 72 K—K—K—
