2824 4061
776 242 339 70 NOTES
1178 243 771 84 D'ACOUSTIQUE

2548 264 96 72 35

68 389 75 59 de
200 389 107 60 Mi
312 438 15 29 t
334 439 15 23 ,
384 391 206 82 lequel
643 414 74 36 ne
772 407 151 68 peut
980 395 366 81 s'exprimer
1402 416 110 61 par
1546 416 84 37 un
1663 393 261 61 nombre
1959 397 197 59 entier
2192 393 142 85 qu'à
2368 393 178 60 l'aide
2580 392 75 60 de

72 481 145 77 Ut-,
379 503 33 39 2
419 485 17 21 e
471 499 216 44 octave
721 482 331 62 inférieure
1089 486 83 58 du
1205 508 109 38 son
1347 483 439 86 prédominant
1945 486 151 61 dont
2140 489 43 57 il
2217 500 85 46 est
2338 486 54 60 le
2427 505 29 61 5
2465 496 17 20 e
2514 483 105 61 har-

71 575 322 80 monique.
434 576 169 59 C'est
640 598 119 59 que
791 577 57 59 la
881 576 137 60 base
1055 577 72 59 de
1164 593 278 67 rapports
1477 593 87 44 est
1601 577 141 75 Ut-j
1780 591 60 45 et
1874 600 123 37 non
2037 580 89 58 Ut
2132 628 14 28 t
2173 627 11 13 .

259 668 269 58 Comme
552 669 128 58 cela
707 689 60 38 se
790 668 326 59 manifeste
1143 669 144 60 dans
1313 670 56 59 le
1383 670 106 80 jeu
1517 669 74 58 de
1612 669 242 80 l'orgue
1878 670 310 83 lorsqu'on
2217 669 305 60 introduit
2550 669 104 58 des

71 770 241 69 tuyaux
346 758 74 59 de
467 758 74 59 16
577 773 61 44 et
674 758 72 59 de
788 781 78 59 32
904 760 192 82 pieds,
1134 783 80 37 ou
1249 760 140 59 bien
1427 782 220 37 encore
1681 760 315 82 lorsqu'on
2033 762 232 72 adjoint
2300 763 55 57 la
2405 774 214 46 contre-

73 848 168 60 basse
276 871 77 37 au
389 864 267 67 quatuor
692 849 30 60 à
758 852 212 58 cordes
1004 873 81 37 ou
1113 849 32 61 à
1169 873 82 37 un
1289 850 308 61 ensemble
1624 849 334 62 orchestral
1991 876 11 35 :
2040 854 83 59 les
2157 875 137 38 sons
2327 853 327 58 musicaux

73 941 191 58 tirent
297 941 134 58 leur
464 941 246 58 rondeur
743 942 73 58 de
850 943 55 57 la
941 943 388 59 coexistence
1364 942 102 60 des
1499 942 442 81 harmoniques
1977 942 339 61 inférieurs.
2355 944 91 59 La
2480 965 132 38 com-

73 1032 276 81 position
402 1031 418 84 harmonique
878 1032 74 60 de
1003 1033 376 73 l'ensemble,
1440 1035 109 80 qui
1604 1035 304 57 constitue
1964 1035 270 59 l'accord
2268 1036 73 57 de
2376 1033 280 61 neuvième

82 1122 254 82 majeure
652 1124 66 58 de
824 1124 102 73 dominante,
927 1126 149 57 leur
1077 1125 116 58 donne
1226 1126 58 59 la
1317 1127 320 80 puissance
1671 1140 60 43 et
1765 1126 54 57 la
1854 1125 274 61 noblesse
2161 1126 75 60 de
2263 1126 246 60 timbre.
2537 1127 118 59 Les

73 1215 344 60 vibrations
471 1215 379 60 secondaires
904 1218 136 80 plus
1093 1218 211 80 aiguës
1470 1238 121 60 que
1643 1218 57 57 la
1751 1214 481 84 prédominance
2269 1218 102 59 des
2404 1216 210 61 harmo-

76 1308 219 80 niques
330 1305 73 59 de
450 1327 19 38 lerI
483 1319 35 22 er
552 1305 178 60 ordre
765 1306 301 82 empêche
1103 1306 74 60 de
1210 1329 60 37 se
1304 1305 357 61 manifester
1686 1306 182 59 d'une
1903 1306 272 61 manière
2209 1323 332 67 apparente

77 1397 278 59 donnent
388 1395 203 61 l'éclat
630 1399 107 80 qui
772 1413 87 43 est
895 1397 333 61 nécessaire
1263 1397 32 61 à
1345 1421 81 37 un
1479 1398 310 58 ensemble
1842 1398 73 58 de
1968 1421 136 38 sons
2157 1399 182 59 d'une
2392 1399 264 59 hauteur

77 1510 311 61 moyenne
447 1503 59 43 et
542 1511 202 58 grave.
786 1491 87 57 Ce
909 1505 136 44 sont
1082 1491 83 58 les
1215 1489 350 60 conditions
1600 1491 390 80 acoustiques
2025 1491 475 81 indispensables
2536 1511 120 60 que

78 1581 253 59 doivent
368 1582 173 57 avoir
575 1582 82 57 les
693 1602 137 37 sons
864 1581 73 58 de
972 1602 108 38 nos
1115 1582 401 58 instruments
1550 1582 342 58 modernes.

265 1670 333 61 Vibrations
632 1684 343 48 tournantes.
1032 1673 164 58 Pour
1245 1673 83 59 les
1362 1672 212 60 cordes
1609 1694 249 38 comme
1891 1694 157 59 pour
2082 1675 84 58 les
2200 1673 338 82 diapasons,
2578 1694 77 37 on

80 1785 76 38 ne
209 1778 149 67 peut
416 1764 305 81 invoquer
772 1762 346 60 l'influence
1178 1764 74 58 de
1304 1765 56 57 la
1409 1785 192 38 masse
1635 1762 362 83 métallique
2033 1766 150 57 mise
2217 1786 75 37 en
2326 1785 211 38 œuvre

81 1875 250 40 comme
388 1875 109 61 par
549 1855 286 81 exemple
871 1855 146 58 dans
1051 1856 83 57 les
1171 1854 243 61 cloches
1456 1880 14 47 ;
1512 1877 81 36 ou
1629 1855 72 58 de
1737 1856 55 59 la
1825 1856 271 82 pression
2132 1855 74 58 de
2241 1856 135 59 l'air
2410 1875 248 38 comme

78 1967 149 38 avec
280 1947 84 57 les
417 1959 239 68 tuyaux
718 1967 80 37 ou
848 1947 84 58 les
965 1947 402 58 instruments
1400 1944 32 60 à
1466 1960 146 45 vent
1770 1967 159 60 pour
1953 1943 265 82 justifier
2251 1947 56 58 la
2344 1947 318 81 puissance

81 2038 74 58 de
189 2035 311 60 vibration
538 2057 121 61 que
694 2057 97 38 ces
825 2058 179 60 corps
1038 2058 243 38 sonores
1315 2038 403 58 contiennent
1752 2058 75 37 en
1863 2038 87 58 soi
1995 2062 14 48 ;
2061 2038 44 57 il
2138 2035 131 61 faut
2305 2058 73 37 en
2414 2051 250 44 trouver

80 2129 57 59 la
172 2150 179 38 cause
387 2127 147 60 dans
567 2128 55 59 la
656 2126 464 61 manifestation
1155 2127 101 60 des
1291 2128 255 80 grandes
1582 2129 375 59 oscillations
1991 2143 58 44 et
2085 2128 74 59 de
2190 2129 56 58 la
2273 2129 390 58 coexistence

81 2221 104 58 des
237 2220 342 59 vibrations
632 2234 358 45 tournantes
1032 2245 14 46 ;
1107 2218 490 61 manifestations
1649 2221 108 81 qui
1809 2235 249 44 causent
2094 2221 84 58 les
2222 2218 442 83 harmoniques

80 2312 409 80 ultra-graves
522 2310 73 58 de
628 2308 277 61 l'échelle
939 2308 353 61 inférieure.

265 2404 179 57 Avec
505 2401 102 59 M.
671 2402 237 59 Massol
965 2423 155 38 nous
1169 2423 187 38 avons
1405 2400 246 61 montré
1700 2401 352 60 l'existence
2089 2401 72 60 de
2195 2421 98 40 ces
2325 2401 342 60 vibrations

80 2517 78 37 au
194 2514 231 61 moyen
462 2491 74 60 de
571 2493 57 58 la
661 2491 465 83 photographie
1163 2493 100 58 des
1298 2493 374 59 oscillations
1709 2493 102 58 des
1860 2491 297 61 branches
2193 2491 145 59 d'un
2373 2493 294 81 diapason

88 2585 161 82 (voir
283 2606 110 38 nos
430 2584 201 60 Notes
665 2583 32 59 à
731 2583 391 59 l'Académie
1158 2584 101 58 des
1296 2584 301 72 Sciences,
1639 2603 80 61 27
1746 2584 140 80 juin
1921 2598 59 44 et
2035 2583 31 61 8
2122 2584 143 58 août
2335 2604 71 59 19
2428 2603 94 39 10.
2585 2584 83 58 Et

83 2679 56 59 S.
168 2678 51 60 I.
254 2677 101 58 M.
414 2677 82 58 du
543 2693 71 62 15
655 2697 159 38 mars
861 2675 218 82 1913).
1118 2677 119 58 Les
1287 2675 257 60 courbes
1579 2677 354 80 complexes
1968 2675 102 59 des
2104 2675 211 59 cordes
2350 2689 319 45 montrent

81 2771 86 58 les
222 2769 236 59 mêmes
494 2766 336 61 caractères
882 2781 82 58 et,
1002 2789 246 36 comme
1284 2767 180 60 celles
1498 2766 102 59 des
1637 2767 337 81 diapasons,
2013 2767 139 58 elles
2188 2766 482 82 correspondent

82 2861 282 81 toujours
417 2857 32 61 à
504 2881 82 37 un
641 2858 103 60 des
800 2858 445 82 harmoniques
1291 2858 74 59 de
1411 2879 19 38 lerI
1442 2865 35 20 er
1511 2857 178 60 ordre
1723 2858 81 59 du
1841 2880 105 37 son
1981 2856 425 61 fondamental
2439 2871 61 45 et
2535 2872 137 45 sont

82 2950 470 86 généralement
610 2949 491 83 accompagnées
1158 2950 103 58 des
1313 2949 339 59 vibrations
1687 2950 80 58 du
1804 2970 107 38 son
1946 2947 436 84 prédominant
2420 2971 80 37 ou
2535 2964 138 45 tout

82 3068 78 37 au
198 3044 204 58 moins
436 3041 75 60 de
546 3062 109 38 son
693 3055 216 45 octave
946 3062 202 59 grave.

274 3133 267 61 L'étude
576 3133 74 58 de
685 3154 97 38 ces
814 3131 339 61 vibrations
1188 3154 75 37 au
1298 3133 177 80 point
1512 3131 73 59 de
1619 3153 119 38 vue
1774 3131 73 59 de
1896 3133 409 80 l'acoustique
2354 3131 319 72 musicale,

81 3230 174 59 vient
316 3223 345 85 compléter
722 3224 229 60 l'étude
1008 3223 150 61 faite
1223 3246 108 59 par
1388 3224 78 59 A.
1532 3224 234 71 Cornu,
1821 3246 75 37 au
1955 3224 178 80 point
2188 3223 73 58 de
2314 3244 120 37 vue
2493 3223 73 58 de
2620 3224 55 59 la

87 3319 393 80 Mécanique
516 3316 223 59 relatée
776 3317 146 58 dans
966 3337 105 38 son
1110 3314 304 60 mémoire
1464 3313 211 84 publié
1710 3337 76 37 au
1836 3316 251 58 Journal
2129 3314 66 60 de
2593 3314 61 82 (3
2662 3328 17 21 e

85 3412 174 61 série.
298 3410 81 72 T,
421 3429 56 61 5.
515 3406 193 61 année
755 3407 219 81 1896).
1014 3408 54 59 Il
1102 3406 154 61 écrit
1292 3404 32 60 à
1358 3427 70 38 ce
1463 3406 153 81 sujet
1661 3427 11 37 :
1804 3407 117 58 Les
1977 3406 339 59 vibrations
2374 3421 271 44 transver-

86 3506 149 60 sales
301 3501 185 60 d'une
555 3500 205 72 corde,
826 3498 270 60 excitées
1154 3498 183 59 d'une
1393 3496 273 61 manière
1728 3498 413 82 quelconque,
2211 3511 134 46 sont
2402 3497 277 81 toujours

85 3591 495 85 accompagnées
616 3591 73 60 de
725 3591 340 60 vibrations
1110 3606 377 56 tournantes,
1522 3587 344 63 l'élasticité
1903 3589 73 59 de
2011 3591 231 59 torsion
2281 3590 72 58 de
2387 3590 56 58 la
2494 3590 185 60 corde

87 3700 247 50 entrant
400 3707 76 37 en
532 3684 108 81 jeu
699 3705 77 39 au
830 3684 206 58 même
1091 3684 146 58 titre
1296 3704 120 60 que
1473 3684 56 57 la
1586 3697 400 67 composante
2046 3683 395 58 transversale
2494 3681 74 60 de
2625 3681 54 59 la
