2824 4061
1181 241 120 67 LE
1369 241 247 67 MOIS

2589 265 101 70 45

962 485 389 49 CONCERTS
1380 484 482 50 LAMOUREUX

261 717 102 49 Peu
390 719 57 47 de
475 719 293 48 nouveautés
795 738 92 29 aux
915 722 211 46 derniers
1153 736 339 49 programmes.

263 805 114 47 Une
404 805 287 63 symphonie
718 806 58 46 de
804 805 78 49 M.
912 806 151 48 Brun.

259 887 40 49 Il
327 890 101 46 faut
453 890 130 46 avoir
609 907 95 29 une
744 890 211 46 certaine
992 891 389 46 reconnaissance
1421 907 92 29 aux
1553 889 347 61 compositeurs
1925 891 95 60 qui,
2062 909 80 45 par
2168 910 78 30 ces
2272 905 153 51 temps
2452 895 57 47 de
2551 895 139 47 ballet

113 973 296 64 obligatoire,
435 992 49 29 se
510 974 243 47 dévouent
778 974 27 47 à
831 974 148 48 écrire
1016 976 78 46 des
1125 975 326 65 symphonies,
1489 973 55 47 ils
1573 985 109 35 sont
1709 989 125 31 rares
1860 987 47 33 et
1934 992 62 29 on
2024 988 67 34 est
2119 976 201 64 quelque
2362 997 91 44 peu
2480 998 57 28 en
2569 980 121 47 droit

116 1060 58 47 de
200 1077 47 29 se
277 1059 257 47 demander
561 1061 253 61 pourquoi.

260 1145 230 49 Serait-ce
517 1163 92 45 que
636 1144 44 47 la
704 1145 286 65 symphonie
1016 1162 114 44 pure
1157 1163 26 29 a
1210 1144 84 47 fait
1319 1161 85 30 son
1432 1155 155 50 temps
1611 1140 83 50 ?...
1727 1141 86 49 On
1841 1161 27 27 a
1894 1143 103 66 déjà
2024 1145 67 47 dit
2118 1163 55 43 ça
2198 1147 131 62 après
2366 1149 245 64 Haydn...
2641 1162 47 34 et

114 1228 218 62 Stamitz,
363 1241 47 35 et
437 1229 284 61 cependant,
750 1228 31 47 il
807 1247 31 47 y
865 1247 25 29 a
915 1247 61 28 eu
1003 1228 65 48 les
1093 1229 307 65 symphonies
1435 1228 56 46 de
1531 1225 371 64 Beethoven...,
1940 1246 62 29 on
2042 1228 62 48 l'a
2141 1229 270 65 également
2446 1233 241 61 proclamé

113 1314 134 62 après
283 1314 294 61 Beethoven,
614 1327 49 34 et
697 1315 268 61 cependant
993 1314 29 47 il
1051 1332 29 47 y
1106 1332 26 28 a
1158 1332 60 28 eu
1254 1313 44 47 la
1333 1313 287 63 symphonie
1656 1312 57 47 de
1742 1312 206 62 Franck,
1976 1326 47 34 et
2049 1314 120 48 celle
2197 1315 56 47 de
2282 1315 319 65 Saint-Saëns,
2640 1332 47 34 et

113 1399 119 47 celle
261 1399 56 47 de
346 1399 267 63 Chausson,
642 1412 47 34 et
716 1399 141 47 celles
892 1399 56 46 de
986 1398 312 65 Magnard...
1338 1397 206 47 d'autres
1578 1413 192 45 encore,
1807 1399 77 60 qui
1924 1416 47 29 se
2008 1413 107 33 sont
2143 1399 159 49 donné
2330 1420 117 43 pour
2493 1404 193 46 mission

114 1483 315 50 d'introduire
470 1484 114 47 dans
624 1484 42 47 le
707 1502 145 46 genre
890 1484 284 65 symphonie
1226 1500 119 45 pour
1395 1483 240 46 orchestre
1671 1493 107 36 tous
1831 1482 65 48 les
1933 1482 231 49 éléments
2201 1502 252 31 nouveaux
2493 1488 194 47 suscités

114 1569 164 63 depuis
304 1568 280 48 Beethoven
613 1586 80 44 par
720 1568 43 47 la
790 1568 193 46 marche
1011 1568 57 46 de
1094 1567 121 47 l'art.

256 1652 66 50 Et
349 1652 32 47 il
406 1670 32 47 y
463 1670 112 29 aura
600 1670 173 29 encore
801 1652 79 47 des
904 1652 367 65 symphonistes,
1299 1667 62 31 on
1390 1662 113 51 peut
1529 1667 59 29 en
1616 1649 99 47 être
1743 1652 197 48 certain.

257 1737 131 48 Mais
423 1738 233 63 pourquoi
685 1737 125 47 donc
849 1749 109 34 sont
999 1736 53 47 ils
1093 1752 125 31 rares
1253 1752 80 46 par
1375 1736 45 46 le
1460 1747 156 50 temps
1653 1736 81 62 qui
1775 1747 139 36 court
1936 1735 14 48 ?
1990 1736 39 47 Il
2056 1737 180 47 semble
2267 1755 91 44 que
2385 1755 53 30 ce
2465 1740 90 45 soit
2582 1751 105 36 tout

110 1822 310 62 simplement
447 1839 137 45 parce
612 1840 92 44 que
731 1821 43 47 la
801 1821 188 62 plupart
1016 1821 78 47 des
1120 1822 345 61 compositeurs
1492 1837 60 30 ne
2013 1821 45 47 la
2082 1823 301 63 symphonie.

256 1907 126 49 Pour
409 1907 146 47 écrire
581 1924 97 29 une
706 1906 129 62 pièce
863 1907 61 46 où
952 1906 45 47 la
1023 1907 220 61 musique
1268 1906 89 47 soit
1383 1923 48 30 sa
1459 1923 168 44 propre
1654 1903 68 50 fin
1750 1917 48 36 et
1823 1924 85 29 son
1936 1907 179 63 unique
2142 1909 203 61 soutien,
2375 1907 30 47 il
2433 1909 102 47 faut
2559 1911 128 46 avoir

109 1994 241 62 appris...,
381 1991 29 47 il
438 1992 100 46 faut
564 1992 129 47 avoir
722 1992 245 61 beaucoup
995 1990 162 48 étudié
1183 1990 182 63 d'après
1390 1990 66 47 les
1482 2003 158 35 autres
1677 2005 49 33 et
1766 1992 245 63 beaucoup
2051 1991 213 48 travaillé
2301 2010 77 29 sur
2415 1994 269 47 soi-même.

254 2079 71 47 Le
353 2077 320 63 compositeur
698 2076 156 48 actuel
896 2089 69 34 est
1003 2088 105 50 trop
1149 2075 152 63 pressé
1339 2076 59 46 de
1437 2075 155 48 bâcler
1619 2094 85 29 son
1787 2076 130 47 salon
1944 2075 178 48 annuel
2204 2094 118 44 pour
2349 2079 341 61 entreprendre

109 2182 79 29 ces
213 2163 164 48 études
402 2161 200 65 longues
628 2173 47 34 et
702 2160 227 48 difficiles.
960 2159 66 48 Et
1063 2160 123 47 voilà
1225 2161 231 61 pourquoi
1496 2159 43 48 la
1576 2161 285 65 symphonie
1889 2179 27 28 a
1943 2161 84 47 fait
2143 2161 449 49 momentanément

108 2248 133 63 place
266 2265 61 30 au
355 2246 156 61 ballet,
541 2263 144 47 genre
713 2245 138 48 facile
877 2258 47 34 et
951 2246 81 63 qui
1059 2263 48 29 se
1135 2245 131 62 prête
1291 2244 367 63 élastiquement
1684 2263 25 29 a
1737 2258 156 35 toutes
1919 2244 41 67 le
1980 2244 21 67 6
2021 2244 163 67 tailles.

252 2330 252 65 Quoiqu'il
532 2348 59 29 en
618 2331 106 61 soit,
754 2329 77 49 M.
863 2330 135 47 Brun
1026 2348 26 28 a
1078 2329 118 48 écrit
1233 2347 96 29 une
1367 2331 304 64 symphonie,
1700 2348 80 44 pas
1818 2331 214 64 toujours
2068 2333 318 45 adroitement
2424 2333 260 45 construite

106 2428 47 36 et
181 2418 118 46 dont
325 2415 65 49 les
416 2414 281 62 matériaux,
725 2432 118 46 pour
870 2413 151 63 parler
1049 2414 147 61 franc,
1226 2427 266 49 manquent
1520 2427 105 51 trop
1653 2415 57 47 de
1734 2415 187 47 solidité
1947 2438 12 37 ;
1999 2428 63 48 et,
2104 2414 179 65 malgré
2322 2428 121 50 tout,
2484 2433 62 29 on
2587 2417 99 45 doit

105 2503 151 47 savoir
283 2500 81 64 gré
390 2500 26 47 à
443 2499 79 48 M.
546 2499 134 47 Brun
711 2499 179 48 d'avoir
917 2498 77 48 osé
1022 2498 147 48 écrire
1196 2517 95 29 une
1318 2500 287 64 symphonie
1633 2512 47 34 et
1707 2499 25 47 à
1761 2500 277 49 Chevillard
2067 2500 57 47 de
2152 2500 163 47 l'avoir
2342 2499 243 50 exécutée.

250 2588 84 46 Au
359 2598 155 51 temps
628 2585 99 65 déjà
753 2584 200 48 lointain
1072 2585 63 47 où
1163 2584 276 48 Chevillard
1460 2587 153 63 jouait
1642 2587 269 61 beaucoups
1936 2587 65 45 du
2028 2587 157 62 piano,
2215 2587 63 63 (et
2306 2585 29 47 il
2363 2603 60 29 en
2446 2587 150 63 jouait
2622 2605 60 27 en

104 2673 151 64 grand
283 2672 267 62 musicien),
577 2672 31 46 il
637 2672 74 47 fut
736 2688 66 30 un
830 2669 310 49 merveilleux
1169 2671 259 61 interprète
1456 2671 57 47 de
1541 2671 299 48 Schumann.
1870 2671 136 48 Passé
2032 2671 311 63 capelbneister
2345 2709 13 24 ,
2381 2671 30 47 il
2438 2673 245 47 continue.

251 2756 145 49 Cette
431 2758 219 62 musique
687 2758 225 46 convient
948 2768 107 36 tout
1091 2756 25 47 à
1160 2757 83 46 fait
1275 2754 26 49 à
1336 2773 84 30 son
1458 2756 354 63 tempérament
1855 2770 48 34 et
1938 2756 29 47 il
2005 2775 58 29 en
2100 2758 88 46 sait
2228 2757 370 62 communiquer
2639 2754 43 47 le

103 2843 262 47 sentiment
404 2841 25 47 à
466 2859 85 30 son
591 2843 253 46 orchestre.
885 2842 57 63 Je
984 2860 60 29 ne
1070 2842 121 47 crois
1229 2859 80 44 pas
1334 2841 115 63 qu'il
1487 2842 90 46 soit
1616 2841 197 63 possible
1842 2841 281 47 d'entendre
2162 2859 97 29 une
2298 2839 253 49 exécution
2579 2839 104 63 plus

103 2927 213 64 parfaite,
358 2945 190 29 comme
594 2927 137 47 lettre
774 2940 47 34 et
866 2946 193 29 comme
1103 2928 144 63 esprit
1290 2945 91 44 que
1421 2927 119 47 celle
1580 2927 114 64 qu'il
1736 2927 161 47 donna
1935 2928 56 46 de
2030 2927 45 47 la
2112 2927 197 62 superbe
2345 2937 252 36 ouverture
2623 2926 58 46 de

104 3013 231 47 Manfred
387 3025 47 33 et
485 3012 56 47 de
591 3012 180 48 l'alerte
819 3015 286 63 symphonie
1150 3030 60 29 en
2419 3012 208 61 si-bémol,
1516 3030 142 30 revue
1709 3025 48 34 et
1802 3012 92 48 très
1939 3015 368 44 heureusement
2352 3010 208 64 corrigée
2601 3029 80 44 par

103 3097 369 49 Mendelssohn.

249 3181 88 50 On
364 3181 234 61 entendit,
627 3199 55 29 ce
710 3182 155 47 même
894 3182 270 61 dimanche,
1193 3200 96 29 une
1318 3182 136 47 dame
1482 3181 25 48 à
1534 3182 43 49 la
1604 3184 110 45 voix
1742 3200 114 45 pure
1884 3184 200 45 chanter
2121 3199 114 29 avec
2275 3182 244 60 beaucoup
2559 3179 120 48 d'art

99 3269 133 63 (peut
259 3266 100 47 être
386 3278 105 50 trop
519 3266 154 62 d'art),
702 3266 124 47 deux
853 3267 89 47 airs
969 3267 54 47 de
1054 3266 239 61 Haendel,
1322 3266 312 64 tripatouillés
1660 3267 26 47 à
1712 3266 44 47 la
1781 3284 140 30 sauce
1961 3267 325 64 germanique,
2319 3283 95 29 une
2453 3283 224 29 romance

101 3354 57 47 de
188 3351 193 49 Berlioz
406 3365 48 33 et
481 3368 95 30 une
604 3363 134 35 autre
765 3353 56 47 de
851 3351 151 49 Liszt.

245 3435 81 48 De
376 3453 52 30 ce
480 3435 203 61 dernier,
726 3435 65 48 les
1582 3435 217 48 Tréludes
1099 3448 210 51 peuvent
1348 3453 197 46 presque
1583 3436 99 47 être
1722 3435 266 48 considérés
2025 3453 191 29 comme
2255 3452 95 30 une
2391 3433 283 48 nouveauté.

99 3523 73 49 Ce
219 3530 169 54 poëme
434 3521 352 64 symphonique
830 3521 88 61 fut,
971 3534 136 34 entre
1166 3520 132 64 1870
1350 3533 47 34 et
1454 3520 150 65 1875,
1656 3520 43 48 le
1750 3521 148 64 grand
1950 3520 165 48 cheval
2169 3520 57 47 de
2268 3520 56 46 de
2376 3518 183 48 bataille
2618 3518 56 45 de

96 3605 266 62 Pasdeloup
379 3607 82 60 qui
490 3604 42 47 le
560 3605 188 47 mettait
774 3604 357 65 fréquemment
1157 3604 26 48 à
1209 3622 70 30 ses
1305 3622 341 47 programmes,
1667 3607 46 63 je
1741 3607 120 45 crois
1882 3623 90 44 que
2000 3622 53 30 ce
2081 3622 222 29 morceau
2331 3601 79 49 n'a
2429 3601 142 64 guère
2601 3600 73 48 été

96 3690 163 50 donné
285 3692 167 60 depuis
478 3689 106 48 lors.
