2824 4061
861 172 531 89 FRÉDÉRIC
1456 190 406 71 CHOPIN

2547 211 36 48 2
2604 211 43 70 9

248 343 96 60 En
391 343 191 82 1834,
618 345 44 57 il
695 365 61 38 se
789 342 69 60 fit
893 343 293 59 entendre
1222 342 145 60 dans
1404 342 56 58 la
1494 342 140 58 salle
1673 339 207 82 Pleyel
1915 360 145 38 avec
2098 339 304 72 Osborne,
2442 338 209 59 Hiller

64 449 59 44 et
162 435 297 82 Stamaty.
504 436 166 58 Dans
701 437 55 57 le
793 436 156 58 mois
986 435 73 59 de
1096 432 352 61 Décembre
1482 433 266 70 suivant,
1782 431 45 57 il
1851 430 150 81 joua
2026 452 108 39 son
2176 431 263 77 Qoncerto
2470 451 66 37 en
2563 427 88 81 fa

74 525 218 61 mineur
313 529 109 80 qui
477 527 190 72 n'eut,
703 527 227 72 dit-on,
968 527 196 80 qu'un
1218 522 207 63 succès
1780 522 105 57 Au
1940 539 250 42 concert
2241 522 81 59 du
2375 520 275 61 Théâtre

64 618 235 72 italien,
337 618 204 59 donné
586 619 56 58 le
677 640 41 56 4
753 619 150 58 avril
949 616 188 82 1835,
1174 639 75 36 au
1284 611 273 64 bénéfice
1593 612 100 60 des
1734 610 269 84 réfugiés
2036 615 297 80 polonais,
2371 610 80 61 où
2487 610 131 84 figu-

63 710 198 57 raient
313 710 207 71 Ernst,
555 712 55 57 le
664 708 238 61 célèbre
939 709 349 70 violoniste,
1327 706 268 59 Nourrit
1647 718 59 44 et
1745 704 74 58 M
1829 705 51 21 me
1915 705 249 73 Falcon,
2218 706 56 58 le
2319 703 206 61 succès
2575 726 75 36 ne

61 799 98 62 fut
211 800 189 83 guère
459 803 136 80 plus
653 800 211 84 grand.
918 802 119 57 Les
1094 799 256 81 grandes
1402 798 171 58 salles
1630 794 291 60 n'étaient
1980 818 103 59 pas
2133 797 174 59 faites
2357 818 158 60 pour
2564 818 80 36 un

61 893 266 80 pianiste
385 893 155 59 aussi
600 892 599 58 merveilleusement
1266 887 241 61 délicat.
1580 888 169 57 Mais
1802 907 119 37 une
1979 887 276 59 dernière
2308 889 137 70 fois,
2506 886 32 59 à
2595 889 53 56 la

65 982 241 62 Société
343 985 80 58 du
465 983 490 71 Conservatoire,
1009 983 43 57 il
1101 978 69 61 fit
1204 981 294 59 entendre
1533 1000 59 38 sa

61 1075 258 82 spianato
353 1091 61 43 et
449 1073 95 60 fut
581 1072 315 62 couronné
934 1072 148 60 d'un
1119 1071 315 83 splendide
1468 1067 228 61 succès.
1724 1066 127 61 Dès
1885 1070 138 71 lors,
2051 1070 271 80 pendant
2351 1071 296 80 quelques

63 1164 243 76 années,
344 1167 42 58 il
422 1189 74 37 ne
525 1166 147 80 joua
708 1167 136 80 plus
878 1187 74 36 en
990 1164 231 81 public.

252 1259 125 58 Des
418 1259 227 79 leçons,
700 1255 220 83 payées
960 1253 384 72 chèrement,
1382 1274 107 60 par
1540 1251 82 59 les
1674 1249 264 61 familles
1990 1251 341 80 polonaises
2384 1265 262 59 surtout,

64 1349 336 60 suffisaient
437 1347 460 83 généralement
932 1345 33 60 à
1001 1367 58 38 sa
1094 1347 99 57 vie
1228 1341 360 84 irrégulière
1623 1357 59 43 et
1717 1341 447 82 dispendieuse.

249 1442 281 80 Lorsque
548 1441 157 78 j'eus
741 1434 161 62 enfin
953 1439 54 57 le
1059 1435 281 60 bonheur
1390 1434 73 59 de
1513 1434 277 59 recevoir
1838 1453 86 38 ses
1973 1435 224 79 leçons,
2248 1434 43 57 il
2342 1434 306 80 m'exerça

63 1546 140 46 tout
239 1532 252 58 d'abord
531 1529 32 60 à
614 1531 197 58 varier
860 1541 457 47 constamment
1366 1527 295 80 l'attaque
1712 1524 184 59 d'une
1947 1526 160 57 seule
2158 1523 229 60 touche
2437 1540 60 43 et
2548 1546 100 37 me

64 1639 249 44 montra
347 1636 321 46 comment
704 1622 43 57 il
783 1620 273 59 obtenait
1092 1618 101 59 des
1228 1615 299 62 sonorités
1561 1616 263 59 diverses
1858 1615 181 59 d'une
2074 1616 206 58 même
2309 1615 229 59 touche
2573 1637 74 37 en

61 1716 57 59 la
169 1714 290 83 frappant
515 1714 73 59 de
642 1715 180 79 vingt
875 1710 212 82 façons
1142 1707 372 61 différentes.
1569 1708 70 79 Je
1667 1730 74 36 ne
1800 1707 137 82 puis
1995 1722 281 45 raconter
2327 1722 201 45 toutes
2566 1708 84 59 les

68 1806 419 60 observations
521 1805 151 81 qu'il
706 1825 102 37 me
842 1801 223 74 faisait,
1103 1802 152 59 mais
1288 1801 56 59 le
1378 1822 121 60 peu
1536 1822 119 59 que
1682 1800 62 80 je
1778 1800 134 71 sais,
1959 1799 142 59 c'est
2136 1797 31 60 à
2215 1799 89 58 lui
2355 1800 126 57 seul
2533 1820 119 60 que

56 1898 130 81 j'en
221 1899 121 57 suis
377 1895 338 61 redevable.

253 1989 53 59 Il
357 1988 221 58 voulut
637 2008 57 38 se
752 1984 150 60 faire
955 1983 295 61 entendre
1310 2004 116 37 une
1477 1979 278 62 dernière
1805 1979 117 61 fois
1971 1979 32 60 à
2053 1982 55 57 la
2142 1982 140 57 salle
2319 1980 228 82 Pleyel,
2599 1982 56 57 la

65 2078 349 85 perfection
450 2079 74 59 de
558 2100 106 38 son
706 2077 107 81 jeu
849 2076 150 59 était
1038 2077 57 57 la
1129 2076 226 69 même,
1410 2074 151 59 mais
1611 2095 87 38 ses
1747 2072 198 59 forces
1993 2070 204 60 furent
2248 2069 323 84 dépensées
2605 2073 48 57 si

65 2172 409 81 grandement
512 2192 119 60 que
664 2168 277 82 lorsqu'il
977 2182 103 43 eut
1115 2163 130 74 fini,
1282 2181 59 43 et
1392 2164 271 83 pendant
1701 2166 190 80 qu'on
1927 2163 369 59 l'acclamait
2332 2183 243 51 encore,
2611 2163 44 57 il

64 2263 214 60 tomba
314 2265 124 80 pris
474 2260 596 61 d'évanouissement
1105 2258 148 60 dans
1287 2260 56 57 la
1377 2258 140 59 salle
1552 2256 83 60 du
1669 2255 192 83 foyer.

254 2356 300 57 Pourtant
591 2374 81 37 un
711 2351 158 59 mois
905 2349 171 83 après
1113 2351 42 57 il
1206 2349 438 80 s'embarquait
1694 2369 158 60 pour
1903 2346 274 58 Londres
2227 2342 81 61 où
2359 2345 42 57 il
2451 2345 202 58 donna

64 2448 166 58 deux
266 2443 298 63 matinées
601 2444 154 60 chez
790 2443 132 59 lord
960 2439 370 73 Farmouth,
1367 2440 222 58 devant
1626 2462 80 35 un
1758 2437 303 60 auditoire
2114 2459 119 58 peu
2284 2436 368 71 nombreux,

65 2539 278 81 quoique
380 2551 246 68 payant.
661 2535 146 59 Puis
841 2535 44 57 il
922 2534 188 81 partit
1148 2554 153 60 pour
1339 2531 272 59 l'Ecosse
1646 2528 80 59 où
1762 2530 42 57 il
1841 2552 72 35 ne
1942 2526 216 61 réussit
2195 2526 185 83 guère
2415 2529 233 57 mieux.

64 2632 100 57 De
202 2631 135 80 plus
372 2651 74 35 en
484 2628 134 80 plus
652 2624 298 60 souffrant
987 2625 43 58 il
1066 2624 198 57 revint
1299 2620 31 60 à
1371 2622 166 58 Paris
1571 2637 57 42 et
1664 2622 142 57 loua
1841 2619 144 59 dans
2037 2641 82 35 un
2172 2619 270 80 quartier
2493 2615 158 75 aéré,

61 2744 109 38 rue
209 2721 74 58 de
320 2718 298 73 Chaillot,
656 2740 80 35 un
774 2717 275 58 modeste
1086 2717 335 77 logement.
1465 2713 166 58 Mais
1682 2733 103 37 son
1842 2713 170 56 triste
2059 2708 124 61 état
2235 2711 72 57 de
2357 2708 167 61 santé
2577 2731 75 37 ne

60 2812 418 62 s'améliorant
502 2830 104 61 pas
630 2811 42 56 il
708 2824 285 43 retourna
1034 2807 178 58 Place
1237 2805 327 58 Vendôme
1588 2818 57 44 et
1673 2827 38 60 y
1739 2803 213 80 expira
1978 2803 53 56 le
2070 2821 74 61 17
2169 2801 252 58 octobre
2460 2821 18 38 1
2500 2801 146 78 849.

248 2901 311 61 Combien
597 2915 135 43 sont
769 2897 464 81 exceptionnels
1260 2896 83 58 les
1372 2896 288 80 pianistes
1698 2895 107 80 qui
1833 2891 333 60 exécutent
2194 2892 83 57 les
2304 2912 239 39 œuvres
2578 2891 74 58 de

60 2996 259 82 Chopin
344 3014 249 39 comme
616 2992 45 58 il
694 2991 82 59 les
811 2990 219 58 sentait
1059 2989 11 59 !
1112 2989 142 64 Que
1282 2987 73 59 de
1388 2985 117 60 fois
1523 2986 61 80 je
1606 2985 97 58 l'ai
1731 3008 82 37 vu
1842 3006 58 37 se
1922 2985 164 58 lever
2111 2982 79 60 du
2220 2982 230 82 canapé
2488 2981 79 61 où
2604 2984 43 58 il

57 3086 152 61 était
245 3084 230 61 étendu
511 3098 60 44 et
605 3080 260 84 prendre
901 3102 100 37 ma
1034 3080 174 81 place
1244 3100 73 36 au
1355 3079 207 80 piano,
1592 3098 156 60 pour
1783 3074 289 59 exécuter
2230 3095 249 37 comme
2514 3075 45 57 il
2594 3075 56 57 la

56 3179 225 62 sentait
418 3177 254 58 l'œuvre
703 3194 119 60 que
846 3172 62 81 je
936 3172 206 58 venais
1165 3170 75 59 de
1265 3170 88 57 lui
1371 3169 180 80 jouer
1682 3169 124 57 mal
1948 3164 379 61 c'est-à-dire
2356 3165 145 60 dans
2530 3188 118 37 une

56 3286 178 48 toute
258 3285 172 44 autre
452 3264 525 84 expression,bien
996 3285 121 59 que
1138 3263 226 80 l'ayant
1387 3262 407 78 longuement
1816 3255 338 63 travaillée!
2183 3259 89 57 La
2294 3258 179 80 leçon
2497 3257 150 61 était

59 3363 148 63 finie
235 3384 102 38 car
361 3361 63 80 je
463 3380 73 37 ne
562 3357 236 60 voulais
832 3376 106 61 pas
965 3353 239 60 oublier
1239 3356 53 56 le
1327 3373 134 39 sens
1489 3373 118 59 que
1632 3351 211 80 j'avais
1877 3351 502 80 religieusement
2407 3347 240 62 écouté.

61 3460 92 57 La
188 3456 179 79 leçon
405 3452 301 69 suivante,
742 3467 263 61 presque
1054 3442 256 62 satisfait
1345 3443 71 60 de
1468 3445 55 57 la
1574 3440 272 60 manière
1893 3442 308 57 imitative
2248 3441 150 58 dont
2434 3441 221 80 j'avais

60 3542 282 68 travaillé
398 3564 68 37 ce
522 3560 311 51 morceau,
883 3539 62 80 je
1004 3537 54 59 le
1101 3536 221 81 jouais.
1393 3533 616 60 Malheureusement
2070 3532 209 81 quand
2329 3532 61 80 je
2446 3533 210 58 l'avais

60 3634 291 73 terminé,
380 3633 276 81 Chopin,
681 3630 277 80 toujours
979 3626 251 74 étendu,
1265 3648 60 39 se
1360 3626 253 59 relevait
1642 3639 59 44 et
1727 3622 172 84 après
1927 3624 256 59 m'avoir
2209 3622 444 83 brusquement
