<?xml version="1.0" encoding="UTF-8"?>
<alto xmlns:xsi="http://www.w3.org/2001/XMLSchema-instance" xmlns="http://www.loc.gov/standards/alto/ns-v2#" xsi:schemaLocation="http://www.loc.gov/standards/alto/ns-v2# http://www.loc.gov/standards/alto/alto-v2.0.xsd" xmlns:xlink="http://www.w3.org/1999/xlink">
	<Description>
		<MeasurementUnit>mm10</MeasurementUnit>
		<sourceImageInformation>
			<fileName>//fileserver7/IN2/Princeton/Batch3/bmtnabh/1913/12/01_01/00000299.tif</fileName>
		</sourceImageInformation>
		<OCRProcessing ID="OCRPROCESSING_1">
			<preProcessingStep>
				<processingSoftware>
					<softwareCreator>CCS Content Conversion Specialists GmbH, Germany</softwareCreator>
					<softwareName>CCS docWORKS</softwareName>
					<softwareVersion>6.6-1.18</softwareVersion>
				</processingSoftware>
			</preProcessingStep>
			<ocrProcessingStep>
				<processingSoftware>
					<softwareCreator>ABBYY (BIT Software), Russia</softwareCreator>
					<softwareName>FineReader</softwareName>
					<softwareVersion>10.0</softwareVersion>
				</processingSoftware>
			</ocrProcessingStep>
		</OCRProcessing>
	</Description>
	<Styles>
		<TextStyle ID="TXT_0" FONTSIZE="28" FONTFAMILY="Times New Roman"/>
		<TextStyle ID="TXT_1" FONTSIZE="26" FONTFAMILY="Times New Roman"/>
		<TextStyle ID="TXT_2" FONTSIZE="15" FONTFAMILY="Times New Roman"/>
		<TextStyle ID="TXT_3" FONTSIZE="18" FONTFAMILY="Times New Roman" FONTSTYLE="bold"/>
		<TextStyle ID="TXT_4" FONTSIZE="19" FONTFAMILY="Courier New" FONTSTYLE="bold"/>
		<TextStyle ID="TXT_5" FONTSIZE="30" FONTFAMILY="Courier New"/>
		<TextStyle ID="TXT_6" FONTSIZE="16" FONTFAMILY="Times New Roman" FONTSTYLE="bold italics"/>
		<TextStyle ID="TXT_7" FONTSIZE="14" FONTFAMILY="Times New Roman"/>
		<TextStyle ID="TXT_8" FONTSIZE="13" FONTFAMILY="Times New Roman"/>
		<TextStyle ID="TXT_9" FONTSIZE="15" FONTFAMILY="Times New Roman" FONTSTYLE="italics"/>
		<ParagraphStyle ID="PAR_CENTER" ALIGN="Center"/>
		<ParagraphStyle ID="PAR_RIGHT" ALIGN="Right"/>
		<ParagraphStyle ID="PAR_LEFT" ALIGN="Left"/>
	</Styles>
	<Layout>
		<Page ID="P57" PHYSICAL_IMG_NR="57" HEIGHT="4061" WIDTH="2824" PC="0.941">
			<TopMargin ID="P57_TM00001" HPOS="0" VPOS="0" WIDTH="2824" HEIGHT="240"/>
			<LeftMargin ID="P57_LM00001" HPOS="0" VPOS="240" WIDTH="32" HEIGHT="3513"/>
			<RightMargin ID="P57_RM00001" HPOS="2635" VPOS="240" WIDTH="189" HEIGHT="3513"/>
			<BottomMargin ID="P57_BM00001" HPOS="0" VPOS="3753" WIDTH="2824" HEIGHT="308"/>
			<PrintSpace ID="P57_PS00001" HPOS="32" VPOS="240" WIDTH="2603" HEIGHT="3513">
				<TextBlock ID="P57_TB00001" HPOS="1113" VPOS="241" WIDTH="439" HEIGHT="69" STYLEREFS="TXT_0 PAR_CENTER">
					<TextLine ID="P57_TL00001" HPOS="1113" VPOS="241" WIDTH="439" HEIGHT="69">
						<String ID="P57_ST00001" HPOS="1113" VPOS="242" WIDTH="122" HEIGHT="68" CONTENT="LE" WC="0.99" CC="00"/>
						<SP ID="P57_SP00001" HPOS="1235" VPOS="310" WIDTH="68"/>
						<String ID="P57_ST00002" HPOS="1303" VPOS="241" WIDTH="249" HEIGHT="69" CONTENT="MOIS" WC="0.99" CC="0012"/>
						<SP ID="P57_SP00002" HPOS="1552" VPOS="310" WIDTH="0"/>
					</TextLine>
				</TextBlock>
				<TextBlock ID="P57_TB00002" HPOS="2526" VPOS="260" WIDTH="97" HEIGHT="75" STYLEREFS="TXT_1 PAR_RIGHT">
					<TextLine ID="P57_TL00002" HPOS="2528" VPOS="261" WIDTH="92" HEIGHT="73">
						<String ID="P57_ST00003" HPOS="2528" VPOS="261" WIDTH="92" HEIGHT="73" CONTENT="55" WC="1.00" CC="00"/>
					</TextLine>
				</TextBlock>
				<TextBlock ID="P57_TB00003" HPOS="43" VPOS="383" WIDTH="2592" HEIGHT="931" STYLEREFS="TXT_2 PAR_LEFT">
					<TextLine ID="P57_TL00003" HPOS="44" VPOS="383" WIDTH="2585" HEIGHT="69">
						<String ID="P57_ST00004" HPOS="44" VPOS="383" WIDTH="356" HEIGHT="48" CONTENT="subventionné" WC="1.00" CC="000070020005"/>
						<SP ID="P57_SP00003" HPOS="400" VPOS="431" WIDTH="40"/>
						<String ID="P57_ST00005" HPOS="440" VPOS="403" WIDTH="80" HEIGHT="44" CONTENT="par" WC="1.00" CC="000"/>
						<SP ID="P57_SP00004" HPOS="520" VPOS="447" WIDTH="47"/>
						<String ID="P57_ST00006" HPOS="567" VPOS="386" WIDTH="44" HEIGHT="47" CONTENT="la" WC="0.31" CC="58"/>
						<SP ID="P57_SP00005" HPOS="611" VPOS="447" WIDTH="45"/>
						<String ID="P57_ST00007" HPOS="656" VPOS="386" WIDTH="109" HEIGHT="48" CONTENT="ville" WC="1.00" CC="00300"/>
						<SP ID="P57_SP00006" HPOS="765" VPOS="447" WIDTH="53"/>
						<String ID="P57_ST00008" HPOS="818" VPOS="388" WIDTH="56" HEIGHT="46" CONTENT="de" WC="0.91" CC="01"/>
						<SP ID="P57_SP00007" HPOS="874" VPOS="447" WIDTH="32"/>
						<String ID="P57_ST00009" HPOS="906" VPOS="386" WIDTH="280" HEIGHT="63" CONTENT="Barcelone," WC="1.00" CC="5000031004"/>
						<SP ID="P57_SP00008" HPOS="1186" VPOS="449" WIDTH="29"/>
						<String ID="P57_ST00010" HPOS="1215" VPOS="388" WIDTH="285" HEIGHT="62" CONTENT="entreprend" WC="1.00" CC="1000000100"/>
						<SP ID="P57_SP00009" HPOS="1500" VPOS="450" WIDTH="30"/>
						<String ID="P57_ST00011" HPOS="1530" VPOS="406" WIDTH="65" HEIGHT="28" CONTENT="un" WC="1.00" CC="00"/>
						<SP ID="P57_SP00010" HPOS="1595" VPOS="450" WIDTH="29"/>
						<String ID="P57_ST00012" HPOS="1624" VPOS="405" WIDTH="180" HEIGHT="47" CONTENT="voyage" WC="1.00" CC="000000"/>
						<SP ID="P57_SP00011" HPOS="1804" VPOS="452" WIDTH="29"/>
						<String ID="P57_ST00013" HPOS="1833" VPOS="387" WIDTH="228" HEIGHT="49" CONTENT="d'études." WC="0.99" CC="046000004"/>
						<SP ID="P57_SP00012" HPOS="2061" VPOS="452" WIDTH="32"/>
						<String ID="P57_ST00014" HPOS="2093" VPOS="388" WIDTH="208" HEIGHT="48" CONTENT="Comme" WC="1.00" CC="00000"/>
						<SP ID="P57_SP00013" HPOS="2301" VPOS="452" WIDTH="29"/>
						<String ID="P57_ST00015" HPOS="2330" VPOS="388" WIDTH="31" HEIGHT="47" CONTENT="il" WC="0.50" CC="54"/>
						<SP ID="P57_SP00014" HPOS="2361" VPOS="452" WIDTH="28"/>
						<String ID="P57_ST00016" HPOS="2389" VPOS="406" WIDTH="26" HEIGHT="29" CONTENT="a" WC="1.00" CC="0"/>
						<SP ID="P57_SP00015" HPOS="2415" VPOS="452" WIDTH="26"/>
						<String ID="P57_ST00017" HPOS="2441" VPOS="389" WIDTH="151" HEIGHT="46" CONTENT="raison" WC="0.99" CC="060030"/>
						<SP ID="P57_SP00016" HPOS="2592" VPOS="452" WIDTH="28"/>
						<String ID="P57_ST00018" HPOS="2620" VPOS="385" WIDTH="9" HEIGHT="50" CONTENT="!" WC="1.00" CC="0"/>
					</TextLine>
					<TextLine ID="P57_TL00004" HPOS="194" VPOS="455" WIDTH="2438" HEIGHT="68">
						<String ID="P57_ST00019" HPOS="194" VPOS="455" WIDTH="342" HEIGHT="66" CONTENT="D'Amérique" WC="1.00" CC="0400500000"/>
						<SP ID="P57_SP00017" HPOS="536" VPOS="521" WIDTH="45"/>
						<String ID="P57_ST00020" HPOS="581" VPOS="476" WIDTH="121" HEIGHT="30" CONTENT="nous" WC="0.99" CC="0200"/>
						<SP ID="P57_SP00018" HPOS="702" VPOS="521" WIDTH="39"/>
						<String ID="P57_ST00021" HPOS="741" VPOS="460" WIDTH="192" HEIGHT="46" CONTENT="vinrent" WC="1.00" CC="0100000"/>
						<SP ID="P57_SP00019" HPOS="933" VPOS="521" WIDTH="44"/>
						<String ID="P57_ST00022" HPOS="977" VPOS="460" WIDTH="126" HEIGHT="47" CONTENT="Mlle" WC="0.98" CC="0530"/>
						<SP ID="P57_SP00020" HPOS="1103" VPOS="521" WIDTH="41"/>
						<String ID="P57_ST00023" HPOS="1144" VPOS="466" WIDTH="166" HEIGHT="41" CONTENT="Hilda" WC="0.72" CC="50260" STYLEREFS="TXT_3"/>
						<SP ID="P57_SP00021" HPOS="1310" VPOS="521" WIDTH="19"/>
						<String ID="P57_ST00024" HPOS="1329" VPOS="466" WIDTH="266" HEIGHT="49" CONTENT="Wierum," WC="0.69" CC="0007706" STYLEREFS="TXT_3"/>
						<SP ID="P57_SP00022" HPOS="1595" VPOS="521" WIDTH="43"/>
						<String ID="P57_ST00025" HPOS="1638" VPOS="460" WIDTH="145" HEIGHT="63" CONTENT="jeune" WC="0.99" CC="61003"/>
						<SP ID="P57_SP00023" HPOS="1783" VPOS="523" WIDTH="46"/>
						<String ID="P57_ST00026" HPOS="1829" VPOS="461" WIDTH="259" HEIGHT="46" CONTENT="cantatrice" WC="1.00" CC="0000000400"/>
						<SP ID="P57_SP00024" HPOS="2088" VPOS="523" WIDTH="43"/>
						<String ID="P57_ST00027" HPOS="2131" VPOS="475" WIDTH="46" HEIGHT="32" CONTENT="et" WC="0.54" CC="26"/>
						<SP ID="P57_SP00025" HPOS="2177" VPOS="523" WIDTH="48"/>
						<String ID="P57_ST00028" HPOS="2225" VPOS="461" WIDTH="78" HEIGHT="49" CONTENT="M." WC="0.79" CC="04"/>
						<SP ID="P57_SP00026" HPOS="2303" VPOS="523" WIDTH="48"/>
						<String ID="P57_ST00029" HPOS="2351" VPOS="465" WIDTH="187" HEIGHT="43" CONTENT="Carlos" WC="0.98" CC="537205" STYLEREFS="TXT_3"/>
						<SP ID="P57_SP00027" HPOS="2538" VPOS="523" WIDTH="25"/>
						<String ID="P57_ST00030" HPOS="2563" VPOS="465" WIDTH="69" HEIGHT="42" CONTENT="de" WC="0.65" CC="70" STYLEREFS="TXT_3"/>
					</TextLine>
					<TextLine ID="P57_TL00005" HPOS="46" VPOS="530" WIDTH="1849" HEIGHT="62">
						<String ID="P57_ST00031" HPOS="46" VPOS="531" WIDTH="289" HEIGHT="54" CONTENT="Carvalho," WC="0.70" CC="600600507" STYLEREFS="TXT_3"/>
						<SP ID="P57_SP00028" HPOS="335" VPOS="585" WIDTH="31"/>
						<String ID="P57_ST00032" HPOS="366" VPOS="530" WIDTH="261" HEIGHT="61" CONTENT="professeur" WC="1.00" CC="0000000000"/>
						<SP ID="P57_SP00029" HPOS="627" VPOS="591" WIDTH="29"/>
						<String ID="P57_ST00033" HPOS="656" VPOS="532" WIDTH="56" HEIGHT="45" CONTENT="de" WC="1.00" CC="00"/>
						<SP ID="P57_SP00030" HPOS="712" VPOS="591" WIDTH="28"/>
						<String ID="P57_ST00034" HPOS="740" VPOS="533" WIDTH="146" HEIGHT="45" CONTENT="chant" WC="0.99" CC="05000"/>
						<SP ID="P57_SP00031" HPOS="886" VPOS="591" WIDTH="27"/>
						<String ID="P57_ST00035" HPOS="913" VPOS="550" WIDTH="60" HEIGHT="28" CONTENT="au" WC="1.00" CC="00"/>
						<SP ID="P57_SP00032" HPOS="973" VPOS="591" WIDTH="29"/>
						<String ID="P57_ST00036" HPOS="1002" VPOS="532" WIDTH="364" HEIGHT="48" CONTENT="Conservatoire" WC="1.00" CC="0070000800130"/>
						<SP ID="P57_SP00033" HPOS="1366" VPOS="591" WIDTH="30"/>
						<String ID="P57_ST00037" HPOS="1396" VPOS="532" WIDTH="55" HEIGHT="46" CONTENT="de" WC="1.00" CC="00"/>
						<SP ID="P57_SP00034" HPOS="1451" VPOS="591" WIDTH="30"/>
						<String ID="P57_ST00038" HPOS="1481" VPOS="531" WIDTH="414" HEIGHT="61" CONTENT="Rio-de-Janeiro." WC="0.79" CC="430400420005024"/>
					</TextLine>
					<TextLine ID="P57_TL00006" HPOS="192" VPOS="600" WIDTH="2440" HEIGHT="68">
						<String ID="P57_ST00039" HPOS="192" VPOS="600" WIDTH="66" HEIGHT="48" CONTENT="Et" WC="0.92" CC="10"/>
						<SP ID="P57_SP00035" HPOS="258" VPOS="648" WIDTH="45"/>
						<String ID="P57_ST00040" HPOS="303" VPOS="619" WIDTH="118" HEIGHT="44" CONTENT="pour" WC="1.00" CC="0000"/>
						<SP ID="P57_SP00036" HPOS="421" VPOS="663" WIDTH="42"/>
						<String ID="P57_ST00041" HPOS="463" VPOS="620" WIDTH="94" HEIGHT="44" CONTENT="que" WC="0.98" CC="004"/>
						<SP ID="P57_SP00037" HPOS="557" VPOS="664" WIDTH="54"/>
						<String ID="P57_ST00042" HPOS="611" VPOS="602" WIDTH="77" HEIGHT="47" CONTENT="M." WC="0.78" CC="04"/>
						<SP ID="P57_SP00038" HPOS="688" VPOS="664" WIDTH="33"/>
						<String ID="P57_ST00043" HPOS="721" VPOS="603" WIDTH="304" HEIGHT="50" CONTENT="Saint-Saëns" WC="0.90" CC="00000400600"/>
						<SP ID="P57_SP00039" HPOS="1025" VPOS="664" WIDTH="50"/>
						<String ID="P57_ST00044" HPOS="1075" VPOS="622" WIDTH="60" HEIGHT="27" CONTENT="ne" WC="1.00" CC="00"/>
						<SP ID="P57_SP00040" HPOS="1135" VPOS="664" WIDTH="52"/>
						<String ID="P57_ST00045" HPOS="1187" VPOS="603" WIDTH="173" HEIGHT="65" CONTENT="figurât" WC="1.00" CC="1100040"/>
						<SP ID="P57_SP00041" HPOS="1360" VPOS="668" WIDTH="51"/>
						<String ID="P57_ST00046" HPOS="1411" VPOS="605" WIDTH="136" HEIGHT="60" CONTENT="point" WC="0.99" CC="00500"/>
						<SP ID="P57_SP00042" HPOS="1547" VPOS="668" WIDTH="50"/>
						<String ID="P57_ST00047" HPOS="1597" VPOS="620" WIDTH="66" HEIGHT="28" CONTENT="un" WC="0.66" CC="06"/>
						<SP ID="P57_SP00043" HPOS="1663" VPOS="668" WIDTH="54"/>
						<String ID="P57_ST00048" HPOS="1717" VPOS="602" WIDTH="201" HEIGHT="46" CONTENT="cavalier" WC="1.00" CC="00004100"/>
						<SP ID="P57_SP00044" HPOS="1918" VPOS="668" WIDTH="52"/>
						<String ID="P57_ST00049" HPOS="1970" VPOS="604" WIDTH="98" HEIGHT="45" CONTENT="seul" WC="1.00" CC="0000"/>
						<SP ID="P57_SP00045" HPOS="2068" VPOS="668" WIDTH="53"/>
						<String ID="P57_ST00050" HPOS="2121" VPOS="605" WIDTH="173" HEIGHT="46" CONTENT="devant" WC="1.00" CC="000000"/>
						<SP ID="P57_SP00046" HPOS="2294" VPOS="668" WIDTH="50"/>
						<String ID="P57_ST00051" HPOS="2344" VPOS="606" WIDTH="42" HEIGHT="46" CONTENT="le" WC="0.82" CC="30"/>
						<SP ID="P57_SP00047" HPOS="2386" VPOS="668" WIDTH="52"/>
						<String ID="P57_ST00052" HPOS="2438" VPOS="605" WIDTH="194" HEIGHT="62" CONTENT="clavier," WC="1.00" CC="02003001"/>
					</TextLine>
					<TextLine ID="P57_TL00007" HPOS="45" VPOS="674" WIDTH="2404" HEIGHT="61">
						<String ID="P57_ST00053" HPOS="45" VPOS="676" WIDTH="69" HEIGHT="42" CONTENT="M." WC="0.54" CC="44" STYLEREFS="TXT_3"/>
						<SP ID="P57_SP00048" HPOS="114" VPOS="718" WIDTH="27"/>
						<String ID="P57_ST00054" HPOS="141" VPOS="677" WIDTH="215" HEIGHT="42" CONTENT="Arthur" WC="0.96" CC="676767" STYLEREFS="TXT_3"/>
						<SP ID="P57_SP00049" HPOS="356" VPOS="719" WIDTH="22"/>
						<String ID="P57_ST00055" HPOS="378" VPOS="679" WIDTH="283" HEIGHT="42" CONTENT="Shattuck" WC="0.60" CC="06055606" STYLEREFS="TXT_3"/>
						<SP ID="P57_SP00050" HPOS="661" VPOS="721" WIDTH="35"/>
						<String ID="P57_ST00056" HPOS="696" VPOS="678" WIDTH="240" HEIGHT="44" CONTENT="consentit" WC="1.00" CC="000000004"/>
						<SP ID="P57_SP00051" HPOS="936" VPOS="722" WIDTH="27"/>
						<String ID="P57_ST00057" HPOS="963" VPOS="675" WIDTH="25" HEIGHT="46" CONTENT="à" WC="0.34" CC="6"/>
						<SP ID="P57_SP00052" HPOS="988" VPOS="722" WIDTH="28"/>
						<String ID="P57_ST00058" HPOS="1016" VPOS="675" WIDTH="65" HEIGHT="47" CONTENT="lui" WC="0.98" CC="400"/>
						<SP ID="P57_SP00053" HPOS="1081" VPOS="722" WIDTH="29"/>
						<String ID="P57_ST00059" HPOS="1110" VPOS="676" WIDTH="111" HEIGHT="46" CONTENT="faire" WC="0.99" CC="00500"/>
						<SP ID="P57_SP00054" HPOS="1221" VPOS="722" WIDTH="28"/>
						<String ID="P57_ST00060" HPOS="1249" VPOS="675" WIDTH="230" HEIGHT="60" CONTENT="vis-à-vis," WC="0.99" CC="0004440404"/>
						<SP ID="P57_SP00055" HPOS="1479" VPOS="735" WIDTH="30"/>
						<String ID="P57_ST00061" HPOS="1509" VPOS="675" WIDTH="41" HEIGHT="45" CONTENT="le" WC="0.94" CC="01"/>
						<SP ID="P57_SP00056" HPOS="1550" VPOS="735" WIDTH="29"/>
						<String ID="P57_ST00062" HPOS="1579" VPOS="674" WIDTH="160" HEIGHT="45" CONTENT="même" WC="0.99" CC="0400"/>
						<SP ID="P57_SP00057" HPOS="1739" VPOS="735" WIDTH="26"/>
						<String ID="P57_ST00063" HPOS="1765" VPOS="674" WIDTH="107" HEIGHT="60" CONTENT="soir," WC="0.99" CC="00104"/>
						<SP ID="P57_SP00058" HPOS="1872" VPOS="735" WIDTH="30"/>
						<String ID="P57_ST00064" HPOS="1902" VPOS="674" WIDTH="113" HEIGHT="47" CONTENT="dans" WC="1.00" CC="0000"/>
						<SP ID="P57_SP00059" HPOS="2015" VPOS="735" WIDTH="26"/>
						<String ID="P57_ST00065" HPOS="2041" VPOS="693" WIDTH="96" HEIGHT="29" CONTENT="une" WC="1.00" CC="000"/>
						<SP ID="P57_SP00060" HPOS="2137" VPOS="735" WIDTH="26"/>
						<String ID="P57_ST00066" HPOS="2163" VPOS="688" WIDTH="134" HEIGHT="34" CONTENT="autre" WC="1.00" CC="00000"/>
						<SP ID="P57_SP00061" HPOS="2297" VPOS="735" WIDTH="26"/>
						<String ID="P57_ST00067" HPOS="2323" VPOS="677" WIDTH="126" HEIGHT="48" CONTENT="salle." WC="0.98" CC="005604"/>
					</TextLine>
					<TextLine ID="P57_TL00008" HPOS="193" VPOS="744" WIDTH="2442" HEIGHT="67">
						<String ID="P57_ST00068" HPOS="193" VPOS="744" WIDTH="131" HEIGHT="48" CONTENT="Mais" WC="0.98" CC="0015"/>
						<SP ID="P57_SP00062" HPOS="324" VPOS="792" WIDTH="27"/>
						<String ID="P57_ST00069" HPOS="351" VPOS="764" WIDTH="53" HEIGHT="29" CONTENT="ce" WC="1.00" CC="00"/>
						<SP ID="P57_SP00063" HPOS="404" VPOS="793" WIDTH="30"/>
						<String ID="P57_ST00070" HPOS="434" VPOS="764" WIDTH="59" HEIGHT="28" CONTENT="ne" WC="1.00" CC="00"/>
						<SP ID="P57_SP00064" HPOS="493" VPOS="793" WIDTH="27"/>
						<String ID="P57_ST00071" HPOS="520" VPOS="758" WIDTH="109" HEIGHT="35" CONTENT="sont" WC="1.00" CC="0200"/>
						<SP ID="P57_SP00065" HPOS="629" VPOS="793" WIDTH="46"/>
						<String ID="P57_ST00072" HPOS="675" VPOS="746" WIDTH="42" HEIGHT="47" CONTENT="là" WC="0.76" CC="40"/>
						<SP ID="P57_SP00066" HPOS="717" VPOS="793" WIDTH="44"/>
						<String ID="P57_ST00073" HPOS="761" VPOS="745" WIDTH="447" HEIGHT="64" CONTENT="qu'escarmouches" WC="1.00" CC="004000000000000"/>
						<SP ID="P57_SP00067" HPOS="1208" VPOS="809" WIDTH="45"/>
						<String ID="P57_ST00074" HPOS="1253" VPOS="747" WIDTH="193" HEIGHT="62" CONTENT="légères," WC="0.99" CC="36060014"/>
						<SP ID="P57_SP00068" HPOS="1446" VPOS="809" WIDTH="47"/>
						<String ID="P57_ST00075" HPOS="1493" VPOS="746" WIDTH="226" HEIGHT="62" CONTENT="premiers" WC="0.99" CC="00102800"/>
						<SP ID="P57_SP00069" HPOS="1719" VPOS="809" WIDTH="45"/>
						<String ID="P57_ST00076" HPOS="1764" VPOS="746" WIDTH="216" HEIGHT="46" CONTENT="combats" WC="1.00" CC="0000000"/>
						<SP ID="P57_SP00070" HPOS="1980" VPOS="809" WIDTH="45"/>
						<String ID="P57_ST00077" HPOS="2025" VPOS="747" WIDTH="376" HEIGHT="64" CONTENT="d'avant-garde," WC="1.00" CC="04000044000014"/>
						<SP ID="P57_SP00071" HPOS="2401" VPOS="811" WIDTH="41"/>
						<String ID="P57_ST00078" HPOS="2442" VPOS="748" WIDTH="193" HEIGHT="62" CONTENT="simples" WC="0.99" CC="0300326"/>
					</TextLine>
					<TextLine ID="P57_TL00009" HPOS="45" VPOS="816" WIDTH="2590" HEIGHT="61">
						<String ID="P57_ST00079" HPOS="45" VPOS="816" WIDTH="145" HEIGHT="61" CONTENT="prises" WC="1.00" CC="001000"/>
						<SP ID="P57_SP00072" HPOS="190" VPOS="877" WIDTH="27"/>
						<String ID="P57_ST00080" HPOS="217" VPOS="817" WIDTH="56" HEIGHT="46" CONTENT="de" WC="1.00" CC="00"/>
						<SP ID="P57_SP00073" HPOS="273" VPOS="877" WIDTH="30"/>
						<String ID="P57_ST00081" HPOS="303" VPOS="830" WIDTH="209" HEIGHT="35" CONTENT="contact." WC="1.00" CC="00050004"/>
						<SP ID="P57_SP00074" HPOS="512" VPOS="877" WIDTH="31"/>
						<String ID="P57_ST00082" HPOS="543" VPOS="817" WIDTH="94" HEIGHT="48" CONTENT="Les" WC="1.00" CC="000"/>
						<SP ID="P57_SP00075" HPOS="637" VPOS="877" WIDTH="28"/>
						<String ID="P57_ST00083" HPOS="665" VPOS="820" WIDTH="125" HEIGHT="45" CONTENT="noirs" WC="1.00" CC="00100"/>
						<SP ID="P57_SP00076" HPOS="790" VPOS="877" WIDTH="28"/>
						<String ID="P57_ST00084" HPOS="818" VPOS="818" WIDTH="247" HEIGHT="48" CONTENT="bataillons" WC="0.99" CC="0050520250"/>
						<SP ID="P57_SP00077" HPOS="1065" VPOS="877" WIDTH="24"/>
						<String ID="P57_ST00085" HPOS="1089" VPOS="837" WIDTH="47" HEIGHT="29" CONTENT="se" WC="1.00" CC="00"/>
						<SP ID="P57_SP00078" HPOS="1136" VPOS="877" WIDTH="28"/>
						<String ID="P57_ST00086" HPOS="1164" VPOS="832" WIDTH="226" HEIGHT="34" CONTENT="trouvent" WC="1.00" CC="00000003"/>
						<SP ID="P57_SP00079" HPOS="1390" VPOS="877" WIDTH="28"/>
						<String ID="P57_ST00087" HPOS="1418" VPOS="835" WIDTH="171" HEIGHT="29" CONTENT="encore" WC="0.99" CC="070000"/>
						<SP ID="P57_SP00080" HPOS="1589" VPOS="877" WIDTH="47"/>
						<String ID="P57_ST00088" HPOS="1636" VPOS="818" WIDTH="107" HEIGHT="44" CONTENT="hors" WC="1.00" CC="0100"/>
						<SP ID="P57_SP00081" HPOS="1743" VPOS="877" WIDTH="45"/>
						<String ID="P57_ST00089" HPOS="1788" VPOS="817" WIDTH="55" HEIGHT="45" CONTENT="de" WC="1.00" CC="00"/>
						<SP ID="P57_SP00082" HPOS="1843" VPOS="877" WIDTH="43"/>
						<String ID="P57_ST00090" HPOS="1886" VPOS="818" WIDTH="177" HEIGHT="59" CONTENT="portée." WC="0.99" CC="0030604"/>
						<SP ID="P57_SP00083" HPOS="2063" VPOS="877" WIDTH="30"/>
						<String ID="P57_ST00091" HPOS="2093" VPOS="819" WIDTH="237" HEIGHT="48" CONTENT="Couverts" WC="1.00" CC="00000030"/>
						<SP ID="P57_SP00084" HPOS="2330" VPOS="877" WIDTH="40"/>
						<String ID="P57_ST00092" HPOS="2370" VPOS="819" WIDTH="265" HEIGHT="48" CONTENT="d'armures" WC="1.00" CC="030000009"/>
					</TextLine>
					<TextLine ID="P57_TL00010" HPOS="44" VPOS="888" WIDTH="2585" HEIGHT="64">
						<String ID="P57_ST00093" HPOS="44" VPOS="889" WIDTH="214" HEIGHT="47" CONTENT="sombres" WC="1.00" CC="0001000"/>
						<SP ID="P57_SP00085" HPOS="258" VPOS="936" WIDTH="26"/>
						<String ID="P57_ST00094" HPOS="284" VPOS="902" WIDTH="47" HEIGHT="33" CONTENT="et" WC="0.90" CC="20"/>
						<SP ID="P57_SP00086" HPOS="331" VPOS="936" WIDTH="28"/>
						<String ID="P57_ST00095" HPOS="359" VPOS="889" WIDTH="274" HEIGHT="63" CONTENT="éclatantes," WC="0.99" CC="50200900004"/>
						<SP ID="P57_SP00087" HPOS="633" VPOS="952" WIDTH="29"/>
						<String ID="P57_ST00096" HPOS="662" VPOS="890" WIDTH="54" HEIGHT="48" CONTENT="ils" WC="0.99" CC="200"/>
						<SP ID="P57_SP00088" HPOS="716" VPOS="952" WIDTH="26"/>
						<String ID="P57_ST00097" HPOS="742" VPOS="890" WIDTH="274" HEIGHT="48" CONTENT="s'avancent" WC="1.00" CC="0400000070"/>
						<SP ID="P57_SP00089" HPOS="1016" VPOS="952" WIDTH="28"/>
						<String ID="P57_ST00098" HPOS="1044" VPOS="890" WIDTH="252" HEIGHT="47" CONTENT="isolément" WC="1.00" CC="300060000"/>
						<SP ID="P57_SP00090" HPOS="1296" VPOS="952" WIDTH="28"/>
						<String ID="P57_ST00099" HPOS="1324" VPOS="908" WIDTH="63" HEIGHT="29" CONTENT="ou" WC="1.00" CC="00"/>
						<SP ID="P57_SP00091" HPOS="1387" VPOS="952" WIDTH="28"/>
						<String ID="P57_ST00100" HPOS="1415" VPOS="907" WIDTH="80" HEIGHT="44" CONTENT="par" WC="1.00" CC="000"/>
						<SP ID="P57_SP00092" HPOS="1495" VPOS="952" WIDTH="29"/>
						<String ID="P57_ST00101" HPOS="1524" VPOS="888" WIDTH="174" HEIGHT="47" CONTENT="bandes" WC="1.00" CC="000000"/>
						<SP ID="P57_SP00093" HPOS="1698" VPOS="952" WIDTH="28"/>
						<String ID="P57_ST00102" HPOS="1726" VPOS="888" WIDTH="297" HEIGHT="61" CONTENT="disciplinées" WC="1.00" CC="000030410600"/>
						<SP ID="P57_SP00094" HPOS="2023" VPOS="952" WIDTH="27"/>
						<String ID="P57_ST00103" HPOS="2050" VPOS="908" WIDTH="57" HEIGHT="28" CONTENT="en" WC="0.90" CC="01"/>
						<SP ID="P57_SP00095" HPOS="2107" VPOS="952" WIDTH="31"/>
						<String ID="P57_ST00104" HPOS="2138" VPOS="891" WIDTH="185" HEIGHT="46" CONTENT="battant" WC="1.00" CC="0010004"/>
						<SP ID="P57_SP00096" HPOS="2323" VPOS="952" WIDTH="26"/>
						<String ID="P57_ST00105" HPOS="2349" VPOS="891" WIDTH="43" HEIGHT="47" CONTENT="la" WC="0.91" CC="10"/>
						<SP ID="P57_SP00097" HPOS="2392" VPOS="952" WIDTH="35"/>
						<String ID="P57_ST00106" HPOS="2427" VPOS="908" WIDTH="202" HEIGHT="32" CONTENT="mesure." WC="1.00" CC="0200004"/>
					</TextLine>
					<TextLine ID="P57_TL00011" HPOS="46" VPOS="958" WIDTH="2588" HEIGHT="67">
						<String ID="P57_ST00107" HPOS="46" VPOS="958" WIDTH="97" HEIGHT="49" CONTENT="Les" WC="1.00" CC="000"/>
						<SP ID="P57_SP00098" HPOS="143" VPOS="1007" WIDTH="25"/>
						<String ID="P57_ST00108" HPOS="168" VPOS="978" WIDTH="91" HEIGHT="30" CONTENT="uns" WC="0.98" CC="600"/>
						<SP ID="P57_SP00099" HPOS="259" VPOS="1008" WIDTH="29"/>
						<String ID="P57_ST00109" HPOS="288" VPOS="962" WIDTH="295" HEIGHT="46" CONTENT="brandissent" WC="1.00" CC="00060300000"/>
						<SP ID="P57_SP00100" HPOS="583" VPOS="1008" WIDTH="26"/>
						<String ID="P57_ST00110" HPOS="609" VPOS="962" WIDTH="214" HEIGHT="61" CONTENT="l'archet," WC="1.00" CC="040002004"/>
						<SP ID="P57_SP00101" HPOS="823" VPOS="1023" WIDTH="29"/>
						<String ID="P57_ST00111" HPOS="852" VPOS="962" WIDTH="64" HEIGHT="47" CONTENT="tel" WC="1.00" CC="000"/>
						<SP ID="P57_SP00102" HPOS="916" VPOS="1023" WIDTH="28"/>
						<String ID="P57_ST00112" HPOS="944" VPOS="980" WIDTH="65" HEIGHT="28" CONTENT="un" WC="1.00" CC="00"/>
						<SP ID="P57_SP00103" HPOS="1009" VPOS="1023" WIDTH="30"/>
						<String ID="P57_ST00113" HPOS="1039" VPOS="962" WIDTH="167" HEIGHT="63" CONTENT="glaive." WC="0.99" CC="0400023"/>
						<SP ID="P57_SP00104" HPOS="1206" VPOS="1025" WIDTH="29"/>
						<String ID="P57_ST00114" HPOS="1235" VPOS="962" WIDTH="62" HEIGHT="46" CONTENT="Ils" WC="0.97" CC="510"/>
						<SP ID="P57_SP00105" HPOS="1297" VPOS="1025" WIDTH="27"/>
						<String ID="P57_ST00115" HPOS="1324" VPOS="962" WIDTH="236" HEIGHT="60" CONTENT="disposent" WC="1.00" CC="030004000"/>
						<SP ID="P57_SP00106" HPOS="1560" VPOS="1025" WIDTH="27"/>
						<String ID="P57_ST00116" HPOS="1587" VPOS="960" WIDTH="64" HEIGHT="46" CONTENT="les" WC="0.98" CC="130"/>
						<SP ID="P57_SP00107" HPOS="1651" VPOS="1025" WIDTH="26"/>
						<String ID="P57_ST00117" HPOS="1677" VPOS="959" WIDTH="185" HEIGHT="47" CONTENT="violons" WC="1.00" CC="0240000"/>
						<SP ID="P57_SP00108" HPOS="1862" VPOS="1025" WIDTH="26"/>
						<String ID="P57_ST00118" HPOS="1888" VPOS="978" WIDTH="190" HEIGHT="29" CONTENT="comme" WC="1.00" CC="00000"/>
						<SP ID="P57_SP00109" HPOS="2078" VPOS="1025" WIDTH="29"/>
						<String ID="P57_ST00119" HPOS="2107" VPOS="962" WIDTH="78" HEIGHT="46" CONTENT="des" WC="1.00" CC="000"/>
						<SP ID="P57_SP00110" HPOS="2185" VPOS="1025" WIDTH="39"/>
						<String ID="P57_ST00120" HPOS="2224" VPOS="964" WIDTH="410" HEIGHT="61" CONTENT="chausse-trappes" WC="1.00" CC="000000040000009"/>
					</TextLine>
					<TextLine ID="P57_TL00012" HPOS="44" VPOS="1030" WIDTH="2588" HEIGHT="66">
						<String ID="P57_ST00121" HPOS="44" VPOS="1048" WIDTH="96" HEIGHT="30" CONTENT="aux" WC="0.95" CC="580"/>
						<SP ID="P57_SP00111" HPOS="140" VPOS="1078" WIDTH="27"/>
						<String ID="P57_ST00122" HPOS="167" VPOS="1034" WIDTH="166" HEIGHT="46" CONTENT="cordes" WC="1.00" CC="000000"/>
						<SP ID="P57_SP00112" HPOS="333" VPOS="1080" WIDTH="27"/>
						<String ID="P57_ST00123" HPOS="360" VPOS="1033" WIDTH="253" HEIGHT="48" CONTENT="barbelées." WC="1.00" CC="0000036004"/>
						<SP ID="P57_SP00113" HPOS="613" VPOS="1081" WIDTH="43"/>
						<String ID="P57_ST00124" HPOS="656" VPOS="1033" WIDTH="230" HEIGHT="48" CONTENT="D'autres" WC="1.00" CC="14000000"/>
						<SP ID="P57_SP00114" HPOS="886" VPOS="1081" WIDTH="43"/>
						<String ID="P57_ST00125" HPOS="929" VPOS="1034" WIDTH="210" HEIGHT="46" CONTENT="traînent" WC="1.00" CC="00020005"/>
						<SP ID="P57_SP00115" HPOS="1139" VPOS="1081" WIDTH="45"/>
						<String ID="P57_ST00126" HPOS="1184" VPOS="1051" WIDTH="77" HEIGHT="30" CONTENT="ces" WC="1.00" CC="000"/>
						<SP ID="P57_SP00116" HPOS="1261" VPOS="1081" WIDTH="46"/>
						<String ID="P57_ST00127" HPOS="1307" VPOS="1033" WIDTH="156" HEIGHT="46" CONTENT="lourds" WC="0.99" CC="300003"/>
						<SP ID="P57_SP00117" HPOS="1463" VPOS="1081" WIDTH="46"/>
						<String ID="P57_ST00128" HPOS="1509" VPOS="1033" WIDTH="168" HEIGHT="62" CONTENT="engins" WC="0.99" CC="100500"/>
						<SP ID="P57_SP00118" HPOS="1677" VPOS="1095" WIDTH="46"/>
						<String ID="P57_ST00129" HPOS="1723" VPOS="1031" WIDTH="56" HEIGHT="46" CONTENT="de" WC="0.98" CC="00"/>
						<SP ID="P57_SP00119" HPOS="1779" VPOS="1095" WIDTH="46"/>
						<String ID="P57_ST00130" HPOS="1825" VPOS="1030" WIDTH="123" HEIGHT="65" CONTENT="siège" WC="0.99" CC="00700"/>
						<SP ID="P57_SP00120" HPOS="1948" VPOS="1095" WIDTH="30"/>
						<String ID="P57_ST00131" HPOS="1978" VPOS="1050" WIDTH="9" HEIGHT="29" CONTENT=":" WC="0.49" CC="5"/>
						<SP ID="P57_SP00121" HPOS="1987" VPOS="1095" WIDTH="49"/>
						<String ID="P57_ST00132" HPOS="2036" VPOS="1032" WIDTH="65" HEIGHT="47" CONTENT="les" WC="1.00" CC="000"/>
						<SP ID="P57_SP00122" HPOS="2101" VPOS="1095" WIDTH="44"/>
						<String ID="P57_ST00133" HPOS="2145" VPOS="1035" WIDTH="230" HEIGHT="60" CONTENT="puissants" WC="1.00" CC="005000000"/>
						<SP ID="P57_SP00123" HPOS="2375" VPOS="1095" WIDTH="42"/>
						<String ID="P57_ST00134" HPOS="2417" VPOS="1037" WIDTH="163" HEIGHT="59" CONTENT="pianos" WC="0.99" CC="040040"/>
						<SP ID="P57_SP00124" HPOS="2580" VPOS="1096" WIDTH="25"/>
						<String ID="P57_ST00135" HPOS="2605" VPOS="1034" WIDTH="27" HEIGHT="47" CONTENT="à" WC="1.00" CC="0"/>
					</TextLine>
					<TextLine ID="P57_TL00013" HPOS="44" VPOS="1103" WIDTH="2587" HEIGHT="65">
						<String ID="P57_ST00136" HPOS="44" VPOS="1121" WIDTH="174" HEIGHT="44" CONTENT="queue." WC="1.00" CC="000004"/>
						<SP ID="P57_SP00125" HPOS="218" VPOS="1165" WIDTH="31"/>
						<String ID="P57_ST00137" HPOS="249" VPOS="1104" WIDTH="81" HEIGHT="48" CONTENT="De" WC="0.89" CC="02"/>
						<SP ID="P57_SP00126" HPOS="330" VPOS="1165" WIDTH="27"/>
						<String ID="P57_ST00138" HPOS="357" VPOS="1106" WIDTH="310" HEIGHT="46" CONTENT="nombreuses" WC="1.00" CC="0000900000"/>
						<SP ID="P57_SP00127" HPOS="667" VPOS="1165" WIDTH="26"/>
						<String ID="P57_ST00139" HPOS="693" VPOS="1106" WIDTH="155" HEIGHT="62" CONTENT="places" WC="0.99" CC="047000"/>
						<SP ID="P57_SP00128" HPOS="848" VPOS="1168" WIDTH="26"/>
						<String ID="P57_ST00140" HPOS="874" VPOS="1107" WIDTH="159" HEIGHT="58" CONTENT="fortes," WC="1.00" CC="0000104"/>
						<SP ID="P57_SP00129" HPOS="1033" VPOS="1168" WIDTH="29"/>
						<String ID="P57_ST00141" HPOS="1062" VPOS="1123" WIDTH="121" HEIGHT="29" CONTENT="nous" WC="0.98" CC="0070"/>
						<SP ID="P57_SP00130" HPOS="1183" VPOS="1168" WIDTH="25"/>
						<String ID="P57_ST00142" HPOS="1208" VPOS="1122" WIDTH="181" HEIGHT="30" CONTENT="venons" WC="1.00" CC="000000"/>
						<SP ID="P57_SP00131" HPOS="1389" VPOS="1168" WIDTH="28"/>
						<String ID="P57_ST00143" HPOS="1417" VPOS="1105" WIDTH="55" HEIGHT="45" CONTENT="de" WC="1.00" CC="00"/>
						<SP ID="P57_SP00132" HPOS="1472" VPOS="1168" WIDTH="28"/>
						<String ID="P57_ST00144" HPOS="1500" VPOS="1103" WIDTH="41" HEIGHT="47" CONTENT="le" WC="1.00" CC="00"/>
						<SP ID="P57_SP00133" HPOS="1541" VPOS="1168" WIDTH="28"/>
						<String ID="P57_ST00145" HPOS="1569" VPOS="1104" WIDTH="117" HEIGHT="60" CONTENT="voir," WC="0.99" CC="00104"/>
						<SP ID="P57_SP00134" HPOS="1686" VPOS="1168" WIDTH="30"/>
						<String ID="P57_ST00146" HPOS="1716" VPOS="1114" WIDTH="86" HEIGHT="35" CONTENT="ont" WC="1.00" CC="000"/>
						<SP ID="P57_SP00135" HPOS="1802" VPOS="1168" WIDTH="27"/>
						<String ID="P57_ST00147" HPOS="1829" VPOS="1103" WIDTH="222" HEIGHT="62" CONTENT="capitulé," WC="0.99" CC="000200244"/>
						<SP ID="P57_SP00136" HPOS="2051" VPOS="1168" WIDTH="29"/>
						<String ID="P57_ST00148" HPOS="2080" VPOS="1116" WIDTH="46" HEIGHT="35" CONTENT="et" WC="1.00" CC="00"/>
						<SP ID="P57_SP00137" HPOS="2126" VPOS="1168" WIDTH="28"/>
						<String ID="P57_ST00149" HPOS="2154" VPOS="1104" WIDTH="97" HEIGHT="48" CONTENT="l'on" WC="0.99" CC="0400"/>
						<SP ID="P57_SP00138" HPOS="2251" VPOS="1168" WIDTH="28"/>
						<String ID="P57_ST00150" HPOS="2279" VPOS="1124" WIDTH="220" HEIGHT="28" CONTENT="annonce" WC="1.00" CC="0003001"/>
						<SP ID="P57_SP00139" HPOS="2499" VPOS="1168" WIDTH="41"/>
						<String ID="P57_ST00151" HPOS="2540" VPOS="1123" WIDTH="91" HEIGHT="45" CONTENT="que" WC="1.00" CC="000"/>
					</TextLine>
					<TextLine ID="P57_TL00014" HPOS="43" VPOS="1174" WIDTH="2592" HEIGHT="67">
						<String ID="P57_ST00152" HPOS="43" VPOS="1174" WIDTH="67" HEIGHT="48" CONTENT="les" WC="1.00" CC="000"/>
						<SP ID="P57_SP00140" HPOS="110" VPOS="1222" WIDTH="25"/>
						<String ID="P57_ST00153" HPOS="135" VPOS="1175" WIDTH="134" HEIGHT="48" CONTENT="salles" WC="1.00" CC="005000"/>
						<SP ID="P57_SP00141" HPOS="269" VPOS="1223" WIDTH="27"/>
						<String ID="P57_ST00154" HPOS="296" VPOS="1175" WIDTH="153" HEIGHT="48" CONTENT="Erard" WC="0.89" CC="50000"/>
						<SP ID="P57_SP00142" HPOS="449" VPOS="1223" WIDTH="27"/>
						<String ID="P57_ST00155" HPOS="476" VPOS="1189" WIDTH="47" HEIGHT="34" CONTENT="et" WC="0.81" CC="03"/>
						<SP ID="P57_SP00143" HPOS="523" VPOS="1223" WIDTH="28"/>
						<String ID="P57_ST00156" HPOS="551" VPOS="1176" WIDTH="179" HEIGHT="65" CONTENT="Pleyel," WC="0.79" CC="4000054"/>
						<SP ID="P57_SP00144" HPOS="730" VPOS="1241" WIDTH="30"/>
						<String ID="P57_ST00157" HPOS="760" VPOS="1178" WIDTH="218" HEIGHT="46" CONTENT="investies" WC="0.99" CC="400008600"/>
						<SP ID="P57_SP00145" HPOS="978" VPOS="1241" WIDTH="28"/>
						<String ID="P57_ST00158" HPOS="1006" VPOS="1178" WIDTH="55" HEIGHT="45" CONTENT="de" WC="1.00" CC="00"/>
						<SP ID="P57_SP00146" HPOS="1061" VPOS="1241" WIDTH="41"/>
						<String ID="P57_ST00159" HPOS="1102" VPOS="1189" WIDTH="206" HEIGHT="50" CONTENT="partout," WC="1.00" CC="00000014"/>
						<SP ID="P57_SP00147" HPOS="1308" VPOS="1241" WIDTH="42"/>
						<String ID="P57_ST00160" HPOS="1350" VPOS="1188" WIDTH="117" HEIGHT="35" CONTENT="vont" WC="1.00" CC="0000"/>
						<SP ID="P57_SP00148" HPOS="1467" VPOS="1241" WIDTH="45"/>
						<String ID="P57_ST00161" HPOS="1512" VPOS="1176" WIDTH="157" HEIGHT="46" CONTENT="ouvrir" WC="1.00" CC="000000"/>
						<SP ID="P57_SP00149" HPOS="1669" VPOS="1241" WIDTH="46"/>
						<String ID="P57_ST00162" HPOS="1715" VPOS="1186" WIDTH="157" HEIGHT="35" CONTENT="toutes" WC="0.99" CC="420000"/>
						<SP ID="P57_SP00150" HPOS="1872" VPOS="1241" WIDTH="41"/>
						<String ID="P57_ST00163" HPOS="1913" VPOS="1177" WIDTH="198" HEIGHT="61" CONTENT="grandes" WC="1.00" CC="0000000"/>
						<SP ID="P57_SP00151" HPOS="2111" VPOS="1241" WIDTH="41"/>
						<String ID="P57_ST00164" HPOS="2152" VPOS="1176" WIDTH="122" HEIGHT="48" CONTENT="leurs" WC="1.00" CC="40000"/>
						<SP ID="P57_SP00152" HPOS="2274" VPOS="1241" WIDTH="46"/>
						<String ID="P57_ST00165" HPOS="2320" VPOS="1190" WIDTH="170" HEIGHT="49" CONTENT="portes." WC="0.99" CC="0006014"/>
						<SP ID="P57_SP00153" HPOS="2490" VPOS="1241" WIDTH="48"/>
						<String ID="P57_ST00166" HPOS="2538" VPOS="1177" WIDTH="97" HEIGHT="47" CONTENT="Les" WC="0.97" CC="007"/>
					</TextLine>
					<TextLine ID="P57_TL00015" HPOS="44" VPOS="1246" WIDTH="2586" HEIGHT="68">
						<String ID="P57_ST00167" HPOS="44" VPOS="1248" WIDTH="132" HEIGHT="47" CONTENT="chefs" WC="0.99" CC="40000"/>
						<SP ID="P57_SP00154" HPOS="176" VPOS="1295" WIDTH="28"/>
						<String ID="P57_ST00168" HPOS="204" VPOS="1248" WIDTH="57" HEIGHT="47" CONTENT="de" WC="1.00" CC="00"/>
						<SP ID="P57_SP00155" HPOS="261" VPOS="1295" WIDTH="27"/>
						<String ID="P57_ST00169" HPOS="288" VPOS="1250" WIDTH="187" HEIGHT="60" CONTENT="pupitre" WC="1.00" CC="0003300"/>
						<SP ID="P57_SP00156" HPOS="475" VPOS="1310" WIDTH="28"/>
						<String ID="P57_ST00170" HPOS="503" VPOS="1249" WIDTH="221" HEIGHT="61" CONTENT="frappent" WC="1.00" CC="00000360"/>
						<SP ID="P57_SP00157" HPOS="724" VPOS="1310" WIDTH="27"/>
						<String ID="P57_ST00171" HPOS="751" VPOS="1249" WIDTH="104" HEIGHT="65" CONTENT="déjà" WC="0.97" CC="0660"/>
						<SP ID="P57_SP00158" HPOS="855" VPOS="1314" WIDTH="27"/>
						<String ID="P57_ST00172" HPOS="882" VPOS="1249" WIDTH="42" HEIGHT="46" CONTENT="le" WC="0.71" CC="41"/>
						<SP ID="P57_SP00159" HPOS="924" VPOS="1314" WIDTH="26"/>
						<String ID="P57_ST00173" HPOS="950" VPOS="1248" WIDTH="68" HEIGHT="47" CONTENT="sol" WC="0.99" CC="001"/>
						<SP ID="P57_SP00160" HPOS="1018" VPOS="1314" WIDTH="23"/>
						<String ID="P57_ST00174" HPOS="1041" VPOS="1249" WIDTH="55" HEIGHT="46" CONTENT="de" WC="0.92" CC="01"/>
						<SP ID="P57_SP00161" HPOS="1096" VPOS="1314" WIDTH="22"/>
						<String ID="P57_ST00175" HPOS="1118" VPOS="1249" WIDTH="102" HEIGHT="46" CONTENT="leur" WC="1.00" CC="2000"/>
						<SP ID="P57_SP00162" HPOS="1220" VPOS="1314" WIDTH="21"/>
						<String ID="P57_ST00176" HPOS="1241" VPOS="1248" WIDTH="129" HEIGHT="47" CONTENT="talon" WC="0.99" CC="30100"/>
						<SP ID="P57_SP00163" HPOS="1370" VPOS="1314" WIDTH="24"/>
						<String ID="P57_ST00177" HPOS="1394" VPOS="1246" WIDTH="209" HEIGHT="48" CONTENT="cadencé" WC="0.99" CC="0800004"/>
						<SP ID="P57_SP00164" HPOS="1603" VPOS="1314" WIDTH="27"/>
						<String ID="P57_ST00178" HPOS="1630" VPOS="1264" WIDTH="10" HEIGHT="29" CONTENT=":" WC="0.54" CC="4"/>
						<SP ID="P57_SP00165" HPOS="1640" VPOS="1314" WIDTH="23"/>
						<String ID="P57_ST00179" HPOS="1663" VPOS="1264" WIDTH="94" HEIGHT="29" CONTENT="une" WC="1.00" CC="000"/>
						<SP ID="P57_SP00166" HPOS="1757" VPOS="1314" WIDTH="22"/>
						<String ID="P57_ST00180" HPOS="1779" VPOS="1258" WIDTH="191" HEIGHT="51" CONTENT="attaque" WC="1.00" CC="0000000"/>
						<SP ID="P57_SP00167" HPOS="1970" VPOS="1314" WIDTH="21"/>
						<String ID="P57_ST00181" HPOS="1991" VPOS="1247" WIDTH="217" HEIGHT="63" CONTENT="générale" WC="1.00" CC="06030000"/>
						<SP ID="P57_SP00168" HPOS="2208" VPOS="1314" WIDTH="22"/>
						<String ID="P57_ST00182" HPOS="2230" VPOS="1261" WIDTH="68" HEIGHT="34" CONTENT="est" WC="0.98" CC="004"/>
						<SP ID="P57_SP00169" HPOS="2298" VPOS="1314" WIDTH="28"/>
						<String ID="P57_ST00183" HPOS="2326" VPOS="1250" WIDTH="304" HEIGHT="46" CONTENT="imminente»" WC="0.99" CC="6005000007"/>
					</TextLine>
				</TextBlock>
				<TextBlock ID="P57_TB00004" HPOS="1991" VPOS="1340" WIDTH="503" HEIGHT="65" STYLEREFS="TXT_4 PAR_RIGHT">
					<TextLine ID="P57_TL00016" HPOS="1992" VPOS="1340" WIDTH="501" HEIGHT="65">
						<String ID="P57_ST00184" HPOS="1992" VPOS="1340" WIDTH="163" HEIGHT="52" CONTENT="Jean" WC="0.97" CC="3026"/>
						<SP ID="P57_SP00170" HPOS="2155" VPOS="1392" WIDTH="36"/>
						<String ID="P57_ST00185" HPOS="2191" VPOS="1341" WIDTH="302" HEIGHT="64" CONTENT="Poueigh." WC="0.60" CC="63612640"/>
					</TextLine>
				</TextBlock>
				<TextBlock ID="P57_TB00005" HPOS="1010" VPOS="1634" WIDTH="753" HEIGHT="89" STYLEREFS="TXT_5 PAR_RIGHT">
					<TextLine ID="P57_TL00017" HPOS="1011" VPOS="1634" WIDTH="752" HEIGHT="87">
						<String ID="P57_ST00186" HPOS="1011" VPOS="1635" WIDTH="295" HEIGHT="72" CONTENT="Petits" WC="0.98" CC="026075"/>
						<SP ID="P57_SP00171" HPOS="1306" VPOS="1707" WIDTH="56"/>
						<String ID="P57_ST00187" HPOS="1362" VPOS="1634" WIDTH="401" HEIGHT="87" CONTENT="Papiers" WC="0.97" CC="6174376"/>
					</TextLine>
				</TextBlock>
				<TextBlock ID="P57_TB00006" HPOS="32" VPOS="1789" WIDTH="2601" HEIGHT="1964" STYLEREFS="TXT_2 PAR_RIGHT">
					<TextLine ID="P57_TL00018" HPOS="263" VPOS="1792" WIDTH="569" HEIGHT="52">
						<String ID="P57_ST00188" HPOS="263" VPOS="1792" WIDTH="149" HEIGHT="52" CONTENT="Deux" WC="0.99" CC="0060" STYLEREFS="TXT_6"/>
						<SP ID="P57_SP00172" HPOS="412" VPOS="1844" WIDTH="35"/>
						<String ID="P57_ST00189" HPOS="447" VPOS="1792" WIDTH="385" HEIGHT="52" CONTENT="Anniversaires." WC="0.99" CC="14504616030653" STYLEREFS="TXT_6"/>
					</TextLine>
					<TextLine ID="P57_TL00019" HPOS="191" VPOS="1902" WIDTH="2440" HEIGHT="66">
						<String ID="P57_ST00190" HPOS="191" VPOS="1905" WIDTH="214" HEIGHT="48" CONTENT="L'Ecole" WC="0.99" CC="0420050"/>
						<SP ID="P57_SP00173" HPOS="405" VPOS="1953" WIDTH="23"/>
						<String ID="P57_ST00191" HPOS="428" VPOS="1907" WIDTH="57" HEIGHT="45" CONTENT="de" WC="1.00" CC="00"/>
						<SP ID="P57_SP00174" HPOS="485" VPOS="1953" WIDTH="22"/>
						<String ID="P57_ST00192" HPOS="507" VPOS="1905" WIDTH="231" HEIGHT="63" CONTENT="Musique" WC="0.99" CC="0404360"/>
						<SP ID="P57_SP00175" HPOS="738" VPOS="1968" WIDTH="23"/>
						<String ID="P57_ST00193" HPOS="761" VPOS="1905" WIDTH="271" HEIGHT="63" CONTENT="Religieuse" WC="1.00" CC="0002000000"/>
						<SP ID="P57_SP00176" HPOS="1032" VPOS="1968" WIDTH="23"/>
						<String ID="P57_ST00194" HPOS="1055" VPOS="1903" WIDTH="172" HEIGHT="48" CONTENT="fondée" WC="0.98" CC="007470"/>
						<SP ID="P57_SP00177" HPOS="1227" VPOS="1968" WIDTH="22"/>
						<String ID="P57_ST00195" HPOS="1249" VPOS="1921" WIDTH="60" HEIGHT="28" CONTENT="en" WC="0.77" CC="22"/>
						<SP ID="P57_SP00178" HPOS="1309" VPOS="1968" WIDTH="35"/>
						<String ID="P57_ST00196" HPOS="1344" VPOS="1902" WIDTH="132" HEIGHT="64" CONTENT="1853" WC="0.53" CC="3545"/>
						<SP ID="P57_SP00179" HPOS="1476" VPOS="1968" WIDTH="25"/>
						<String ID="P57_ST00197" HPOS="1501" VPOS="1921" WIDTH="27" HEIGHT="45" CONTENT="P" WC="1.00" CC="0"/>
						<String ID="P57_ST00198" HPOS="1532" VPOS="1921" WIDTH="50" HEIGHT="29" CONTENT="ar" STYLE="superscript" WC="0.24" CC="77"/>
						<SP ID="P57_SP00180" HPOS="1582" VPOS="1968" WIDTH="22"/>
						<String ID="P57_ST00199" HPOS="1604" VPOS="1904" WIDTH="350" HEIGHT="64" CONTENT="Niedermeyer" WC="0.94" CC="04001000000"/>
						<SP ID="P57_SP00181" HPOS="1954" VPOS="1968" WIDTH="27"/>
						<String ID="P57_ST00200" HPOS="1981" VPOS="1902" WIDTH="225" HEIGHT="49" CONTENT="célébrait" WC="0.99" CC="061700505"/>
						<SP ID="P57_SP00182" HPOS="2206" VPOS="1968" WIDTH="20"/>
						<String ID="P57_ST00201" HPOS="2226" VPOS="1903" WIDTH="43" HEIGHT="47" CONTENT="le" WC="0.77" CC="40"/>
						<SP ID="P57_SP00183" HPOS="2269" VPOS="1968" WIDTH="21"/>
						<String ID="P57_ST00202" HPOS="2290" VPOS="1918" WIDTH="62" HEIGHT="48" CONTENT="23" WC="0.60" CC="52"/>
						<SP ID="P57_SP00184" HPOS="2352" VPOS="1968" WIDTH="23"/>
						<String ID="P57_ST00203" HPOS="2375" VPOS="1904" WIDTH="256" HEIGHT="47" CONTENT="novembre" WC="1.00" CC="00003040"/>
					</TextLine>
					<TextLine ID="P57_TL00020" HPOS="44" VPOS="1974" WIDTH="2588" HEIGHT="67">
						<String ID="P57_ST00204" HPOS="44" VPOS="1977" WIDTH="188" HEIGHT="47" CONTENT="dernier" WC="1.00" CC="0000300"/>
						<SP ID="P57_SP00185" HPOS="232" VPOS="2024" WIDTH="43"/>
						<String ID="P57_ST00205" HPOS="275" VPOS="1996" WIDTH="58" HEIGHT="28" CONTENT="en" WC="1.00" CC="00"/>
						<SP ID="P57_SP00186" HPOS="333" VPOS="2024" WIDTH="48"/>
						<String ID="P57_ST00206" HPOS="381" VPOS="1977" WIDTH="178" HEIGHT="64" CONTENT="l'église" WC="0.99" CC="04051502"/>
						<SP ID="P57_SP00187" HPOS="559" VPOS="2041" WIDTH="47"/>
						<String ID="P57_ST00207" HPOS="606" VPOS="1978" WIDTH="322" HEIGHT="62" CONTENT="St-Augustin" WC="0.91" CC="30600000000"/>
						<SP ID="P57_SP00188" HPOS="928" VPOS="2041" WIDTH="46"/>
						<String ID="P57_ST00208" HPOS="974" VPOS="1994" WIDTH="84" HEIGHT="29" CONTENT="son" WC="0.97" CC="007"/>
						<SP ID="P57_SP00189" HPOS="1058" VPOS="2041" WIDTH="46"/>
						<String ID="P57_ST00209" HPOS="1104" VPOS="1975" WIDTH="315" HEIGHT="47" CONTENT="soixantième" WC="0.99" CC="00106060780"/>
						<SP ID="P57_SP00190" HPOS="1419" VPOS="2041" WIDTH="44"/>
						<String ID="P57_ST00210" HPOS="1463" VPOS="1977" WIDTH="333" HEIGHT="47" CONTENT="anniversaire." WC="1.00" CC="9601300000004"/>
						<SP ID="P57_SP00191" HPOS="1796" VPOS="2041" WIDTH="49"/>
						<String ID="P57_ST00211" HPOS="1845" VPOS="1974" WIDTH="79" HEIGHT="48" CONTENT="M." WC="0.78" CC="04"/>
						<SP ID="P57_SP00192" HPOS="1924" VPOS="2041" WIDTH="42"/>
						<String ID="P57_ST00212" HPOS="1966" VPOS="1975" WIDTH="317" HEIGHT="61" CONTENT="Saint-Saëns," WC="0.82" CC="003005007004"/>
						<SP ID="P57_SP00193" HPOS="2283" VPOS="2041" WIDTH="29"/>
						<String ID="P57_ST00213" HPOS="2312" VPOS="1993" WIDTH="63" HEIGHT="29" CONTENT="on" WC="0.81" CC="30"/>
						<SP ID="P57_SP00194" HPOS="2375" VPOS="2041" WIDTH="28"/>
						<String ID="P57_ST00214" HPOS="2403" VPOS="1974" WIDTH="43" HEIGHT="48" CONTENT="le" WC="0.68" CC="60"/>
						<SP ID="P57_SP00195" HPOS="2446" VPOS="2041" WIDTH="25"/>
						<String ID="P57_ST00215" HPOS="2471" VPOS="1976" WIDTH="102" HEIGHT="60" CONTENT="sait," WC="0.98" CC="07004"/>
						<SP ID="P57_SP00196" HPOS="2573" VPOS="2041" WIDTH="28"/>
						<String ID="P57_ST00216" HPOS="2601" VPOS="1992" WIDTH="31" HEIGHT="49" CONTENT="y" WC="1.00" CC="0"/>
					</TextLine>
					<TextLine ID="P57_TL00021" HPOS="44" VPOS="2045" WIDTH="2586" HEIGHT="67">
						<String ID="P57_ST00217" HPOS="44" VPOS="2050" WIDTH="221" HEIGHT="61" CONTENT="professa," WC="0.99" CC="000500097"/>
						<SP ID="P57_SP00197" HPOS="265" VPOS="2111" WIDTH="54"/>
						<String ID="P57_ST00218" HPOS="319" VPOS="2063" WIDTH="47" HEIGHT="33" CONTENT="et" WC="0.64" CC="07"/>
						<SP ID="P57_SP00198" HPOS="366" VPOS="2111" WIDTH="45"/>
						<String ID="P57_ST00219" HPOS="411" VPOS="2049" WIDTH="89" HEIGHT="47" CONTENT="elle" WC="0.98" CC="3310"/>
						<SP ID="P57_SP00199" HPOS="500" VPOS="2111" WIDTH="43"/>
						<String ID="P57_ST00220" HPOS="543" VPOS="2061" WIDTH="193" HEIGHT="51" CONTENT="compta" WC="1.00" CC="000000"/>
						<SP ID="P57_SP00200" HPOS="736" VPOS="2112" WIDTH="38"/>
						<String ID="P57_ST00221" HPOS="774" VPOS="2050" WIDTH="150" HEIGHT="60" CONTENT="parmi" WC="1.00" CC="00002"/>
						<SP ID="P57_SP00201" HPOS="924" VPOS="2112" WIDTH="40"/>
						<String ID="P57_ST00222" HPOS="964" VPOS="2065" WIDTH="70" HEIGHT="30" CONTENT="ses" WC="1.00" CC="000"/>
						<SP ID="P57_SP00202" HPOS="1034" VPOS="2112" WIDTH="39"/>
						<String ID="P57_ST00223" HPOS="1073" VPOS="2047" WIDTH="154" HEIGHT="47" CONTENT="élèves" WC="0.98" CC="007900"/>
						<SP ID="P57_SP00203" HPOS="1227" VPOS="2112" WIDTH="38"/>
						<String ID="P57_ST00224" HPOS="1265" VPOS="2047" WIDTH="146" HEIGHT="48" CONTENT="MM." WC="0.98" CC="004"/>
						<SP ID="P57_SP00204" HPOS="1411" VPOS="2112" WIDTH="44"/>
						<String ID="P57_ST00225" HPOS="1455" VPOS="2046" WIDTH="198" HEIGHT="49" CONTENT="Gabriel" WC="1.00" CC="0000202"/>
						<SP ID="P57_SP00205" HPOS="1653" VPOS="2112" WIDTH="41"/>
						<String ID="P57_ST00226" HPOS="1694" VPOS="2046" WIDTH="171" HEIGHT="62" CONTENT="Fauré," WC="0.72" CC="500064"/>
						<SP ID="P57_SP00206" HPOS="1865" VPOS="2112" WIDTH="41"/>
						<String ID="P57_ST00227" HPOS="1906" VPOS="2046" WIDTH="169" HEIGHT="48" CONTENT="André" WC="0.99" CC="20004"/>
						<SP ID="P57_SP00207" HPOS="2075" VPOS="2112" WIDTH="41"/>
						<String ID="P57_ST00228" HPOS="2116" VPOS="2047" WIDTH="261" HEIGHT="63" CONTENT="Messager," WC="0.99" CC="020007404"/>
						<SP ID="P57_SP00208" HPOS="2377" VPOS="2112" WIDTH="48"/>
						<String ID="P57_ST00229" HPOS="2425" VPOS="2045" WIDTH="205" HEIGHT="66" CONTENT="Gigout," WC="0.81" CC="0300044"/>
					</TextLine>
					<TextLine ID="P57_TL00022" HPOS="43" VPOS="2118" WIDTH="2589" HEIGHT="65">
						<String ID="P57_ST00230" HPOS="43" VPOS="2119" WIDTH="245" HEIGHT="63" CONTENT="Périlhou," WC="0.74" CC="550601004"/>
						<SP ID="P57_SP00209" HPOS="288" VPOS="2182" WIDTH="31"/>
						<String ID="P57_ST00231" HPOS="319" VPOS="2121" WIDTH="204" HEIGHT="47" CONTENT="d'autres" WC="1.00" CC="04000201"/>
						<SP ID="P57_SP00210" HPOS="523" VPOS="2182" WIDTH="26"/>
						<String ID="P57_ST00232" HPOS="549" VPOS="2139" WIDTH="189" HEIGHT="29" CONTENT="encore." WC="1.00" CC="0000004"/>
						<SP ID="P57_SP00211" HPOS="738" VPOS="2182" WIDTH="32"/>
						<String ID="P57_ST00233" HPOS="770" VPOS="2119" WIDTH="137" HEIGHT="49" CONTENT="Dans" WC="1.00" CC="0000"/>
						<SP ID="P57_SP00212" HPOS="907" VPOS="2182" WIDTH="27"/>
						<String ID="P57_ST00234" HPOS="934" VPOS="2120" WIDTH="65" HEIGHT="47" CONTENT="les" WC="0.98" CC="400"/>
						<SP ID="P57_SP00213" HPOS="999" VPOS="2182" WIDTH="26"/>
						<String ID="P57_ST00235" HPOS="1025" VPOS="2120" WIDTH="244" HEIGHT="47" CONTENT="souvenirs" WC="1.00" CC="000007500"/>
						<SP ID="P57_SP00214" HPOS="1269" VPOS="2182" WIDTH="26"/>
						<String ID="P57_ST00236" HPOS="1295" VPOS="2137" WIDTH="89" HEIGHT="44" CONTENT="que" WC="0.99" CC="200"/>
						<SP ID="P57_SP00215" HPOS="1384" VPOS="2182" WIDTH="31"/>
						<String ID="P57_ST00237" HPOS="1415" VPOS="2118" WIDTH="142" HEIGHT="47" CONTENT="Mme" WC="1.00" CC="000"/>
						<SP ID="P57_SP00216" HPOS="1557" VPOS="2182" WIDTH="42"/>
						<String ID="P57_ST00238" HPOS="1599" VPOS="2119" WIDTH="222" HEIGHT="61" CONTENT="Heurtel," WC="0.76" CC="40005214"/>
						<SP ID="P57_SP00217" HPOS="1821" VPOS="2182" WIDTH="42"/>
						<String ID="P57_ST00239" HPOS="1863" VPOS="2120" WIDTH="145" HEIGHT="62" CONTENT="petite" WC="1.00" CC="000000"/>
						<SP ID="P57_SP00218" HPOS="2008" VPOS="2182" WIDTH="41"/>
						<String ID="P57_ST00240" HPOS="2049" VPOS="2118" WIDTH="96" HEIGHT="48" CONTENT="fille" WC="0.99" CC="11340"/>
						<SP ID="P57_SP00219" HPOS="2145" VPOS="2182" WIDTH="41"/>
						<String ID="P57_ST00241" HPOS="2186" VPOS="2120" WIDTH="57" HEIGHT="45" CONTENT="de" WC="1.00" CC="00"/>
						<SP ID="P57_SP00220" HPOS="2243" VPOS="2182" WIDTH="40"/>
						<String ID="P57_ST00242" HPOS="2283" VPOS="2119" WIDTH="349" HEIGHT="64" CONTENT="Niedermeyer" WC="1.00" CC="00000000000"/>
					</TextLine>
					<TextLine ID="P57_TL00023" HPOS="42" VPOS="2190" WIDTH="2589" HEIGHT="64">
						<String ID="P57_ST00243" HPOS="42" VPOS="2205" WIDTH="49" HEIGHT="34" CONTENT="et" WC="0.71" CC="23"/>
						<SP ID="P57_SP00221" HPOS="91" VPOS="2239" WIDTH="28"/>
						<String ID="P57_ST00244" HPOS="119" VPOS="2194" WIDTH="248" HEIGHT="46" CONTENT="directrice" WC="1.00" CC="0202000001"/>
						<SP ID="P57_SP00222" HPOS="367" VPOS="2240" WIDTH="26"/>
						<String ID="P57_ST00245" HPOS="393" VPOS="2193" WIDTH="203" HEIGHT="47" CONTENT="actuelle" WC="0.99" CC="00000741"/>
						<SP ID="P57_SP00223" HPOS="596" VPOS="2240" WIDTH="29"/>
						<String ID="P57_ST00246" HPOS="625" VPOS="2194" WIDTH="55" HEIGHT="45" CONTENT="de" WC="1.00" CC="00"/>
						<SP ID="P57_SP00224" HPOS="680" VPOS="2240" WIDTH="29"/>
						<String ID="P57_ST00247" HPOS="709" VPOS="2191" WIDTH="201" HEIGHT="63" CONTENT="l'Ecole," WC="0.99" CC="04203404"/>
						<SP ID="P57_SP00225" HPOS="910" VPOS="2254" WIDTH="30"/>
						<String ID="P57_ST00248" HPOS="940" VPOS="2209" WIDTH="229" HEIGHT="30" CONTENT="conserve" WC="1.00" CC="00000000"/>
						<SP ID="P57_SP00226" HPOS="1169" VPOS="2254" WIDTH="30"/>
						<String ID="P57_ST00249" HPOS="1199" VPOS="2192" WIDTH="317" HEIGHT="61" CONTENT="pieusement," WC="1.00" CC="04000004004"/>
						<SP ID="P57_SP00227" HPOS="1516" VPOS="2254" WIDTH="29"/>
						<String ID="P57_ST00250" HPOS="1545" VPOS="2191" WIDTH="90" HEIGHT="47" CONTENT="elle" WC="0.99" CC="0300"/>
						<SP ID="P57_SP00228" HPOS="1635" VPOS="2254" WIDTH="26"/>
						<String ID="P57_ST00251" HPOS="1661" VPOS="2210" WIDTH="25" HEIGHT="28" CONTENT="a" WC="1.00" CC="0"/>
						<SP ID="P57_SP00229" HPOS="1686" VPOS="2254" WIDTH="30"/>
						<String ID="P57_ST00252" HPOS="1716" VPOS="2193" WIDTH="107" HEIGHT="45" CONTENT="bien" WC="1.00" CC="0100"/>
						<SP ID="P57_SP00230" HPOS="1823" VPOS="2254" WIDTH="30"/>
						<String ID="P57_ST00253" HPOS="1853" VPOS="2191" WIDTH="147" HEIGHT="47" CONTENT="voulu" WC="1.00" CC="00010"/>
						<SP ID="P57_SP00231" HPOS="2000" VPOS="2254" WIDTH="28"/>
						<String ID="P57_ST00254" HPOS="2028" VPOS="2191" WIDTH="185" HEIGHT="47" CONTENT="cueillir" WC="1.00" CC="00016000"/>
						<SP ID="P57_SP00232" HPOS="2213" VPOS="2254" WIDTH="27"/>
						<String ID="P57_ST00255" HPOS="2240" VPOS="2190" WIDTH="25" HEIGHT="48" CONTENT="à" WC="1.00" CC="0"/>
						<SP ID="P57_SP00233" HPOS="2265" VPOS="2254" WIDTH="27"/>
						<String ID="P57_ST00256" HPOS="2292" VPOS="2203" WIDTH="135" HEIGHT="34" CONTENT="notre" WC="1.00" CC="00020"/>
						<SP ID="P57_SP00234" HPOS="2427" VPOS="2254" WIDTH="41"/>
						<String ID="P57_ST00257" HPOS="2468" VPOS="2192" WIDTH="136" HEIGHT="46" CONTENT="inten" SUBS_TYPE="HypPart1" SUBS_CONTENT="intention" WC="1.00" CC="00000"/>
						<HYP HPOS="2604" VPOS="2192" WIDTH="27" CONTENT="-"/>
					</TextLine>
					<TextLine ID="P57_TL00024" HPOS="43" VPOS="2262" WIDTH="2588" HEIGHT="64">
						<String ID="P57_ST00258" HPOS="43" VPOS="2266" WIDTH="103" HEIGHT="45" CONTENT="tion" SUBS_TYPE="HypPart2" SUBS_CONTENT="intention" WC="0.98" CC="3140"/>
						<SP ID="P57_SP00235" HPOS="146" VPOS="2311" WIDTH="29"/>
						<String ID="P57_ST00259" HPOS="175" VPOS="2283" WIDTH="67" HEIGHT="29" CONTENT="un" WC="1.00" CC="00"/>
						<SP ID="P57_SP00236" HPOS="242" VPOS="2312" WIDTH="30"/>
						<String ID="P57_ST00260" HPOS="272" VPOS="2266" WIDTH="262" HEIGHT="46" CONTENT="document" WC="1.00" CC="00000000"/>
						<SP ID="P57_SP00237" HPOS="534" VPOS="2312" WIDTH="29"/>
						<String ID="P57_ST00261" HPOS="563" VPOS="2265" WIDTH="164" HEIGHT="47" CONTENT="inédit." WC="0.99" CC="4060004"/>
						<SP ID="P57_SP00238" HPOS="727" VPOS="2312" WIDTH="32"/>
						<String ID="P57_ST00262" HPOS="759" VPOS="2264" WIDTH="133" HEIGHT="48" CONTENT="C'est" WC="0.99" CC="04400"/>
						<SP ID="P57_SP00239" HPOS="892" VPOS="2312" WIDTH="26"/>
						<String ID="P57_ST00263" HPOS="918" VPOS="2282" WIDTH="96" HEIGHT="29" CONTENT="une" WC="1.00" CC="000"/>
						<SP ID="P57_SP00240" HPOS="1014" VPOS="2312" WIDTH="28"/>
						<String ID="P57_ST00264" HPOS="1042" VPOS="2264" WIDTH="139" HEIGHT="46" CONTENT="lettre" WC="1.00" CC="400000"/>
						<SP ID="P57_SP00241" HPOS="1181" VPOS="2312" WIDTH="27"/>
						<String ID="P57_ST00265" HPOS="1208" VPOS="2263" WIDTH="208" HEIGHT="46" CONTENT="adressée" WC="0.99" CC="00000560"/>
						<SP ID="P57_SP00242" HPOS="1416" VPOS="2312" WIDTH="29"/>
						<String ID="P57_ST00266" HPOS="1445" VPOS="2264" WIDTH="26" HEIGHT="46" CONTENT="à" WC="0.24" CC="7"/>
						<SP ID="P57_SP00243" HPOS="1471" VPOS="2312" WIDTH="27"/>
						<String ID="P57_ST00267" HPOS="1498" VPOS="2281" WIDTH="84" HEIGHT="30" CONTENT="son" WC="0.99" CC="010"/>
						<SP ID="P57_SP00244" HPOS="1582" VPOS="2312" WIDTH="40"/>
						<String ID="P57_ST00268" HPOS="1622" VPOS="2263" WIDTH="287" HEIGHT="63" CONTENT="grand-père" WC="0.99" CC="0090040700"/>
						<SP ID="P57_SP00245" HPOS="1909" VPOS="2326" WIDTH="39"/>
						<String ID="P57_ST00269" HPOS="1948" VPOS="2281" WIDTH="80" HEIGHT="44" CONTENT="par" WC="1.00" CC="000"/>
						<SP ID="P57_SP00246" HPOS="2028" VPOS="2326" WIDTH="42"/>
						<String ID="P57_ST00270" HPOS="2070" VPOS="2262" WIDTH="148" HEIGHT="48" CONTENT="Louis" WC="1.00" CC="00000"/>
						<SP ID="P57_SP00247" HPOS="2218" VPOS="2326" WIDTH="40"/>
						<String ID="P57_ST00271" HPOS="2258" VPOS="2262" WIDTH="217" HEIGHT="47" CONTENT="Veuillot" WC="0.77" CC="60030125"/>
						<SP ID="P57_SP00248" HPOS="2475" VPOS="2326" WIDTH="39"/>
						<String ID="P57_ST00272" HPOS="2514" VPOS="2262" WIDTH="117" HEIGHT="47" CONTENT="dont" WC="1.00" CC="0000"/>
					</TextLine>
					<TextLine ID="P57_TL00025" HPOS="42" VPOS="2334" WIDTH="2590" HEIGHT="67">
						<String ID="P57_ST00273" HPOS="42" VPOS="2337" WIDTH="43" HEIGHT="47" CONTENT="le" WC="1.00" CC="00"/>
						<SP ID="P57_SP00249" HPOS="85" VPOS="2384" WIDTH="30"/>
						<String ID="P57_ST00274" HPOS="115" VPOS="2339" WIDTH="275" HEIGHT="45" CONTENT="centenaire" WC="1.00" CC="0005000100"/>
						<SP ID="P57_SP00250" HPOS="390" VPOS="2384" WIDTH="29"/>
						<String ID="P57_ST00275" HPOS="419" VPOS="2339" WIDTH="202" HEIGHT="45" CONTENT="tombait" WC="1.00" CC="0000000"/>
						<SP ID="P57_SP00251" HPOS="621" VPOS="2384" WIDTH="23"/>
						<String ID="P57_ST00276" HPOS="644" VPOS="2337" WIDTH="270" HEIGHT="64" CONTENT="également" WC="1.00" CC="700230000"/>
						<SP ID="P57_SP00252" HPOS="914" VPOS="2401" WIDTH="27"/>
						<String ID="P57_ST00277" HPOS="941" VPOS="2354" WIDTH="60" HEIGHT="29" CONTENT="en" WC="1.00" CC="00"/>
						<SP ID="P57_SP00253" HPOS="1001" VPOS="2401" WIDTH="30"/>
						<String ID="P57_ST00278" HPOS="1031" VPOS="2336" WIDTH="276" HEIGHT="46" CONTENT="novembre." WC="1.00" CC="000000004"/>
						<SP ID="P57_SP00254" HPOS="1307" VPOS="2401" WIDTH="43"/>
						<String ID="P57_ST00279" HPOS="1350" VPOS="2335" WIDTH="139" HEIGHT="47" CONTENT="Nous" WC="1.00" CC="0000"/>
						<SP ID="P57_SP00255" HPOS="1489" VPOS="2401" WIDTH="37"/>
						<String ID="P57_ST00280" HPOS="1526" VPOS="2352" WIDTH="209" HEIGHT="30" CONTENT="sommes" WC="1.00" CC="010000"/>
						<SP ID="P57_SP00256" HPOS="1735" VPOS="2401" WIDTH="39"/>
						<String ID="P57_ST00281" HPOS="1774" VPOS="2337" WIDTH="215" HEIGHT="44" CONTENT="heureux" WC="1.00" CC="0000000"/>
						<SP ID="P57_SP00257" HPOS="1989" VPOS="2401" WIDTH="41"/>
						<String ID="P57_ST00282" HPOS="2030" VPOS="2335" WIDTH="56" HEIGHT="47" CONTENT="de" WC="1.00" CC="00"/>
						<SP ID="P57_SP00258" HPOS="2086" VPOS="2401" WIDTH="40"/>
						<String ID="P57_ST00283" HPOS="2126" VPOS="2335" WIDTH="43" HEIGHT="46" CONTENT="la" WC="0.69" CC="60"/>
						<SP ID="P57_SP00259" HPOS="2169" VPOS="2401" WIDTH="40"/>
						<String ID="P57_ST00284" HPOS="2209" VPOS="2346" WIDTH="173" HEIGHT="35" CONTENT="mettre" WC="0.99" CC="006000"/>
						<SP ID="P57_SP00260" HPOS="2382" VPOS="2401" WIDTH="39"/>
						<String ID="P57_ST00285" HPOS="2421" VPOS="2352" WIDTH="107" HEIGHT="30" CONTENT="sous" WC="1.00" CC="0000"/>
						<SP ID="P57_SP00261" HPOS="2528" VPOS="2401" WIDTH="38"/>
						<String ID="P57_ST00286" HPOS="2566" VPOS="2334" WIDTH="66" HEIGHT="48" CONTENT="les" WC="0.98" CC="500"/>
					</TextLine>
					<TextLine ID="P57_TL00026" HPOS="40" VPOS="2409" WIDTH="576" HEIGHT="67">
						<String ID="P57_ST00287" HPOS="40" VPOS="2427" WIDTH="131" HEIGHT="49" CONTENT="yeux" WC="0.98" CC="9000"/>
						<SP ID="P57_SP00262" HPOS="171" VPOS="2476" WIDTH="29"/>
						<String ID="P57_ST00288" HPOS="200" VPOS="2410" WIDTH="56" HEIGHT="47" CONTENT="de" WC="1.00" CC="00"/>
						<SP ID="P57_SP00263" HPOS="256" VPOS="2476" WIDTH="30"/>
						<String ID="P57_ST00289" HPOS="286" VPOS="2427" WIDTH="85" HEIGHT="30" CONTENT="nos" WC="0.98" CC="031"/>
						<SP ID="P57_SP00264" HPOS="371" VPOS="2476" WIDTH="26"/>
						<String ID="P57_ST00290" HPOS="397" VPOS="2409" WIDTH="219" HEIGHT="48" CONTENT="lecteurs." WC="1.00" CC="000000004"/>
					</TextLine>
					<TextLine ID="P57_TL00027" HPOS="867" VPOS="2479" WIDTH="233" HEIGHT="48">
						<String ID="P57_ST00291" HPOS="867" VPOS="2479" WIDTH="233" HEIGHT="48" CONTENT="Monsieur," WC="0.99" CC="005075744" STYLEREFS="TXT_7"/>
					</TextLine>
					<TextLine ID="P57_TL00028" HPOS="159" VPOS="2559" WIDTH="2471" HEIGHT="56">
						<String ID="P57_ST00292" HPOS="159" VPOS="2567" WIDTH="121" HEIGHT="38" CONTENT="Voici" WC="0.98" CC="41504" STYLEREFS="TXT_7"/>
						<SP ID="P57_SP00265" HPOS="280" VPOS="2605" WIDTH="22"/>
						<String ID="P57_ST00293" HPOS="302" VPOS="2576" WIDTH="114" HEIGHT="29" CONTENT="votre" WC="0.98" CC="04350" STYLEREFS="TXT_7"/>
						<SP ID="P57_SP00266" HPOS="416" VPOS="2605" WIDTH="21"/>
						<String ID="P57_ST00294" HPOS="437" VPOS="2574" WIDTH="192" HEIGHT="30" CONTENT="manteau" WC="0.99" CC="0150056" STYLEREFS="TXT_7"/>
						<SP ID="P57_SP00267" HPOS="629" VPOS="2605" WIDTH="22"/>
						<String ID="P57_ST00295" HPOS="651" VPOS="2578" WIDTH="97" HEIGHT="25" CONTENT="avec" WC="1.00" CC="0000" STYLEREFS="TXT_7"/>
						<SP ID="P57_SP00268" HPOS="748" VPOS="2605" WIDTH="23"/>
						<String ID="P57_ST00296" HPOS="771" VPOS="2577" WIDTH="83" HEIGHT="26" CONTENT="mes" WC="1.00" CC="100" STYLEREFS="TXT_7"/>
						<SP ID="P57_SP00269" HPOS="854" VPOS="2605" WIDTH="22"/>
						<String ID="P57_ST00297" HPOS="876" VPOS="2563" WIDTH="318" HEIGHT="39" CONTENT="remerciments." WC="0.80" CC="6201403000302" STYLEREFS="TXT_7"/>
						<SP ID="P57_SP00270" HPOS="1194" VPOS="2605" WIDTH="26"/>
						<String ID="P57_ST00298" HPOS="1220" VPOS="2561" WIDTH="35" HEIGHT="40" CONTENT="Il" WC="0.70" CC="50" STYLEREFS="TXT_7"/>
						<SP ID="P57_SP00271" HPOS="1255" VPOS="2605" WIDTH="23"/>
						<String ID="P57_ST00299" HPOS="1278" VPOS="2563" WIDTH="82" HEIGHT="38" CONTENT="m'a" WC="1.00" CC="000" STYLEREFS="TXT_7"/>
						<SP ID="P57_SP00272" HPOS="1360" VPOS="2605" WIDTH="23"/>
						<String ID="P57_ST00300" HPOS="1383" VPOS="2563" WIDTH="293" HEIGHT="38" CONTENT="certainement" WC="1.00" CC="001507000206" STYLEREFS="TXT_7"/>
						<SP ID="P57_SP00273" HPOS="1676" VPOS="2605" WIDTH="22"/>
						<String ID="P57_ST00301" HPOS="1698" VPOS="2565" WIDTH="176" HEIGHT="50" CONTENT="épargné" WC="0.99" CC="0007700" STYLEREFS="TXT_7"/>
						<SP ID="P57_SP00274" HPOS="1874" VPOS="2615" WIDTH="24"/>
						<String ID="P57_ST00302" HPOS="1898" VPOS="2576" WIDTH="56" HEIGHT="24" CONTENT="un" WC="0.86" CC="20" STYLEREFS="TXT_7"/>
						<SP ID="P57_SP00275" HPOS="1954" VPOS="2615" WIDTH="24"/>
						<String ID="P57_ST00303" HPOS="1978" VPOS="2561" WIDTH="82" HEIGHT="39" CONTENT="bon" WC="1.00" CC="000" STYLEREFS="TXT_7"/>
						<SP ID="P57_SP00276" HPOS="2060" VPOS="2615" WIDTH="23"/>
						<String ID="P57_ST00304" HPOS="2083" VPOS="2563" WIDTH="158" HEIGHT="38" CONTENT="rhume." WC="0.99" CC="261013" STYLEREFS="TXT_7"/>
						<SP ID="P57_SP00277" HPOS="2241" VPOS="2615" WIDTH="28"/>
						<String ID="P57_ST00305" HPOS="2269" VPOS="2559" WIDTH="236" HEIGHT="56" CONTENT="Enveloppé" WC="1.00" CC="000344000" STYLEREFS="TXT_7"/>
						<SP ID="P57_SP00278" HPOS="2505" VPOS="2615" WIDTH="23"/>
						<String ID="P57_ST00306" HPOS="2528" VPOS="2561" WIDTH="102" HEIGHT="39" CONTENT="dans" WC="0.97" CC="6406" STYLEREFS="TXT_7"/>
					</TextLine>
					<TextLine ID="P57_TL00029" HPOS="37" VPOS="2619" WIDTH="2589" HEIGHT="61">
						<String ID="P57_ST00307" HPOS="37" VPOS="2641" WIDTH="75" HEIGHT="25" CONTENT="son" WC="0.96" CC="540" STYLEREFS="TXT_7"/>
						<SP ID="P57_SP00279" HPOS="112" VPOS="2666" WIDTH="24"/>
						<String ID="P57_ST00308" HPOS="136" VPOS="2624" WIDTH="199" HEIGHT="56" CONTENT="ampleur," WC="0.99" CC="00052504" STYLEREFS="TXT_7"/>
						<SP ID="P57_SP00280" HPOS="335" VPOS="2680" WIDTH="21"/>
						<String ID="P57_ST00309" HPOS="356" VPOS="2626" WIDTH="39" HEIGHT="50" CONTENT="je" WC="0.81" CC="02" STYLEREFS="TXT_7"/>
						<SP ID="P57_SP00281" HPOS="395" VPOS="2680" WIDTH="22"/>
						<String ID="P57_ST00310" HPOS="417" VPOS="2624" WIDTH="80" HEIGHT="38" CONTENT="suis" WC="0.99" CC="0030" STYLEREFS="TXT_7"/>
						<SP ID="P57_SP00282" HPOS="497" VPOS="2680" WIDTH="22"/>
						<String ID="P57_ST00311" HPOS="519" VPOS="2638" WIDTH="150" HEIGHT="24" CONTENT="revenu" WC="0.98" CC="470206" STYLEREFS="TXT_7"/>
						<SP ID="P57_SP00283" HPOS="669" VPOS="2680" WIDTH="23"/>
						<String ID="P57_ST00312" HPOS="692" VPOS="2620" WIDTH="337" HEIGHT="54" CONTENT="tranquillement" WC="1.00" CC="00005730000204" STYLEREFS="TXT_7"/>
						<SP ID="P57_SP00284" HPOS="1029" VPOS="2680" WIDTH="23"/>
						<String ID="P57_ST00313" HPOS="1052" VPOS="2636" WIDTH="51" HEIGHT="24" CONTENT="au" WC="0.67" CC="06" STYLEREFS="TXT_7"/>
						<SP ID="P57_SP00285" HPOS="1103" VPOS="2680" WIDTH="23"/>
						<String ID="P57_ST00314" HPOS="1126" VPOS="2620" WIDTH="99" HEIGHT="40" CONTENT="clair" WC="0.98" CC="03045" STYLEREFS="TXT_7"/>
						<SP ID="P57_SP00286" HPOS="1225" VPOS="2680" WIDTH="21"/>
						<String ID="P57_ST00315" HPOS="1246" VPOS="2622" WIDTH="49" HEIGHT="38" CONTENT="de" WC="0.81" CC="30" STYLEREFS="TXT_7"/>
						<SP ID="P57_SP00287" HPOS="1295" VPOS="2680" WIDTH="32"/>
						<String ID="P57_ST00316" HPOS="1327" VPOS="2620" WIDTH="37" HEIGHT="40" CONTENT="la" WC="1.00" CC="00" STYLEREFS="TXT_7"/>
						<SP ID="P57_SP00288" HPOS="1364" VPOS="2680" WIDTH="32"/>
						<String ID="P57_ST00317" HPOS="1396" VPOS="2619" WIDTH="96" HEIGHT="41" CONTENT="lune" WC="0.99" CC="0400" STYLEREFS="TXT_7"/>
						<SP ID="P57_SP00289" HPOS="1492" VPOS="2680" WIDTH="32"/>
						<String ID="P57_ST00318" HPOS="1524" VPOS="2635" WIDTH="162" HEIGHT="25" CONTENT="comme" WC="0.99" CC="13000" STYLEREFS="TXT_7"/>
						<SP ID="P57_SP00290" HPOS="1686" VPOS="2680" WIDTH="32"/>
						<String ID="P57_ST00319" HPOS="1718" VPOS="2635" WIDTH="72" HEIGHT="39" CONTENT="par" WC="0.98" CC="004" STYLEREFS="TXT_7"/>
						<SP ID="P57_SP00291" HPOS="1790" VPOS="2680" WIDTH="32"/>
						<String ID="P57_ST00320" HPOS="1822" VPOS="2635" WIDTH="80" HEIGHT="24" CONTENT="une" WC="0.98" CC="500" STYLEREFS="TXT_7"/>
						<SP ID="P57_SP00292" HPOS="1902" VPOS="2680" WIDTH="33"/>
						<String ID="P57_ST00321" HPOS="1935" VPOS="2619" WIDTH="102" HEIGHT="41" CONTENT="belle" WC="0.99" CC="04001" STYLEREFS="TXT_7"/>
						<SP ID="P57_SP00293" HPOS="2037" VPOS="2680" WIDTH="34"/>
						<String ID="P57_ST00322" HPOS="2071" VPOS="2621" WIDTH="90" HEIGHT="38" CONTENT="nuit" WC="0.98" CC="0530" STYLEREFS="TXT_7"/>
						<SP ID="P57_SP00294" HPOS="2161" VPOS="2680" WIDTH="32"/>
						<String ID="P57_ST00323" HPOS="2193" VPOS="2622" WIDTH="119" HEIGHT="37" CONTENT="d'été." WC="1.00" CC="040002" STYLEREFS="TXT_7"/>
						<SP ID="P57_SP00295" HPOS="2312" VPOS="2680" WIDTH="25"/>
						<String ID="P57_ST00324" HPOS="2337" VPOS="2622" WIDTH="76" HEIGHT="37" CONTENT="Les" WC="0.96" CC="370" STYLEREFS="TXT_7"/>
						<SP ID="P57_SP00296" HPOS="2413" VPOS="2680" WIDTH="32"/>
						<String ID="P57_ST00325" HPOS="2445" VPOS="2620" WIDTH="181" HEIGHT="50" CONTENT="aigreurs" WC="0.99" CC="07730440" STYLEREFS="TXT_7"/>
					</TextLine>
					<TextLine ID="P57_TL00030" HPOS="35" VPOS="2677" WIDTH="2586" HEIGHT="59">
						<String ID="P57_ST00326" HPOS="35" VPOS="2687" WIDTH="50" HEIGHT="38" CONTENT="de" WC="0.55" CC="62" STYLEREFS="TXT_7"/>
						<SP ID="P57_SP00297" HPOS="85" VPOS="2725" WIDTH="21"/>
						<String ID="P57_ST00327" HPOS="106" VPOS="2684" WIDTH="38" HEIGHT="40" CONTENT="la" WC="0.85" CC="20" STYLEREFS="TXT_7"/>
						<SP ID="P57_SP00298" HPOS="144" VPOS="2725" WIDTH="18"/>
						<String ID="P57_ST00328" HPOS="162" VPOS="2685" WIDTH="82" HEIGHT="38" CONTENT="bise" WC="0.98" CC="0028" STYLEREFS="TXT_7"/>
						<SP ID="P57_SP00299" HPOS="244" VPOS="2725" WIDTH="24"/>
						<String ID="P57_ST00329" HPOS="268" VPOS="2686" WIDTH="118" HEIGHT="37" CONTENT="n'ont" WC="0.98" CC="03503" STYLEREFS="TXT_7"/>
						<SP ID="P57_SP00300" HPOS="386" VPOS="2725" WIDTH="21"/>
						<String ID="P57_ST00330" HPOS="407" VPOS="2683" WIDTH="87" HEIGHT="39" CONTENT="rien" WC="0.98" CC="2160" STYLEREFS="TXT_7"/>
						<SP ID="P57_SP00301" HPOS="494" VPOS="2725" WIDTH="24"/>
						<String ID="P57_ST00331" HPOS="518" VPOS="2697" WIDTH="55" HEIGHT="39" CONTENT="pu" WC="0.50" CC="09" STYLEREFS="TXT_7"/>
						<SP ID="P57_SP00302" HPOS="573" VPOS="2736" WIDTH="23"/>
						<String ID="P57_ST00332" HPOS="596" VPOS="2692" WIDTH="140" HEIGHT="29" CONTENT="contre" WC="1.00" CC="020030" STYLEREFS="TXT_7"/>
						<SP ID="P57_SP00303" HPOS="736" VPOS="2736" WIDTH="23"/>
						<String ID="P57_ST00333" HPOS="759" VPOS="2680" WIDTH="53" HEIGHT="40" CONTENT="les" WC="0.96" CC="460" STYLEREFS="TXT_7"/>
						<SP ID="P57_SP00304" HPOS="812" VPOS="2736" WIDTH="22"/>
						<String ID="P57_ST00334" HPOS="834" VPOS="2681" WIDTH="261" HEIGHT="53" CONTENT="impressions" WC="0.99" CC="51060006200" STYLEREFS="TXT_7"/>
						<SP ID="P57_SP00305" HPOS="1095" VPOS="2736" WIDTH="22"/>
						<String ID="P57_ST00335" HPOS="1117" VPOS="2681" WIDTH="257" HEIGHT="39" CONTENT="charmantes" WC="0.99" CC="0305090000" STYLEREFS="TXT_7"/>
						<SP ID="P57_SP00306" HPOS="1374" VPOS="2736" WIDTH="22"/>
						<String ID="P57_ST00336" HPOS="1396" VPOS="2694" WIDTH="78" HEIGHT="38" CONTENT="que" WC="0.97" CC="700" STYLEREFS="TXT_7"/>
						<SP ID="P57_SP00307" HPOS="1474" VPOS="2736" WIDTH="18"/>
						<String ID="P57_ST00337" HPOS="1492" VPOS="2680" WIDTH="253" HEIGHT="53" CONTENT="j'emportais" WC="0.99" CC="34400650030" STYLEREFS="TXT_7"/>
						<SP ID="P57_SP00308" HPOS="1745" VPOS="2736" WIDTH="23"/>
						<String ID="P57_ST00338" HPOS="1768" VPOS="2680" WIDTH="49" HEIGHT="38" CONTENT="de" WC="1.00" CC="00" STYLEREFS="TXT_7"/>
						<SP ID="P57_SP00309" HPOS="1817" VPOS="2736" WIDTH="25"/>
						<String ID="P57_ST00339" HPOS="1842" VPOS="2688" WIDTH="109" HEIGHT="30" CONTENT="votre" WC="0.98" CC="05330" STYLEREFS="TXT_7"/>
						<SP ID="P57_SP00310" HPOS="1951" VPOS="2736" WIDTH="22"/>
						<String ID="P57_ST00340" HPOS="1973" VPOS="2680" WIDTH="158" HEIGHT="38" CONTENT="maison" WC="1.00" CC="002030" STYLEREFS="TXT_7"/>
						<SP ID="P57_SP00311" HPOS="2131" VPOS="2736" WIDTH="34"/>
						<String ID="P57_ST00341" HPOS="2165" VPOS="2689" WIDTH="37" HEIGHT="29" CONTENT="et" WC="0.69" CC="06" STYLEREFS="TXT_7"/>
						<SP ID="P57_SP00312" HPOS="2202" VPOS="2736" WIDTH="29"/>
						<String ID="P57_ST00342" HPOS="2231" VPOS="2680" WIDTH="71" HEIGHT="50" CONTENT="j'ai" WC="0.98" CC="2206" STYLEREFS="TXT_7"/>
						<SP ID="P57_SP00313" HPOS="2302" VPOS="2736" WIDTH="33"/>
						<String ID="P57_ST00343" HPOS="2335" VPOS="2693" WIDTH="56" HEIGHT="39" CONTENT="pu" WC="1.00" CC="00" STYLEREFS="TXT_7"/>
						<SP ID="P57_SP00314" HPOS="2391" VPOS="2736" WIDTH="33"/>
						<String ID="P57_ST00344" HPOS="2424" VPOS="2693" WIDTH="65" HEIGHT="25" CONTENT="me" WC="0.95" CC="00" STYLEREFS="TXT_7"/>
						<SP ID="P57_SP00315" HPOS="2489" VPOS="2736" WIDTH="32"/>
						<String ID="P57_ST00345" HPOS="2521" VPOS="2677" WIDTH="100" HEIGHT="41" CONTENT="faire" WC="0.98" CC="60424" STYLEREFS="TXT_7"/>
					</TextLine>
					<TextLine ID="P57_TL00031" HPOS="37" VPOS="2738" WIDTH="1065" HEIGHT="56">
						<String ID="P57_ST00346" HPOS="37" VPOS="2746" WIDTH="50" HEIGHT="38" CONTENT="de" WC="0.89" CC="02" STYLEREFS="TXT_7"/>
						<SP ID="P57_SP00316" HPOS="87" VPOS="2784" WIDTH="22"/>
						<String ID="P57_ST00347" HPOS="109" VPOS="2744" WIDTH="39" HEIGHT="40" CONTENT="la" WC="1.00" CC="00" STYLEREFS="TXT_7"/>
						<SP ID="P57_SP00317" HPOS="148" VPOS="2784" WIDTH="23"/>
						<String ID="P57_ST00348" HPOS="171" VPOS="2744" WIDTH="190" HEIGHT="50" CONTENT="musique" WC="0.99" CC="0603001" STYLEREFS="TXT_7"/>
						<SP ID="P57_SP00318" HPOS="361" VPOS="2794" WIDTH="23"/>
						<String ID="P57_ST00349" HPOS="384" VPOS="2756" WIDTH="145" HEIGHT="24" CONTENT="encore" WC="0.99" CC="400330" STYLEREFS="TXT_7"/>
						<SP ID="P57_SP00319" HPOS="529" VPOS="2794" WIDTH="23"/>
						<String ID="P57_ST00350" HPOS="552" VPOS="2751" WIDTH="90" HEIGHT="29" CONTENT="tout" WC="0.97" CC="4604" STYLEREFS="TXT_7"/>
						<SP ID="P57_SP00320" HPOS="642" VPOS="2794" WIDTH="22"/>
						<String ID="P57_ST00351" HPOS="664" VPOS="2739" WIDTH="36" HEIGHT="40" CONTENT="le" WC="0.82" CC="03" STYLEREFS="TXT_7"/>
						<SP ID="P57_SP00321" HPOS="700" VPOS="2794" WIDTH="23"/>
						<String ID="P57_ST00352" HPOS="723" VPOS="2738" WIDTH="99" HEIGHT="51" CONTENT="long" WC="0.96" CC="2049" STYLEREFS="TXT_7"/>
						<SP ID="P57_SP00322" HPOS="822" VPOS="2794" WIDTH="22"/>
						<String ID="P57_ST00353" HPOS="844" VPOS="2740" WIDTH="56" HEIGHT="39" CONTENT="du" WC="1.00" CC="00" STYLEREFS="TXT_7"/>
						<SP ID="P57_SP00323" HPOS="900" VPOS="2794" WIDTH="23"/>
						<String ID="P57_ST00354" HPOS="923" VPOS="2740" WIDTH="179" HEIGHT="39" CONTENT="chemin." WC="0.99" CC="3020203" STYLEREFS="TXT_7"/>
					</TextLine>
					<TextLine ID="P57_TL00032" HPOS="156" VPOS="2793" WIDTH="2467" HEIGHT="62">
						<String ID="P57_ST00355" HPOS="156" VPOS="2805" WIDTH="48" HEIGHT="50" CONTENT="Je" WC="0.59" CC="52" STYLEREFS="TXT_7"/>
						<SP ID="P57_SP00324" HPOS="204" VPOS="2855" WIDTH="22"/>
						<String ID="P57_ST00356" HPOS="226" VPOS="2816" WIDTH="100" HEIGHT="25" CONTENT="vous" WC="1.00" CC="0000" STYLEREFS="TXT_7"/>
						<SP ID="P57_SP00325" HPOS="326" VPOS="2855" WIDTH="22"/>
						<String ID="P57_ST00357" HPOS="348" VPOS="2801" WIDTH="144" HEIGHT="39" CONTENT="envoie" WC="0.98" CC="600342" STYLEREFS="TXT_7"/>
						<SP ID="P57_SP00326" HPOS="492" VPOS="2855" WIDTH="21"/>
						<String ID="P57_ST00358" HPOS="513" VPOS="2799" WIDTH="54" HEIGHT="40" CONTENT="les" WC="0.99" CC="300" STYLEREFS="TXT_7"/>
						<SP ID="P57_SP00327" HPOS="567" VPOS="2855" WIDTH="22"/>
						<String ID="P57_ST00359" HPOS="589" VPOS="2798" WIDTH="183" HEIGHT="40" CONTENT="volumes" WC="1.00" CC="0200000" STYLEREFS="TXT_7"/>
						<SP ID="P57_SP00328" HPOS="772" VPOS="2855" WIDTH="22"/>
						<String ID="P57_ST00360" HPOS="794" VPOS="2800" WIDTH="48" HEIGHT="38" CONTENT="de" WC="1.00" CC="00" STYLEREFS="TXT_7"/>
						<SP ID="P57_SP00329" HPOS="842" VPOS="2855" WIDTH="19"/>
						<String ID="P57_ST00361" HPOS="861" VPOS="2800" WIDTH="168" HEIGHT="37" CONTENT="Bossuet" WC="0.85" CC="6300000" STYLEREFS="TXT_7"/>
						<SP ID="P57_SP00330" HPOS="1029" VPOS="2855" WIDTH="24"/>
						<String ID="P57_ST00362" HPOS="1053" VPOS="2812" WIDTH="77" HEIGHT="37" CONTENT="que" WC="0.98" CC="400" STYLEREFS="TXT_7"/>
						<SP ID="P57_SP00331" HPOS="1130" VPOS="2855" WIDTH="22"/>
						<String ID="P57_ST00363" HPOS="1152" VPOS="2812" WIDTH="100" HEIGHT="24" CONTENT="vous" WC="0.97" CC="9300" STYLEREFS="TXT_7"/>
						<SP ID="P57_SP00332" HPOS="1252" VPOS="2855" WIDTH="23"/>
						<String ID="P57_ST00364" HPOS="1275" VPOS="2812" WIDTH="65" HEIGHT="23" CONTENT="me" WC="0.81" CC="03" STYLEREFS="TXT_7"/>
						<SP ID="P57_SP00333" HPOS="1340" VPOS="2855" WIDTH="22"/>
						<String ID="P57_ST00365" HPOS="1362" VPOS="2806" WIDTH="221" HEIGHT="44" CONTENT="permettez" WC="0.99" CC="004005612" STYLEREFS="TXT_7"/>
						<SP ID="P57_SP00334" HPOS="1583" VPOS="2855" WIDTH="21"/>
						<String ID="P57_ST00366" HPOS="1604" VPOS="2797" WIDTH="49" HEIGHT="38" CONTENT="de" WC="1.00" CC="00" STYLEREFS="TXT_7"/>
						<SP ID="P57_SP00335" HPOS="1653" VPOS="2855" WIDTH="23"/>
						<String ID="P57_ST00367" HPOS="1676" VPOS="2810" WIDTH="99" HEIGHT="25" CONTENT="vous" WC="0.99" CC="0300" STYLEREFS="TXT_7"/>
						<SP ID="P57_SP00336" HPOS="1775" VPOS="2855" WIDTH="32"/>
						<String ID="P57_ST00368" HPOS="1807" VPOS="2795" WIDTH="114" HEIGHT="39" CONTENT="offrir" WC="0.97" CC="377953" STYLEREFS="TXT_7"/>
						<SP ID="P57_SP00337" HPOS="1921" VPOS="2855" WIDTH="26"/>
						<String ID="P57_ST00369" HPOS="1947" VPOS="2814" WIDTH="9" HEIGHT="21" CONTENT=":" WC="0.66" CC="3" STYLEREFS="TXT_7"/>
						<SP ID="P57_SP00338" HPOS="1956" VPOS="2855" WIDTH="31"/>
						<String ID="P57_ST00370" HPOS="1987" VPOS="2798" WIDTH="174" HEIGHT="52" CONTENT="J'espère" WC="1.00" CC="02000510" STYLEREFS="TXT_7"/>
						<SP ID="P57_SP00339" HPOS="2161" VPOS="2855" WIDTH="35"/>
						<String ID="P57_ST00371" HPOS="2196" VPOS="2810" WIDTH="77" HEIGHT="37" CONTENT="que" WC="0.98" CC="050" STYLEREFS="TXT_7"/>
						<SP ID="P57_SP00340" HPOS="2273" VPOS="2855" WIDTH="34"/>
						<String ID="P57_ST00372" HPOS="2307" VPOS="2793" WIDTH="316" HEIGHT="42" CONTENT="Mademoiselle" WC="1.00" CC="000205400010" STYLEREFS="TXT_7"/>
					</TextLine>
					<TextLine ID="P57_TL00033" HPOS="33" VPOS="2854" WIDTH="2591" HEIGHT="59">
						<String ID="P57_ST00373" HPOS="33" VPOS="2872" WIDTH="115" HEIGHT="30" CONTENT="votre" WC="0.98" CC="16005" STYLEREFS="TXT_7"/>
						<SP ID="P57_SP00341" HPOS="148" VPOS="2902" WIDTH="16"/>
						<String ID="P57_ST00374" HPOS="164" VPOS="2860" WIDTH="82" HEIGHT="40" CONTENT="fille" WC="0.99" CC="00900" STYLEREFS="TXT_7"/>
						<SP ID="P57_SP00342" HPOS="246" VPOS="2902" WIDTH="22"/>
						<String ID="P57_ST00375" HPOS="268" VPOS="2875" WIDTH="51" HEIGHT="24" CONTENT="ne" WC="0.94" CC="01" STYLEREFS="TXT_7"/>
						<SP ID="P57_SP00343" HPOS="319" VPOS="2902" WIDTH="22"/>
						<String ID="P57_ST00376" HPOS="341" VPOS="2874" WIDTH="84" HEIGHT="25" CONTENT="sera" WC="0.97" CC="0750" STYLEREFS="TXT_7"/>
						<SP ID="P57_SP00344" HPOS="425" VPOS="2902" WIDTH="22"/>
						<String ID="P57_ST00377" HPOS="447" VPOS="2873" WIDTH="72" HEIGHT="40" CONTENT="pas" WC="1.00" CC="000" STYLEREFS="TXT_7"/>
						<SP ID="P57_SP00345" HPOS="519" VPOS="2913" WIDTH="15"/>
						<String ID="P57_ST00378" HPOS="534" VPOS="2858" WIDTH="171" HEIGHT="53" CONTENT="effrayée" WC="0.99" CC="03360602" STYLEREFS="TXT_7"/>
						<SP ID="P57_SP00346" HPOS="705" VPOS="2913" WIDTH="22"/>
						<String ID="P57_ST00379" HPOS="727" VPOS="2857" WIDTH="70" HEIGHT="40" CONTENT="àla" WC="0.95" CC="410" STYLEREFS="TXT_7"/>
						<SP ID="P57_SP00347" HPOS="797" VPOS="2913" WIDTH="14"/>
						<String ID="P57_ST00380" HPOS="811" VPOS="2872" WIDTH="77" HEIGHT="24" CONTENT="vue" WC="1.00" CC="000" STYLEREFS="TXT_7"/>
						<SP ID="P57_SP00348" HPOS="888" VPOS="2913" WIDTH="22"/>
						<String ID="P57_ST00381" HPOS="910" VPOS="2858" WIDTH="48" HEIGHT="37" CONTENT="de" WC="0.94" CC="01" STYLEREFS="TXT_7"/>
						<SP ID="P57_SP00349" HPOS="958" VPOS="2913" WIDTH="23"/>
						<String ID="P57_ST00382" HPOS="981" VPOS="2871" WIDTH="63" HEIGHT="24" CONTENT="ces" WC="1.00" CC="000" STYLEREFS="TXT_7"/>
						<SP ID="P57_SP00350" HPOS="1044" VPOS="2913" WIDTH="20"/>
						<String ID="P57_ST00383" HPOS="1064" VPOS="2857" WIDTH="41" HEIGHT="38" CONTENT="in" WC="0.44" CC="37" STYLEREFS="TXT_7"/>
						<SP ID="P57_SP00351" HPOS="1105" VPOS="2913" WIDTH="26"/>
						<String ID="P57_ST00384" HPOS="1131" VPOS="2874" WIDTH="24" HEIGHT="32" CONTENT="4" WC="0.38" CC="6" STYLEREFS="TXT_8"/>
						<String ID="P57_ST00385" HPOS="1159" VPOS="2861" WIDTH="16" HEIGHT="17" CONTENT="0" STYLE="superscript" WC="0.28" CC="7" STYLEREFS="TXT_8"/>
						<String ID="P57_ST00386" HPOS="1180" VPOS="2888" WIDTH="6" HEIGHT="6" CONTENT="." WC="0.57" CC="4" STYLEREFS="TXT_8"/>
						<SP ID="P57_SP00352" HPOS="1186" VPOS="2913" WIDTH="28"/>
						<String ID="P57_ST00387" HPOS="1214" VPOS="2855" WIDTH="53" HEIGHT="40" CONTENT="Ils" WC="1.00" CC="000" STYLEREFS="TXT_7"/>
						<SP ID="P57_SP00353" HPOS="1267" VPOS="2913" WIDTH="22"/>
						<String ID="P57_ST00388" HPOS="1289" VPOS="2857" WIDTH="219" HEIGHT="52" CONTENT="paraissent" WC="1.00" CC="0040200006" STYLEREFS="TXT_7"/>
						<SP ID="P57_SP00354" HPOS="1508" VPOS="2913" WIDTH="15"/>
						<String ID="P57_ST00389" HPOS="1523" VPOS="2854" WIDTH="137" HEIGHT="40" CONTENT="lourds" WC="0.99" CC="020400" STYLEREFS="TXT_7"/>
						<SP ID="P57_SP00355" HPOS="1660" VPOS="2913" WIDTH="15"/>
						<String ID="P57_ST00390" HPOS="1675" VPOS="2870" WIDTH="105" HEIGHT="39" CONTENT="pour" WC="0.97" CC="0606" STYLEREFS="TXT_7"/>
						<SP ID="P57_SP00356" HPOS="1780" VPOS="2913" WIDTH="10"/>
						<String ID="P57_ST00391" HPOS="1790" VPOS="2869" WIDTH="56" HEIGHT="24" CONTENT="ses" WC="1.00" CC="000" STYLEREFS="TXT_7"/>
						<SP ID="P57_SP00357" HPOS="1846" VPOS="2913" WIDTH="14"/>
						<String ID="P57_ST00392" HPOS="1860" VPOS="2855" WIDTH="142" HEIGHT="53" CONTENT="petites" WC="0.99" CC="0286200" STYLEREFS="TXT_7"/>
						<SP ID="P57_SP00358" HPOS="2002" VPOS="2913" WIDTH="18"/>
						<String ID="P57_ST00393" HPOS="2020" VPOS="2855" WIDTH="143" HEIGHT="47" CONTENT="mains," WC="0.99" CC="002004" STYLEREFS="TXT_7"/>
						<SP ID="P57_SP00359" HPOS="2163" VPOS="2913" WIDTH="17"/>
						<String ID="P57_ST00394" HPOS="2180" VPOS="2855" WIDTH="102" HEIGHT="38" CONTENT="mais" WC="0.99" CC="0060" STYLEREFS="TXT_7"/>
						<SP ID="P57_SP00360" HPOS="2282" VPOS="2913" WIDTH="15"/>
						<String ID="P57_ST00395" HPOS="2297" VPOS="2868" WIDTH="73" HEIGHT="26" CONTENT="son" WC="0.98" CC="050" STYLEREFS="TXT_7"/>
						<SP ID="P57_SP00361" HPOS="2370" VPOS="2913" WIDTH="15"/>
						<String ID="P57_ST00396" HPOS="2385" VPOS="2854" WIDTH="123" HEIGHT="53" CONTENT="esprit" WC="1.00" CC="000300" STYLEREFS="TXT_7"/>
						<SP ID="P57_SP00362" HPOS="2508" VPOS="2913" WIDTH="18"/>
						<String ID="P57_ST00397" HPOS="2526" VPOS="2863" WIDTH="98" HEIGHT="44" CONTENT="peut" WC="0.98" CC="0008" STYLEREFS="TXT_7"/>
					</TextLine>
					<TextLine ID="P57_TL00034" HPOS="33" VPOS="2911" WIDTH="2589" HEIGHT="64">
						<String ID="P57_ST00398" HPOS="33" VPOS="2921" WIDTH="56" HEIGHT="40" CONTENT="les" WC="0.97" CC="430" STYLEREFS="TXT_7"/>
						<SP ID="P57_SP00363" HPOS="89" VPOS="2961" WIDTH="23"/>
						<String ID="P57_ST00399" HPOS="112" VPOS="2931" WIDTH="149" HEIGHT="44" CONTENT="porter." WC="0.99" CC="0000444" STYLEREFS="TXT_7"/>
						<SP ID="P57_SP00364" HPOS="261" VPOS="2975" WIDTH="25"/>
						<String ID="P57_ST00400" HPOS="286" VPOS="2922" WIDTH="47" HEIGHT="49" CONTENT="Je" WC="1.00" CC="00" STYLEREFS="TXT_7"/>
						<SP ID="P57_SP00365" HPOS="333" VPOS="2975" WIDTH="21"/>
						<String ID="P57_ST00401" HPOS="354" VPOS="2928" WIDTH="173" HEIGHT="40" CONTENT="regrette" WC="0.99" CC="31932500" STYLEREFS="TXT_7"/>
						<SP ID="P57_SP00366" HPOS="527" VPOS="2975" WIDTH="24"/>
						<String ID="P57_ST00402" HPOS="551" VPOS="2916" WIDTH="118" HEIGHT="52" CONTENT="qu'ils" WC="0.99" CC="602300" STYLEREFS="TXT_7"/>
						<SP ID="P57_SP00367" HPOS="669" VPOS="2975" WIDTH="22"/>
						<String ID="P57_ST00403" HPOS="691" VPOS="2917" WIDTH="130" HEIGHT="39" CONTENT="soient" WC="0.99" CC="034104" STYLEREFS="TXT_7"/>
						<SP ID="P57_SP00368" HPOS="821" VPOS="2975" WIDTH="21"/>
						<String ID="P57_ST00404" HPOS="842" VPOS="2917" WIDTH="32" HEIGHT="37" CONTENT="si" WC="0.86" CC="02" STYLEREFS="TXT_7"/>
						<SP ID="P57_SP00369" HPOS="874" VPOS="2975" WIDTH="22"/>
						<String ID="P57_ST00405" HPOS="896" VPOS="2916" WIDTH="119" HEIGHT="38" CONTENT="vieux" WC="1.00" CC="04000" STYLEREFS="TXT_7"/>
						<SP ID="P57_SP00370" HPOS="1015" VPOS="2975" WIDTH="22"/>
						<String ID="P57_ST00406" HPOS="1037" VPOS="2925" WIDTH="38" HEIGHT="29" CONTENT="et" WC="0.71" CC="05" STYLEREFS="TXT_7"/>
						<SP ID="P57_SP00371" HPOS="1075" VPOS="2975" WIDTH="21"/>
						<String ID="P57_ST00407" HPOS="1096" VPOS="2916" WIDTH="31" HEIGHT="38" CONTENT="si" WC="0.86" CC="02" STYLEREFS="TXT_7"/>
						<SP ID="P57_SP00372" HPOS="1127" VPOS="2975" WIDTH="21"/>
						<String ID="P57_ST00408" HPOS="1148" VPOS="2914" WIDTH="187" HEIGHT="51" CONTENT="fatigués." WC="1.00" CC="004600000" STYLEREFS="TXT_7"/>
						<SP ID="P57_SP00373" HPOS="1335" VPOS="2975" WIDTH="26"/>
						<String ID="P57_ST00409" HPOS="1361" VPOS="2915" WIDTH="148" HEIGHT="43" CONTENT="Quand" WC="1.00" CC="30000" STYLEREFS="TXT_7"/>
						<SP ID="P57_SP00374" HPOS="1509" VPOS="2975" WIDTH="19"/>
						<String ID="P57_ST00410" HPOS="1528" VPOS="2928" WIDTH="53" HEIGHT="25" CONTENT="on" WC="0.81" CC="30" STYLEREFS="TXT_7"/>
						<SP ID="P57_SP00375" HPOS="1581" VPOS="2975" WIDTH="24"/>
						<String ID="P57_ST00411" HPOS="1605" VPOS="2928" WIDTH="65" HEIGHT="25" CONTENT="me" WC="0.80" CC="04" STYLEREFS="TXT_7"/>
						<SP ID="P57_SP00376" HPOS="1670" VPOS="2975" WIDTH="33"/>
						<String ID="P57_ST00412" HPOS="1703" VPOS="2912" WIDTH="53" HEIGHT="41" CONTENT="les" WC="0.97" CC="440" STYLEREFS="TXT_7"/>
						<SP ID="P57_SP00377" HPOS="1756" VPOS="2975" WIDTH="31"/>
						<String ID="P57_ST00413" HPOS="1787" VPOS="2928" WIDTH="23" HEIGHT="24" CONTENT="a" WC="1.00" CC="0" STYLEREFS="TXT_7"/>
						<SP ID="P57_SP00378" HPOS="1810" VPOS="2975" WIDTH="32"/>
						<String ID="P57_ST00414" HPOS="1842" VPOS="2914" WIDTH="155" HEIGHT="38" CONTENT="donnés" WC="1.00" CC="030000" STYLEREFS="TXT_7"/>
						<SP ID="P57_SP00379" HPOS="1997" VPOS="2975" WIDTH="31"/>
						<String ID="P57_ST00415" HPOS="2028" VPOS="2912" WIDTH="46" HEIGHT="39" CONTENT="ils" WC="0.97" CC="430" STYLEREFS="TXT_7"/>
						<SP ID="P57_SP00380" HPOS="2074" VPOS="2975" WIDTH="33"/>
						<String ID="P57_ST00416" HPOS="2107" VPOS="2913" WIDTH="194" HEIGHT="39" CONTENT="n'étaient" WC="1.00" CC="030004000" STYLEREFS="TXT_7"/>
						<SP ID="P57_SP00381" HPOS="2301" VPOS="2975" WIDTH="32"/>
						<String ID="P57_ST00417" HPOS="2333" VPOS="2927" WIDTH="70" HEIGHT="40" CONTENT="pas" WC="1.00" CC="000" STYLEREFS="TXT_7"/>
						<SP ID="P57_SP00382" HPOS="2403" VPOS="2975" WIDTH="33"/>
						<String ID="P57_ST00418" HPOS="2436" VPOS="2911" WIDTH="115" HEIGHT="40" CONTENT="neufs" WC="0.99" CC="00400" STYLEREFS="TXT_7"/>
						<SP ID="P57_SP00383" HPOS="2551" VPOS="2975" WIDTH="31"/>
						<String ID="P57_ST00419" HPOS="2582" VPOS="2921" WIDTH="40" HEIGHT="30" CONTENT="et" WC="0.73" CC="23" STYLEREFS="TXT_7"/>
					</TextLine>
					<TextLine ID="P57_TL00035" HPOS="33" VPOS="2970" WIDTH="2586" HEIGHT="64">
						<String ID="P57_ST00420" HPOS="33" VPOS="2981" WIDTH="145" HEIGHT="53" CONTENT="depuis" WC="0.99" CC="000070" STYLEREFS="TXT_7"/>
						<SP ID="P57_SP00384" HPOS="178" VPOS="3034" WIDTH="20"/>
						<String ID="P57_ST00421" HPOS="198" VPOS="2980" WIDTH="118" HEIGHT="48" CONTENT="vingt" WC="1.00" CC="03000" STYLEREFS="TXT_7"/>
						<SP ID="P57_SP00385" HPOS="316" VPOS="3034" WIDTH="22"/>
						<String ID="P57_ST00422" HPOS="338" VPOS="2992" WIDTH="71" HEIGHT="25" CONTENT="ans" WC="1.00" CC="000" STYLEREFS="TXT_7"/>
						<SP ID="P57_SP00386" HPOS="409" VPOS="3034" WIDTH="21"/>
						<String ID="P57_ST00423" HPOS="430" VPOS="2976" WIDTH="49" HEIGHT="39" CONTENT="ils" WC="0.98" CC="410" STYLEREFS="TXT_7"/>
						<SP ID="P57_SP00387" HPOS="479" VPOS="3034" WIDTH="21"/>
						<String ID="P57_ST00424" HPOS="500" VPOS="2977" WIDTH="180" HEIGHT="38" CONTENT="traînent" WC="0.98" CC="55660005" STYLEREFS="TXT_7"/>
						<SP ID="P57_SP00388" HPOS="680" VPOS="3034" WIDTH="21"/>
						<String ID="P57_ST00425" HPOS="701" VPOS="2989" WIDTH="94" HEIGHT="25" CONTENT="avec" WC="1.00" CC="0001" STYLEREFS="TXT_7"/>
						<SP ID="P57_SP00389" HPOS="795" VPOS="3034" WIDTH="24"/>
						<String ID="P57_ST00426" HPOS="819" VPOS="2975" WIDTH="84" HEIGHT="39" CONTENT="moi" WC="0.96" CC="046" STYLEREFS="TXT_7"/>
						<SP ID="P57_SP00390" HPOS="903" VPOS="3034" WIDTH="23"/>
						<String ID="P57_ST00427" HPOS="926" VPOS="2975" WIDTH="99" HEIGHT="38" CONTENT="dans" WC="1.00" CC="0000" STYLEREFS="TXT_7"/>
						<SP ID="P57_SP00391" HPOS="1025" VPOS="3034" WIDTH="23"/>
						<String ID="P57_ST00428" HPOS="1048" VPOS="2988" WIDTH="43" HEIGHT="25" CONTENT="ce" WC="1.00" CC="00" STYLEREFS="TXT_7"/>
						<SP ID="P57_SP00392" HPOS="1091" VPOS="3034" WIDTH="23"/>
						<String ID="P57_ST00429" HPOS="1114" VPOS="2974" WIDTH="111" HEIGHT="39" CONTENT="Paris" WC="0.98" CC="30541" STYLEREFS="TXT_7"/>
						<SP ID="P57_SP00393" HPOS="1225" VPOS="3034" WIDTH="23"/>
						<String ID="P57_ST00430" HPOS="1248" VPOS="2976" WIDTH="53" HEIGHT="36" CONTENT="où" WC="0.75" CC="05" STYLEREFS="TXT_7"/>
						<SP ID="P57_SP00394" HPOS="1301" VPOS="3034" WIDTH="23"/>
						<String ID="P57_ST00431" HPOS="1324" VPOS="2972" WIDTH="84" HEIGHT="39" CONTENT="l'on" WC="0.98" CC="4330" STYLEREFS="TXT_7"/>
						<SP ID="P57_SP00395" HPOS="1408" VPOS="3034" WIDTH="24"/>
						<String ID="P57_ST00432" HPOS="1432" VPOS="2974" WIDTH="221" HEIGHT="48" CONTENT="déménage" WC="1.00" CC="00000000" STYLEREFS="TXT_7"/>
						<SP ID="P57_SP00396" HPOS="1653" VPOS="3034" WIDTH="23"/>
						<String ID="P57_ST00433" HPOS="1676" VPOS="2973" WIDTH="31" HEIGHT="38" CONTENT="si" WC="0.80" CC="04" STYLEREFS="TXT_7"/>
						<SP ID="P57_SP00397" HPOS="1707" VPOS="3034" WIDTH="23"/>
						<String ID="P57_ST00434" HPOS="1730" VPOS="2981" WIDTH="182" HEIGHT="30" CONTENT="souvent." WC="0.99" CC="03002023" STYLEREFS="TXT_7"/>
						<SP ID="P57_SP00398" HPOS="1912" VPOS="3034" WIDTH="26"/>
						<String ID="P57_ST00435" HPOS="1938" VPOS="2972" WIDTH="114" HEIGHT="38" CONTENT="Mais" WC="0.99" CC="0060" STYLEREFS="TXT_7"/>
						<SP ID="P57_SP00399" HPOS="2052" VPOS="3034" WIDTH="22"/>
						<String ID="P57_ST00436" HPOS="2074" VPOS="2986" WIDTH="96" HEIGHT="24" CONTENT="avec" WC="1.00" CC="0002" STYLEREFS="TXT_7"/>
						<SP ID="P57_SP00400" HPOS="2170" VPOS="3034" WIDTH="22"/>
						<String ID="P57_ST00437" HPOS="2192" VPOS="2970" WIDTH="87" HEIGHT="40" CONTENT="leur" WC="0.99" CC="0003" STYLEREFS="TXT_7"/>
						<SP ID="P57_SP00401" HPOS="2279" VPOS="3034" WIDTH="31"/>
						<String ID="P57_ST00438" HPOS="2310" VPOS="2986" WIDTH="151" HEIGHT="39" CONTENT="pauvre" WC="1.00" CC="000040" STYLEREFS="TXT_7"/>
						<SP ID="P57_SP00402" HPOS="2461" VPOS="3034" WIDTH="33"/>
						<String ID="P57_ST00439" HPOS="2494" VPOS="2972" WIDTH="125" HEIGHT="47" CONTENT="mine," WC="0.98" CC="05034" STYLEREFS="TXT_7"/>
					</TextLine>
					<TextLine ID="P57_TL00036" HPOS="36" VPOS="3031" WIDTH="2317" HEIGHT="52">
						<String ID="P57_ST00440" HPOS="36" VPOS="3042" WIDTH="97" HEIGHT="39" CONTENT="c'est" WC="0.98" CC="64304" STYLEREFS="TXT_7"/>
						<SP ID="P57_SP00403" HPOS="133" VPOS="3081" WIDTH="24"/>
						<String ID="P57_ST00441" HPOS="157" VPOS="3054" WIDTH="57" HEIGHT="23" CONTENT="un" WC="0.68" CC="60" STYLEREFS="TXT_7"/>
						<SP ID="P57_SP00404" HPOS="214" VPOS="3081" WIDTH="23"/>
						<String ID="P57_ST00442" HPOS="237" VPOS="3038" WIDTH="116" HEIGHT="38" CONTENT="arbre" WC="0.98" CC="05062" STYLEREFS="TXT_7"/>
						<SP ID="P57_SP00405" HPOS="353" VPOS="3081" WIDTH="17"/>
						<String ID="P57_ST00443" HPOS="370" VPOS="3039" WIDTH="23" HEIGHT="37" CONTENT="à" WC="0.44" CC="5" STYLEREFS="TXT_7"/>
						<SP ID="P57_SP00406" HPOS="393" VPOS="3081" WIDTH="21"/>
						<String ID="P57_ST00444" HPOS="414" VPOS="3034" WIDTH="118" HEIGHT="40" CONTENT="fruits" WC="0.99" CC="000600" STYLEREFS="TXT_7"/>
						<SP ID="P57_SP00407" HPOS="532" VPOS="3081" WIDTH="22"/>
						<String ID="P57_ST00445" HPOS="554" VPOS="3045" WIDTH="38" HEIGHT="28" CONTENT="et" WC="0.90" CC="10" STYLEREFS="TXT_7"/>
						<SP ID="P57_SP00408" HPOS="592" VPOS="3081" WIDTH="22"/>
						<String ID="P57_ST00446" HPOS="614" VPOS="3036" WIDTH="21" HEIGHT="38" CONTENT="à" WC="0.52" CC="4" STYLEREFS="TXT_7"/>
						<SP ID="P57_SP00409" HPOS="635" VPOS="3081" WIDTH="23"/>
						<String ID="P57_ST00447" HPOS="658" VPOS="3033" WIDTH="120" HEIGHT="40" CONTENT="fleurs" WC="0.99" CC="330000" STYLEREFS="TXT_7"/>
						<SP ID="P57_SP00410" HPOS="778" VPOS="3081" WIDTH="22"/>
						<String ID="P57_ST00448" HPOS="800" VPOS="3034" WIDTH="123" HEIGHT="38" CONTENT="d'une" WC="0.99" CC="02014" STYLEREFS="TXT_7"/>
						<SP ID="P57_SP00411" HPOS="923" VPOS="3081" WIDTH="23"/>
						<String ID="P57_ST00449" HPOS="946" VPOS="3031" WIDTH="189" HEIGHT="41" CONTENT="éternelle" WC="0.99" CC="050540000" STYLEREFS="TXT_7"/>
						<SP ID="P57_SP00412" HPOS="1135" VPOS="3081" WIDTH="23"/>
						<String ID="P57_ST00450" HPOS="1158" VPOS="3032" WIDTH="144" HEIGHT="39" CONTENT="beauté" WC="0.98" CC="030734" STYLEREFS="TXT_7"/>
						<SP ID="P57_SP00413" HPOS="1302" VPOS="3081" WIDTH="22"/>
						<String ID="P57_ST00451" HPOS="1324" VPOS="3041" WIDTH="38" HEIGHT="29" CONTENT="et" WC="0.55" CC="08" STYLEREFS="TXT_7"/>
						<SP ID="P57_SP00414" HPOS="1362" VPOS="3081" WIDTH="22"/>
						<String ID="P57_ST00452" HPOS="1384" VPOS="3033" WIDTH="100" HEIGHT="37" CONTENT="dans" WC="1.00" CC="0000" STYLEREFS="TXT_7"/>
						<SP ID="P57_SP00415" HPOS="1484" VPOS="3081" WIDTH="21"/>
						<String ID="P57_ST00453" HPOS="1505" VPOS="3031" WIDTH="133" HEIGHT="52" CONTENT="lequel" WC="0.98" CC="059003" STYLEREFS="TXT_7"/>
						<SP ID="P57_SP00416" HPOS="1638" VPOS="3083" WIDTH="23"/>
						<String ID="P57_ST00454" HPOS="1661" VPOS="3031" WIDTH="195" HEIGHT="39" CONTENT="chantent" WC="0.99" CC="50003103" STYLEREFS="TXT_7"/>
						<SP ID="P57_SP00417" HPOS="1856" VPOS="3083" WIDTH="23"/>
						<String ID="P57_ST00455" HPOS="1879" VPOS="3031" WIDTH="66" HEIGHT="38" CONTENT="des" WC="1.00" CC="000" STYLEREFS="TXT_7"/>
						<SP ID="P57_SP00418" HPOS="1945" VPOS="3083" WIDTH="24"/>
						<String ID="P57_ST00456" HPOS="1969" VPOS="3041" WIDTH="183" HEIGHT="29" CONTENT="concerts" WC="0.99" CC="00013560" STYLEREFS="TXT_7"/>
						<SP ID="P57_SP00419" HPOS="2152" VPOS="3083" WIDTH="23"/>
						<String ID="P57_ST00457" HPOS="2175" VPOS="3031" WIDTH="178" HEIGHT="50" CONTENT="d'anges." WC="1.00" CC="03000101" STYLEREFS="TXT_7"/>
					</TextLine>
					<TextLine ID="P57_TL00037" HPOS="154" VPOS="3091" WIDTH="1509" HEIGHT="54">
						<String ID="P57_ST00458" HPOS="154" VPOS="3096" WIDTH="184" HEIGHT="41" CONTENT="Véuillez" WC="0.76" CC="40530004" STYLEREFS="TXT_7"/>
						<SP ID="P57_SP00420" HPOS="338" VPOS="3137" WIDTH="21"/>
						<String ID="P57_ST00459" HPOS="359" VPOS="3097" WIDTH="141" HEIGHT="48" CONTENT="agréer" WC="0.99" CC="004006" STYLEREFS="TXT_7"/>
						<SP ID="P57_SP00421" HPOS="500" VPOS="3145" WIDTH="22"/>
						<String ID="P57_ST00460" HPOS="522" VPOS="3094" WIDTH="222" HEIGHT="39" CONTENT="Monsieur" WC="0.99" CC="03005205" STYLEREFS="TXT_7"/>
						<SP ID="P57_SP00422" HPOS="744" VPOS="3145" WIDTH="22"/>
						<String ID="P57_ST00461" HPOS="766" VPOS="3106" WIDTH="83" HEIGHT="25" CONTENT="mes" WC="1.00" CC="000" STYLEREFS="TXT_7"/>
						<SP ID="P57_SP00423" HPOS="849" VPOS="3145" WIDTH="22"/>
						<String ID="P57_ST00462" HPOS="871" VPOS="3092" WIDTH="238" HEIGHT="39" CONTENT="sentiments" WC="1.00" CC="0300600030" STYLEREFS="TXT_7"/>
						<SP ID="P57_SP00424" HPOS="1109" VPOS="3145" WIDTH="21"/>
						<String ID="P57_ST00463" HPOS="1130" VPOS="3101" WIDTH="265" HEIGHT="44" CONTENT="respectueux" WC="0.99" CC="35001037305" STYLEREFS="TXT_7"/>
						<SP ID="P57_SP00425" HPOS="1395" VPOS="3145" WIDTH="22"/>
						<String ID="P57_ST00464" HPOS="1417" VPOS="3101" WIDTH="38" HEIGHT="28" CONTENT="et" WC="0.81" CC="03" STYLEREFS="TXT_7"/>
						<SP ID="P57_SP00426" HPOS="1455" VPOS="3145" WIDTH="23"/>
						<String ID="P57_ST00465" HPOS="1478" VPOS="3091" WIDTH="185" HEIGHT="39" CONTENT="dévoués." WC="1.00" CC="00040003" STYLEREFS="TXT_7"/>
					</TextLine>
					<TextLine ID="P57_TL00038" HPOS="2162" VPOS="3144" WIDTH="342" HEIGHT="43">
						<String ID="P57_ST00466" HPOS="2162" VPOS="3148" WIDTH="125" HEIGHT="39" CONTENT="Louis" WC="0.98" CC="45050" STYLEREFS="TXT_7"/>
						<SP ID="P57_SP00427" HPOS="2287" VPOS="3187" WIDTH="23"/>
						<String ID="P57_ST00467" HPOS="2310" VPOS="3144" WIDTH="194" HEIGHT="42" CONTENT="Veuillot." WC="0.77" CC="500410053" STYLEREFS="TXT_7"/>
					</TextLine>
					<TextLine ID="P57_TL00039" HPOS="401" VPOS="3212" WIDTH="293" HEIGHT="50">
						<String ID="P57_ST00468" HPOS="401" VPOS="3217" WIDTH="19" HEIGHT="35" CONTENT="8" WC="1.00" CC="0" STYLEREFS="TXT_7"/>
						<SP ID="P57_SP00428" HPOS="420" VPOS="3252" WIDTH="28"/>
						<String ID="P57_ST00469" HPOS="448" VPOS="3212" WIDTH="96" HEIGHT="40" CONTENT="Mai" WC="0.99" CC="003" STYLEREFS="TXT_7"/>
						<SP ID="P57_SP00429" HPOS="544" VPOS="3252" WIDTH="29"/>
						<String ID="P57_ST00470" HPOS="573" VPOS="3215" WIDTH="121" HEIGHT="47" CONTENT="1857." WC="0.41" CC="68543" STYLEREFS="TXT_7"/>
					</TextLine>
					<TextLine ID="P57_TL00040" HPOS="185" VPOS="3317" WIDTH="2439" HEIGHT="71">
						<String ID="P57_ST00471" HPOS="185" VPOS="3328" WIDTH="72" HEIGHT="47" CONTENT="La" WC="0.60" CC="07"/>
						<SP ID="P57_SP00430" HPOS="257" VPOS="3375" WIDTH="27"/>
						<String ID="P57_ST00472" HPOS="284" VPOS="3325" WIDTH="179" HEIGHT="49" CONTENT="famille" WC="0.99" CC="0004430"/>
						<SP ID="P57_SP00431" HPOS="463" VPOS="3375" WIDTH="29"/>
						<String ID="P57_ST00473" HPOS="492" VPOS="3324" WIDTH="349" HEIGHT="64" CONTENT="Niedermeyer" WC="0.98" CC="01000000000"/>
						<SP ID="P57_SP00432" HPOS="841" VPOS="3388" WIDTH="29"/>
						<String ID="P57_ST00474" HPOS="870" VPOS="3322" WIDTH="131" HEIGHT="47" CONTENT="étant" WC="0.99" CC="50004"/>
						<SP ID="P57_SP00433" HPOS="1001" VPOS="3388" WIDTH="28"/>
						<String ID="P57_ST00475" HPOS="1029" VPOS="3333" WIDTH="307" HEIGHT="51" CONTENT="protestante," WC="1.00" CC="040000000704"/>
						<SP ID="P57_SP00434" HPOS="1336" VPOS="3388" WIDTH="30"/>
						<String ID="P57_ST00476" HPOS="1366" VPOS="3321" WIDTH="43" HEIGHT="46" CONTENT="le" WC="0.90" CC="20"/>
						<SP ID="P57_SP00435" HPOS="1409" VPOS="3388" WIDTH="28"/>
						<String ID="P57_ST00477" HPOS="1437" VPOS="3321" WIDTH="193" HEIGHT="47" CONTENT="volume" WC="1.00" CC="001000"/>
						<SP ID="P57_SP00436" HPOS="1630" VPOS="3388" WIDTH="28"/>
						<String ID="P57_ST00478" HPOS="1658" VPOS="3338" WIDTH="77" HEIGHT="29" CONTENT="sur" WC="1.00" CC="000"/>
						<SP ID="P57_SP00437" HPOS="1735" VPOS="3388" WIDTH="27"/>
						<String ID="P57_ST00479" HPOS="1762" VPOS="3320" WIDTH="64" HEIGHT="47" CONTENT="les" WC="0.98" CC="400"/>
						<SP ID="P57_SP00438" HPOS="1826" VPOS="3388" WIDTH="25"/>
						<String ID="P57_ST00480" HPOS="1851" VPOS="3319" WIDTH="262" HEIGHT="50" CONTENT="Variations" WC="0.99" CC="0507206649" STYLEREFS="TXT_9"/>
						<SP ID="P57_SP00439" HPOS="2113" VPOS="3388" WIDTH="22"/>
						<String ID="P57_ST00481" HPOS="2135" VPOS="3320" WIDTH="69" HEIGHT="45" CONTENT="des" WC="1.00" CC="000" STYLEREFS="TXT_9"/>
						<SP ID="P57_SP00440" HPOS="2204" VPOS="3388" WIDTH="38"/>
						<String ID="P57_ST00482" HPOS="2242" VPOS="3318" WIDTH="166" HEIGHT="64" CONTENT="Eglises" WC="0.98" CC="0043662" STYLEREFS="TXT_9"/>
						<SP ID="P57_SP00441" HPOS="2408" VPOS="3388" WIDTH="37"/>
						<String ID="P57_ST00483" HPOS="2445" VPOS="3317" WIDTH="154" HEIGHT="48" CONTENT="Protes" SUBS_TYPE="HypPart1" SUBS_CONTENT="Protestantes" WC="0.98" CC="096100" STYLEREFS="TXT_9"/>
						<HYP HPOS="2599" VPOS="3317" WIDTH="25" CONTENT="-"/>
					</TextLine>
					<TextLine ID="P57_TL00041" HPOS="36" VPOS="3390" WIDTH="2589" HEIGHT="70">
						<String ID="P57_ST00484" HPOS="36" VPOS="3414" WIDTH="145" HEIGHT="36" CONTENT="tantes" SUBS_TYPE="HypPart2" SUBS_CONTENT="Protestantes" WC="0.98" CC="334370" STYLEREFS="TXT_9"/>
						<SP ID="P57_SP00442" HPOS="181" VPOS="3450" WIDTH="28"/>
						<String ID="P57_ST00485" HPOS="209" VPOS="3417" WIDTH="59" HEIGHT="30" CONTENT="ne" WC="1.00" CC="00"/>
						<SP ID="P57_SP00443" HPOS="268" VPOS="3450" WIDTH="30"/>
						<String ID="P57_ST00486" HPOS="298" VPOS="3400" WIDTH="74" HEIGHT="46" CONTENT="fut" WC="1.00" CC="000"/>
						<SP ID="P57_SP00444" HPOS="372" VPOS="3450" WIDTH="28"/>
						<String ID="P57_ST00487" HPOS="400" VPOS="3415" WIDTH="79" HEIGHT="45" CONTENT="pas" WC="1.00" CC="000"/>
						<SP ID="P57_SP00445" HPOS="479" VPOS="3460" WIDTH="27"/>
						<String ID="P57_ST00488" HPOS="506" VPOS="3396" WIDTH="208" HEIGHT="61" CONTENT="compris" WC="1.00" CC="0100060"/>
						<SP ID="P57_SP00446" HPOS="714" VPOS="3460" WIDTH="27"/>
						<String ID="P57_ST00489" HPOS="741" VPOS="3396" WIDTH="115" HEIGHT="46" CONTENT="dans" WC="1.00" CC="0000"/>
						<SP ID="P57_SP00447" HPOS="856" VPOS="3460" WIDTH="27"/>
						<String ID="P57_ST00490" HPOS="883" VPOS="3395" WIDTH="194" HEIGHT="46" CONTENT="l'envoi." WC="0.99" CC="34000004"/>
						<SP ID="P57_SP00448" HPOS="1077" VPOS="3460" WIDTH="31"/>
						<String ID="P57_ST00491" HPOS="1108" VPOS="3393" WIDTH="158" HEIGHT="48" CONTENT="Excès" WC="0.99" CC="20060"/>
						<SP ID="P57_SP00449" HPOS="1266" VPOS="3460" WIDTH="28"/>
						<String ID="P57_ST00492" HPOS="1294" VPOS="3393" WIDTH="56" HEIGHT="46" CONTENT="de" WC="1.00" CC="00"/>
						<SP ID="P57_SP00450" HPOS="1350" VPOS="3460" WIDTH="28"/>
						<String ID="P57_ST00493" HPOS="1378" VPOS="3393" WIDTH="270" HEIGHT="47" CONTENT="délicatesse" WC="1.00" CC="05430001000"/>
						<SP ID="P57_SP00451" HPOS="1648" VPOS="3460" WIDTH="42"/>
						<String ID="P57_ST00494" HPOS="1690" VPOS="3391" WIDTH="184" HEIGHT="48" CONTENT="louable" WC="1.00" CC="2000020"/>
						<SP ID="P57_SP00452" HPOS="1874" VPOS="3460" WIDTH="40"/>
						<String ID="P57_ST00495" HPOS="1914" VPOS="3404" WIDTH="166" HEIGHT="49" CONTENT="certes," WC="0.99" CC="0210004"/>
						<SP ID="P57_SP00453" HPOS="2080" VPOS="3460" WIDTH="29"/>
						<String ID="P57_ST00496" HPOS="2109" VPOS="3392" WIDTH="118" HEIGHT="46" CONTENT="mais" WC="1.00" CC="0020"/>
						<SP ID="P57_SP00454" HPOS="2227" VPOS="3460" WIDTH="40"/>
						<String ID="P57_ST00497" HPOS="2267" VPOS="3391" WIDTH="215" HEIGHT="46" CONTENT="d'autant" WC="0.99" CC="03506000"/>
						<SP ID="P57_SP00455" HPOS="2482" VPOS="3460" WIDTH="39"/>
						<String ID="P57_ST00498" HPOS="2521" VPOS="3390" WIDTH="104" HEIGHT="62" CONTENT="plus" WC="0.99" CC="0201"/>
					</TextLine>
					<TextLine ID="P57_TL00042" HPOS="35" VPOS="3463" WIDTH="2589" HEIGHT="76">
						<String ID="P57_ST00499" HPOS="35" VPOS="3471" WIDTH="290" HEIGHT="68" CONTENT="regrettable" WC="1.00" CC="20900530000"/>
						<SP ID="P57_SP00456" HPOS="325" VPOS="3539" WIDTH="41"/>
						<String ID="P57_ST00500" HPOS="366" VPOS="3487" WIDTH="90" HEIGHT="46" CONTENT="que" WC="0.99" CC="300"/>
						<SP ID="P57_SP00457" HPOS="456" VPOS="3539" WIDTH="40"/>
						<String ID="P57_ST00501" HPOS="496" VPOS="3468" WIDTH="66" HEIGHT="47" CONTENT="les" WC="1.00" CC="000"/>
						<SP ID="P57_SP00458" HPOS="562" VPOS="3539" WIDTH="37"/>
						<String ID="P57_ST00502" HPOS="599" VPOS="3484" WIDTH="188" HEIGHT="30" CONTENT="œuvres" WC="1.00" CC="000010"/>
						<SP ID="P57_SP00459" HPOS="787" VPOS="3539" WIDTH="38"/>
						<String ID="P57_ST00503" HPOS="825" VPOS="3467" WIDTH="56" HEIGHT="46" CONTENT="de" WC="1.00" CC="00"/>
						<SP ID="P57_SP00460" HPOS="881" VPOS="3539" WIDTH="40"/>
						<String ID="P57_ST00504" HPOS="921" VPOS="3466" WIDTH="179" HEIGHT="64" CONTENT="l'Aigle" WC="0.99" CC="2401040"/>
						<SP ID="P57_SP00461" HPOS="1100" VPOS="3539" WIDTH="42"/>
						<String ID="P57_ST00505" HPOS="1142" VPOS="3466" WIDTH="55" HEIGHT="45" CONTENT="de" WC="1.00" CC="00"/>
						<SP ID="P57_SP00462" HPOS="1197" VPOS="3539" WIDTH="42"/>
						<String ID="P57_ST00506" HPOS="1239" VPOS="3464" WIDTH="188" HEIGHT="48" CONTENT="Meaux" WC="0.90" CC="00004"/>
						<SP ID="P57_SP00463" HPOS="1427" VPOS="3539" WIDTH="39"/>
						<String ID="P57_ST00507" HPOS="1466" VPOS="3476" WIDTH="191" HEIGHT="50" CONTENT="portent" WC="1.00" CC="0000000"/>
						<SP ID="P57_SP00464" HPOS="1657" VPOS="3539" WIDTH="39"/>
						<String ID="P57_ST00508" HPOS="1696" VPOS="3465" WIDTH="115" HEIGHT="46" CONTENT="dans" WC="1.00" CC="0000"/>
						<SP ID="P57_SP00465" HPOS="1811" VPOS="3539" WIDTH="37"/>
						<String ID="P57_ST00509" HPOS="1848" VPOS="3464" WIDTH="125" HEIGHT="47" CONTENT="leurs" WC="0.99" CC="40000"/>
						<SP ID="P57_SP00466" HPOS="1973" VPOS="3539" WIDTH="27"/>
						<String ID="P57_ST00510" HPOS="2000" VPOS="3480" WIDTH="185" HEIGHT="46" CONTENT="marges" WC="1.00" CC="000000"/>
						<SP ID="P57_SP00467" HPOS="2185" VPOS="3539" WIDTH="28"/>
						<String ID="P57_ST00511" HPOS="2213" VPOS="3463" WIDTH="77" HEIGHT="46" CONTENT="des" WC="0.99" CC="030"/>
						<SP ID="P57_SP00468" HPOS="2290" VPOS="3539" WIDTH="26"/>
						<String ID="P57_ST00512" HPOS="2316" VPOS="3464" WIDTH="308" HEIGHT="45" CONTENT="annotations" WC="1.00" CC="00020002000"/>
					</TextLine>
					<TextLine ID="P57_TL00043" HPOS="36" VPOS="3532" WIDTH="2588" HEIGHT="67">
						<String ID="P57_ST00513" HPOS="36" VPOS="3547" WIDTH="315" HEIGHT="49" CONTENT="nombreuses" WC="1.00" CC="4000010000"/>
						<SP ID="P57_SP00469" HPOS="351" VPOS="3596" WIDTH="22"/>
						<String ID="P57_ST00514" HPOS="373" VPOS="3542" WIDTH="168" HEIGHT="47" CONTENT="écrites" WC="0.99" CC="4005000"/>
						<SP ID="P57_SP00470" HPOS="541" VPOS="3596" WIDTH="28"/>
						<String ID="P57_ST00515" HPOS="569" VPOS="3540" WIDTH="56" HEIGHT="46" CONTENT="de" WC="1.00" CC="00"/>
						<SP ID="P57_SP00471" HPOS="625" VPOS="3596" WIDTH="28"/>
						<String ID="P57_ST00516" HPOS="653" VPOS="3539" WIDTH="43" HEIGHT="46" CONTENT="la" WC="1.00" CC="00"/>
						<SP ID="P57_SP00472" HPOS="696" VPOS="3596" WIDTH="26"/>
						<String ID="P57_ST00517" HPOS="722" VPOS="3539" WIDTH="131" HEIGHT="47" CONTENT="main" WC="1.00" CC="0000"/>
						<SP ID="P57_SP00473" HPOS="853" VPOS="3596" WIDTH="29"/>
						<String ID="P57_ST00518" HPOS="882" VPOS="3539" WIDTH="56" HEIGHT="47" CONTENT="de" WC="1.00" CC="00"/>
						<SP ID="P57_SP00474" HPOS="938" VPOS="3596" WIDTH="40"/>
						<String ID="P57_ST00519" HPOS="978" VPOS="3538" WIDTH="150" HEIGHT="48" CONTENT="Louis" WC="0.99" CC="00060"/>
						<SP ID="P57_SP00475" HPOS="1128" VPOS="3596" WIDTH="28"/>
						<String ID="P57_ST00520" HPOS="1156" VPOS="3535" WIDTH="231" HEIGHT="49" CONTENT="Veuillot." WC="0.79" CC="600040304"/>
						<SP ID="P57_SP00476" HPOS="1387" VPOS="3596" WIDTH="43"/>
						<String ID="P57_ST00521" HPOS="1430" VPOS="3536" WIDTH="73" HEIGHT="48" CONTENT="La" WC="0.66" CC="60"/>
						<SP ID="P57_SP00477" HPOS="1503" VPOS="3596" WIDTH="37"/>
						<String ID="P57_ST00522" HPOS="1540" VPOS="3536" WIDTH="139" HEIGHT="46" CONTENT="lettre" WC="1.00" CC="200300"/>
						<SP ID="P57_SP00478" HPOS="1679" VPOS="3596" WIDTH="40"/>
						<String ID="P57_ST00523" HPOS="1719" VPOS="3535" WIDTH="148" HEIGHT="64" CONTENT="qu'on" WC="0.98" CC="00436"/>
						<SP ID="P57_SP00479" HPOS="1867" VPOS="3599" WIDTH="40"/>
						<String ID="P57_ST00524" HPOS="1907" VPOS="3536" WIDTH="131" HEIGHT="46" CONTENT="vient" WC="1.00" CC="02000"/>
						<SP ID="P57_SP00480" HPOS="2038" VPOS="3599" WIDTH="41"/>
						<String ID="P57_ST00525" HPOS="2079" VPOS="3535" WIDTH="56" HEIGHT="46" CONTENT="de" WC="0.84" CC="03"/>
						<SP ID="P57_SP00481" HPOS="2135" VPOS="3599" WIDTH="39"/>
						<String ID="P57_ST00526" HPOS="2174" VPOS="3534" WIDTH="83" HEIGHT="47" CONTENT="lire" WC="0.99" CC="5000"/>
						<SP ID="P57_SP00482" HPOS="2257" VPOS="3599" WIDTH="40"/>
						<String ID="P57_ST00527" HPOS="2297" VPOS="3551" WIDTH="177" HEIGHT="45" CONTENT="prouve" WC="1.00" CC="000000"/>
						<SP ID="P57_SP00483" HPOS="2474" VPOS="3599" WIDTH="39"/>
						<String ID="P57_ST00528" HPOS="2513" VPOS="3532" WIDTH="111" HEIGHT="64" CONTENT="qu'à" WC="0.98" CC="0046"/>
					</TextLine>
					<TextLine ID="P57_TL00044" HPOS="33" VPOS="3605" WIDTH="2592" HEIGHT="66">
						<String ID="P57_ST00529" HPOS="33" VPOS="3619" WIDTH="272" HEIGHT="49" CONTENT="l'encontre" WC="0.87" CC="4430000000"/>
						<SP ID="P57_SP00484" HPOS="305" VPOS="3668" WIDTH="29"/>
						<String ID="P57_ST00530" HPOS="334" VPOS="3616" WIDTH="56" HEIGHT="46" CONTENT="de" WC="1.00" CC="00"/>
						<SP ID="P57_SP00485" HPOS="390" VPOS="3668" WIDTH="30"/>
						<String ID="P57_ST00531" HPOS="420" VPOS="3626" WIDTH="105" HEIGHT="35" CONTENT="tant" WC="0.97" CC="4700"/>
						<SP ID="P57_SP00486" HPOS="525" VPOS="3668" WIDTH="28"/>
						<String ID="P57_ST00532" HPOS="553" VPOS="3612" WIDTH="56" HEIGHT="47" CONTENT="de" WC="1.00" CC="00"/>
						<SP ID="P57_SP00487" HPOS="609" VPOS="3668" WIDTH="28"/>
						<String ID="P57_ST00533" HPOS="637" VPOS="3610" WIDTH="287" HEIGHT="48" CONTENT="littérateurs" WC="1.00" CC="530060000030"/>
						<SP ID="P57_SP00488" HPOS="924" VPOS="3668" WIDTH="27"/>
						<String ID="P57_ST00534" HPOS="951" VPOS="3610" WIDTH="42" HEIGHT="47" CONTENT="le" WC="0.83" CC="30"/>
						<SP ID="P57_SP00489" HPOS="993" VPOS="3668" WIDTH="28"/>
						<String ID="P57_ST00535" HPOS="1021" VPOS="3609" WIDTH="185" HEIGHT="48" CONTENT="célébré" WC="0.99" CC="0646000"/>
						<SP ID="P57_SP00490" HPOS="1206" VPOS="3668" WIDTH="29"/>
						<String ID="P57_ST00536" HPOS="1235" VPOS="3608" WIDTH="248" HEIGHT="63" CONTENT="publiciste" WC="0.92" CC="0005101000"/>
						<SP ID="P57_SP00491" HPOS="1483" VPOS="3671" WIDTH="29"/>
						<String ID="P57_ST00537" HPOS="1512" VPOS="3608" WIDTH="271" HEIGHT="63" CONTENT="catholique" WC="0.99" CC="0704043000"/>
						<SP ID="P57_SP00492" HPOS="1783" VPOS="3671" WIDTH="29"/>
						<String ID="P57_ST00538" HPOS="1812" VPOS="3607" WIDTH="114" HEIGHT="47" CONTENT="était" WC="0.99" CC="35000"/>
						<SP ID="P57_SP00493" HPOS="1926" VPOS="3671" WIDTH="26"/>
						<String ID="P57_ST00539" HPOS="1952" VPOS="3606" WIDTH="198" HEIGHT="48" CONTENT="sensible" WC="1.00" CC="00000050"/>
						<SP ID="P57_SP00494" HPOS="2150" VPOS="3671" WIDTH="28"/>
						<String ID="P57_ST00540" HPOS="2178" VPOS="3624" WIDTH="60" HEIGHT="29" CONTENT="au" WC="1.00" CC="00"/>
						<SP ID="P57_SP00495" HPOS="2238" VPOS="3671" WIDTH="27"/>
						<String ID="P57_ST00541" HPOS="2265" VPOS="3607" WIDTH="194" HEIGHT="46" CONTENT="charme" WC="0.99" CC="007000"/>
						<SP ID="P57_SP00496" HPOS="2459" VPOS="3671" WIDTH="39"/>
						<String ID="P57_ST00542" HPOS="2498" VPOS="3605" WIDTH="56" HEIGHT="47" CONTENT="de" WC="1.00" CC="00"/>
						<SP ID="P57_SP00497" HPOS="2554" VPOS="3671" WIDTH="27"/>
						<String ID="P57_ST00543" HPOS="2581" VPOS="3605" WIDTH="44" HEIGHT="47" CONTENT="la" WC="0.78" CC="40"/>
					</TextLine>
					<TextLine ID="P57_TL00045" HPOS="35" VPOS="3692" WIDTH="240" HEIGHT="61">
						<String ID="P57_ST00544" HPOS="35" VPOS="3692" WIDTH="240" HEIGHT="61" CONTENT="musique." WC="0.99" CC="65020004"/>
					</TextLine>
				</TextBlock>
			</PrintSpace>
		</Page>
	</Layout>
</alto>
