3540 4376
1751 162 67 47 84

204 306 253 47 wohnliche
498 306 268 63 Mitglieder,
809 307 142 45 davon
997 306 71 44 die
1112 305 184 45 meisten
1341 320 41 29 in
1430 303 287 47 Amsterdam

203 382 168 64 (674),
428 382 265 48 Rotterdam
744 380 165 66 (342),
960 381 56 46 im
1070 381 131 62 Haag
1252 380 89 47 und
1389 381 41 46 in
1482 382 236 46 Arnheim.

203 460 165 47 Hierzu
412 458 210 49 kommen
664 460 113 45 noch
811 457 68 50 36
912 456 435 64 correspondirende
1380 456 88 47 und
1502 456 69 48 42
1606 457 83 47 Ver-

198 536 428 63 dienst-Mitglieder
659 536 86 45 und
783 537 96 53 „ein
910 533 498 64 aussergewöhnliches
1432 533 256 48 Ehren-Mit-

195 614 118 64 glied
344 613 89 64 (Se.
466 613 206 65 Majestät
701 613 77 47 der
1092 612 76 46 Mit
1213 612 68 46 ihr
1324 611 263 48 verbunden
1619 611 95 47 sind

195 691 102 48 acht
322 691 294 62 Singvereine
646 691 78 47 mit
755 689 105 49 827
896 689 305 63 Mitgliedern,
1244 689 103 46 acht
1378 689 216 63 populäre
1627 689 58 47 Ge-

193 767 298 65 sangschulen
524 768 78 46 mit
633 766 107 48 672
774 767 220 47 Schülern
1028 766 88 47 und
1149 766 328 47 Schülerinnen
1524 764 91 49 und
1644 764 72 49 die

193 846 268 61 allgemeine
493 846 304 45 Musikschule
828 844 42 47 in
904 843 282 48 Rotterdam.
1220 843 248 47 Abschluss
1500 843 80 47 der
1608 844 77 46 Ein-

194 923 184 47 nahme-
411 922 89 48 und
534 922 498 65 Ausgabe-Rechnung
1065 922 78 46 mit
1174 919 145 50 8157
1351 922 61 46 Fl.
1446 919 68 50 83
1544 922 89 46 Cts.
1648 948 61 7 —

193 998 350 48 Künstlerfonds
575 997 205 56 25,300
818 999 61 47 Fl.
917 999 40 46 in
992 997 28 48 2
1036 995 10 26 1
1056 1015 41 47 /2
1134 997 114 63 pCt.,
1296 997 418 48 Musikfest-Fonds

199 1074 200 61 12,800
434 1077 79 53 Fl.,
550 1075 325 49 Reservefonds
908 1074 204 54 48,000
1148 1075 62 47 Fl.

306 1155 90 45 Zur
420 1153 412 62 Preisbewerbung
865 1171 73 29 um
971 1153 70 47 die
1072 1152 440 63 ausgeschriebenen
1540 1152 145 64 Aufga-

193 1229 85 50 ben
312 1232 76 45 hat
416 1232 92 45 sich
541 1232 223 45 Niemand
796 1229 239 65 gemeldet.
1096 1230 222 47 Desshalb
1365 1229 110 47 wird
1516 1230 76 46 für
1636 1229 77 47 das

197 1308 341 65 gegenwärtige
562 1308 113 47 Jahr
706 1326 85 29 nur
820 1309 98 46 eine
950 1305 344 64 Aufforderung
1323 1324 51 31 zu
1407 1307 168 56 „freien
1609 1308 78 46 Ein-

531 1385 210 49 erlassen.

296 1464 218 62 Dagegen
532 1462 95 48 sind
649 1463 205 62 folgende
881 1463 24 47 k
922 1479 23 31 u
961 1479 56 31 ns
1032 1469 14 40 t
1060 1478 93 47 ges
1168 1478 22 31 c
1205 1462 44 47 hi
1265 1462 57 47 ch
1337 1463 58 47 tli
1411 1478 20 31 c
1446 1463 24 47 h
1487 1478 22 32 e
1536 1463 30 46 P
1583 1478 19 31 r
1615 1463 99 47 eis-

188 1539 321 65 Aufgaben,
575 1540 241 47 besonders
885 1539 356 65 hervorgerufen
1309 1539 142 48 durch
1514 1539 168 48 Kade'
1696 1556 18 31 s

186 1617 225 48 treffliche
456 1618 330 63 Monographie
832 1618 114 47 über
993 1618 293 47 Matthäus
1331 1618 72 47 Le
1446 1618 268 56 Maistre,

190 1695 176 64 gestellt
396 1695 198 49 worden.

307 1771 41 50 1.
383 1773 277 47 Historische
689 1773 185 47 Skizzen
918 1789 80 31 aus
1036 1773 102 47 dem
1172 1771 190 49 Gebiete
1408 1771 80 49 der
1534 1771 151 50 nieder-

186 1849 256 48 ländischen
467 1850 239 47 Tonkunst
731 1850 57 46 im
813 1849 124 48 XVI.
961 1849 327 48 Jahrhundert.
1321 1850 179 48 Prämie
1526 1851 46 64 je
1597 1850 115 48 nach

193 1928 197 64 Umfang
420 1928 89 47 und
543 1928 164 48 Gehalt
739 1928 70 48 25
824 1928 180 48 —200
1039 1929 64 48 Fl.

303 2004 49 52 2.
382 2005 84 48 Ein
494 2005 310 48 Verzeichniss
835 2005 79 48 der
941 2006 322 56 Tonkünstler,
1295 2005 70 48 die
1399 2006 64 47 bis
1493 2023 101 30 zum
1629 2006 56 47 Be-

186 2083 135 63 ginne
353 2081 77 50 des
458 2084 145 47 XVII.
632 2083 338 48 Jahrhunderts
1013 2084 42 47 in
1100 2084 83 48 den
1227 2083 340 49 nördlichen
1605 2084 81 47 Nie-

186 2159 247 49 derlanden
465 2159 257 65 (innerhalb
748 2160 79 48 der
853 2160 205 48 Gränzen
1089 2160 78 48 des
1190 2161 195 64 jetzigen
1413 2161 300 63 Königreichs

192 2236 213 64 Holland)
449 2238 202 63 geboren
697 2238 95 47 sind
834 2238 109 48 oder
987 2239 154 65 gelebt
1185 2239 165 54 haben,
1401 2239 80 47 mit
1517 2238 195 64 Angabe

185 2314 177 56 dessen,
378 2330 92 33 was
487 2332 82 30 von
594 2315 145 48 ihrem
758 2315 157 48 Leben
938 2316 90 47 und
1045 2316 128 47 ihren
1190 2316 208 49 Werken
1422 2316 201 49 bekannt
1643 2316 69 56 ist,

189 2391 88 48 und
325 2391 80 50 der
448 2394 347 62 Sammlungen,
846 2394 40 47 in
933 2394 201 48 welchen
1180 2394 120 48 diese
1345 2394 179 48 Werke
1569 2394 112 48 hand-

186 2469 243 48 schriftlich
461 2471 112 47 oder
597 2470 222 61 gedruckt
840 2489 50 29 zu
917 2471 151 48 finden
1092 2471 110 48 sind.
1237 2472 176 47 Prämie
1445 2471 103 64 (wie
1575 2471 135 65 oben)

188 2564 84 30 von
305 2546 69 50 50
459 2547 108 50 250
604 2550 62 46 Fl.
712 2547 115 66 [Das
857 2550 52 47 ist
938 2550 70 47 ein
1040 2550 80 47 viel
1153 2566 49 31 zu
1235 2550 214 63 geringer
1479 2550 127 48 Preis
1638 2550 75 47 für

188 2625 84 47 den
325 2625 227 48 Aufwand
606 2643 53 30 an
706 2627 94 46 Zeit
852 2626 89 48 und
995 2629 187 53 Kosten,
1229 2627 202 49 welchen
1483 2627 230 64 derartige

188 2704 473 64 Durchstöberungen
693 2721 81 30 von
809 2704 315 49 Bibliotheken
1158 2705 222 65 fordern!]

305 2781 185 48 Termin
526 2781 80 48 der
632 2782 291 65 Einsendung
955 2782 80 49 der
1059 2785 307 65 Manuscripte
1397 2782 317 65 (holländisch,

190 2857 286 59 französisch,
527 2860 198 62 englisch
778 2860 111 47 oder
938 2861 308 48 hochdeutsch
1300 2862 76 47 mit
1427 2861 287 48 lateinischer

189 2935 183 65 Schrift)
402 2936 54 47 ist
486 2936 79 47 der
597 2937 128 47 letzte
758 2940 178 61 August
971 2937 160 50 1864.
1164 2940 92 47 Das
1281 2939 435 64 Eigenthumsrecht

189 3012 220 50 verbleibt
451 3014 83 48 den
569 3015 264 48 Verfassern
876 3017 107 46 zwei
1027 3017 140 47 Jahre
1208 3017 104 64 lang
1359 3017 111 47 nach
1516 3016 80 48 der
1625 3017 65 47 Zu
1699 3045 14 7 -

188 3091 269 65 erkennung
487 3092 80 47 der
603 3094 201 53 Prämie;
835 3094 115 47 nach
983 3094 176 48 Ablauf
1183 3094 239 49 derselben
1455 3095 97 47 fällt
1582 3111 45 32 es
1660 3111 56 31 an

190 3168 70 49 die
292 3170 341 66 Maatschappij.

306 3247 152 48 Heber
490 3247 305 50 holländische
827 3250 177 47 Musik
1022 3248 137 50 feste
1191 3255 174 43 äussert
1394 3251 92 48 sich
1517 3250 80 48 der
1632 3251 55 48 Be-

189 3323 114 49 richt
332 3325 154 57 dahin,
528 3325 100 48 dass
660 3325 151 49 bisher
842 3327 70 47 die
945 3327 246 65 Ausgaben
1232 3328 75 47 für
1337 3327 229 51 dieselben
1606 3336 110 41 stets

190 3401 70 47 die
307 3402 283 48 Einnahmen
635 3403 288 65 überstiegen
969 3405 162 48 haben.
1190 3405 260 56 Trotzdem,
1500 3406 101 48 dass
1644 3406 70 48 die

190 3480 325 66 Maatschappij
551 3482 74 46 für
655 3481 78 48 das
760 3482 237 48 Musikfest
1027 3500 81 32 von
1140 3482 144 51 1860
1315 3483 70 49 die
1409 3486 190 47 Summe
1629 3501 84 32 von

192 3556 146 49 7000
372 3560 63 47 Fl,
466 3558 326 64 zugeschossen
825 3560 92 54 hat,
965 3561 49 47 ist
1056 3562 61 47 sie
1159 3561 116 48 doch
1315 3563 107 64 jetzt
1453 3562 170 48 wieder
1653 3563 59 47 im

189 3635 170 49 Stande
390 3636 90 48 und
512 3637 186 64 gewillt,
730 3636 146 49 8000
910 3638 64 49 Fl.
1004 3656 51 29 zu
1087 3640 84 47 den
1206 3641 169 47 Kosten
1408 3641 121 48 eines
1562 3642 152 47 Festes

189 3711 58 47 im
278 3712 138 50 Jahre
454 3712 143 50 1864
630 3713 306 65 beizutragen.
997 3717 91 47 Der
1119 3717 226 48 Vorstand
1393 3726 198 41 muntert
1636 3718 80 49 mit

193 3789 194 50 Wärme
416 3810 77 29 zur
526 3793 353 64 Veranstaltung
924 3810 82 32 von
1042 3795 254 63 jährlichen
1342 3796 371 66 Vereinigungen

192 3867 41 47 in
265 3885 141 47 enger
437 3886 256 48 gezogenen
729 3872 188 47 Kreisen
959 3872 90 55 auf,
1086 3890 99 32 zum
1220 3873 151 49 Behuf
1395 3891 84 31 von
1512 3875 172 47 Auffüh-

192 3961 175 49 rungen
399 3948 77 47 mit
505 3948 323 48 verbundenen
861 3949 204 59 Kräften,
1103 3951 171 48 welche
1304 3952 71 47 ein
1406 3969 139 31 neues
1578 3952 108 48 musi-

190 4023 212 50 calisches
435 4024 154 49 Leben
632 4026 57 47 im
734 4043 171 46 ganzen
945 4027 155 48 Lande
1148 4030 185 48 wecken
1376 4030 200 48 könnten
1623 4030 90 48 und

197 4101 344 49 Mitwirkenden
575 4104 81 47 wie
682 4104 237 49 Zuhörern
951 4106 84 47 den
1061 4107 176 47 Genuss
1268 4125 55 30 an
1356 4110 356 45 Kunstschätzen

1817 302 269 55 eröffneten,
2133 303 71 46 die
2248 303 136 47 ihnen
2427 311 123 39 sonst
2610 319 111 47 ganz
2787 306 329 62 unzugänglich
3171 306 179 49 bleiben

1818 378 204 49 würden.
2083 378 297 65 Ueberhaupt
2424 380 174 47 athmet
2641 378 80 49 der
2761 396 82 31 von
2885 381 102 48 dem
3020 382 209 48 Secretär
3269 383 76 49 des

1822 456 292 54 Vorstandes,
2149 457 149 46 Herrn
2329 458 39 46 J.
2401 458 46 46 P.
2481 456 191 64 Heije,
2714 457 212 48 verfassle
2959 460 180 47 Bericht
3171 461 173 48 überall

1820 534 99 47 eine
1952 536 128 45 echte
2112 534 91 46 und
2236 534 175 64 feurige
2444 533 281 50 Kunsthebe.

1938 612 109 46 Eine
2072 611 80 47 der
2177 612 421 63 zweckmässigsten
2627 611 107 56 und,
2767 612 84 47 wie
2876 611 71 48 die
2978 613 260 65 Erfahrung
3273 616 51 48 be-

1816 687 165 48 wiesen
2030 688 92 52 hat,
2165 688 372 65 erfolgreichsten
2570 691 311 62 Maassregeln
2913 707 79 29 zur
3024 692 322 66 Beförderung

1815 764 76 49 des
1923 766 160 47 Sinnes
2116 767 74 46 für
2220 767 70 47 die
2321 766 240 48 Tonkunst
2592 767 71 47 bei
2695 767 101 47 dem
2832 767 145 47 Volke
3008 785 97 30 war
3135 768 70 48 die
3241 771 80 47 Ein-

1816 842 211 65 richtung
2057 843 80 47 der
2170 843 136 47 Volk
2324 843 347 48 s-Concerte
2702 846 41 44 in
2777 844 292 49 Amsterdam
3102 846 148 49 durch
3280 847 71 49 die

1813 919 179 63 dortige
2024 921 282 64 Abtheilung
2347 921 80 47 der
2458 922 345 63 Maatschappij.
2865 922 155 48 Wenn
3067 940 103 31 man
3214 924 133 60 sieht,

1815 998 83 46 wie
1929 997 101 48 dort
2061 998 41 47 in
2133 997 102 48 dem
2268 1015 185 47 grossen
2485 999 135 47 Saale
2650 997 76 49 des
2761 999 141 47 Parks
2940 1016 54 30 an
3036 1002 191 47 tausend
3257 1003 60 47 Zu-

1815 1074 137 48 hörer
1982 1091 80 31 aus
2093 1074 85 48 den
2225 1092 72 30 am
2340 1077 248 63 wenigsten
2635 1075 279 50 bemittelten
2949 1077 184 49 Classen
3167 1079 76 47 für
3275 1079 70 49 25

1816 1152 87 47 Cts.
1936 1150 51 64 (4
2019 1153 100 62 Sgr.
2151 1150 31 51 3
2217 1152 83 63 Pf.)
2334 1152 90 49 und
2456 1153 170 48 andere
2655 1153 193 48 tausend
2881 1155 77 46 für
2993 1154 20 48 1
3057 1155 59 47 Fl.
3153 1155 70 50 50
3259 1157 90 48 Cts.

1816 1228 89 65 (25
1936 1229 103 64 Sgr.
2079 1228 29 49 6
2144 1229 82 64 Pf.)
2272 1247 81 30 aus
2398 1230 115 47 allen
2555 1230 202 49 Ständen
2801 1232 92 47 sich
2937 1249 51 30 zu
3035 1232 85 48 den
3168 1234 178 48 Plätzen

1815 1307 221 64 drängen,
2077 1308 84 47 wie
2201 1308 63 47 sie
2293 1308 85 47 alle
2409 1308 80 47 mit
2518 1308 123 48 einer
2674 1308 82 47 fast
2786 1309 244 65 andächtig
3060 1327 53 30 zu
3144 1327 174 32 nennen-

1815 1383 85 48 den
1933 1385 421 49 Aufmerksamkeit
2392 1384 86 50 den
2511 1387 158 47 Tönen
2705 1385 218 66 Haydn's,
2955 1389 227 54 Mozart's,
3215 1389 105 48 Beet-

1817 1463 180 47 hoven's
2025 1479 40 31 u.
2089 1479 33 31 s.
2147 1479 55 32 w.
2230 1463 231 56 lauschen,
2491 1479 49 32 so
2571 1463 253 65 überzeugt
2848 1481 103 31 man
2977 1465 109 55 sich,
3118 1465 101 49 dass
3245 1483 102 32 man

1815 1539 101 48 dem
1949 1540 146 49 Volke
2127 1558 85 29 nur
2244 1542 141 47 Gutes
2423 1540 91 49 und
2547 1542 154 47 Bestes
2738 1558 52 31 zu
2833 1542 149 48 bieten
3016 1542 211 57 braucht,
3273 1562 74 30 um

1815 1634 44 32 es
1890 1636 52 29 zu
1975 1618 176 56 fesseln,
2192 1618 99 48 dass
2335 1620 75 46 für
2441 1619 71 48 die
2542 1620 196 47 reinsten
2772 1620 342 49 musicalischen
3148 1623 198 47 Formen

1817 1695 88 49 und
1950 1695 87 49 den
2076 1697 142 55 Geist,
2259 1695 81 50 der
2382 1698 62 47 sie
2486 1697 168 57 belebt,
2697 1698 60 47 im
2790 1698 104 48 Ohr
2937 1699 90 47 und
3062 1700 176 47 Herzen
3271 1699 78 50 des

1815 1773 168 48 Volkes
2025 1774 99 47 eine
2170 1777 208 60 grössere
2408 1775 424 65 Empfänglichkeit
2875 1777 263 48 vorhanden
3171 1779 69 53 ist,
3284 1779 63 47 als

1817 1868 103 30 man
1945 1851 47 65 je
2024 1851 170 65 geahnt
2225 1851 90 49 hat.
2378 1853 167 63 „Möge
3022 1863 102 56 sagt
3152 1854 81 48 der
3266 1857 56 47 Be-

1816 1929 329 48 richterstatter
2166 1958 60 5 —
2258 1930 109 56 „auf
2392 1929 102 49 dem
2526 1947 49 30 so
2606 1931 219 63 glanzvoll
2859 1930 302 66 begonnenen
3196 1933 153 66 Wege

1816 2006 178 65 muthig
2038 2006 313 49 fortschreiten
2405 2008 92 47 und
2555 2008 85 48 alle
2686 2008 341 64 Abtheilungen
3073 2009 81 48 der
3198 2011 117 47 Maat-

1812 2084 201 66 schappij
2046 2084 86 49 den
2165 2093 139 56 guten
2339 2086 172 47 Willen
2552 2086 150 49 haben
2748 2086 91 49 und
2883 2088 283 63 zulängliche
3205 2089 144 48 Mittel

1813 2163 225 55 erhalten,
2084 2163 246 48 denselben
2375 2164 124 65 Weg
2541 2180 53 31 zu
2639 2164 221 49 betreten.
2918 2166 182 47 Möchte
3130 2165 116 50 doch
3279 2168 70 47 ein

1806 2239 133 65 jeder
1967 2255 85 32 von
2084 2255 195 33 unseren
2312 2240 309 48 Landsleuten
2662 2257 86 31 von
2786 2240 81 50 der
2898 2243 253 48 Wahrheit
3181 2244 140 48 durch-

1813 2316 211 65 drungen
2056 2316 202 57 werden,
2288 2316 102 49 dass
2420 2318 82 48 der
2531 2318 146 48 kleine
2701 2319 224 65 jährliche
2959 2320 183 64 Beitrag
3173 2320 77 48 für
3279 2320 71 50 die

1815 2394 353 66 Mitgliedschaft
2198 2395 78 48 des
2307 2395 190 48 Vereins
2535 2414 78 29 zur
2646 2396 326 65 Beförderung
3001 2398 80 47 der
3111 2399 240 48 Tonkunst

1816 2472 129 49 keine
1990 2474 180 48 bessere
2213 2474 172 48 Frucht
2431 2475 74 46 für
2551 2474 70 48 die
2654 2475 264 65 Veredlung
2964 2476 90 47 und
3090 2476 255 66 Erhebung

1813 2549 77 49 des
1920 2551 160 47 Sinnes
2110 2551 79 47 der
2220 2568 172 47 ganzen
2423 2552 168 47 Nation
2624 2560 160 57 tragen
2827 2552 137 56 kann,
3005 2555 63 46 als
3099 2554 142 48 durch
3273 2554 71 49 die

1816 2629 298 64 Einrichtung
2159 2646 84 31 von
2287 2629 425 49 Volks-Concerten
2758 2631 79 47 mit
2879 2631 263 48 classischer
3173 2634 177 54 Musik;

1813 2724 85 30 nur
1929 2707 61 47 sie
2020 2723 187 49 vermag
2237 2707 79 47 das
2343 2707 199 49 Gemüth
2568 2707 77 49 des
2669 2707 247 50 Menschen
2947 2710 79 47 mit
3054 2709 293 56 Eindrücken

1812 2801 52 30 zu
1896 2785 214 55 erfüllen,
2142 2785 174 48 welche
2357 2801 44 31 es
2441 2803 52 29 zu
2533 2785 146 48 einem
2712 2786 190 64 Tempel
2947 2787 209 55 machen,
3204 2789 146 48 worin

1815 2861 101 48 kein
1947 2862 148 49 Raum
2130 2862 77 47 für
2237 2862 80 47 das
2348 2864 199 48 Unreine
2579 2862 92 49 und
2701 2864 241 63 Unheilige
3091 2866 118 47 —ln
3237 2867 75 46 Am-

1813 2940 200 48 sterdam
2046 2941 156 48 hatten
2230 2941 91 48 sich
2354 2942 101 47 eine
2484 2958 155 48 grosse
2667 2942 112 47 Zahl
2820 2959 83 30 von
2936 2942 287 65 Mitgliedern
3257 2945 92 47 und

1816 3017 115 49 auch
1966 3017 393 55 Kunstfreunden,
2389 3017 72 49 die
2490 3019 122 48 nicht
2641 3036 78 31 zur
2745 3020 328 65 Maatschappij
3107 3022 242 64 gehörten,

1815 3114 52 29 zu
1901 3096 273 48 reichlichen
2220 3096 473 50 ausserordentlichen
2729 3099 258 63 Beiträgen,
3027 3100 211 47 meistens
3276 3100 82 48 auf

1817 3174 109 47 fünf
1961 3175 158 54 Jahre,
2161 3175 301 66 verpflichtet,
2507 3193 76 30 um
2629 3175 69 48 die
2729 3176 306 64 Einrichtung
3077 3176 81 48 der
3189 3177 160 49 Volks-

1817 3251 224 50 Concerte
2074 3251 89 48 und
2196 3252 78 49 das
2305 3254 181 63 Project
2514 3252 126 49 einer
2672 3252 310 50 Musikschule
3011 3254 66 48 ins
3109 3254 156 49 Leben
3297 3273 52 30 zu

1815 3330 130 48 rufen
1978 3330 92 48 und
2100 3331 153 48 Herrn
2291 3331 122 48 Job.
2455 3331 271 48 Verhülst
2771 3349 56 30 an
2860 3332 291 49 Amsterdam
3182 3351 51 31 zu
3266 3334 63 48 fes-

1815 3407 108 48 seln.
1977 3408 121 47 Herr
2142 3408 150 49 Rieh.
2339 3408 105 49 Hol
2490 3408 159 49 wurde
2688 3408 68 49 bei
2795 3410 169 47 seinem
2997 3410 225 48 Scheiden
3264 3428 83 31 von

1816 3485 292 48 Amsterdam
2160 3483 67 66 (er
2278 3486 52 47 ist
2368 3486 110 65 jetzt
2527 3486 292 48 bekanntlich
2871 3487 390 50 Musik-Director
3304 3490 43 47 in

1820 3562 202 66 Utrecht)
2046 3581 100 31 zum
2170 3565 417 64 Ehren-Mitgliede
2611 3565 81 48 der
2715 3565 333 49 amsterdamer
3064 3566 286 67 Abtheilung

1815 3649 193 40 ernannt
2051 3641 91 48 und
2184 3642 163 48 erhielt
2389 3659 83 31 von
2517 3642 103 48 dem
2662 3642 296 65 Singvereine
2996 3645 70 47 ein
3113 3645 236 48 kostbares

1816 3720 237 47 Geschenk
2086 3736 82 32 von
2201 3720 263 48 Partituren
2497 3721 80 47 mit
2606 3720 250 66 passender
2884 3721 241 49 Zuschrift.

1933 3800 77 44 Als
2053 3798 70 47 ein
2170 3798 241 49 Curiosum
2456 3800 169 47 theilen
2681 3800 82 47 wir
2812 3800 270 48 schliesslich
3137 3800 212 66 folgende

1813 3876 139 48 Stelle
1995 3875 77 49 des
2104 3877 231 48 Berichtes
2377 3878 107 47 mit:
2536 3878 124 56 „Der
2702 3878 271 64 allgemeine
3016 3880 210 47 Secretär
3269 3878 80 50 der

1816 3953 296 49 Gesellschaft
2155 3955 152 48 macht
2353 3953 168 50 darauf
2559 3955 329 55 aufmerksam,
2928 3955 102 48 dass
3073 3956 142 48 durch
3261 3956 85 49 den

1812 4032 185 48 starken
2043 4032 244 50 Gebrauch
2342 4033 40 49 in
2436 4033 86 49 den
2566 4033 162 49 letzten
2771 4035 173 47 Jahren
2989 4035 360 48 Mendelssohn's

1815 4110 184 49 Paulus.
2027 4111 301 48 Reinthaler's
2349 4111 186 64 Jephta,
2559 4111 303 48 Schumann's
2880 4112 219 48 Paradies
3118 4113 88 47 und
3229 4113 118 55 Peri,
