3540 4376
1787 174 68 49 88

247 311 258 46 Autographie
547 312 83 35 eine
672 311 268 35 mechanische
970 308 353 48 Vervielfältigung
1364 311 51 34 im
1445 312 117 33 Sinne
1604 310 63 36 des
1698 312 48 33 Ge-

246 375 120 30 setzes
390 371 179 43 darstellt,
598 372 126 34 indem
745 371 116 35 durch
891 371 84 34 eine
1004 371 269 34 mechanische
1298 371 111 35 Kraft
1436 382 74 23 von
1543 371 122 35 einem
1694 382 75 22 von

243 430 279 35 menschlicher
546 431 115 34 Hand
689 430 297 46 geschriebenen
1014 430 228 45 Exemplare
1273 428 166 48 beliebig
1475 431 99 34 viele
1620 430 149 42 andere,

249 489 215 36 demselben
492 502 96 34 ganz
618 490 149 46 gleiche
795 489 222 46 hergestellt
1044 489 163 35 werden.
1238 489 178 35 Welcher
1434 491 71 33 Art
1532 491 59 34 die
1620 490 126 34 mecha-

249 550 130 34 nische
408 551 110 34 Kraft
548 552 64 42 sei,
642 552 47 34 ist
718 550 108 36 dabei
854 562 97 35 ganz
979 549 263 48 gleichgültig.
1298 550 110 34 Auch
1439 550 59 34 die
1526 550 223 35 Entschuldi-

247 620 103 35 gung
380 609 63 35 des
471 609 281 47 Angeklagten,
781 621 71 23 nur
880 610 68 33 auf
972 609 222 46 Bestellung
1224 609 58 35 die
1311 609 136 35 Lieder
1476 609 219 47 hergestellt
1724 621 47 22 zu

246 668 133 44 haben,
411 670 127 34 wurde
569 670 184 35 ebenfalls
782 670 353 45 zurückgewiesen,
1181 670 71 47 „da
1294 681 39 23 es
1373 670 104 35 seine
1519 670 121 35 Sache
1682 680 89 33 war,

245 730 83 33 eine
356 729 76 33 ihm
462 731 266 45 zugemuthete
757 730 188 35 strafbare
967 729 206 47 Handlung
1202 741 73 23 von
1299 729 65 35 der
1383 731 115 33 Hand
1523 742 47 22 zu

346 829 312 40 jfliiitelfteil.
718 835 82 33 Von
831 834 82 34 dem
945 834 214 45 Gastspiele
1190 833 63 35 des
1283 834 123 33 Herrn
1437 834 232 35 Niemann
1711 846 59 23 am

243 892 172 46 hiesigen
444 894 224 35 Hoftheater
696 894 113 35 Hesse
838 895 81 34 sich
948 907 71 22 nur
1049 895 83 34 sehr
1161 894 127 35 Vieles
1319 895 77 34 und
1425 895 109 35 dabei
1564 895 204 36 Uebliches

245 952 63 34 des
336 953 122 35 Lobes
488 954 205 37 berichten.
750 954 189 36 Desshalb
969 955 138 35 wollen
1136 957 68 33 wir
1245 966 70 23 nur
1346 955 68 34 den
1445 955 131 47 Erfolg
1606 957 64 34 des
1698 967 72 25 uns

241 1013 39 33 in
311 1019 132 30 stetem
473 1015 213 35 Andenken
714 1016 226 35 bleibenden
965 1015 210 47 Gastspiels
1197 1016 117 34 durch
1336 1016 58 34 die
1414 1016 209 35 Nachricht
1650 1017 96 34 kenn-

242 1074 194 44 zeichnen,
467 1075 84 35 dass
581 1077 122 33 Herrn
733 1077 186 34 Niemann
950 1089 66 22 zur
1044 1078 244 45 Erinnerung
1317 1088 46 23 an
1393 1076 127 35 diesen
1548 1077 133 47 Erfolg
1710 1079 60 33 ein

240 1135 233 36 sinnreiches
502 1137 77 34 und
607 1136 183 37 ehrendes
819 1137 273 35 Denkzeichen
1122 1149 47 22 zu
1199 1137 110 34 Theil
1338 1138 140 35 wurde.
1534 1140 50 33 Es
1614 1140 49 33 ist
1691 1139 79 35 dies

242 1197 59 33 ein
330 1208 75 22 von
436 1208 173 24 unserem
629 1199 283 47 Landsmanne,
942 1200 84 34 dem
1054 1200 38 33 in
1124 1201 137 33 weiten
1291 1201 143 34 Kunst-
1465 1201 75 34 und
1571 1201 174 35 Gewerbs-

238 1255 152 35 kreisen
412 1256 216 36 bekannten
649 1258 287 36 Silberarbeiter
954 1259 42 35 E.
1023 1258 374 49 Wollenweber,
1420 1262 252 33 entworfener
1693 1262 76 34 und

238 1315 39 33 in
322 1316 122 34 Silber
485 1318 263 46 ausgeführter
790 1317 412 47 Champagner-Pocal,
1251 1330 48 23 an
1346 1319 134 36 dessen
1521 1321 248 35 Aussenseite

237 1375 161 36 trefflich
426 1378 230 46 gearbeitete
685 1379 221 46 Jagdthiere
936 1378 80 35 sich
1045 1377 187 35 befinden.
1272 1377 115 49 (Herr
1414 1380 185 35 Niemann
1629 1382 48 33 ist
1705 1383 42 34 be-

237 1437 201 37 kanntlich
466 1441 59 33 ein
557 1439 90 35 eben
679 1451 40 23 so
748 1451 150 35 grosser
926 1438 250 47 Jagdfreund,
1223 1439 54 35 als
1305 1445 110 41 guter
1445 1441 192 46 Schütze.)
1695 1443 73 33 Die

239 1500 70 33 auf
347 1500 83 34 dem
471 1500 140 35 Poeale
655 1500 192 35 zierlichst
887 1498 253 47 angebrachte
1183 1500 230 35 Dedication
1456 1501 143 36 lautet:
1647 1503 120 46 „Dem

242 1560 200 45 Schützen,
474 1561 64 35 der
564 1563 50 32 im
638 1561 158 35 Gebiete
816 1560 64 35 der
899 1561 127 33 Kunst
1054 1566 92 29 stets
1175 1561 92 35 trifft
1294 1562 79 34 und
1400 1562 83 35 sich
1512 1564 134 34 treffen
1675 1564 94 35 lässt

320 1621 82 34 dem
432 1621 205 34 deutschen
667 1622 144 45 Sänger
839 1620 134 36 Albert
1002 1620 187 35 Niemann
1220 1632 66 23 zur
1313 1622 267 36 freundlichen
1609 1625 137 34 Erinne-

238 1693 99 35 rung
365 1693 46 23 an
441 1682 79 35 sein
548 1683 233 34 münchener
811 1682 191 47 Gastspiel
1044 1683 52 33 im
1124 1682 169 36 Februar
1323 1680 100 39 1864
1530 1696 76 23 von
1639 1685 64 34 der
1731 1686 37 35 k.

238 1742 238 35 baierischen
1122 1744 229 34 Ausserdem
1397 1744 103 35 hatte
1541 1745 99 34 Herr
1682 1746 66 34 Nie-

237 1813 114 23 mann
382 1803 58 34 die
469 1803 111 47 Ehre,
611 1816 74 23 von
717 1804 83 35 dem
829 1805 151 46 Könige
1010 1805 38 34 in
1077 1804 230 35 besonderer
1334 1803 174 36 Audienz
1541 1805 228 47 empfangen

240 1874 46 22 zu
318 1862 161 35 werden.

579 1978 79 34 Der
685 1978 147 35 Pianist
859 1980 99 33 Herr
984 1979 183 36 Bendel
1195 1980 66 35 hat
1289 1979 106 35 nicht
1423 1991 73 23 nur
1525 1981 59 34 ein
1614 1982 155 33 zweites

240 2037 163 35 Concert
421 2036 185 47 gegeben,
636 2038 162 34 sondern
827 2039 99 35 auch
953 2039 139 35 bereits
1122 2041 61 33 ein
1211 2039 130 35 drittes
1371 2039 269 48 angekündigt.
1670 2041 99 35 Herr

235 2097 145 35 Bendel
408 2100 124 32 ärntet
560 2097 188 48 allseitige
777 2099 289 48 Anerkennung
1108 2101 59 34 für
1212 2100 81 35 sein
1336 2105 190 30 correctes
1556 2100 107 47 Spiel
1691 2102 78 34 und

235 2159 98 34 auch
374 2159 59 33 für
475 2159 103 33 seine
614 2158 374 37 beachtenswerthen
1021 2161 327 47 Compositionen.
1456 2163 99 34 Herr
1584 2163 121 34 Taus
1720 2163 49 46 ig

233 2219 164 47 kündigt
426 2219 138 34 bereits
592 2221 81 32 sein
703 2220 139 35 viertes
873 2220 166 36 Concert
1066 2233 61 26 am

1257 2283 514 11 %

338 2325 133 34 Liszt
512 2326 64 34 hat
617 2326 99 35 nach
744 2326 253 48 Beendigung
1039 2328 125 35 seiner
1197 2329 137 34 beiden
1365 2328 222 37 Oratorien:
1621 2330 126 46 „Elisa-

377 2386 77 34 und
486 2413 17 18 „
512 2387 172 35 Christus
692 2388 14 17 u
714 2417 8 14 ,
751 2389 188 34 nunmehr
979 2389 60 35 die
1070 2389 263 48 Composition
1377 2392 103 34 eines
1524 2391 136 36 dritten
1703 2391 43 36 be-

231 2459 164 36 gonnen,
426 2447 82 35 dem
540 2448 58 35 die
627 2449 205 46 Legenden
859 2449 94 35 über
982 2450 65 35 das
1077 2451 128 35 Leben
1236 2452 64 35 des
1340 2452 167 47 heiligen
1536 2453 123 35 Franz
1689 2465 77 23 von

233 2508 122 36 Assisi
395 2520 47 23 zu
485 2509 153 35 Grunde
680 2509 140 47 liegen.
877 2511 106 34 Liszt
1023 2511 110 36 kehrt
1174 2514 52 32 im
1270 2514 96 34 Juni
1409 2525 76 22 von
1528 2514 96 35 Rom
1667 2514 100 35 nach

234 2568 262 37 Deutschland
525 2570 157 36 zurück.

338 2685 202 35 Grosser
582 2686 505 48 Gesang-Wettstreit
1123 2702 56 23 zu
1217 2691 153 46 Lyon,
1401 2691 170 47 Sonntag
1601 2691 71 36 den
1703 2689 62 42 22.

232 2746 79 34 Mai
341 2746 32 34 d.
404 2747 38 35 J.
486 2747 88 35 Alle
603 2749 300 47 Sängervereine
932 2763 68 24 aus
1029 2753 238 34 Frankreich
1295 2753 78 34 und
1402 2753 72 35 den
1503 2753 240 36 Nachbarlän-

233 2805 91 36 dern
353 2807 85 35 sind
466 2808 237 47 eingeladen.
758 2812 78 34 Der
878 2819 97 29 erste
1007 2813 171 35 Concurs
1219 2813 148 35 besteht
1403 2815 53 33 im
1485 2814 249 36 Vomblatt-

233 2869 171 46 singen
447 2867 103 38 eines
581 2870 206 44 Quartetts.
844 2874 72 35 Die
945 2874 161 47 übrigen
1134 2874 151 35 werden
1315 2876 40 33 in
1382 2876 88 33 fünf
1497 2875 160 36 Classen
1688 2876 59 34 ein-

233 2929 179 46 geteilt:
444 2929 175 38 Division
649 2932 264 39 (TExcellence
1018 2935 177 37 Division
1225 2935 235 46 SupMeure
1566 2934 198 38 Premiere

234 2988 180 38 Division
442 3003 36 23 u.
507 3003 27 26 s.
564 3005 46 24 w.
640 2994 118 36 Jeder
786 2996 138 35 Verein
954 2998 102 45 singt
1084 2999 95 32 zwei
1207 2997 161 35 Stücke:
1400 3002 144 30 erstens
1574 2998 67 35 das
1672 2997 76 35 obli-

232 3054 228 45 gatorische,
489 3054 163 36 welches
683 3057 63 35 der
774 3057 50 35 D.
845 3057 265 38 &Excellence
1141 3059 47 36 10
1218 3061 116 46 Tage,
1366 3061 64 34 der
1459 3060 49 35 D.
1530 3059 236 47 Superieure

235 3111 46 38 15
313 3114 115 46 Tage,
459 3114 70 35 den
558 3116 162 47 übrigen
750 3118 154 36 Classen
936 3120 80 35 vier
1046 3121 171 35 Wochen
1254 3121 138 35 vorher
1420 3123 210 45 zugesandt
1657 3123 106 35 wird.

232 3175 98 33 Kein
362 3175 136 34 Verein
541 3176 83 35 darf
662 3179 117 35 durch
820 3181 60 33 ein
910 3180 118 35 Stück
1057 3182 258 42 concurriren,
1360 3182 117 35 durch
1521 3183 164 35 welches
1727 3195 40 23 er

233 3235 117 34 schon
379 3236 139 34 einmal
549 3238 110 35 einen
687 3240 108 35 Preis
825 3240 123 35 davon
976 3245 180 43 getragen
1186 3242 75 35 hat.
1319 3243 61 34 Da
1406 3254 73 24 nur
1508 3243 59 34 die
1597 3243 144 35 Ausfüh-

231 3306 97 35 rung
367 3296 63 34 der
461 3297 270 49 Chorgesänge
762 3301 243 47 Gegenstand
1048 3302 64 35 der
1139 3304 242 46 Bewerbung
1422 3306 58 42 ist,
1527 3316 40 23 so
1612 3304 152 35 bleiben

235 3354 74 34 alle
339 3355 142 36 Stücke
510 3359 68 33 mit
605 3360 197 35 Einzel-
832 3362 89 34 oder
951 3362 386 44 Quartett-Solo'
1352 3376 17 22 s
1411 3363 324 48 ausgeschlos-

232 3426 93 25 sen.
358 3414 110 47 (Sehr
493 3419 257 49 vernünftig!)
858 3422 73 34 Die
974 3422 207 35 städtische
1215 3424 175 35 Behörde
1430 3424 233 35 übernimmt
1704 3424 60 35 die

234 3476 282 46 Organisation.
623 3480 73 35 Die
725 3481 145 49 Jury's,
906 3483 89 45 jede
1031 3495 74 23 von
1133 3484 90 35 fünf
1247 3485 193 43 Richtern,
1471 3485 124 35 haben
1624 3497 47 23 zu
1699 3486 44 34 be-

231 3536 137 35 achten
384 3549 7 21 :
444 3536 31 39 1.
504 3539 178 37 Reinheit
711 3541 63 35 der
802 3542 219 35 Intonation
1061 3545 77 34 und
1166 3545 221 36 Festhalten
1425 3546 63 34 der
1518 3548 157 34 Tonart.
1728 3544 34 40 2.

231 3598 254 46 Aussprache.
532 3598 35 37 6.
598 3602 273 36 Gesammtton.
929 3601 35 37 4.
995 3605 341 47 Klangschönheit.
1393 3605 35 37 5.
1460 3607 209 35 Gradation
1699 3608 65 35 der

231 3659 260 47 Nuancirung.
539 3659 33 38 6.
605 3663 162 47 Vortrag
807 3665 77 34 und
915 3666 233 46 Auffassung
1192 3666 63 36 der
1285 3668 277 47 Composition.
1671 3670 69 34 Ver-

231 3720 173 46 keilung
432 3733 74 22 von
536 3722 208 37 Medaillen
788 3725 127 45 (deren
945 3725 134 37 Werth
1108 3728 107 35 nicht
1244 3730 221 46 angegeben
1494 3729 77 46 ist).
1684 3731 52 33 An-

233 3781 226 47 meldungen
489 3782 61 35 bei
578 3784 50 36 M.
658 3784 154 36 Muris
840 3788 37 32 in
909 3788 120 45 Lyon.

336 3896 43 34 In
417 3896 138 36 Paris
598 3899 77 33 will
713 3899 65 35 der
807 3901 153 47 Herzog
1000 3903 112 35 Karl
1157 3915 73 24 von
1259 3905 302 48 Braunschweig
1590 3918 75 23 von
1696 3907 66 34 der

232 3956 314 35 Theaterfreiheit
589 3958 200 37 Gebrauch
837 3962 159 35 machen
1042 3965 76 33 und
1169 3965 38 34 in
1250 3965 65 35 der
1355 3966 81 35 Rue
1483 3967 172 46 Beaujon
1700 3968 61 34 ein

238 4016 157 34 Theater
424 4018 199 36 errichten.
680 4021 88 33 Man
810 4021 110 35 theilt
960 4022 138 36 bereits
1140 4026 83 33 eine
1253 4026 149 35 Anzahl
1434 4028 64 33 der
1538 4028 221 47 engagirten

232 4076 297 37 Künstlerinnen
562 4080 76 34 und
668 4081 184 36 Künstler
879 4085 80 33 mit.

2233 3629 70 41 Vic
2691 3631 163 43 2Ruöifi-
2857 3629 4 53 (
2861 3632 156 50 3eitutt(j

1862 3688 188 35 erscheint
2081 3689 114 45 jeden
2237 3690 173 47 Samstag
2453 3694 37 31 in
2535 3694 123 33 einem
2702 3706 147 33 ganzen
2885 3696 130 45 Bogen
3060 3696 69 33 mit
3164 3696 242 45 zwanglosen

1864 3739 194 47 Beilagen.
2169 3742 76 33 Der
2268 3742 387 48 Abonnementspreis
2677 3745 148 46 beträgt
2860 3746 59 34 für
2950 3747 64 33 das
3036 3746 188 45 Halbjahr
3252 3743 22 37 2
3291 3747 115 43 Thlr.,

1861 3791 61 34 bei
1952 3791 69 34 den
2045 3792 46 33 K.
2122 3803 142 34 prenss.
2288 3794 311 35 Post-Anstalten
2629 3795 22 36 2
2669 3796 102 34 Thlr.
2798 3797 22 35 5
2840 3797 81 46 Sgr.
2977 3796 96 35 Eine
3104 3796 169 35 einzelne
3293 3798 85 34 Num-

1861 3851 81 26 mer
1968 3841 24 36 4
2021 3842 82 47 Sgl*.

1966 3894 125 35 Briefe
2121 3896 77 34 und
2218 3896 278 48 Zusendungen
2531 3897 93 35 aller
2644 3899 70 34 Art
2743 3899 150 34 werden
2923 3904 111 30 unter
3063 3899 63 35 der
3151 3900 165 36 Adresse
3347 3901 62 35 der

1861 3946 52 35 M.
1945 3946 412 48 DuMont-Schauberg
2362 3948 6 8 ,
2374 3949 115 34 sehen
2518 3950 307 47 Buchhandlung
2853 3952 39 33 in
2923 3952 101 34 Köln
3055 3953 163 34 erbeten.

1981 4048 359 36 Verantwortlicher
2369 4050 287 46 Herausgeber:
2688 4051 101 35 Prof.
2824 4050 33 34 L
2862 4077 10 10 «.
2904 4050 175 46 Bischoff
3102 4054 38 32 in
3170 4052 114 37 Köln.

1938 4098 196 48 Verleger:
2168 4099 52 37 M.
2251 4100 67 35 Du
2322 4101 350 47 Mont-Schernberg
2689 4103 88 34 sehe
2807 4103 305 47 Buchhandlung
3142 4105 39 34 in
3211 4105 115 35 Köln.

1895 4151 191 35 Drucker:
2123 4151 49 36 M.
2204 4152 66 35 Du
2275 4151 348 48 Moni-Schauberg
2651 4155 38 34 in
2720 4155 114 43 Köln,
2874 4155 243 36 Breitstrasse
3148 4155 48 38 76
3224 4169 33 22 u.
3291 4157 60 38 78.

2409 312 456 75 Zukünbigutujcii.

1871 477 536 64 Musikschule
2437 496 96 45 zu
2561 482 424 65 Frankfurt
3015 504 122 44 am
3168 493 236 62 Main.

1976 579 72 32 Am
2077 579 61 32 11.
2168 578 117 45 April
2312 579 157 47 beginnt
2498 580 69 36 das
2597 593 96 24 neue
2723 581 227 49 Schuljahr.
2999 586 406 54 Unterrichts-Gegen-

1869 627 136 36 stände
2034 627 106 36 sind:
2190 628 160 37 Theorie
2378 631 42 35 in
2447 631 112 36 ihren
2589 633 295 38 verschiedenen
2921 637 170 47 Theilen,
3121 642 75 35 als:
3234 645 168 36 Harmo-

1868 679 75 46 nie,
1980 678 269 46 Contrapunkt
2276 694 36 22 u.
2342 694 27 23 s.
2401 694 41 23 w.
2475 683 149 44 (durch
2653 685 60 35 die
2733 686 158 37 Herren
2921 691 186 46 Hauff,
3146 694 152 45 Oppel
3324 698 84 35 und

1870 730 266 46 Buchner),
2189 733 219 35 Geschichte
2437 734 68 35 der
2535 736 130 35 Musik
2712 736 204 47 (Oppel),
2969 741 152 49 Gesang
3152 745 133 45 (Frau
3314 748 92 35 Ko-

1869 781 408 47 newka-Martin,
2324 785 139 35 Ferd.
2494 785 244 48 Schmidt),
2789 790 151 37 Ciavier
2977 792 227 50 (Henkel,
3251 800 155 35 Hilli-

1867 834 113 47 ger),
2023 834 145 36 Violine
2193 835 72 45 (H.
2299 835 166 48 Wolff,
2486 838 46 35 R.
2559 839 213 49 Becker),
2804 840 228 40 Violoncello
3051 845 343 53 (Siedentopf)

1875 887 116 45 Orgel
2018 886 213 47 (Oppel),
2260 887 217 37 Fns'emble-
2507 890 83 35 und
2618 891 181 36 Partitur
2800 894 100 45 spiel
2927 895 243 50 (Henkel).
3214 901 84 36 Das
3327 903 81 35 Ho-

1869 950 123 23 norar
2021 938 148 47 beträgt
2189 938 176 47 jährlich
2393 942 76 33 154
2500 943 61 34 FL
2591 943 70 44 (88
2697 943 108 36 Thlr.
2837 945 103 48 Fr.),
2982 948 42 36 in
3058 950 350 48 vierteljährlicher

1879 988 373 49 Vorausbezahlung.
2303 992 61 35 An
2396 992 119 36 einem
2545 994 195 36 einzelnen
2772 997 129 36 Fache
2930 999 107 36 kann
3065 1014 91 24 man
3184 1004 78 36 sich
3287 1018 121 35 gegen

1872 1039 60 37 ein
1960 1041 189 36 Honorar
2176 1054 73 23 von
2277 1045 49 32 42
2357 1042 63 37 Fl.
2453 1047 71 40 (24
2554 1046 132 47 Thlr.)
2717 1047 235 49 betheiligen.
2983 1050 108 39 Auch
3120 1067 52 23 an
3199 1058 89 34 zwei
3316 1058 92 36 oder

1871 1092 84 36 drei
1987 1093 183 36 Fächern
2199 1094 108 36 kann
2336 1094 61 37 die
2433 1095 250 39 Theilnahme
2714 1098 103 37 Statt
2837 1101 153 46 finden.

1974 1144 296 49 Anmeldungen
2296 1147 99 43 sind,
2439 1149 83 35 und
2554 1160 102 25 zwar
2684 1155 209 42 spätestens
2923 1154 53 36 bis
3003 1168 83 24 zum
3116 1160 33 33 9.
3182 1159 116 46 April
3355 1175 52 23 an

1870 1196 74 36 den
1974 1196 228 48 derzeitigen
2232 1204 123 30 ersten
2401 1199 208 47 Vorsteher,
2652 1202 51 35 W.
2740 1206 154 44 Oppel
2920 1205 222 51 (Schiesing
3145 1221 150 36 ergasse
3324 1216 80 45 14),

1867 1260 48 23 zu
1942 1248 159 45 richten,
2131 1249 158 36 welcher
2319 1250 98 36 auch
2444 1263 70 24 zur
2543 1253 248 49 Mittheilung
2820 1256 64 37 des
2910 1258 236 47 gedruckten
3176 1262 155 46 Planes,
3367 1279 40 22 so

1868 1300 68 35 wie
1964 1312 46 23 zu
2030 1300 115 45 jeder
2174 1301 176 37 weiteren
2380 1303 202 48 Auskunft
2611 1306 117 35 bereit
2754 1307 58 36 ist.

1981 1361 224 48 Frankfurt
2233 1375 62 22 am
2323 1364 126 47 Main,
2479 1367 61 32 21.
2571 1365 183 37 Februar
2783 1369 113 35 1864.

2216 1434 132 36 Der
2391 1434 300 38 Voretuna
2716 1437 113 37 aer
2859 1440 440 42 Jfit€sihseiiuie.

1951 1532 627 89 Siuttgarter
2633 1538 687 78 iTlusikschute

2406 1635 458 71 (Conservatorium).

1975 1713 76 38 Mit
2079 1715 83 35 dem
2192 1717 185 47 Anfange
2416 1717 64 36 des
2511 1717 32 36 S
2551 1720 235 37 ommer-S
2796 1731 237 40 emesters,
3079 1727 73 36 den
3181 1731 62 34 18.
3275 1727 118 49 April

1869 1767 153 35 können
2050 1767 41 35 in
2121 1767 99 36 diese
2240 1769 78 46 für
2346 1769 250 49 vollständige
2626 1773 242 49 Ausbildung
2907 1777 140 36 sowohl
3073 1791 72 23 von
3174 1780 218 38 Künstlern

1869 1820 55 34 als
1954 1819 99 35 auch
2083 1820 269 36 'insbesondere
2381 1833 74 24 von
2484 1821 180 39 Lehrern
2692 1825 83 36 und
2797 1826 274 39 Lehrerinnen
3101 1831 201 37 bestimmte
3323 1833 80 37 An-

1869 1872 98 43 Stalt,
2010 1872 136 35 welche
2188 1884 70 23 aus
2287 1872 279 38 Staatsmitteln
2603 1875 279 39 subventioniert
2907 1879 58 45 ist,
3008 1893 97 25 neue
3135 1882 164 38 Schüler
3327 1887 83 35 und

1871 1922 284 37 Schülerinnen
2184 1924 197 37 eintreten.

1974 1978 84 34 Der
2088 1976 219 36 Unterricht
2336 1978 183 35 erstreckt
2546 1978 79 36 sich
2655 1981 77 46 auf
2749 1982 409 39 ElementarChor-
3187 1988 83 35 und
3299 1988 107 37 Solo-

1867 2039 158 35 gesang,
2072 2027 151 36 Ciavier
2297 2030 143 47 Orgel-,
2481 2030 141 37 Violin-
2652 2033 84 35 und
2773 2034 316 50 Violoncellspiel,
3137 2039 271 39 Tonsatzlehre

1871 2079 356 48 (Harmonielehre,
2262 2080 282 47 Contrapunkt,
2577 2085 276 37 Formenlehre
2857 2115 7 16 ,
2898 2087 131 37 FocaZ-
3057 2090 85 37 wrcd
3168 2091 240 38 Instrumen-

1869 2132 193 45 tal-Comp
2066 2132 135 35 osition
2221 2133 106 34 nebst
2346 2133 181 36 Partitur
2530 2134 128 47 spiel],
2693 2138 216 36 Geschichte
2939 2141 69 35 der
3038 2143 141 44 Musik,
3209 2145 200 36 Methodik

1871 2183 64 35 des
1966 2183 168 48 Gesang-
2164 2183 82 36 und
2271 2183 436 52 Ciavier-Unterrichts,
2743 2192 257 45 Orgelkunde,
3031 2194 268 38 Declamation
3327 2197 84 37 und

1867 2234 245 38 italiänische
2138 2234 183 47 Sprache,
2365 2237 83 36 und
2487 2238 99 36 wird
2626 2241 151 35 ertheilt
2818 2255 72 24 von
2932 2244 75 36 den
3036 2248 160 34 Herren
3240 2247 148 37 Stark

1870 2286 329 49 Kammersänger
2218 2287 274 47 Bauscher,
2526 2290 196 47 Lebert,
2753 2292 277 51 Bruckner,
3062 2296 199 47 Speidel
3269 2328 7 18 ,
3308 2300 100 47 i?o/-

1869 2338 168 37 musiker
2066 2340 140 43 Levi,
2250 2338 204 49 Professor
2483 2341 185 46 Faisst,
2709 2346 256 46 Hofmusiker
2992 2349 268 46 Debuysere
3271 2380 9 18 ,
3310 2352 98 46 2To/-

1868 2390 168 37 musiker
2056 2391 188 47 Keller,
2278 2391 311 39 Concertmeister
2619 2395 194 47 Singer,
2845 2399 255 47 Hofmusiker
3127 2402 130 36 Boch
3269 2432 6 16 ,
3311 2404 94 37 (7cm-

1869 2443 230 36 certmeister
2130 2443 110 36 Golt
2254 2456 217 33 ermann,
2511 2448 101 45 Hof-
2618 2446 274 50 Schauspieler
2921 2453 159 36 Arndt
3118 2455 82 34 und
3229 2454 180 38 Secretär

1867 2495 37 36 B
1917 2496 176 35 unzler.

1971 2547 80 35 Zur
2089 2547 156 48 Uebung
2285 2547 52 37 im
2381 2548 242 47 öffentlichen
2663 2552 197 48 Vortrage,
2910 2568 39 22 so
2991 2556 69 37 We
3099 2556 51 38 im
3192 2560 217 37 Ensemble-

1867 2600 83 36 und
1982 2599 297 47 Orchesterspiel
2320 2601 49 35 ist
2410 2601 73 36 den
2524 2602 124 47 dafür
2690 2605 221 48 befähigten
2941 2606 194 40 Schülern
3168 2612 243 48 Gelegenheit

1865 2652 178 48 gegeben♦

1970 2704 85 36 Das
2074 2703 195 47 jährliche
2298 2705 189 36 Honorar
2518 2705 80 47 für
2640 2705 60 38 die
2739 2710 257 46 geivohnliche
3026 2712 100 37 Zahl
3153 2726 74 24 von
3269 2715 136 37 Unter-

1865 2756 284 46 richtsfächern
2179 2757 146 47 beträgt
2344 2757 79 47 für
2452 2756 287 40 Schülerinnen
2770 2761 75 36 100
2876 2762 152 38 Gulden
3057 2764 194 38 rheinisch
3281 2768 74 45 (57
3361 2768 10 21 l
3374 2768 32 47 /(y

1874 2808 386 48 ThlrFrcs.),
2279 2809 79 47 für
2386 2808 165 38 Schüler
2580 2812 76 34 120
2688 2813 59 36 Fl.
2779 2811 118 48 (68*/$
2935 2815 120 46 Thlr.,
3085 2819 76 34 257
3194 2820 134 45 Frcs.)

1975 2861 293 47 Anmeldungen
2311 2862 133 36 wollen
2488 2874 69 24 vor
2601 2863 69 35 der
2712 2877 61 23 am
2801 2867 61 34 13.
2893 2865 116 47 April
3053 2867 102 38 Statt
3191 2870 218 46 findenden

1865 2912 437 48 Aufnahme-Prüfung
2350 2926 51 23 an
2444 2914 60 36 die
2546 2916 303 37 unterzeichnete
2880 2917 116 40 Stelle
3027 2921 185 46 gerichtet
3241 2923 166 47 werden,

1866 2977 74 24 von
1968 2965 161 37 welcher
2157 2966 100 35 auch
2286 2965 68 36 das
2384 2966 314 47 ausführlichere
2727 2968 231 48 Programm
2987 2973 68 36 der
3086 2975 155 35 Anstalt
3269 2981 137 30 unent-

1865 3016 152 48 geltlich
2045 3029 46 23 zu
2119 3017 174 36 beziehen
2321 3017 57 38 ist.

1973 3069 267 48 Stuttgart,
2271 3081 51 24 «m
2352 3070 185 37 Februar
2572 3074 112 35 1864.

2392 3133 86 34 Die
2517 3135 261 34 Direction
2815 3137 82 33 der
2933 3137 370 36 Musikschule:

2518 3192 312 39 Professor
2864 3196 94 36 Di*.
2989 3196 211 38 Faisst.

1969 3299 85 36 Alle
2082 3299 42 36 in
2150 3300 130 35 dieser
2307 3301 320 48 Musik-Zeitung
2656 3303 288 46 besprochenen
2984 3305 84 36 und
3095 3307 316 47 angekündigten

1864 3349 236 38 Musicalien
2129 3358 65 29 etc.
2232 3352 91 36 sind
2356 3366 48 22 zu
2436 3354 178 36 erhalten
2640 3355 43 36 in
2710 3356 70 35 der
2808 3362 89 30 stets
2923 3358 234 47 vollständig
3183 3361 227 35 assortirten

1865 3402 474 50 Musicalien-Handlung
2361 3406 85 34 und
2462 3406 253 37 Leihanstalt
2740 3420 77 23 von
2837 3408 317 37 BERNHARD
3175 3410 235 36 BREUER

1861 3456 42 35 in
1932 3455 118 44 Köln,
2086 3468 132 34 grosse
2244 3457 255 47 Budengasse
2530 3459 75 35 Nr.
2637 3463 35 41 1,
2716 3472 41 23 so
2802 3460 69 35 wie
2914 3460 58 36 bei
2999 3461 37 34 J.
3072 3462 84 34 FR.
3199 3462 208 44 WEBER,

1863 3507 339 46 Appellhofsplatz
2230 3508 78 38 Nr.
2335 3511 63 33 22.
2792 3530 5 16 »
