2605 3322
1303 451 348 47 PARZIFAL

1080 592 118 38 Horch,
1223 593 77 30 über
1324 594 59 31 das
1406 595 156 31 blühende
1585 596 194 32 Heidekraut

1079 646 116 29 träumt
1218 645 155 32 zierlicher
1396 646 144 32 Schellen
1563 647 178 32 Silberlaut!
1767 667 44 5 —

1079 695 110 32 Schrill
1213 702 101 26 warnt
1338 698 48 31 ein
1410 699 131 31 scheuer
1563 700 211 32 Rebhahnruf

1078 757 60 21 vor
1162 748 86 31 eines
1271 750 158 32 Röfsleins
1453 751 190 43 tappendem
1668 753 70 30 Huf
1756 772 45 4 —

1170 800 81 31 Wer
1275 801 88 32 reitet
1386 802 78 32 über
1489 803 49 31 die
1562 804 122 31 Heide?

1077 897 75 32 Und
1176 897 59 32 hell
1259 898 49 32 ein
1331 899 153 33 Wiehern
1508 901 64 31 und
1599 901 48 31 ein
1673 902 188 38 Geschnauf,

1077 960 57 21 aus
1159 949 111 33 wilden
1294 951 109 32 Rosen
1427 954 108 30 taucht
1558 965 35 20 es
1618 954 65 31 auf:

1077 1002 48 31 ein
1148 1002 139 32 Röfslein
1311 1004 87 31 weifs
1422 1005 64 31 und
1510 1006 49 31 ein
1582 1005 224 38 Rittersmann,

1076 1054 56 31 der
1155 1054 54 32 hat
1233 1055 48 31 ein
1304 1056 93 31 Kleid
1419 1067 66 22 von
1508 1058 94 32 Seide
1628 1069 47 28 an,

1166 1106 49 31 ein
1239 1107 92 31 Kleid
1354 1119 66 21 von
1444 1114 86 27 roter
1553 1109 102 33 Seide.

603 1204 69 32 Das
697 1204 142 32 Röfslein
863 1204 79 31 niest
965 1204 32 30 in
1021 1203 61 31 den
1106 1204 133 31 frischen
1262 1205 86 39 Klee,

603 1257 56 31 der
683 1256 107 32 Reiter
813 1256 96 31 lacht:
933 1255 101 39 „Mein
1057 1256 140 31 Röfslein
1221 1256 73 32 heh!

602 1309 112 32 Frisch
738 1309 77 31 über
838 1309 92 30 Dorn
953 1308 65 31 und
1041 1307 240 40 Sonnenbrand,

602 1372 35 20 es
661 1361 39 31 ist
725 1362 67 30 eine
815 1362 80 30 Lust
919 1359 59 33 das
1002 1370 101 33 ganze
1126 1360 99 38 Land,

694 1424 34 21 es
753 1413 106 31 macht
882 1413 82 31 mich
987 1413 56 30 frei
1066 1422 77 22 vom

600 1512 101 37 „War
725 1512 118 31 meiner
865 1511 92 32 Seele
980 1510 124 32 tumber
1127 1510 131 37 Knecht,

602 1563 123 32 machts
749 1563 122 32 keinem
896 1563 57 32 auf
973 1563 56 32 der
1052 1563 89 32 Welt
1163 1562 138 42 gerecht,

603 1615 92 31 drum
718 1616 51 31 ritt
791 1616 49 31 ich
864 1626 57 21 aus
947 1615 72 32 dem
1042 1615 129 31 finstren
1195 1614 81 31 Tor:

600 1678 38 21 zu
661 1668 135 32 meinem
821 1668 78 31 Gott
923 1668 85 31 wollt
1031 1668 49 31 ich
1103 1676 111 31 empor
1237 1684 45 4 —

692 1720 65 31 und
781 1720 58 30 sah
864 1720 49 31 die
936 1719 155 32 blühende
1114 1717 110 33 Heide.

1468 1208 76 31 Hier
1567 1208 83 30 lacht
1673 1208 81 31 mich
1778 1208 75 31 alles
1877 1208 130 31 fröhlich
2032 1219 48 27 an,

1467 1259 66 32 hier
1556 1259 88 32 werd
1666 1259 49 32 ich
1737 1259 92 38 Kind,
1853 1260 66 31 hier
1942 1259 88 32 werd
2053 1260 49 31 ich
2125 1262 106 37 Mann,

1467 1311 66 31 hier
1555 1311 53 32 bin
1632 1312 48 30 ich
1703 1311 68 31 klar
1793 1312 64 31 und
1881 1312 93 31 deute
1998 1312 83 31 nicht

1468 1363 63 32 und
1554 1367 122 28 träume
1699 1374 59 22 nur
1779 1364 43 31 im
1844 1363 142 43 goldnen
2011 1364 98 38 Licht,

1559 1416 66 31 hier
1649 1416 52 31 bin
1723 1416 49 31 ich
1795 1417 56 30 frei
1875 1427 77 21 vom

1467 1513 75 32 Und
1566 1524 34 21 er
1623 1514 85 42 singt
1731 1513 63 32 und
1818 1513 83 32 lacht
1924 1513 64 33 und
2011 1514 84 31 lacht
2118 1513 63 33 und
2204 1513 91 42 singt,

1467 1564 59 32 das
1550 1565 262 42 Torenglöcklein
1835 1566 74 31 leise
1931 1566 99 40 klingt
2053 1584 46 5 —

1467 1617 64 31 und
1554 1617 116 32 wieder
1693 1618 49 31 ein
1766 1617 135 32 schriller
1925 1617 210 32 Rebhahnruf

1467 1668 29 31 in
1520 1669 112 31 Rosen
1655 1670 164 41 gedämpft
1842 1670 56 31 des
1923 1670 158 31 Röfsleins
2105 1670 70 31 Huf
2196 1688 44 4 —

1560 1721 64 31 und
1647 1722 90 30 weite
1760 1722 155 31 blühende
1939 1722 102 31 Heide
2065 1748 6 5 .
2096 1748 6 6 .
2127 1747 6 6 .

1170 1933 137 47 DER
1347 1934 415 47 EINSIEDLER

992 2078 35 32 In
1051 2078 116 32 meiner
1191 2077 149 32 Schlucht
1364 2077 42 32 da
1428 2077 65 34 lebt
1516 2078 83 33 sichs
1622 2079 94 38 wohl,

993 2130 43 31 da
1058 2130 40 31 ist
1121 2129 57 32 der
1200 2129 79 31 liebe
1303 2130 79 31 Gott
1405 2130 31 32 in
1459 2131 65 38 mir,

993 2182 56 32 der
1072 2182 74 42 Tag
1170 2182 78 31 wird
1272 2182 57 31 mir
1351 2193 55 20 zur
1428 2183 166 42 Ewigkeit,

993 2234 49 31 die
1066 2235 61 30 den
1152 2233 174 32 Gedanken
1351 2235 57 30 mir
1431 2235 123 41 gebiert

992 2287 65 31 und
1081 2287 46 30 oft
1151 2286 48 31 ein
1222 2285 117 32 kleines
1363 2287 150 32 frommes
1538 2287 177 33 Abendlied
1740 2313 7 7 .
1768 2313 6 6 .
1795 2313 6 6 .

993 2384 34 30 In
1052 2384 117 30 meiner
1191 2382 149 32 Schlucht
1364 2384 42 31 da
1430 2384 64 32 lebt
1517 2384 82 32 sichs
1623 2385 92 38 wohl,

993 2434 42 31 da
1058 2435 52 31 bin
1134 2435 56 37 ich,
1214 2435 126 41 grofser
1364 2436 86 39 Gott,
1474 2436 30 32 in
1527 2437 70 31 Dir!

992 2487 60 31 Die
1075 2486 157 42 Ewigkeit
1256 2486 78 32 wird
1358 2488 58 31 mir
1440 2499 72 20 zum
1535 2488 138 38 Rausch,

992 2549 38 20 zu
1054 2538 102 31 einem
1177 2538 119 42 seligen
1318 2540 199 40 Augenblick

992 2590 54 32 Ich
1069 2590 105 31 sterbe
1198 2615 5 6 .
1224 2615 5 6 .
1250 2616 5 5 .
1279 2591 141 32 lächelnd
1444 2617 6 6 .
1472 2618 6 6 .
1498 2617 7 6 .
1527 2592 66 32 und
1616 2592 58 32 das
1699 2593 127 31 Weltall
1850 2593 90 31 stirbt
1964 2619 5 5 .
1991 2619 5 5 .

1986 2677 82 28 Hans
2088 2678 157 27 Benzmann

1543 2869 0 0 102
