2605 3322
249 346 294 44 Butterblumenblätter,
582 361 49 30 die,

250 394 50 19 wie
311 391 109 31 Böcklin
434 407 25 16 es
472 399 55 26 hier
538 401 95 35 gemalt

250 425 53 33 hat,
328 434 65 26 auch
417 445 32 17 an
469 438 164 28 senkrechten

250 464 106 33 Flächen
370 476 128 28 wachsen.
526 479 107 27 Endlich

252 505 52 33 (bei
309 507 25 36 c)
339 519 73 20 unter
417 515 217 41 Blättergruppen,

253 543 39 27 die
300 548 195 44 cichorienartig
504 559 130 31 wachsen,

253 584 22 24 d-
290 584 26 27 h.
330 597 46 19 um
391 593 73 28 einen
476 597 94 31 Punkt,
581 598 55 26 und

254 630 53 20 mer
331 636 32 19 an
390 631 44 28 der
469 635 167 29 senkrechten

373 670 172 41 überhängen.
583 679 52 25 Das

255 701 163 35 Lattichblatt
432 722 15 16 x
458 715 57 26 will
526 716 110 27 Böcklin

255 743 63 30 grün
333 748 82 28 malen
434 754 54 25 und
505 754 44 27 das
565 758 71 24 Grün

255 781 67 27 dann
336 785 79 30 durch
430 800 77 26 graue
521 795 93 26 Blätter
630 794 52 27 und
696 793 89 28 weifse
800 793 89 28 Blüten
903 792 114 27 mildern.

314 823 57 28 Den
386 829 103 29 Dichter
504 833 70 27 hatte
588 835 109 26 Böcklin
711 834 113 26 dadurch
837 833 76 26 näher
928 831 127 36 gebracht,
1069 829 56 27 dafs

255 865 26 16 er
300 869 71 21 unter
391 869 66 27 seine
476 872 72 27 Füfse
566 875 56 26 eine
640 874 189 36 Steinplatte
848 871 76 27 malte
941 871 54 26 und
1013 870 113 26 dadurch

256 898 49 26 den
319 902 85 30 Boden
420 911 66 26 nach
504 913 89 27 hinten
611 912 209 28 zurückdrückte.
852 911 47 26 Die
917 910 79 27 Platte
1015 909 111 26 erschien

258 943 13 16 a
273 945 41 19 °er
332 948 57 22 stets
408 948 35 26 als
457 950 101 29 Plinthe
576 953 54 27 und
648 953 44 27 der
706 954 101 25 Kontur
820 950 93 28 wirkte
934 949 61 26 eben
1013 958 28 17 so
1060 948 66 31 hart,

258 978 34 23 als
311 978 43 29 der
368 983 43 28 der
425 995 73 21 roten
512 992 84 27 Beine.
617 996 30 23 Es
662 995 69 25 wäre
746 992 56 27 aber
816 990 136 35 unrichtig,
968 989 55 25 eine
1037 987 90 27 andere

275 1024 54 20 °rm
349 1031 28 16 so
397 1029 120 33 sprechen
537 1042 31 16 zu
587 1032 88 33 lassen,
700 1032 52 26 wie
772 1031 47 26 den
837 1028 65 27 Fufs.
934 1027 108 27 Böcklin
1060 1026 68 27 wird

310 1066 24 17 er
349 1063 62 27 Gras
426 1066 79 29 dahin
520 1071 94 31 malen,
632 1072 43 27 das
694 1072 36 25 im
745 1072 101 25 Kontur
863 1069 72 25 nicht
953 1077 28 16 so
1001 1068 55 25 hart
1073 1066 55 26 und

259 1100 150 29 wesentlich
425 1105 176 42 (körperhaft)
616 1111 88 28 wirkt.

317 1137 188 37 Senkrechte
526 1151 112 26 Linien
664 1152 83 26 hinter
768 1149 67 26 einer
858 1147 76 36 Figur
957 1145 56 27 sind
1038 1146 90 25 immer

260 1178 33 18 Vo
294 1182 15 40 ',
310 1180 20 21 te
332 1180 88 33 'maft,
442 1185 32 27 da
494 1187 42 28 die
557 1191 138 36 geringste,
720 1189 88 27 feinste
830 1189 145 33 Bewegung
993 1183 135 39 sprechend

261 1214 53 24 und
328 1214 214 47 bedeutungsvoll
556 1230 89 31 wirkt,
664 1228 123 29 während
806 1227 34 26 sie
854 1225 125 26 zwischen
995 1224 133 36 bewegten

277 1258 87 24 orrnen
380 1258 126 42 befangen
521 1268 62 28 oder
598 1279 44 27 gar
656 1268 62 28 steif
728 1268 121 27 aussehen
862 1265 97 26 würde.

322 1295 33 26 So
376 1298 43 28 hat
434 1304 108 29 Böcklin
558 1309 41 25 die
615 1311 76 34 Figur
710 1308 42 26 des
767 1306 114 27 Dichters
901 1304 39 36 (in
959 1302 48 27 fast
1027 1301 103 38 gerader

313 1332 61 40 lung
396 1341 47 26 mit
465 1343 50 29 fast
536 1348 164 27 senkrechten
719 1346 97 36 Falten)
835 1345 127 26 zwischen
979 1341 152 27 Senkrechte

263 1372 105 33 gestellt,
383 1381 127 30 wodurch
526 1387 33 25 sie
575 1389 89 25 immer
679 1385 135 29 lebensvoll
830 1384 118 28 aussehen
962 1381 75 27 wird.

321 1412 61 28 Beso
383 1426 17 17 n
402 1418 15 26 d
419 1429 37 18 ers
468 1427 104 35 günstig
583 1428 34 25 sei
628 1438 25 16 es
665 1428 90 30 auch,
769 1426 49 26 bei
831 1425 138 25 Porträts
981 1420 150 27 Senkrechte

265 1451 179 41 anzubringen,
464 1465 128 28 wodurch
610 1467 40 27 die
669 1467 96 27 leiseste
783 1467 144 33 Bewegung
946 1462 34 25 im
999 1459 74 36 Kopf
1088 1468 44 17 zur

314 1495 44 22 tun
360 1503 16 25 g
392 1495 109 34 kommt.
532 1506 52 26 Der
598 1508 127 29 Schatten,
740 1506 49 27 den
803 1504 40 26 die
857 1504 72 35 Figur
945 1499 47 28 auf
1002 1499 47 26 den
1064 1499 69 25 Stein

264 1532 38 18 Wl
351 1532 160 36 (schwacher
522 1544 196 39 Halbschatten)
734 1544 68 28 mufs
813 1542 115 27 ziemlich
939 1540 89 26 zuletzt
1038 1537 95 37 gemalt

267 1572 36 56 iTI
331 1592 45 36 h'
393 1575 33 26 da
469 1581 29 25 de
513 1584 65 26 Verä
581 1585 114 37 nderung
709 1587 36 24 im
758 1591 72 20 roten
846 1580 116 29 Gewand
980 1579 45 26 ihn
1038 1577 95 27 wieder

280 1678 6 7 .
304 1682 6 10 ,
332 1687 16 17 p
350 1658 22 17 le
393 1654 181 39 Felswand,
592 1666 83 24 sowie
694 1664 40 26 die
748 1663 82 26 Steine
852 1660 77 38 (auch
948 1658 55 30 den,
1022 1654 48 29 auf
1085 1654 49 28 den

268 1722 50 21 vA
350 1698 13 36 ?
366 1693 82 28 trarka
459 1701 100 36 stützt),
570 1703 44 26 hat
625 1703 108 26 Böcklin
745 1704 26 24 in
782 1699 132 29 einfachen
926 1698 104 27 Flächen
1042 1695 93 37 gemalt

345 1728 79 31 durch
448 1737 79 28 Moos
551 1751 28 18 u.
599 1743 51 35 dgl.
675 1743 83 25 Leben
782 1738 213 38 hineingebracht.
1027 1734 107 28 Böcklin

385 1770 43 28 daS
443 1776 90 28 Gliede
534 1789 30 17 rn
578 1781 42 27 der
630 1782 84 27 Steine
727 1781 89 27 mache
830 1781 54 25 sich
898 1778 48 26 fast
960 1778 41 26 nie
1012 1781 55 31 gut,
1082 1773 53 27 und

327 1807 88 57 Reisen
430 1822 24 16 se
456 1815 41 27 ien
512 1818 91 29 darum
617 1821 80 27 kaum
711 1831 30 17 zu
756 1820 90 27 malen.

268 1878 54 25 Und
353 1854 24 17 er
395 1850 120 32 Schatten
533 1859 69 27 mufs
622 1860 102 27 einfach
745 1859 51 27 und
818 1859 143 35 frischgrün
985 1854 152 29 erscheinen,

270 1914 25 26 St
312 1918 5 4 .
345 1886 98 31 danach
465 1896 34 25 sei
519 1897 44 28 der
581 1900 182 36 Vordergrund
781 1898 177 27 einzurichten.
986 1897 51 24 Der
1055 1892 84 38 grofse

270 1953 47 28 Mo
322 1929 15 16 11
357 1931 31 20 stl
390 1936 64 21 mmt
472 1935 81 29 schon
576 1939 55 26 sehr
651 1947 47 29 gut
720 1941 47 25 mit
787 1939 79 26 seiner
884 1933 255 39 weifsgelbvoiletten

302 1964 117 29 oosrarbe
428 1979 80 29 gegen
515 1975 44 27 das
570 1978 188 28 dunkelfrische
766 1981 72 25 Grün
849 1977 67 27 beim
927 1973 213 29 herabrieselnden

274 1997 61 26 Was
337 2009 37 19 ser
388 2015 32 17 an
435 2009 42 28 der
492 2014 139 32 Felswand.

272 2074 54 26 stof
391 2046 18 24 B
411 2057 16 15 °
430 2048 48 29 den
493 2055 66 26 mufs
571 2057 97 28 dunkel
679 2058 129 27 erdfarben
819 2054 87 30 scharf
917 2064 78 27 gegen
1007 2053 39 27 die
1057 2052 83 27 Steine

274 2118 15 12 o
291 2121 13 9 P
305 2113 13 17 f
323 2085 10 17 S
333 2116 15 14 u
349 2089 16 16 n
388 2087 52 26 Und
460 2099 49 19 nur
528 2096 129 28 vielleicht
674 2097 82 27 durch
774 2098 41 26 ein
833 2106 58 24 paar
909 2093 124 37 hellgelbe
1050 2091 91 28 herab-

411 2126 93 31 Blätter
519 2132 82 30 belebt
615 2138 113 26 werden.

272 2190 57 28 will
404 2201 13 19 U
439 2167 119 32 herunter
572 2185 42 16 am
625 2177 74 26 Rand
714 2177 41 26 des
769 2176 82 26 Bildes
867 2174 65 38 (und
943 2170 199 37 vorkommend)

274 2227 64 31 Blatt
356 2210 29 39 l°
388 2211 12 16 C
478 2211 165 31 Waldrebe
664 2217 92 30 malen,
780 2216 40 26 die
841 2215 47 26 mit
909 2214 71 26 ihren
1001 2210 142 39 spielenden

273 2273 85 26 macht
420 2247 51 26 Und
487 2250 91 28 Bluten
596 2254 48 27 den
659 2257 35 25 La
697 2256 63 26 ttich
774 2262 79 20 unten
867 2264 30 17 zu
912 2251 102 38 grofsen
1028 2251 116 27 Pflanzen

700 2339 21 28 *

275 2423 57 30 eine
474 2414 49 18 om
529 2416 15 28 P
550 2411 77 26 ositi
634 2422 47 17 on.
696 2412 95 32 Weifs,
800 2416 52 23 Rot
863 2411 54 28 und
927 2414 72 25 Grün
1011 2411 34 26 sei
1056 2410 90 26 immer

275 2470 49 13 nnn
325 2440 42 43 i^
368 2442 13 17 U
377 2474 10 9 ,
383 2441 23 20 te
423 2440 14 24 F
438 2441 263 42 arbenkomposition.
724 2455 30 24 Es
765 2452 100 27 bleiben
876 2452 81 26 einem
968 2450 73 27 dabei
1056 2450 91 25 immer

275 2470 16 17 n
294 2470 49 24 °ch
357 2472 86 32 Mittel
459 2481 73 32 übrig

278 2539 71 33 härm
424 2556 14 17 u
542 2535 40 17 Cm
597 2538 32 17 an
631 2529 68 27 deres
713 2531 65 30 Mal,
792 2532 65 26 zwei
871 2530 91 27 Farben
976 2529 66 26 seien
1056 2528 90 26 immer

276 2579 89 27 MifcW|
370 2560 15 17 n
443 2577 6 7 *
482 2562 53 26 Erst
558 2575 78 19 wenn
657 2569 40 26 die
719 2570 74 26 dritte
813 2571 127 31 dazutritt,
968 2568 69 28 kann
1061 2577 24 16 es
1106 2567 41 26 ein

327 2595 91 33 «lang
432 2600 112 33 werden,
559 2606 53 26 wie
625 2607 28 26 in
667 2608 43 26 der
724 2610 98 27 Musik.

422 2672 5 5 .
442 2641 106 27 entende
550 2653 16 16 n
585 2646 95 27 Farben
697 2649 94 35 spricht
806 2648 150 36 Zeichnung
973 2647 54 27 und
1045 2645 86 27 Model-

361 2676 17 26 -8
402 2675 71 27 mcht
498 2689 25 16 se
524 2681 38 28 hr.
598 2686 34 25 So
658 2687 65 27 auch
746 2688 163 37 umgekehrt:
934 2688 61 27 Eine
1018 2685 77 28 Farbe
1117 2686 33 25 ist

1199 356 145 30 leuchtend,
1358 363 77 18 wenn
1448 353 41 26 die
1504 351 148 35 Zeichnung
1667 350 70 26 darin
1752 349 71 26 nicht
1841 346 55 28 sehr
1910 346 102 37 spricht,
2029 362 34 4 —

1200 396 43 27 das
1258 396 130 26 Leuchten
1401 393 98 28 verliert
1514 391 39 27 bei
1567 401 30 17 zu
1611 389 94 28 starker
1719 385 304 36 Formendurchbildung.

1259 437 34 25 So
1318 445 20 17 z.
1354 436 25 26 B.
1404 434 65 26 sieht
1494 441 60 17 man
1575 431 28 26 in
1625 430 82 26 einem
1731 427 107 28 weifsen
1862 426 86 26 Hemd
1972 424 95 37 wenig,

1201 474 123 28 während
1338 484 60 17 man
1412 474 36 26 im
1459 470 73 38 Kopf
1543 469 114 28 daneben
1671 468 48 27 alle
1729 469 105 26 Formen
1845 465 68 28 stark
1925 464 143 27 modelliert

1201 515 72 26 sieht.

1551 567 43 16 21.
1608 555 50 35 Juli
1675 556 44 26 66.

1262 613 48 25 Die
1329 617 77 21 erste
1421 610 76 27 Villa
1518 619 46 17 am
1585 611 84 23 Meer
1688 607 40 26 bei
1746 604 98 29 Schack
1862 603 53 37 (die
1932 601 136 36 dunklere)

1202 653 70 26 hatte
1287 650 108 27 Böcklin
1410 650 46 26 mit
1470 648 160 28 Weihrauch
1645 647 50 26 und
1712 646 113 36 Sandrog
1842 644 104 37 gemalt,
1965 642 39 26 die
2023 642 47 24 mit

1203 694 104 24 Wasser
1327 689 135 27 vermischt
1484 689 26 26 in
1532 688 40 27 die
1597 687 73 26 Farbe
1692 686 127 27 verrieben
1842 683 116 27 wurden.
1992 681 78 27 Nach

1203 730 166 35 Vollendung
1390 729 40 26 des
1453 728 80 26 Bildes
1559 726 100 27 tränkte
1685 736 26 16 er
1735 735 24 16 es
1783 726 47 24 mit
1853 721 217 39 geschmolzenem

1205 771 107 29 Wachs,
1332 769 42 26 das
1393 768 114 36 sogleich
1526 766 120 37 eindrang
1665 765 54 27 und
1738 765 46 26 mit
1802 765 83 25 einem
1902 765 102 34 Lappen
2018 770 41 17 ver-

1205 809 84 27 rieben
1305 809 60 26 oder
1381 808 89 36 poliert
1485 806 105 31 wurde,
1604 804 127 28 wodurch
1746 814 23 16 es
1789 804 73 25 einen
1880 801 99 27 sanften
1994 800 79 26 Glanz

1206 848 52 27 und
1283 848 55 26 eine
1359 847 95 27 schöne
1475 846 117 34 Qualität
1616 844 96 26 erhielt.
1747 842 108 28 Böcklin
1881 842 97 25 konnte
2003 840 71 26 nicht

1205 886 137 39 begreifen,
1366 886 55 27 dafs
1443 886 39 26 bei
1506 886 95 26 diesem
1625 884 55 26 Bild
1699 890 80 19 etwas
1798 881 147 37 abspringen
1967 879 106 30 konnte,

1206 928 66 25 denn
1287 927 54 26 eine
1355 926 84 26 kleine
1454 926 88 29 Probe,
1561 925 41 26 die
1616 933 26 16 er
1655 933 42 17 zur
1711 922 116 37 gleichen
1840 921 55 27 Zeit
1909 920 94 36 gemalt
2022 919 53 25 und

1207 974 58 19 stets
1283 967 27 25 in
1330 966 95 26 seinem
1439 965 111 26 Zimmer
1564 964 100 35 hängen
1680 963 79 29 hatte,
1779 962 45 25 hat
1842 960 53 26 sich
1914 956 161 30 vortrefflich

1207 1006 113 26 erhalten
1338 1006 79 36 (seine
1435 1006 72 29 Frau,
1526 1004 27 26 in
1573 1003 154 27 schwarzem
1746 1000 108 27 Schleier
1872 999 52 26 und
1942 997 48 28 auf
2005 997 57 37 gelb-

1208 1046 122 26 blondem
1344 1044 114 36 Grund).

1268 1084 107 27 Böcklin
1395 1083 91 28 wurde
1509 1082 82 26 durch
1619 1081 55 27 eine
1696 1078 94 28 Schrift
1810 1088 52 17 von
1883 1077 109 26 Didier
2016 1075 62 27 über

1208 1125 82 26 Harze
1311 1124 54 26 und
1384 1123 64 26 Oele
1467 1132 31 16 zu
1518 1121 83 27 diesen
1619 1119 105 27 Studien
1743 1124 133 30 angeregt,
1899 1117 41 26 die
1962 1125 26 17 er
2006 1115 71 36 (jetzt

1208 1163 82 28 durch
1305 1162 97 27 Schack
1416 1161 143 38 gehindert)
1575 1163 81 34 später
1669 1158 134 27 fortsetzen
1818 1157 65 27 will.

1268 1202 109 27 Böcklin
1395 1202 45 26 hat
1458 1202 40 25 die
1516 1200 117 29 Ansicht,
1655 1197 55 27 dafs
1728 1198 52 26 wie
1797 1196 49 27 auf
1863 1196 41 26 die
1921 1194 90 28 Musik
2032 1194 45 26 das

1209 1242 112 31 Klavier,
1342 1251 29 17 so
1390 1240 49 28 auf
1456 1240 41 27 die
1515 1242 100 24 Kunst
1636 1238 43 26 das
1698 1236 164 27 Oelmalen
1882 1236 72 25 einen
1976 1233 102 37 grofsen

1210 1282 155 36 einseitigen,
1385 1282 26 25 in
1426 1280 119 27 mancher
1563 1279 142 34 Beziehung
1723 1286 73 26 sogar
1809 1274 190 27 verflachenden
2018 1273 45 26 Ein-

1210 1321 58 26 flufs
1283 1320 123 36 ausgeübt
1421 1320 71 26 habe.
1515 1319 50 26 Seit
1579 1317 140 35 Erfindung
1732 1315 43 26 der
1790 1314 150 27 Oelmalerei
1955 1314 44 26 hat
2012 1312 67 27 diese

1211 1359 50 28 auf
1280 1360 216 26 Kunstansichten
1520 1357 54 27 und
1597 1353 233 39 Kunstgeschmack
1851 1353 149 27 wesentlich
2024 1361 42 17 ver-

1211 1399 111 27 ändernd
1341 1398 118 36 gewirkt.
1492 1400 32 24 So
1544 1397 86 26 macht
1648 1406 20 17 z.
1680 1398 26 25 B.
1725 1395 44 26 das
1787 1393 136 27 lasierende
1940 1390 140 28 Verfahren

1211 1439 68 26 beim
1294 1439 134 25 Oelmalen
1439 1438 54 26 eine
1508 1437 74 35 lange
1594 1434 188 28 vorbereitende
1792 1433 192 36 Manipulation
1998 1431 83 36 nötig,

1211 1478 41 27 die
1272 1478 39 26 bei
1330 1478 108 26 anderen
1452 1477 153 26 Malweisen
1623 1474 135 37 abgekürzt
1774 1472 76 28 wird.
1881 1475 51 23 Das
1952 1470 130 27 erwähnte

1211 1517 123 27 Bildchen
1348 1517 78 26 seiner
1440 1518 62 25 Frau
1515 1516 44 26 hat
1570 1514 109 27 Böcklin
1692 1515 27 24 in
1733 1513 68 26 einer
1814 1512 93 26 Stunde
1922 1510 92 37 gemalt
2028 1509 55 27 und

1212 1557 49 26 mit
1275 1557 97 26 Wachs
1388 1556 149 36 überzogen,
1553 1555 55 26 also
1623 1552 154 36 vollständig
1791 1550 75 38 fertig
1880 1551 125 36 gemacht.

1566 1649 41 26 23.
1620 1639 50 35 Juli
1687 1640 44 26 66.

1275 1698 59 24 Von
1353 1695 78 26 dieser
1448 1692 213 29 Harzmalerei
1681 1692 42 26 des
1741 1689 174 28 Schackschen
1937 1688 130 38 Iphigenia-

1215 1735 79 26 bildes
1310 1735 82 36 (Villa
1407 1744 40 16 am
1461 1736 81 28 Meer;
1562 1732 109 27 Böcklin
1691 1732 44 25 hat
1754 1731 54 26 sich
1824 1730 27 26 in
1866 1729 42 26 der
1922 1727 161 27 Trauernden

1216 1774 50 26 den
1290 1775 90 26 letzten
1404 1772 84 38 Sprofs
1514 1773 67 25 einer
1604 1771 67 27 alten
1699 1770 102 27 Familie
1829 1768 120 37 gedacht)
1978 1767 106 26 erzählte

1216 1814 110 26 Böcklin
1340 1815 48 25 mir
1402 1814 68 26 noch
1484 1811 142 37 folgendes:

1278 1854 49 26 Die
1340 1851 137 28 Farbstoffe
1492 1851 104 27 werden
1610 1850 47 26 mit
1668 1848 161 27 Weihrauch
1842 1846 54 26 und
1907 1845 114 36 Sandrog
2032 1854 42 17 ver-

1217 1892 105 27 mittelst
1334 1894 103 25 Wasser
1452 1891 50 27 auf
1512 1891 47 26 den
1570 1889 128 27 Reibstein
1712 1886 123 39 gerieben.
1862 1886 39 26 Sie
1915 1885 102 27 werden
2032 1884 54 26 teils

1219 1938 84 31 pastos
1316 1931 152 37 (meistens),
1477 1931 54 26 teils
1543 1929 121 27 lasierend
1675 1927 143 27 verwendet
1829 1925 54 27 und
1896 1935 59 16 man
1966 1924 68 26 kann
2045 1924 42 30 sie,

1219 1981 29 17 so
1262 1971 75 37 lange
1351 1971 40 26 die
1402 1970 74 27 Farbe
1489 1970 69 27 noch
1572 1969 87 26 feucht
1674 1969 39 28 ist,
1724 1966 64 26 nach
1799 1964 113 27 Belieben
1927 1964 47 26 mit
1984 1965 105 25 Wasser

1220 2010 154 32 verdünnen,
1399 2011 65 26 auch
1484 2010 66 25 nach
1568 2008 114 27 Belieben
1700 2007 46 25 mit
1770 2005 66 26 allen
1855 2004 93 26 Farben
1967 2002 121 28 lasierend

1221 2051 62 27 oder
1301 2050 114 27 deckend
1430 2048 138 28 verfahren.
1599 2050 33 24 Ist
1652 2047 40 26 die
1705 2045 75 27 Farbe
1797 2043 49 28 auf
1862 2044 42 25 der
1918 2043 93 26 Palette
2030 2041 58 27 aber

1222 2091 93 26 einmal
1329 2089 189 37 angetrocknet,
1533 2097 27 17 so
1572 2086 67 28 wird
1653 2087 34 26 sie
1702 2085 127 27 steinhart.
1851 2085 34 24 So
1896 2083 65 26 auch
1973 2080 50 29 auf
2029 2082 60 25 dem

1222 2129 70 28 Bilde
1306 2129 52 27 und
1372 2140 69 17 zwar
1454 2139 28 16 so
1497 2129 65 29 hart,
1576 2127 53 25 wie
1642 2124 49 28 auf
1701 2126 82 25 einem
1797 2124 66 26 alten
1875 2123 78 29 Bilde,
1967 2121 61 28 weil
2040 2121 48 26 alle

1222 2168 174 38 Feuchtigkeit
1410 2168 94 28 schnell
1519 2167 123 29 entflieht,
1661 2164 122 28 während
1798 2163 41 26 ein
1854 2162 102 27 Oelbild
1971 2162 34 25 sie
2020 2161 68 26 noch

1223 2209 63 27 viele
1299 2208 72 36 Jahre
1384 2208 62 26 hält.
1467 2209 25 33 Je
1507 2206 85 27 dicker
1606 2215 60 17 man
1680 2204 71 30 malt,
1767 2203 69 26 desto
1851 2202 72 27 mehr
1937 2201 97 36 schlägt
2049 2200 40 26 die

1223 2249 75 27 Farbe
1316 2249 50 29 ein,
1388 2248 89 26 darum
1495 2245 111 28 feuchtet
1627 2254 60 17 man
1707 2244 44 26 das
1770 2241 56 27 Bild
1846 2251 51 17 von
1918 2240 89 27 hinten
2028 2239 61 27 oder

1223 2298 53 18 von
1296 2298 65 16 vorn
1378 2289 47 25 mit
1444 2289 104 24 Wasser
1566 2285 96 27 wieder
1680 2294 41 19 an,
1740 2281 124 28 wodurch
1884 2290 24 16 es
1928 2279 87 27 feucht
2037 2278 52 27 und

1225 2328 78 27 frisch
1316 2328 144 26 heraustritt
1476 2326 51 26 und
1542 2325 40 25 die
1597 2323 82 32 Farbe,
1694 2323 40 26 die
1748 2331 60 17 man
1823 2319 161 31 daraufmalt,
2000 2320 90 25 immer

1225 2368 27 26 in
1266 2367 141 27 Harmonie
1422 2366 86 27 bleibt.
1539 2365 47 26 Die
1602 2362 163 38 getrocknete
1780 2360 148 26 Oberfläche
1946 2360 73 29 sieht,
2038 2358 51 25 wie

1226 2407 67 27 auch
1303 2406 40 27 bei
1354 2407 81 26 einem
1446 2404 224 37 ausgetrockneten
1679 2400 116 28 Oelbilde
1807 2404 85 33 porös,
1902 2400 52 25 wie
1961 2397 129 27 Bimsstein

1227 2456 51 17 aus.
1299 2449 34 23 Ist
1343 2446 47 26 mit
1402 2445 41 27 der
1454 2445 55 26 Zeit
1520 2444 79 26 schon
1610 2443 47 26 viel
1669 2442 73 26 Farbe
1754 2439 47 27 auf
1808 2439 43 26 das
1862 2439 56 25 Bild
1929 2437 161 36 gekommen,

1227 2497 28 16 so
1274 2486 91 26 nehme
1380 2495 58 16 man
1459 2485 52 25 sich
1531 2484 27 25 in
1572 2483 81 29 Acht,
1671 2480 102 27 feuchte
1790 2479 89 26 hinten
1896 2477 51 26 und
1966 2486 64 17 vorn
2048 2475 42 25 das

1227 2526 56 26 Bild
1298 2535 30 16 an
1343 2525 53 26 und
1408 2530 79 21 warte
1502 2523 55 26 eine
1567 2521 102 34 Weile;
1683 2521 67 26 denn
1765 2519 42 25 das
1819 2519 104 24 Wasser
1935 2516 90 26 würde
2039 2523 52 17 von

1227 2566 90 26 hinten
1330 2574 47 17 nur
1391 2564 41 26 die
1446 2569 109 20 unterste
1566 2561 102 27 Schicht
1679 2559 73 27 Farbe
1767 2555 118 29 auflösen
1898 2555 53 27 und
1963 2555 41 25 die
2017 2553 75 26 obere

1228 2604 92 28 würde
1334 2604 53 27 sich
1402 2601 92 29 darauf
1504 2601 124 26 schieben.

1288 2644 62 26 Wie
1361 2643 66 27 oben
1437 2648 94 31 gesagt,
1543 2643 119 23 erwärmt
1674 2648 67 20 man,
1752 2635 124 27 nachdem
1886 2632 59 27 alles
1956 2631 136 31 vollendet,

1230 2684 43 26 das
1294 2683 56 26 Bild
1368 2681 147 28 vermittelst
1538 2680 69 26 einer
1627 2678 87 26 Röhre
1738 2685 43 18 aus
1806 2674 83 26 einem
1911 2670 181 32 Kohlenfeuer,

1272 2880 0 0 113
