3561 4432
1765 169 111 55 246

210 318 89 49 den
331 318 346 71 hauptsächjich
720 334 89 32 nur
838 333 86 34 von
956 318 229 51 Männern
1220 335 257 51 gesungen,
1521 328 137 42 unter
1688 320 52 50 de-

212 414 89 33 nen
332 414 106 33 man
468 398 116 49 aber
617 396 225 51 ebenfalls
879 398 174 51 schöne
1082 399 226 51 Stimmen
1340 399 158 51 findet.
1555 399 184 52 Charak-

210 476 225 51 teristisch
467 476 94 50 und
602 478 106 48 echt
745 476 207 51 national
995 478 102 51 sind
1126 478 73 49 die
1225 478 170 49 Lieder
1425 479 82 48 der
1538 479 228 51 Mädchen

211 573 82 33 aus
321 555 105 51 dem
459 555 166 59 Volke,
655 555 72 50 die
757 556 165 67 irgend
953 558 103 51 eine
1087 558 261 51 bestimmte
1373 559 165 50 Arbeit
1567 560 178 49 verrich-

211 643 74 43 ten
318 635 94 50 und
442 635 146 51 damit
616 636 73 50 ihr
715 636 125 51 Brod
870 638 273 58 verdienen;
1172 638 138 51 dahin
1336 639 208 65 gehören
1569 639 73 50 die
1665 640 79 50 Lie-

212 715 82 50 der
325 715 82 50 der
438 716 585 68 Guitarrenspielerinnen,
1065 718 73 49 die
1166 718 73 49 die
1275 719 141 50 Stelle
1454 719 84 48 der
1568 720 174 50 Harfen-

212 794 226 51 mädchen
481 795 44 50 in
571 796 320 51 Deutschland
936 795 92 51 und
1065 798 287 49 Frankreich
1399 807 248 52 vertreten,
1691 799 83 50 der

211 874 524 67 Seidenspinnerinnen,
781 877 388 59 Wäscherinnen,
1211 877 300 50 Näherinnen
1557 879 91 48 und
1694 894 80 33 vor

213 955 135 50 Allen
378 954 83 51 der
490 955 447 51 Blumenmädchen.

330 1035 99 49 Auf
452 1034 73 51 die
557 1035 173 68 Frage,
768 1037 60 49 ob
865 1037 82 48 der
976 1035 247 51 keimende
1252 1038 321 66 Umschwung
1615 1038 45 49 in
1690 1037 85 50 der

212 1114 152 50 Musik
410 1114 187 50 Italiens
635 1115 205 50 Früchte
881 1123 165 58 tragen
1092 1114 135 61 wird,
1267 1115 125 50 kann
1437 1133 106 33 man
1576 1133 87 33 nur
1693 1118 82 48 mit

212 1193 105 49 dem
349 1194 377 66 gewöhnlichen:
768 1191 117 61 „Chi
908 1193 40 51 lo
1135 1194 83 51 der
1247 1197 217 49 Italiäner
1496 1204 277 43 antworten.

502 1449 405 59 Normales
971 1452 509 74 Orgelpedal.

335 1603 85 48 Die
451 1603 184 49 Sectio»
669 1604 77 47 für
781 1604 359 50 Kirchenmusik
1183 1605 83 49 auf
1303 1605 104 50 dem
1441 1605 328 67 Congresse

207 1698 61 32 zu
315 1682 261 49 Mecheln
622 1682 194 67 (1864)
858 1685 80 49 hat
975 1684 133 50 einen
1140 1684 244 50 Beschluss
1414 1685 239 67 bezüglich
1686 1685 84 50 der

208 1763 248 48 Annahme
499 1762 129 49 einer
672 1763 388 67 gleichförmigen
1100 1764 283 68 Maassregel
1430 1766 77 48 für
1550 1766 73 49 die
1653 1766 88 48 Ver-

207 1839 235 67 fertigung
473 1842 83 49 der
586 1843 381 50 Pedal-Claviere
1008 1859 57 34 an
1106 1843 82 50 der
1219 1844 147 66 Orgel
1406 1846 184 64 gefasst.
1649 1847 121 48 Dem

209 1918 244 52 Wunsche
495 1920 81 49 der
608 1922 296 66 Mittheilung
943 1922 80 49 des
1056 1923 281 66 Vorschlags
1376 1942 54 31 zu
1463 1924 303 65 allgemeiner

208 2000 250 50 Annahme
495 2003 305 63 entsprechen
835 2003 84 48 wir
942 2020 133 48 gern,
1115 2002 59 49 da
1204 2021 50 32 er
1285 2021 85 32 uns
1398 2004 108 49 sehr
1536 2004 233 66 praktisch

208 2096 53 31 zu
293 2079 95 50 sein
419 2080 189 51 scheint.

330 2158 85 48 Die
439 2158 274 51 Nachtheile
736 2159 82 48 der
842 2159 414 52 Verschiedenheit
1284 2160 81 51 der
1389 2162 381 51 Pedal-Claviere

209 2238 101 48 sind
350 2238 217 49 bekannt.
626 2239 137 50 Diese
797 2239 410 51 Verschiedenheit
1242 2242 56 48 ist
1326 2242 102 49 dem
1460 2243 229 48 Erlernen
1721 2243 44 48 in

209 2317 89 48 den
334 2317 340 63 Orgelschulen
707 2319 255 50 hinderlich
988 2319 94 50 und
1115 2319 266 51 verhindert
1409 2320 65 50 oft
1503 2322 265 65 geschickte

209 2397 301 64 Organisten,
541 2398 92 48 sich
665 2398 84 48 auf
774 2398 148 49 einem
952 2399 140 50 ihnen
1116 2399 208 51 fremden
1351 2402 311 48 Instrumente
1691 2418 48 33 so-

209 2477 150 64 gleich
393 2477 188 49 zurecht
609 2494 55 32 zu
696 2478 171 51 finden.

330 2554 93 50 Vor
475 2554 104 51 dem
635 2557 285 67 Vorschlage
969 2557 146 51 dieses
1166 2559 294 49 Beschlusses
1511 2559 126 50 hatte
1694 2559 72 51 die

208 2634 184 50 Section
435 2635 259 50 zahlreiche
739 2637 406 66 Erkundigungen
1199 2639 280 65 eingezogen
1536 2638 93 51 und
1682 2656 83 33 aus

209 2714 117 48 allen
357 2714 215 50 Ländern
605 2715 301 65 Orgelbauer
938 2717 94 49 und
1061 2718 285 65 Organisten
1379 2718 195 66 befragt.
1633 2719 100 50 Meh-

211 2811 102 31 rere
350 2793 243 51 derselben
639 2795 151 50 haben
821 2797 88 48 den
942 2797 253 66 Sitzungen
1239 2797 80 49 des
1351 2797 281 66 Congresses
1672 2798 73 50 bei-

212 2874 233 64 gewohnt.
506 2875 101 49 Den
651 2875 228 65 gefassten
912 2877 243 49 Beschluss
1200 2877 152 49 haben
1394 2879 64 49 sie
1498 2878 82 48 mit
1615 2878 150 50 ihrem

211 2953 219 48 Ansehen
463 2959 291 52 unterstützt,
793 2957 93 48 und
918 2957 102 48 eine
1049 2973 160 50 grosse
1238 2955 178 51 Anzahl
1447 2957 199 49 anderer
1676 2958 60 50 Or-

209 3032 212 66 ganisten
453 3033 93 48 und
572 3034 468 69 Kunstverständiger
1070 3037 153 49 haben
1252 3037 249 49 schriftlich
1533 3037 100 49 ihre
1665 3038 75 48 Bei-

208 3112 257 66 stimmung
494 3113 230 66 gegeben.

329 3190 86 50 Die
459 3208 406 48 angenommenen
905 3194 380 66 Bestimmungen
1331 3194 92 50 und
1468 3194 269 51 Maass-Ver-

208 3269 216 50 hältnisse
453 3270 99 50 sind
585 3270 243 68 folgende:

332 3349 45 50 1.
407 3350 178 50 Anzahl
616 3352 83 49 der
727 3352 154 51 Noten
914 3353 79 50 für
1020 3354 323 65 gewöhnliche
1373 3354 179 66 Orgeln
1580 3373 61 23 =
1671 3353 91 60 27,

211 3428 77 48 für
318 3446 158 47 grosse
506 3430 179 67 Orgeln
715 3448 62 23 =
806 3430 89 53 30.

330 3507 49 50 2.
410 3509 293 68 Entfernung
734 3513 82 47 der
846 3512 374 49 natürlichen
1251 3513 188 50 Noten
1470 3513 113 50 oder
1608 3514 157 49 Töne

208 3587 338 66 (Untertasten)
564 3606 85 33 von
669 3592 127 47 einer
815 3592 150 48 Achse
984 3608 81 31 zur
1086 3592 204 48 anderen
1307 3611 59 21 =
1384 3592 70 49 65
1483 3593 279 48 Millimeter.

208 3665 227 68 (Folglich
467 3668 56 48 ist
551 3668 74 49 die
654 3686 142 49 ganze
828 3671 157 64 Länge
1016 3671 124 49 eines
1169 3671 372 52 Pedal-Claviers
1573 3672 82 48 mit
1684 3672 70 48 27

207 3747 153 48 Noten
391 3763 86 33 von
508 3745 84 51 der
623 3749 154 49 Achse
814 3749 80 49 der
931 3758 152 42 ersten
1115 3752 120 48 Note
1279 3752 67 48 bis
1388 3770 80 30 zur
1498 3752 151 48 Achse
1680 3752 82 48 der

209 3824 88 50 27.
327 3827 122 49 Note
478 3844 60 22 =
755 3829 317 66 Centimeter.)

326 3904 48 51 3.
405 3907 160 66 Länge
594 3908 84 48 der
708 3908 706 70 Halbton-Erhöhungen
1445 3935 52 20 =
1540 3911 66 52 13
1641 3911 90 50 Cen-

204 3984 201 51 timeter.

325 4064 52 51 4.
423 4064 89 50 Die
557 4065 711 67 Halbton-Erhöhungen
1327 4069 279 50 bekommen
1658 4071 102 48 eine

205 4143 139 49 Höhe
367 4162 85 33 von
478 4144 31 51 5
538 4145 286 50 Centimeter
853 4147 93 48 und
979 4148 150 65 gehen
1154 4148 73 51 25
1252 4149 264 50 Millimeter
1547 4151 118 48 über
1686 4149 73 50 die

205 4224 384 51 natürlichen
628 4225 184 50 Noten
856 4227 180 48 hinaus.

1990 315 48 51 5.
2069 315 365 51 Scheinbare
2462 319 159 65 Länge
2651 316 83 50 der
2766 316 161 51 Claves
2949 334 58 24 =■
3036 316 73 51 60
3134 316 302 58 Centimeter,

1869 396 122 50 ohne
2034 394 74 48 die
2151 402 136 40 unter
2326 395 104 51 dem
2465 398 357 66 Orgelgehäuse
2864 396 116 50 oder
3024 395 82 51 der
3154 395 280 66 Einfassung

1870 475 320 65 verborgenen
2222 474 182 49 Enden.

1992 554 47 49 6.
2071 554 220 65 Neigung
2321 555 82 48 der
2425 555 162 51 Claves
2616 573 148 50 gegen
2796 555 73 50 die
2897 555 255 68 Fussspitze
3177 555 32 50 2
3236 554 85 49 auf
3339 554 91 58 60,

1872 634 114 51 oder
2018 633 233 64 ungefähr
2282 633 34 49 4
2348 635 84 48 auf
2463 634 124 51 100.

1994 714 94 48 Das
2143 729 50 32 so
2250 714 268 67 verfertigte
2587 715 350 50 Pedal-Clavier
3007 714 149 49 erhält
3222 714 214 66 folgende

1877 793 235 64 Stellung:

2000 873 42 48 1.
2085 873 95 48 Das
2220 873 161 48 zweite
2425 871 41 52 C
2499 873 79 49 des
2622 874 376 49 Pedal-Claviers
3041 874 122 49 steht
3206 874 82 48 mit
3330 873 105 49 dem

1874 950 169 50 dritten
2164 950 185 51 cdes
2284 951 373 50 Hand-Claviers
2706 953 83 48 auf
2833 953 245 49 derselben
3129 951 307 50 senkrechten

1874 1031 149 59 Linie,
2062 1048 112 32 was
2216 1033 199 48 immer
2446 1031 90 49 für
2565 1034 130 47 eine
2726 1034 219 47 Anzahl
2978 1034 183 48 Noten
3200 1033 98 49 das
3328 1033 70 48 Pe-

1875 1110 127 50 dal-
2043 1111 141 49 oder
2223 1110 98 50 das
2353 1110 439 50 Hand-Clavier
2833 1111 161 49 habe.
3040 1110 232 67 (Woraus
3304 1111 130 66 folgt,

1873 1190 105 50 dass
2008 1191 72 47 die
2113 1191 151 49 Achse
2292 1191 125 49 eines
2448 1191 369 50 Hand-Claviers
2848 1193 80 47 mit
2961 1191 71 50 54
3057 1193 152 48 Noten
3242 1193 81 48 mit
3354 1191 82 49 der

1877 1270 151 48 Achse
2057 1270 125 48 eines
2213 1269 374 51 Pedal-Claviers
2617 1287 84 31 von
2735 1270 69 50 27
2842 1271 149 47 Noten
3034 1270 400 50 zusammentrifft.

1877 1349 159 51 Wenn
2067 1350 113 48 aber
2209 1350 125 48 eines
2364 1349 82 49 der
2476 1350 207 50 Claviere
2729 1351 132 49 mehr
2897 1351 114 47 oder
3043 1351 207 65 weniger
3279 1351 154 49 Noten

1877 1430 95 56 hat,
1995 1445 49 32 so
2071 1429 112 66 folgt
2206 1429 169 49 daraus
2399 1429 101 49 eine
2523 1430 493 66 Unregelmässigkeit,
3040 1430 72 48 die
3137 1431 120 47 ohne
3280 1430 125 50 Nacb-

1874 1508 109 49 tbeil
2028 1508 56 48 ist
2128 1508 90 49 und
2256 1508 246 67 jedenfalls
2552 1510 82 47 mit
2677 1510 148 48 einem
2875 1510 156 47 Brette
3077 1509 121 48 kann
3245 1509 191 49 maskirt

1875 1588 227 64 werden.)

1994 1666 48 50 2.
2076 1668 95 47 Der
2203 1666 294 50 Vordertheil
2530 1668 96 48 der
2658 1669 294 48 Halbtöne
2983 1668 79 49 des
3093 1675 152 42 ersten
3270 1666 163 50 Hand-

1874 1745 201 51 Claviers
2107 1748 177 47 kommt
2329 1746 82 49 auf
2446 1748 101 48 eine
2577 1748 273 49 senkrechte
2881 1749 130 47 Linie
3055 1748 82 48 mit
3175 1748 105 47 dem
3314 1746 90 49 Vor-

1873 1826 223 50 dertheile
2126 1826 94 49 der
2251 1828 393 65 Erhöhungen
2677 1828 79 48 des
2781 1828 373 49 Pedal-Claviers
3175 1846 52 30 zu
3251 1826 180 59 stehen,

1875 1922 112 33 was
2028 1905 142 50 auch
2213 1905 92 48 die
2345 1906 215 49 Anzahl
2607 1906 100 49 der
2740 1906 477 50 Hand-Claviere
3256 1905 94 50 sei.

1994 1984 48 52 3.
2074 1986 96 49 Der
2193 1985 212 50 Abstand
2433 1986 226 49 zwischen
2691 1986 104 49 dem
2824 1988 175 56 Boden,
3031 1985 186 51 worauf
3241 1985 81 50 das
3345 1986 58 49 Pe-

1874 2064 285 49 dal-Clavier
2199 2065 124 56 ruht,
2367 2065 91 48 und
2493 2065 103 48 dem
2627 2066 290 49 Untertheile
2961 2065 79 48 des
3083 2073 154 42 ersten
3267 2064 166 49 Hand-

1875 2144 202 48 Claviers
2107 2144 54 48 ist
2193 2143 72 50 80
2298 2143 301 57 Centimeter,
2641 2162 111 33 was
2784 2148 142 47 auch
2960 2145 88 48 die
3079 2144 220 51 Anzahl
3330 2144 103 49 der

1874 2223 469 49 Hand-Claviere
2387 2224 94 48 sei.

1992 2303 85 49 Die
2110 2303 361 66 Versammlung
2510 2304 176 66 spricht
2714 2304 86 48 den
2837 2304 213 48 Wunsch
3083 2320 99 41 aus,
3227 2303 103 49 dass
3360 2301 73 51 die

1874 2383 222 56 Kirchen,
2140 2383 141 49 deren
2321 2383 145 66 Orgel
2513 2384 103 48 kein
2664 2384 245 65 passendes
2941 2383 351 49 Pedal-Clavier
3336 2383 97 57 hat,

1873 2460 88 50 den
2002 2463 224 63 geringen
2258 2461 232 50 Aufwand
2535 2463 212 57 machen,
2790 2461 82 50 der
2904 2461 302 67 nothwendig
3237 2461 71 56 ist,
3352 2479 78 32 um

1873 2558 46 32 es
1947 2559 53 31 zu
2032 2541 174 50 ändern
2239 2541 91 50 und
2362 2543 93 48 ihm
2489 2543 72 48 die
2590 2543 121 48 oben
2745 2543 326 48 bezeichneten
3096 2541 334 50 Dimensionen

1870 2638 55 30 zu
1954 2620 168 65 geben.

1991 2700 459 65 Bemerkungen.
2522 2700 88 50 Die
2664 2699 374 49 natürlichen
3097 2699 203 51 Claves
3350 2698 79 50 des

1870 2778 597 58 Muster-Pedal-Claviers,
2498 2779 81 49 das
2602 2797 102 30 vom
2731 2779 260 66 Congresse
3013 2780 273 65 genehmigt
3309 2795 92 32 wor-

1873 2858 85 49 den
1990 2858 72 59 ist,
2093 2858 157 49 hatten
2284 2858 32 49 5
2349 2858 282 49 Centimeter
2672 2860 42 47 in
2757 2859 82 48 der
2872 2859 136 48 Höhe
3039 2859 148 66 gleich
3219 2859 89 48 den
3341 2859 58 48 Er-

1872 2938 269 66 höhungen.
2199 2938 87 48 Die
2330 2938 202 49 Claves
2573 2939 151 50 haben
2758 2939 399 62 Erhöhungen
3196 2955 85 34 von

1872 3016 298 50 Centimeter.
2213 3016 107 49 Ihre
2352 3018 152 48 Breite
2533 3018 56 48 ist
2621 3016 71 50 22
2726 3018 277 48 Millimeter.
3048 3019 58 47 Es
3138 3018 165 48 wurde
3332 3033 65 33 em-

1869 3098 206 66 pfohlen,
2116 3096 86 49 den
2236 3095 203 51 Claves
2483 3098 82 48 der
2596 3098 379 49 Pedal-Claviere
3020 3099 101 47 eine
3152 3116 159 48 grosse
3341 3098 59 47 Fe-

1868 3176 188 65 stigkeit
2075 3194 54 31 zu
2154 3175 151 66 geben
2329 3176 93 49 und
2452 3178 65 48 sie
2546 3178 83 48 mit
2655 3178 188 49 starken
2866 3176 177 68 Zapfen
3073 3194 53 32 zu
3158 3176 272 67 befestigen,

1870 3272 77 31 um
1972 3255 110 66 jede
2110 3255 195 65 schräge
2333 3254 114 51 oder
2475 3255 331 68 schwingende
2838 3256 273 65 Bewegung
3152 3273 53 32 zu
3246 3255 158 50 verhin-

1868 3336 129 49 dern.
2057 3335 328 65 Dessgleichen
2430 3335 116 50 wird
2592 3336 284 67 empfohlen,
2922 3335 380 50 Hand-Claviere
3346 3335 84 50 mit

1869 3413 71 50 56
1977 3414 160 49 Claves
2165 3432 53 31 zu
2251 3415 211 48 machen.

1986 3494 88 50 Die
2123 3494 365 66 Versammlung
2544 3494 80 50 hat
2671 3494 73 50 die
2801 3494 308 66 Stimmgabel
3167 3510 85 32 von
3313 3491 112 53 870

1867 3573 378 66 Schwingungen
2290 3573 45 49 in
2376 3573 127 51 einer
2533 3573 215 49 Secunde
2791 3589 343 46 angenommen
3167 3573 79 48 für
3276 3571 82 50 das

1867 3653 77 49 des
1968 3654 277 50 Orchesters
2277 3653 71 49 bei
2375 3664 53 37 -+-
2461 3653 66 51 15
2554 3651 157 51 Grade
2735 3651 14 65 (
2753 3649 292 71 centigrades
3046 3651 14 68 )
3086 3651 216 53 Wärme.
3331 3653 96 48 Zur

1867 3731 434 67 Beibehaltung
2331 3731 98 50 des
2460 3734 189 48 Tones
2687 3733 55 47 ist
2773 3748 47 32 es
2852 3731 194 68 füglich,
3093 3731 74 50 die
3196 3731 148 67 Orgel
3374 3747 53 33 so

1863 3828 56 32 zu
1947 3811 233 56 stimmen,
2211 3811 103 50 dass
2343 3811 67 51 sie
2441 3811 72 51 bei
2546 3822 52 38 +
2637 3810 67 50 15
2730 3810 156 51 Grade
2913 3811 201 50 Wärme
3142 3811 133 50 ihren
3306 3810 93 50 Nor-

1865 3891 173 50 malton
2071 3890 189 67 habe*).

1966 4070 39 48 *)
2035 4069 231 50 Exemplare
2296 4070 125 37 dieser
2448 4070 321 47 Bestimmungen
2800 4069 153 37 werden
2988 4067 287 49 unentgeltlich
3305 4078 92 37 zuge-

1859 4132 113 36 sandt
1998 4133 71 35 auf
2092 4134 173 47 Anfrage
2306 4145 66 23 um
2416 4131 132 37 solche
2583 4130 64 38 bei
2683 4131 86 37 dem
2797 4132 128 35 Herrn
2955 4132 44 35 T.
3030 4132 38 36 J.
3099 4132 227 45 Devroye
3369 4140 49 25 zu

1857 4195 119 36 Lütt
1988 4194 97 46 ich,
2129 4194 256 37 Präsidenten
2428 4193 67 36 der
2531 4193 157 36 Section
2724 4193 62 35 für
2813 4191 318 45 Kirchenmusik,
3174 4190 92 36 oder
3293 4191 126 36 Herrn

1858 4256 68 36 Dr.
1955 4256 48 36 X.
2033 4268 90 24 van
2155 4255 225 48 Ellewyk
2409 4267 47 24 zu
2485 4255 193 44 Löwen,
2710 4254 177 36 Secretär
2917 4253 212 36 derselben.
