3274 4455
835 493 554 76 aux
1869 493 411 104 camara
2348 493 206 104 des
2622 493 547 104 cubistes

315 751 141 58 LE
632 754 611 64 CUBISME
1422 762 238 61 EST
1836 765 702 70 PEINTURE
2720 781 448 63 BOCHE

313 865 171 59 Voilà
550 866 15 57 1
584 867 194 83 injure
834 873 76 55 où
978 871 372 62 descendent
1406 899 96 37 ses
1558 877 392 62 adversaires.

1061 994 190 37 TELUM
1298 997 245 35 IMBELLE
1731 1012 24 25 •
2022 1016 22 25 «
2311 1019 24 25 ,

310 1106 90 57 En
457 1108 387 61 rétablissant
905 1113 408 59 construction
1379 1113 53 60 &
1488 1116 269 61 infusant
1812 1121 301 80 synthèse,
2164 1122 52 60 le
2274 1125 289 63 Cubisme
2616 1135 232 58 ouvrait
2900 1136 272 63 chantier

308 1205 74 58 de
445 1209 347 58 sensibilité.
865 1210 120 60 Car
1050 1211 37 59 il
1153 1235 35 35 n
1209 1220 92 51 est
1362 1214 77 59 de
1506 1218 329 59 sensibilité
1902 1243 118 60 que
2086 1244 416 51 rationnelle,
2570 1253 127 38 rien
2763 1256 76 38 ne
2903 1247 265 70 pouvant

306 1324 63 38 se
424 1306 227 79 greffer
705 1312 33 54 à
793 1308 491 62 l'inconsistance.

304 1402 77 58 Et
434 1403 140 60 c'est
628 1427 110 59 par
791 1407 53 58 la
901 1408 328 61 sensibilité
1275 1411 349 62 rationnelle
1680 1437 117 60 que
1854 1440 65 37 se
1958 1422 428 61 caractérisent
2438 1430 33 54 à
2527 1427 55 60 la
2626 1430 113 59 fois
2786 1431 53 61 le
2875 1432 291 65 Cubisme

303 1498 56 59 &
412 1500 54 59 le
529 1530 22 25 «
597 1503 227 60 CLAIR
873 1494 234 70 GÉNIE
1155 1507 108 60 DE
1300 1510 264 61 NOTRE
1608 1513 213 59 RACE
1868 1543 47 39 »,

303 1597 54 59 A
414 1601 194 59 moins
665 1625 116 60 que
842 1627 37 35 n
899 1606 347 80 apparaisse
1307 1607 199 60 mieux
1561 1611 350 84 imprégnée
1967 1615 75 60 de
2098 1639 67 38 ce
2221 1621 176 80 génie
2453 1623 55 59 la
2568 1625 219 82 phrase
2844 1632 274 61 suivante
3147 1658 7 35 :

310 1755 21 24 «
379 1728 136 59 Hier
558 1754 185 36 encore
777 1733 44 59 le
858 1734 253 69 Cubisme,
1160 1741 281 77 végétation
1483 1752 361 59 monstrueuse,
1893 1746 230 61 décorait
2161 1750 290 81 dignement
2493 1755 48 57 la
2583 1756 326 62 boutonnière
2959 1761 62 59 de
3069 1785 93 36 nos

294 1828 167 59 snobs.
515 1830 80 57 La
627 1854 116 35 rose
774 1835 346 59 malodorante
1162 1840 118 57 était
1312 1849 129 49 toute
1475 1841 318 83 l'originalité
1825 1845 123 60 dont
1977 1869 127 37 nous
2136 1872 127 36 nous
2286 1853 257 81 piquions.
2589 1884 22 24 »

2405 1983 225 72 (ÉMILE
2655 1988 311 75 BAYARD.)

892 2359 124 58 LE
1130 2360 465 62 CUBISME
1708 2366 384 61 SERAIT
2200 2372 353 62 BOCHE

296 2467 227 83 Simple
579 2472 275 80 question
894 2498 10 33 :

288 2618 80 8 —
411 2611 22 25 «
473 2584 103 59 Lui
605 2594 459 54 connaîtriez-vous
1098 2612 66 36 un
1192 2598 315 72 précurseur
1539 2593 255 61 allemand
1823 2596 30 58 ?
1892 2625 23 25 »

410 2726 21 24 «
473 2700 138 66 Non,
1261 2756 81 8 —
3010 2749 104 36 MAI
3120 2748 27 38 s

292 2814 106 56 dès
435 2834 68 60 qu
518 2824 221 70 apparut
769 2816 45 58 le
851 2816 238 61 Cubisme
1134 2820 68 57 les
1234 2820 301 61 Allemands
1566 2846 54 37 se
1653 2827 187 58 mirent

1265 2961 73 101 à
1486 2938 810 132 l'imiter»

2434 3024 315 71 (<CAMILLE
2781 3029 51 52 M
2833 3032 96 52 AU
2929 3032 215 72 CLAIR)

289 3754 315 82 Ajoutons,
664 3765 33 55 à
753 3763 136 59 titre
946 3769 458 79 surérogatoire,
1473 3793 118 60 que
1646 3772 393 83 l'Allemagne
2095 3798 76 37 ne
2236 3778 225 61 fournit
2523 3803 109 60 pas
2695 3783 137 81 plus
2894 3786 216 60 d'imita-

284 3860 164 54 teurs
503 3879 118 59 que
673 3858 75 61 de
802 3869 393 74 précurseurs
1240 3891 8 33 :

291 4009 22 24 «
377 3984 203 59 Berlin
636 3991 307 79 méprisait
997 3993 85 59 les
1139 3994 289 62 Welches
1484 4000 234 60 tombés
1774 4001 154 61 dans
1983 4004 375 61 l'aberration
2414 4008 251 67 cubiste,
2730 4037 24 25 »

2411 4123 316 71 (CAMILLE
2753 4125 376 74 MAUCLAIR).
