2657 4310
1307 4048 87 46 268

409 464 88 47 Die
528 464 527 57 (bewundernswerten)
1086 464 270 59 Leistungen
1388 464 393 58 derStrategem
1813 463 302 59 Ingenieure,
2151 465 241 57 Chemikety

294 532 478 62 Großunternehmer,
803 537 250 56 Bankiers,
1086 533 495 52 Nationalökonomen
1614 537 222 58 entstehen
1868 539 62 50 im
1962 537 310 58 wesentlichen
2304 552 91 32 aus

293 613 141 44 einem
473 612 415 57 hochentwickelten
928 606 621 63 Kombinationsvermögen
1598 635 55 6 ——
1697 610 188 56 welches
1934 614 90 43 das
2079 609 316 60 geschmeidige

293 682 355 53 Funktionieren
682 687 81 43 der
793 683 335 57 Assoziationen
1159 682 288 58 voraussetzt
1480 712 68 27 ——-,
1581 686 100 43 dem
1713 679 417 61 Umfassenkönnen
2163 685 120 45 einer
2304 684 61 45 An-

293 752 218 61 häufung
542 767 93 36 von
666 754 246 60 Begriffen
944 760 109 45 oder
1083 756 369 58 Vorstellungen,
1493 758 70 45 die
1593 758 62 45 im
1685 758 264 53 Zzirnraum
1981 754 239 59 schweben,
2260 758 134 54 durch

293 830 93 44 eine
410 827 176 58 scharfe
607 831 182 55 Macht,
824 833 99 43 dem
953 826 361 61 zwangsmäßig
1346 831 168 55 harten
1537 829 223 57 Folgern.
1799 830 109 45 Wie
1936 832 81 43 der
2037 829 359 47 Brückenbauer

294 900 90 58 auf
404 902 172 47 Grund
611 900 145 59 seiner
779 902 321 57 Mathematik
1121 903 70 45 die
1212 902 253 57 Eisenteile,
1498 906 81 43 der
1599 902 237 58 Stratege
1864 906 106 52 nach
1995 901 143 57 feiner
2158 903 238 46 Kenntnis

295 978 80 43 der
415 973 270 60 psychischen
728 980 92 42 und
864 972 472 60 Machtverhältnisse
1386 974 93 57 sein
1520 975 133 57 Heer,
1701 974 368 48 kombiniert
2116 978 80 43 der
2240 974 124 59 Groß-

293 1048 275 57 industrielle
598 1049 69 45 die
699 1047 218 48 lebenden
947 1045 192 61 Kräfte,
1183 1050 70 45 die
1284 1061 77 33 um
1394 1052 89 42 das
1514 1048 294 58 vorliegende
1840 1045 217 60 Geschäft
2090 1046 188 59 spielen,
2314 1060 83 42 zur

292 1120 113 47 Tat.
452 1120 110 46 Das
591 1121 346 58 Arbeitsgebiet
968 1123 124 55 jener
1113 1123 233 56 Energien
1378 1122 52 56 ist
1461 1124 231 43 entweder
1724 1121 69 45 die
1814 1121 171 46 Natur
2019 1124 107 44 oder
2159 1120 97 55 sind
2287 1133 109 34 vom

297 1192 249 58 Menschen
577 1193 226 59 gebildete
826 1191 263 60 Umstände.
1135 1194 78 58 In
1247 1194 158 46 beiden
1427 1190 164 57 Fällen
1614 1194 120 45 wird
1758 1195 70 45 ein
1849 1193 167 55 Bezirk
2038 1193 357 59 systematisierr

294 1266 100 47 Der
425 1265 190 59 Mensch
648 1267 79 46 als
758 1264 337 61 Lufttechniker
1126 1269 247 55 vernichtet
1405 1267 69 46 die
1504 1266 354 58 Bedingungen,
1892 1276 139 37 unter
2062 1267 190 56 welchen
2285 1278 111 34 man

293 1340 78 52 ihn
398 1332 95 64 auf
522 1341 72 45 die»
621 1342 129 44 Erde
782 1339 138 59 setzte.
965 1341 92 46 Als
1088 1339 439 58 wissenschaftlicher
1549 1339 226 57 Sozialist
1807 1339 283 57 durchbricht
2122 1353 48 32 er
2203 1340 70 45 die
2303 1350 93 34 von

294 1417 81 41 der
408 1411 302 59 Gesellschaft
742 1412 284 59 aufgestellte
1057 1412 302 58 Konjunktur
1392 1415 107 52 nach
1533 1411 164 58 seinem
1722 1412 147 47 Sinn.
1915 1412 90 49 Zur
2026 1409 370 60 Durchführung

294 1485 173 54 bedarf
487 1499 48 32 es
558 1483 228 58 natürlich
808 1489 82 43 des
911 1486 123 58 Eins
1035 1488 152 56 chlags
1210 1487 117 45 aller
1350 1483 244 61 möglichen
1615 1487 209 57 geistigen
1847 1489 93 42 und
1963 1483 221 58 sittlichen
2202 1481 192 60 Kräfte,

294 1565 93 40 von
408 1561 81 44 der
509 1554 348 61 Persönlichkeit
880 1560 92 55 her,
1006 1561 85 45 wie
1114 1574 47 32 es
1184 1566 144 39 etwa:
1360 1556 255 61 Fähigkeit,
1650 1558 77 57 sich
1749 1555 383 59 zurückzustellem
2165 1559 120 44 Mut
2316 1560 80 42 des

294 1631 213 57 schnellen
525 1626 302 63 Zuschlagens
845 1633 61 45 im
923 1631 198 58 Kampf,
1147 1631 383 59 psychologischer
1550 1631 133 47 Sinn
1706 1630 113 56 sind.
1850 1629 122 57 Doch
1997 1630 163 55 sandte
2181 1629 70 47 bei
2273 1630 122 45 allen

293 1707 129 53 jenen
453 1701 339 60 Schöpfungen
830 1708 81 43 der
942 1704 124 58 Geist
1102 1718 108 43 zum
1243 1704 322 59 Zeugungsakt
1608 1717 91 34 nur
1739 1705 127 45 einen
1904 1702 104 47 Teil
2047 1713 91 36 von
2179 1701 92 58 sich,
2312 1706 84 42 den

295 1777 234 58 Verstand
552 1776 80 47 als
652 1775 358 60 Beauftragten
1033 1789 102 36 vor.
1182 1777 111 47 Von
1328 1776 139 58 seiten
1491 1781 80 41 der
1592 1777 253 57 Intuition
1877 1777 123 45 kann
2033 1777 238 56 hiergegen
2302 1775 95 45 kein

295 1848 259 58 Einspruch
573 1849 198 55 erhoben
788 1853 198 42 werden.
1022 1851 158 45 Wenn
1198 1850 150 55 etliche
1365 1850 264 46 Stationen
1654 1852 79 43 der
1760 1847 181 59 sachlich
1967 1847 271 59 folgernden
2256 1847 142 57 Logik

296 1920 354 59 übersprungen
681 1925 183 44 werden
896 1925 136 54 durch
1064 1924 69 45 ein
1165 1916 202 64 plötzlich
1399 1921 367 60 offenbarendes,
1805 1933 108 36 vom
1944 1921 232 58 gesamten
2207 1916 190 60 Körper

297 1996 315 57 ausgehendes
634 1992 193 60 Gefühl,
860 1995 186 56 welches
1077 1992 225 60 während
1335 1999 80 43 der
1446 2007 174 46 ganzen
1641 1993 288 48 Denkarbeit
1962 1995 46 45 in
2040 1997 80 43 der
2142 1990 143 59 Nähe
2316 1996 81 42 des

296 2068 143 49 Zieles
470 2067 83 58 lag
583 2071 95 43 und
710 2066 79 57 sich
822 2081 94 34 nun
948 2068 272 46 bemerkbar
1250 2071 160 54 macht,
1443 2068 121 47 kann
1586 2071 90 42 das
1696 2067 250 57 Intuitive
1967 2068 116 55 nicht
2106 2067 78 46 als
2207 2068 188 54 Motor,

297 2140 206 58 sondern
527 2153 91 34 nur
650 2140 80 47 als
760 2139 312 59 stellenweiser
1102 2139 171 59 Ersatz
1297 2137 83 61 für
1410 2142 69 46 die
1509 2140 335 57 (Verstandes-)
1875 2139 199 57 Leitung
2104 2139 169 57 gelten.

413 2213 88 47 Die
516 2212 154 59 Dinge
686 2226 108 44 nun,
817 2216 70 44 die
905 2213 78 57 sich
1001 2216 92 44 eine
1109 2212 252 59 besonders
1377 2210 190 61 rührige
1584 2213 200 57 Spezies
1801 2216 79 42 des
1899 2212 306 57 menschlichen
2223 2212 174 56 Geistes

296 2285 51 59 so
379 2283 310 61 konstruierte,
735 2282 161 62 mögen
927 2285 57 57 sie
1013 2284 419 60 Nahrungsersatz
1474 2290 109 44 oder
1622 2284 256 59 Luftschiss,
1922 2283 475 59 Funkentelegraphie

298 2363 109 43 oder
422 2358 297 58 Reichsbank,
742 2358 260 58 Eifelturm
1019 2362 109 45 oder
1144 2360 411 56 Radiumstrahlen
1572 2358 174 58 heißen,
1765 2358 99 55 sind
1882 2357 217 59 herrliche
2115 2358 280 56 Leistungen,

297 2433 69 45 die
398 2444 111 34 man
541 2433 117 56 nicht
690 2433 169 45 wieder
890 2432 226 47 verlieren
1139 2429 177 60 möchte,
1351 2431 130 58 stolze
1504 2431 420 58 Manifestationen
1944 2432 120 45 eines
2089 2429 307 58 menschlichen

298 2503 448 59 Geistesabschnitts
796 2504 106 58 Ihr
931 2505 145 46 Wert
1107 2503 113 59 liegt
1252 2506 176 56 vorerst
1459 2506 145 55 jedoch
1638 2503 204 58 lediglich
1873 2505 47 45 in
1952 2506 80 44 der
2062 2501 235 59 Aufgabe,
2329 2503 68 45 die

297 2576 57 56 sie
386 2576 78 56 sich
495 2590 82 41 zur
607 2574 260 61 Erfüllung
897 2576 161 59 gesetzt
1090 2577 167 58 haben.
1306 2577 78 58 In
1417 2579 146 56 ihrem
1594 2577 337 58 abgetrennten
1962 2576 219 57 Bestehen
2213 2574 96 56 sind
2342 2574 56 56 sie

298 2652 104 52 noch
420 2650 120 46 keine
556 2650 378 58 Kulturmehrer,
967 2654 94 43 und
1084 2651 97 57 hier
1202 2647 83 60 für
1308 2652 116 55 nicht
1443 2647 142 61 höher
1601 2647 314 60 einzuschätzen
1939 2649 79 47 als
2041 2650 68 45 die
2126 2648 270 57 Leistungen

299 2726 81 41 der
411 2718 295 59 Gedächtnis-
738 2725 110 45 oder
878 2720 372 61 Rechenkünstler
1281 2725 62 44 im
1373 2723 235 47 Varietee.
1655 2724 108 55 Erst
1795 2722 78 47 als
1904 2721 148 55 Basis
2083 2719 84 58 für
2198 2719 170 60 gesamt-

298 2792 275 59 menschliche
603 2797 167 45 Werte
800 2793 194 49 würden
1026 2795 57 56 sie
1114 2795 249 59 wahrhaft
1393 2797 179 57 geistige
1603 2795 282 58 Bedeutung
1915 2796 257 56 gewinnen.

415 2866 115 58 Daß
554 2871 80 44 der
660 2868 226 58 ,,deutsche
907 2869 152 58 Geist«
1083 2868 125 59 siegt,
1241 2882 134 34 wenn
1396 2871 92 44 wir
1509 2872 85 44 den
1616 2870 146 57 Krieg
1793 2869 254 57 gewinnen,
2080 2868 52 56 ist
2164 2868 94 45 eine
2288 2878 110 35 vom

298 2941 272 47 Verkennen
600 2945 123 53 jener
738 2942 268 60 Leistungen
1037 2942 313 57 herrührende
1370 2939 275 60 Fälschung,
1680 2944 69 44 die
1781 2944 83 44 den
1881 2940 103 47 Teil
2015 2938 82 60 für
2129 2944 89 42 das
2240 2939 159 54 Ganze

300 3015 209 58 ausgibt.
554 3012 243 61 Fähigkeit
826 3028 54 42 zu
912 3015 324 58 organisieren,
1278 3014 347 59 artilleristische
1651 3014 330 58 Erfindungen
2013 3013 98 56 sind
2145 3016 103 53 noch
2281 3014 117 55 nicht

302 3091 106 52 »der
441 3087 169 57 Geist«.
664 3091 105 43 Und
803 3090 69 45 die
901 3086 502 60 Selbstaufopferung,
1445 3089 69 45 die
1544 3091 230 43 darunter
1806 3090 186 53 rechnet,
2026 3086 121 46 kann
2179 3094 58 37 es
2260 3085 138 46 allein

300 3162 116 54 nicht
448 3158 204 60 schaffen.
698 3160 341 59 Deutschlands
1071 3160 298 58 unsagbarer
1389 3162 143 45 Wert
1555 3162 113 57 liegt
1694 3162 47 45 in
1761 3158 369 60 Eigenschaften,
2165 3161 133 53 durch
2331 3160 67 44 die

301 3247 47 32 es
381 3234 115 55 nicht
529 3233 143 58 siegen
703 3233 135 47 kann.
885 3234 120 55 Auch
1037 3235 67 45 die
1135 3230 331 61 tölpell)aften,
1500 3247 90 33 nur
1622 3236 134 53 durch
1781 3234 69 46 die
1871 3232 259 48 Seelennot
2152 3230 222 57 entschuld-

300 3306 148 46 baren
480 3306 412 58 Beweisversuche,
932 3306 94 58 daß
1070 3310 80 43 der
1182 3308 148 58 Krieg
1371 3308 93 45 eine
1495 3307 181 57 geistige
1705 3306 357 58 Angelegenheit
2095 3304 72 58 sei,
2200 3300 199 62 gehören

300 3381 47 45 in
377 3381 71 44 die
475 3381 255 56 Kategorie
763 3378 144 59 dieser
935 3379 430 59 Zielverschiebung
1410 3379 165 57 Selbst
1605 3392 133 34 wenn
1770 3381 68 44 die
1859 3378 172 52 Mittel
2062 3382 80 43 des
2163 3375 237 59 Kampfes

302 3451 259 59 schlechthin
582 3454 179 56 geistige
782 3456 109 45 oder
909 3452 114 47 aber
1040 3450 335 60 hauptsächlich
1393 3449 188 60 sittliche
1597 3449 175 61 wären,
1796 3451 133 59 selbst
1950 3464 133 34 wenn
2107 3450 77 48 als
2202 3448 198 59 Ursache
