3566 4374
1723 107 108 52 296

2938 4118 67 71 [*]

221 226 90 64 ling
343 226 81 49 der
451 226 250 59 Tonmuse,
745 229 76 51 für
848 233 252 67 Nürnberg
1126 238 258 65 componirt
1420 239 78 50 hat
1614 244 124 51 einer

217 303 330 65 Composition,
590 305 71 49 die
706 308 70 48 ich
819 312 114 47 nach
964 314 335 64 sorgfältigster
1327 318 207 66 Prüfung
1564 322 75 47 für
1667 323 70 50 die

216 379 360 49 musicalisch
608 384 304 51 werthvollste
941 389 110 47 aller
1074 390 83 47 auf
1173 390 153 64 jenem
1351 393 286 66 Sängerfeste
1660 416 50 48 ge-

216 455 198 48 botenen
437 456 276 69 Leistungen
736 479 52 31 zu
814 464 207 50 erklären
1054 467 160 48 keinen
1243 469 208 50 Anstand
1479 473 257 60 nehme—,

213 531 174 49 erhalte
430 534 70 48 ich
537 535 71 50 die
647 538 402 52 vorbezeichneten
1082 544 178 48 Werke
1301 564 79 30 zur
1409 549 215 59 Ansicht;
1666 553 67 48 ich

213 608 156 64 spielte
400 610 79 48 das
504 611 232 66 Capriccio
760 615 143 50 durch
934 618 89 47 und
1055 619 131 48 hörte
1215 637 84 32 von
1328 624 145 48 einem
1505 628 230 65 tüchtigen

213 685 169 64 Geiger
405 688 71 48 die
501 689 322 51 Violinstücke.
852 694 75 47 Ich
952 695 173 62 gehöre
1148 699 192 47 nämlich
1365 700 121 50 nicht
1506 721 52 30 zu
1583 704 153 65 jenen,

216 764 171 48 welche
415 766 116 47 nach
564 766 191 50 blossem
783 770 262 65 flüchtigem
1064 773 297 52 Durchsehen
1389 779 118 48 eines
1531 782 205 58 Stückes,

208 839 138 49 selbst
363 841 121 48 eines
503 842 200 49 Werkes
722 845 77 47 für
815 846 211 49 mehrere
1044 849 317 61 Instrumente,
1383 854 91 48 sich
1501 856 76 47 für
1600 858 108 48 beru-

212 916 70 48 fen
316 917 168 59 halten,
520 920 202 48 darüber
752 923 368 59 abzuurtheilen;
1163 928 67 48 ich
1276 929 75 48 bin
1392 933 217 49 vielmehr
1652 935 80 50 der

211 994 386 67 Ueberzeugung,
626 997 101 47 dass
757 1015 87 31 nur
872 1000 69 48 ein
973 1003 312 67 vollständiges
1317 1008 265 50 Vorführen
1613 1013 123 48 einer

209 1071 328 64 Composition,
581 1089 71 32 wo
684 1076 196 64 möglich
924 1095 113 48 ganz
1079 1083 115 47 nach
1225 1083 102 49 dem
1359 1086 137 49 Sinne
1526 1088 92 48 und
1647 1089 86 49 den

205 1147 228 64 Angaben
463 1149 78 47 des
572 1150 282 60 Tonsetzers,
899 1156 89 47 und
1032 1157 70 49 ein
1140 1160 319 51 wiederholtes
1491 1165 155 50 Hören
1677 1185 52 30 zu

205 1223 148 47 einem
386 1225 203 48 Urtheile
621 1226 291 69 berechtigen
943 1232 134 51 kann.
1111 1236 47 47 In
1190 1236 85 48 den
1307 1249 257 55 genannten
1596 1244 102 48 Com-

205 1300 252 63 positionen
487 1302 54 48 ist
570 1305 145 48 Hiller
745 1309 84 47 wie
857 1319 124 39 sonst
1009 1312 188 65 origincl
1230 1315 92 48 und
1350 1316 292 60 interessant;
1685 1338 50 32 er

207 1376 270 51 überrascht
519 1382 114 47 auch
679 1384 97 48 hier
818 1385 143 51 durch
993 1390 185 48 Frische
1218 1391 80 48 der
1327 1394 268 58 Gedanken,
1635 1414 74 32 ver-

198 1452 164 66 jüngte
405 1456 217 58 Formen,
677 1464 124 47 süsse
846 1464 271 59 Melodieen,
1173 1467 269 64 geistreiche
1487 1474 244 64 Passagen,

205 1531 238 66 frappante
475 1536 489 68 Harmonieenfolgen;
995 1560 50 31 er
1069 1544 140 49 bietet
1230 1546 163 50 immer
1416 1550 166 57 Neues,
1613 1568 45 31 es
1681 1554 54 47 ist

204 1611 280 65 unmöglich,
513 1613 93 49 ihm
636 1616 372 52 nachzuweisen:
1049 1622 137 56 „Dies
1215 1624 112 48 oder
1347 1627 137 47 Jenes
1512 1627 56 49 ist
1594 1629 137 49 schon

202 1685 56 49 da
288 1704 210 48 gewesen
531 1690 69 48 bei
627 1691 213 51 Anderen
872 1696 112 48 oder
1016 1697 68 48 bei
1111 1700 83 47 Dir
1445 1705 94 47 Das
1562 1707 169 63 gerade

202 1762 111 50 aber
344 1766 151 48 macht
533 1767 75 48 ihn
637 1787 52 30 zu
721 1770 103 49 dem
854 1790 187 47 grossen
1073 1777 201 55 Meister,
1318 1780 63 47 als
1411 1780 81 48 der
1521 1798 48 31 er
1599 1799 104 33 aner-

199 1839 142 51 kannt
357 1843 67 47 ist.
444 1845 94 47 Das
553 1846 284 51 Geheimniss
853 1851 150 48 seiner
1020 1853 516 55 Geistes-Werkstätte?
1555 1861 176 51 Werde

199 1918 69 47 ich
293 1935 46 31 es
362 1921 232 57 errathen,
619 1940 131 33 wenn
774 1926 69 48 ich
870 1945 45 30 es
940 1928 127 49 darin
1092 1931 138 58 finde,
1248 1932 100 50 dass
1373 1951 49 32 er
1445 1954 86 30 nur
1552 1939 177 58 schafft,

202 2011 132 32 wenn
364 2013 50 31 er
443 2013 100 32 vom
576 1999 169 50 Genius
785 2002 111 50 dazu
941 2005 217 50 innerlich
1196 2010 225 67 gedrängt
1449 2013 145 50 wird?
1635 2017 62 49 Da-

200 2072 143 49 durch
390 2074 144 49 erhält
581 2078 56 47 all
680 2079 94 49 sein
819 2082 213 50 Schaffen
1075 2086 101 48 eine
1207 2088 186 56 Weihe,
1436 2092 172 50 welche
1649 2093 79 50 das

198 2151 625 68 handwerksmässigeThun
847 2159 42 49 in
909 2162 229 65 Ewigkeit
1160 2166 253 49 entbehren
1439 2186 134 32 muss.
1597 2172 126 48 Nach

197 2227 100 48 dem
318 2228 227 65 Gesagten
571 2232 118 48 kann
713 2234 69 47 ich
809 2237 117 47 mich
951 2255 122 31 eines
1098 2241 259 65 Eingehens
1388 2262 42 30 in
1459 2245 71 48 die
1559 2247 168 65 obigen

199 2306 177 48 Werke
406 2307 78 47 für
513 2308 273 52 überhoben
824 2313 175 59 halten;
1041 2332 46 33 es
1116 2318 80 64 gilt
1225 2318 65 50 bis
1318 2321 67 48 ins
1414 2323 201 50 Kleinste
1644 2342 85 32 von

186 2382 153 65 jedem
372 2383 254 52 derselben.
656 2389 110 49 Also
795 2408 87 31 nur
912 2392 69 48 ein
1014 2410 112 48 paar
1158 2396 180 51 Worte.
1369 2400 94 48 Das
1495 2401 233 65 Capriccio

194 2459 55 47 ist
277 2459 69 48 ein
377 2462 292 63 geistreiches
691 2467 120 63 Spiel
844 2469 79 47 mit
947 2471 249 49 Gedanken
1229 2474 90 49 und
1345 2476 249 59 Gefühlen,
1623 2478 103 50 dem

191 2538 91 47 sich
306 2557 80 29 zur
411 2540 236 68 Erholung
674 2561 84 32 von
781 2546 230 50 schwerer
1035 2551 326 50 Geistesarbeit
1392 2553 228 52 bisweilen
1644 2557 82 50 der

190 2615 189 64 gereifte
407 2618 140 48 JVlann
578 2619 41 48 in
651 2628 177 42 trauter
856 2623 331 52 Abendstunde
1219 2629 189 65 hingibt.
1440 2632 86 48 Die
1553 2633 145 50 Violin-

190 2693 159 49 stücke
377 2695 213 50 scheinen
619 2698 44 47 in
694 2699 146 50 einem
872 2702 187 49 inneren
1089 2706 432 68 Zusammenhange
1550 2728 54 31 zu
1634 2720 66 40 ste-

190 2770 104 58 hen,
338 2772 68 49 ein
438 2774 283 65 psychisches
752 2779 233 50 Erlebniss
1028 2783 303 52 anzudeuten.
1383 2788 95 48 Der
1505 2789 218 50 Künstler

188 2848 95 48 tritt
322 2850 115 49 nach
472 2852 301 68 jahrelanger
802 2859 287 64 unsäglicher
1120 2862 141 48 Mühe
1291 2864 42 47 in
1364 2863 72 50 die
1467 2867 155 56 Welt;
1666 2885 51 31 er

186 2927 89 47 will
305 2928 123 49 seine
457 2947 146 32 neuen
637 2933 450 66 Errungenschaften
1126 2938 43 48 in
1209 2939 82 50 der
1319 2942 150 49 Kunst
1498 2943 220 51 draussen

184 3007 286 48 verwerthen
495 3008 90 48 und
609 3010 92 49 sich
727 3010 87 50 den
837 3013 132 49 Lohn
992 3015 146 49 seines
1160 3017 219 51 Strebens
1409 3021 150 50 holen.
1594 3022 127 49 Aber

184 3080 71 50 die
287 3083 131 49 Welt
447 3084 193 51 erkennt
668 3088 77 48 ihn
774 3090 145 58 nicht;
961 3092 64 49 sie
1059 3093 150 65 jubelt
1249 3113 88 31 nur
1375 3097 86 49 den
1505 3103 213 46 äusseren

183 3159 243 66 Vorzügen
457 3170 118 42 etwa
604 3165 145 50 seines
779 3168 145 65 Spiels
953 3187 70 39 zu,
1068 3172 43 47 in
1153 3173 154 49 seinen
1338 3175 141 58 Geist,
1522 3177 44 49 in
1596 3178 123 50 seine

180 3236 138 50 Ideen
349 3239 154 66 dringt
529 3242 64 48 sie
622 3243 123 48 nicht
773 3245 89 57 ein,
884 3247 67 64 ja,
980 3248 65 49 sie
1073 3249 222 51 verkennt
1322 3252 76 48 ihn
1421 3269 138 50 sogar
1583 3254 136 51 bitter

179 3314 92 49 und
302 3323 133 43 tastet
461 3318 94 48 sein
584 3320 276 64 geheimstes
885 3324 175 51 Wesen
1091 3343 56 32 an
1180 3328 80 48 mit
1289 3328 146 51 kalter
1458 3332 153 49 Hand.
1641 3334 74 50 Da

178 3393 116 49 zieht
324 3410 49 33 er
400 3396 92 49 sich
525 3396 173 51 wieder
720 3399 43 48 in
786 3400 93 50 sich
903 3403 141 49 selbst
1065 3407 187 57 zurück,
1281 3409 196 65 traurig,
1506 3410 175 50 wehmü-

176 3470 115 65 thig,
320 3473 85 48 voll
430 3474 141 48 Gram
597 3475 92 50 und
712 3478 241 51 Kummer.
985 3480 193 51 Endlich
1209 3484 106 48 rafft
1345 3502 49 32 er
1422 3487 92 48 sich
1547 3488 171 49 wieder

176 3549 84 48 auf
296 3550 92 50 und
430 3556 182 55 stürmt,
668 3555 161 66 trotzig
871 3559 209 64 grollend
1131 3562 85 48 auf
1251 3562 73 49 die
1366 3567 351 58 unverständige

175 3625 185 67 Menge,
388 3629 68 49 ins
479 3631 189 59 Leben;
697 3649 51 32 er
769 3635 110 64 geht
894 3635 127 66 jetzt,
1053 3656 87 30 nur
1168 3639 93 50 sich
1286 3640 93 50 und
1402 3643 148 48 seiner
1566 3644 152 48 Kunst

174 3706 275 49 vertrauend
492 3709 94 49 und
630 3710 146 50 nichts
814 3713 208 50 Anderes
1064 3715 221 60 suchend,
1334 3719 195 50 seinen
1576 3722 141 66 Weg.

174 3780 96 50 Der
301 3783 127 66 Weg
454 3785 56 48 ist
538 3789 84 47 voll
651 3789 160 51 Steine
852 3790 91 50 und
975 3793 208 58 Dornen,
1228 3795 115 50 aber
1373 3798 118 48 auch
1522 3800 195 50 manche

171 3859 123 49 Rose
316 3861 292 52 werthvoller
630 3866 354 70 Anerkennung
1007 3871 185 50 erblüht
1213 3873 118 57 ihm;
1362 3875 94 49 und
1481 3875 48 66 je
1558 3878 159 49 weiter

171 3951 51 35 er
249 3937 250 69 vordringt,
546 3941 94 50 und
663 3944 49 65 je
749 3948 234 66 muthiger
1011 3965 50 33 er
1087 3950 231 59 schreitet,
1362 3951 130 51 desto
1520 3955 169 50 zahlrei-

171 4014 109 52 cher
299 4016 186 52 werden
505 4017 73 53 die
600 4021 153 51 Rosen
782 4023 84 52 der
889 4026 200 63 Freude,
1117 4028 127 50 desto
1275 4030 138 50 mehr
1440 4033 247 51 verschwin-

1809 248 87 51 den
1925 251 70 49 die
2024 252 202 52 Dornen.
2268 258 109 50 Will
2406 260 82 49 der
2516 262 172 65 Spieler
2716 265 120 53 diese
2864 272 240 55 Phantasie
3135 277 157 54 festhal-

1809 334 91 50 ten,
1947 345 49 31 so
2046 346 105 49 mag
2197 333 62 48 sie
2300 336 91 49 ihm
2439 338 219 50 vielleicht
2698 360 79 32 zur
2819 348 370 68 Ueberwindung
3238 359 79 49 der

1809 404 403 65 Schwierigkeiten
2241 409 43 49 in
2312 411 144 50 dieser
2480 416 165 57 Musik,
2671 435 78 32 zur
2777 421 337 74 Ermunterung
3142 432 174 51 dienen.

1926 482 79 48 W.
2037 483 57 47 H.
2127 484 145 59 Veit,
2311 488 332 67 Symphonie
2674 496 85 48 für
2789 498 321 57 Orchester.
3135 510 181 49 Seinem

2039 559 215 51 Freunde
2282 564 80 49 Dr.
2387 568 122 48 Rietz
2536 573 278 65 zugeeignet.
2858 577 88 65 Op.
2977 580 83 49 49.
3105 586 212 49 Partitur.

2039 635 198 68 Leipzig,
2268 641 239 68 Breitkopf
2527 646 41 48 &
2597 648 171 51 Härtel.
2800 653 123 47 Preis
2954 655 30 48 5
3015 657 123 51 Thlr.

1922 710 75 49 Ich
2042 710 147 54 kenne
2231 715 150 50 diesen
2425 719 223 65 begabten
2681 728 321 65 Componisten
3034 732 161 52 bereits
3237 755 82 33 aus

1807 785 151 50 seinen
1983 788 275 58 Quartetten
2288 794 93 48 und
2411 796 117 49 habe
2557 799 74 49 ihn
2662 804 238 68 aufrichtig
2928 807 88 49 lieb
3046 827 267 47 gewonnen.

1809 862 60 47 Es
1898 864 155 50 wohnt
2094 867 42 48 in
2175 869 92 48 ihm
2312 870 72 49 ein
2422 873 177 48 solcher
2629 877 134 51 Ernst
2801 882 75 47 für
2911 883 69 50 die
3010 887 165 57 Kunst,
3219 888 101 51 dass

1807 939 137 48 schon
1975 942 144 49 dieser
2149 945 58 49 im
2232 947 252 64 Gegensatz
2514 967 146 48 gegen
2682 954 109 49 viele
2811 958 370 71 Eintagsfliegen,
3212 968 80 47 wel-

1808 1015 83 48 che
1919 1016 71 50 die
2018 1020 239 52 Tonkunst
2283 1043 79 29 zur
2382 1028 140 63 Magd
2552 1029 122 48 ihrer
2696 1032 152 58 Sinne,
2871 1037 184 51 Launen
3086 1043 89 48 und
3206 1043 84 50 Ver-

1808 1096 278 64 gnügungen
2113 1098 403 71 herabwürdigen,
2547 1123 80 31 uns
2653 1108 77 48 mit
2754 1109 143 50 hoher
2914 1116 207 66 Achtung
3146 1119 74 49 für
3242 1122 77 48 ihn

1807 1170 196 50 erfüllen
2034 1189 134 34 muss.
2201 1178 144 49 Dabei
2377 1182 108 62 geht
2512 1199 49 31 er
2589 1184 43 47 in
2662 1185 152 49 seinen
2842 1188 477 72 Veröffentlichungen

1807 1262 47 30 so
1881 1245 228 53 besonnen
2132 1269 52 31 zu
2211 1254 192 57 Werke,
2433 1258 100 48 dass
2563 1277 104 32 man
2697 1262 79 48 das

1830 1338 175 34 annum
2005 1325 81 50 fast
2109 1344 80 32 aus
2204 1330 153 65 jedem
2385 1335 176 50 Werke
2585 1338 305 61 herausfühlt,
2919 1359 112 47 ganz
3062 1345 101 50 dem
3187 1348 133 49 Thun

1807 1417 48 30 so
1898 1401 135 49 vieler
2075 1413 241 59 entgegen,
2359 1413 171 48 welche
2571 1415 69 47 ein
2681 1418 291 51 Verbrechen
3015 1439 52 32 zu
3114 1424 204 65 begeben

1806 1479 275 57 vermeinen,
2112 1498 132 33 wenn
2273 1485 62 48 sie
2363 1486 80 49 der
2467 1490 127 48 Welt
2621 1493 122 48 nicht
2770 1495 142 64 gleich
2938 1498 106 63 jede
3069 1500 116 50 Note
3213 1507 76 61 prä-

1804 1555 215 57 sentiren,
2048 1558 249 64 gleichviel,
2328 1579 132 32 wann
2490 1566 90 47 und
2604 1569 83 47 wie
2715 1570 62 48 sie
2805 1575 264 49 entstanden
3097 1578 68 48 ist.
3186 1580 131 49 Doch

1804 1631 148 64 gehen
1997 1634 83 48 wir
2121 1654 100 31 zum
2265 1640 317 66 vorliegenden
2615 1644 175 51 Werke
2829 1649 148 49 selbst.
3031 1654 61 47 Es
3120 1657 199 48 zeichnet

1803 1710 92 47 sich
1928 1726 182 51 vorweg
2140 1731 80 32 aus
2249 1716 143 50 durch
2423 1719 99 49 eine
2545 1721 208 50 Klarheit
2782 1725 88 48 und
2894 1729 423 69 Durchsichtigkeit,

1806 1787 171 49 welche
2020 1806 103 32 man
2165 1791 69 50 bei
2274 1795 144 48 vielen
2457 1814 198 33 neueren
2686 1799 258 68 derartigen
2977 1806 205 50 Werken
3219 1827 65 30 um-

1802 1871 124 41 sonst
1953 1866 149 56 sucht,
2143 1867 70 50 die
2243 1870 111 49 aber
2391 1874 168 63 gerade
2588 1875 79 48 der
2696 1878 198 66 Stempel
2925 1880 78 48 der
3032 1883 287 67 Tüchtigkeit

1804 1940 66 49 ist.
1912 1942 88 47 Ein
2036 1944 325 61 einheitliches,
2390 1950 204 58 schönes,
2636 1956 361 63 symmetrisches
3027 1960 169 50 Ganzes
3238 1979 80 33 aus

1803 2017 161 50 Einem
1997 2020 248 52 Gedanken
2276 2043 50 30 zu
2357 2026 221 60 erbauen,
2608 2030 54 48 ist
2688 2040 140 41 etwas
2857 2052 111 45 ganz
2998 2038 217 58 Anderes,
3252 2041 65 47 als

1802 2096 225 51 Themata
2056 2101 114 48 nach
2202 2101 84 50 den
2317 2105 173 65 Regeln
2521 2106 76 50 des
2626 2109 166 58 Satzes,
2831 2112 110 49 aber
2970 2114 117 49 ohne
3116 2116 170 51 Phanta-

1799 2173 79 54 sie,
1921 2175 334 61 durchführen,
2296 2181 112 48 oder
2448 2184 333 63 phantastische
2813 2189 148 48 Bilder
3003 2208 56 30 an
3101 2194 215 49 einander

1801 2251 174 56 reihen,
2003 2252 120 50 ohne
2152 2253 79 50 der
2260 2257 249 50 Schönheit
2538 2261 79 47 der
2648 2264 137 47 Form
2823 2266 185 62 gerecht
3036 2285 51 31 zu
3119 2270 195 50 werden.

1803 2326 159 49 Beides
2004 2346 52 31 zu
2099 2332 276 66 vereinigen,
2417 2336 53 48 ist
2511 2354 86 30 nur
2650 2339 85 48 den
2778 2341 265 51 Geweihten
3099 2347 217 63 gegeben.

2208 2410 55 48 ist
2291 2411 70 48 ein
2391 2412 159 50 kurzes
2577 2416 152 56 Wort,
2758 2417 112 50 aber
2898 2420 84 48 wie
3010 2422 138 49 selten
3181 2424 137 50 findet

1801 2497 104 32 man
1935 2499 46 31 es
2011 2482 294 53 beobachtet!
2359 2490 71 48 Da
2471 2491 188 65 spinnen
2701 2493 77 58 sie,
2822 2495 143 49 denen
3002 2497 142 51 dieses
3176 2501 141 48 Wort

1799 2558 146 50 fremd
1976 2560 68 58 ist,
2074 2562 69 48 ein
2168 2563 204 51 endloses
2397 2567 200 50 Gewebe
2620 2586 84 32 von
2729 2572 212 50 confusen
2968 2576 246 50 Gedanken
3238 2596 50 31 zu-

1797 2651 222 47 sammen,
2063 2640 63 48 oft
2156 2640 222 52 künstlich
2409 2661 169 50 genug,
2620 2646 101 49 dass
2751 2665 104 33 man
2884 2650 115 51 über
3027 2652 70 50 die
3129 2655 154 49 Combi-

1795 2716 213 48 nationen
2036 2723 191 44 staunen
2259 2737 146 40 muss;
2443 2722 113 50 aber
2584 2741 46 32 es
2660 2726 229 65 langweilt
2916 2746 71 32 am
3021 2731 126 50 Ende
3177 2734 137 48 selbst

1794 2789 87 50 den
1907 2792 224 51 Verstand
2161 2796 76 48 des
2263 2800 190 57 Hörers,
2483 2801 90 48 und
2603 2801 79 49 das
2706 2805 117 47 Herz
2855 2806 75 48 hat
2958 2824 81 48 gar
3068 2808 141 49 nichts
3232 2810 52 49 da-

1793 2885 99 33 von.
1926 2871 101 48 Veit
2048 2874 212 58 versteht,
2290 2894 78 30 zur
2392 2878 182 49 rechten
2598 2881 97 47 Zeit
2716 2882 294 60 aufzuhören,
3039 2886 68 48 ein
3134 2904 179 48 grosser

1795 2947 200 65 Vorzug,
2024 2949 81 49 der
2133 2952 120 48 wohl
2284 2953 44 48 in
2359 2956 228 66 Anschlag
2615 2976 52 29 zu
2698 2957 188 67 bringen
2925 2962 67 50 ist.
3048 2965 64 47 Er
3140 2965 174 49 thürmt

1793 3024 123 49 nicht
1945 3027 251 49 Gedanken
2225 3031 82 48 auf
2334 3031 264 59 Gedanken,
2639 3051 48 32 so
2725 3036 100 49 dass
2853 3040 159 48 zuletzt
3041 3041 70 47 ein
3144 3043 145 47 Instru-

1794 3109 125 42 ment
1947 3103 123 50 nicht
2099 3107 130 47 mehr
2258 3109 147 58 weiss,
2444 3126 93 33 was
2565 3111 79 49 das
2673 3113 169 50 andere
2871 3117 103 48 will.
3031 3118 78 47 Bei
3140 3120 93 47 ihm
3264 3121 52 48 ist

1792 3179 122 49 Alles
1944 3197 56 32 an
2028 3182 169 49 seinem
2231 3186 165 58 Platze,
2437 3203 46 32 es
2519 3188 54 48 ist
2601 3189 122 49 Alles
2753 3191 279 58 überdacht;
3077 3211 49 32 er
3154 3196 159 49 schafft

1793 3257 80 49 mit
1903 3259 185 50 Wissen
2117 3261 93 49 und
2234 3263 250 59 Gewissen,
2513 3267 130 63 spielt
2671 3268 121 48 nicht
2823 3271 80 48 mit
2931 3271 136 49 Ideen
3100 3273 89 49 und
3218 3275 95 64 gibt

1790 3336 92 46 sich
1914 3337 115 48 noch
2060 3339 202 65 weniger
2290 3358 101 31 zum
2417 3343 245 65 Spielballe
2682 3346 239 50 derselben
2951 3349 93 49 her.
3077 3351 154 48 Daher
3260 3352 53 48 ist

1792 3414 122 49 Alles
1944 3416 240 58 natürlich,
2222 3418 146 48 nichts
2400 3419 297 68 überspannt,
2734 3424 144 49 nichts
2905 3427 287 65 geschraubt.
3248 3429 64 47 Er

1793 3490 157 50 hascht
1980 3492 122 49 nicht
2130 3494 114 49 nach
2278 3496 268 66 frappanten
2578 3502 222 57 Themen,
2831 3502 199 49 bizarren
3055 3504 254 50 Melodieen

1793 3568 90 48 und
1911 3569 227 50 schroffen
2164 3573 433 67 Harmoniefolgen;
2627 3578 122 48 seine
2773 3578 244 50 Gedanken
3053 3581 87 48 und
3171 3582 140 49 deren

1792 3645 339 69 Verwerthung
2160 3650 99 49 sind
2290 3652 194 58 einfach,
2527 3654 113 50 aber
2681 3673 48 31 er
2766 3657 146 48 macht
2949 3658 78 47 viel
3065 3675 81 33 aus
3176 3661 136 48 ihnen

1790 3730 112 41 trotz
1925 3724 123 50 ihrer
2065 3725 494 70 Anspruchslosigkeit.
2589 3733 141 48 Darin
2756 3732 203 51 bewährt
2980 3736 91 47 sich
3097 3736 82 49 der
3199 3738 84 48 Mei-

1789 3809 107 50 ster,
1924 3802 101 49 dass
2055 3821 50 31 er
2133 3822 82 33 aus
2239 3805 105 51 dem
2368 3809 247 50 Einfachen
2640 3812 184 47 Grosses
2846 3830 51 29 zu
2922 3813 269 51 entwickeln
3215 3832 73 32 ver-

1790 3896 120 48 mag.
1958 3880 89 50 Die
2075 3883 277 63 grandiosen
2382 3887 262 64 gothischen
2678 3888 170 48 Bauten
2880 3889 80 48 mit
2989 3889 129 51 ihren
3147 3893 142 48 zahllo-

1789 3973 79 33 sen
1889 3958 268 61 Ausläufen,
2182 3962 200 66 Spitzen,
2411 3964 207 57 Blumen,
2649 3965 194 50 Blüthen
2874 3965 208 52 beruhen
3111 3969 83 48 auf
3209 3969 102 50 dem

1789 4034 281 53 einfachsten
2102 4039 205 61 Gesetze,
2349 4040 92 50 und
2469 4042 92 49 also
2591 4042 53 49 ist
2673 4059 46 32 es
2748 4044 116 48 auch
2897 4044 69 50 bei
2999 4047 147 49 einem
3176 4048 133 48 musi-
