5435 7323
691 6815 92 71 38

688 454 413 119 Wirkung
1184 497 95 49 zu
1364 465 301 111 geben.
1792 471 232 82 Auch
2102 470 147 86 der
2327 475 260 81 Schau-

690 566 301 105 spieler
1069 575 105 74 ist
1250 604 153 47 nur
1469 582 133 74 ein
1662 580 303 103 Objekt
2041 582 147 77 des
2249 585 331 76 Bühnen-

688 673 603 83 kunstwerkes.
1396 687 105 71 Er
1558 688 107 75 ist
1724 690 132 73 ein
1899 687 233 77 Glied
2192 688 145 80 des
2381 692 203 103 Orga-

688 781 349 93 nismus,
1128 783 158 78 den
1375 815 187 49 man
1631 790 351 78 Theater
2066 810 285 61 nennt.
2478 798 157 73 Der

686 885 608 83 künstlerische
1352 893 545 105 Organismus
1958 925 227 49 muss
2244 900 390 105 gestaltet

688 990 359 78 werden.
1165 998 170 75 Nur
1394 996 215 78 kann
1670 1000 147 78 das
1877 1001 232 78 Glied
2178 1005 227 78 nicht
2476 1005 159 76 den

688 1098 542 103 Organismus
1269 1105 445 103 gestalten,
1777 1106 103 77 da
1933 1112 176 79 sein
2139 1113 312 76 Wesen
2493 1115 135 88 ist,

690 1200 230 78 Glied
983 1205 166 76 und
1193 1208 228 76 nicht
1462 1211 543 104 Organismus
2048 1242 95 47 zu
2190 1218 203 75 sein.
2488 1220 147 73 Die

688 1306 364 102 Qualität
1108 1310 149 78 des
1318 1313 623 108 Schauspielers
2019 1322 107 72 ist
2205 1325 225 73 seine
2500 1325 90 73 In-

685 1416 370 90 tensität,
1113 1416 225 78 nicht
1381 1421 226 75 seine
1651 1421 642 80 Individualität.
2358 1430 276 76 Wenn

690 1520 133 72 ein
883 1521 320 104 Körper
1286 1523 176 76 sich
1548 1525 351 106 bewegt,
1992 1533 106 73 ist
2185 1532 227 76 nicht
2488 1532 147 77 der

686 1625 349 103 Körper,
1101 1626 359 78 sondern
1521 1630 132 78 die
1716 1636 471 102 Bewegung
2244 1636 132 77 die
2417 1640 163 76 Wir-

690 1726 249 107 kung.
1060 1733 271 76 Wenn
1413 1735 177 76 sich
1660 1736 372 78 mehrere
2100 1741 320 104 Körper
2490 1741 96 77 be-

685 1860 318 78 wegen,
1069 1840 107 74 ist
1235 1838 227 78 nicht
1521 1840 134 78 die
1706 1846 499 104 Bewegung,
2273 1845 361 79 sondern

688 1938 132 78 die
864 1940 413 108 Richtung
1316 1943 147 80 der
1506 1948 472 105 Bewegung
2016 1950 137 78 die
2185 1951 440 105 Wirkung.

688 2046 273 75 Wenn
1020 2048 184 74 eine
1265 2050 346 76 Stimme
1670 2051 295 105 klingt,
2049 2058 107 73 ist
2215 2056 226 75 nicht
2500 2056 134 78 die

688 2150 374 93 Stimme,
1128 2151 359 80 sondern
1531 2155 146 78 der
1716 2156 267 107 Klang
2021 2158 135 78 die
2193 2160 434 106 Wirkung.

685 2256 270 75 Wenn
1003 2256 374 80 mehrere
1411 2263 403 75 Stimmen
1848 2261 367 107 klingen,
2258 2268 106 75 ist
2403 2268 231 76 nicht

686 2358 134 79 die
845 2360 434 96 Mehrheit,
1318 2365 359 78 sondern
1712 2366 146 78 der
1889 2373 748 105 Zusammenklang

686 2463 134 79 die
896 2466 442 109 Wirkung.
1496 2475 147 74 Die
1738 2476 890 109 Zusammenstellung,

688 2568 174 79 also
959 2570 132 79 die
1184 2578 586 103 Komposition
1873 2607 159 51 von
2127 2583 501 105 Bewegung,

690 2675 255 76 Farbe
1023 2678 168 76 und
1267 2680 271 106 Klang
1621 2685 108 74 ist
1802 2681 149 80 das
2031 2685 381 79 Schaffen
2486 2686 149 78 des

690 2779 953 85 Bühnenkunstwerkes.
1711 2790 267 76 Sowie
2002 2817 90 51 es
2115 2791 520 78 unterlassen

686 2886 236 93 wird,
988 2888 288 95 Farbe,
1342 2895 474 105 Bewegung
1873 2895 168 76 und
2083 2896 269 107 Klang
2408 2898 171 78 kom-

686 2993 505 101 positorisch
1243 3023 97 48 zu
1389 2996 444 105 gestalten,
1899 3003 254 76 sowie
2212 3030 186 49 man
2461 3003 174 78 also

688 3096 410 78 natürlich
1140 3098 393 108 bewegen
1577 3103 166 76 und
1785 3106 412 77 natürlich
2231 3108 403 105 sprechen

688 3201 232 95 lässt,
967 3203 205 79 wird
1215 3205 145 77 der
1403 3210 795 105 Kunstorganismus
2251 3228 379 80 zerstört,

686 3306 488 80 vernichtet.

686 3462 315 107 Jushny
1093 3464 138 76 hat
1326 3465 273 78 dieses
1684 3472 311 75 Wesen
2088 3470 148 78 des
2320 3477 260 73 Kunst-

685 3567 318 78 werkes
1062 3569 349 79 erkannt
1472 3570 164 78 und
1701 3577 226 75 seine
1966 3575 669 82 Künstlerschaft

690 3675 106 73 ist
900 3701 116 64 es,
1118 3677 498 105 Bewegung,
1717 3677 260 80 Farbe
2088 3680 166 77 und
2368 3680 269 107 Klang

685 3779 411 103 gestalten
1174 3809 95 47 zu
1353 3780 358 78 können.
1829 3784 268 78 Daher
2175 3790 108 75 ist
2359 3816 88 49 es
2505 3789 132 76 für

690 3884 138 74 ihn
886 3887 154 73 wie
1098 3885 130 75 für
1284 3885 242 104 jeden
1567 3889 396 78 Künstler
2002 3890 259 107 völlig
2302 3890 286 109 belang-

690 3989 154 93 los,
910 3992 145 74 mit
1098 3990 398 78 welchem
1540 3994 211 76 Stoff
1792 4021 88 49 er
1921 3995 377 80 arbeitet.
2403 4002 232 75 Denn

688 4092 227 78 nicht
1001 4094 148 77 der
1233 4095 237 95 Stoff,
1562 4095 133 80 die
1782 4102 240 73 Form
2119 4102 274 78 macht
2488 4102 146 78 das

688 4199 269 76 Kleid.
1079 4202 246 78 Ernst
1401 4200 167 78 und
1648 4204 454 79 Heiterkeit
2181 4207 185 76 sind
2439 4209 150 78 sub-

685 4302 306 105 jektive
1033 4307 535 105 Erregungen
1609 4307 168 78 und
1819 4309 229 79 nicht
2087 4329 211 61 etwa
2336 4341 253 78 gegen-

690 4408 389 78 sätzliche
1120 4414 567 77 Kunstmittel.
1782 4417 134 76 Sie
1949 4417 185 76 sind
2176 4419 463 106 überhaupt

688 4513 240 78 keine
1011 4517 571 78 Kunstmittel.
1721 4519 327 81 Ebenso
2131 4527 272 103 wenig
2485 4529 154 73 wie

691 4618 449 80 Schönheit
1225 4620 169 78 und
1482 4624 581 79 Hässlichkeit.
2207 4630 234 75 Auch
2520 4634 119 73 sie

696 4725 187 76 sind
923 4754 153 49 nur
1118 4727 466 105 subjektive
1626 4732 564 107 Erregungen.
2290 4737 347 76 Warum

690 4859 228 47 muss
1005 4830 413 80 durchaus
1502 4834 136 77 die
1723 4835 464 109 Nachtigall
2276 4840 361 105 gefallen

690 4935 166 76 und
933 4935 134 80 die
1147 4938 198 77 Eule
1423 4938 257 95 nicht,
1763 4969 129 51 wo
1970 4942 215 78 doch
2244 4944 134 79 die
2441 4947 198 78 Eule

688 5038 149 78 des
896 5040 312 78 andern
1269 5042 134 78 die
1445 5043 464 107 Nachtigall
1968 5047 147 78 des
2175 5054 242 72 einen
2461 5054 176 74 sein

691 5147 241 74 kann.
1033 5150 165 76 Wo
1257 5147 132 78 die
1431 5152 268 76 Kunst
1756 5152 227 78 nicht
2026 5152 149 78 das
2209 5157 428 103 geringste

695 5255 149 73 mit
903 5252 367 78 Gefallen
1331 5282 95 48 zu
1485 5270 150 61 tun
1692 5255 168 78 hat.

686 5414 319 105 Jushny
1064 5413 247 105 spielt
1353 5418 182 74 eine
1579 5419 286 92 Szene,
1929 5419 136 78 die
2105 5421 529 80 Leierkasten

688 5521 289 76 heisst.
1098 5523 216 74 Zwei
1375 5524 339 77 Männer
1780 5524 168 77 und
2027 5529 134 75 ein
2232 5529 402 78 Mädchen

693 5629 291 102 singen
1045 5626 427 105 irgendein
1519 5629 195 77 Lied
1775 5629 168 78 und
2004 5631 393 107 bewegen
2459 5636 176 75 sich

693 5729 232 78 dazu.
1027 5733 160 74 Der
1245 5733 183 74 eine
1487 5736 242 73 Mann
1790 5734 246 105 spielt
2078 5739 241 77 einen
2363 5741 229 76 Leier-

691 5836 320 91 kasten,
1111 5834 148 78 der
1342 5836 303 80 andere
1736 5839 142 78 hat
1963 5844 417 77 Trommel
2468 5844 167 77 und

693 5941 540 107 Schlagzeug,
1331 5941 149 78 das
1574 5944 403 78 Mädchen
2080 5951 250 103 singt.
2490 5953 145 74 Ein

691 6051 420 102 Vorgang,
1176 6046 159 78 den
1396 6076 188 48 man
1645 6048 282 81 kennt.
2048 6056 184 73 Man
2290 6054 140 77 hat
2490 6056 145 75 das

693 6153 312 78 überall
1047 6149 168 78 und
1257 6153 118 76 oft
1419 6156 109 73 im
1563 6154 273 78 Leben
1873 6158 391 103 gesehen.
2351 6163 277 91 Leute,

693 6259 132 78 die
884 6258 173 77 sich
1116 6258 138 74 auf
1309 6258 127 76 ihr
1494 6261 313 76 Mitleid
1866 6280 256 61 etwas
2180 6264 448 97 einbilden,

693 6364 327 105 pflegen
1104 6366 80 71 in
1272 6363 339 77 solchen
1697 6364 276 80 Fällen
2061 6368 132 78 die
2281 6368 354 81 kleinste

696 6469 322 80 Einheit
1115 6468 218 77 ihrer
1416 6471 437 107 Währung
1951 6501 142 50 zur
2188 6476 447 107 Erhöhung

693 6576 218 76 ihres
1027 6571 877 83 Selbstbewusstseins
2016 6579 609 78 fortzuwerfen.

2874 478 422 83 Während
3362 485 277 91 Leute,
3722 485 134 81 die
3936 490 147 75 mit
4147 487 297 79 beiden
4506 493 312 75 Füssen

2874 590 134 75 auf
3065 588 148 77 der
3272 590 212 80 Erde
3543 593 320 92 stehen,
3929 595 271 78 nichts
4256 595 328 105 gebend
4645 597 175 76 sich

2877 693 199 78 über
3143 695 708 80 Bettlerunwesen
3931 698 433 107 beklagen.
4484 705 161 73 Das
4715 705 105 75 ist

2876 798 130 76 die
3065 800 417 108 Wirkung
3563 802 148 78 der
3795 808 281 73 Natur.
4205 807 395 76 Dasselbe
4683 834 92 78 ge-

2874 903 320 78 schieht
3258 905 200 103 jetzt
3528 908 137 77 auf
3733 908 147 77 der
3946 908 313 80 Bühne.
4379 912 441 78 Dieselben

2872 1012 249 74 Leute
3182 1008 290 82 lachen
3529 1012 204 78 oder
3790 1017 351 74 weinen.
4244 1018 105 73 Es
4408 1017 197 103 geht
4645 1015 175 78 also

2867 1115 185 74 eine
3084 1115 417 107 Wirkung
3524 1145 176 66 aus,
3731 1122 184 74 eine
3941 1118 406 80 sinnliche
4369 1122 446 103 Wirkung,

2869 1217 134 77 die
3062 1223 308 100 positiv
3428 1222 169 76 und
3656 1227 336 101 negativ
4049 1225 275 76 nichts
4384 1228 148 75 mit
4578 1225 243 78 Ethik

2867 1352 97 46 zu
3023 1340 149 61 tun
3230 1327 167 78 hat.
3514 1328 235 78 Auch
3807 1330 278 78 nichts
4146 1333 147 75 mit
4352 1332 461 78 Aesthetik.

2871 1433 228 71 Denn
3189 1433 313 76 Bettler
3582 1433 283 105 gelten
3946 1433 438 107 allgemein
4467 1437 119 76 als
4667 1465 102 48 un-

2869 1533 483 80 ästhetisch.
3472 1542 167 74 Nur
3716 1540 531 78 Kunstmaler
4322 1542 276 76 finden
4676 1570 97 50 an-

2867 1638 380 105 gebliche
3292 1645 266 74 Reize.
3660 1645 535 76 Kunstmaler
4234 1645 330 78 können
4628 1647 197 78 aber

2871 1743 530 80 bekanntlich
3479 1748 228 78 nicht
3785 1750 356 78 sehen.
4263 1755 191 75 Hier
4523 1757 105 73 ist
4689 1752 134 78 die

2867 1850 415 107 Wirkung
3321 1855 173 74 rein
3531 1853 586 78 künstlerisch.
4198 1857 220 79 Weil
4462 1855 359 80 nämlich

2869 1955 227 78 nicht
3136 1958 461 78 natürliche
3633 1960 445 78 Menschen
4112 1989 147 52 vor
4300 1990 152 50 uns
4496 1963 322 93 stehen,

2867 2060 183 78 weil
3111 2063 359 81 nämlich
3528 2065 230 78 diese
3800 2067 446 77 Menschen
4307 2097 154 47 nur
4518 2073 307 100 Träger

2867 2192 159 49 von
3070 2167 288 96 Farbe,
3406 2168 269 107 Klang
3705 2170 168 78 und
3909 2175 474 103 Bewegung
4427 2173 215 93 sind,
4688 2173 137 78 die

2869 2297 96 49 zu
3025 2275 267 76 einem
3353 2273 666 80 künstlerischen
4080 2278 548 105 Organismus
4683 2307 95 76 ge-

2871 2373 282 81 staltet
3211 2378 369 78 wurden.
3678 2380 202 78 Jede
3921 2383 474 105 Bewegung
4454 2383 222 78 steht
4737 2387 84 71 in

2869 2483 227 75 einer
3155 2483 474 105 Beziehung
3685 2514 97 47 zu
3843 2485 145 78 der
4048 2485 389 79 anderen.
4552 2488 274 76 Durch

2871 2585 132 78 die
3089 2585 381 81 absolute
3546 2593 397 104 Messung
4017 2590 146 79 der
4241 2598 582 102 Bewegungen

2871 2695 81 73 in
2996 2691 261 80 ihrem
3297 2695 474 78 Verhältnis
3814 2697 528 94 zueinander,
4390 2700 206 76 wird
4637 2700 188 103 jede

2869 2796 372 78 einzelne
3282 2800 476 105 Bewegung
3800 2802 397 94 sichtbar,
4244 2803 178 78 also
4466 2805 357 76 sinnlich

2871 2901 415 78 wirksam.
3404 2906 159 75 Der
3639 2905 559 79 künstlerisch
4278 2908 547 107 ungeschulte

2872 3008 337 76 Mensch
3267 3027 259 61 nennt
3584 3010 230 78 diese
3875 3013 581 107 Bewegungen
4518 3018 256 73 mario-

2872 3115 491 76 nettenhaft.
3455 3115 223 83 Weil
3711 3145 88 49 er
3829 3145 158 49 nur
4017 3145 102 49 an
4152 3118 146 78 der
4334 3123 492 76 Marionette

2872 3216 132 78 die
3099 3223 476 103 Bewegung
3665 3221 555 80 wahrnimmt.
4371 3227 223 79 Weil
4691 3227 132 76 bei

2871 3321 147 78 der
3048 3326 493 77 Marionette
3580 3325 137 79 die
3749 3332 478 106 Bewegung
4264 3328 561 80 künstlerisch

2869 3428 391 105 gestaltet
3318 3430 233 78 wird.
3668 3433 427 78 Während
4158 3433 145 78 der
4362 3435 463 79 natürliche

2871 3533 338 78 Mensch
3306 3535 178 76 sich
3578 3535 466 108 überhaupt
4141 3538 225 78 nicht
4461 3538 355 108 bewegt.

2871 3638 223 80 Weil
3187 3641 132 75 für
3411 3641 139 77 ihn
3646 3641 134 78 die
3875 3645 472 103 Bewegung
4442 3674 154 49 nur
4689 3650 132 74 ein

2871 3743 293 78 Zweck
3243 3746 136 77 ist.
3501 3748 186 76 Erst
3763 3773 240 51 wenn
4080 3748 147 78 der
4302 3751 294 77 Zweck
4674 3750 147 78 der

2871 3851 475 104 Bewegung
3385 3851 232 78 nicht
3660 3853 355 80 erreicht
4056 3853 235 95 wird,
4339 3853 203 81 oder
4583 3885 238 49 wenn

2872 3951 134 78 die
3084 3956 474 105 Bewegung
3633 3956 188 78 dem
3882 3958 293 78 Zweck
4252 3960 229 78 nicht
4557 3960 259 95 dient,

2871 4058 206 76 wird
3155 4058 132 80 die
3365 4061 471 107 Bewegung
3919 4066 110 73 im
4092 4063 269 78 Leben
4423 4066 393 77 sichtbar.

2874 4166 185 75 Man
3145 4165 218 78 lacht
3450 4168 203 76 über
3729 4166 159 78 den
3970 4170 582 105 Stolpernden,
4633 4173 185 78 weil

2882 4287 170 59 erst
3111 4273 108 73 im
3282 4273 832 105 Unzweckmässigen
4175 4275 132 79 die
4349 4280 476 105 Bewegung

2874 4373 307 80 wieder
3223 4376 355 77 sinnlich
3622 4378 635 107 aufgenommen
4296 4381 236 77 wird.
4628 4386 145 73 Des-

2874 4507 286 79 wegen
3248 4481 188 78 hilft
3523 4483 176 76 sich
3783 4483 149 78 der
4017 4485 579 106 Schauspieler
4674 4513 146 53 aus

2874 4583 161 78 den
3094 4586 386 76 Gründen
3541 4586 149 78 der
3743 4588 418 107 Wirkung
4217 4595 396 74 meistens
4674 4605 149 66 mit

2876 4688 413 107 Stolpern,
3355 4691 183 78 weil
3599 4720 88 49 er
3746 4693 175 76 sich
3981 4712 234 61 sonst
4276 4698 227 76 nicht
4562 4698 216 78 sicht-

2874 4795 147 74 bar
3113 4796 396 105 bewegen
3606 4796 242 80 kann.
4000 4803 276 78 Wenn
4390 4830 86 49 er
4586 4805 230 103 geht,

2874 4903 513 78 interessiert
3455 4930 88 49 es
3611 4903 296 78 keinen
3976 4906 493 78 Zuschauer.
4589 4910 232 76 Auch

2872 5005 259 96 nicht,
3230 5035 238 51 wenn
3563 5037 90 49 er
3743 5010 203 105 liegt
4039 5011 202 78 oder
4335 5016 190 75 sitzt
4620 5015 201 78 oder

2874 5111 246 78 steht.
3240 5113 222 79 Weil
3555 5113 149 79 der
3797 5116 469 78 Zuschauer
4357 5120 209 76 eben
4662 5118 156 80 alle

2871 5216 228 80 diese
3196 5223 579 102 Bewegungen
3890 5221 227 78 nicht
4213 5223 366 78 sichtbar
4669 5253 100 77 ge-

2872 5321 281 80 staltet
3248 5323 452 79 bekommt.
3853 5326 232 76 Auch
4188 5326 146 78 das
4430 5328 386 107 Stolpern

2871 5426 147 78 des
3133 5428 623 107 Schauspielers
3870 5435 105 72 ist
4070 5431 228 78 nicht
4390 5435 421 103 gestaltet.

2867 5531 222 78 Aber
3208 5533 182 78 der*
3467 5535 469 77 Zuschauer
4056 5535 247 94 lacht,
4422 5538 186 78 weil
4728 5567 88 51 es

2871 5636 133 76 die
3081 5641 318 102 einzige
3485 5643 473 102 Bewegung
4042 5645 138 89 ist,
4269 5643 134 76 die
4488 5672 90 51 er
4671 5673 147 50 aus

2872 5743 187 76 dem
3148 5745 271 76 Leben
3507 5746 281 76 kennt.
3939 5745 327 79 Ebenso
4354 5751 107 75 ist
4518 5777 90 50 es
4667 5755 151 74 mit

2871 5846 188 78 dem
3148 5850 417 103 Sprechen
3656 5850 165 77 und
3907 5850 188 79 dem
4185 5856 335 104 Singen.
4659 5861 161 73 Der

2872 5951 593 80 Zuschauer
3540 5954 238 78 hört
3854 5954 602 82 Gedanken.
4594 5960 224 79 Aber

2872 6056 226 78 nicht
3167 6061 132 73 ein
3367 6063 362 101 einziges
3785 6063 246 79 Wort
4090 6059 318 82 kommt
4469 6065 168 77 ihm
4698 6066 118 78 als

2867 6166 246 76 Wort
3153 6164 204 77 oder
3392 6193 149 78 gar
3582 6166 118 76 als
3741 6164 269 109 Klang
4058 6170 128 76 ins
4222 6173 588 78 Bewusstsein.

2869 6271 269 75 Damit
3199 6297 168 47 nun
3428 6269 289 107 irgend
3777 6286 254 61 etwas
4088 6275 464 101 geschieht,
4632 6278 184 78 hilft

2872 6374 176 77 sich
3087 6373 148 78 der
3269 6374 579 107 Schauspieler
3888 6380 151 76 mit
4080 6374 188 83 dem
4312 6381 284 78 Schrei
4623 6383 193 88 ,und

2869 6478 147 78 der
3072 6479 339 78 Dichter
3470 6485 185 74 mit»
3675 6481 186 78 dem
3926 6483 338 81 Schuss.
4373 6491 277 76 Wenn
4705 6490 74 103 je-

2869 6584 247 77 mand
3179 6586 333 93 schreit,
3578 6588 366 79 versteht
4003 6617 90 50 es
4152 6591 146 76 der
4347 6593 471 78 Zuschauer
