2270 3739
140 213 77 42 186

974 214 328 32 INFORMATIONS

129 319 174 52 d'après
342 317 196 52 laquelle
562 317 28 39 il
625 330 27 38 y
683 329 37 30 a,
764 315 112 39 dans
906 313 38 39 le
980 310 299 54 plain-chant,
1317 319 87 28 une
1434 314 175 31 mesure
1643 298 236 52 régulière,
1919 307 102 27 avec
2058 294 76 39 des

132 397 125 32 notes
289 388 54 40 de
362 387 156 40 durées
542 383 252 42 différentes
817 397 9 35 ;
853 383 38 39 la
918 381 167 40 théorie
1117 379 53 39 de
1193 376 61 40 M.
1282 374 61 42 G.
1378 371 229 47 Houdard,
1630 367 160 42 fondée
1815 378 65 26 sui
1916 364 10 38 1
1947 363 162 51 équiva-

133 456 121 41 lence
278 456 53 40 de
353 456 191 40 certains
569 465 196 40 groupes
784 452 54 39 de
871 458 127 32 notes
1018 443 252 57 (ligatures)
1292 457 103 28 avec
1424 456 58 27 un
1523 452 108 32 son;
1657 433 120 44 enfin
1802 434 37 39 la
1875 433 169 41 théorie
2082 436 54 39 de

139 524 59 40 M.
227 524 221 42 Riemann
468 523 247 47 lui-même,
736 520 89 51 qui,
858 526 92 33 tout
973 531 53 26 en
1049 515 202 41 excluant
1270 512 36 40 la
1330 524 159 28 mesure
1496 541 7 16 ,
1530 508 149 40 admet
1714 518 59 26 un
1794 501 160 53 rythme
1978 507 158 35 mesuré

136 593 91 53 (qui
245 590 196 52 modifie,
466 590 123 40 selon
610 589 61 40 les
692 602 88 33 cas,
801 588 38 39 la
855 586 154 40 valeur
1031 585 76 39 des
1132 580 157 52 notes).
1313 585 42 34 2°
1376 580 58 38 Le
1450 581 274 37 romantisme
1747 573 107 38 dans
1884 571 39 38 la
1947 586 189 39 musique

139 661 237 40 allemande
406 657 198 54 (Weber,
641 656 274 45 Marschner,
955 652 276 48 Schumann,
1273 647 218 51 Wagner,
1525 640 225 53 Brahms),
1777 654 81 39 par
1896 639 237 41 Willibald

137 728 158 51 Nagel.
332 743 18 35 3
358 740 16 21 0
396 726 165 42 Mozart
591 734 35 34 et
649 728 13 40 l
680 728 171 40 histoire
890 726 49 40 de
964 724 158 52 l'opéra
1126 755 11 18 ,
1166 736 79 39 par
1270 719 228 41 Hermann
1519 710 326 44 Kretzschmar.
1870 707 64 41 La
1971 707 140 42 biblio-

139 797 186 52 graphie
346 796 212 41 musicale
581 797 52 40 de
662 808 95 40 1905
784 804 65 32 est
870 793 180 42 l'œuvre
1070 789 280 56 personnelle
1389 787 53 40 de
1463 783 63 40 M.
1567 779 173 43 Rudolf
1758 777 249 41 Schwartz.

191 888 262 38 Commission
473 888 70 36 des
555 886 196 39 Théâtres
766 886 249 47 populaires.
1034 903 51 5 —
1089 878 64 41 La
1169 875 303 44 Commission
1488 868 259 44 consultati\
1761 880 22 25 e
1802 866 77 39 des
1908 865 223 48 Théâties,

141 954 207 38 instituée
373 966 78 38 par
475 955 141 37 arrêté
638 964 54 27 en
715 951 100 39 date
838 950 58 40 du
921 964 18 38 7
965 949 92 52 juin
1085 959 117 40 1905,
1228 947 119 38 vient
1371 942 52 40 de
1453 939 210 42 terminer
1686 936 37 39 la
1750 936 219 51 premièie
1994 935 141 51 partie

149 1020 53 41 de
237 1034 69 28 ses
330 1029 195 31 travaux.
551 1018 38 41 A
609 1020 40 39 la
673 1022 111 37 suite
808 1019 53 39 de
884 1031 45 26 sa
950 1017 216 51 première
1189 1015 203 43 réunion,
1419 1011 75 51 qui
1515 1016 72 32 eut
1605 1006 87 40 lieu
1718 1018 55 27 au
1814 1008 298 36 sous-secréta-

145 1091 81 38 riat
247 1088 148 41 d'Etat
417 1088 77 40 des
516 1086 295 47 Beaux-Arts,
838 1086 37 40 le
904 1100 49 36 29
977 1086 91 51 juin
1097 1095 117 40 1905,
1240 1089 110 33 cette
1370 1077 304 42 Commission
1693 1072 154 42 décida
1866 1072 38 40 la
1930 1073 170 39 nomina-

145 1159 91 39 tion
271 1157 54 40 de
362 1157 110 40 deux
498 1156 440 41 sous-commissions
955 1168 7 26 :
990 1154 37 39 la
1053 1153 215 52 première
1289 1149 188 50 chargée
1499 1146 53 40 de
1573 1145 10 40 1
1603 1157 185 28 examen
1811 1142 76 40 des
1908 1140 228 42 différents

146 1225 161 53 projets
326 1223 378 42 d'établissement
727 1224 52 39 de
803 1223 191 40 théâtres
1011 1218 270 56 populaires,
1308 1219 38 39 la
1372 1215 190 43 seconde
1585 1214 53 40 de
1661 1220 144 33 toutes
1827 1211 62 40 les
1907 1211 230 52 questions

147 1294 203 39 relatives
370 1307 82 26 aux
473 1293 374 51 représentations
870 1291 254 52 populaires
1149 1296 93 33 tant
1266 1291 21 36 à
1313 1286 127 41 Paris
1464 1297 85 39 que
1566 1283 111 40 dans
1702 1282 62 39 les
1785 1281 349 52 départements.

145 1359 120 44 Neuf
295 1361 163 52 projets
489 1359 146 42 furent
670 1361 168 40 soumis
859 1364 21 35 à
917 1360 40 39 la
981 1360 216 51 première
1219 1354 439 43 sous-commission.
1683 1350 69 42 Un
1785 1357 265 45 rapporteur
2075 1345 63 42 fut

147 1433 178 36 nommé
363 1442 112 38 pour
506 1429 167 39 chacun
697 1426 140 47 d'eux,
863 1435 40 31 et
926 1425 62 40 M.
1014 1424 218 41 Turotfut
1256 1423 162 50 chargé
1439 1421 57 40 du
1522 1427 178 44 rapport
1724 1416 180 52 général
1929 1430 77 26 sur
2029 1415 10 40 1
2059 1429 52 26 en-

147 1496 168 42 semble
343 1498 52 38 de
416 1509 69 27 ces
521 1496 178 51 projets.
731 1495 60 39 M.
817 1493 254 52 Millevoye,
1108 1493 176 51 député,
1305 1490 64 41 fut
1393 1493 181 38 nommé
1593 1495 264 44 rapporteur
1879 1484 182 51 général
2085 1484 53 39 de

147 1565 39 39 la
223 1564 187 41 seconde
446 1563 435 41 sous-commission.
920 1559 141 54 Après
1103 1561 252 39 discussion
1392 1558 76 39 des
1492 1563 205 45 rapports
1720 1554 54 40 de
1793 1552 114 40 MM.
1943 1552 130 40 Turot
2096 1561 41 31 et

147 1632 252 52 Millevoye,
423 1632 38 39 la
483 1630 302 41 Commission
802 1630 209 51 plénière,
1033 1630 112 39 dans
1169 1641 70 26 ses
1259 1631 181 36 séances
1457 1625 76 39 des
1551 1628 50 36 26
1621 1632 41 31 et
1687 1637 49 38 29
1759 1623 170 52 janvier
1945 1622 189 47 dernier,

150 1701 158 51 adopta
334 1700 61 39 les
418 1699 267 39 résolutions
703 1699 226 38 suivantes
953 1712 6 25 :
988 1702 38 33 i°
1044 1695 31 40 11
1099 1709 95 26 sera
1213 1698 96 37 créé
1327 1709 24 35 4
1373 1694 192 39 théâtres
1585 1691 257 53 populaires
1864 1694 21 36 à
1901 1690 128 40 Paris
2050 1701 7 27 :
2077 1704 59 26 un

148 1783 52 25 au
224 1776 145 32 centre
407 1775 40 31 et
486 1768 106 38 trois
612 1766 110 39 dans
746 1765 38 40 la
805 1764 251 53 périphérie
1078 1778 8 34 ;
1113 1778 20 25 2
1140 1771 14 14 0
1176 1762 62 41 Le
1259 1763 168 40 théâtre
1450 1761 232 53 populaire
1702 1759 307 41 fonctionnera
2034 1771 104 27 avec

146 1836 75 40 des
242 1844 177 42 troupes
443 1843 261 31 autonomes
729 1846 8 35 ;
767 1847 16 36 3
790 1837 17 18 0
828 1831 87 41 Les
934 1831 130 41 fonds
1087 1832 271 40 nécessaires
1379 1839 151 32 seront
1548 1833 176 37 assurés
1748 1843 56 26 au
1825 1841 160 40 moyen
2006 1825 132 42 d'une

147 1904 152 40 loterie
339 1916 56 27 ou
419 1904 51 38 de
503 1902 113 41 bons
640 1906 21 35 à
703 1902 83 40 lots
805 1916 9 33 ;
851 1916 23 36 4
880 1906 17 17 0
920 1899 367 42 Conformément
1310 1914 82 26 aux
1413 1900 304 52 propositions
1738 1898 55 40 de
1818 1896 112 41 MM.
1961 1895 177 41 Catulle

148 1971 184 40 Mendès
354 1980 40 31 et
412 1971 52 39 de
488 1969 323 51 Sainte-Croix,
835 1983 84 27 une
953 1968 268 42 subvention
1242 1970 270 51 importante
1534 1980 98 27 sera
1654 1970 199 36 réservée
1880 1978 75 27 sur
1982 1964 39 40 le
2041 1977 73 39 pro-

149 2040 93 40 duit
283 2040 52 39 de
369 2039 40 40 la
433 2039 152 40 loterie
623 2051 111 39 pour
767 2038 40 40 la
837 2040 194 38 création
1049 2038 52 40 de
1121 2040 145 50 pièces
1287 2036 229 42 nouvelles
1539 2044 42 32 et
1604 2036 38 40 le
1665 2035 372 52 développement
2060 2032 76 41 des

151 2109 372 51 représentations
546 2107 254 52 populaires
823 2119 74 28 sur
918 2106 63 41 les
1004 2111 152 36 scènes
1180 2107 53 39 de
1253 2107 222 51 province.

204 2175 139 52 Après
364 2189 46 26 ce
437 2184 116 40 vote,
579 2173 61 42 M.
666 2174 496 52 Dujardin-Beaumetz,
1190 2176 75 50 qui
1288 2174 213 52 présidait
1519 2187 69 27 ces
1613 2174 227 48 réunions,
1868 2187 21 26 a
1910 2174 225 39 vivement

155 2245 208 41 remercié
398 2244 63 39 les
496 2242 221 41 membres
748 2243 53 40 de
837 2243 37 40 la
894 2243 305 41 Commission
1218 2243 54 40 de
1296 2243 94 40 leur
1412 2243 170 40 dévoué
1605 2250 41 32 et
1666 2243 204 51 précieux
1899 2254 233 28 concours.

152 2313 30 40 Il
205 2314 62 39 les
291 2327 22 25 a
338 2316 175 36 assurés
536 2325 99 40 que,
661 2311 87 41 lors
771 2311 53 41 de
847 2312 39 39 la
911 2312 251 40 discussion
1183 2311 240 53 prochaine
1446 2311 57 40 du
1527 2310 168 51 budget
1714 2311 78 40 des
1813 2309 281 42 Beaux-Arts
2115 2314 21 35 à

152 2382 39 39 la
221 2379 242 52 Chambre,
501 2380 28 40 il
563 2380 291 40 soutiendrait
894 2380 160 40 devant
1079 2380 38 40 le
1141 2379 255 41 Parlement
1420 2380 62 40 les
1505 2379 285 41 conclusions
1812 2384 152 36 votées
1988 2392 80 40 par
2098 2379 38 39 la

151 2448 305 41 Commission
479 2448 76 40 des
576 2448 206 40 théâtres.

202 2535 175 37 Rennes.
489 2528 86 41 Par
598 2532 138 37 arrêté
754 2527 258 53 préfectoral
1035 2542 54 27 en
1112 2529 100 40 date
1232 2528 58 40 du
1319 2533 45 36 16
1383 2529 183 51 janvier,
1588 2528 61 41 M.
1675 2528 188 42 Charles
1886 2529 252 42 Cuelnaere

153 2606 64 32 est
252 2601 178 37 nommé
473 2595 252 54 professeur
746 2597 53 39 de
828 2597 263 40 violoncelle
1115 2601 22 35 à
1162 2596 162 42 l'Ecole
1344 2597 53 41 de
1417 2599 221 51 musique,
1661 2599 253 40 succursale
1937 2598 58 41 du
2019 2598 90 41 Con-

153 2667 240 39 servatoire
416 2665 213 48 national,
655 2669 21 35 à
703 2664 191 49 Rennes,
920 2679 53 27 en
995 2666 343 52 remplacement
1359 2666 53 40 de
1440 2666 60 40 M.
1527 2665 277 44 Montecchw

200 2751 51 36 Le
283 2751 130 36 Mans.
532 2745 87 41 Par
658 2749 140 37 arrêté
836 2746 56 40 du
925 2760 47 36 23
1014 2747 181 52 janvier,
1239 2746 66 41 M.
1336 2747 39 40 le
1413 2746 147 42 Préfet
1580 2747 53 41 de
1657 2749 40 39 la
1722 2747 162 42 Sarthe
1908 2763 22 26 a
1955 2753 179 37 nommé

153 2813 45 40 M
203 2812 38 24 lie
262 2813 215 41 Martinès
515 2812 218 54 (Isabelle)
772 2813 253 52 professeur
1063 2815 181 52 adjoint,
1267 2816 190 50 chargée
1479 2817 76 40 des
1579 2829 129 28 cours
1731 2819 329 50 préparatoires
2082 2817 54 40 de

153 2881 167 51 solfège
339 2891 41 31 et
399 2883 53 38 de
478 2884 131 49 piano
635 2886 21 35 à
680 2881 161 40 l'Ecole
861 2883 223 40 nationale
1104 2883 52 40 de
1181 2886 205 51 musique
1402 2885 57 40 du
1484 2884 146 41 Mans.

203 2968 144 36 Tours.
466 2962 87 40 Par
583 2966 141 36 arrêté
755 2963 259 40 ministériel
1051 2977 54 27 en
1139 2964 101 41 date
1275 2965 56 41 du
1374 2980 42 37 31
1462 2967 184 51 janvier,
1681 2965 62 41 M.
1770 2967 195 52 Berquet
1987 2966 153 53 (Paul-

153 3028 464 54 Claude-Rodolphe),
648 3045 11 24 i
670 3035 31 17 cr
720 3030 93 51 prix
834 3031 52 40 de
908 3031 150 41 violon
1076 3033 58 40 du
1158 3032 343 44 Conservatoire
1522 3035 200 41 national
1742 3036 53 40 de
1809 3038 212 50 musique
2037 3045 40 31 et
2090 3036 54 40 de

153 3097 312 49 déclamation,
492 3113 21 25 a
548 3102 67 37 été
646 3102 179 37 nommé
845 3099 217 41 directeur
1080 3100 52 40 de
1156 3101 11 40 l
1186 3092 134 51 École
1343 3103 226 41 nationale
1592 3104 54 40 de
1668 3106 209 51 musique
1901 3105 53 40 de
1978 3104 162 51 Tours,

151 3179 54 28 en
229 3167 341 52 remplacement
593 3167 52 39 de
668 3165 61 40 M.
756 3165 260 50 Grodvolle,
1051 3170 175 39 décédé.

207 3251 220 43 ERRATUM
452 3267 9 25 :
495 3254 88 38 àla
624 3269 17 23 i
649 3259 31 16 ie
698 3262 45 46 p.
769 3254 48 40 de
840 3261 118 33 notre
996 3255 169 40 dernier
1484 3259 76 40 lire
1593 3273 21 24 <(
1649 3259 223 54 organiste
1904 3275 50 25 en
1990 3274 106 40 1593
2124 3273 19 24 »

152 3334 53 27 au
229 3320 83 40 lieu
344 3321 50 39 de
422 3336 19 21 «
471 3324 52 37 né
545 3335 50 26 en
621 3334 106 42 1593
754 3335 37 25 ».

1361 3420 57 40 Le
1451 3420 162 42 Gérant
1638 3438 11 24 :
1681 3423 53 39 A.
1771 3422 202 46 REBECQ.

784 3509 100 28 Poitiers.
900 3522 17 5 -
929 3510 82 28 Société
1028 3513 104 31 française
1146 3516 148 28 d'lmprimerie
1310 3517 24 25 et
1350 3520 26 23 de
1397 3519 107 25 Librairie.
