2282 3946
890 296 284 69 SOME
1319 299 724 68 OPINIONS

887 400 396 64 ABOUT
1367 400 231 69 THE
1687 405 356 77 MASK,

895 499 157 66 ITS
1098 502 739 79 APPEARANCE,
1888 504 155 66 ITS

892 601 450 74 ARTICLES
1377 606 198 66 AND
1624 604 137 68 ITS
1796 606 247 66 AIMS.

960 717 280 31 SATURDAY
1260 718 229 35 REVIEW.
1533 722 22 14 44
1569 723 28 28 A
1621 730 82 21 new
1725 721 148 36 journal
1896 723 149 34 printed

893 782 38 28 in
947 788 22 21 a
993 788 92 29 very
1100 781 159 35 original
1275 789 94 29 way,
1381 783 93 29 with
1487 785 258 34 woodcuts,....
1759 784 70 30 and
1844 784 202 37 articles,...

894 851 47 21 on
958 842 48 30 all
1019 844 119 34 topics
1155 844 204 29 connected
1376 845 91 29 with
1483 845 65 30 the
1559 847 164 29 theatre.
1738 846 97 30 Such
1853 854 21 21 a
1888 845 160 37 journal,

894 904 29 31 if
945 906 31 28 it
998 904 107 30 could
1139 906 146 29 receive
1318 905 194 31 sufficient
1543 910 170 34 support,
1745 907 122 31 would
1903 908 93 30 have
2029 917 21 21 a

895 968 156 29 distinct
1072 967 109 30 value
1204 967 38 30 of
1264 968 50 29 its
1336 976 96 21 own.

278 1072 133 34 PALL
434 1071 141 34 MALL
600 1069 256 35 GAZETTE*
880 1071 23 13 44
919 1071 29 28 A
974 1078 82 22 new
1079 1070 200 29 theatrical
1301 1070 148 35 journal
1480 1071 117 30 called
1623 1071 82 32 The
1727 1072 173 37 Mask,...
1929 1081 120 22 seems

211 1136 148 35 worthy
381 1133 38 30 of
441 1142 21 21 a
484 1132 118 37 really
626 1133 134 35 hearty
782 1131 192 30 welcome.
1018 1132 120 29 There
1160 1132 32 30 is
1216 1132 67 29 not
1305 1140 21 22 a
1348 1139 93 29 page
1458 1134 37 28 in
1512 1134 31 30 it
1554 1134 121 30 which
1692 1136 31 28 is
1740 1136 66 28 not
1822 1136 227 36 interesting

212 1198 71 30 and
306 1195 239 36 stimulating
567 1195 39 29 in
630 1203 21 21 a
672 1193 78 31 fine
773 1202 95 28 way,
893 1194 71 29 and
989 1201 112 29 many
1124 1201 64 22 are
1212 1194 89 29 both

280 1258 74 29 The
377 1265 101 22 same
501 1255 164 36 journal,
689 1254 190 37 referring
901 1256 40 28 to
968 1254 81 30 The
1072 1254 156 30 Mask's
1251 1256 282 35 championship
1556 1256 38 30 of
1615 1257 65 29 the
1705 1258 143 29 Censor
1870 1266 96 28 says,
2029 1267 20 21 a

212 1321 133 29 writer
365 1320 84 29 who
472 1318 109 30 takes
604 1318 57 28 his
684 1317 80 30 side
788 1315 172 38 strongly
983 1317 176 29 deserves
1182 1319 206 35 gratitude,
1404 1318 193 30 whatever
1621 1320 58 29 his
1700 1320 95 29 view
1812 1327 83 29 may
1911 1321 64 35 be;
1990 1320 59 30 for

214 1383 31 29 it
266 1383 32 28 is
319 1381 88 36 only
430 1381 47 36 by
498 1380 189 35 Sincerity
710 1379 70 29 and
807 1379 169 35 Courage
1000 1378 86 30 that
1108 1379 66 29 the
1204 1387 109 22 cause
1343 1379 38 30 of
1410 1381 69 28 Art
1508 1388 68 21 can
1608 1381 44 29 be
1683 1381 163 37 usefully

284 1490 391 37 WESTMINSTER
701 1489 254 35 GAZETTE.
1020 1490 81 30 The
1124 1490 120 31 Mask
1247 1514 9 14 ,
1284 1494 46 35 by
1352 1493 66 29 the
1447 1501 93 29 way,
1564 1495 31 28 is
1617 1502 20 21 a
1667 1494 104 35 quite
1801 1494 247 38 remarkable,

213 1555 285 35 revolutionary
522 1553 207 37 magazine,
757 1552 136 36 which,
923 1552 130 30 unlike
1087 1560 72 30 any
1192 1553 132 37 purely
1356 1555 200 30 theatrical
1590 1557 193 35 magazine
1816 1557 86 29 that
1935 1559 12 27 1
1981 1566 67 22 can

212 1616 190 36 recollect,
425 1617 31 28 is
478 1615 82 30 rich
583 1616 38 28 in
646 1613 258 37 intelligence,
930 1621 112 29 eager
1065 1615 207 29 discussion
1297 1615 37 30 of
1355 1616 201 30 theatrical
1576 1617 142 36 affairs,
1735 1619 168 36 treating
1919 1620 129 29 drama

213 1680 72 29 and
308 1679 66 29 the
397 1679 107 34 stage
527 1676 186 36 seriously
736 1684 40 21 as
800 1677 110 35 great
934 1677 159 29 matters
1116 1675 38 31 of
1176 1679 72 34 art,
1272 1679 70 27 and
1367 1677 164 37 striking
1550 1678 155 38 fiercely
1721 1681 148 35 against
1884 1680 64 30 the
1966 1682 82 29 idea

214 1741 85 30 that
335 1748 22 21 a
392 1740 205 36 playhouse
630 1738 134 29 should
801 1739 45 28 be
880 1746 20 20 a
934 1745 103 22 mere
1070 1738 104 35 place
1208 1738 38 30 of
1661 1741 87 30 This
1820 1743 228 37 interesting

216 1803 193 36 magazine
432 1802 31 28 is
487 1800 114 36 likely
623 1801 40 28 to
688 1800 93 28 have
804 1807 22 21 a
848 1800 109 35 great
980 1799 113 30 effect
1117 1807 99 28 upon
1239 1800 65 30 the
1327 1802 130 28 drama
1480 1800 37 30 of
1539 1802 63 29 the
1625 1801 143 31 future.
1805 1803 118 31 There
1947 1806 31 27 is
2002 1812 46 21 no

216 1866 104 28 trace
343 1862 38 30 of
403 1861 241 31 somnolence
667 1862 38 28 in
732 1860 81 29 The
837 1859 132 31 Mask.
992 1866 43 24 &
1160 1868 44 24 &
1835 1872 45 24 &
2006 1872 44 24 &

216 1972 43 25 <£?
284 1963 247 32 MORNING
553 1962 147 32 POST.
745 1964 24 16 44
792 1964 146 36 Among
959 1964 65 29 the
1051 1963 96 31 least
1173 1965 179 35 expected
1387 1966 174 29 editorial
1594 1966 125 31 sallies
1752 1975 64 22 are
1851 1976 21 21 a
1904 1970 148 35 protest

217 2028 148 36 against
386 2027 66 29 the
475 2027 106 36 stage
611 2027 212 28 treatment
846 2025 38 29 of
906 2025 180 36 religious
1114 2025 220 36 subjects,...
1365 2027 23 14 44
1418 2027 146 30 Salome
1646 2029 35 29 is
1711 2030 67 29 not
1804 2029 247 38 forgotten....

219 2089 72 30 and
313 2089 66 29 the
402 2088 186 29 assertion
612 2088 23 14 44
649 2087 66 30 the
739 2094 134 23 censor
896 2088 31 29 is
950 2089 68 28 not
1040 2087 87 37 only
1151 2096 21 22 a
1195 2087 178 39 blessing,
1398 2089 46 29 he
1467 2090 31 29 is
1521 2098 20 21 a
1839 2099 43 24 &

289 2189 109 34 THE
421 2188 216 35 SPHERE
640 2210 9 9 .
694 2189 75 30 The
791 2190 107 30 Mask
920 2191 66 29 has
1011 2199 83 21 now
1116 2192 159 29 reached
1299 2194 50 27 its
1371 2192 87 30 fifth
1484 2195 170 28 number.
1679 2195 38 28 In
1747 2195 65 30 the
1839 2195 88 31 first
1948 2195 103 37 place

218 2253 66 29 the
306 2251 141 30 format
470 2253 31 28 is
524 2253 100 28 most
655 2253 199 35 engaging.
900 2253 32 28 It
964 2254 31 27 is
1027 2261 21 20 a
1082 2254 81 28 nice
1195 2253 143 31 f01i0....
1361 2256 150 33 printed
1535 2256 38 28 in
1598 2263 20 21 a
1634 2256 105 30 thick
1763 2257 107 30 black
1892 2259 88 36 type
2004 2266 47 22 on

218 2322 20 21 a
271 2314 122 36 rough
426 2320 128 28 paper.
599 2314 33 28 It
665 2314 172 28 contains
871 2321 111 29 many
1008 2314 200 36 delightful
1231 2316 193 29 woodcuts
1448 2318 47 35 by
1518 2318 58 29 Mr
1599 2319 110 35 Craig
1732 2318 38 30 of
1792 2319 57 29 his
1872 2327 83 21 own
1978 2322 72 28 and

219 2375 143 30 other's
385 2375 301 35 composition.,.,
709 2375 155 36 strange
887 2375 152 36 designs
1061 2375 39 29 of
1121 2376 184 30 beautiful
1327 2377 202 38 simplicity
1555 2379 125 29 which
1708 2380 83 35 give
1819 2388 81 21 new
1925 2380 64 31 life
2011 2383 39 28 to

219 2438 66 29 the
307 2437 61 30 art
391 2436 37 29 of
451 2435 160 31 Bewick.
656 2437 48 28 As
726 2435 60 30 for
808 2437 66 28 the
898 2435 156 38 literary
1077 2438 153 36 matter,
1253 2439 31 28 it
1305 2439 31 28 is
1359 2447 21 20 a
1402 2440 152 28 torrent
1576 2439 38 30 of
1635 2441 114 29 ideas.

287 2537 303 36 LIVERPOOL
616 2537 243 34 COURIER.
921 2537 81 31 The
1025 2538 120 30 Mask
1166 2540 31 28 is
1220 2548 20 21 a
1265 2547 80 22 new
1369 2541 23 14 44
1405 2540 171 37 monthly
1601 2542 147 35 journal
1779 2543 37 30 of
1844 2545 65 29 the
1933 2547 60 28 art
2015 2546 38 30 of

219 2602 65 29 the
310 2601 152 29 theatre
545 2601 73 28 and
651 2600 29 29 if
713 2600 185 36 anything
930 2608 100 21 were
1063 2601 175 35 required
1262 2602 39 28 to
1324 2608 114 28 prove
1461 2602 84 29 how
1568 2603 132 37 deeply
1722 2604 65 30 the
1810 2606 241 35 possibilities

220 2662 38 31 of
278 2663 67 29 the
368 2663 130 28 drama
520 2669 65 22 are
609 2669 83 22 now
716 2662 225 36 impressing
964 2669 102 22 some
1089 2662 38 30 of
1148 2662 66 29 the
1237 2663 99 29 most
1366 2670 113 29 eager
1508 2665 71 28 and
1611 2666 221 35 imperative
1862 2669 121 29 minds
2013 2670 37 28 in

221 2725 158 36 Europe,
402 2724 65 30 the
492 2726 176 28 contents
691 2725 71 28 and
786 2731 231 29 appearance
1041 2723 38 30 of
1100 2725 50 29 its
1171 2723 88 31 first
1282 2726 159 28 number
1463 2725 122 31 would
1609 2728 153 34 provide
1786 2729 176 30 evidence
1978 2732 72 28 and

220 2789 40 28 to
283 2794 108 28 spare
540 2788 38 27 in
601 2794 22 21 a
646 2794 157 21 manner
829 2786 38 29 of
891 2786 65 30 the
988 2787 143 29 utmost
1158 2787 146 36 dignity
1333 2788 31 28 it
1392 2789 180 34 attempts
1602 2790 39 28 to
1670 2789 22 15 44
1707 2790 109 35 bring
1847 2790 127 31 before
2004 2801 46 21 an

221 2848 219 36 intelligent
461 2847 127 36 public
611 2855 110 29 many
743 2849 151 28 ancient
917 2849 71 28 and
1013 2849 156 28 modern
1192 2849 146 35 aspects
1361 2848 38 29 of
1420 2849 64 29 the
1501 2848 194 31 Theatre's
1718 2853 72 33 art,
1814 2853 121 30 which
1959 2854 92 30 have

223 2911 94 29 been
339 2910 65 28 too
428 2909 89 35 long
539 2910 242 35 disregarded
806 2917 43 22 or
1149 2910 65 30 We
1251 2910 93 30 wish
1378 2910 82 30 The
1493 2910 122 31 Mask
1646 2920 22 21 a
1700 2912 132 37 longer
1864 2914 64 31 life
1961 2917 90 30 than

223 2971 204 30 ambitious
449 2970 223 36 periodicals
694 2970 38 30 of
753 2971 65 30 the
842 2971 89 30 kind
956 2980 64 22 are
1044 2972 191 37 generally
1258 2973 202 35 permitted
1483 2975 40 27 to

223 3034 22 14 44
259 3033 75 30 The
357 3032 138 31 second
522 3033 158 29 number
703 3033 38 29 of
764 3032 81 31 The
867 3034 121 31 Mask
1011 3036 65 29 has
1100 3043 83 22 now
1206 3036 158 29 reached
1388 3043 44 21 us
1453 3034 96 31 from
1573 3037 49 28 its
1646 3036 216 33 Florentine
1884 3041 170 38 printing

222 3095 117 37 place,
362 3096 72 28 and
462 3096 46 35 by
531 3094 65 29 the
619 3093 164 38 delicacy
806 3095 38 29 of
865 3097 50 29 its
936 3097 152 36 format,
1110 3098 66 30 the
1200 3097 259 36 pleasantness
1482 3098 71 29 and
1571 3098 146 37 dignity
1734 3098 37 31 of
1787 3100 48 30 its
1851 3102 121 37 types,
1987 3104 66 31 the

224 3156 141 31 careful
390 3155 212 31 excellence
625 3156 93 29 with
740 3157 120 30 which
884 3159 50 29 its
959 3159 252 30 illustrations
1242 3159 92 30 have
1366 3160 93 29 been
1489 3161 246 36 reproduced,
1761 3161 66 29 the
1858 3163 196 33 character

224 3218 38 30 of
282 3218 66 30 the
372 3218 253 30 illustrations
647 3218 240 37 themselves,
910 3222 71 28 and
1004 3222 66 28 the
1094 3222 150 29 curious
1260 3222 219 29 distinction
1494 3222 72 28 and
1583 3222 181 37 sincerity
1781 3222 37 30 of
1833 3224 49 30 its
1898 3224 156 40 literary

225 3281 189 35 contents,
436 3281 32 28 it
489 3288 122 21 seems
633 3281 40 28 to
696 3286 114 29 prove
833 3281 85 30 that
938 3283 65 28 the
1027 3283 148 30 artistic
1197 3284 130 29 centre
1350 3282 38 30 of
1410 3283 145 35 Europe
1578 3284 66 29 has
1667 3291 92 23 once
1782 3287 109 35 again
1914 3288 138 31 shifted

224 3343 41 28 to
2009 3358 45 25 jp

227 3453 66 31 Mr
311 3453 254 36 HALDANE
587 3453 240 37 MACFALL
848 3455 45 30 in
918 3455 108 36 THE
1046 3458 168 35 DAILY
1236 3457 244 32 GRAPHIC.
1493 3465 45 25 &
1550 3460 9 14 4
1565 3462 9 14 «
1587 3459 71 31 For
1673 3467 70 23 one
1760 3469 135 31 among
1912 3471 43 23 us
1970 3466 83 29 who

226 3518 32 28 is
273 3518 209 29 interested
506 3518 39 29 in
567 3518 66 29 the
656 3519 61 28 art
739 3518 38 29 of
804 3519 172 37 painting
997 3529 21 21 a
1041 3522 117 31 dozen
1186 3529 64 23 are
1281 3522 189 30 beckoned
1491 3523 40 28 to
1561 3522 65 30 the
1656 3521 178 40 Theatre;
1850 3527 77 35 yet,
1944 3526 110 38 oddly

227 3580 162 36 enough,
411 3580 112 30 while
546 3581 173 35 painting
741 3580 66 30 has
829 3582 50 28 its
901 3584 143 28 several
1067 3586 223 34 sumptuous
1312 3585 224 37 magazines,
1558 3584 66 30 the
1646 3585 149 32 theatre
1818 3587 66 31 has
1901 3591 67 27 not
1983 3598 71 22 one

226 3642 148 37 worthy
397 3642 38 30 of
456 3644 43 28 it.
544 3643 107 29 From
674 3644 114 35 today
810 3651 55 23 we
889 3652 63 22 are
974 3647 40 29 to
1038 3647 44 29 be
1105 3648 57 29 rid
1187 3648 37 29 of
1245 3648 76 30 this
1338 3646 282 38 unseemliness,
1635 3647 60 31 for
1712 3648 81 31 The
1808 3649 134 38 Mask,
1956 3651 97 30 from
