2710 4140
577 234 64 31 190

138 309 104 32 TWO
257 309 252 39 THEATRES,

616 319 162 23 name....
807 313 161 37 nothing
997 321 104 23 more
1126 315 93 30 than
1236 324 47 21 an
1301 317 209 31 inanimate
1529 319 80 29 clod
1628 319 38 31 of
1688 322 124 36 earth,
1830 322 233 31 condemned
2083 324 40 29 to
2142 324 234 39 everlasting
2392 327 178 38 sterility.

614 374 163 32 Behold!
794 376 167 30 Wonder
984 376 39 30 of
1051 378 196 30 wonders!
1281 379 175 32 Miranda
1493 382 124 31 draws
1650 384 102 30 Ariel
1783 386 40 28 to
1857 386 67 29 the
1955 386 110 30 earth
2100 388 73 28 and
2209 388 140 30 adorns
2383 389 189 32 Caliban's

574 439 23 14 14
614 437 201 31 shoulders
837 439 94 30 with
965 440 175 37 wings....
1164 442 73 29 and
1272 442 78 30 this
1374 444 154 30 miracle
1559 447 277 37 accomplished
1868 449 48 37 by
1947 449 81 35 her,
2060 457 132 23 causes
2222 451 70 30 her
2321 452 83 35 pale
2435 452 137 32 cheeks

573 502 25 16 44
614 502 40 29 to
677 502 144 30 redden
844 502 94 30 with
962 510 22 22 a
1007 502 110 31 blush
1142 505 73 29 and
1240 512 22 22 a
1286 505 147 31 blissful
1456 506 110 32 smile
1589 510 40 29 to
1654 512 134 34 spread
1813 519 93 22 over
1929 512 69 29 her
2014 511 84 37 Sips.
2114 512 57 30 All
2187 514 78 29 this
2282 515 32 29 is
2330 515 66 30 the
2412 515 108 31 work
2536 517 37 29 of

573 566 23 13 44
613 564 134 31 Occult
761 565 169 37 Science,
946 566 129 30 whose
1091 567 122 36 priest
1235 576 59 22 am
1319 569 26 36 I,
1369 569 238 37 gentlemen!

642 628 23 15 44
683 629 182 29 Gracious
889 630 95 36 King
1045 629 206 32 exclaimed
1286 632 67 29 the
1377 633 212 32 enchanted
1627 636 173 37 Captain,
1823 639 24 14 44
1862 639 39 28 In
1926 646 62 29 my
2022 637 77 39 life,
2122 640 94 29 such
2242 640 163 30 marvels
2435 642 13 28 I
2479 642 94 30 have

573 692 24 14 44
615 699 117 23 never
754 699 104 23 seen.
903 693 13 28 I
940 691 112 31 know
1077 693 114 30 Peter
1208 694 142 35 Quince
1367 696 73 30 and
1458 696 91 31 Nick
1566 699 186 30 Bottom's
1769 701 104 29 town
1890 701 154 30 theatre
2062 702 38 29 in
2117 702 146 31 Athens
2279 704 73 29 and
2371 703 96 31 have
2483 713 90 22 seen

573 756 22 13 44
612 755 112 30 there
741 755 38 29 in
798 755 228 37 burgherish
1051 756 252 32 melodramas
1325 759 77 29 this
1430 762 183 35 monster,
1637 762 85 30 who
1747 771 85 22 now
1856 765 90 29 does
1964 766 68 28 not
2055 772 140 29 appear
2210 767 40 29 to
2268 774 59 22 me
2343 774 42 22 so
2401 767 172 37 terrible,

573 818 22 14 44
613 817 12 30 1
649 818 94 29 have
765 825 92 23 seen
881 818 79 30 also
982 819 79 30 this
1084 820 116 30 white
1223 821 113 35 spirit
1357 821 40 31 In
1422 822 168 32 classical
1613 826 195 36 tragedies
1831 828 73 28 and
1928 827 123 29 which
2077 835 98 30 now,
2199 829 78 30 God
2296 828 145 38 knows,
2458 830 31 30 is
2507 832 66 29 not

573 881 23 15 44
619 882 42 29 at
684 880 48 30 all
756 889 41 22 so
820 882 236 31 tiresome....
1081 883 69 29 but
1174 891 117 23 never
1313 884 96 31 have
1433 886 13 29 I
1469 894 91 23 seen
1837 896 45 25 &
2529 900 44 25 &

642 945 23 13 44
678 945 176 29 Miranda
875 945 33 29 is
931 953 62 29 my
1017 946 184 37 creation,
1226 947 173 38 Captain,
1416 950 73 28 and
1508 957 61 30 my
1591 950 154 31 theatre
1762 952 32 29 is
1818 959 47 22 on
1884 960 47 22 an
1950 953 214 30 enchanted
2183 953 138 36 island,
2336 955 126 30 which
2476 964 97 28 your

573 1007 24 15 44
614 1006 248 32 excellencies
886 1009 103 29 must
1011 1009 228 30 remember.
1264 1011 75 30 But
1361 1011 32 30 it
1415 1011 32 30 is
1468 1012 96 30 time
1587 1012 207 38 already....
1816 1014 129 37 forget
1969 1016 119 30 about
2103 1016 67 30 the
2188 1018 204 35 carpenter
2415 1018 73 29 and
2505 1019 67 30 the

573 1070 24 16 44
612 1077 164 30 weaver,
800 1072 119 29 about
939 1071 105 30 their
1065 1071 154 32 theatre
1243 1074 73 29 and
1340 1075 215 37 repertory.
1580 1076 133 29 Better
1735 1078 191 35 surprises
1960 1086 65 22 are
2049 1079 39 29 in
2112 1080 105 28 store
2247 1079 60 30 for
2328 1087 88 30 you.
2442 1081 12 29 I
2478 1081 95 30 have

574 1134 23 15 44
614 1134 132 30 shown
768 1141 74 30 you
868 1135 70 29 but
953 1143 22 21 a
990 1134 109 31 small
1123 1136 153 36 portion
1301 1136 38 30 of
1362 1145 62 29 my
1447 1137 145 36 Power,
1617 1146 41 22 so
1682 1147 40 21 as
1747 1141 69 28 not
1837 1141 41 28 to
1903 1140 230 31 overwhelm
2156 1150 74 28 you
2256 1143 94 29 with
2367 1143 67 30 the
2449 1143 124 31 whole

573 1197 24 15 44
614 1196 99 31 later
736 1204 62 23 on.
843 1197 103 31 Your
969 1197 256 33 Excellencies
1247 1198 77 32 will
1349 1199 132 38 kindly
1513 1199 129 31 follow
1666 1209 72 23 me.
1783 1203 127 29 Sound
1946 1204 67 30 the

642 1260 56 30 On
720 1260 78 31 this
823 1262 196 29 command
1044 1261 66 31 the
1133 1262 106 38 royal
1263 1263 146 37 herald,
1442 1271 22 22 a
1489 1265 137 35 triton,
1649 1266 71 34 put
1742 1265 66 31 the
1832 1266 82 30 curl
1949 1266 39 30 of
2010 1275 22 21 a
2055 1267 95 30 shell
2184 1268 41 29 to
2249 1268 58 30 his
2342 1270 133 29 mouth
2499 1270 72 29 and

573 1323 180 38 inflating
776 1324 58 31 his
858 1323 137 32 cheeks
1019 1326 122 36 began
1164 1326 41 29 to
1230 1325 110 37 blow,
1356 1326 92 30 thus
1472 1326 209 38 informing
1696 1328 49 29 all
1769 1328 66 31 the
1853 1329 238 31 inhabitants
2115 1329 38 31 of
2175 1331 66 30 the
2265 1330 122 31 island
2404 1333 88 30 that
2507 1333 66 29 the

572 1385 266 38 performance
860 1395 78 22 was
972 1388 119 30 about
1123 1388 40 30 to
1199 1396 229 23 commence.
1473 1390 79 29 Our
1583 1390 203 30 travellers
1820 1393 155 35 passing
2008 1393 168 37 through
2200 1394 67 29 the
2304 1393 179 38 enfilade,
2505 1395 68 30 the

574 1449 133 31 arches
731 1449 39 30 of
790 1449 123 31 which
947 1458 102 23 were
1071 1449 147 32 formed
1244 1452 47 36 by
1324 1451 67 30 the
1425 1452 221 37 intricately
1672 1454 155 30 twisted
1852 1455 146 36 boughs
2033 1455 38 31 of
2103 1456 178 30 fabulous
2303 1458 117 36 trees,
2453 1457 118 31 found

572 1512 231 31 themselves
843 1512 187 38 suddenly
1070 1514 38 29 in
1149 1521 48 22 an
1239 1514 295 38 amphitheatre,
1578 1515 97 30 built
1716 1516 39 31 of
1794 1519 221 30 monstrous
2046 1520 130 30 stones
2223 1528 225 30 overgrown
2479 1521 93 30 with

574 1584 113 29 moss,
718 1576 167 37 brought
915 1576 206 37 expressly,
1151 1584 41 22 so
1223 1577 33 29 it
1284 1585 136 29 seems,
1449 1577 61 31 for
1539 1578 78 30 this
1647 1580 87 36 end,
1764 1579 98 30 from
1895 1580 203 38 cyclopean
2131 1582 103 31 isles.
2355 1590 46 25 &

574 1647 45 25 <>
642 1641 81 33 And
747 1648 22 21 a
792 1641 156 35 strange
971 1639 153 30 theatre
1152 1641 31 28 it
1205 1648 90 22 was.
1329 1641 23 15 44
1368 1640 104 30 Glow
1505 1649 139 23 worms
1668 1642 94 31 took
1794 1643 67 31 the
1885 1644 126 36 places
2044 1645 39 31 of
2116 1645 139 38 lamps;
2293 1655 22 21 a
2349 1646 224 31 cockchafer

574 1704 157 36 beating
752 1703 94 30 time
869 1703 93 30 with
987 1703 59 30 his
1069 1705 192 28 antennae
1285 1705 109 29 stood
1420 1703 130 32 before
1573 1705 67 30 the
1664 1705 113 37 desk;
1802 1715 21 21 a
1847 1707 145 31 cricket
2016 1709 71 29 had
2112 1710 132 30 seated
2270 1709 152 31 himself
2444 1710 39 30 in
2506 1710 67 30 the

574 1767 199 30 orchestra
795 1767 72 29 and
893 1774 22 22 a
938 1766 237 37 nightingale
1198 1775 78 22 was
1298 1766 89 31 first
1409 1766 115 38 flute;
1558 1776 80 23 wee
1662 1769 142 37 sylphs,
1828 1778 106 23 come
1969 1773 69 28 out
2075 1771 38 31 of
2145 1780 90 29 peas
2270 1771 178 38 blossom,
2483 1772 85 31 held

574 1831 87 29 bass
696 1829 96 31 viols
829 1830 108 29 made
976 1829 38 30 of
1050 1829 126 30 lemon
1216 1829 96 37 peel,
1351 1831 174 30 between
1562 1832 104 29 their
1703 1832 86 31 well
1827 1832 148 31 formed
2016 1834 101 31 little
2155 1835 94 37 legs,
2294 1836 140 29 whiter
2477 1836 94 29 than

574 1893 118 37 ivory.
746 1892 59 38 (i).
899 1891 113 32 Hold!
1037 1892 76 31 The
1131 1891 137 39 golden
1284 1893 149 37 winged
1458 1894 145 36 dragon
1619 1893 86 31 flies
1722 1896 137 37 sitting
1881 1905 48 21 on
1946 1897 66 29 the
2029 1896 163 32 chalices
2209 1897 38 31 of
2268 1898 67 30 the
2361 1898 87 30 bind
2466 1899 104 29 weed

572 1955 125 30 which
722 1956 162 29 climbed
908 1963 92 22 over
1022 1955 67 30 the
1112 1956 121 36 stage,
1256 1956 164 29 touched
1445 1956 103 29 their
1571 1956 100 31 little
1694 1957 144 38 hearts,
1862 1959 141 37 giving,
2020 1960 92 30 with
2138 1968 22 22 a
2182 1961 97 36 peal,
2302 1961 66 29 the
2392 1960 122 37 signal
2531 1963 40 27 to

573 2019 67 30 the
665 2020 97 29 band
788 2020 143 28 master
952 2020 41 28 to
1018 2026 230 22 commence.
1317 2024 47 26 &

644 2081 123 30 Hush!
792 2081 75 29 The
891 2081 83 36 tiny
998 2082 166 29 maestro
1188 2081 38 29 in
1251 2090 22 21 a
1296 2081 302 31 snuff-coloured
1623 2084 107 29 dress
1754 2085 86 29 coat
1862 2085 183 37 reaching
2067 2086 41 29 to
2132 2086 58 30 his
2214 2086 133 31 ankles
2369 2087 121 30 raises
2506 2087 65 29 the

575 2145 170 30 baton....
769 2145 66 30 the
858 2144 200 30 Overture.
1104 2144 76 30 The
1205 2145 272 37 grasshoppers
1502 2147 111 37 begin
1639 2155 48 22 on
1709 2147 104 30 their
1836 2149 162 36 guitars,
2022 2150 40 28 to
2086 2148 121 31 strike
2230 2150 68 30 the
2324 2149 78 31 soft
2436 2150 136 30 chords

575 2206 38 32 of
637 2206 180 35 Rossini's
842 2207 110 37 night
974 2207 237 30 seranade....

1155 2303 23 14 44
1192 2302 130 35 Piano,
1346 2304 232 34 pianissimo,
1603 2311 114 25 senza
1740 2304 144 36 parlar!

1155 2364 107 32 Tutti
1286 2373 69 23 con
1380 2374 59 22 me
1463 2368 129 29 venite
1616 2374 86 30 qua,
1726 2368 129 30 venite

642 2461 54 30 On
720 2460 78 31 this
822 2460 255 37 conjuration,
1101 2460 89 30 mild
1214 2460 195 38 Zephyrus
1430 2460 158 31 flutters
1612 2462 66 30 the
1703 2462 83 30 hair
1810 2462 38 30 of
1863 2464 109 29 timid
1992 2464 144 36 Dryads
2159 2464 84 30 who
2270 2465 110 36 begin
2398 2465 40 30 to
2456 2465 115 36 speak

574 2531 23 23 n
621 2532 21 22 a
665 2522 99 38 leafy
786 2523 166 36 whisper
974 2525 40 28 to
1038 2523 284 31 themselves....
1353 2532 49 22 on
1437 2525 160 36 hearing
1620 2525 67 30 the
1710 2527 146 29 sounds
1884 2526 66 30 the
1988 2526 207 32 awakened
2222 2528 131 30 naiads
2378 2529 121 36 began
2530 2529 40 29 to

574 2585 127 39 splash
723 2587 93 29 with
839 2587 104 29 their
965 2587 121 30 hands
1109 2587 39 29 in
1172 2587 65 30 the
1261 2588 145 36 spring,
1430 2587 168 37 striking
1621 2596 47 21 on
1693 2589 66 29 the
1784 2589 128 37 glassy
1935 2589 150 30 surface
2110 2589 37 31 of
2176 2591 67 29 the
2266 2591 142 29 waters
2431 2590 141 38 silvery

572 2651 256 37 arpeggios....
851 2657 103 22 some
977 2649 244 30 well-known
1245 2650 203 37 melody....
1480 2652 253 36 intoxicating
1756 2652 93 29 with
1872 2652 66 30 the
1961 2652 174 36 perfume
2169 2652 39 31 of
2229 2654 238 36 raspberries
2496 2655 73 29 and

573 2721 130 30 young
724 2712 50 31 fir
796 2714 158 29 trees....
978 2714 99 29 Aaa!
1101 2712 51 31 To
1176 2714 45 30 be
1237 2721 103 28 sure,
1374 2715 32 29 it
1432 2715 32 29 is
1487 2714 283 30 Mendelsohn's
1804 2716 156 31 scherzo
1985 2716 38 29 in
2057 2717 23 14 44
2095 2716 27 29 A
2154 2717 249 30 Midsummer
2426 2716 146 37 Night's

577 2778 134 28 Dream
807 2776 76 30 The
908 2777 168 29 director
1099 2777 105 36 gives
1226 2785 23 21 a
1271 2777 122 36 signal
1416 2777 61 30 for
1501 2777 145 37 change
1670 2777 38 30 of
1731 2779 106 29 time.
1884 2777 108 31 From
2020 2779 66 29 the
2121 2779 137 36 depths
2292 2779 38 30 of
2362 2780 67 30 the
2463 2781 107 29 wood

574 2840 68 30 the
664 2840 101 29 wind
792 2841 130 35 brings
945 2839 66 30 the
1033 2841 154 35 tooting
1209 2839 38 30 of
1269 2848 47 22 an
1341 2839 72 31 owl
1437 2839 81 31 sick
1540 2840 94 30 with
1658 2839 283 39 sleeplessness,
1965 2841 72 30 and
2062 2841 66 30 the
2153 2843 192 29 obstinate
2369 2841 202 38 rythmical

575 2904 158 36 tapping
756 2902 38 31 of
817 2911 21 21 a
860 2902 302 37 woodpecker....
1190 2902 148 40 Tempo
1363 2902 43 31 di
1429 2902 155 31 marcia
1588 2924 47 9 ....
1661 2903 145 37 Grieg's
1830 2905 24 16 44
1868 2904 223 30 Procession
2115 2904 38 31 of
2470 2907 83 35 Long-

576 2973 167 30 pause....
768 2966 55 30 On
846 2966 67 30 the
938 2965 245 38 background
1208 2965 38 31 of
1268 2966 66 30 the
1359 2965 151 39 gloomy
1527 2965 183 38 croaking
1727 2966 38 30 of
1785 2966 118 37 frogs,
1921 2968 98 34 who,
2043 2968 192 30 attracted
2254 2969 48 36 by
2323 2968 67 31 the
2408 2968 163 31 unusual

576 3030 157 29 concert
755 3036 105 22 come
885 3030 68 28 out
976 3027 38 32 of
1036 3029 66 30 the
1136 3029 181 30 marsh....
1341 3029 247 37 somewhere,
1612 3029 59 30 far
1705 3028 65 38 off,
1794 3038 21 21 a
1838 3030 208 30 corncrake
2077 3038 170 23 answers
2272 3030 99 31 from
2395 3039 22 23 a
2441 3032 69 30 bed
2536 3031 37 30 of

578 3090 214 31 bulrushes.
885 3092 32 29 It
940 3092 31 29 is
995 3091 183 30 Oberon's
1202 3092 136 36 golden
1363 3093 110 36 horn,
1497 3093 40 29 at
1559 3092 127 30 whose
1709 3092 107 31 voice
1840 3094 216 36 everybody
2079 3093 137 32 breaks
2240 3095 69 29 out
2337 3095 38 29 in
2400 3095 171 30 dance....

577 3161 47 23 an
648 3154 213 30 enchanted
887 3154 172 30 dance....
1082 3154 66 30 the
1172 3156 119 29 dance
1307 3154 39 30 of
1367 3154 287 37 forgetfulness.
1686 3156 28 28 A
1737 3154 114 33 waltz
1868 3163 86 23 now
1969 3157 232 37 passionate,
2219 3165 85 22 now
2321 3156 250 38 melancholy,

577 3218 23 15 44
614 3217 285 37 Aufforderung
921 3224 86 26 zum
1032 3217 123 33 Tanze
1215 3219 47 29 do
1285 3226 74 29 you
1395 3219 92 29 hear
1508 3219 67 29 the
1599 3217 122 31 rustle
1745 3218 38 30 of
1813 3218 73 31 silk
1909 3220 163 37 dresses,
2095 3221 66 29 the
2186 3220 177 38 mocking
2397 3220 113 38 laugh
2535 3219 38 31 of

578 3281 213 36 coquettes,
815 3281 47 30 do
884 3288 75 30 you
984 3281 93 30 hear
1098 3281 66 30 the
1188 3288 157 30 prayers
1369 3280 38 31 of
1428 3282 179 29 tortured
1632 3281 138 38 lovers,
1793 3283 66 29 the
1884 3283 110 30 blood
2020 3283 180 32 inflamed
2225 3285 84 29 mad
2329 3283 146 31 vivace
2498 3285 72 29 and

578 3342 120 31 kisses
721 3351 50 22 on
794 3344 214 29 inebriated
1033 3343 71 37 lips
1127 3344 92 29 each
1242 3345 94 28 time
1359 3343 121 31 softer
1503 3345 71 28 and
1600 3344 91 29 each
1714 3345 95 30 time
1833 3353 105 23 more
1963 3346 186 37 burning!

646 3407 119 36 Again
790 3407 66 29 the
880 3406 71 30 owl
974 3407 239 36 responds....
1231 3408 69 28 but
1322 3407 78 29 this
1422 3407 93 29 time
1540 3407 69 29 her
1631 3407 107 30 voice
1761 3408 32 30 is
1809 3416 105 22 more
1931 3408 173 31 dreadful
2128 3417 41 22 as
2191 3409 149 37 though
2363 3410 67 30 she
2446 3409 124 31 would

577 3468 154 32 foretell
754 3478 103 22 some
892 3470 126 30 evil....
1052 3471 67 29 the
1141 3471 101 29 wind
1278 3471 67 29 has
1369 3471 124 30 seized
1528 3470 66 30 the
1617 3470 116 30 violin
1769 3473 73 29 and
1867 3471 105 38 plays
2006 3481 21 21 a
2049 3473 160 29 terrible
2242 3480 147 29 song....
2423 3472 49 31 all
2507 3473 64 29 the

578 3534 144 36 strings
745 3541 65 22 are
835 3533 146 30 broken
1004 3533 207 38 already....
1236 3535 69 29 but
1327 3534 66 29 the
1417 3532 272 38 indefatigable
1717 3534 130 38 player
1870 3534 142 32 strikes
2034 3535 67 31 the
2125 3543 84 23 case
2238 3537 95 29 time
2357 3535 100 32 after
2479 3537 91 29 time

577 3597 94 30 with
681 3596 66 31 the
758 3598 96 36 bow,
867 3598 211 36 attracting
1086 3598 69 29 her
1166 3598 109 36 night
1288 3597 257 36 companions:
1560 3598 97 36 bats,
1671 3606 133 29 crows,
1818 3598 148 31 death's
1983 3599 116 30 heads
2112 3600 73 29 and
2199 3607 209 22 venomous
2421 3598 149 31 snakes.

647 3660 77 31 The
746 3660 207 37 fluttering
976 3660 38 32 of
1037 3662 134 36 wings,
1193 3662 68 30 the
1285 3661 145 36 hissing
1453 3659 38 31 of
1515 3662 75 29 evil
1614 3662 158 37 reptiles
1787 3663 74 29 and
1886 3662 65 30 the
1968 3662 134 31 dismal
2121 3662 183 38 croaking
2320 3662 38 31 of
2373 3664 197 29 voracious

580 3724 116 36 birds,
720 3723 136 31 deafen
879 3725 67 29 the
970 3725 145 29 lament
1138 3724 38 31 of
1200 3723 183 37 Orpheus'
1408 3723 99 37 lyre:

140 561 369 34 Occult

138 602 332 36 Science
499 627 9 9 .

140 1253 103 32 The
276 1251 230 33 Herald.

138 1640 31 31 A
218 1642 291 37 strange

139 1681 332 33 theatre
500 1704 9 9 .

141 2141 65 32 Th
220 2151 20 23 e
263 2144 246 31 overture

143 3398 153 34 The
361 3403 152 29 owl

141 3442 372 38 tesponds.

579 3851 46 33 (1)
642 3853 127 30 Gautier,
813 3854 79 25 L'art
907 3855 176 29 dramatlque
