2355 4008
248 293 50 29 its
322 292 277 37 headquarters
621 292 40 30 in
686 291 192 40 Florence,
902 292 130 32 makes
1054 295 51 29 its
1127 293 89 31 first
1239 303 235 29 appearance
1497 296 92 30 here
1612 298 73 29 and
1708 298 241 36 throughout
1966 299 147 37 Europe

246 356 41 29 to
311 355 47 30 do
381 354 61 31 for
463 355 67 30 the
554 357 71 28 Art
647 355 39 30 of
708 356 66 30 the
799 356 165 30 Theatre
986 357 105 29 what
1115 357 83 31 The
1221 357 144 33 Studio
1388 361 68 30 has
1482 360 157 37 essayed
1663 361 41 29 to
1729 361 46 29 do
1799 360 61 30 for
1882 361 66 29 the
1971 363 82 29 arts
2076 362 38 31 of

247 418 175 37 painting
444 419 73 29 and
542 418 39 30 of
603 418 196 38 sculpture
823 420 73 29 and
920 418 39 31 of
981 420 66 29 the
1072 420 117 31 crafts
1212 421 111 31 allied
1347 424 167 30 thereto.
1559 425 33 29 It
1614 424 32 28 is
1668 424 41 29 to
1728 425 44 28 be
1788 424 67 29 the
1872 425 240 36 mouthpiece

247 479 38 31 of
307 488 22 22 a
351 488 121 29 group
496 480 38 31 of
555 489 130 29 young
707 489 87 23 men
818 481 39 31 of
879 482 226 31 distinction
1130 491 101 29 upon
1254 485 66 29 the
1346 486 222 37 Continent,
1592 486 130 30 whose
1752 485 108 31 work
1888 488 32 29 is
1949 489 160 30 devoted

246 545 40 28 to
310 543 66 31 the
398 544 153 30 theatre
574 545 73 29 and
671 546 41 28 to
736 544 49 30 all
811 545 87 30 that
926 545 67 30 the
1023 546 154 30 theatre
1207 555 185 24 means....
1422 558 85 22 men
1538 550 167 30 without
1733 548 238 33 fanaticisms
1999 560 42 21 as
2070 555 41 28 to

245 614 122 29 vague
426 607 165 31 reforms
659 607 39 30 of
726 608 66 30 the
821 609 154 30 theatre
1006 617 41 22 so
1079 610 113 30 much
1214 618 41 22 as
1279 613 118 34 urged
1416 613 47 36 by
1479 614 66 29 the
1562 614 73 29 aim
1653 612 38 30 of
1707 613 153 37 ridding
1876 614 66 30 the
1959 615 151 30 theatre

247 668 38 31 of
308 670 144 29 certain
478 670 89 37 ugly
590 670 146 31 defects
759 672 73 29 and
855 671 255 32 weaknesses.
1135 673 268 39 Undoubtedly
1426 676 51 30 its
1501 676 93 30 staff
1616 678 32 28 is
1672 685 20 21 a
1715 678 137 35 strong
1874 685 122 23 0ne..,.
2034 678 76 30 The

245 732 143 32 results
412 733 133 37 ought,
567 734 42 29 to
632 741 66 29 say
720 734 67 30 the
811 733 99 31 least
932 734 38 30 of
993 736 43 35 it,
1059 736 41 28 to
1124 736 44 29 be
1192 736 124 37 vastly
1346 738 246 39 interesting,
1621 739 62 31 for
1710 739 67 30 the
1808 741 235 37 personality
2074 741 37 30 of

245 797 67 29 the
336 804 87 22 man
446 797 128 29 whose
598 797 161 37 artistry
781 797 214 31 influences
1018 799 50 29 its
1092 806 115 29 pages
1231 799 67 31 has
1321 800 155 39 already
1500 804 81 28 cast
1604 804 87 29 that
1713 803 194 30 influence
1931 811 91 22 over
2044 805 66 29 the

246 860 153 30 theatre
423 859 38 32 of
484 861 190 37 Germany
697 861 73 30 and
795 861 95 37 Italy
913 863 73 28 and
1013 863 426 39 Russia—particularly
1462 865 39 31 of

317 954 109 35 Till?
447 954 190 36 LADY'S
659 955 301 35 PICTORIAL.
1113 956 201 39 playgoers
1347 958 123 36 alone,
1494 961 70 29 but
1596 961 49 30 all
1679 962 83 30 who
1797 970 66 22 are
1898 963 211 29 interested

245 1020 39 28 in
307 1018 66 31 the
397 1020 62 28 art
482 1018 38 30 of
541 1019 66 30 the
630 1019 155 30 theatre
807 1019 78 30 will
912 1020 181 30 welcome
1123 1021 66 30 No.
1234 1022 13 27 I
1274 1020 39 30 of
1338 1030 22 21 a
1386 1022 369 40 characteristically
1785 1025 325 31 unconventional

245 1080 156 39 shilling
427 1082 197 37 magazine
648 1081 118 31 called
793 1081 82 31 The
898 1082 123 31 Mask
1023 1107 10 12 ,
1060 1082 201 37 published
1286 1085 38 28 in
1350 1084 233 33 Florence....
1629 1088 39 29 In
1695 1087 155 38 format,
1877 1089 38 29 in
1943 1089 103 37 type,
2070 1090 40 29 in

247 1145 191 36 contents,
463 1143 83 31 The
569 1143 123 31 Mask
714 1146 32 29 is
770 1147 154 35 unique.
1892 1158 46 25 &
2065 1158 45 25 &

317 1238 218 31 OXFORD
572 1238 319 36 CHRONICLE•
984 1240 82 31 The
1100 1240 123 31 Mask
1302 1250 22 22 a
1359 1242 129 37 highly
1522 1244 186 31 aesthetic
1741 1246 241 36 production,
2015 1246 94 30 with

245 1303 51 30 its
323 1302 112 31 blunt
466 1304 89 36 type
592 1310 47 23 on
673 1303 124 37 rough
830 1311 130 30 paper,
994 1305 51 29 its
1073 1305 98 29 wide
1203 1306 181 36 margins,
1415 1307 50 29 its
1494 1307 226 37 wood-cuts,
1751 1307 157 37 initials,
1937 1309 72 29 and
2041 1308 68 30 tail

245 1367 138 35 pieces,
407 1366 73 31 and
505 1367 50 29 its
578 1367 151 29 artistic
752 1374 113 23 cover
887 1367 39 29 in
950 1374 117 30 green
1091 1367 72 30 and
1190 1366 122 32 black.
1376 1374 45 25 &

315 1460 110 34 THE
448 1459 216 32 SUNDAY
687 1460 140 39 CALLy
851 1460 214 34 EASTON
1082 1462 73 29 Pa.
1183 1461 40 31 U.
1248 1461 39 31 S.
1310 1461 45 31 A.
1438 1464 96 30 Here
1559 1465 31 29 is
1613 1465 64 29 tbe
1700 1464 119 30 finest
1846 1467 196 34 magazine
2074 1466 38 30 of

245 1525 50 29 its
329 1523 89 31 kind
444 1524 37 30 in
516 1524 65 30 the
614 1523 172 31 w0r1d....
812 1525 12 29 I
852 1526 196 29 commend
1076 1524 83 31 The
1182 1524 123 31 Mask
1327 1527 40 28 to
1392 1526 49 30 all
1465 1527 109 29 those
1597 1528 85 29 who
1707 1528 114 30 think
1842 1529 93 37 they
1958 1537 63 22 see
2044 1530 66 29 the

245 1588 109 30 dawn
379 1587 37 29 of
439 1595 21 22 a
484 1587 86 30 New
588 1587 164 31 Theatre
776 1588 38 30 in
1202 1595 44 24 &
1374 1595 45 25 &

245 1690 45 25 &
314 1681 366 34 MANCHESTER
715 1681 284 31 GUARDIAN.
1086 1682 83 31 The
1202 1682 124 32 Mask
1360 1686 202 29 continues
1595 1687 40 28 to
1671 1687 157 34 provide
1863 1688 246 37 interesting,

244 1746 258 37 provocative,
526 1746 72 29 and
624 1745 201 31 debatable
849 1747 142 29 matter
1013 1745 60 31 for
1095 1747 111 30 those
1229 1747 85 29 who
1340 1755 86 22 care
1449 1749 119 29 about
1591 1748 67 30 the
1681 1749 166 31 theatre.

244 1836 45 26 &
327 1828 336 35 PUBLISHERS
699 1828 272 36 CIRCULAR.
1064 1830 75 30 The
1175 1830 89 38 July
1302 1832 161 29 number
1501 1832 30 29 is
1569 1833 66 29 the
1672 1832 89 30 fifth
1796 1834 39 29 of
1867 1842 22 21 a
1924 1842 83 22 new
2041 1836 69 29 Art

244 1894 208 35 magazine,
477 1892 160 30 entitled
665 1891 82 31 The
771 1892 134 31 Mask,
931 1893 123 30 which
1086 1895 31 29 is
1147 1895 151 34 printed
1329 1896 37 28 in
1398 1894 154 37 English
1583 1896 38 28 in
1655 1895 94 37 Italy
1777 1896 72 29 and
1880 1897 89 29 does
1999 1900 110 33 great

245 1957 122 29 credit
397 1957 39 28 to
466 1956 67 30 the
564 1955 214 37 Tipografia
810 1957 219 29 Bodoniana
1059 1955 38 31 of
1127 1956 39 32 E.
1197 1958 174 29 Morandi
1402 1957 38 30 of
1471 1957 193 30 Florence.
1710 1959 32 28 It
1775 1959 31 28 is
1840 1966 22 22 a
1896 1958 85 30 bold
2015 1959 91 30 folio

245 2027 160 29 page,....
428 2019 66 29 the
517 2020 106 35 print
645 2019 68 29 has
736 2020 162 36 dignity,
920 2020 68 29 the
1012 2020 134 36 get=up
1171 2020 238 36 distinction,
1432 2022 73 27 and
1530 2021 66 29 the
1620 2022 96 34 text,
1740 2029 41 22 so
1804 2020 59 31 far
1888 2029 40 22 as
1957 2030 58 21 we
2042 2030 66 21 are

244 2081 84 31 able
351 2082 40 30 to
414 2081 126 37 judge,
565 2082 31 29 is
619 2082 151 37 worthy
793 2081 39 31 of
854 2082 50 30 its
927 2082 207 30 handsome
1158 2084 158 35 setting.
1361 2084 198 29 Somehow
1584 2091 72 22 one
1681 2085 83 35 gets
1787 2084 66 29 the
1882 2085 225 35 impression

244 2145 67 30 tha
341 2146 39 29 to
414 2152 104 23 some
553 2145 133 29 extent
724 2143 82 31 The
840 2144 123 31 Mask
993 2146 117 29 exists
1143 2148 42 28 to
1220 2145 110 30 make
1355 2145 139 31 known
1519 2146 67 29 the
1610 2147 95 28 aims
1729 2147 72 29 and
1826 2146 120 30 ideals
1976 2146 39 30 of
2051 2148 59 28 Mr

246 2208 151 29 Gordon
422 2208 170 36 Craig;...
616 2208 85 29 that
724 2208 91 36 they
842 2215 64 22 are
937 2215 91 22 sane
1057 2209 72 28 and
1159 2208 165 30 sensible
1355 2209 105 29 ideas
1490 2209 32 29 is
1552 2209 146 35 shown,
1729 2216 57 22 we
1816 2208 128 37 think,
1975 2210 47 36 by
2052 2210 57 30 his

244 2277 169 26 answers
434 2271 41 29 to
498 2270 66 30 the
588 2270 183 32 Editorial
1078 2270 178 38 (Realism
1282 2272 73 29 and
1380 2272 66 29 the
1470 2272 117 29 Actor
1609 2272 318 37 Symposium).^

244 2360 45 25 &
313 2353 159 32 PARIS
494 2353 292 35 AMERICAN.
869 2356 12 28 I
915 2355 95 29 have
1044 2356 173 29 received
1253 2364 20 20 a
1307 2356 137 29 double
1479 2357 177 35 number,
1679 2357 88 29 that
1800 2358 32 28 is
1865 2358 40 28 to
1940 2364 78 30 say,
2045 2357 65 30 the

246 2418 180 30 numbers
458 2417 60 30 for
551 2418 86 37 May
671 2418 72 29 and
778 2418 99 30 June
912 2418 125 29 bound
1073 2418 38 29 in
1147 2426 85 28 one,
1266 2417 39 31 of
1331 2427 21 20 a
1380 2418 212 37 singularly
1620 2418 126 30 clever
1770 2420 210 35 magazine.
2026 2420 31 29 It
2081 2420 30 29 is

245 2480 117 30 called
389 2479 82 31 The
495 2479 123 31 Mask
619 2501 11 15 ,
654 2481 31 29 is
709 2481 39 29 in
772 2481 50 29 its
845 2479 89 31 fifth
959 2481 134 29 month
1117 2482 73 28 and
1215 2482 32 28 is
1270 2482 161 28 devoted
1456 2483 40 27 to
1521 2482 65 28 the
1610 2483 71 28 Art
1703 2481 38 30 of
1763 2482 67 29 the
1854 2481 177 31 Theatre.
2083 2483 29 29 A

244 2551 105 23 more
372 2545 151 29 artistic
545 2543 233 37 publication
804 2545 30 28 it
857 2545 31 29 is
913 2545 68 28 not
1003 2544 164 36 possible
1191 2545 40 29 to
1256 2544 122 30 make.
1403 2545 31 29 It
1458 2545 31 29 is
1512 2545 151 29 artistic
1686 2545 38 28 in
1749 2545 147 36 design,
1920 2546 38 28 in
1983 2552 129 29 paper,

244 2608 38 29 in
307 2606 256 38 letter-press,
587 2608 39 29 in
651 2606 115 38 color,
790 2608 38 28 in
853 2606 250 38 illustration,
1127 2608 39 29 in
1191 2608 50 29 its
1265 2607 167 30 articles.
1477 2608 70 28 Art
1573 2614 115 29 peeps
1715 2608 68 28 out
1807 2606 39 30 of
1868 2615 115 28 every
2006 2615 106 28 pore.

245 2670 78 30 Pile
346 2671 66 29 the
436 2670 187 36 adjective
646 2672 152 28 artistic
821 2671 200 29 mountain
1045 2671 104 36 high,
1173 2671 39 29 in
1237 2671 49 29 its
1310 2671 175 35 positive,
1512 2671 257 34 comparative
1787 2671 73 28 and
1877 2669 235 37 superlative

245 2735 171 35 degrees,
440 2741 101 29 upon
565 2742 38 22 e\
614 2742 67 29 ery
705 2733 242 31 conceivable
964 2735 130 35 aspect
1117 2733 38 30 of
1177 2733 77 30 this
1273 2734 209 36 magazine,
1499 2733 73 30 and
1588 2741 74 29 you
1680 2732 76 30 will
1775 2734 67 28 not
1860 2734 45 29 be
1922 2734 190 29 excessive

246 2804 70 22 nor
338 2796 76 31 will
437 2804 74 30 you
538 2796 117 31 break
677 2797 66 30 the
767 2796 96 31 back
886 2796 38 30 of
946 2804 74 30 any
1044 2804 117 23 noun.
1207 2798 51 28 Its
1284 2796 168 36 thought
1476 2797 31 28 is
1530 2797 137 35 strong
1682 2796 73 30 and
1773 2795 172 31 fearless.
1992 2798 31 28 It
2046 2797 68 30 has

244 2868 22 21 a
288 2859 92 31 staff
403 2859 38 31 of
463 2861 135 36 strong
621 2860 151 30 writers
797 2860 73 29 and
896 2859 125 31 clever
1378 2864 736 27 *&&&?<&&

245 2949 46 26 &
316 2942 110 35 THE
449 2942 125 35 NEW
595 2942 119 35 AGE.
781 2942 82 31 The
887 2943 124 31 Mask
1033 2944 32 29 is
1087 2944 67 29 the
1178 2944 101 29 most
1302 2942 188 31 beautiful
1515 2944 196 36 magazine
1735 2942 217 37 published.

310 3027 199 32 WHAT'S
524 3027 80 31 ON.
635 3029 23 16 **
675 3027 81 30 The
772 3026 124 32 Mask
899 3051 9 13 ,
925 3028 161 30 devoted
1114 3029 40 28 to
1182 3028 65 29 the
1275 3028 62 28 art
1363 3026 38 30 of
1427 3027 66 29 the
1521 3027 167 37 theatre,
1719 3027 131 31 makes
1885 3037 22 21 a
1935 3029 181 29 welcome

245 3092 186 36 addition,
454 3092 73 28 and
552 3092 76 29 sets
652 3099 21 22 a
697 3090 171 37 splendid
893 3090 169 38 example
1084 3093 41 28 to
1149 3091 65 29 the
1239 3091 127 28 sordid
1382 3097 99 22 mass
1498 3089 38 30 of
1552 3091 174 37 monthly
1743 3090 203 31 literature
1963 3090 154 36 already

246 3156 38 28 in
310 3154 239 31 circulation.
2072 3159 45 25 &

247 3245 44 24 &
315 3237 245 35 MICHAEL
594 3238 276 36 MONOHAN,
893 3237 106 39 (The
1021 3238 206 38 Papyrus.
1244 3234 104 35 East
1376 3236 173 38 Orange,
1587 3238 98 29 New
1721 3238 144 37 Jersey
1903 3237 40 31 U.
1982 3236 40 31 S.
2053 3236 64 39 A.J

247 3303 144 36 writes,
457 3300 82 32 The
563 3300 119 32 Mask
705 3303 31 29 is
760 3303 127 35 brave,
913 3300 171 32 brilliant
1107 3302 73 28 and
2073 3306 45 24 &

310 3386 67 29 Mr
390 3385 213 32 MARTIN
621 3386 228 34 HARVEY
869 3387 145 36 writes,
1199 3386 106 29 most
1327 3385 203 37 delightful
1561 3387 73 28 and
1666 3385 223 37 significant

318 3480 106 31 Miss
449 3480 183 36 ELLEN
659 3480 187 36 TERRY
866 3481 150 31 writes.
1099 3480 113 31 What
1244 3489 22 21 a
1299 3479 173 37 splendid
1508 3481 162 30 number
1703 3479 38 31 of
1777 3478 82 32 The
1896 3478 124 31 Mask
2041 3479 78 30 this

251 3544 73 31 last
346 3546 49 29 is!
2074 3547 45 26 &

319 3638 68 30 Mr
406 3638 236 35 EDWARD
665 3638 222 32 HUTTON
906 3639 152 30 writes.
1125 3640 12 29 I
1160 3638 113 31 think
1298 3638 83 31 The
1404 3638 123 31 Mask
1550 3640 190 34 improves
1771 3646 113 28 every
1918 3637 93 29 time
2045 3644 74 29 you

252 3702 92 29 send
369 3703 31 29 it
421 3704 41 28 to
486 3711 59 21 me
