2382 4285
286 230 98 53 722

891 234 337 53 BRUNO'S
1298 235 363 52 WEEKLY.

287 383 479 108 Thoughts
805 418 122 53 on
962 385 356 89 Suicide
1318 386 227 88 —IV

283 513 77 58 By
386 510 203 51 Martin
616 514 187 47 Brown

348 607 200 47 Poison

898 687 94 51 the
1035 689 362 59 rose-leaves,
1441 690 78 49 let
1561 690 95 49 the
1699 690 180 61 petals
1924 690 98 48 fall

607 756 219 61 They'll
861 774 159 34 serve
1051 775 63 34 as
1148 767 188 45 actors
1371 760 55 49 in
1459 776 95 45 my
1587 760 144 51 little
1762 760 147 61 play.

479 818 151 51 Each
666 836 107 34 one
810 837 30 33 a
876 828 136 52 tear,
1046 838 32 34 a
1112 822 164 61 hope,
1312 840 64 33 or
1411 823 125 50 best
1571 823 61 51 of
1666 823 72 51 all

473 883 121 49 The
633 884 268 51 sunshine
941 893 308 43 sweetness
1289 887 62 51 of
1388 905 30 33 a
1456 887 209 61 golden
1703 888 123 60 day.

473 963 121 49 The
632 964 142 51 hour
811 981 189 43 grows
1039 965 127 60 late,
1202 974 97 52 yet
1336 967 115 51 still
1488 967 95 52 the
1620 971 197 58 purple
1855 968 142 51 wine

477 1026 215 51 Invites
736 1044 32 33 a
811 1028 226 62 parting
1082 1038 152 42 toast
1234 1029 149 52 —let
1426 1047 65 34 us
1535 1048 169 43 agree

473 1090 87 51 To
590 1090 164 51 drink
783 1099 61 44 to
875 1092 164 51 those
1070 1095 141 50 dead
1243 1095 138 55 days
1412 1095 163 51 when
1606 1113 112 40 you
1750 1113 146 33 were
1928 1096 148 51 mine

473 1155 187 51 When
707 1157 22 47 I
777 1174 114 33 was
934 1174 190 43 yours,
1167 1159 140 59 first,
1348 1159 111 52 last
1502 1161 109 50 and
1655 1166 224 52 utterly.

472 1236 130 51 You
641 1235 372 54 frown—alas
1053 1254 94 44 my
1186 1240 160 49 heart
1384 1240 47 49 is
1470 1256 390 44 sorrow-sore,

472 1300 160 52 Your
668 1300 255 50 husband
961 1310 98 42 too
1094 1302 101 50 has
1233 1311 86 42 set
1355 1302 86 51 his
1478 1303 154 60 glass
1669 1305 168 52 eside.

476 1363 151 51 Let's
666 1381 131 44 pass
837 1364 42 51 it
917 1366 132 49 then
1089 1366 89 50 for
1219 1368 23 48 I
1285 1368 140 50 have
1464 1386 169 43 many
1670 1386 157 34 more

475 1427 195 50 How's
706 1428 143 51 this?
900 1429 51 50 A
987 1429 190 51 health
1211 1438 139 43 unto
1385 1432 94 50 the
1512 1432 184 62 virgin
1731 1434 172 50 bride.

473 1508 129 49 You
640 1508 114 49 will
793 1518 101 42 not
933 1509 194 52 drink?
1157 1557 5 8 .
1205 1512 99 61 My
1343 1512 154 59 glass
1538 1512 45 50 is
1624 1513 74 51 all
1736 1515 291 60 prepared.

471 1571 127 50 You
635 1571 113 50 will
786 1581 100 42 not
922 1574 157 61 stay?
1152 1575 149 51 How
1338 1576 99 50 sad
1474 1576 123 51 that
1633 1578 157 49 word
1827 1578 303 61 good-bye.

475 1650 53 50 If
569 1651 133 60 they
744 1651 109 51 had
896 1653 206 50 known
1148 1654 40 51 it
1230 1654 130 51 how
1403 1656 133 60 they
1578 1658 186 49 would
1807 1658 142 57 have
1991 1659 204 58 stared,

471 1716 49 48 A
560 1724 151 43 toast
748 1725 59 42 to
846 1717 326 51 death—'tis
1210 1720 163 58 done,
1409 1722 107 49 and
1558 1722 22 47 I
1620 1739 102 33 can
1761 1722 103 50 die.

278 1822 119 49 The
428 1823 212 49 Roman
669 1825 138 60 Way

467 1901 92 84 A
594 1904 135 50 bath
766 1904 60 51 of
861 1907 237 49 clouded
1136 1908 154 60 glass
1327 1926 65 31 or
1428 1909 286 61 gleaming
1751 1910 111 59 tile,

603 1974 51 49 A
689 1975 294 60 perfumed
1020 1979 231 58 powder
1285 1980 249 59 brought
1569 1980 149 51 from
1755 1981 208 60 Araby,

472 2036 164 51 Clear
674 2040 210 58 crystal
922 2049 176 42 water
1135 2059 175 33 warm
1348 2044 225 59 enough
1613 2051 59 44 to
1710 2044 116 51 still

473 2101 298 63 Pulsating
813 2120 200 35 nerves
1059 2106 124 51 that
1228 2107 237 51 tremble
1511 2107 288 62 foolishly.

468 2181 91 48 An
599 2181 231 51 ethered
870 2182 167 52 drink
1072 2192 59 43 to
1171 2186 162 51 make
1374 2186 41 51 it
1453 2202 158 36 more
1648 2205 32 33 a
1718 2189 207 58 dream,

468 2244 52 50 A
559 2243 257 61 jewelled
858 2247 153 51 knife
1051 2249 123 50 that
1214 2261 189 39 severs
1446 2252 273 61 instantly

468 2308 121 49 The
623 2309 97 60 big
750 2310 127 50 blue
909 2312 158 49 veins
1101 2314 123 50 that
1256 2331 159 33 cross
1448 2331 148 45 upon
1633 2317 135 49 each
1802 2317 171 51 wrist.

470 2373 181 62 Sharp
694 2374 254 61 stinging
990 2376 129 63 pain
1163 2378 125 51 that
1329 2379 201 61 slowly
1573 2380 120 50 dies
1736 2398 174 45 away.

471 2451 334 54 Indifferent
844 2455 282 61 drooping
1164 2474 132 43 eyes
1336 2459 123 50 that
1495 2460 242 61 vaguely
1773 2462 183 50 watch

468 2516 120 50 The
628 2516 247 52 crimson
903 2520 214 60 'spirals
1159 2521 261 61 merging
1456 2523 261 60 cloudily,

467 2580 51 49 A
559 2581 260 62 growing
857 2582 276 54 faintness
1173 2586 109 50 and
1322 2604 30 33 a
1392 2587 208 61 cynic's
1641 2589 176 59 smile,

467 2643 51 50 A
553 2644 134 50 bath
724 2644 61 51 of
819 2646 274 52 blood—a
1129 2650 124 49 soul
1289 2666 146 43 gone
1473 2652 226 61 utterly.

279 2753 319 90 Masks

272 2883 106 50 The
413 2883 387 50 Philosopher

343 2948 81 51 As
461 2948 346 61 neighbours
843 2967 111 44 you
992 2952 112 49 will
1142 2953 133 61 only
1315 2971 90 33 see
1445 2956 51 48 in
1537 2972 63 32 us
1641 2956 94 50 the
1772 2958 484 51 one-thousandth

276 3019 127 51 part
436 3011 62 51 of
530 3029 103 36 our
667 3014 114 50 real
818 3014 121 51 self.
1406 3055 17 15 ,

346 3075 177 51 Could
576 3093 113 45 you
744 3094 92 34 see
892 3080 92 50 the
1040 3081 182 50 whole
1279 3083 59 48 of
1391 3099 63 33 us
1508 3100 110 44 you
1675 3086 186 59 surely
1917 3086 185 51 would
2158 3097 99 41 not

275 3140 297 61 recognize
616 3159 80 34 us.

269 3221 121 48 The
424 3221 238 51 Curious

620 3287 72 50 do
737 3287 98 51 tell
878 3305 87 33 me
1010 3291 152 49 what
1207 3291 44 49 is

346 3348 53 52 It
440 3348 47 51 is
513 3349 139 52 -that
694 3359 127 52 part
863 3352 60 51 of
964 3370 103 34 our
1110 3356 114 49 real
1268 3363 197 43 nature
1508 3358 181 51 which
1734 3361 95 48 the
1872 3362 283 60 necessity
2197 3362 60 51 of

277 3411 94 51 life
409 3414 193 50 makes
639 3432 64 33 us
742 3415 126 60 give
904 3434 88 44 up.

268 3493 122 49 The
419 3494 275 60 Coquette

341 3557 87 50 To
462 3559 67 48 be
565 3559 125 51 able
727 3568 59 44 to
821 3560 129 61 play
986 3561 134 51 with
1158 3563 94 50 life
1292 3563 46 50 is
1373 3565 217 52 artistic
1593 3596 67 7 —

343 3621 268 52 Plentiful
643 3640 94 33 are
767 3641 143 44 your
940 3626 173 51 hours
1143 3627 62 51 of
1222 3638 129 41 irest
1382 3629 89 50 for
1501 3648 143 43 your
1675 3632 179 53 comic
1887 3634 366 53 seriousness.

269 3702 120 49 The
424 3704 381 59 Complicated

342 3766 261 51 Without
644 3770 191 49 masks
871 3786 84 33 we
997 3787 93 35 are
1130 3772 191 52 masks
1360 3773 136 63 only
1536 3775 276 52 distorted
1854 3786 60 43 to
1953 3779 304 63 simplicity

269 3829 112 50 and
418 3838 97 42 too
550 3848 132 44 easy
720 3842 59 42 to
812 3833 70 52 be
916 3836 348 52 understood
1301 3838 75 60 by
1410 3855 451 38 commonsense.
