2382 4285
259 258 118 70 716

861 270 334 52 BRUNO'S
1267 268 363 54 WEEKLY.

257 414 332 58 Perpetuum

330 518 63 49 In
434 535 30 32 a
504 517 203 50 week's
748 516 133 49 time
922 531 82 33 we
1045 522 115 41 met
1200 513 53 49 in
1295 530 30 32 a
1365 517 334 45 restaurant.

328 579 78 51 Of
444 597 215 41 course,
698 596 83 33 we
821 578 188 50 talked
1049 578 172 48 about
1259 591 238 35 women.

328 645 89 50 He
459 644 141 51 said:
784 661 94 43 my
919 643 94 48 life
1052 658 221 33 women
1317 649 92 41 cut
1449 655 72 34 no

327 710 127 48 You
492 725 93 33 are
623 725 136 44 very
797 706 390 51 unfortunate!
1226 705 259 50 declared
1529 704 20 48 I
1591 701 134 51 with
1766 706 203 54 regret.

330 821 65 47 In
431 836 31 33 a
497 819 204 50 week's
737 818 134 50 time
908 835 82 33 we
1027 824 116 41 met
1179 816 54 49 in
1271 832 30 33 a
1338 819 334 45 restaurant.

330 884 120 50 Our
490 882 413 58 conversation,
943 882 60 49 of
1042 897 216 40 course,
1298 896 115 34 was
1452 879 173 48 about
1662 890 237 36 women.

464 964 93 43 my
593 946 94 50 life
722 963 220 33 women
979 953 92 42 cut
1106 962 73 33 no

331 1011 146 50 Such
523 1028 32 31 a
600 1010 164 61 lucky
810 1010 214 49 fellow!
1070 1007 311 51 exclaimed
1428 1007 41 59 I,
1515 1002 134 52 with
1696 1020 160 43 envy.

331 1116 65 47 In
436 1133 31 32 a
506 1115 203 50 week's
750 1115 133 48 time
924 1130 83 33 we
1050 1114 187 49 talked
1277 1114 173 48 about
1489 1128 221 34 women
1752 1109 181 60 again.

464 1197 92 41 my
591 1179 94 48 life
720 1194 219 33 women
976 1186 93 41 cut
1102 1194 74 33 no
1483 1175 118 51 said
1639 1176 41 57 I,
1717 1172 283 60 throwing
2035 1171 206 61 myself

448 1243 143 50 back
631 1242 59 51 of
731 1243 93 50 the
868 1242 168 51 chair.

527 1324 94 33 are
656 1324 137 44 very
1294 1304 310 51 exclaimed
1643 1304 85 58 he,
1766 1302 135 51 with
1941 1317 233 34 sorrow.

328 1419 185 59 Again
556 1437 84 33 we
685 1426 116 42 met
844 1419 55 48 in
943 1435 31 32 a
1016 1417 204 51 week's
1266 1416 150 50 time.

330 1484 23 48 I
396 1484 142 49 said:
582 1484 65 48 In
688 1499 94 44 my
821 1482 96 50 life
956 1497 221 35 women
1219 1489 92 42 cut
1351 1497 74 34 no
1464 1480 202 59 figure!

569 1546 165 61 lucky
1055 1544 220 50 filtered
1311 1544 86 59 he,
1433 1543 135 51 with
1606 1542 234 51 envious
1878 1541 296 50 irritation.

330 1654 223 59 To-day
599 1670 84 33 we
731 1652 188 50 talked
966 1652 174 50 about
1186 1666 237 35 women.

585 1718 44 49 is
680 1718 93 49 the
823 1734 97 34 use
971 1717 60 48 of
1079 1716 212 60 raising
1339 1716 111 49 this
1872 1713 118 50 said
2039 1713 69 50 he
2159 1712 54 50 in-

449 1782 271 60 dolently,
871 1781 44 49 is
953 1798 30 32 a
1021 1790 332 52 perpetuum

458 1854 332 52 perpetuum
836 1844 345 59 immobile,"'
1181 1844 89 48 —I
1318 1843 292 51 corrected
1654 1842 130 49 him.

262 2007 298 85 Dawn

259 2152 75 57 By
370 2149 227 49 Richard
632 2148 286 60 Aldington

264 2240 81 83 JT
386 2242 44 48 is
471 2242 184 58 night;
697 2242 108 48 and
845 2240 183 50 silent.

395 2313 119 47 The
555 2310 132 51 mist
726 2312 46 49 is
812 2310 113 51 still
966 2310 192 50 beside
1198 2312 93 48 the
1332 2309 195 51 frozen
1568 2310 199 60 dykes;
1809 2309 42 50 it
1891 2308 101 52 lies
2030 2326 74 34 on
2145 2309 95 50 the

260 2375 118 50 stiff
412 2392 178 43 grass,
628 2376 172 49 about
836 2376 93 49 the
969 2375 198 60 poplar
1202 2375 215 48 trunks.
1488 2374 122 49 The
1648 2374 109 49 last
1795 2381 116 42 star
1948 2389 139 44 goes
2123 2381 116 42 out.

262 2472 119 48 The
424 2472 146 58 gulls
613 2487 93 33 are
749 2470 228 60 coming
1018 2488 71 42 up
1132 2470 149 50 from
1323 2470 94 50 the
1461 2486 110 43 sea,
1614 2469 198 61 crying
1852 2470 110 50 and
2002 2468 239 63 drifting

259 2552 193 33 across
505 2534 107 49 like
663 2534 185 61 pieces
900 2534 61 49 of
1010 2534 148 58 mist,
1209 2534 109 49 like
1369 2534 315 58 fragments
1737 2533 61 50 of
1846 2534 169 49 white
2067 2534 170 51 cloth.

261 2600 159 60 They
459 2607 126 41 turn
626 2599 144 49 their
809 2599 172 49 heads
1019 2600 110 48 and
1165 2615 134 45 peer
1336 2615 61 32 as
1436 2599 133 59 they
1606 2614 147 44 pass.
1826 2599 122 49 The
1987 2604 104 54 sky
2129 2601 111 48 low

260 2663 162 50 down
459 2663 181 59 glows
674 2663 140 60 deep
848 2662 212 62 purple.

260 2759 121 49 The
420 2757 226 61 plovers
685 2757 150 51 swirl
877 2759 108 49 and
1024 2759 126 49 dart
1188 2774 136 34 over
1362 2757 96 51 the
1496 2757 284 63 ploughed
1821 2764 129 44 Held
1985 2759 252 59 Deyond;

261 2822 144 50 their
453 2839 245 33 screams
745 2840 94 32 are
887 2821 303 52 sorrowful
1237 2822 109 50 and
1394 2822 185 60 sharp.
1658 2822 122 50 The
1828 2822 197 61 purple
2072 2821 167 52 drifts

260 2903 70 44 up
369 2887 93 49 the
499 2887 123 60 pale
661 2888 103 59 sky
801 2887 108 49 and
947 2902 188 43 grows
1173 2887 216 49 redder.
1460 2887 121 49 The
1619 2886 133 50 mist
1789 2887 149 51 stirs.

261 2983 120 58 The
420 2983 169 54 (brass
636 3000 72 33 on
759 2983 94 50 the
901 2983 235 50 harness
1184 2982 60 51 of
1292 2982 94 51 the
1433 2982 442 61 plough-horses
1921 2983 208 60 jingles
2178 3000 61 34 as

260 3043 133 62 they
431 3062 159 34 come
629 3047 120 49 into
788 3048 92 48 the
920 3047 145 49 field.
1137 3047 121 49 The
1296 3046 155 50 birds
1489 3046 108 50 rise
1637 3047 54 48 in
1732 3048 281 50 scattered
2015 3067 6 15 1
2049 3048 188 51 knots.

259 3110 120 51 The
419 3110 132 51 nlist
591 3110 285 60 trembles,
917 3127 187 43 grows
1145 3110 241 60 thinner,
1427 3110 155 51 rises.
1656 3112 122 49 The
1817 3119 99 43 red
1954 3113 111 52 and
2104 3113 135 61 gold

259 3175 104 60 sky
396 3174 189 52 shines
618 3174 154 61 dully
803 3192 73 33 on
910 3175 94 50 the
1037 3174 99 51 ice.
1210 3190 5 32 :
1268 3218 5 11 ,

432 3228 54 22 Vi■
506 3225 3 30 '
523 3225 6 14 '
576 3235 8 13 •'
601 3246 13 9 ...
629 3237 27 16 r.
757 3242 18 6 -■
1046 3232 13 12 »'

257 3269 121 50 The
414 3287 125 32 men
576 3270 169 50 shout
778 3286 194 34 across
1007 3270 94 50 the
1136 3269 252 60 thawing
1419 3269 182 60 clods;
1639 3272 94 48 the
1767 3270 246 61 ploughs
2046 3272 191 59 creak;

259 3334 92 49 the
381 3334 196 49 horses
609 3343 178 42 steam
817 3335 53 48 in
900 3335 93 50 the
1022 3334 152 60 cold;
1205 3335 93 50 the
1325 3334 227 61 plovers
1581 3336 108 49 and
1719 3335 151 60 gulls
1894 3336 141 51 have
2065 3353 171 46 gone;

259 3397 94 50 the
391 3414 283 44 sparrows
711 3397 227 51 twitter.

257 3494 121 49 The
414 3495 102 59 sky
551 3493 43 49 is
628 3493 134 59 gold
796 3494 107 49 and
939 3494 143 57 blue,
1116 3510 135 45 very
1285 3493 141 50 faint
1458 3494 109 52 and
1601 3495 182 61 damp.

260 3589 53 50 It
349 3589 46 50 is
430 3590 123 60 day.

232 3688 149 46 From
416 3687 376 58 Images-—Old
826 3687 103 47 and
963 3690 145 45 New.
1165 3688 110 47 The
1308 3690 134 45 Four
1475 3690 125 47 Seas
1635 3691 106 54 Co.,
1775 3691 204 56 Boston,
2016 3695 135 44 1916.
