3472 4376
1737 141 86 50 112

364 272 238 57 Tages-
633 275 138 43 und
803 275 746 58 Unterhaltungs-Blatt.

273 358 172 37 Köln.
501 357 79 40 Am
604 359 36 38 3.
663 359 36 38 d.
726 359 91 38 Mts.
844 360 76 49 gab
958 359 195 40 Arthur
1180 361 264 50 Napoleon
1472 363 64 39 ein
1564 363 167 41 Concert

193 416 55 40 im
277 416 259 49 Casinosaale,
574 420 165 38 welches
782 419 87 40 eine
898 421 218 39 zahlreiche
1143 421 300 42 Zuhörerschaft
1470 436 68 26 aus
1567 425 76 38 den
1672 437 39 27 er-

193 483 85 34 sten
307 479 175 41 Ständen
524 481 245 39 versammelt
797 482 118 39 hatte.
969 484 80 40 Der
1077 483 654 53 Männergesang-Verein,

190 545 115 34 unter
332 541 167 51 Leitung
526 542 66 38 des
619 541 132 39 Herrn
769 542 346 41 Musik-Directors
1148 543 197 47 Weber,
1372 550 253 36 unterstützte
1654 548 76 38 den

183 601 155 52 jungen
366 602 185 38 Künstler
578 603 80 37 und
687 603 247 41 überreichte
962 605 81 39 ihm
1072 606 40 37 in
1141 606 69 38 der
1238 606 126 39 Pause
1393 607 67 39 das
1491 608 156 49 Diplom
1675 609 56 38 als

190 662 450 51 Ehren-Mitglied
669 663 70 39 des
769 665 183 40 Vereins.
1005 668 117 39 Unter
1150 668 77 38 den
1256 668 221 51 Vorträgen
1506 670 67 37 des
1601 670 112 38 letzte-

190 736 74 26 ren
291 724 175 38 verdient
492 724 124 46 „Eine
935 740 74 26 von
1037 729 42 38 F.
1106 729 101 38 Abt
1235 729 297 50 ausgezeichnet
1559 743 47 26 zu
1635 743 72 26 wer-

193 786 87 46 den,
309 786 133 38 indem
469 785 215 40 besonders
712 787 99 39 auch
840 788 67 38 das
936 789 240 40 Tenor-Solo
1212 802 76 27 von
1316 792 133 38 Herrn
1477 792 123 39 Pütz
1641 792 90 40 sehr

191 847 122 39 schön
339 858 203 40 gesungen
571 849 149 38 wurde.
772 847 195 41 Arthur
995 851 134 49 spielte
1159 852 62 38 die
1251 853 142 38 Sonate
1421 853 41 38 in
1491 855 42 43 F,
1565 853 75 51 Op.
1672 855 58 46 10,

191 909 69 39 Nr.
289 908 36 47 2,
367 920 75 27 von
481 909 299 39 Beethoven
823 910 109 38 recht
974 916 69 45 gut
1087 913 80 38 und
1209 912 70 39 mit
1315 913 305 40 vortrefflichem
1648 915 56 38 An-

193 969 153 51 schlag;
387 969 70 39 das
485 969 215 51 Allegretto
731 969 40 39 in
800 971 143 35 F-moll
982 973 121 38 nahm
1132 985 41 26 er
1201 974 90 38 sehr
1317 975 187 49 langsam,
1547 987 41 26 er
1615 975 116 40 fasste

193 1041 41 28 es
263 1030 213 51 gleichsam
504 1032 54 36 als
586 1032 173 35 Andante
787 1045 69 22 con
885 1039 96 29 moto
1012 1034 75 43 auf,
1124 1046 92 34 was,
1244 1035 49 38 da
1321 1035 105 39 diese
1454 1035 143 40 Sonate
1625 1042 107 34 sonst

191 1091 146 39 keinen
365 1093 226 49 langsamen
618 1091 88 38 Satz
738 1092 75 46 hat,
856 1092 85 40 eine
978 1105 97 38 ganz
1113 1100 90 45 gute
1234 1095 196 52 Wirkung
1466 1098 165 38 machte.
1685 1098 46 38 In

192 1154 79 38 den
298 1152 260 40 Phantasieen
586 1165 76 26 von
691 1154 198 51 Thalberg
916 1155 100 39 über
1043 1157 89 38 Don
1160 1157 191 51 Pasquale
1388 1159 82 38 und
1506 1171 75 26 von
1613 1157 118 41 Goria

190 1215 102 38 über
318 1213 188 40 Belisario
547 1215 152 38 lernten
727 1214 72 39 wir
826 1216 105 37 wohl
958 1216 91 38 sehr
1077 1217 241 51 schwierige,
1359 1219 93 39 aber
1489 1218 241 52 keineswegs

191 1276 145 39 schöne
365 1275 254 40 Salonstücke
647 1275 169 40 kennen.
849 1276 85 39 Auf
958 1277 223 52 Verlangen
1210 1279 145 38 schloss
1385 1292 40 26 er
1452 1279 70 39 mit
1550 1281 70 38 der
1646 1281 56 38 Mo-

191 1336 289 40 ses-Phantasie
507 1349 77 26 von
612 1336 209 51 Thalberg,
863 1338 148 39 welche
1054 1340 75 38 wie
1166 1341 247 48 gewöhnlich
1455 1341 115 39 einen
1599 1341 132 40 Sturm

191 1409 76 27 von
294 1398 137 39 Beifall
461 1396 223 40 hervorrief.
740 1397 91 40 Wir
870 1399 144 39 fanden
1058 1400 134 39 seinen
1230 1401 170 50 Vortrag
1441 1402 70 39 der
1538 1402 168 39 Bravour-

191 1460 144 38 sachen
364 1459 162 38 diesmal
554 1458 108 39 nicht
691 1470 43 26 so
763 1472 97 38 ganz
889 1461 172 47 tadellos,
1090 1463 55 37 als
1174 1469 125 40 sonst;
1344 1476 41 26 er
1414 1463 91 39 Hess
1534 1463 80 39 sich
1644 1463 65 40 mit-

188 1525 116 35 unter
331 1533 48 26 zu
407 1520 129 39 einem
565 1520 127 39 Feuer
720 1519 230 45 hinreissen,
994 1523 167 39 welches
1197 1524 62 39 die
1299 1524 287 40 vollkommene
1611 1526 96 38 Deut-

188 1582 159 39 lichkeit
374 1580 331 52 beeinträchtigte.
761 1583 192 39 Dennoch
990 1584 146 39 lieferte
1178 1587 142 49 gerade
1359 1586 125 39 dieses
1513 1586 215 39 wiederum

189 1644 77 37 den
293 1641 164 47 Beweis,
498 1642 88 39 dass
624 1643 65 39 bei
731 1644 147 39 diesem
906 1644 413 42 Ausnahme-Talente
1357 1648 69 38 der
1454 1647 136 51 eigene
1620 1647 109 39 Geist

189 1703 216 51 mächtiger
431 1703 60 47 ist,
522 1705 55 38 als
606 1704 67 38 das
703 1704 253 52 Angelernte.

271 1764 94 39 Wie
390 1765 71 38 wir
487 1766 175 50 dagegen
691 1768 84 38 sein
794 1768 107 50 Spiel
929 1769 42 39 in
999 1770 89 40 dem
1117 1770 189 40 Concerte
1338 1783 62 27 am
1427 1772 37 39 4.
1493 1771 37 39 d.
1557 1772 90 40 Mts.
1675 1771 54 40 im

192 1825 130 40 Stoll
332 1825 305 39 werck'sehen
664 1827 275 41 Theatersaale
967 1830 231 49 gebührend
1226 1831 167 39 rühmen
1421 1832 136 45 sollen,
1587 1831 142 39 wissen

191 1886 75 39 wir
291 1884 140 49 kaum;
459 1886 105 39 denn
592 1898 42 27 er
661 1892 89 47 trug
776 1888 87 41 hier
889 1891 106 46 alles,
1023 1902 78 28 was
1131 1903 41 27 er
1200 1891 146 51 spielte,
1376 1903 42 28 so
1439 1893 195 40 vollendet
1650 1906 80 33 vor,

191 1947 87 38 dass
320 1958 93 27 man
449 1945 108 40 nicht
598 1959 77 28 nur
711 1953 206 43 erstaunte,
960 1950 169 40 sondern
1170 1952 72 39 tief
1273 1952 54 39 im
1363 1953 147 39 Innern
1547 1953 182 51 ergriffen

191 2008 148 39 wurde.
367 2008 92 40 Und
485 2008 135 39 womit
648 2009 155 39 machte
832 2023 42 27 er
901 2024 70 26 vor
988 2013 131 38 Allem
1148 2013 134 39 diesen
1299 2013 233 40 Eindruck?
1559 2015 73 40 Mit
1660 2017 69 38 der

206 2071 179 34 Sonate
638 2070 158 49 pathetique
797 2083 70 26 von
868 2072 297 40 Beethoven!
1219 2074 78 39 Ein
1325 2075 236 51 einjähriger
1587 2076 140 40 Knabe

191 2130 81 36 und
300 2130 107 39 diese
433 2130 167 38 Sonate!
651 2131 88 39 Und
767 2132 181 39 dennoch
976 2146 80 27 war
1082 2135 40 38 in
1151 2136 71 38 der
1255 2147 149 40 ganzen
1429 2137 300 40 Zuhörerschaft

188 2202 78 27 nur
291 2189 100 40 Eine
421 2189 161 41 Stimme
609 2191 181 47 darüber,
832 2193 83 38 und
952 2193 62 39 ein
1053 2194 252 41 auffallendes
1334 2197 169 39 Zeichen
1537 2198 69 40 des
1634 2199 70 39 Ein-

191 2249 141 41 drucks
360 2263 81 27 war
469 2263 39 27 es
537 2251 103 40 ohne
668 2251 168 47 Zweifel,
874 2254 89 38 dass
991 2254 123 39 nach
1141 2255 106 38 dem
1275 2257 198 50 Adagio
1498 2259 67 39 das
1593 2259 112 39 Publi-

192 2324 90 27 cum
309 2310 42 39 in
377 2311 115 51 lange
520 2311 227 40 dauernden
772 2312 136 40 Beifall
936 2315 205 39 ausbrach.
1167 2316 226 52 Allerdings
1421 2323 88 47 trug
1534 2320 63 39 die
1623 2321 87 38 treff-

190 2372 102 39 liche
319 2371 168 39 Akustik
515 2372 67 38 des
611 2372 131 38 Saales
770 2373 67 38 das
865 2373 131 51 Ihrige
1025 2375 97 39 dazu
1150 2376 76 47 bei,
1254 2377 86 40 dass
1364 2378 92 51 jede
1472 2380 160 40 Nuance
1661 2382 68 38 des

188 2432 129 51 Spiels
344 2431 172 40 deutlich
544 2443 254 28 vernommen
826 2434 147 38 wurde.
1002 2434 89 40 Wir
1118 2436 124 39 hören
1270 2438 71 40 mit
1359 2438 253 52 Vergnügen,
1641 2442 88 39 dass

188 2494 108 39 Herr
317 2492 228 41 Stollwerck
572 2492 90 39 kein
685 2492 122 52 Opfer
833 2495 186 50 gescheut
1039 2497 75 47 hat,
1142 2498 77 39 den
1242 2499 150 52 jungen
1411 2502 188 40 Künstler
1626 2503 101 39 noch

188 2556 64 38 lür
278 2554 111 40 drei
418 2554 191 39 Concerte
637 2565 48 27 an
714 2554 76 39 den
819 2555 232 52 Osterlagen
1080 2570 47 27 zu
1155 2560 225 51 engagiren.

270 2616 47 39 In
344 2615 127 39 dieser
499 2616 154 38 Woche
694 2616 92 38 fand
828 2616 64 39 die
934 2619 310 40 öffentliche
1286 2622 229 52 Prüfung
1556 2625 70 39 auf
1656 2625 71 39 der

190 2677 358 41 Rheinischen
584 2678 365 40 Musikschule
978 2681 187 39 während
1195 2682 127 41 dreier
1350 2685 107 50 Tage
1484 2686 109 39 Statt.
1637 2687 89 38 Wir

191 2739 212 40 erwähnen
431 2739 85 40 hier
543 2752 85 34 nur,
671 2740 87 39 dass
786 2740 56 40 sie
870 2742 62 38 ein
960 2743 92 38 sehr
1079 2743 248 41 erfreuliches
1354 2746 177 40 Resultat
1556 2747 169 47 lieferte;

192 2800 285 38 ausführlicher
503 2800 159 39 werden
696 2801 73 38 wir
811 2813 73 26 uns
925 2803 99 38 nach
1062 2804 90 38 dem
1189 2805 537 51 Prüfungs-Concerte

192 2860 173 40 darüber
384 2861 272 51 aussprechen,
684 2862 167 40 welches
875 2865 98 38 nach
993 2865 77 39 den
1085 2865 230 52 Feiertagen
1331 2867 97 40 Statt
1454 2869 134 39 finden
1614 2871 112 40 wird.

272 2986 79 38 Das
393 2984 495 42 niederrheinische
925 2988 278 41 Musikfest
1230 2989 99 40 wird
1357 3003 81 27 nun
1466 2992 100 41 doch
1590 2994 115 51 jeden-

190 3046 85 40 falls
304 3059 49 27 an
383 3048 76 38 den
487 3046 268 51 Pfingsttagen
791 3049 41 38 in
868 3049 311 41 Düsseldorf
1209 3053 160 49 gefeiert
1397 3057 170 38 werden.
1625 3058 101 38 Frau

193 3106 165 52 Jenny
398 3107 522 42 Lind-Goldschmidt
964 3111 65 38 hat
1072 3111 70 40 mit
1185 3113 70 39 der
1302 3115 424 42 rühmenswerthesten

192 3167 395 52 Uneigennützigkeit
616 3168 52 40 im
685 3168 190 41 Interesse
902 3171 69 39 der
986 3172 129 40 Kunst
1142 3173 81 39 und
1253 3173 67 40 des
1349 3175 171 40 Instituts
1548 3177 70 40 der
1645 3179 61 39 nie-

193 3227 319 40 derrheinischen
540 3229 241 47 Musikfeste,
823 3232 165 39 welches
1026 3233 87 40 eine
1148 3234 247 41 bedeutende
1423 3237 118 39 Stelle
1580 3238 40 40 in
1656 3240 70 39 der

191 3288 354 52 Musikgeschichte
573 3293 285 39 Deutschlands
888 3294 215 48 einnimmt,
1139 3295 86 41 ihre
1251 3298 256 53 Mitwirkung
1533 3307 193 46 zugesagt.

193 3349 80 38 Zur
313 3350 254 52 Aufführung
604 3353 208 39 kommen:
855 3354 218 51 Haydn's
1118 3356 296 55 Schöpfung
1456 3361 81 39 und
1580 3363 117 39 Schü-

193 3411 187 38 manns
421 3412 247 41 Paradies
710 3414 98 38 und
846 3414 137 48 Peri;
1029 3416 328 43 Beethoven's
1387 3422 340 42 C-moW-Sinfonie

195 3482 38 28 u.
262 3482 29 28 s.
322 3485 47 28 w.
410 3474 296 40 Ferdinand
732 3476 170 39 Hiller
931 3477 95 39 wird
1056 3478 62 40 die
1145 3480 302 54 Aufführungen
1477 3485 198 50 dirigiren.

273 3590 178 36 Wien.
488 3590 72 39 Die
586 3591 136 46 „Neue
752 3594 164 39 Wiener
1311 3595 189 40 berichtet
1527 3596 200 51 folgender

192 3648 182 40 Maassen
403 3651 98 39 über
527 3652 50 38 A.
605 3654 333 40 Rubinstein:
977 3656 105 46 „Das
1112 3662 99 33 erste
1240 3657 164 40 Concert
1432 3659 67 38 des
1528 3657 199 42 Pianisten

190 3708 176 42 Antoine
394 3711 235 42 Rubinstein
667 3715 90 39 fand
800 3728 63 28 am
905 3717 63 39 22.
995 3718 110 40 März
1146 3717 42 39 in
1228 3718 77 40 den
1331 3720 313 38 Abendstunden
1673 3720 53 39 im

191 3769 418 45 Musikvereins-Saale
631 3775 107 41 Statt.
767 3778 79 38 Das
865 3779 233 50 Programm
1118 3778 67 39 des
1203 3778 207 41 Concertes
1430 3781 163 38 bestand
1622 3781 104 39 bloss

192 3843 67 28 aus
289 3833 354 53 Vortragsstücken
671 3838 67 39 des
766 3839 318 51 Concertgebers,
1124 3840 64 40 die
1230 3842 97 38 auch
1364 3843 74 38 alle
1481 3854 75 27 von
1600 3843 127 40 seiner

192 3892 163 51 eigenen
384 3895 270 52 Compositum
682 3910 143 29 waren.
877 3901 118 40 Wien
1037 3901 105 40 hatte
1179 3901 213 41 denselben
1432 3904 121 38 schon
1580 3904 55 38 als
1663 3905 63 39 ein

193 3953 276 42 Wunderkind
497 3958 156 40 kennen
680 3961 161 48 gelernt,
868 3961 81 38 und
976 3975 81 27 nun
1085 3962 94 52 ging
1198 3962 88 40 dem
1308 3963 310 51 herangereiften
1641 3965 64 42 Vir-

190 4018 138 37 tuosen
356 4017 62 39 ein
445 4019 266 41 bedeutender
727 4022 90 47 Ruf,
844 4022 40 38 in
911 4028 179 36 neuester
1109 4024 83 40 Zeit
1219 4036 69 26 aus
1316 4024 156 51 einigen
1499 4026 71 39 der
1597 4031 128 35 ersten

190 4075 134 42 Städte
351 4078 296 52 Deutschlands,
673 4093 132 29 voran.
844 4082 78 41 Das
949 4082 107 44 nicht
1081 4083 42 40 in
1150 4084 213 41 besonders
1390 4097 156 39 grosser
1570 4085 155 42 Anzahl

1825 279 269 39 versammelte
2125 279 205 41 Publicum
2359 280 68 40 sah
2456 281 122 41 daher
2606 283 77 39 den
2702 285 242 51 Leistungen
2975 286 66 40 des
3061 287 211 40 Virtuosen
3300 289 69 38 mit

1825 339 108 39 einer
1960 341 194 49 gewissen
2185 343 216 51 Spannung
2430 349 206 47 entgegen.

1905 400 78 46 „Er
2011 402 155 50 begann
2195 404 71 38 mit
2295 404 128 40 einem
2453 405 190 40 Concerte
2672 419 69 27 aus
2771 411 127 35 F-dur
2940 410 70 39 mit
3036 410 233 52 Begleitung
3295 412 70 39 des

1826 460 241 47 Orchesters,
2112 464 169 39 welches
2319 465 82 39 ihm
2439 466 125 51 gleich
2603 467 210 42 reichliche
2841 472 256 50 Gelegenheit
3138 473 79 47 bot,
3259 473 107 40 seine

1826 522 111 39 Kraft
1958 524 79 37 und
2055 526 406 49 aussergewöhnliche
2476 528 339 52 Fingerfertigkeit
2832 544 47 25 zu
2902 534 203 46 entfalten;
3134 534 105 39 denn
3260 534 106 40 diese

1825 583 94 39 zwei
1939 584 300 51 Eigenschaften
2269 587 86 38 sind
2385 600 52 35 es,
2466 588 62 39 die
2557 602 73 26 uns
2660 597 128 33 zuerst
2814 593 81 38 und
2924 595 284 49 vorzugsweise
3236 601 109 46 entge-

1825 649 214 45 gentreten.
2074 646 254 51 Ueberhaupt
2356 647 48 40 ist
2432 649 106 39 seine
2568 651 176 40 Technik
2773 652 87 39 eine
2887 654 330 50 ausgezeichnete,
3245 657 41 39 in
3314 658 35 38 al-

1825 707 63 39 len
1916 708 169 39 Formen
2114 709 68 38 des
2209 711 217 38 modernen
2456 712 272 51 Clavierspiels
2769 714 214 40 heimische
3022 717 80 38 und
3140 718 226 51 siegreiche,

1825 768 80 38 und
1922 780 115 26 wenn
2056 768 63 39 die
2135 769 262 40 Deutlichkeit
2418 771 107 40 nicht
2550 773 87 38 eine
2653 775 215 39 vollendete
2886 782 169 44 genannt
3077 778 158 38 werden
3250 779 117 48 kann,

1825 839 42 28 so
1895 840 90 39 mag
2013 829 62 39 die
2103 830 234 51 übergrosse
2361 832 292 51 Schnelligkeit,
2680 835 134 40 womit
2841 837 69 38 der
2928 837 150 50 Spieler
3104 839 166 39 manche
3298 841 70 39 der

1827 889 293 51 schwierigsten
2148 891 197 51 Passagen
2375 893 141 51 bringt,
2545 895 64 39 bei
2638 896 70 39 der
2720 898 112 38 Kraft
2860 898 126 39 seines
3001 899 219 50 Anschlags
3248 900 119 39 daran

1828 950 136 39 schuld
1995 951 94 48 sein,
2119 952 132 39 indem
2281 954 69 38 der
2368 954 241 41 Wiederhall
2637 958 68 38 der
2721 959 357 40 abschwindenden
3104 960 41 39 in
3156 961 119 50 jenen
3297 961 71 39 der

1825 1011 378 40 heranstürmenden
2220 1014 108 39 Töne
2344 1014 269 53 hineinklingt,
2641 1020 82 37 und
2751 1020 70 38 auf
2842 1020 107 39 diese
2977 1022 74 38 Art
3077 1021 87 39 eine
3192 1021 80 39 und
3302 1021 63 40 die

1825 1074 144 38 andere
1985 1074 221 39 Kraftstelle
2235 1075 211 50 gleichsam
2474 1077 40 38 in
2542 1077 114 40 einen
2685 1080 147 39 bunten
2854 1081 226 40 Tonwirbel
3103 1083 258 39 verschäumt.

1825 1135 78 37 Zur
1929 1135 228 50 Entfaltung
2195 1136 126 37 seines
2362 1137 183 52 Vortrags
2587 1140 40 38 in
2669 1146 236 45 getragenen
2945 1142 326 51 Gesangsstellen,
3309 1143 56 40 im

1827 1194 208 40 Graziösen
2066 1196 79 37 und
2175 1196 283 52 Anmuthigen,
2500 1201 75 49 gab
2605 1201 81 38 ihm
2716 1201 68 40 das
2814 1202 166 39 Concert
3016 1204 129 51 wenig
3175 1204 167 51 Gelegen-

1825 1255 100 47 heit;
1966 1256 99 39 doch
2094 1256 122 51 zeigte
2246 1270 42 26 er
2316 1258 115 48 dann,
2462 1274 112 25 wenn
2605 1274 41 26 er
2673 1262 55 39 sie
2759 1263 115 47 hatte,
2902 1265 76 38 den
3007 1264 151 50 Spieler
3186 1278 75 27 von
3290 1265 52 40 Ge-

1825 1317 182 38 schmack
2035 1317 81 38 und
2145 1318 125 39 feiner
2296 1319 199 41 Methode.
2540 1323 123 39 Unter
2691 1325 76 37 den
2796 1325 201 40 kleineren
3025 1326 251 40 Tonstücken
3303 1328 62 38 für

1825 1379 68 38 das
1922 1378 223 40 Pianoforte
2174 1381 128 47 allein,
2344 1382 62 38 die
2437 1395 42 27 er
2507 1389 169 46 vortrug,
2717 1387 159 38 brachte
2915 1400 75 26 nur
3025 1387 106 40 eines
3157 1389 87 38 eine
3272 1392 70 35 zün-

1825 1440 127 39 dende
1967 1440 199 51 Wirkung
2183 1441 151 47 hervor,
2362 1444 170 38 nämlich
2557 1445 63 39 die
2636 1458 75 26 von
2726 1446 82 39 ihm
2826 1449 241 49 componirte
3081 1449 79 39 und
3180 1449 185 51 gespielte

2041 1502 134 39 Dieses
2195 1503 89 38 sehr
2298 1503 212 40 effectvolle
2528 1505 209 47 Tonstück,
2755 1507 39 38 in
2817 1508 89 39 dem
2926 1509 64 38 ein
3004 1509 198 52 gefälliges
3214 1510 150 39 Thema

1825 1562 196 49 geschickt
2047 1562 41 39 in
2116 1562 170 50 pikante,
2323 1564 149 40 schnell
2501 1566 117 38 dahin
2666 1567 220 40 brausende
2913 1569 171 39 Formen
3131 1571 234 38 verflochten

1823 1622 60 45 ist,
1912 1623 135 38 wurde
2075 1623 70 39 mit
2173 1625 376 50 unvergleichlicher
2576 1627 231 40 Virtuosität
2834 1635 269 46 vorgetragen.
3156 1632 74 38 Die
3267 1632 97 38 zwei

1824 1683 161 39 Stücke:
2331 1685 61 51 (an
2411 1686 259 51 Chopin'sche
2688 1689 134 39 Weise
2837 1689 236 51 erinnernd),
3101 1691 104 39 dann
3232 1693 105 46 „„Me-

2032 1745 171 38 konnten
2242 1745 143 40 keinen
2426 1747 201 40 Eindruck
2665 1750 178 47 machen,
2888 1751 89 39 weil
3005 1752 55 38 sie
3088 1752 134 39 weder
3247 1753 115 39 einen

1823 1804 299 40 musicalischen
2149 1806 95 38 Reiz
2272 1806 141 47 haben,
2440 1809 103 38 noch
2572 1810 90 39 dem
2690 1810 152 51 Spieler
2868 1811 217 40 besondere
3104 1811 259 52 Gelegenheit

1824 1877 69 26 zur
1907 1865 226 50 Entfaltung
2161 1866 127 39 seiner
2316 1867 183 52 Vorzüge
2527 1870 138 49 geben.
2708 1872 79 39 Das
2817 1870 309 42 Grund-Thema
3154 1874 67 38 des
3253 1875 81 39 Wal-

1825 1938 96 33 zers,
1948 1928 76 36 den
2042 1927 103 39 Herr
2162 1928 235 40 Rubinstein
2414 1931 138 39 zuletzt
2580 1938 168 45 vortrug,
2776 1935 48 36 ist
2851 1935 297 46 unbedeutend;
3177 1936 62 39 die
3267 1937 71 38 Ent-

1823 1987 197 52 wicklung
2063 1989 94 38 aber
2197 1990 112 39 müht
2350 1990 81 39 sich
2471 1992 41 38 in
2558 1994 312 48 wundersamen,
2920 1996 126 40 nichts
3088 1999 173 50 weniger
3302 1999 56 38 als

1823 2049 246 50 glücklichen
2098 2050 167 38 Formen
2305 2053 77 37 voll
2423 2064 153 38 grosser
2604 2055 79 38 und
2710 2056 277 41 undankbarer
3013 2058 348 52 Schwierigkeiten

1823 2111 61 37 ab.
1912 2111 71 37 Als
2012 2111 211 38 Tonsetzer
2250 2111 100 51 zeigt
2378 2112 104 39 Herr
2497 2114 236 42 Rubinstein
2763 2117 175 39 offenbar
2960 2119 148 47 Talent,
3137 2121 94 38 aber
3258 2119 101 40 noch

1822 2170 91 38 kein
1942 2171 254 50 abgeklärtes.
2248 2172 116 39 Auch
2393 2173 48 39 ist
2469 2186 41 27 er
2538 2187 49 26 an
2616 2177 300 40 musicalischen
2944 2179 121 40 Ideen
3102 2193 109 34 arm;
3250 2181 108 38 seine

1823 2232 266 39 melodischen
2119 2233 182 49 Spenden
2329 2234 87 38 sind
2442 2234 108 52 karg,
2579 2236 128 40 haben
2735 2238 90 40 kein
2843 2239 179 52 Gepräge
3050 2242 71 38 der
3138 2242 196 50 Ursprüng-

1822 2293 159 42 lichkeit
2008 2293 82 38 und
2117 2293 87 38 sind
2234 2294 52 39 oft
2313 2295 136 39 trivial.
2498 2296 138 39 Dieser
2663 2298 75 39 Art
2764 2299 49 39 ist
2840 2302 236 38 namentlich
3105 2302 68 39 das
3203 2302 156 39 Grund-

1825 2355 151 38 Thema
2016 2355 68 38 des
2127 2355 138 39 letzten
2295 2356 127 40 Satzes
2464 2357 67 39 des
2561 2358 390 43 Clavier-Concertes.
3004 2363 46 38 In
3087 2364 70 39 der
3184 2363 174 40 Sinfonie

1824 2417 113 38 mehr
1964 2417 54 38 als
2046 2417 54 38 im
2129 2417 188 40 Concerte
2359 2418 122 51 zeigte
2522 2420 69 38 der
2619 2420 229 51 Componist
2889 2424 62 38 ein
2989 2425 163 39 schönes
3192 2425 165 40 Streben

1824 2477 98 39 nach
1951 2478 242 38 Ebenmaass
2223 2479 79 37 und
2331 2478 227 40 wirksamer
2583 2480 232 53 Benutzung
2843 2483 69 39 der
2940 2485 263 40 orchestralen
3225 2486 111 40 Hülfs-

1823 2538 123 40 mittel
1974 2540 70 38 der
2072 2539 235 52 Gegenwart
2334 2553 88 26 zum
2438 2542 234 41 Ausdrucke
2699 2545 297 40 verschiedener
3012 2547 321 40 Seelenstimmun-

1822 2612 88 38 gen.
1954 2599 70 39 Die
2052 2599 288 53 Verarbeitung
2380 2601 69 39 der
2476 2603 146 39 Motive
2660 2604 49 39 ist
2748 2606 151 39 freilich
2927 2607 183 40 meistens
3139 2610 103 38 noch
3270 2609 88 41 eine

1822 2662 299 50 ungenügende,
2150 2662 56 39 sie
2234 2663 135 39 stehen
2397 2664 54 38 oft
2478 2665 101 38 noch
2607 2679 47 25 zu
2683 2667 123 39 isolirt
2832 2670 129 38 neben
2990 2670 201 46 einander,
3218 2676 140 35 anstatt

1821 2721 42 39 in
1891 2722 186 39 einander
2105 2735 46 26 zu
2180 2723 167 39 fliessen.
2400 2725 60 38 Im
2488 2725 142 40 dritten
2666 2728 81 38 und
2775 2729 140 39 letzten
2944 2730 110 39 Satze
3083 2731 71 39 der
3181 2731 176 40 Sinfonie

1821 2782 134 40 schien
1984 2784 75 38 mir
2086 2784 62 38 die
2176 2784 308 52 Durchführung
2521 2798 62 28 am
2612 2787 170 40 klarsten
2819 2791 81 38 und
2928 2792 355 51 befriedigendsten
3310 2805 47 26 zu

1823 2844 94 39 sein.
1945 2845 246 40 Namentlich
2220 2846 152 39 machte
2400 2848 68 38 das
2496 2848 168 40 Scherzo
2694 2850 115 40 einen
2838 2852 110 38 recht
2975 2858 118 46 guten

1896 2937 174 36 Möln.
2127 2936 112 39 Beim
2269 2937 180 39 Schlüsse
2478 2939 67 38 des
2575 2939 144 38 Blattes
2761 2940 91 50 geht
2888 2953 74 26 uns
2999 2953 42 27 so
3071 2942 100 39 eben
3199 2942 63 40 die
3290 2943 71 41 tief

1819 2995 244 39 betrübende
2091 2996 211 40 Nachricht
2340 3010 76 26 von
2455 3000 88 38 dem
2574 3001 109 37 Tode
2728 3001 67 39 des
2825 3001 343 41 Concertmeisters
3197 3005 157 38 Franz

1819 3057 279 38 Hartmann
2127 3071 67 33 zu;
2223 3071 42 26 er
2294 3060 47 38 ist
2369 3060 116 39 heute
2513 3060 89 53 (den
2626 3063 35 38 6.
2684 3062 128 51 April)
2841 3064 184 50 Morgens
3051 3077 68 27 um
3149 3066 90 40 halb
3269 3066 87 40 acht

1818 3117 82 39 Uhr
1927 3118 90 38 dem
2044 3118 280 41 Nervenfieber
2352 3122 168 49 erlegen.

2008 3556 108 33 IMe
2147 3556 523 37 Miederrl&eii&isclie
2698 3559 425 48 Miasilc-Eeitinig-

1816 3604 196 36 erscheint
2032 3606 116 44 jeden
2178 3606 179 48 Samstag
2383 3608 41 35 in
2461 3608 237 35 mindestens
2736 3610 125 35 einem
2895 3623 151 34 ganzen
3082 3614 150 47 Bogen;
3283 3616 53 36 all-

1818 3657 213 35 monatlich
2058 3658 96 34 wird
2180 3659 61 34 ihr
2269 3660 61 34 ein
2355 3661 328 34 Literatur-Blatt
2710 3661 249 48 beigegeben.
3065 3666 80 35 Der
3171 3667 156 36 Abonne-

1816 3711 229 44 mentspreis
2072 3709 157 47 beträgt
2244 3713 62 33 für
2328 3712 68 35 das
2411 3712 196 45 Halbjahr
2637 3716 19 31 2
2675 3713 121 45 Thlr.,
2822 3715 64 35 bei
2909 3716 73 35 den
3008 3717 47 35 K.
3074 3730 150 33 preuss.
3241 3720 112 35 Post-

1816 3760 209 36 Anstalten
2054 3765 19 31 2
2091 3762 105 34 Thlr.
2226 3763 22 34 5
2272 3763 83 47 Sgr.
2382 3765 97 35 Eine
2507 3764 177 36 einzelne
2698 3765 184 37 Nummer
2902 3770 24 33 4
2945 3767 84 48 Sgr.
3057 3770 296 49 Einrückungs-

1818 3812 210 36 Gebühren
2055 3825 69 35 per
2150 3814 202 38 Petitzeile
2383 3820 18 32 2
2434 3817 84 45 Sgr.

1866 3865 126 34 Briefe
2018 3866 80 34 und
2126 3867 283 49 Zusendungen
2439 3868 97 35 aller
2570 3867 74 36 Art
2670 3871 155 36 werden
2848 3876 116 31 unter
2996 3873 69 36 der
3090 3873 169 39 Adresse
3285 3876 68 37 der

1814 3917 54 36 M.
1895 3917 556 50 DuMont-Schauberg'schen
2478 3920 317 50 Buchhandlung
2828 3925 41 33 in
2895 3925 104 35 Köln
3027 3925 170 38 erbeten.

1931 3986 368 43 Verantwortlicher
2325 3991 298 51 Herausgeber:
2657 3993 105 40 Prof.
2789 3995 45 39 L.
2860 3995 179 39 Bischoff
3060 3996 42 39 in
3129 3997 119 40 Köln.

1801 4070 22 17 >•
1880 4037 210 53 Verleger:
2117 4040 54 40 M.
2200 4042 525 52 DuMont-Schauberg'sche
2752 4046 317 53 Buchhandlung
3095 4049 42 38 in
3163 4050 120 40 Köln.

1856 4090 197 41 Drucker:
2080 4092 55 40 M.
2164 4094 424 52 DuMont-Schauberg
2614 4096 42 41 in
2684 4097 118 49 Köln,
2832 4099 249 42 Breitstrasse
3111 4102 47 39 76
3189 4115 37 28 u.
3255 4103 61 41 78.

1867 3320 83 37 Alle
1973 3321 42 35 in
2044 3321 117 36 dieser
2186 3323 308 48 Musik-Zeitung
2531 3326 271 48 besprochenen
2836 3329 81 34 und
2949 3329 292 48 angekündigten
3267 3331 88 37 Mu-

1816 3375 154 34 sicalien
1995 3380 67 29 etc.
2090 3375 86 35 sind
2202 3388 45 22 zu
2273 3377 166 34 erhalten
2465 3379 40 33 in
2533 3378 64 35 der
2622 3386 86 29 stets
2733 3382 222 45 vollständig
2990 3385 216 33 assortirten
3233 3385 122 35 Musi-

1816 3426 346 48 calien-Handlung
2197 3430 101 34 nebst
2331 3429 233 37 Leihanstalt
2602 3444 73 23 von
2715 3433 293 36 BERNHARD
3051 3435 218 37 BREUER
3314 3439 39 34 in

1818 3479 139 42 Köln,
1986 3479 242 37 Hochstrasse
2256 3482 64 34 Nr.
2348 3482 63 35 97.
