3472 4376
350 169 1437 214 Niederrheinische
1929 169 1169 259 Musik-Zeitung

715 451 191 86 für
954 446 859 91 Kunstfreunde
1863 443 237 84 und
2153 436 577 89 Künstler.

177 649 442 85 Herausgegeben
658 666 103 38 von
804 644 269 56 Professor
1113 644 57 53 L.
2232 640 242 74 Bischoff.
1611 635 196 85 Verlag
1848 635 92 56 der
1978 637 63 53 M.
2074 631 728 73 DuMont-Schaubergsehen
2837 630 436 85 Buchhandlung.

1426 827 173 84 KÖLN,
1639 840 43 56 7.
1720 835 132 77 April
1891 833 140 59 1855.

209 851 82 59 Nr.
327 850 77 58 14.

2844 832 79 57 111.
2959 831 277 75 Jahrgang.

246 1056 309 63 Sonderliche
596 1054 260 59 Gedanken
893 1053 119 57 über
1049 1051 78 58 die
1165 1049 189 59 letzten
1390 1047 174 58 Zeiten.

673 1178 92 38 Von
800 1175 83 41 Ed.
922 1175 217 49 Krüger.

261 1275 240 52 Politische
543 1274 245 65 Parteiung
830 1272 151 50 macht
1023 1268 90 52 sich
1156 1268 85 52 seit
1293 1268 174 66 einigen
1509 1266 169 50 Jahren

141 1360 115 52 auch
283 1359 45 51 in
357 1359 80 50 der
460 1359 154 48 Kunst
643 1355 194 68 geltend.
894 1355 64 50 So
987 1350 250 54 sonderbar
1266 1369 47 32 es
1346 1350 185 57 scheint,
1574 1366 103 31 man

141 1459 126 35 rauss
296 1459 48 34 es
375 1440 151 68 gelten
565 1440 160 58 lassen,
767 1438 301 56 anerkennen,
1108 1434 103 50 dass
1249 1434 120 50 diese
1400 1432 279 64 Auffassung

143 1524 342 54 vorhanden
513 1523 69 48 ist.
612 1522 153 49 Damit
793 1520 56 49 ist
871 1519 121 50 nicht
1015 1517 320 67 zugestanden,
1366 1515 101 50 dass
1498 1513 59 49 sie
1588 1512 60 50 be-

141 1609 266 65 rechtigt
449 1606 92 50 und
581 1607 42 48 in
663 1604 92 50 sich
783 1603 252 65 vernünftig
1063 1600 75 50 sei.
1195 1602 64 48 Es
1302 1604 122 45 wäre
1468 1595 116 52 eben
1627 1613 50 32 so

141 1692 215 58 närrisch,
386 1707 130 32 wenn
548 1706 104 32 man
676 1687 86 49 den
780 1687 286 48 Staatsmann
1095 1682 279 49 beurtheilen
1391 1682 152 48 wollte
1565 1678 113 49 nach

143 1776 124 48 einer
295 1772 344 57 Tenorstimme,
684 1769 86 50 den
809 1768 200 50 Priester
1049 1766 113 49 nach
1199 1764 103 50 dem

143 1857 88 51 den
258 1854 304 68 Philosophen
590 1852 113 51 nach
732 1849 164 52 rothen
927 1851 214 63 Wangen
1170 1847 93 49 und
1292 1846 284 50 Haarlocken

141 1940 88 49 wie
258 1956 47 32 es
337 1934 349 70 grundnärrisch
717 1934 71 58 ist,
828 1933 70 50 die
926 1931 282 50 Musicanten
1246 1929 113 50 nach
1397 1928 126 48 ihren
1552 1942 99 33 reac-

141 2022 220 59 tionären,
431 2017 404 57 demokratischen,
898 2012 348 57 conservativen,
1316 2009 358 59 socialistischen,

143 2102 407 57 aristokratischen,
606 2097 312 58 historischen,
976 2094 302 67 zukünftigen,
1322 2091 353 67 fortschrittigen

144 2204 43 34 u.
219 2204 35 34 s.
286 2204 58 31 w.
374 2182 420 52 Privat-Gedanken
825 2199 55 30 zu
910 2177 294 52 beurtheilen.

264 2267 83 48 Als
376 2266 59 48 im
465 2265 137 49 Jahre
642 2261 148 51 1848
825 2261 143 66 einige
996 2258 278 65 Gründlinge
1313 2274 80 31 aus
1435 2257 102 48 dem
1565 2256 82 47 Par-

141 2357 122 45 terre
292 2348 82 51 mit
395 2348 80 50 der
498 2350 174 63 grünen
695 2345 235 64 Hoffnung
952 2342 326 56 hervortraten,
1294 2357 92 31 nun
1410 2346 93 42 erst
1526 2337 151 50 werde

144 2434 79 49 das
233 2431 139 51 Reich
394 2430 77 49 des
485 2428 174 50 Geistes
687 2425 300 68 ungehindert
1002 2421 376 58 hervorbrechen,
1410 2421 53 49 da
1486 2420 189 49 lächelte

144 2516 81 51 der
253 2515 104 60 alte,
386 2512 201 68 gesunde
606 2507 457 54 Menschenverstand
1092 2505 93 50 und
1214 2506 144 65 fragte
1381 2503 96 50 naiv
1500 2520 175 49 genug:

154 2597 143 59 „Also
327 2596 66 48 ihr
423 2594 93 50 seid
546 2594 69 48 die
642 2592 177 49 Leute?
869 2590 117 51 Was
1024 2587 82 52 wir
1146 2586 151 51 bisher
1334 2586 211 65 gerühmt
1583 2585 92 49 und

145 2679 202 68 gefeiert,
385 2677 80 51 das
494 2694 96 32 war
628 2675 116 49 noch
784 2672 122 51 nicht
935 2671 81 50 der
1043 2670 155 51 rechte
1228 2669 158 49 Geist?
1430 2670 61 48 So
1533 2667 145 66 zeiget

144 2780 86 33 uns
248 2763 88 49 den
724 2797 17 19 „
755 2757 59 59 O,
840 2756 68 48 ihr
1221 2769 95 33 war
1346 2751 70 50 die
1438 2751 239 50 Antwort:

155 2846 99 59 „ihr
281 2844 142 52 fühlet
450 2843 122 49 nicht
611 2840 76 50 das
729 2839 116 51 nahe
873 2836 353 50 Heranbrausen
1255 2835 79 48 des
1364 2834 189 57 Geistes,
1593 2832 85 50 wie

145 2945 51 32 er
238 2928 92 49 sich
374 2925 232 51 entbindet
648 2923 108 49 aller
799 2919 299 51 hemmenden
1146 2916 315 59 Rücksichten,
1504 2915 85 49 wie
1628 2931 50 32 er

145 3025 118 35 neue
294 3008 270 64 Schwingen
593 3005 78 50 frei
701 3003 202 50 entfaltet
1103 2999 137 67 gebet
1268 2997 134 59 Acht,
1444 2997 79 49 das
1552 2995 128 51 Land

148 3093 81 52 der
257 3089 300 52 Herrlichkeit
596 3088 103 50 thut
741 3086 90 50 sich
871 3085 88 59 auf,
1002 3102 71 31 wo
1114 3100 47 32 es
1200 3081 129 50 keine
1366 3080 314 50 Aristokraten

146 3175 96 51 und
268 3175 239 66 Tyrannen
548 3170 127 50 mehr
979 3165 116 61 „Um
1512 3163 167 48 lautete

148 3258 72 52 die
239 3257 126 50 naive
386 3253 287 68 Gegenrede:
770 3290 18 17 „
802 3250 160 50 sollten
991 3257 118 41 etwa
1131 3245 329 53 demokratisch
1480 3244 202 67 gesinnte

149 3338 303 52 Contrabässe
480 3334 248 52 deutlicher
757 3331 181 68 spielen,
965 3331 65 50 als
1446 3357 64 6 —
1532 3326 119 58 „Böo-

146 3423 110 51 tier!
296 3422 81 49 mit
417 3420 67 50 dir
521 3419 57 48 ist
617 3417 122 49 nicht
783 3433 55 31 zu
1119 3413 117 48 hiess
1266 3428 61 33 es.
1386 3409 101 52 Und
1518 3427 48 31 es
1595 3410 92 50 half

146 3505 162 59 nichts,
336 3504 101 50 dass
469 3502 80 50 der
578 3497 302 53 conservative
903 3497 207 49 Philister
1131 3494 91 50 sich
1246 3493 161 49 höflich
1424 3491 259 68 Belehrung

145 3587 165 51 ausbat
350 3603 87 32 von
466 3584 168 48 seinem
663 3585 156 45 süssen
851 3578 291 66 Widerpart;
1185 3575 80 50 auf
1294 3574 106 66 jede
1444 3580 239 44 erneuerte

148 3671 120 50 Bitte
295 3668 145 51 nichts
469 3667 62 48 als
562 3665 221 64 rundweg
811 3660 351 69 abgeschlagen:
1214 3658 106 58 „Ihr
1359 3658 200 49 versteht
1598 3673 82 34 uns

149 3753 146 56 nicht;
334 3749 94 51 und
457 3766 134 33 wenn
619 3748 68 47 ihr
717 3763 85 35 uns
831 3744 213 57 versteht,
1085 3759 51 32 so
1165 3739 307 52 missversteht
1501 3739 68 50 ihr
1598 3757 84 33 uns

342 3832 155 51 —Mit
515 3831 147 49 dieser
685 3824 571 55 wohlfeilenßeminiscenz
1279 3839 81 33 aus
1385 3822 148 67 Hegel
1561 3839 92 33 wur-

151 3916 88 52 den
268 3916 70 50 die
367 3914 148 51 Acten
543 3913 69 48 für
642 3909 167 51 dasmal
840 3908 299 69 geschlossen.

273 3999 159 53 Wenn
461 4013 49 33 es
537 4013 96 33 nun
661 3993 109 51 aber
799 3991 328 50 unzweifelhaft
1153 3988 72 60 ist,
1256 3989 103 50 dass
1382 3987 107 67 jene
1518 3988 142 66 zeitge-

153 4081 144 52 sinnte
325 4079 306 66 Anwendung
666 4074 255 71 politischer
948 4072 303 68 Kategorieen
1292 4069 79 54 auf
1405 4071 77 52 das
1510 4069 173 52 Kunst-

1772 1040 151 35 Wesen
1952 1040 55 32 an
2039 1023 92 49 sich
2161 1021 212 50 verkehrt
2411 1021 71 59 ist,
2522 1021 111 50 oder
2674 1020 114 51 doch
2829 1020 101 51 kein
2968 1020 339 51 unmittelbarer

1769 1108 157 63 Bezug
1956 1105 152 50 beider
2136 1105 80 48 auf
2238 1104 212 49 einander
2479 1101 231 60 obwaltet,
2740 1120 50 32 so
2815 1103 163 49 wollen
3000 1103 83 49 wir
3105 1103 202 66 dagegen

1771 1188 120 49 nicht
1921 1188 269 57 verkennen,
2239 1185 141 51 welch
2420 1185 217 51 Fünklein
2667 1185 202 51 Wahres
2907 1200 190 35 unserer
3126 1185 180 66 Gegner

1767 1270 217 65 Meinung
2012 1269 44 51 in
2086 1268 91 51 sich
2208 1272 135 63 trägt.
2368 1269 96 48 Der
2486 1266 217 51 Künstler
2722 1266 146 50 strebt
2883 1266 113 50 nach
3023 1266 282 60 Freiheit,

1769 1353 69 48 die
1866 1352 182 67 Jugend
2073 1352 114 49 nach
2216 1349 281 67 unbändiger
2525 1349 208 51 Freiheit.
2763 1350 94 49 Das
2884 1349 58 50 ist
2968 1348 144 51 nichts
3132 1349 146 51 Beson-

1768 1435 154 58 deres;
1964 1434 61 50 sie
2056 1434 97 50 sind
2182 1433 260 58 Menschen,
2473 1432 84 50 wie
2587 1432 165 49 andere
2782 1432 128 58 auch,
2939 1432 94 49 und
3062 1449 47 32 es
3138 1433 58 49 ist
3225 1449 82 50 gar

1772 1518 175 57 löblich,
1979 1536 71 31 wo
2082 1517 62 49 sie
2172 1517 95 49 rein
2289 1514 345 51 Menschlichem
2663 1514 312 50 nachstreben.
3004 1515 66 49 Ist
3098 1514 109 50 aber
3236 1514 73 52 die

1778 1599 196 52 Freiheit
2003 1616 86 33 nur
2119 1598 71 49 bei
2211 1598 143 49 einem
2370 1595 288 51 bestimmten
2675 1597 260 67 politischen
2947 1595 360 51 Bekenntnisse?

1769 1682 93 51 Uns
1894 1682 185 57 scheint,
2110 1682 101 49 dass
2241 1698 48 32 es
2314 1680 81 50 mit
2425 1679 80 51 der
2521 1679 198 50 Freiheit
2742 1679 70 59 ist,
2844 1679 85 51 wie
2948 1679 82 50 mit
3046 1679 78 48 der
3144 1680 132 50 Fröm-

1768 1764 207 68 migkeit;
2006 1764 86 50 wie
2121 1763 45 50 in
2190 1760 151 69 jedem
2369 1760 326 51 Bekenntnisse
2723 1760 214 51 Fromme
2966 1759 94 51 und
3081 1760 225 60 Gottlose,

1768 1865 51 31 so
1848 1847 116 49 auch
1992 1846 69 57 bei
2086 1846 129 66 jeder
2232 1843 454 66 Staats-Verfassung
2714 1843 150 50 finden
2895 1843 91 50 sich
3010 1843 106 50 freie
3141 1843 166 51 Seelen

1767 1929 93 51 und
1889 1928 353 51 Sclavenseelen.
2299 1926 210 50 Darüber
2549 1927 117 49 kann
2708 1926 91 49 sich
2840 1927 93 49 also
2957 1926 77 49 das
3062 1927 242 49 Künstler-

1766 2012 208 51 Völklein
2002 2011 273 66 beruhigen;
2314 2009 81 50 mit
2432 2008 92 50 und
2566 2008 117 50 ohne
2709 2007 292 51 Demokratie
3029 2007 181 54 können
3239 2008 65 51 sie

1767 2094 110 67 selig
1904 2094 201 55 werden,
2134 2096 171 47 wenn's
2335 2108 88 33 nur
2450 2091 291 49 Künstler
2770 2091 121 49 sind!

1889 2176 157 51 Gehen
2074 2174 83 51 wir
2185 2174 142 58 tiefer,
2368 2190 50 34 so
2460 2172 78 51 hat
2566 2172 167 49 freilich
2756 2172 106 66 jene
2890 2172 232 67 politische
3150 2173 127 69 Inqui-

1767 2258 129 49 sition
1924 2257 115 50 nach
2067 2256 312 49 reactionären
2407 2255 94 49 und
2530 2255 86 49 fort
2623 2253 100 50 sehr
2727 2253 63 48 itti
2797 2270 86 49 gen
2910 2255 392 66 Kunstgedanken

1767 2340 98 49 eine
1895 2340 257 48 schwerere
2180 2336 284 66 Bedeutung.
2521 2336 120 51 Was
2686 2335 70 49 die
2796 2352 141 50 ganze
2964 2336 97 49 Zeit
3089 2336 216 51 innerlich

1768 2422 196 66 bewegt,
1994 2421 79 51 das
2096 2420 114 50 wird
2239 2420 92 50 sich
2359 2418 115 51 auch
2502 2417 59 51 im
2585 2417 285 51 Kunstleben
2900 2418 269 52 abdrücken.
3198 2420 81 49 Fin-

1767 2506 87 48 den
1884 2505 82 49 wir
1994 2521 88 32 nur
2110 2510 94 43 erst
2230 2502 79 50 das
2338 2501 155 49 rechte
2511 2500 166 52 Wort!
2707 2501 96 48 Der
2820 2501 266 66 Gegensatz,
3116 2519 57 33 an
3201 2501 105 51 dem

1768 2587 83 50 wir
1881 2586 179 58 mühen,
2091 2586 177 67 quälen,
2310 2583 173 59 bluten,
2525 2582 58 51 ist
2624 2582 125 50 nicht
2789 2581 216 52 Action
3048 2583 112 50 und
3201 2585 68 48 Re-

1768 2670 213 58 action,
2011 2669 110 50 oder
2149 2667 100 50 Alt
2279 2666 114 51 und
2418 2665 135 58 Neu,
2582 2663 191 68 König
2801 2665 106 49 und
2928 2665 161 61 Volk,
3118 2666 148 50 Rück-

1771 2751 221 50 schritt
2032 2750 107 51 und
2182 2747 396 59 Fortschritt;
2620 2745 118 51 denn
2766 2746 120 51 diese
2917 2747 284 66 Gegensätze
3226 2765 53 50 ge-

1769 2834 143 49 hören
1929 2834 150 66 jedem
2095 2831 156 51 Leben
2266 2831 91 50 und
2374 2830 152 66 jedem
2539 2829 235 58 Zeitalter;
2804 2830 61 49 sie
2896 2829 98 50 sind
3023 2830 281 67 allgemeine,

1771 2916 223 50 abstracte
2023 2914 214 50 Formeln
2267 2914 69 48 für
2368 2912 68 50 die
2460 2911 214 51 Polarität
2702 2911 147 50 alles
2878 2911 305 67 Lebendigen.
3212 2914 95 48 Der

1772 2997 359 68 specifische
2162 2997 269 66 Gegensatz,
2460 2994 79 49 der
2569 2994 78 49 das
2675 2992 289 52 Einzelleben
2992 3011 190 32 unserer
3207 2995 100 49 Zeit

1769 3080 200 67 bewegt,
2011 3080 57 50 ist
2106 3079 225 57 vielmehr,
2374 3076 232 66 allgemein
2638 3083 184 59 gesagt:
2867 3075 442 67 Subjectivität

1772 3164 113 49 und
1928 3161 414 68 Objectivität,
2388 3159 90 51 und
2521 3177 80 31 aus
2648 3159 168 49 diesem
2845 3166 151 44 ersten
3025 3160 282 66 Gegensatze

1772 3245 175 51 fliessen
1969 3245 84 50 alle
2073 3244 202 66 übrigen,
2304 3243 89 49 als:
2421 3241 228 66 Majorität
2671 3241 92 50 und
2788 3241 248 59 Autorität,
3062 3243 247 49 Atomistik

1771 3329 94 48 und
1895 3328 313 66 Organismus,
2249 3324 202 52 Willkür
2491 3324 92 51 und
2613 3323 240 68 Ordnung,
2895 3324 289 51 Lüsternheit
3212 3324 95 51 und

1771 3410 155 60 Liebe,
1955 3411 146 49 Effect
2128 3409 94 49 und
2252 3406 258 51 Schönheit.

1895 3494 117 47 Dass
2041 3508 94 33 nun
2164 3490 120 50 diese
2302 3488 382 67 Grundgewalten
2714 3488 79 49 des
2823 3488 263 68 politischen
3114 3488 94 50 und
3236 3504 48 32 re-

1773 3575 187 66 ligiösen
1974 3574 178 50 Lebens
2182 3573 112 49 auch
2323 3571 45 50 in
2397 3571 70 50 die
2496 3570 259 50 Kunstwelt
2785 3570 262 59 einfliessen,
3076 3570 112 50 wird
3216 3569 71 49 nie-

1773 3657 193 50 manden
1995 3655 238 57 wundern,
2276 3654 80 50 der
2395 3653 70 49 die
2496 3652 476 67 Wechselbeziehung
3000 3653 105 48 alles
3132 3650 149 51 Leben-

1774 3740 136 65 digen
1940 3739 201 50 erkennt.
2200 3739 103 48 Den
2331 3737 219 66 Ausgang
2590 3734 147 51 haben
2770 3735 103 66 jene
2905 3735 282 66 Gegensätze
3229 3751 81 33 aus

1777 3823 103 48 dem
1922 3818 486 53 Glaubensleben
2448 3833 284 50 genommen.
2788 3819 62 48 So
2879 3817 258 66 unbequem
3166 3814 146 52 dieses

1774 3906 73 48 für
1876 3903 219 51 manchen
2125 3902 301 64 Zeitsinnigen
2464 3899 158 61 lautet,
2663 3918 47 32 es
2740 3900 57 51 ist
2825 3900 120 51 nicht
2972 3898 173 51 minder
3173 3898 142 61 wahr,

1777 3986 60 50 ob
1868 4003 47 33 es
1946 4003 91 33 nun
2068 3984 159 68 gefalle
2258 3983 110 51 oder
2395 3982 138 51 nicht.
2590 3982 100 51 Aus
2721 3983 100 50 dem
2851 3982 216 48 Centrum
3099 3980 80 51 des
3208 3982 82 48 See-

1776 4068 230 52 lenlebens
2025 4067 277 70 erspriessen
2322 4064 84 52 alle
2431 4064 105 68 jene
2552 4063 381 67 Blüthenzweige,
2954 4063 70 52 die
3042 4063 88 55 den
3145 4064 172 51 Stamm

2661 4144 64 54 14
