2857 3980
187 2167 175 72 LES
426 2150 289 89 IDÉES
782 2170 137 71 DE
987 2173 534 71 ROUSSEAU
1587 2173 195 68 SUR
1846 2175 134 66 LA
2046 2175 463 81 MUSIQUE

2552 2180 13 23 1

350 2412 87 58 Le
473 2409 249 61 charme
756 2426 60 44 et
850 2412 55 57 le
938 2409 101 61 feu
1093 2412 99 60 des
1245 2411 328 61 caractères
2029 2413 265 59 Comme
2347 2434 96 38 ces
2497 2427 160 45 mots

100 2517 134 45 sont
285 2501 354 61 évocateurs
690 2517 58 45 et
785 2525 244 37 comme
1066 2505 70 57 ils
1170 2517 247 68 portent
1453 2503 139 59 bien
1627 2506 130 56 leur
1791 2503 136 59 date
1966 2505 11 59 !
2016 2505 102 58 Ne
2152 2505 504 58 contiennent-ils

103 2614 99 38 oas
237 2594 53 57 le
324 2594 281 58 meilleur
639 2594 71 58 de
751 2594 312 59 Rousseau
1093 2596 17 57 ?
1174 2596 179 57 Cette
1404 2592 330 61 sensibilité
1787 2594 245 59 ardente
2083 2616 79 36 ou
2198 2594 297 59 attendrie
2538 2615 118 60 que

97 2684 259 58 hauteur
422 2684 72 58 de
1030 2685 60 57 la
1264 2684 286 59 Nouvelle
1947 2685 226 58 Héloïse
1300 2685 299 58 introduit
1658 2684 145 59 dans
1861 2699 173 43 notre
2090 2684 360 71 littérature,
2501 2686 45 56 il
2601 2685 55 57 la

98 2773 311 61 réchauffe
456 2789 59 45 et
567 2776 244 58 l'exalte
863 2798 105 58 par
1001 2776 54 58 la
1089 2778 305 80 musique.
1437 2778 162 57 Pour
1644 2776 107 70 lui,
1789 2776 54 59 la
1893 2778 284 78 musique
2227 2790 104 58 est,
2370 2775 143 59 dans
2548 2797 105 37 son

98 2886 261 50 essence,
397 2887 117 37 une
549 2865 258 60 effusion
846 2865 74 59 de
953 2867 202 69 l'âme,
1193 2888 117 36 une
1347 2863 353 61 confidence
1734 2864 373 83 passionnée.

282 2957 51 58 Il
383 2978 75 36 ne
506 2957 86 58 lui
644 2971 271 44 conteste
949 2977 104 61 pas
1102 2957 54 57 le
1208 2958 261 79 pouvoir
1502 2956 72 58 de
1610 2956 289 80 suggérer
1931 2957 82 58 les
2048 2958 231 79 images
2313 2956 80 58 du
2429 2956 227 58 monde

96 3047 306 60 extérieur
432 3071 12 37 :
549 3050 112 55 elle
696 3050 169 80 peint
903 3062 154 57 tout,
1094 3047 204 58 même
1334 3050 81 57 les
1451 3046 190 81 objets
1677 3050 107 78 qui
1820 3069 75 36 ne
1928 3062 136 45 sont
2093 3069 120 59 que
2239 3047 239 58 visibles
2504 3071 12 47 ;
2547 3067 108 60 par

97 3161 81 37 un
214 3140 265 80 prestige
515 3159 260 59 presque
811 3137 453 73 inconcevable,
1295 3140 110 56 elle
1433 3137 227 60 semble
1687 3152 220 45 mettre
1935 3138 151 59 l'œil
2112 3137 144 59 dans
2281 3138 256 58 l'oreille
2637 3135 16 26 2

98 3230 51 60 Il
183 3230 206 60 admet
423 3245 200 43 toutes
656 3230 82 58 les
774 3229 402 81 descriptions
1211 3230 319 57 musicales
1564 3244 58 43 et
1673 3229 235 59 déclare
1959 3230 203 57 même
2204 3250 138 60 que,
2393 3250 158 60 pour
2599 3229 54 58 la

96 3321 414 82 composition
561 3320 143 58 d'un
756 3317 202 83 opéra,
1009 3320 54 58 le
1114 3321 300 57 musicien
1465 3319 200 59 habile
1700 3342 142 36 aura
1875 3316 183 84 profit
2095 3317 30 60 à
2159 3320 210 58 visiter
2401 3319 252 58 l'atelier

94 3411 82 60 du
213 3413 237 80 peintre
484 3413 108 80 qui
628 3410 199 60 brosse
862 3411 81 58 les
978 3409 229 60 décors.
1315 3410 147 59 Non
1499 3411 338 58 seulement
1871 3411 43 58 il
1963 3411 229 80 agitera
2225 3411 54 56 la
2316 3432 128 37 mer
2478 3408 31 59 à
2544 3431 106 36 son

212 3578 9 22 1
254 3579 100 38 Voir
386 3576 34 40 le
453 3581 171 36 numéro
656 3578 55 37 du
750 3591 45 36 15
827 3578 103 49 juin.

208 3638 13 20 2
243 3636 279 46 Dictionnaire,
545 3646 73 28 art.
641 3636 211 40 Imitation.
