2857 3980
1132 227 122 69 LE
1346 227 246 69 MOIS

2535 236 42 68 6
2597 258 33 69 5

75 375 27 46 à
146 393 93 28 une
286 377 207 44 certaine
536 377 284 45 obstination
869 376 113 46 dans
1009 393 63 28 un
1101 375 204 63 système
1333 374 249 47 d'écriture
1611 376 276 62 surchargée
1915 395 102 27 sans
2044 379 258 61 puissance,
2343 381 295 63 compliquée

75 464 105 28 sans
207 447 188 61 variété,
425 447 276 46 modulante
729 464 103 29 sans
858 447 134 45 ordre
1021 448 46 44 ni
1098 446 238 46 méthode.

221 518 68 46 Ce
317 531 106 33 sont
450 536 76 28 ces
553 518 295 46 obstacles-là
874 536 76 28 sur
978 516 198 63 lesquels
1204 516 29 46 il
1262 516 99 46 faut
1389 534 92 43 que
1509 516 201 46 l'auteur
1738 517 277 62 réfléchisse,
2043 537 75 28 car
2158 520 41 47 le
2239 524 195 59 pouvoir
2475 524 56 46 de
2573 524 65 47 les

73 588 181 62 aplanir
281 601 67 34 est
376 607 59 28 en
463 588 82 61 lui,
576 601 45 34 et
648 607 59 28 en
735 589 64 46 lui
828 589 114 46 seul.
974 589 92 46 Son
1095 605 165 29 amour
1289 588 62 45 du
1379 588 231 60 paradoxe
1637 588 106 45 s'est
1771 589 246 47 manifesté
2040 591 218 63 jusqu'en
2296 611 65 27 un
2389 605 103 35 tout
2520 596 116 60 petit

77 660 139 46 détail
263 662 254 60 technique
547 677 10 29 :
606 660 43 46 la
693 662 294 60 suppression
1031 660 79 46 des
1153 659 241 46 accidents
1421 658 24 45 à
1474 658 40 45 la
1542 658 71 46 clé
1639 675 77 29 sur
1742 676 69 30 ses
1838 663 259 59 partitions,
2128 663 112 47 dans
2279 682 92 28 une
2412 665 125 46 foule
2581 666 54 45 de

78 749 207 45 passages
313 732 91 45 fort
433 732 207 62 éloignés
668 731 54 46 de
750 731 44 46 la
821 730 198 47 tonalité
1047 729 112 48 d'ut.
1190 730 113 47 Sans
1330 728 180 47 vouloir
1539 730 109 45 tirer
1676 730 54 46 de
1759 748 53 29 ce
1840 732 81 45 fait
1954 732 90 46 très
2083 734 266 59 particulier
2389 753 94 29 une
2523 754 87 29 con-

76 803 182 46 clusion
288 815 102 48 trop
420 803 232 62 générale,
681 802 30 46 il
740 815 67 34 est
835 803 171 60 permis
1034 801 79 64 d'y
1143 803 97 44 voir
1268 818 92 29 une
1389 799 293 47 vérification
1705 802 395 61 supplémentaire
2123 805 55 45 de
2199 805 42 46 la
2262 807 374 62 caractéristique

78 875 55 45 de
183 874 74 47 M.
303 874 252 46 Malherbe
581 895 11 35 ;
640 885 46 34 et
733 873 257 47 l'omission
1030 873 56 45 de
1126 890 75 29 ces
1244 882 252 36 armatures
1498 908 13 24 ,
1552 872 167 60 parfois
1759 873 226 63 gênantes
2032 892 115 43 pour
2189 875 290 49 l'exécutant
2525 881 113 44 mais

78 944 239 47 tutélaires
344 963 116 42 pour
487 944 42 46 le
557 946 249 58 musicien,
830 944 266 61 représente
1124 943 291 60 fidèlement,
1440 944 35 45 si
1505 943 156 46 même
1690 943 88 47 elle
1809 962 56 28 ne
1893 944 231 64 l'aggrave
2146 965 93 43 pas,
2263 959 121 35 cette
2407 950 231 47 tendance

76 1016 26 47 à
124 1016 254 46 l'anarchie
406 1017 156 45 tonale
586 1017 75 60 qui
687 1016 360 62 désorganisera,
1071 1033 90 43 peu
1183 1015 23 45 à
1230 1033 105 42 peu,
1358 1013 69 47 s'il
1451 1013 83 64 n'y
1556 1015 145 60 prend
1726 1016 155 62 garde,
1904 1028 130 34 toute
2057 1016 336 65 l'intelligence
2416 1021 221 45 musicale

79 1087 516 62 exceptionnellement
625 1089 106 44 bien
760 1087 149 46 douée
938 1087 54 45 de
1024 1086 74 46 M.
1128 1085 226 47 Edmond
1383 1085 269 47 Malherbe.

1984 1197 512 47 Auguste
2496 1197 1 47 Sérieyx.

240 1665 374 80 SOCIÉTÉ
668 1684 508 83 FRANÇAISE
1230 1684 160 58 DES
1443 1684 223 58 AMIS
1722 1684 119 58 DE
1895 1685 114 57 LA
2064 1686 417 66 MUSIQUE

226 2099 82 48 On
350 2100 85 45 sait
473 2116 89 43 que
604 2100 113 45 dans
754 2115 48 29 sa
840 2097 212 47 dernière
1091 2097 218 60 réunion,
1355 2098 130 60 après
1512 2099 127 44 avoir
1667 2098 212 46 entendu
1907 2098 261 62 l'éloquent
2201 2099 238 64 plaidoyer
2467 2101 56 45 de
2562 2119 83 28 son

82 2171 257 59 Président,
370 2170 77 46 M.
477 2170 40 45 le
548 2169 175 47 Comte
753 2168 64 48 G.
849 2169 240 48 Chandon
1117 2169 79 46 des
1226 2168 224 61 Briailles,
1479 2169 42 46 le
1550 2169 194 47 Comité
1773 2170 56 45 de
1858 2169 42 46 la
1926 2169 183 47 Société
2131 2170 247 60 Française
2407 2172 78 46 des
2505 2173 140 45 Amis

79 2244 55 44 de
176 2242 43 46 la
266 2240 226 63 Musique
536 2244 124 43 avait
705 2240 163 46 décidé
914 2240 55 46 de
1015 2240 153 61 prêter
1212 2258 84 28 son
1335 2242 140 59 appui
1523 2253 46 33 et
1606 2258 82 28 son
1732 2252 255 52 patronage
2029 2242 25 45 à
2093 2241 40 46 la
2181 2242 182 47 Société
2408 2242 236 47 Musicale

81 2314 374 60 Indépendante.
506 2312 68 46 La
616 2312 44 47 S.
708 2312 77 46 M.
834 2312 36 47 I.
914 2330 25 27 a
980 2311 212 64 organisé
1238 2312 124 45 deux
1402 2324 218 34 concerts
1663 2312 284 47 d'orchestre
1992 2314 81 60 qui
2120 2326 84 33 ont
2243 2314 179 45 obtenu
2462 2314 40 46 le
2544 2315 102 60 plus

86 2385 210 63 légitime
323 2384 176 47 succès.

227 2456 292 47 L'heureuse
564 2456 314 59 composition
931 2454 78 46 des
1058 2454 124 46 deux
1235 2471 321 46 programmes
1605 2454 196 46 donnait
1852 2456 234 45 vraiment
2138 2466 131 35 toute
2319 2473 47 29 sa
2411 2456 158 61 portée
2621 2456 25 47 à

82 2527 438 62 l'encouragement
547 2526 197 46 accordé
772 2543 77 44 par
878 2538 134 33 notre
1042 2525 182 47 Société
1251 2526 25 45 à
1303 2544 65 27 un
1391 2528 143 62 jeune
1563 2538 315 50 groupement
1912 2526 323 61 représentant
2275 2526 65 47 les
2377 2528 245 47 caractéris-

83 2600 152 61 tiques
273 2598 56 45 de
369 2597 104 46 l'art
512 2599 360 59 contemporain
912 2609 45 33 et
997 2596 278 60 réunissant,
1315 2615 107 28 sous
1460 2597 42 45 la
1540 2596 270 62 présidence
1850 2597 116 46 d'un
2007 2598 178 46 Maître
2231 2598 415 47 universellement

83 2670 223 61 respecté,
336 2668 63 47 les
421 2669 166 63 jeunes
613 2669 341 60 compositeurs
980 2669 78 60 qui
1085 2682 107 33 sont
1220 2668 64 46 les
1310 2668 103 61 plus
1439 2669 98 46 sûrs
1564 2669 171 60 espoirs
1762 2669 56 45 de
1848 2668 165 47 l'école
2043 2669 240 47 moderne.
2316 2668 331 64 L'intelligent

84 2741 268 47 éclectisme
392 2741 55 45 de
487 2740 42 45 la
569 2740 42 47 S.
644 2740 75 47 M.
749 2738 38 48 I.
818 2756 118 29 nous
974 2758 25 27 a
1038 2741 172 60 permis
1249 2740 56 47 de
1345 2740 111 45 faire
1496 2757 65 28 un
1602 2752 127 50 geste
1768 2740 277 46 réellement
2084 2740 115 46 utile
2227 2752 45 34 et
2300 2740 185 47 fécond.
2512 2742 136 45 Nous

83 2830 143 29 avons
266 2830 59 28 eu
364 2813 277 45 conscience
682 2812 56 45 de
776 2812 275 44 contribuer
1089 2811 327 46 efficacement
1455 2811 24 45 à
1517 2811 42 45 la
1604 2810 264 47 réalisation
1914 2811 322 61 d'aspirations
2280 2811 277 63 généreuses
2602 2825 46 33 et

84 2884 177 46 d'avoir
300 2882 222 47 consacré
560 2895 132 33 toute
732 2900 95 28 une
867 2882 240 46 évolution
1140 2881 309 64 significative
1478 2899 60 29 en
1567 2883 210 45 unissant
1804 2895 135 33 notre
1968 2881 137 47 effort
2131 2882 25 47 à
2183 2883 121 46 celui
2333 2884 56 45 de
2428 2883 222 62 quelques

84 2956 179 46 artistes
289 2955 117 45 dont
432 2953 393 62 l'indépendance
949 2955 108 44 titre
1084 2954 153 62 oblige
1265 2952 7 49 !
1399 2971 58 28 ne
1484 2954 171 45 saurait
1682 2954 251 46 désormais
1961 2954 96 45 être
2085 2955 88 45 mis
2200 2972 58 27 en
2287 2955 157 47 doute.

228 3025 71 47 La
331 3042 147 44 presse
505 3043 26 27 a
558 3025 73 46 été
659 3026 227 44 unanime
914 3025 24 45 à
964 3037 238 35 constater
1231 3024 41 46 le
1300 3025 148 63 grand
1475 3024 161 47 succès
1674 3025 56 46 de
1769 3042 75 29 ces
1883 3026 123 45 deux
2046 3037 229 35 concerts.
2307 3025 92 47 Les
2425 3025 225 63 louanges

84 3099 78 60 qui
191 3109 84 33 ont
304 3096 72 46 été
402 3096 229 46 adressées
657 3114 93 28 aux
778 3096 138 46 Amis
943 3096 56 46 de
1028 3096 41 46 la
1098 3095 229 64 Musique
1366 3096 101 46 leur
1505 3107 85 34 ont
1630 3096 73 46 été
1743 3096 91 47 très
1871 3095 235 48 sensibles.
2149 3096 62 47 Us
2248 3109 85 33 ont
2371 3098 278 45 conscience

85 3168 176 47 d'avoir
287 3168 233 61 accompli
550 3168 99 45 leur
677 3168 137 45 tâche
856 3167 241 62 puisqu'ils
1135 3179 85 34 ont
1258 3169 117 45 servi
1404 3186 59 27 en
1503 3179 123 34 cette
1667 3168 325 46 circonstance
2021 3168 43 46 la
2090 3185 137 30 cause
2261 3168 55 46 de
2344 3167 42 47 la
2408 3168 171 63 justice
2606 3180 46 33 et

89 3239 117 47 celle
234 3241 55 44 de
318 3239 43 45 la
389 3239 182 47 beauté.

220 3429 78 46 De
340 3429 268 45 nombreux
651 3428 171 63 projets
865 3439 108 34 sont
1016 3427 25 47 à
1082 3427 176 46 l'étude
1299 3429 77 61 qui
1415 3439 160 35 seront
1613 3427 216 61 discutés,
1871 3428 78 46 dès
1985 3429 43 45 la
2062 3427 202 61 rentrée,
2300 3446 59 28 au
2396 3444 136 30 cours
2576 3428 78 46 des

87 3500 251 62 premières
366 3499 236 47 réunions.
636 3499 91 46 Les
754 3516 322 46 programmes
1103 3498 57 47 de
1187 3516 85 29 nos
1300 3516 249 29 nouveaux
1590 3513 216 33 concerts
1844 3499 294 47 réserveront
2176 3498 223 63 quelques
2432 3500 222 59 surprises

89 3573 252 45 heureuses
367 3573 25 44 à
421 3588 84 29 nos
533 3571 249 46 membres.

2347 3640 66 47 G.
2452 3641 58 46 C.
