2857 3980
1148 1051 208 48 RUTA
1399 1051 144 62 (Prof.
1589 1049 208 61 Ricard).
1957 1047 150 47 Storia
2148 1047 245 60 dell'arpa.
2443 1044 135 47 Parte
2623 1044 164 60 prima.

1004 1124 268 45 Richerche
1318 1124 218 45 storiche.
1581 1122 216 61 (Aversa,
1827 1119 116 46 ditta
1985 1120 61 45 A.
2079 1118 127 46 Ruta
2247 1117 44 47 &
2333 1117 78 59 C°,
2461 1131 87 47 191
2568 1131 38 30 1.
2636 1111 112 49 In-8
2755 1115 18 19 0
2776 1149 12 23 ,

1012 1194 93 47 162
1137 1211 152 45 pages,
1320 1193 212 61 illustré).

1146 1278 87 46 Un
1268 1277 114 45 livre
1426 1275 143 47 d'une
1614 1274 179 46 lecture
1838 1273 230 62 agréable,
2119 1271 239 62 supérieur
2400 1271 23 45 à
2468 1280 105 35 tout
2613 1286 52 29 ce
2710 1268 79 61 qui

1005 1348 106 47 s'est
1139 1348 157 61 publié
1324 1365 58 28 en
1411 1346 134 47 Italie
1571 1364 78 28 sur
1676 1345 42 46 le
1746 1345 157 45 même
1930 1345 133 62 sujet.
2094 1345 84 45 Un
2207 1342 124 62 léger
2370 1344 112 44 abus
2509 1341 78 45 des
2624 1338 139 61 ampli-

1006 1419 215 47 fications
1239 1418 242 62 poétiques
1503 1418 131 61 (dans
1661 1416 42 46 la
1731 1416 182 61 préface
1940 1432 8 30 :
1981 1418 29 22 u
2034 1433 51 28 ce
2112 1432 139 29 suave
2279 1426 45 33 et
2352 1413 129 45 divin
2503 1413 289 44 instrument

1007 1492 94 61 qui,
1131 1491 24 45 à
1183 1503 172 33 travers
1382 1501 102 34 tant
1512 1489 57 45 de
1594 1487 176 61 siècles,
1799 1505 26 28 a
1852 1485 166 47 exercé
2046 1504 92 28 une
2166 1484 109 47 telle
2296 1484 276 47 fascination
2610 1499 76 28 sur
2728 1480 63 45 les

1008 1563 161 59 esprits
1196 1562 219 45 humains
1514 1572 107 47 etc.,
1652 1570 88 36 etc.
1762 1557 110 47 Plus
1898 1558 96 46 loin
2023 1574 63 30 un
2108 1557 167 61 poème
2305 1556 172 46 traduit
2497 1554 53 45 de
2573 1553 219 46 Thomas

1012 1633 207 62 Moore).

1153 1704 72 46 La
1251 1702 222 47 méthode
1503 1701 119 46 n'est
1649 1700 238 62 peut-être
1915 1717 77 44 pas
2019 1712 103 48 trop
2151 1699 288 61 rigoureuse.
2469 1697 85 45 Un
2582 1695 210 60 chapitre

1011 1777 149 44 entier
1187 1792 76 29 sur
1292 1774 40 46 la
1418 1775 141 58 harpe
1588 1771 215 48 éolienne
1909 1771 197 61 précède
2134 1769 120 47 celui
2300 1768 62 46 où
2390 1767 30 46 il
2466 1778 67 35 est
2560 1765 135 46 traité
2738 1765 56 45 de

1011 1847 214 62 l'origine
1254 1846 62 46 du
1358 1857 101 34 mot
1498 1846 156 59 harpe.
1687 1843 70 46 La
1784 1842 347 63 Bibliographie
2165 1839 177 47 dressée
2387 1857 59 27 au
2491 1853 271 31 commence-

1012 1931 132 33 ment
1173 1919 62 44 du
1263 1917 189 45 volume
1480 1916 83 46 fait
1590 1933 93 27 une
1712 1914 130 62 place
1869 1913 24 47 à
1933 1914 78 46 des
2038 1928 224 46 ouvrages
2306 1911 56 45 de
2390 1927 91 44 peu
2527 1905 265 49 d'autorité.

1155 1988 92 47 Ces
1273 1989 223 60 critiques
1521 1987 147 58 faites,
1699 1985 30 46 il
1769 1986 98 45 faut
1903 1985 165 45 rendre
2096 1985 255 59 hommage
2378 1981 24 47 à
2441 1980 233 58 l'aisance,
2703 1995 92 29 aux

1011 2061 436 58 connaissances,au
1473 2059 129 45 souci
1632 2056 260 62 esthétique
1921 2056 55 45 de
2003 2054 217 47 l'auteur.
2241 2052 146 48 Enfin
2410 2053 227 45 certaines
2658 2066 137 45 pages

1011 2150 76 28 sur
1133 2131 62 46 les
1224 2130 169 47 Ecoles
1434 2141 46 34 et
1522 2129 123 45 leurs
1691 2128 278 61 principaux
2013 2125 342 62 représentants
2395 2134 107 35 sont
2544 2122 115 45 d'un
2702 2120 92 47 réel

1012 2202 170 46 intérêt
1210 2200 371 47 documentaire.
2298 2195 76 47 M.
2418 2194 304 47 PINCHERLE.

1154 2344 206 46 RUTZ
1390 2342 282 62 (Ottomar.)
1794 2339 179 60 Musik,
2008 2339 137 46 IVort
2171 2339 92 44 und
2287 2336 188 63 Korper,
2505 2336 63 47 ah
2592 2334 178 47 Gemiits-

1008 2416 225 47 ausdruck.
1264 2414 234 62 (Leipzig,
1529 2413 252 60 Breitkopf
1801 2423 45 34 et
1876 2410 184 59 Hârtel,
2096 2410 165 62 1911).

378 2490 73 47 Ce
478 2490 147 62 grand
652 2501 47 33 et
724 2499 161 35 savant
912 2504 203 45 ouvrage
1140 2504 77 28 sur
1245 2485 43 47 la
1313 2486 230 60 musique,
1571 2483 43 46 la
1641 2482 156 62 parole
1824 2495 45 33 et
1896 2481 41 46 le
1965 2497 148 45 corps,
2143 2497 57 30 en
2229 2491 101 34 tant
2358 2477 348 63 qu'expression
2736 2477 62 46 du

234 2562 275 59 sentiment,
540 2572 66 35 est
632 2558 26 47 à
685 2558 43 47 la
754 2560 85 45 fois
866 2557 207 64 l'exposé
1101 2556 144 47 d'une
1273 2556 180 45 théorie
1482 2553 219 47 nouvelle
1728 2565 46 34 et
1802 2570 94 29 une
1924 2552 389 46 documentation
2352 2548 90 47 très
2470 2548 219 61 étendue,
2715 2548 80 62 qui

235 2632 239 48 fourmille
502 2629 289 63 d'exemples
818 2628 275 64 empruntés
1120 2627 26 47 à
1171 2627 43 47 la
1240 2628 215 60 musique
1483 2637 46 34 et
1556 2626 26 45 à
1622 2624 42 47 la
1692 2623 259 47 littérature
1980 2623 55 46 de
2082 2634 105 35 tous
2212 2621 64 46 les
2303 2619 190 62 peuples
2537 2632 46 33 et
2611 2619 56 46 de
2695 2631 103 34 tous

235 2706 65 45 les
328 2717 166 48 temps.
525 2703 246 60 L'auteur,
800 2703 80 61 qui
909 2714 66 35 est
1005 2702 40 46 le
1073 2698 71 48 fils
1172 2699 56 46 de
1255 2699 175 62 Joseph
1459 2697 149 61 Rutz,
1637 2713 66 29 un
1732 2695 78 46 des
1852 2697 254 44 chanteurs
2145 2692 271 48 d'autrefois
2442 2693 56 44 de
2537 2690 44 47 la
2607 2690 188 47 Passion

235 2775 484 61 d'Oberammergau,
748 2784 47 35 et
833 2773 56 46 de
918 2773 42 46 la
1001 2770 256 50 cantatrice
1288 2769 147 47 Klara
1463 2768 147 60 Rutz,
1638 2767 108 47 s'est
1788 2765 102 65 déjà
1930 2767 82 44 fait
2056 2764 245 47 connaître
2343 2781 80 43 par
2469 2779 67 29 ses

240 2849 268 45 découvertes
824 2864 75 27 sur
1026 2845 46 47 la
1171 2863 104 28 voix
1434 2843 208 47 humaine
1066 2843 232 62 (Munich
1335 2839 148 65 1908)
1510 2852 47 33 et
1582 2857 86 29 son
1695 2838 136 47 traité
1871 2838 209 61 pratique
2109 2853 9 29 :

234 2920 58 45 du
318 2927 115 53 corps
458 2916 148 63 (ibid.,
643 2915 165 64 1911).
837 2913 41 48 Il
904 2933 26 28 a
956 2913 134 48 tenté
1115 2924 126 34 cette
1267 2911 155 46 fois-ci
1453 2910 303 46 d'embrasser
1784 2909 113 46 dans
1923 2924 95 29 une
2037 2924 164 29 œuvre
2229 2904 289 48 d'ensemble
2546 2904 44 45 la
2617 2902 181 47 totalité

235 2990 57 46 de
320 2989 42 47 la
389 2989 231 58 doctrine,
648 3004 59 28 en
735 2986 276 64 l'appuyant
1040 2986 55 45 de
1123 2984 43 47 la
1193 2982 102 63 plus
1321 2981 175 64 grande
1523 2980 278 47 abondance
1839 2979 57 45 de
1923 2995 195 45 preuves
2159 2989 46 34 et
2233 2975 289 62 d'exemples
2563 2975 232 62 possibles.

378 3061 153 45 Notre
559 3075 134 46 corps
720 3059 227 63 physique
975 3070 68 34 est
1069 3073 107 30 sous
1203 3055 43 47 la
1273 3054 297 47 domination
1599 3052 56 46 de
1684 3064 135 34 notre
1845 3052 73 45 vie
1956 3048 348 49 sentimentale.
2338 3047 67 47 Le
2450 3059 347 49 tempérament

235 3134 57 44 de
319 3132 186 46 chacun
535 3131 56 46 de
619 3146 134 43 nous,
782 3146 52 29 ce
861 3130 79 61 qui
987 3129 82 45 fait
1097 3127 41 46 le
1166 3125 136 47 fonds
1344 3126 56 44 de
1429 3136 134 34 notre
1591 3123 97 47 être
1730 3135 47 33 et
1805 3139 118 29 nous
1966 3134 69 34 est
2063 3120 111 47 inné
2297 3118 42 47 le
2370 3117 190 48 Gemûth
2565 3156 13 25 ,
2607 3135 191 29 comme

235 3203 154 46 disent
417 3220 58 29 en
503 3219 67 29 un
598 3212 103 35 mot
728 3201 65 46 les
818 3200 283 45 Allemands
1220 3196 253 62 s'exprime
1501 3212 80 45 par
1609 3195 79 45 des
1713 3195 154 62 signes
1911 3192 271 61 extérieurs,
2211 3209 59 29 en
2317 3189 267 63 particulier
2611 3189 43 46 le
2695 3200 100 50 port

235 3275 63 47 du
326 3291 148 45 corps,
504 3273 42 46 le
573 3290 84 29 son
686 3272 56 46 de
770 3271 43 47 la
838 3272 123 58 voix,
991 3271 44 45 la
1062 3269 231 61 mimique
1334 3266 313 48 involontaire
1674 3277 47 34 et
1764 3263 246 60 naturelle,
2040 3276 89 34 etc.
2160 3262 94 48 Ces
2296 3262 154 62 signes
2487 3272 106 36 sont
2631 3272 166 36 autant

234 3344 231 49 d'indices
492 3361 116 46 pour
635 3344 77 61 qui
742 3342 66 48 les
833 3343 189 46 observe
1050 3342 384 46 attentivement.
1464 3337 63 47 Ils
1565 3336 372 62 correspondent
1977 3334 26 46 à
2041 3352 65 28 un
2149 3333 95 47 état
2272 3333 225 46 intérieur
2539 3333 57 46 de
2639 3330 156 49 l'âme.

234 3417 89 47 Par
348 3416 43 47 là
418 3416 242 48 s'ouvrent
687 3414 79 46 des
791 3431 203 29 avenues
1022 3429 99 30 vers
1148 3410 43 47 le
1217 3410 264 47 sanctuaire
1509 3407 240 48 intérieur.
1781 3405 69 49 La
1890 3407 246 45 substance
2165 3404 56 47 de
2261 3403 122 61 l'art,
2410 3403 114 48 c'est
2563 3414 122 36 cette
2724 3403 73 44 vie

231 3485 349 61 sentimentale,
610 3498 47 33 et
683 3502 98 29 non
810 3483 338 63 l'intelligence
1176 3499 62 30 ou
1280 3480 43 46 la
1365 3479 256 61 technique
1666 3479 64 46 du
1772 3478 184 45 metier.
1986 3476 168 47 L'âme
2197 3487 67 34 est
2311 3475 41 46 la
2391 3492 138 29 sauce
2576 3474 55 46 de
2672 3473 13 45 1
2708 3484 85 34 art.

234 3558 317 49 L'éducation
580 3574 112 29 aura
719 3556 123 46 donc
871 3572 118 45 pour
1019 3556 82 45 but
1128 3553 43 47 la
1198 3551 185 49 culture
1411 3550 56 47 de
1494 3550 141 47 l'âme
1676 3560 46 35 et
1750 3548 315 62 l'acquisition
2111 3548 54 45 de
2195 3546 43 47 la
2263 3546 186 47 science
2490 3546 56 46 de
2574 3544 199 62 l'expres-

231 3633 120 57 sion,
439 3629 423 62 l'expressionisme
968 3626 131 47 Mais
1124 3624 203 48 l'auteur
1370 3640 49 30 se
1445 3621 173 47 défend
1660 3621 392 62 énergiquement
2079 3619 56 47 de
2164 3637 60 27 ne
2263 3634 120 30 nous
2426 3616 236 62 présenter
2706 3633 91 45 que
