<?xml version="1.0" encoding="UTF-8"?>
<alto xmlns:xsi="http://www.w3.org/2001/XMLSchema-instance" xmlns="http://www.loc.gov/standards/alto/ns-v2#" xsi:schemaLocation="http://www.loc.gov/standards/alto/ns-v2# http://www.loc.gov/standards/alto/alto-v2.0.xsd" xmlns:xlink="http://www.w3.org/1999/xlink">
	<Description>
		<MeasurementUnit>mm10</MeasurementUnit>
		<sourceImageInformation>
			<fileName>//fileserver7/IN2/Princeton/Batch3/bmtnabh/1912/07/15_01/00000155.tif</fileName>
		</sourceImageInformation>
		<OCRProcessing ID="OCRPROCESSING_1">
			<preProcessingStep>
				<processingSoftware>
					<softwareCreator>CCS Content Conversion Specialists GmbH, Germany</softwareCreator>
					<softwareName>CCS docWORKS</softwareName>
					<softwareVersion>6.6-1.18</softwareVersion>
				</processingSoftware>
			</preProcessingStep>
			<ocrProcessingStep>
				<processingSoftware>
					<softwareCreator>ABBYY (BIT Software), Russia</softwareCreator>
					<softwareName>FineReader</softwareName>
					<softwareVersion>10.0</softwareVersion>
				</processingSoftware>
			</ocrProcessingStep>
		</OCRProcessing>
		<OCRProcessing ID="OCRPROCESSING_2">
			<preProcessingStep>
				<processingSoftware>
					<softwareCreator>CCS Content Conversion Specialists GmbH, Germany</softwareCreator>
					<softwareName>CCS docWORKS</softwareName>
					<softwareVersion>6.6-1.18</softwareVersion>
				</processingSoftware>
			</preProcessingStep>
			<ocrProcessingStep>
				<processingSoftware>
					<softwareCreator>ABBYY (BIT Software), Russia</softwareCreator>
					<softwareName>NA</softwareName>
				</processingSoftware>
			</ocrProcessingStep>
		</OCRProcessing>
	</Description>
	<Styles>
		<TextStyle ID="TXT_0" FONTSIZE="27" FONTFAMILY="Times New Roman"/>
		<TextStyle ID="TXT_1" FONTSIZE="21" FONTFAMILY="Times New Roman"/>
		<TextStyle ID="TXT_2" FONTSIZE="21" FONTFAMILY="Times New Roman" FONTSTYLE="italics"/>
		<TextStyle ID="TXT_3" FONTSIZE="19" FONTFAMILY="Times New Roman"/>
		<ParagraphStyle ID="PAR_LEFT" ALIGN="Left"/>
		<ParagraphStyle ID="PAR_RIGHT" ALIGN="Right"/>
		<ParagraphStyle ID="PAR_BLOCK" ALIGN="Block"/>
	</Styles>
	<Layout>
		<Page ID="P50" PHYSICAL_IMG_NR="50" HEIGHT="3980" WIDTH="2857" PC="0.919">
			<TopMargin ID="P50_TM00001" HPOS="0" VPOS="0" WIDTH="2857" HEIGHT="240"/>
			<LeftMargin ID="P50_LM00001" HPOS="0" VPOS="240" WIDTH="45" HEIGHT="3607"/>
			<RightMargin ID="P50_RM00001" HPOS="2660" VPOS="240" WIDTH="197" HEIGHT="3607"/>
			<BottomMargin ID="P50_BM00001" HPOS="0" VPOS="3847" WIDTH="2857" HEIGHT="133"/>
			<PrintSpace ID="P50_PS00001" HPOS="45" VPOS="240" WIDTH="2615" HEIGHT="3607">
				<TextBlock ID="P50_TB00001" HPOS="282" VPOS="224" WIDTH="2062" HEIGHT="92" STYLEREFS="TXT_0 PAR_LEFT">
					<TextLine ID="P50_TL00001" HPOS="282" VPOS="224" WIDTH="2062" HEIGHT="92">
						<String ID="P50_ST00001" HPOS="282" VPOS="248" WIDTH="134" HEIGHT="66" CONTENT="LA" WC="0.92" CC="10"/>
						<SP ID="P50_SP00001" HPOS="416" VPOS="314" WIDTH="48"/>
						<String ID="P50_ST00002" HPOS="464" VPOS="224" WIDTH="676" HEIGHT="92" CONTENT='«NEUVIÈME"' WC="0.99" CC="7611301026"/>
						<SP ID="P50_SP00002" HPOS="1140" VPOS="316" WIDTH="45"/>
						<String ID="P50_ST00003" HPOS="1185" VPOS="244" WIDTH="138" HEIGHT="67" CONTENT="DE" WC="0.73" CC="04"/>
						<SP ID="P50_SP00003" HPOS="1323" VPOS="316" WIDTH="48"/>
						<String ID="P50_ST00004" HPOS="1371" VPOS="242" WIDTH="472" HEIGHT="67" CONTENT="GUSTAVE" WC="1.00" CC="0003012"/>
						<SP ID="P50_SP00004" HPOS="1843" VPOS="316" WIDTH="50"/>
						<String ID="P50_ST00005" HPOS="1893" VPOS="241" WIDTH="451" HEIGHT="68" CONTENT="MAHLER" WC="0.80" CC="006004"/>
						<SP ID="P50_SP00005" HPOS="2344" VPOS="316" WIDTH="0"/>
					</TextLine>
				</TextBlock>
				<TextBlock ID="P50_TB00002" HPOS="2492" VPOS="263" WIDTH="105" HEIGHT="71" STYLEREFS="TXT_0 PAR_RIGHT">
					<TextLine ID="P50_TL00002" HPOS="2495" VPOS="264" WIDTH="101" HEIGHT="68">
						<String ID="P50_ST00006" HPOS="2495" VPOS="264" WIDTH="101" HEIGHT="68" CONTENT="47" WC="0.36" CC="75"/>
					</TextLine>
				</TextBlock>
				<TextBlock ID="P50_TB00003" HPOS="46" VPOS="387" WIDTH="2563" HEIGHT="1087" STYLEREFS="TXT_1 PAR_BLOCK">
					<TextLine ID="P50_TL00003" HPOS="50" VPOS="388" WIDTH="2556" HEIGHT="89">
						<String ID="P50_ST00007" HPOS="50" VPOS="397" WIDTH="107" HEIGHT="80" CONTENT="qui" WC="0.97" CC="053"/>
						<SP ID="P50_SP00006" HPOS="157" VPOS="477" WIDTH="36"/>
						<String ID="P50_ST00008" HPOS="193" VPOS="417" WIDTH="58" HEIGHT="37" CONTENT="se" WC="0.80" CC="03"/>
						<SP ID="P50_SP00007" HPOS="251" VPOS="477" WIDTH="34"/>
						<String ID="P50_ST00009" HPOS="285" VPOS="394" WIDTH="112" HEIGHT="60" CONTENT="fait" WC="0.98" CC="6020"/>
						<SP ID="P50_SP00008" HPOS="397" VPOS="477" WIDTH="35"/>
						<String ID="P50_ST00010" HPOS="432" VPOS="395" WIDTH="145" HEIGHT="59" CONTENT="dans" WC="0.98" CC="0060"/>
						<SP ID="P50_SP00009" HPOS="577" VPOS="477" WIDTH="34"/>
						<String ID="P50_ST00011" HPOS="611" VPOS="409" WIDTH="159" HEIGHT="45" CONTENT="cette" WC="0.98" CC="00652"/>
						<SP ID="P50_SP00010" HPOS="770" VPOS="477" WIDTH="29"/>
						<String ID="P50_ST00012" HPOS="799" VPOS="391" WIDTH="369" HEIGHT="84" CONTENT="symphonie" WC="0.99" CC="060020042"/>
						<SP ID="P50_SP00011" HPOS="1168" VPOS="477" WIDTH="28"/>
						<String ID="P50_ST00013" HPOS="1196" VPOS="404" WIDTH="85" HEIGHT="45" CONTENT="est" WC="0.99" CC="003"/>
						<SP ID="P50_SP00012" HPOS="1281" VPOS="477" WIDTH="29"/>
						<String ID="P50_ST00014" HPOS="1310" VPOS="389" WIDTH="267" HEIGHT="80" CONTENT="quelque" WC="0.99" CC="0540000"/>
						<SP ID="P50_SP00013" HPOS="1577" VPOS="477" WIDTH="26"/>
						<String ID="P50_ST00015" HPOS="1603" VPOS="388" WIDTH="183" HEIGHT="58" CONTENT="chose" WC="0.99" CC="06300"/>
						<SP ID="P50_SP00014" HPOS="1786" VPOS="477" WIDTH="28"/>
						<String ID="P50_ST00016" HPOS="1814" VPOS="388" WIDTH="354" HEIGHT="59" CONTENT="d'effarant.." WC="0.99" CC="030229049104"/>
						<SP ID="P50_SP00015" HPOS="2168" VPOS="477" WIDTH="31"/>
						<String ID="P50_ST00017" HPOS="2199" VPOS="390" WIDTH="138" HEIGHT="57" CONTENT="Une" WC="0.97" CC="160"/>
						<SP ID="P50_SP00016" HPOS="2337" VPOS="477" WIDTH="29"/>
						<String ID="P50_ST00018" HPOS="2366" VPOS="390" WIDTH="240" HEIGHT="57" CONTENT="minute" WC="0.99" CC="006031"/>
					</TextLine>
					<TextLine ID="P50_TL00004" HPOS="47" VPOS="478" WIDTH="2557" HEIGHT="82">
						<String ID="P50_ST00019" HPOS="47" VPOS="487" WIDTH="73" HEIGHT="59" CONTENT="de" WC="0.95" CC="00"/>
						<SP ID="P50_SP00017" HPOS="120" VPOS="546" WIDTH="58"/>
						<String ID="P50_ST00020" HPOS="178" VPOS="484" WIDTH="553" HEIGHT="61" CONTENT="rafraîchissement" WC="1.00" CC="0900060620000230"/>
						<SP ID="P50_SP00018" HPOS="731" VPOS="546" WIDTH="58"/>
						<String ID="P50_ST00021" HPOS="789" VPOS="506" WIDTH="144" HEIGHT="37" CONTENT="avec" WC="0.98" CC="0007"/>
						<SP ID="P50_SP00019" HPOS="933" VPOS="546" WIDTH="59"/>
						<String ID="P50_ST00022" HPOS="992" VPOS="504" WIDTH="80" HEIGHT="36" CONTENT="un" WC="0.64" CC="24"/>
						<SP ID="P50_SP00020" HPOS="1072" VPOS="546" WIDTH="60"/>
						<String ID="P50_ST00023" HPOS="1132" VPOS="480" WIDTH="208" HEIGHT="80" CONTENT="rappel" WC="0.98" CC="390030"/>
						<SP ID="P50_SP00021" HPOS="1340" VPOS="560" WIDTH="59"/>
						<String ID="P50_ST00024" HPOS="1399" VPOS="480" WIDTH="232" HEIGHT="56" CONTENT="textuel" WC="0.99" CC="0004604"/>
						<SP ID="P50_SP00022" HPOS="1631" VPOS="560" WIDTH="60"/>
						<String ID="P50_ST00025" HPOS="1691" VPOS="478" WIDTH="80" HEIGHT="58" CONTENT="du" WC="0.72" CC="05"/>
						<SP ID="P50_SP00023" HPOS="1771" VPOS="560" WIDTH="65"/>
						<String ID="P50_ST00026" HPOS="1836" VPOS="479" WIDTH="191" HEIGHT="58" CONTENT="Chant" WC="0.98" CC="60820" STYLEREFS="TXT_2"/>
						<SP ID="P50_SP00024" HPOS="2027" VPOS="560" WIDTH="51"/>
						<String ID="P50_ST00027" HPOS="2078" VPOS="479" WIDTH="64" HEIGHT="57" CONTENT="de" WC="0.93" CC="10" STYLEREFS="TXT_2"/>
						<SP ID="P50_SP00025" HPOS="2142" VPOS="560" WIDTH="58"/>
						<String ID="P50_ST00028" HPOS="2200" VPOS="480" WIDTH="57" HEIGHT="56" CONTENT="la" WC="0.90" CC="01" STYLEREFS="TXT_2"/>
						<SP ID="P50_SP00026" HPOS="2257" VPOS="560" WIDTH="66"/>
						<String ID="P50_ST00029" HPOS="2323" VPOS="480" WIDTH="167" HEIGHT="57" CONTENT="Terre" WC="0.99" CC="70000" STYLEREFS="TXT_2"/>
						<SP ID="P50_SP00027" HPOS="2490" VPOS="560" WIDTH="57"/>
						<String ID="P50_ST00030" HPOS="2547" VPOS="494" WIDTH="57" HEIGHT="45" CONTENT="et" WC="0.87" CC="02"/>
					</TextLine>
					<TextLine ID="P50_TL00005" HPOS="46" VPOS="569" WIDTH="2560" HEIGHT="89">
						<String ID="P50_ST00031" HPOS="46" VPOS="577" WIDTH="470" HEIGHT="81" CONTENT="l'égouttement" WC="0.73" CC="3180445010500"/>
						<SP ID="P50_SP00028" HPOS="516" VPOS="658" WIDTH="34"/>
						<String ID="P50_ST00032" HPOS="550" VPOS="577" WIDTH="74" HEIGHT="57" CONTENT="de" WC="1.00" CC="00"/>
						<SP ID="P50_SP00029" HPOS="624" VPOS="658" WIDTH="36"/>
						<String ID="P50_ST00033" HPOS="660" VPOS="577" WIDTH="215" HEIGHT="57" CONTENT="larmes" WC="0.99" CC="290000"/>
						<SP ID="P50_SP00030" HPOS="875" VPOS="658" WIDTH="36"/>
						<String ID="P50_ST00034" HPOS="911" VPOS="574" WIDTH="72" HEIGHT="59" CONTENT="de" WC="0.95" CC="00"/>
						<SP ID="P50_SP00031" HPOS="983" VPOS="658" WIDTH="51"/>
						<String ID="P50_ST00035" HPOS="1034" VPOS="593" WIDTH="85" HEIGHT="38" CONTENT="ses" WC="1.00" CC="001"/>
						<SP ID="P50_SP00032" HPOS="1119" VPOS="658" WIDTH="50"/>
						<String ID="P50_ST00036" HPOS="1169" VPOS="571" WIDTH="235" HEIGHT="80" CONTENT="harpes," WC="1.00" CC="4000000"/>
						<SP ID="P50_SP00033" HPOS="1404" VPOS="658" WIDTH="37"/>
						<String ID="P50_ST00037" HPOS="1441" VPOS="571" WIDTH="54" HEIGHT="55" CONTENT="le" WC="0.79" CC="40"/>
						<SP ID="P50_SP00034" HPOS="1495" VPOS="658" WIDTH="45"/>
						<String ID="P50_ST00038" HPOS="1540" VPOS="569" WIDTH="238" HEIGHT="57" CONTENT="dernier" WC="0.99" CC="0065410"/>
						<SP ID="P50_SP00035" HPOS="1778" VPOS="658" WIDTH="35"/>
						<String ID="P50_ST00039" HPOS="1813" VPOS="569" WIDTH="212" HEIGHT="80" CONTENT="regard" WC="1.00" CC="040000"/>
						<SP ID="P50_SP00036" HPOS="2025" VPOS="658" WIDTH="37"/>
						<String ID="P50_ST00040" HPOS="2062" VPOS="590" WIDTH="97" HEIGHT="36" CONTENT="sur" WC="0.98" CC="060"/>
						<SP ID="P50_SP00037" HPOS="2159" VPOS="658" WIDTH="33"/>
						<String ID="P50_ST00041" HPOS="2192" VPOS="571" WIDTH="84" HEIGHT="57" CONTENT="les" WC="0.98" CC="400"/>
						<SP ID="P50_SP00038" HPOS="2276" VPOS="658" WIDTH="45"/>
						<String ID="P50_ST00042" HPOS="2321" VPOS="571" WIDTH="285" HEIGHT="58" CONTENT="lointains" WC="0.99" CC="500240200"/>
					</TextLine>
					<TextLine ID="P50_TL00006" HPOS="47" VPOS="661" WIDTH="2556" HEIGHT="87">
						<String ID="P50_ST00043" HPOS="47" VPOS="668" WIDTH="169" HEIGHT="60" CONTENT="bleus" WC="0.98" CC="43041"/>
						<SP ID="P50_SP00039" HPOS="216" VPOS="728" WIDTH="35"/>
						<String ID="P50_ST00044" HPOS="251" VPOS="684" WIDTH="57" HEIGHT="43" CONTENT="et" WC="1.00" CC="00"/>
						<SP ID="P50_SP00040" HPOS="308" VPOS="728" WIDTH="35"/>
						<String ID="P50_ST00045" HPOS="343" VPOS="670" WIDTH="82" HEIGHT="57" CONTENT="les" WC="0.95" CC="507"/>
						<SP ID="P50_SP00041" HPOS="425" VPOS="728" WIDTH="33"/>
						<String ID="P50_ST00046" HPOS="458" VPOS="668" WIDTH="250" HEIGHT="80" CONTENT="prairies" WC="1.00" CC="00001100"/>
						<SP ID="P50_SP00042" HPOS="708" VPOS="748" WIDTH="35"/>
						<String ID="P50_ST00047" HPOS="743" VPOS="667" WIDTH="107" HEIGHT="80" CONTENT="qui" WC="0.97" CC="052"/>
						<SP ID="P50_SP00043" HPOS="850" VPOS="748" WIDTH="34"/>
						<String ID="P50_ST00048" HPOS="884" VPOS="664" WIDTH="317" HEIGHT="59" CONTENT="fleuriront" WC="0.99" CC="3315003134"/>
						<SP ID="P50_SP00044" HPOS="1201" VPOS="748" WIDTH="35"/>
						<String ID="P50_ST00049" HPOS="1236" VPOS="661" WIDTH="480" HEIGHT="59" CONTENT="éternellement." WC="0.99" CC="70500034000444"/>
						<SP ID="P50_SP00045" HPOS="1716" VPOS="748" WIDTH="43"/>
						<String ID="P50_ST00050" HPOS="1759" VPOS="661" WIDTH="272" HEIGHT="80" CONTENT="Brusque" WC="1.00" CC="0030040"/>
						<SP ID="P50_SP00046" HPOS="2031" VPOS="748" WIDTH="34"/>
						<String ID="P50_ST00051" HPOS="2065" VPOS="675" WIDTH="253" HEIGHT="66" CONTENT="rupture" WC="0.99" CC="0405402"/>
						<SP ID="P50_SP00047" HPOS="2318" VPOS="748" WIDTH="41"/>
						<String ID="P50_ST00052" HPOS="2359" VPOS="675" WIDTH="58" HEIGHT="43" CONTENT="et" WC="1.00" CC="00"/>
						<SP ID="P50_SP00048" HPOS="2417" VPOS="748" WIDTH="35"/>
						<String ID="P50_ST00053" HPOS="2452" VPOS="661" WIDTH="151" HEIGHT="58" CONTENT="élan." WC="0.98" CC="63033"/>
					</TextLine>
					<TextLine ID="P50_TL00007" HPOS="50" VPOS="748" WIDTH="2556" HEIGHT="88">
						<String ID="P50_ST00054" HPOS="50" VPOS="760" WIDTH="143" HEIGHT="58" CONTENT="Sans" WC="0.99" CC="0060"/>
						<SP ID="P50_SP00049" HPOS="193" VPOS="818" WIDTH="51"/>
						<String ID="P50_ST00055" HPOS="244" VPOS="756" WIDTH="459" HEIGHT="71" CONTENT="fanfaronnade," WC="1.00" CC="0060000610000"/>
						<SP ID="P50_SP00050" HPOS="703" VPOS="827" WIDTH="45"/>
						<String ID="P50_ST00056" HPOS="748" VPOS="757" WIDTH="55" HEIGHT="57" CONTENT="le" WC="0.60" CC="25"/>
						<SP ID="P50_SP00051" HPOS="803" VPOS="827" WIDTH="38"/>
						<String ID="P50_ST00057" HPOS="841" VPOS="753" WIDTH="233" HEIGHT="83" CONTENT="phénix" WC="0.98" CC="057600"/>
						<SP ID="P50_SP00052" HPOS="1074" VPOS="836" WIDTH="47"/>
						<String ID="P50_ST00058" HPOS="1121" VPOS="752" WIDTH="349" HEIGHT="59" CONTENT="entr'ouvre" WC="0.78" CC="0054134003"/>
						<SP ID="P50_SP00053" HPOS="1470" VPOS="836" WIDTH="51"/>
						<String ID="P50_ST00059" HPOS="1521" VPOS="770" WIDTH="83" HEIGHT="38" CONTENT="ses" WC="1.00" CC="000"/>
						<SP ID="P50_SP00054" HPOS="1604" VPOS="836" WIDTH="51"/>
						<String ID="P50_ST00060" HPOS="1655" VPOS="751" WIDTH="141" HEIGHT="56" CONTENT="ailes" WC="0.99" CC="02200"/>
						<SP ID="P50_SP00055" HPOS="1796" VPOS="836" WIDTH="35"/>
						<String ID="P50_ST00061" HPOS="1831" VPOS="764" WIDTH="57" HEIGHT="43" CONTENT="et" WC="0.77" CC="04"/>
						<SP ID="P50_SP00056" HPOS="1888" VPOS="836" WIDTH="40"/>
						<String ID="P50_ST00062" HPOS="1928" VPOS="770" WIDTH="59" HEIGHT="38" CONTENT="se" WC="0.89" CC="20"/>
						<SP ID="P50_SP00057" HPOS="1987" VPOS="836" WIDTH="51"/>
						<String ID="P50_ST00063" HPOS="2038" VPOS="748" WIDTH="301" HEIGHT="82" CONTENT="précipite" WC="0.99" CC="027020550"/>
						<SP ID="P50_SP00058" HPOS="2339" VPOS="836" WIDTH="35"/>
						<String ID="P50_ST00064" HPOS="2374" VPOS="751" WIDTH="144" HEIGHT="58" CONTENT="dans" WC="1.00" CC="0010"/>
						<SP ID="P50_SP00059" HPOS="2518" VPOS="836" WIDTH="33"/>
						<String ID="P50_ST00065" HPOS="2551" VPOS="752" WIDTH="55" HEIGHT="57" CONTENT="la" WC="0.92" CC="10"/>
					</TextLine>
					<TextLine ID="P50_TL00008" HPOS="47" VPOS="837" WIDTH="2559" HEIGHT="89">
						<String ID="P50_ST00066" HPOS="47" VPOS="849" WIDTH="267" HEIGHT="59" CONTENT="flamme." WC="0.99" CC="7700004"/>
						<SP ID="P50_SP00060" HPOS="314" VPOS="908" WIDTH="40"/>
						<String ID="P50_ST00067" HPOS="354" VPOS="849" WIDTH="424" HEIGHT="58" CONTENT="Illumination" WC="0.99" CC="604305701455"/>
						<SP ID="P50_SP00061" HPOS="778" VPOS="908" WIDTH="37"/>
						<String ID="P50_ST00068" HPOS="815" VPOS="845" WIDTH="290" HEIGHT="81" CONTENT="d'hymen" WC="0.99" CC="0360002"/>
						<SP ID="P50_SP00062" HPOS="1105" VPOS="926" WIDTH="37"/>
						<String ID="P50_ST00069" HPOS="1142" VPOS="863" WIDTH="142" HEIGHT="38" CONTENT="avec" WC="1.00" CC="0000"/>
						<SP ID="P50_SP00063" HPOS="1284" VPOS="926" WIDTH="33"/>
						<String ID="P50_ST00070" HPOS="1317" VPOS="837" WIDTH="242" HEIGHT="75" CONTENT="l'infini," WC="0.99" CC="041387303"/>
						<SP ID="P50_SP00064" HPOS="1559" VPOS="926" WIDTH="35"/>
						<String ID="P50_ST00071" HPOS="1594" VPOS="841" WIDTH="240" HEIGHT="56" CONTENT="minute" WC="0.98" CC="053720"/>
						<SP ID="P50_SP00065" HPOS="1834" VPOS="926" WIDTH="42"/>
						<String ID="P50_ST00072" HPOS="1876" VPOS="840" WIDTH="292" HEIGHT="58" CONTENT="indicible" WC="0.99" CC="430000431"/>
						<SP ID="P50_SP00066" HPOS="2168" VPOS="926" WIDTH="37"/>
						<String ID="P50_ST00073" HPOS="2205" VPOS="855" WIDTH="170" HEIGHT="43" CONTENT="toute" WC="0.98" CC="30530"/>
						<SP ID="P50_SP00067" HPOS="2375" VPOS="926" WIDTH="35"/>
						<String ID="P50_ST00074" HPOS="2410" VPOS="863" WIDTH="72" HEIGHT="36" CONTENT="en" WC="0.80" CC="30"/>
						<SP ID="P50_SP00068" HPOS="2482" VPOS="926" WIDTH="38"/>
						<String ID="P50_ST00075" HPOS="2520" VPOS="863" WIDTH="86" HEIGHT="49" CONTENT="or," WC="1.00" CC="000"/>
					</TextLine>
					<TextLine ID="P50_TL00009" HPOS="50" VPOS="927" WIDTH="2556" HEIGHT="92">
						<String ID="P50_ST00076" HPOS="50" VPOS="941" WIDTH="150" HEIGHT="57" CONTENT="mais" WC="1.00" CC="0020"/>
						<SP ID="P50_SP00069" HPOS="200" VPOS="998" WIDTH="34"/>
						<String ID="P50_ST00077" HPOS="234" VPOS="938" WIDTH="183" HEIGHT="60" CONTENT="brève" WC="0.98" CC="50801"/>
						<SP ID="P50_SP00070" HPOS="417" VPOS="998" WIDTH="36"/>
						<String ID="P50_ST00078" HPOS="453" VPOS="960" WIDTH="73" HEIGHT="37" CONTENT="au" WC="0.72" CC="05"/>
						<SP ID="P50_SP00071" HPOS="526" VPOS="998" WIDTH="36"/>
						<String ID="P50_ST00079" HPOS="562" VPOS="940" WIDTH="175" HEIGHT="79" CONTENT="point" WC="0.99" CC="00234"/>
						<SP ID="P50_SP00072" HPOS="737" VPOS="1019" WIDTH="37"/>
						<String ID="P50_ST00080" HPOS="774" VPOS="936" WIDTH="220" HEIGHT="82" CONTENT="qu'elle" WC="0.99" CC="0622000"/>
						<SP ID="P50_SP00073" HPOS="994" VPOS="1019" WIDTH="35"/>
						<String ID="P50_ST00081" HPOS="1029" VPOS="949" WIDTH="85" HEIGHT="43" CONTENT="est" WC="0.96" CC="036"/>
						<SP ID="P50_SP00074" HPOS="1114" VPOS="1019" WIDTH="36"/>
						<String ID="P50_ST00082" HPOS="1150" VPOS="930" WIDTH="143" HEIGHT="61" CONTENT="finie" WC="0.98" CC="33801"/>
						<SP ID="P50_SP00075" HPOS="1293" VPOS="1019" WIDTH="35"/>
						<String ID="P50_ST00083" HPOS="1328" VPOS="954" WIDTH="75" HEIGHT="36" CONTENT="au" WC="0.37" CC="75"/>
						<SP ID="P50_SP00076" HPOS="1403" VPOS="1019" WIDTH="36"/>
						<String ID="P50_ST00084" HPOS="1439" VPOS="945" WIDTH="280" HEIGHT="43" CONTENT="moment" WC="0.99" CC="000266"/>
						<SP ID="P50_SP00077" HPOS="1719" VPOS="1019" WIDTH="37"/>
						<String ID="P50_ST00085" HPOS="1756" VPOS="927" WIDTH="78" HEIGHT="60" CONTENT="où" WC="0.64" CC="07"/>
						<SP ID="P50_SP00078" HPOS="1834" VPOS="1019" WIDTH="36"/>
						<String ID="P50_ST00086" HPOS="1870" VPOS="952" WIDTH="217" HEIGHT="36" CONTENT="encore" WC="0.98" CC="450550"/>
						<SP ID="P50_SP00079" HPOS="2087" VPOS="1019" WIDTH="37"/>
						<String ID="P50_ST00087" HPOS="2124" VPOS="953" WIDTH="76" HEIGHT="35" CONTENT="on" WC="0.82" CC="11"/>
						<SP ID="P50_SP00080" HPOS="2200" VPOS="1019" WIDTH="50"/>
						<String ID="P50_ST00088" HPOS="2250" VPOS="929" WIDTH="261" HEIGHT="82" CONTENT="l'espère." WC="0.99" CC="404008044"/>
						<SP ID="P50_SP00081" HPOS="2511" VPOS="1019" WIDTH="42"/>
						<String ID="P50_ST00089" HPOS="2553" VPOS="931" WIDTH="53" HEIGHT="59" CONTENT="Il" WC="0.66" CC="50"/>
					</TextLine>
					<TextLine ID="P50_TL00010" HPOS="49" VPOS="1019" WIDTH="2559" HEIGHT="93">
						<String ID="P50_ST00090" HPOS="49" VPOS="1032" WIDTH="103" HEIGHT="80" CONTENT="n'y" WC="1.00" CC="000"/>
						<SP ID="P50_SP00082" HPOS="152" VPOS="1112" WIDTH="35"/>
						<String ID="P50_ST00091" HPOS="187" VPOS="1052" WIDTH="32" HEIGHT="37" CONTENT="a" WC="1.00" CC="0"/>
						<SP ID="P50_SP00083" HPOS="219" VPOS="1112" WIDTH="34"/>
						<String ID="P50_ST00092" HPOS="253" VPOS="1032" WIDTH="135" HEIGHT="80" CONTENT="plus" WC="0.98" CC="0070"/>
						<SP ID="P50_SP00084" HPOS="388" VPOS="1112" WIDTH="34"/>
						<String ID="P50_ST00093" HPOS="422" VPOS="1051" WIDTH="119" HEIGHT="59" CONTENT="que" WC="0.98" CC="040"/>
						<SP ID="P50_SP00085" HPOS="541" VPOS="1112" WIDTH="35"/>
						<String ID="P50_ST00094" HPOS="576" VPOS="1030" WIDTH="54" HEIGHT="56" CONTENT="le" WC="1.00" CC="00"/>
						<SP ID="P50_SP00086" HPOS="630" VPOS="1112" WIDTH="33"/>
						<String ID="P50_ST00095" HPOS="663" VPOS="1028" WIDTH="162" HEIGHT="71" CONTENT="vide," WC="1.00" CC="00010"/>
						<SP ID="P50_SP00087" HPOS="825" VPOS="1112" WIDTH="38"/>
						<String ID="P50_ST00096" HPOS="863" VPOS="1048" WIDTH="80" HEIGHT="37" CONTENT="un" WC="0.76" CC="31"/>
						<SP ID="P50_SP00088" HPOS="943" VPOS="1112" WIDTH="28"/>
						<String ID="P50_ST00097" HPOS="971" VPOS="1025" WIDTH="138" HEIGHT="59" CONTENT="vide" WC="1.00" CC="0100"/>
						<SP ID="P50_SP00089" HPOS="1109" VPOS="1112" WIDTH="36"/>
						<String ID="P50_ST00098" HPOS="1145" VPOS="1023" WIDTH="73" HEIGHT="58" CONTENT="de" WC="0.97" CC="00"/>
						<SP ID="P50_SP00090" HPOS="1218" VPOS="1112" WIDTH="33"/>
						<String ID="P50_ST00099" HPOS="1251" VPOS="1020" WIDTH="261" HEIGHT="61" CONTENT="lumière" WC="0.99" CC="2403700"/>
						<SP ID="P50_SP00091" HPOS="1512" VPOS="1112" WIDTH="28"/>
						<String ID="P50_ST00100" HPOS="1540" VPOS="1035" WIDTH="160" HEIGHT="45" CONTENT="cette" WC="0.99" CC="00414"/>
						<SP ID="P50_SP00092" HPOS="1700" VPOS="1112" WIDTH="34"/>
						<String ID="P50_ST00101" HPOS="1734" VPOS="1019" WIDTH="156" HEIGHT="61" CONTENT="fois.." WC="0.99" CC="003034"/>
						<SP ID="P50_SP00093" HPOS="1890" VPOS="1112" WIDTH="36"/>
						<String ID="P50_ST00102" HPOS="1926" VPOS="1021" WIDTH="122" HEIGHT="58" CONTENT="Des" WC="0.97" CC="240"/>
						<SP ID="P50_SP00094" HPOS="2048" VPOS="1112" WIDTH="26"/>
						<String ID="P50_ST00103" HPOS="2074" VPOS="1021" WIDTH="247" HEIGHT="58" CONTENT="accords" WC="1.00" CC="0000000"/>
						<SP ID="P50_SP00095" HPOS="2321" VPOS="1112" WIDTH="35"/>
						<String ID="P50_ST00104" HPOS="2356" VPOS="1020" WIDTH="252" HEIGHT="60" CONTENT="inusités" WC="0.98" CC="49502060"/>
					</TextLine>
					<TextLine ID="P50_TL00011" HPOS="47" VPOS="1109" WIDTH="2559" HEIGHT="93">
						<String ID="P50_ST00105" HPOS="47" VPOS="1143" WIDTH="60" HEIGHT="38" CONTENT="se" WC="1.00" CC="00"/>
						<SP ID="P50_SP00096" HPOS="107" VPOS="1181" WIDTH="36"/>
						<String ID="P50_ST00106" HPOS="143" VPOS="1120" WIDTH="420" HEIGHT="82" CONTENT="désagrègent," WC="0.99" CC="070700700510"/>
						<SP ID="P50_SP00097" HPOS="563" VPOS="1202" WIDTH="38"/>
						<String ID="P50_ST00107" HPOS="601" VPOS="1118" WIDTH="263" HEIGHT="61" CONTENT="traînent" WC="0.99" CC="30050036"/>
						<SP ID="P50_SP00098" HPOS="864" VPOS="1202" WIDTH="36"/>
						<String ID="P50_ST00108" HPOS="900" VPOS="1132" WIDTH="58" HEIGHT="43" CONTENT="et" WC="0.76" CC="04"/>
						<SP ID="P50_SP00099" HPOS="958" VPOS="1202" WIDTH="41"/>
						<String ID="P50_ST00109" HPOS="999" VPOS="1128" WIDTH="326" HEIGHT="46" CONTENT="montent.." WC="0.99" CC="055046033"/>
						<SP ID="P50_SP00100" HPOS="1325" VPOS="1202" WIDTH="38"/>
						<String ID="P50_ST00110" HPOS="1363" VPOS="1114" WIDTH="146" HEIGHT="57" CONTENT="Cela" WC="0.96" CC="5445"/>
						<SP ID="P50_SP00101" HPOS="1509" VPOS="1202" WIDTH="47"/>
						<String ID="P50_ST00111" HPOS="1556" VPOS="1133" WIDTH="57" HEIGHT="37" CONTENT="se" WC="0.93" CC="10"/>
						<SP ID="P50_SP00102" HPOS="1613" VPOS="1202" WIDTH="46"/>
						<String ID="P50_ST00112" HPOS="1659" VPOS="1113" WIDTH="297" HEIGHT="80" CONTENT="prolonge" WC="1.00" CC="00003000"/>
						<SP ID="P50_SP00103" HPOS="1956" VPOS="1202" WIDTH="52"/>
						<String ID="P50_ST00113" HPOS="2008" VPOS="1109" WIDTH="598" HEIGHT="62" CONTENT="indéfinitivement.." WC="0.69" CC="040666303301047033"/>
					</TextLine>
					<TextLine ID="P50_TL00012" HPOS="49" VPOS="1203" WIDTH="1106" HEIGHT="79">
						<String ID="P50_ST00114" HPOS="49" VPOS="1213" WIDTH="213" HEIGHT="57" CONTENT="Est-ce" WC="0.99" CC="501000"/>
						<SP ID="P50_SP00104" HPOS="262" VPOS="1270" WIDTH="37"/>
						<String ID="P50_ST00115" HPOS="299" VPOS="1232" WIDTH="220" HEIGHT="37" CONTENT="encore" WC="0.99" CC="000434"/>
						<SP ID="P50_SP00105" HPOS="519" VPOS="1270" WIDTH="33"/>
						<String ID="P50_ST00116" HPOS="552" VPOS="1208" WIDTH="75" HEIGHT="74" CONTENT="là," WC="0.99" CC="100"/>
						<SP ID="P50_SP00106" HPOS="627" VPOS="1282" WIDTH="38"/>
						<String ID="P50_ST00117" HPOS="665" VPOS="1207" WIDTH="80" HEIGHT="61" CONTENT="où" WC="0.63" CC="07"/>
						<SP ID="P50_SP00107" HPOS="745" VPOS="1282" WIDTH="34"/>
						<String ID="P50_ST00118" HPOS="779" VPOS="1222" WIDTH="188" HEIGHT="44" CONTENT="est-ce" WC="0.99" CC="013302"/>
						<SP ID="P50_SP00108" HPOS="967" VPOS="1282" WIDTH="33"/>
						<String ID="P50_ST00119" HPOS="1000" VPOS="1203" WIDTH="108" HEIGHT="61" CONTENT="fini" WC="0.99" CC="3300"/>
						<SP ID="P50_SP00109" HPOS="1108" VPOS="1282" WIDTH="29"/>
						<String ID="P50_ST00120" HPOS="1137" VPOS="1207" WIDTH="18" HEIGHT="56" CONTENT="?" WC="0.57" CC="4"/>
					</TextLine>
					<TextLine ID="P50_TL00013" HPOS="233" VPOS="1291" WIDTH="2376" HEIGHT="91">
						<String ID="P50_ST00121" HPOS="233" VPOS="1303" WIDTH="51" HEIGHT="57" CONTENT="Il" WC="0.55" CC="53"/>
						<SP ID="P50_SP00110" HPOS="284" VPOS="1360" WIDTH="34"/>
						<String ID="P50_ST00122" HPOS="318" VPOS="1302" WIDTH="102" HEIGHT="80" CONTENT="n'y" WC="0.94" CC="708"/>
						<SP ID="P50_SP00111" HPOS="420" VPOS="1382" WIDTH="36"/>
						<String ID="P50_ST00123" HPOS="456" VPOS="1324" WIDTH="32" HEIGHT="35" CONTENT="a" WC="1.00" CC="0"/>
						<SP ID="P50_SP00112" HPOS="488" VPOS="1382" WIDTH="33"/>
						<String ID="P50_ST00124" HPOS="521" VPOS="1321" WIDTH="104" HEIGHT="60" CONTENT="pas" WC="0.98" CC="041"/>
						<SP ID="P50_SP00113" HPOS="625" VPOS="1382" WIDTH="35"/>
						<String ID="P50_ST00125" HPOS="660" VPOS="1299" WIDTH="73" HEIGHT="59" CONTENT="de" WC="1.00" CC="00"/>
						<SP ID="P50_SP00114" HPOS="733" VPOS="1382" WIDTH="33"/>
						<String ID="P50_ST00126" HPOS="766" VPOS="1296" WIDTH="104" HEIGHT="62" CONTENT="fin." WC="0.99" CC="0004"/>
						<SP ID="P50_SP00115" HPOS="870" VPOS="1382" WIDTH="40"/>
						<String ID="P50_ST00127" HPOS="910" VPOS="1298" WIDTH="147" HEIGHT="59" CONTENT="Cela" WC="0.99" CC="0040"/>
						<SP ID="P50_SP00116" HPOS="1057" VPOS="1382" WIDTH="34"/>
						<String ID="P50_ST00128" HPOS="1091" VPOS="1317" WIDTH="75" HEIGHT="36" CONTENT="ne" WC="0.66" CC="51"/>
						<SP ID="P50_SP00117" HPOS="1166" VPOS="1382" WIDTH="35"/>
						<String ID="P50_ST00129" HPOS="1201" VPOS="1292" WIDTH="175" HEIGHT="61" CONTENT="finira" WC="0.98" CC="337020"/>
						<SP ID="P50_SP00118" HPOS="1376" VPOS="1382" WIDTH="37"/>
						<String ID="P50_ST00130" HPOS="1413" VPOS="1293" WIDTH="237" HEIGHT="80" CONTENT="jamais," WC="1.00" CC="4000000"/>
						<SP ID="P50_SP00119" HPOS="1650" VPOS="1382" WIDTH="28"/>
						<String ID="P50_ST00131" HPOS="1678" VPOS="1292" WIDTH="259" HEIGHT="80" CONTENT="jamais.." WC="0.99" CC="46000033"/>
						<SP ID="P50_SP00120" HPOS="1937" VPOS="1382" WIDTH="41"/>
						<String ID="P50_ST00132" HPOS="1978" VPOS="1293" WIDTH="119" HEIGHT="57" CONTENT="Car" WC="0.98" CC="050"/>
						<SP ID="P50_SP00121" HPOS="2097" VPOS="1382" WIDTH="36"/>
						<String ID="P50_ST00133" HPOS="2133" VPOS="1291" WIDTH="142" HEIGHT="59" CONTENT="c'est" WC="0.99" CC="00004"/>
						<SP ID="P50_SP00122" HPOS="2275" VPOS="1382" WIDTH="34"/>
						<String ID="P50_ST00134" HPOS="2309" VPOS="1291" WIDTH="263" HEIGHT="58" CONTENT="l'immor" SUBS_TYPE="HypPart1" SUBS_CONTENT="l'immortalité" WC="0.99" CC="4020006"/>
						<HYP HPOS="2572" VPOS="1291" WIDTH="37" CONTENT="-"/>
					</TextLine>
					<TextLine ID="P50_TL00014" HPOS="49" VPOS="1387" WIDTH="1111" HEIGHT="86">
						<String ID="P50_ST00135" HPOS="49" VPOS="1391" WIDTH="169" HEIGHT="61" CONTENT="talité" SUBS_TYPE="HypPart2" SUBS_CONTENT="l'immortalité" WC="0.99" CC="100507"/>
						<SP ID="P50_SP00123" HPOS="218" VPOS="1452" WIDTH="38"/>
						<String ID="P50_ST00136" HPOS="256" VPOS="1393" WIDTH="106" HEIGHT="80" CONTENT="qui" WC="0.99" CC="030"/>
						<SP ID="P50_SP00124" HPOS="362" VPOS="1473" WIDTH="37"/>
						<String ID="P50_ST00137" HPOS="399" VPOS="1392" WIDTH="291" HEIGHT="59" CONTENT="continue" WC="0.99" CC="00704170"/>
						<SP ID="P50_SP00125" HPOS="690" VPOS="1473" WIDTH="37"/>
						<String ID="P50_ST00138" HPOS="727" VPOS="1411" WIDTH="67" HEIGHT="37" CONTENT="ce" WC="0.81" CC="03"/>
						<SP ID="P50_SP00126" HPOS="794" VPOS="1473" WIDTH="24"/>
						<String ID="P50_ST00139" HPOS="818" VPOS="1387" WIDTH="342" HEIGHT="81" CONTENT="jourd'hui." WC="0.80" CC="3320005004"/>
					</TextLine>
				</TextBlock>
				<TextBlock ID="P50_TB00004" HPOS="45" VPOS="1742" WIDTH="2569" HEIGHT="1431" STYLEREFS="TXT_1 PAR_BLOCK">
					<TextLine ID="P50_TL00015" HPOS="233" VPOS="1743" WIDTH="2379" HEIGHT="90">
						<String ID="P50_ST00140" HPOS="233" VPOS="1750" WIDTH="315" HEIGHT="63" CONTENT="Encadrée" WC="0.98" CC="07065380"/>
						<SP ID="P50_SP00127" HPOS="548" VPOS="1813" WIDTH="46"/>
						<String ID="P50_ST00141" HPOS="594" VPOS="1773" WIDTH="106" HEIGHT="60" CONTENT="par" WC="0.94" CC="537"/>
						<SP ID="P50_SP00128" HPOS="700" VPOS="1833" WIDTH="45"/>
						<String ID="P50_ST00142" HPOS="745" VPOS="1753" WIDTH="53" HEIGHT="57" CONTENT="la" WC="1.00" CC="00"/>
						<SP ID="P50_SP00129" HPOS="798" VPOS="1833" WIDTH="48"/>
						<String ID="P50_ST00143" HPOS="846" VPOS="1750" WIDTH="92" HEIGHT="59" CONTENT="IX" WC="0.77" CC="04"/>
						<String ID="P50_ST00144" HPOS="945" VPOS="1743" WIDTH="75" HEIGHT="31" CONTENT="ème" STYLE="superscript" WC="0.59" CC="722"/>
						<SP ID="P50_SP00130" HPOS="1020" VPOS="1833" WIDTH="35"/>
						<String ID="P50_ST00145" HPOS="1055" VPOS="1747" WIDTH="369" HEIGHT="85" CONTENT="symphonie" WC="0.99" CC="540253320"/>
						<SP ID="P50_SP00131" HPOS="1424" VPOS="1833" WIDTH="47"/>
						<String ID="P50_ST00146" HPOS="1471" VPOS="1747" WIDTH="72" HEIGHT="58" CONTENT="de" WC="0.68" CC="33"/>
						<SP ID="P50_SP00132" HPOS="1543" VPOS="1833" WIDTH="49"/>
						<String ID="P50_ST00147" HPOS="1592" VPOS="1745" WIDTH="317" HEIGHT="59" CONTENT="Bruckner" WC="0.81" CC="18005000"/>
						<SP ID="P50_SP00133" HPOS="1909" VPOS="1833" WIDTH="50"/>
						<String ID="P50_ST00148" HPOS="1959" VPOS="1759" WIDTH="57" HEIGHT="43" CONTENT="et" WC="0.51" CC="45"/>
						<SP ID="P50_SP00134" HPOS="2016" VPOS="1833" WIDTH="52"/>
						<String ID="P50_ST00149" HPOS="2068" VPOS="1767" WIDTH="105" HEIGHT="60" CONTENT="par" WC="0.99" CC="020"/>
						<SP ID="P50_SP00135" HPOS="2173" VPOS="1833" WIDTH="49"/>
						<String ID="P50_ST00150" HPOS="2222" VPOS="1745" WIDTH="54" HEIGHT="57" CONTENT="la" WC="0.54" CC="35"/>
						<SP ID="P50_SP00136" HPOS="2276" VPOS="1833" WIDTH="52"/>
						<String ID="P50_ST00151" HPOS="2328" VPOS="1743" WIDTH="92" HEIGHT="59" CONTENT="IX" WC="0.69" CC="60"/>
						<String ID="P50_ST00152" HPOS="2426" VPOS="1747" WIDTH="73" HEIGHT="21" CONTENT="eme" STYLE="superscript" WC="0.76" CC="402"/>
						<SP ID="P50_SP00137" HPOS="2499" VPOS="1833" WIDTH="40"/>
						<String ID="P50_ST00153" HPOS="2539" VPOS="1743" WIDTH="73" HEIGHT="59" CONTENT="de" WC="1.00" CC="00"/>
					</TextLine>
					<TextLine ID="P50_TL00016" HPOS="51" VPOS="1832" WIDTH="2562" HEIGHT="83">
						<String ID="P50_ST00154" HPOS="51" VPOS="1844" WIDTH="377" HEIGHT="71" CONTENT="Beethoven," WC="0.99" CC="7015640004"/>
						<SP ID="P50_SP00138" HPOS="428" VPOS="1915" WIDTH="54"/>
						<String ID="P50_ST00155" HPOS="482" VPOS="1857" WIDTH="160" HEIGHT="44" CONTENT="cette" WC="0.99" CC="02510"/>
						<SP ID="P50_SP00139" HPOS="642" VPOS="1915" WIDTH="51"/>
						<String ID="P50_ST00156" HPOS="693" VPOS="1843" WIDTH="280" HEIGHT="57" CONTENT="nouvelle" WC="0.99" CC="00040261"/>
						<SP ID="P50_SP00140" HPOS="973" VPOS="1915" WIDTH="1001"/>
						<String ID="P50_ST00157" HPOS="1974" VPOS="1838" WIDTH="310" HEIGHT="61" CONTENT="Neuvième" WC="0.98" CC="06560660" STYLEREFS="TXT_2"/>
						<SP ID="P50_SP00141" HPOS="2284" VPOS="1915" WIDTH="-925"/>
						<String ID="P50_ST00158" HPOS="1359" VPOS="1837" WIDTH="132" HEIGHT="59" CONTENT="s'est" WC="1.00" CC="00000"/>
						<SP ID="P50_SP00142" HPOS="2284" VPOS="1915" WIDTH="-754"/>
						<String ID="P50_ST00159" HPOS="1530" VPOS="1838" WIDTH="80" HEIGHT="57" CONTENT="du" WC="0.94" CC="01"/>
						<SP ID="P50_SP00143" HPOS="2284" VPOS="1915" WIDTH="-639"/>
						<String ID="P50_ST00160" HPOS="1645" VPOS="1857" WIDTH="161" HEIGHT="58" CONTENT="coup" WC="0.99" CC="0050"/>
						<SP ID="P50_SP00144" HPOS="2284" VPOS="1915" WIDTH="-429"/>
						<String ID="P50_ST00161" HPOS="1855" VPOS="1837" WIDTH="150" HEIGHT="57" CONTENT="mise" WC="1.00" CC="0000"/>
						<SP ID="P50_SP00145" HPOS="2284" VPOS="1915" WIDTH="-235"/>
						<String ID="P50_ST00162" HPOS="2049" VPOS="1833" WIDTH="32" HEIGHT="60" CONTENT="à" WC="1.00" CC="9"/>
						<SP ID="P50_SP00146" HPOS="2284" VPOS="1915" WIDTH="-158"/>
						<String ID="P50_ST00163" HPOS="2126" VPOS="1849" WIDTH="155" HEIGHT="66" CONTENT="part," WC="0.99" CC="00550"/>
						<SP ID="P50_SP00147" HPOS="2284" VPOS="1915" WIDTH="34"/>
						<String ID="P50_ST00164" HPOS="2318" VPOS="1856" WIDTH="73" HEIGHT="37" CONTENT="en" WC="0.95" CC="00"/>
						<SP ID="P50_SP00148" HPOS="2391" VPOS="1915" WIDTH="38"/>
						<String ID="P50_ST00165" HPOS="2429" VPOS="1832" WIDTH="118" HEIGHT="61" CONTENT="défi" WC="0.96" CC="0766"/>
						<SP ID="P50_SP00149" HPOS="2547" VPOS="1915" WIDTH="35"/>
						<String ID="P50_ST00166" HPOS="2582" VPOS="1832" WIDTH="31" HEIGHT="61" CONTENT="à" WC="0.26" CC="7"/>
					</TextLine>
					<TextLine ID="P50_TL00017" HPOS="49" VPOS="1926" WIDTH="2565" HEIGHT="92">
						<String ID="P50_ST00167" HPOS="49" VPOS="1936" WIDTH="301" HEIGHT="82" CONTENT="l'opinion" WC="1.00" CC="004020230"/>
						<SP ID="P50_SP00150" HPOS="350" VPOS="2018" WIDTH="34"/>
						<String ID="P50_ST00168" HPOS="384" VPOS="1934" WIDTH="321" HEIGHT="82" CONTENT="publique," WC="0.99" CC="061012400"/>
						<SP ID="P50_SP00151" HPOS="705" VPOS="2018" WIDTH="30"/>
						<String ID="P50_ST00169" HPOS="735" VPOS="1931" WIDTH="652" HEIGHT="61" CONTENT="extraordinairement" WC="0.84" CC="105001000302400063"/>
						<SP ID="P50_SP00152" HPOS="1387" VPOS="2018" WIDTH="36"/>
						<String ID="P50_ST00170" HPOS="1423" VPOS="1927" WIDTH="32" HEIGHT="60" CONTENT="à" WC="1.00" CC="0"/>
						<SP ID="P50_SP00153" HPOS="1455" VPOS="2018" WIDTH="34"/>
						<String ID="P50_ST00171" HPOS="1489" VPOS="1942" WIDTH="156" HEIGHT="67" CONTENT="part," WC="1.00" CC="00400"/>
						<SP ID="P50_SP00154" HPOS="1645" VPOS="2018" WIDTH="29"/>
						<String ID="P50_ST00172" HPOS="1674" VPOS="1928" WIDTH="151" HEIGHT="57" CONTENT="mais" WC="1.00" CC="0020"/>
						<SP ID="P50_SP00155" HPOS="1825" VPOS="2018" WIDTH="35"/>
						<String ID="P50_ST00173" HPOS="1860" VPOS="1928" WIDTH="164" HEIGHT="57" CONTENT="selon" WC="0.99" CC="01233"/>
						<SP ID="P50_SP00156" HPOS="2024" VPOS="2018" WIDTH="29"/>
						<String ID="P50_ST00174" HPOS="2053" VPOS="1947" WIDTH="152" HEIGHT="37" CONTENT="nous" WC="0.98" CC="7000"/>
						<SP ID="P50_SP00157" HPOS="2205" VPOS="2018" WIDTH="27"/>
						<String ID="P50_ST00175" HPOS="2232" VPOS="1940" WIDTH="57" HEIGHT="44" CONTENT="et" WC="0.89" CC="02"/>
						<SP ID="P50_SP00158" HPOS="2289" VPOS="2018" WIDTH="30"/>
						<String ID="P50_ST00176" HPOS="2319" VPOS="1926" WIDTH="295" HEIGHT="81" CONTENT="quelques" WC="0.99" CC="53422500"/>
					</TextLine>
					<TextLine ID="P50_TL00018" HPOS="49" VPOS="2017" WIDTH="2564" HEIGHT="81">
						<String ID="P50_ST00177" HPOS="49" VPOS="2041" WIDTH="198" HEIGHT="45" CONTENT="autres" WC="0.98" CC="864000"/>
						<SP ID="P50_SP00159" HPOS="247" VPOS="2086" WIDTH="44"/>
						<String ID="P50_ST00178" HPOS="291" VPOS="2025" WIDTH="32" HEIGHT="59" CONTENT="à" WC="0.23" CC="7"/>
						<SP ID="P50_SP00160" HPOS="323" VPOS="2086" WIDTH="50"/>
						<String ID="P50_ST00179" HPOS="373" VPOS="2027" WIDTH="54" HEIGHT="57" CONTENT="la" WC="0.78" CC="40"/>
						<SP ID="P50_SP00161" HPOS="427" VPOS="2086" WIDTH="36"/>
						<String ID="P50_ST00180" HPOS="463" VPOS="2026" WIDTH="203" HEIGHT="57" CONTENT="même" WC="1.00" CC="0100"/>
						<SP ID="P50_SP00162" HPOS="666" VPOS="2086" WIDTH="34"/>
						<String ID="P50_ST00181" HPOS="700" VPOS="2023" WIDTH="282" HEIGHT="59" CONTENT="hauteur." WC="0.99" CC="00400431"/>
						<SP ID="P50_SP00163" HPOS="982" VPOS="2086" WIDTH="40"/>
						<String ID="P50_ST00182" HPOS="1022" VPOS="2020" WIDTH="405" HEIGHT="61" CONTENT="L'exécution" WC="0.99" CC="20319062303"/>
						<SP ID="P50_SP00164" HPOS="1427" VPOS="2086" WIDTH="36"/>
						<String ID="P50_ST00183" HPOS="1463" VPOS="2041" WIDTH="32" HEIGHT="36" CONTENT="a" WC="1.00" CC="0"/>
						<SP ID="P50_SP00165" HPOS="1495" VPOS="2086" WIDTH="35"/>
						<String ID="P50_ST00184" HPOS="1530" VPOS="2017" WIDTH="94" HEIGHT="60" CONTENT="été" WC="0.96" CC="046"/>
						<SP ID="P50_SP00166" HPOS="1624" VPOS="2086" WIDTH="36"/>
						<String ID="P50_ST00185" HPOS="1660" VPOS="2040" WIDTH="69" HEIGHT="37" CONTENT="ce" WC="1.00" CC="00"/>
						<SP ID="P50_SP00167" HPOS="1729" VPOS="2086" WIDTH="35"/>
						<String ID="P50_ST00186" HPOS="1764" VPOS="2018" WIDTH="219" HEIGHT="80" CONTENT="qu'elle" WC="0.99" CC="0544000"/>
						<SP ID="P50_SP00168" HPOS="1983" VPOS="2098" WIDTH="38"/>
						<String ID="P50_ST00187" HPOS="2021" VPOS="2018" WIDTH="250" HEIGHT="80" CONTENT="pouvait" WC="1.00" CC="0040011"/>
						<SP ID="P50_SP00169" HPOS="2271" VPOS="2098" WIDTH="37"/>
						<String ID="P50_ST00188" HPOS="2308" VPOS="2017" WIDTH="126" HEIGHT="57" CONTENT="être" WC="0.97" CC="0560"/>
						<SP ID="P50_SP00170" HPOS="2434" VPOS="2098" WIDTH="35"/>
						<String ID="P50_ST00189" HPOS="2469" VPOS="2037" WIDTH="144" HEIGHT="38" CONTENT="avec" WC="0.99" CC="0021"/>
					</TextLine>
					<TextLine ID="P50_TL00019" HPOS="50" VPOS="2106" WIDTH="2560" HEIGHT="71">
						<String ID="P50_ST00190" HPOS="50" VPOS="2119" WIDTH="207" HEIGHT="57" CONTENT="Bruno" WC="0.99" CC="00300"/>
						<SP ID="P50_SP00171" HPOS="257" VPOS="2176" WIDTH="29"/>
						<String ID="P50_ST00191" HPOS="286" VPOS="2116" WIDTH="257" HEIGHT="59" CONTENT="Walter." WC="0.80" CC="2000252"/>
						<SP ID="P50_SP00172" HPOS="543" VPOS="2176" WIDTH="42"/>
						<String ID="P50_ST00192" HPOS="585" VPOS="2116" WIDTH="89" HEIGHT="57" CONTENT="La" WC="0.70" CC="50"/>
						<SP ID="P50_SP00173" HPOS="674" VPOS="2176" WIDTH="31"/>
						<String ID="P50_ST00193" HPOS="705" VPOS="2112" WIDTH="245" HEIGHT="61" CONTENT="Semaine" WC="0.98" CC="7600306" STYLEREFS="TXT_2"/>
						<SP ID="P50_SP00174" HPOS="950" VPOS="2176" WIDTH="33"/>
						<String ID="P50_ST00194" HPOS="983" VPOS="2111" WIDTH="262" HEIGHT="60" CONTENT="musicale" WC="1.00" CC="00400200" STYLEREFS="TXT_2"/>
						<SP ID="P50_SP00175" HPOS="1245" VPOS="2176" WIDTH="27"/>
						<String ID="P50_ST00195" HPOS="1272" VPOS="2111" WIDTH="72" HEIGHT="58" CONTENT="de" WC="1.00" CC="00"/>
						<SP ID="P50_SP00176" HPOS="1344" VPOS="2176" WIDTH="29"/>
						<String ID="P50_ST00196" HPOS="1373" VPOS="2110" WIDTH="242" HEIGHT="58" CONTENT="Vienne" WC="0.98" CC="610630"/>
						<SP ID="P50_SP00177" HPOS="1615" VPOS="2176" WIDTH="28"/>
						<String ID="P50_ST00197" HPOS="1643" VPOS="2130" WIDTH="30" HEIGHT="37" CONTENT="a" WC="1.00" CC="0"/>
						<SP ID="P50_SP00178" HPOS="1673" VPOS="2176" WIDTH="28"/>
						<String ID="P50_ST00198" HPOS="1701" VPOS="2106" WIDTH="272" HEIGHT="61" CONTENT="culminé" WC="0.99" CC="0430330"/>
						<SP ID="P50_SP00179" HPOS="1973" VPOS="2176" WIDTH="35"/>
						<String ID="P50_ST00199" HPOS="2008" VPOS="2106" WIDTH="75" HEIGHT="61" CONTENT="là." WC="0.96" CC="073"/>
						<SP ID="P50_SP00180" HPOS="2083" VPOS="2176" WIDTH="33"/>
						<String ID="P50_ST00200" HPOS="2116" VPOS="2107" WIDTH="206" HEIGHT="57" CONTENT="Bruno" WC="0.99" CC="40400"/>
						<SP ID="P50_SP00181" HPOS="2322" VPOS="2176" WIDTH="32"/>
						<String ID="P50_ST00201" HPOS="2354" VPOS="2107" WIDTH="256" HEIGHT="70" CONTENT="Walter," WC="0.85" CC="0531000"/>
					</TextLine>
					<TextLine ID="P50_TL00020" HPOS="47" VPOS="2197" WIDTH="2565" HEIGHT="88">
						<String ID="P50_ST00202" HPOS="47" VPOS="2223" WIDTH="169" HEIGHT="44" CONTENT="entre" WC="1.00" CC="02000"/>
						<SP ID="P50_SP00182" HPOS="216" VPOS="2267" WIDTH="37"/>
						<String ID="P50_ST00203" HPOS="253" VPOS="2205" WIDTH="269" HEIGHT="61" CONTENT="Nikisch" WC="0.79" CC="0320007"/>
						<SP ID="P50_SP00183" HPOS="522" VPOS="2267" WIDTH="36"/>
						<String ID="P50_ST00204" HPOS="558" VPOS="2220" WIDTH="60" HEIGHT="45" CONTENT="et" WC="0.91" CC="10"/>
						<SP ID="P50_SP00184" HPOS="618" VPOS="2267" WIDTH="35"/>
						<String ID="P50_ST00205" HPOS="653" VPOS="2206" WIDTH="463" HEIGHT="79" CONTENT="Weingartner," WC="0.92" CC="200020004010"/>
						<SP ID="P50_SP00185" HPOS="1116" VPOS="2285" WIDTH="35"/>
						<String ID="P50_ST00206" HPOS="1151" VPOS="2224" WIDTH="32" HEIGHT="37" CONTENT="a" WC="1.00" CC="0"/>
						<SP ID="P50_SP00186" HPOS="1183" VPOS="2285" WIDTH="37"/>
						<String ID="P50_ST00207" HPOS="1220" VPOS="2204" WIDTH="132" HEIGHT="80" CONTENT="plus" WC="0.99" CC="0130"/>
						<SP ID="P50_SP00187" HPOS="1352" VPOS="2285" WIDTH="30"/>
						<String ID="P50_ST00208" HPOS="1382" VPOS="2223" WIDTH="118" HEIGHT="59" CONTENT="que" WC="0.98" CC="030"/>
						<SP ID="P50_SP00188" HPOS="1500" VPOS="2285" WIDTH="26"/>
						<String ID="P50_ST00209" HPOS="1526" VPOS="2200" WIDTH="219" HEIGHT="80" CONTENT="jamais" WC="0.99" CC="200060"/>
						<SP ID="P50_SP00189" HPOS="1745" VPOS="2285" WIDTH="35"/>
						<String ID="P50_ST00210" HPOS="1780" VPOS="2197" WIDTH="231" HEIGHT="61" CONTENT="semblé" WC="0.99" CC="000455"/>
						<SP ID="P50_SP00190" HPOS="2011" VPOS="2285" WIDTH="34"/>
						<String ID="P50_ST00211" HPOS="2045" VPOS="2199" WIDTH="55" HEIGHT="58" CONTENT="la" WC="0.84" CC="30"/>
						<SP ID="P50_SP00191" HPOS="2100" VPOS="2285" WIDTH="26"/>
						<String ID="P50_ST00212" HPOS="2126" VPOS="2199" WIDTH="247" HEIGHT="58" CONTENT="vivante" WC="1.00" CC="0000300"/>
						<SP ID="P50_SP00192" HPOS="2373" VPOS="2285" WIDTH="35"/>
						<String ID="P50_ST00213" HPOS="2408" VPOS="2197" WIDTH="204" HEIGHT="80" CONTENT="image" WC="0.98" CC="21535"/>
					</TextLine>
					<TextLine ID="P50_TL00021" HPOS="46" VPOS="2288" WIDTH="2568" HEIGHT="76">
						<String ID="P50_ST00214" HPOS="46" VPOS="2298" WIDTH="74" HEIGHT="58" CONTENT="de" WC="1.00" CC="00"/>
						<SP ID="P50_SP00193" HPOS="120" VPOS="2356" WIDTH="38"/>
						<String ID="P50_ST00215" HPOS="158" VPOS="2296" WIDTH="270" HEIGHT="60" CONTENT="Mahler." WC="0.76" CC="0060063"/>
						<SP ID="P50_SP00194" HPOS="428" VPOS="2356" WIDTH="41"/>
						<String ID="P50_ST00216" HPOS="469" VPOS="2296" WIDTH="227" HEIGHT="59" CONTENT="Inutile" WC="0.99" CC="1453000"/>
						<SP ID="P50_SP00195" HPOS="696" VPOS="2356" WIDTH="36"/>
						<String ID="P50_ST00217" HPOS="732" VPOS="2295" WIDTH="74" HEIGHT="59" CONTENT="de" WC="1.00" CC="00"/>
						<SP ID="P50_SP00196" HPOS="806" VPOS="2356" WIDTH="33"/>
						<String ID="P50_ST00218" HPOS="839" VPOS="2295" WIDTH="54" HEIGHT="59" CONTENT="le" WC="0.76" CC="21"/>
						<SP ID="P50_SP00197" HPOS="893" VPOS="2356" WIDTH="36"/>
						<String ID="P50_ST00219" HPOS="929" VPOS="2294" WIDTH="345" HEIGHT="70" CONTENT="remercier," WC="0.99" CC="4000603030"/>
						<SP ID="P50_SP00198" HPOS="1274" VPOS="2364" WIDTH="52"/>
						<String ID="P50_ST00220" HPOS="1326" VPOS="2291" WIDTH="219" HEIGHT="59" CONTENT="inutile" WC="0.99" CC="1332030"/>
						<SP ID="P50_SP00199" HPOS="1545" VPOS="2364" WIDTH="35"/>
						<String ID="P50_ST00221" HPOS="1580" VPOS="2290" WIDTH="71" HEIGHT="59" CONTENT="de" WC="1.00" CC="00"/>
						<SP ID="P50_SP00200" HPOS="1651" VPOS="2364" WIDTH="51"/>
						<String ID="P50_ST00222" HPOS="1702" VPOS="2290" WIDTH="55" HEIGHT="57" CONTENT="le" WC="0.93" CC="10"/>
						<SP ID="P50_SP00201" HPOS="1757" VPOS="2364" WIDTH="48"/>
						<String ID="P50_ST00223" HPOS="1805" VPOS="2288" WIDTH="282" HEIGHT="59" CONTENT="féliciter." WC="0.99" CC="5742000022"/>
						<SP ID="P50_SP00202" HPOS="2087" VPOS="2364" WIDTH="41"/>
						<String ID="P50_ST00224" HPOS="2128" VPOS="2289" WIDTH="198" HEIGHT="57" CONTENT="Avoir" WC="0.99" CC="20005"/>
						<SP ID="P50_SP00203" HPOS="2326" VPOS="2364" WIDTH="39"/>
						<String ID="P50_ST00225" HPOS="2365" VPOS="2288" WIDTH="116" HEIGHT="58" CONTENT="mis" WC="0.99" CC="030"/>
						<SP ID="P50_SP00204" HPOS="2481" VPOS="2364" WIDTH="34"/>
						<String ID="P50_ST00226" HPOS="2515" VPOS="2308" WIDTH="99" HEIGHT="38" CONTENT="sur" WC="0.96" CC="215"/>
					</TextLine>
					<TextLine ID="P50_TL00022" HPOS="46" VPOS="2376" WIDTH="2564" HEIGHT="94">
						<String ID="P50_ST00227" HPOS="46" VPOS="2388" WIDTH="172" HEIGHT="82" CONTENT="pieds" WC="1.00" CC="01200"/>
						<SP ID="P50_SP00205" HPOS="218" VPOS="2470" WIDTH="35"/>
						<String ID="P50_ST00228" HPOS="253" VPOS="2411" WIDTH="73" HEIGHT="35" CONTENT="en" WC="1.00" CC="00"/>
						<SP ID="P50_SP00206" HPOS="326" VPOS="2470" WIDTH="36"/>
						<String ID="P50_ST00229" HPOS="362" VPOS="2389" WIDTH="92" HEIGHT="57" CONTENT="six" WC="0.99" CC="020"/>
						<SP ID="P50_SP00207" HPOS="454" VPOS="2470" WIDTH="34"/>
						<String ID="P50_ST00230" HPOS="488" VPOS="2389" WIDTH="177" HEIGHT="70" CONTENT="mois," WC="0.99" CC="00610"/>
						<SP ID="P50_SP00208" HPOS="665" VPOS="2470" WIDTH="39"/>
						<String ID="P50_ST00231" HPOS="704" VPOS="2385" WIDTH="161" HEIGHT="60" CONTENT="édité" WC="0.98" CC="60207"/>
						<SP ID="P50_SP00209" HPOS="865" VPOS="2470" WIDTH="37"/>
						<String ID="P50_ST00232" HPOS="902" VPOS="2407" WIDTH="120" HEIGHT="37" CONTENT="une" WC="0.96" CC="450"/>
						<SP ID="P50_SP00210" HPOS="1022" VPOS="2470" WIDTH="34"/>
						<String ID="P50_ST00233" HPOS="1056" VPOS="2404" WIDTH="209" HEIGHT="38" CONTENT="œuvre" WC="0.99" CC="05000"/>
						<SP ID="P50_SP00211" HPOS="1265" VPOS="2470" WIDTH="37"/>
						<String ID="P50_ST00234" HPOS="1302" VPOS="2383" WIDTH="249" HEIGHT="81" CONTENT="pareille" WC="0.99" CC="09012032"/>
						<SP ID="P50_SP00212" HPOS="1551" VPOS="2470" WIDTH="36"/>
						<String ID="P50_ST00235" HPOS="1587" VPOS="2397" WIDTH="57" HEIGHT="43" CONTENT="et" WC="0.82" CC="03"/>
						<SP ID="P50_SP00213" HPOS="1644" VPOS="2470" WIDTH="35"/>
						<String ID="P50_ST00236" HPOS="1679" VPOS="2403" WIDTH="75" HEIGHT="37" CONTENT="en" WC="0.34" CC="66"/>
						<SP ID="P50_SP00214" HPOS="1754" VPOS="2470" WIDTH="36"/>
						<String ID="P50_ST00237" HPOS="1790" VPOS="2382" WIDTH="168" HEIGHT="57" CONTENT="avoir" WC="0.99" CC="00215"/>
						<SP ID="P50_SP00215" HPOS="1958" VPOS="2470" WIDTH="33"/>
						<String ID="P50_ST00238" HPOS="1991" VPOS="2376" WIDTH="198" HEIGHT="63" CONTENT="assuré" WC="0.97" CC="900557"/>
						<SP ID="P50_SP00216" HPOS="2189" VPOS="2470" WIDTH="45"/>
						<String ID="P50_ST00239" HPOS="2234" VPOS="2376" WIDTH="376" HEIGHT="61" CONTENT="l'exécution" WC="0.99" CC="12007044435"/>
					</TextLine>
					<TextLine ID="P50_TL00023" HPOS="49" VPOS="2468" WIDTH="2563" HEIGHT="91">
						<String ID="P50_ST00240" HPOS="49" VPOS="2479" WIDTH="254" HEIGHT="60" CONTENT="suffirait" WC="0.99" CC="030006940"/>
						<SP ID="P50_SP00217" HPOS="303" VPOS="2539" WIDTH="35"/>
						<String ID="P50_ST00241" HPOS="338" VPOS="2478" WIDTH="32" HEIGHT="60" CONTENT="à" WC="0.13" CC="8"/>
						<SP ID="P50_SP00218" HPOS="370" VPOS="2539" WIDTH="33"/>
						<String ID="P50_ST00242" HPOS="403" VPOS="2481" WIDTH="56" HEIGHT="57" CONTENT="la" WC="1.00" CC="00"/>
						<SP ID="P50_SP00219" HPOS="459" VPOS="2539" WIDTH="37"/>
						<String ID="P50_ST00243" HPOS="496" VPOS="2479" WIDTH="193" HEIGHT="80" CONTENT="gloire" WC="0.99" CC="410240"/>
						<SP ID="P50_SP00220" HPOS="689" VPOS="2559" WIDTH="35"/>
						<String ID="P50_ST00244" HPOS="724" VPOS="2477" WIDTH="148" HEIGHT="58" CONTENT="d'un" WC="0.98" CC="0154"/>
						<SP ID="P50_SP00221" HPOS="872" VPOS="2559" WIDTH="34"/>
						<String ID="P50_ST00245" HPOS="906" VPOS="2476" WIDTH="276" HEIGHT="58" CONTENT="homme." WC="0.99" CC="600034"/>
						<SP ID="P50_SP00222" HPOS="1182" VPOS="2559" WIDTH="38"/>
						<String ID="P50_ST00246" HPOS="1220" VPOS="2476" WIDTH="80" HEIGHT="57" CONTENT="Et" WC="0.72" CC="23"/>
						<SP ID="P50_SP00223" HPOS="1300" VPOS="2559" WIDTH="36"/>
						<String ID="P50_ST00247" HPOS="1336" VPOS="2473" WIDTH="206" HEIGHT="58" CONTENT="même" WC="1.00" CC="0000"/>
						<SP ID="P50_SP00224" HPOS="1542" VPOS="2559" WIDTH="48"/>
						<String ID="P50_ST00248" HPOS="1590" VPOS="2493" WIDTH="129" HEIGHT="38" CONTENT="sans" WC="0.99" CC="0030"/>
						<SP ID="P50_SP00225" HPOS="1719" VPOS="2559" WIDTH="51"/>
						<String ID="P50_ST00249" HPOS="1770" VPOS="2472" WIDTH="193" HEIGHT="80" CONTENT="gloire" WC="1.00" CC="005000"/>
						<SP ID="P50_SP00226" HPOS="1963" VPOS="2559" WIDTH="52"/>
						<String ID="P50_ST00250" HPOS="2015" VPOS="2491" WIDTH="235" HEIGHT="38" CONTENT="aucune" WC="0.98" CC="640360"/>
						<SP ID="P50_SP00227" HPOS="2250" VPOS="2559" WIDTH="40"/>
						<String ID="P50_ST00251" HPOS="2290" VPOS="2469" WIDTH="254" HEIGHT="60" CONTENT="suffirait" WC="1.00" CC="060006000"/>
						<SP ID="P50_SP00228" HPOS="2544" VPOS="2559" WIDTH="37"/>
						<String ID="P50_ST00252" HPOS="2581" VPOS="2468" WIDTH="31" HEIGHT="60" CONTENT="à" WC="0.30" CC="6"/>
					</TextLine>
					<TextLine ID="P50_TL00024" HPOS="49" VPOS="2564" WIDTH="1063" HEIGHT="65">
						<String ID="P50_ST00253" HPOS="49" VPOS="2591" WIDTH="106" HEIGHT="38" CONTENT="son" WC="0.96" CC="064"/>
						<SP ID="P50_SP00229" HPOS="155" VPOS="2629" WIDTH="37"/>
						<String ID="P50_ST00254" HPOS="192" VPOS="2569" WIDTH="281" HEIGHT="59" CONTENT="honneur" WC="0.98" CC="0466060"/>
						<SP ID="P50_SP00230" HPOS="473" VPOS="2629" WIDTH="35"/>
						<String ID="P50_ST00255" HPOS="508" VPOS="2583" WIDTH="58" HEIGHT="44" CONTENT="et" WC="0.67" CC="14"/>
						<SP ID="P50_SP00231" HPOS="566" VPOS="2629" WIDTH="35"/>
						<String ID="P50_ST00256" HPOS="601" VPOS="2567" WIDTH="32" HEIGHT="60" CONTENT="à" WC="0.33" CC="6"/>
						<SP ID="P50_SP00232" HPOS="633" VPOS="2629" WIDTH="35"/>
						<String ID="P50_ST00257" HPOS="668" VPOS="2589" WIDTH="107" HEIGHT="38" CONTENT="son" WC="0.97" CC="005"/>
						<SP ID="P50_SP00233" HPOS="775" VPOS="2629" WIDTH="37"/>
						<String ID="P50_ST00258" HPOS="812" VPOS="2564" WIDTH="300" HEIGHT="61" CONTENT="bonheur." WC="0.98" CC="50561264"/>
					</TextLine>
					<TextLine ID="P50_TL00025" HPOS="229" VPOS="2651" WIDTH="2384" HEIGHT="84">
						<String ID="P50_ST00259" HPOS="229" VPOS="2662" WIDTH="83" HEIGHT="57" CONTENT="Et" WC="0.74" CC="50"/>
						<SP ID="P50_SP00234" HPOS="312" VPOS="2719" WIDTH="34"/>
						<String ID="P50_ST00260" HPOS="346" VPOS="2660" WIDTH="145" HEIGHT="58" CONTENT="dans" WC="0.99" CC="0040"/>
						<SP ID="P50_SP00235" HPOS="491" VPOS="2719" WIDTH="36"/>
						<String ID="P50_ST00261" HPOS="527" VPOS="2674" WIDTH="171" HEIGHT="44" CONTENT="toute" WC="0.98" CC="40501"/>
						<SP ID="P50_SP00236" HPOS="698" VPOS="2719" WIDTH="34"/>
						<String ID="P50_ST00262" HPOS="732" VPOS="2656" WIDTH="350" HEIGHT="61" CONTENT="l'Autriche" WC="0.99" CC="2005360061"/>
						<SP ID="P50_SP00237" HPOS="1082" VPOS="2719" WIDTH="36"/>
						<String ID="P50_ST00263" HPOS="1118" VPOS="2671" WIDTH="57" HEIGHT="43" CONTENT="et" WC="0.86" CC="02"/>
						<SP ID="P50_SP00238" HPOS="1175" VPOS="2719" WIDTH="47"/>
						<String ID="P50_ST00264" HPOS="1222" VPOS="2656" WIDTH="409" HEIGHT="79" CONTENT="l'Allemagne" WC="1.00" CC="40004200010"/>
						<SP ID="P50_SP00239" HPOS="1631" VPOS="2735" WIDTH="55"/>
						<String ID="P50_ST00265" HPOS="1686" VPOS="2653" WIDTH="292" HEIGHT="80" CONTENT="critiques" WC="0.99" CC="002420600"/>
						<SP ID="P50_SP00240" HPOS="1978" VPOS="2735" WIDTH="53"/>
						<String ID="P50_ST00266" HPOS="2031" VPOS="2666" WIDTH="57" HEIGHT="43" CONTENT="et" WC="0.81" CC="03"/>
						<SP ID="P50_SP00241" HPOS="2088" VPOS="2735" WIDTH="55"/>
						<String ID="P50_ST00267" HPOS="2143" VPOS="2651" WIDTH="362" HEIGHT="58" CONTENT="criticastres" WC="0.95" CC="001500000000"/>
						<SP ID="P50_SP00242" HPOS="2505" VPOS="2735" WIDTH="49"/>
						<String ID="P50_ST00268" HPOS="2554" VPOS="2671" WIDTH="59" HEIGHT="37" CONTENT="se" WC="0.78" CC="13"/>
					</TextLine>
					<TextLine ID="P50_TL00026" HPOS="49" VPOS="2740" WIDTH="2564" HEIGHT="94">
						<String ID="P50_ST00269" HPOS="49" VPOS="2765" WIDTH="302" HEIGHT="69" CONTENT="prennent" WC="0.99" CC="03066044"/>
						<SP ID="P50_SP00243" HPOS="351" VPOS="2834" WIDTH="37"/>
						<String ID="P50_ST00270" HPOS="388" VPOS="2771" WIDTH="117" HEIGHT="37" CONTENT="aux" WC="0.98" CC="040"/>
						<SP ID="P50_SP00244" HPOS="505" VPOS="2834" WIDTH="36"/>
						<String ID="P50_ST00271" HPOS="541" VPOS="2749" WIDTH="301" HEIGHT="71" CONTENT="cheveux," WC="0.99" CC="05004500"/>
						<SP ID="P50_SP00245" HPOS="842" VPOS="2834" WIDTH="37"/>
						<String ID="P50_ST00272" HPOS="879" VPOS="2749" WIDTH="322" HEIGHT="78" CONTENT="beaucoup" WC="0.99" CC="00440060"/>
						<SP ID="P50_SP00246" HPOS="1201" VPOS="2834" WIDTH="35"/>
						<String ID="P50_ST00273" HPOS="1236" VPOS="2745" WIDTH="295" HEIGHT="80" CONTENT="injuriant" WC="0.99" CC="300723005"/>
						<SP ID="P50_SP00247" HPOS="1531" VPOS="2834" WIDTH="35"/>
						<String ID="P50_ST00274" HPOS="1566" VPOS="2745" WIDTH="55" HEIGHT="57" CONTENT="la" WC="0.81" CC="03"/>
						<SP ID="P50_SP00248" HPOS="1621" VPOS="2834" WIDTH="34"/>
						<String ID="P50_ST00275" HPOS="1655" VPOS="2741" WIDTH="311" HEIGHT="60" CONTENT="troisième" WC="0.99" CC="201501700"/>
						<SP ID="P50_SP00249" HPOS="1966" VPOS="2834" WIDTH="395"/>
						<String ID="P50_ST00276" HPOS="2361" VPOS="2740" WIDTH="210" HEIGHT="64" CONTENT="Qu'im" SUBS_TYPE="HypPart1" SUBS_CONTENT="Qu'importe.." WC="0.99" CC="35010"/>
						<HYP HPOS="2571" VPOS="2740" WIDTH="42" CONTENT="-"/>
					</TextLine>
					<TextLine ID="P50_TL00027" HPOS="46" VPOS="2829" WIDTH="2567" HEIGHT="95">
						<String ID="P50_ST00277" HPOS="46" VPOS="2857" WIDTH="219" HEIGHT="67" CONTENT="porte.." SUBS_TYPE="HypPart2" SUBS_CONTENT="Qu'importe.." WC="0.99" CC="8120133"/>
						<SP ID="P50_SP00250" HPOS="265" VPOS="2924" WIDTH="49"/>
						<String ID="P50_ST00278" HPOS="314" VPOS="2841" WIDTH="132" HEIGHT="59" CONTENT="Elle" WC="0.99" CC="0040"/>
						<SP ID="P50_SP00251" HPOS="446" VPOS="2924" WIDTH="48"/>
						<String ID="P50_ST00279" HPOS="494" VPOS="2841" WIDTH="154" HEIGHT="57" CONTENT="aussi" WC="0.99" CC="03001"/>
						<SP ID="P50_SP00252" HPOS="648" VPOS="2924" WIDTH="48"/>
						<String ID="P50_ST00280" HPOS="696" VPOS="2837" WIDTH="331" HEIGHT="61" CONTENT="désormais" WC="1.00" CC="080000020"/>
						<SP ID="P50_SP00253" HPOS="1027" VPOS="2924" WIDTH="52"/>
						<String ID="P50_ST00281" HPOS="1079" VPOS="2859" WIDTH="73" HEIGHT="36" CONTENT="va" WC="1.00" CC="00"/>
						<SP ID="P50_SP00254" HPOS="1152" VPOS="2924" WIDTH="45"/>
						<String ID="P50_ST00282" HPOS="1197" VPOS="2835" WIDTH="32" HEIGHT="60" CONTENT="à" WC="0.08" CC="9"/>
						<SP ID="P50_SP00255" HPOS="1229" VPOS="2924" WIDTH="45"/>
						<String ID="P50_ST00283" HPOS="1274" VPOS="2857" WIDTH="104" HEIGHT="38" CONTENT="son" WC="0.98" CC="004"/>
						<SP ID="P50_SP00256" HPOS="1378" VPOS="2924" WIDTH="58"/>
						<String ID="P50_ST00284" HPOS="1436" VPOS="2835" WIDTH="217" HEIGHT="71" CONTENT="destin," WC="0.99" CC="0003042"/>
						<SP ID="P50_SP00257" HPOS="1653" VPOS="2924" WIDTH="47"/>
						<String ID="P50_ST00285" HPOS="1700" VPOS="2830" WIDTH="312" HEIGHT="62" CONTENT="annoncée" WC="0.99" CC="04008160"/>
						<SP ID="P50_SP00258" HPOS="2012" VPOS="2924" WIDTH="46"/>
						<String ID="P50_ST00286" HPOS="2058" VPOS="2831" WIDTH="173" HEIGHT="59" CONTENT="dores" WC="1.00" CC="00000"/>
						<SP ID="P50_SP00259" HPOS="2231" VPOS="2924" WIDTH="45"/>
						<String ID="P50_ST00287" HPOS="2276" VPOS="2845" WIDTH="57" HEIGHT="45" CONTENT="et" WC="0.69" CC="06"/>
						<SP ID="P50_SP00260" HPOS="2333" VPOS="2924" WIDTH="60"/>
						<String ID="P50_ST00288" HPOS="2393" VPOS="2829" WIDTH="130" HEIGHT="82" CONTENT="déjà" WC="0.97" CC="0606"/>
						<SP ID="P50_SP00261" HPOS="2523" VPOS="2924" WIDTH="59"/>
						<String ID="P50_ST00289" HPOS="2582" VPOS="2829" WIDTH="31" HEIGHT="59" CONTENT="à" WC="1.00" CC="0"/>
					</TextLine>
					<TextLine ID="P50_TL00028" HPOS="50" VPOS="2921" WIDTH="2564" HEIGHT="85">
						<String ID="P50_ST00290" HPOS="50" VPOS="2933" WIDTH="226" HEIGHT="70" CONTENT="Berlin," WC="0.99" CC="6003500"/>
						<SP ID="P50_SP00262" HPOS="276" VPOS="3003" WIDTH="51"/>
						<String ID="P50_ST00291" HPOS="327" VPOS="2930" WIDTH="32" HEIGHT="60" CONTENT="à" WC="0.17" CC="8"/>
						<SP ID="P50_SP00263" HPOS="359" VPOS="3003" WIDTH="53"/>
						<String ID="P50_ST00292" HPOS="412" VPOS="2930" WIDTH="296" HEIGHT="73" CONTENT="Munich," WC="0.99" CC="0542330"/>
						<SP ID="P50_SP00264" HPOS="708" VPOS="3003" WIDTH="38"/>
						<String ID="P50_ST00293" HPOS="746" VPOS="2929" WIDTH="30" HEIGHT="60" CONTENT="à" WC="0.46" CC="5"/>
						<SP ID="P50_SP00265" HPOS="776" VPOS="3003" WIDTH="36"/>
						<String ID="P50_ST00294" HPOS="812" VPOS="2929" WIDTH="234" HEIGHT="58" CONTENT="Dresde" WC="0.99" CC="340200"/>
						<SP ID="P50_SP00266" HPOS="1046" VPOS="3003" WIDTH="35"/>
						<String ID="P50_ST00295" HPOS="1081" VPOS="2925" WIDTH="144" HEIGHT="61" CONTENT="d'où" WC="0.98" CC="0028"/>
						<SP ID="P50_SP00267" HPOS="1225" VPOS="3003" WIDTH="35"/>
						<String ID="P50_ST00296" HPOS="1260" VPOS="2928" WIDTH="112" HEIGHT="56" CONTENT="elle" WC="0.98" CC="0420"/>
						<SP ID="P50_SP00268" HPOS="1372" VPOS="3003" WIDTH="46"/>
						<String ID="P50_ST00297" HPOS="1418" VPOS="2926" WIDTH="87" HEIGHT="58" CONTENT="ira" WC="0.99" CC="300"/>
						<SP ID="P50_SP00269" HPOS="1505" VPOS="3003" WIDTH="36"/>
						<String ID="P50_ST00298" HPOS="1541" VPOS="2939" WIDTH="268" HEIGHT="67" CONTENT="partout," WC="0.99" CC="07150420"/>
						<SP ID="P50_SP00270" HPOS="1809" VPOS="3006" WIDTH="37"/>
						<String ID="P50_ST00299" HPOS="1846" VPOS="2924" WIDTH="90" HEIGHT="58" CONTENT="tôt" WC="0.94" CC="554"/>
						<SP ID="P50_SP00271" HPOS="1936" VPOS="3006" WIDTH="37"/>
						<String ID="P50_ST00300" HPOS="1973" VPOS="2945" WIDTH="77" HEIGHT="36" CONTENT="ou" WC="0.67" CC="23"/>
						<SP ID="P50_SP00272" HPOS="2050" VPOS="3006" WIDTH="37"/>
						<String ID="P50_ST00301" HPOS="2087" VPOS="2921" WIDTH="131" HEIGHT="60" CONTENT="tard" WC="0.97" CC="4560"/>
						<SP ID="P50_SP00273" HPOS="2218" VPOS="3006" WIDTH="35"/>
						<String ID="P50_ST00302" HPOS="2253" VPOS="2943" WIDTH="244" HEIGHT="37" CONTENT="comme" WC="1.00" CC="00000"/>
						<SP ID="P50_SP00274" HPOS="2497" VPOS="3006" WIDTH="36"/>
						<String ID="P50_ST00303" HPOS="2533" VPOS="2921" WIDTH="81" HEIGHT="57" CONTENT="les" WC="0.94" CC="446"/>
					</TextLine>
					<TextLine ID="P50_TL00029" HPOS="47" VPOS="3010" WIDTH="2567" HEIGHT="88">
						<String ID="P50_ST00304" HPOS="47" VPOS="3024" WIDTH="164" HEIGHT="57" CONTENT="deux" WC="0.99" CC="0030"/>
						<SP ID="P50_SP00275" HPOS="211" VPOS="3081" WIDTH="35"/>
						<String ID="P50_ST00305" HPOS="246" VPOS="3037" WIDTH="214" HEIGHT="44" CONTENT="autres." WC="1.00" CC="0103000"/>
						<SP ID="P50_SP00276" HPOS="460" VPOS="3081" WIDTH="41"/>
						<String ID="P50_ST00306" HPOS="501" VPOS="3022" WIDTH="180" HEIGHT="58" CONTENT="Nous" WC="0.98" CC="5040"/>
						<SP ID="P50_SP00277" HPOS="681" VPOS="3081" WIDTH="51"/>
						<String ID="P50_ST00307" HPOS="732" VPOS="3041" WIDTH="264" HEIGHT="38" CONTENT="sommes" WC="1.00" CC="040000"/>
						<SP ID="P50_SP00278" HPOS="996" VPOS="3081" WIDTH="51"/>
						<String ID="P50_ST00308" HPOS="1047" VPOS="3018" WIDTH="376" HEIGHT="80" CONTENT="tranquilles." WC="0.99" CC="450400264002"/>
						<SP ID="P50_SP00279" HPOS="1423" VPOS="3098" WIDTH="38"/>
						<String ID="P50_ST00309" HPOS="1461" VPOS="3017" WIDTH="133" HEIGHT="57" CONTENT="Elle" WC="0.98" CC="6000"/>
						<SP ID="P50_SP00280" HPOS="1594" VPOS="3098" WIDTH="42"/>
						<String ID="P50_ST00310" HPOS="1636" VPOS="3037" WIDTH="169" HEIGHT="37" CONTENT="saura" WC="0.97" CC="09660"/>
						<SP ID="P50_SP00281" HPOS="1805" VPOS="3098" WIDTH="51"/>
						<String ID="P50_ST00311" HPOS="1856" VPOS="3029" WIDTH="249" HEIGHT="43" CONTENT="trouver" WC="0.99" CC="4306000"/>
						<SP ID="P50_SP00282" HPOS="2105" VPOS="3098" WIDTH="33"/>
						<String ID="P50_ST00312" HPOS="2138" VPOS="3014" WIDTH="53" HEIGHT="57" CONTENT="le" WC="1.00" CC="00"/>
						<SP ID="P50_SP00283" HPOS="2191" VPOS="3098" WIDTH="36"/>
						<String ID="P50_ST00313" HPOS="2227" VPOS="3011" WIDTH="250" HEIGHT="60" CONTENT="chemin" WC="0.99" CC="040064"/>
						<SP ID="P50_SP00284" HPOS="2477" VPOS="3098" WIDTH="37"/>
						<String ID="P50_ST00314" HPOS="2514" VPOS="3010" WIDTH="100" HEIGHT="59" CONTENT="des" WC="1.00" CC="000"/>
					</TextLine>
					<TextLine ID="P50_TL00030" HPOS="49" VPOS="3133" WIDTH="213" HEIGHT="40">
						<String ID="P50_ST00315" HPOS="49" VPOS="3133" WIDTH="213" HEIGHT="40" CONTENT="cœurs." WC="0.99" CC="026002"/>
					</TextLine>
				</TextBlock>
				<TextBlock ID="P50_TB00005" HPOS="1787" VPOS="3233" WIDTH="641" HEIGHT="61" STYLEREFS="TXT_3 PAR_RIGHT">
					<TextLine ID="P50_TL00031" HPOS="1788" VPOS="3234" WIDTH="640" HEIGHT="60">
						<String ID="P50_ST00316" HPOS="1788" VPOS="3234" WIDTH="640" HEIGHT="60" CONTENT="William" WC="1.00" CC="0000000"/>
						<SP ID="P50_SP00285" HPOS="2428" VPOS="3294" WIDTH="-1"/>
						<String ID="P50_ST00317" HPOS="2427" VPOS="3234" WIDTH="1" HEIGHT="60" CONTENT="Ritter." WC="0.96" CC="0000000"/>
						<SP ID="P50_SP00286" HPOS="2428" VPOS="3294" WIDTH="0"/>
					</TextLine>
				</TextBlock>
				<TextBlock ID="P50_TB00006" HPOS="2543" VPOS="3698" WIDTH="117" HEIGHT="149" STYLEREFS="TXT_3 PAR_RIGHT">
					<TextLine ID="P50_TL00032" HPOS="2580" VPOS="3753" WIDTH="37" HEIGHT="47">
						<String ID="P50_ST00318" HPOS="2580" VPOS="3753" WIDTH="37" HEIGHT="47" CONTENT="4" WC="1.00" CC="0"/>
					</TextLine>
				</TextBlock>
			</PrintSpace>
		</Page>
	</Layout>
</alto>
