2857 3980
238 245 34 69 3
290 221 45 70 6

1317 221 62 71 S.
1449 222 54 68 I.
1572 221 109 70 M.

414 394 29 58 3
450 375 18 20 e
502 372 235 60 Cloche
774 395 11 36 :
824 394 106 37 son
965 371 433 83 prédominant
1434 386 65 45 ut
1535 379 26 72 \
1593 370 17 26 2
1615 421 14 22 ,
1666 368 215 61 faisant
1927 389 69 59 13
2011 388 29 60 5
2080 367 129 60 v-d.

415 1261 39 56 4
457 1250 17 20 e
507 1240 237 58 Cloche
777 1261 11 37 :
827 1260 106 38 son
970 1236 434 85 prédominant
1439 1238 88 56 mi
1560 1235 18 26 2
1583 1287 14 23 ,
1633 1235 217 61 faisant
1897 1236 118 58 160
2052 1235 128 59 v-d.

651 2086 89 58 Un
894 2096 164 45 autre
1284 2084 149 59 mode
1629 2084 66 57 de
1809 2083 296 61 vibration.
1336 2086 86 57 Le
1459 2106 166 60 gong
1653 2084 261 73 chinois,
1944 2106 104 60 par
2084 2106 105 37 son
2226 2084 182 59 mode
2442 2086 354 80 particulier

237 2173 71 59 de
343 2173 328 73 vibration,
704 2176 169 57 vient
909 2172 253 76 justifier
1196 2176 159 57 celui
1392 2176 99 58 des
1527 2174 262 60 cloches.
1828 2177 89 57 La
1953 2176 220 58 calotte
2206 2197 196 36 —ou
2427 2196 254 38 cerveau

237 2265 107 78 qui
377 2261 199 61 forme
610 2266 55 56 la
701 2266 191 79 partie
928 2263 349 82 supérieure
1313 2265 72 58 de
1418 2266 56 58 la
1508 2265 237 72 cloche,
1781 2267 252 79 produit
2068 2287 82 36 un
2188 2265 187 58 nœud
2401 2262 31 61 à
2460 2286 105 37 son
2590 2280 206 44 centre

237 2355 108 80 qui
381 2352 256 61 favorise
674 2355 161 58 deux
870 2355 210 58 modes
1116 2356 71 57 de
1221 2355 334 59 vibrations
1587 2379 12 35 :
1652 2357 128 57 l'un
1814 2370 341 67 provenant
2192 2355 80 58 du
2315 2355 218 61 rebord
2719 2378 78 36 ou

236 2446 183 80 pince
575 2460 58 45 et
668 2447 216 58 l'autre
919 2447 72 59 de
1026 2446 53 59 la
1115 2447 194 80 partie
1343 2446 282 60 médiane
1781 2469 78 37 ou
1912 2445 283 61 faussure.
2387 2447 97 58 De
2533 2446 54 59 là
2636 2446 161 60 deux

237 2531 262 64 échelles
534 2535 351 60 différentes
920 2536 503 82 d'harmoniques
1458 2558 246 37 comme
1740 2558 152 38 nous
1919 2558 228 38 venons
2175 2536 71 59 de
2281 2538 54 57 le
2363 2538 151 58 voir.
2545 2538 165 57 Pour
2742 2538 55 58 le

238 2647 190 61 gong,
464 2629 54 56 la
553 2629 195 80 partie
782 2628 277 58 vibrante
1094 2643 85 43 est
1204 2629 176 80 plane
1412 2642 58 44 et
1506 2649 73 37 ne
1615 2627 342 61 détermine
1991 2629 194 80 qu'un
2220 2643 207 45 centre
2477 2628 72 58 de
2598 2627 169 59 vibra-

238 2719 162 57 tions
434 2742 14 47 ;
486 2715 142 61 d'où
664 2740 117 36 une
816 2718 163 58 seule
1013 2717 232 59 échelle
1298 2717 487 82 prépondérante
1837 2718 521 81 d'harmoniques,
2410 2719 149 59 dont
2609 2718 50 58 le
2707 2740 94 36 son

250 2808 399 81 prédominant
656 2823 85 45 est
1350 2831 73 37 un
1563 2808 356 81 harmonique
2336 2809 257 59 d'octave
1562 2807 115 61 très
1712 2811 143 78 aigu
2571 2823 59 44 et
2676 2830 123 37 non

581 2901 212 58 dominante
794 2901 68 57 de
863 2921 40 37 ce
929 2898 440 74 fondamental,
1406 2922 246 37 comme
1685 2900 145 59 dans
1864 2902 81 57 les
1981 2900 259 59 cloches.
2273 2901 88 57 Le
2399 2921 19 38 lerI
2434 2902 34 20 er
2491 2921 167 60 gong
2682 2921 119 60 que

241 3013 151 39 nous
419 3013 185 38 avons
637 2990 445 81 expérimenté,
1110 2988 139 83 pèse
1287 3011 65 38 11
1389 2991 157 58 kilos
1581 3005 57 43 et
1673 3013 32 36 a
1741 3013 33 35 o
1779 2994 33 19 m
1817 3010 95 60 ,si
1953 2990 71 58 de
2052 2988 314 60 diamètre.
2408 2991 176 58 Nous
2618 3011 185 38 avons

241 3084 211 58 inscrit
511 3081 79 61 26
638 3081 127 60 har.
801 3104 11 37 :
876 3100 30 60 5
965 3080 320 60 inférieurs
1329 3096 59 44 et
1439 3103 78 38 20
1564 3080 361 82 supérieurs.
1980 3080 307 61 L'échelle
2335 3080 332 60 inférieure
2715 3095 86 46 est

241 3171 382 83 représentée
657 3193 108 60 par
798 3173 55 57 le
1568 3193 95 37 son
1779 3171 424 80 fondamental,
1444 3170 160 60 mii>-
1607 3220 23 31 4
1665 3171 73 59 de
1778 3192 33 39 2
1817 3187 20 19 V
1844 3193 63 57 ,4
1930 3198 13 46 ;
1981 3170 416 83 accompagné
2427 3171 72 59 de
2535 3193 86 37 ses
2656 3173 147 57 trois

243 3279 240 45 octaves
518 3262 380 82 supérieures
932 3277 59 43 et
1042 3262 71 58 de
2480 3284 65 37 en
2650 3262 154 80 fonct
1851 3282 38 61 7
1894 3268 17 19 e
1962 3262 128 59 har.
2126 3288 12 47 ;
2176 3283 97 38 ces
2311 3283 136 38 sons
2482 3260 321 61 inférieurs

243 3368 308 68 occupent
605 3354 511 80 respectivement
1160 3354 55 56 le
1265 3373 151 60 rang
1469 3353 71 57 de
1602 3375 17 36 i
1634 3361 34 22 er
1673 3403 14 21 ,
1743 3373 32 40 2
1783 3358 16 20 e
1803 3403 15 22 ,
1870 3375 40 57 4
1914 3357 16 19 e
1934 3404 14 23 ,
2005 3353 29 58 8
2043 3356 17 20 e
2112 3367 58 44 et
2226 3352 76 61 28
2310 3358 16 19 e
2375 3352 127 59 har.
2557 3353 88 58 Le
2696 3373 104 38 son

242 3444 457 83 prédominant,
957 3444 71 58 de
1080 3443 82 80 76
1168 3448 22 19 v
1195 3442 82 72 ,B,
1322 3458 86 45 est
1458 3444 53 58 le
1567 3463 76 60 32
1649 3452 17 20 e
1705 3443 127 60 har.
1875 3465 28 58 5
1914 3455 17 20 e
1964 3458 216 45 octave
2231 3443 80 59 du
2361 3442 439 60 fondamental.

245 3537 89 60 Le
387 3557 107 39 son
542 3537 55 57 le
646 3537 136 80 plus
831 3537 144 78 aigu
1026 3550 85 43 est
1162 3532 103 60 ré^
1273 3580 17 37 s
1329 3535 71 58 de
1463 3552 160 63 1075
1677 3536 129 58 v-d.
1860 3536 186 58 Voici
2081 3533 278 60 l'échelle
2395 3535 409 81 harmonique

243 3625 367 82 enregistrée
646 3648 144 36 avec
826 3646 68 38 ce
929 3646 186 60 gong.
