2857 3980
1322 184 62 69 S.
1454 184 52 68 I.
1576 182 108 70 M.

237 210 95 66 14-

221 338 246 58 l'action
589 334 122 59 mal
745 353 225 38 cousue
1091 333 167 58 Mais
1291 333 55 57 la
1395 332 285 80 musique
1729 332 54 56 la
1832 332 253 57 sauvait.
2117 328 9 28 1
2177 332 288 58 L'ariette
2569 333 77 57 Vi
2686 348 90 43 sto

222 428 113 60 ben
562 445 19 38 lerI
595 436 33 21 er
663 438 151 59 acte,
851 423 148 59 dont
1032 423 83 59 les
1148 423 235 80 paroles
1417 437 133 43 sont
1586 421 301 58 d'ailleurs
1938 421 72 57 de
2048 419 294 73 Goldoni,
2376 422 133 57 l'air
2544 421 234 59 célèbre

297 518 166 59 Ecco
500 516 42 60 il
576 536 229 60 povero
854 515 289 57 Tracollo
1234 511 17 26 2
1300 511 32 59 à
1380 513 390 80 l'expression
1822 511 46 58 si
1905 509 355 74 touchante,
2297 526 59 44 et
2390 512 54 57 le
2479 511 123 59 duo
2636 509 142 63 final

288 610 194 70 Vado,
533 607 156 59 vado
801 620 278 65 reçurent
1130 606 83 57 les
1261 605 136 80 plus
1448 602 115 60 vifs
1611 601 601 82 applaudissements.
2249 603 104 58 Au
2408 622 31 40 2
2446 611 18 20 e
2511 617 152 58 acte,
2698 605 82 57 les

222 700 411 60 connaisseurs
668 695 402 60 s'extasiaient
1106 715 99 37 sur
1237 695 54 57 le
1327 694 157 58 câlin
1587 695 160 57 Caro
1782 692 269 80 perdona
2085 694 89 55 mi
2255 690 17 28 3
2323 708 58 44 et
2431 714 99 38 sur
2569 695 53 56 le
2658 692 120 60 duo

289 791 57 59 A
383 789 200 81 quella
617 786 114 60 che
772 786 231 59 t'adora
1114 784 16 26 4

406 879 311 60 L'édition
766 875 292 80 française
1110 875 72 59 de
1232 876 53 56 la
1336 875 283 80 musique
1669 871 95 60 fut
1798 870 146 61 faite
1980 894 108 60 par
2119 874 83 57 les
2237 874 158 57 soins
2436 873 72 58 de
2544 875 234 57 Cosimi

225 973 105 80 qui
350 970 219 82 jouait,
599 965 215 84 auprès
842 968 148 57 delà
1025 981 219 66 troupe
1272 965 99 59 des
1401 964 313 71 Bouffons,
1743 965 55 56 le
1834 964 125 59 rôle
1994 963 72 58 de
2103 963 305 58 directeur
2433 965 345 79 artistique;

225 1063 236 59 Cosimi
489 1058 226 61 dédiait
750 1080 107 37 son
1588 1057 256 60 Tracollo
1190 1054 31 60 à
1254 1057 56 57 la
1345 1054 292 60 duchesse
1663 1053 343 71 d'Orléans,
2038 1054 366 80 protectrice
2439 1076 73 35 en
2551 1054 230 59 France

223 1155 73 58 de
344 1155 57 57 la
449 1152 286 79 musique
785 1150 307 58 italienne.
1148 1147 405 58 L'ouverture
1606 1167 267 59 manque
1910 1171 13 46 ;
1985 1158 189 68 quant
2232 1143 32 60 à
2312 1146 55 57 la
2417 1143 194 83 pièce,
2669 1147 111 57 elle

223 1242 276 84 présente
534 1241 466 80 d'importantes
1049 1237 299 59 variantes
1398 1259 107 58 par
1545 1251 249 65 rapport
1845 1233 32 60 à
1924 1236 56 57 la
2698 1236 82 57 du

222 1334 469 61 Conservatoire
741 1330 72 58 de
851 1329 252 81 Naples,
1140 1349 120 49 car,
1295 1327 145 59 dans
1474 1340 159 44 cette
1669 1324 294 72 dernière,
1999 1325 288 58 Tracollo
2329 1345 57 38 se
2423 1322 249 84 déguise
2709 1348 72 35 en

226 1425 341 69 Polonaise,
604 1443 135 38 sous
788 1421 54 57 le
893 1440 148 38 nom
1091 1418 72 58 de
1215 1418 346 71 Baldracca,
1614 1431 58 44 et
1710 1416 55 59 le
1818 1415 188 58 choix
2060 1414 100 59 des
2211 1416 117 59 airs
2377 1415 151 60 n'est
2579 1437 100 59 pas
2728 1418 54 57 le

226 1518 223 58 même.
480 1513 16 26 5
547 1515 95 57 En
694 1527 196 54 outre,
941 1511 54 58 la
1027 1510 240 57 version
1310 1508 372 81 napolitaine
1718 1528 75 37 ne
1829 1522 320 64 comporte
2184 1527 103 59 pas
2320 1508 52 57 le
2408 1528 374 60 personnage

227 1607 72 59 de
336 1605 295 80 Sulpizio.

410 1694 404 60 D'unanimes
865 1689 202 82 éloges
1116 1689 243 57 allaient
1409 1687 31 58 à
1489 1689 55 56 la
1591 1687 246 58 Tonelli
1869 1710 14 48 ;
1930 1688 153 56 mais
2117 1708 77 37 on
2230 1707 58 38 se
2321 1688 295 58 montrait
2651 1689 134 79 plus

228 1785 233 62 réservé
519 1785 32 58 à
608 1782 226 81 l'égard
884 1781 72 58 de
1009 1779 284 59 Manelli.
1350 1778 258 71 Cosimi,
1666 1799 136 38 sous
1858 1778 81 57 les
1997 1778 169 59 traits
2231 1776 73 59 de
2361 1777 424 81 l'apothicaire

219 1880 199 80 jouait
453 1896 145 38 avec
635 1875 320 77 beaucoup
989 1871 480 80 d'intelligence,
1505 1867 232 81 malgré
1774 1890 104 37 son
1981 1890 115 60 peu
2133 1868 73 59 de
2240 1870 145 57 voix
2502 1870 58 58 A
2597 1871 189 79 partir

230 1970 80 58 du
372 1989 70 57 19
489 1966 158 80 juin,
703 1965 163 57 deux
915 1981 327 40 nouveaux
1291 1957 369 62 intermèdes
1710 1960 240 57 vinrent
2003 1960 340 80 remplacer
2406 1960 254 58 Tracollo
2665 2008 14 24 ,
2738 1960 49 57 le

236 2056 221 63 Chinois
491 2070 59 45 et
585 2056 59 57 la
682 2051 374 62 Bohémienne.
1094 2051 172 59 Tous
1301 2050 162 58 deux
1496 2047 325 61 réussirent
1855 2050 398 80 pleinement.
2277 2047 18 27 6

412 2149 64 58 Il
509 2145 192 60 Cinese
734 2141 353 79 rimpatriato
1092 2191 14 22 ,
1134 2139 16 28 7
1187 2163 118 58 que
1340 2141 54 58 le
1428 2141 180 58 livret
1642 2141 258 80 parisien
1942 2136 243 84 qualifie
2236 2139 73 58 de
2358 2139 427 72 Diuertimento,

228 2262 75 37 ne
354 2235 339 83 comprend
743 2235 193 80 qu'un
987 2247 130 44 acte
1167 2248 60 43 et
1277 2246 322 66 comporte
1648 2232 335 57 seulement
2029 2232 144 57 trois
2207 2251 403 59 personnages
2640 2254 14 46 ;
2705 2232 81 57 les

228 2332 159 58 deux
423 2350 188 39 sœurs
659 2326 248 59 Tonelli
947 2324 280 80 jouaient
1276 2323 511 80 respectivement
1827 2323 83 57 les
1944 2323 151 57 rôles
2141 2319 292 83 d'Argèse
2469 2336 58 43 et
2563 2320 222 82 d'Aglé

227 2436 58 46 et
354 2418 263 61 Manelli
698 2417 189 58 tenait
952 2416 160 58 celui
1178 2413 74 59 de
1318 2414 273 58 Vessore.
1661 2413 165 59 C'est
1895 2435 77 35 un
2039 2412 218 80 simple
2330 2412 454 80 marivaudage,

227 2526 169 45 entre
444 2511 55 57 le
539 2510 187 78 jeune
777 2507 254 57 Vessore
1082 2503 72 59 de
1205 2519 207 43 retour
1460 2501 32 60 à
1545 2501 217 72 Pékin,
1798 2501 170 82 après
2019 2524 79 35 un
2138 2524 232 58 voyage
2405 2524 72 35 en
2516 2502 269 81 Europe,

228 2618 59 43 et
320 2604 56 57 la
410 2601 154 59 belle
600 2596 251 83 Argèse,
887 2595 32 59 à
957 2595 262 81 laquelle
1256 2596 254 56 Vessore
1547 2594 163 81 parle
1750 2594 54 57 le
1854 2594 256 78 langage
2161 2592 363 71 occidental,
2577 2614 72 37 en
2700 2594 86 57 lui

230 2694 223 60 offrant
489 2691 72 57 de
595 2691 55 57 la
692 2688 234 82 poudre
960 2685 30 60 à
1026 2688 54 57 la
1115 2684 344 59 maréchale
1495 2700 58 43 et
1588 2684 73 58 de
1694 2685 155 57 l'eau
1887 2684 71 58 de
1994 2698 287 44 senteurs.

411 2783 211 58 Ecrite
680 2801 107 59 par
846 2779 317 79 Giuseppe
1224 2775 203 59 Selleti
1455 2773 17 26 8
1478 2822 14 24 ,
1558 2776 53 56 là
1669 2775 284 79 musique
2019 2771 316 83 témoigne
2394 2771 72 59 de
2533 2774 254 79 grandes

345 2990 12 23 1
381 2990 58 37 La
461 2987 194 54 partition
679 2986 141 48 gravée
842 2986 21 36 à
887 2983 110 39 Paris
1018 2996 38 24 se
1079 2991 141 29 trouve
1241 2983 21 37 à
1285 2980 36 40 la
1344 2980 88 40 Bib.
1457 2981 55 38 du
1545 2980 304 40 Conservatoire
1876 2998 7 20 :
1920 2977 187 50 Tracollo,
2130 2980 225 47 Intermède,
2380 2980 55 37 En
2465 2980 103 38 deux
2599 2989 97 31 actes
2716 2982 77 38 Del

228 3049 136 51 Signor
397 3044 203 52 Tergolesi,
626 3046 220 49 Représenté
862 3050 81 43 par
973 3039 243 40 VAcadémie
1246 3040 137 47 Royale
1415 3040 45 38 de
1493 3038 198 53 (Musique
1721 3053 44 24 en
1799 3039 117 51 (May
1954 3051 120 37 1753,
2098 3037 129 39 Dédié
2250 3040 26 35 à
2307 3039 34 37 S.
2375 3039 45 36 A.
2445 3039 35 37 S.
2507 3039 211 38 (Madame
2748 3041 44 37 la

228 3109 186 39 Duchesse
435 3104 225 38 d'Orléans.
684 3103 99 36 Aux
804 3100 170 38 adresses
995 3099 131 38 ordin.
1150 3098 42 38 in
1226 3115 25 32 4
1254 3100 14 23 0
1300 3096 80 40 obi.
1405 3100 65 36 On
1503 3110 254 39 remarquera
1790 3110 77 38 que
1898 3095 35 40 le
1966 3096 91 39 titre
2090 3097 100 37 n'est
2221 3110 69 39 pas
2318 3096 207 51 identique
2557 3098 21 37 à
2611 3096 102 40 celui
2736 3098 53 38 du

229 3166 128 40 livret.
381 3160 293 55 L'exemplaire
696 3168 113 45 porte
831 3157 38 39 la
890 3159 205 48 signature
1118 3157 48 37 de
1190 3156 165 38 Cosimi.

346 3240 14 22 2
384 3220 142 40 Publié
549 3220 98 37 dans
670 3216 52 40 les
746 3216 144 39 Gloires
912 3215 177 47 d'ltalie,
1114 3219 43 33 n°
1184 3219 62 34 18.

346 3292 14 23 3
385 3277 142 42 Publié
550 3278 98 38 dans
670 3275 36 39 la
729 3277 179 39 Cronaca
930 3274 181 38 musicale
1132 3273 48 38 de
1204 3274 143 37 Pesaro
1374 3272 190 52 (janvier,
1594 3272 139 51 1910).

348 3344 13 22 *
386 3338 214 45 (Mercure,
621 3335 91 51 juin
741 3347 120 36 1753,
886 3347 37 39 p.
953 3345 93 38 157.

346 3396 14 22 5
382 3396 100 38 Voir
505 3392 236 47 Radiciotti,
764 3393 83 37 Loc.
872 3390 75 48 cit.,
972 3404 66 40 pp.
1069 3392 77 37 106
1169 3398 37 29 et
1229 3389 98 38 suiv.
1352 3397 36 30 et
1411 3386 37 41 la
1470 3387 211 40 deuxième
1702 3387 128 54 partie
1851 3387 49 38 de
1923 3396 100 29 cette
2046 3387 131 38 étude.

347 3454 15 23 6
385 3455 214 45 (Mercure,
619 3448 133 54 juillet
780 3463 120 37 1753,
924 3463 38 39 p.
992 3462 91 34 17°.

347 3512 13 23 7
382 3514 41 37 II
442 3511 130 42 Cinese
593 3508 256 53 rimpatriato,
873 3506 289 40 Tïivertimento
1184 3504 147 50 scenico,
1358 3507 73 36 Da
1453 3502 266 54 representarsi
1741 3502 39 39 in
1802 3502 139 51 Parigi
1963 3503 64 38 nel
2050 3503 136 39 Teatro
2208 3503 99 39 delV
2330 3504 142 50 Opéra,
2503 3504 139 39 Vanno
2670 3519 120 37 1753.

231 3573 122 47 Paris,
378 3568 222 49 Delormel,
630 3581 120 37 1753.
778 3565 106 52 (Bib.
909 3574 80 29 nat.
1015 3565 97 38 Yth.
1141 3564 172 49 50148).
1338 3564 142 51 Durey
1501 3563 47 38 de
1573 3560 218 49 Noinville,
1815 3575 66 40 pp.
1909 3576 94 34 301,
2027 3576 93 34 303.

346 3629 14 23 8
385 3627 131 42 Selleti
538 3642 54 25 ou
616 3624 142 41 Sellitu
780 3625 116 38 serait
918 3626 48 36 né
988 3625 21 37 à
1034 3624 130 38 Rome
1186 3635 84 25 vers
1297 3635 120 35 1720,
1441 3622 155 51 d'après
1619 3620 117 47 Fétis,
1761 3620 99 38 mais
1883 3634 55 23 un
1962 3634 71 24 ms.
2058 3620 47 38 de
2128 3618 36 40 la
2188 3618 88 41 Bib.
2300 3620 48 38 de
2375 3620 156 39 Vienne
2563 3618 35 40 le
2631 3620 161 53 qualifie
