2857 3980
820 218 169 69 LES
1054 218 240 69 SONS
1361 199 620 92 INFÉRIEURS

2574 253 92 68 37

289 1372 440 82 L'impression
772 1371 282 84 générale
1110 1376 105 79 qui
1268 1397 59 38 se
1374 1374 232 82 dégage
1649 1376 73 60 de
1757 1393 96 44 cet
1887 1379 307 59 ensemble
2230 1380 330 61 admirable
2597 1383 71 59 de

106 1482 155 53 sons,
298 1478 87 43 est
435 1464 149 57 celle
635 1463 146 59 d'un
839 1480 164 45 vaste
1061 1465 223 60 accord
1342 1465 73 60 de
1467 1466 278 60 neuvième
1806 1469 355 81 harmonique
2203 1471 66 58 de
2315 1471 307 61 dominante
2654 1498 10 36 :

106 1549 149 76 mii>,
292 1553 107 72 sol,
444 1554 46 57 si
510 1552 42 73 t»,
606 1550 128 76 rél>,
783 1554 80 71 fa,
913 1557 105 78 qui
1054 1577 235 61 occupe
1323 1557 56 58 la
1423 1578 19 37 i
1456 1559 52 20 ere
1540 1557 217 61 moitié
1794 1558 73 58 de
1903 1576 158 44 cette
2096 1559 252 62 échelle.

289 1644 179 59 Nous
496 1647 247 58 n'avons
776 1668 82 59 pu
896 1645 597 63 malheureusement
1529 1652 324 57 continuer
1888 1649 31 60 à
1954 1653 248 59 inscrire
2229 1656 81 57 les
2335 1654 334 61 vibrations

106 1732 101 60 des
241 1733 243 60 cloches
519 1734 71 60 de
630 1738 426 79 Montpellier,
1094 1739 152 58 mais
1281 1760 153 38 nous
1468 1760 184 38 avons
1693 1739 183 82 opéré
1926 1764 146 36 avec
2123 1743 99 59 M.
2264 1745 254 72 Massol,
2569 1767 100 39 sur

105 1822 262 61 d'autres
402 1826 263 75 cloches,
702 1849 196 59 gongs
931 1842 58 45 et
1041 1842 286 46 tamtams
1376 1828 73 60 de
1500 1830 282 59 moindre
1831 1833 385 79 importance
2246 1860 13 47 ;
2315 1836 203 58 même
2569 1859 99 37 sur

106 1913 102 60 des
242 1916 287 80 triangles
564 1931 58 45 et
658 1939 100 38 sur
792 1940 118 37 une
945 1916 353 62 fourchette
1331 1943 11 36 :
1383 1941 151 38 nous
1568 1943 186 38 avons
1789 1924 273 78 toujours
2096 1924 228 59 obtenu
2354 1926 99 59 des
2480 1925 156 61 résul-

106 2020 115 45 tats
255 2005 72 58 de
363 2006 204 60 même
603 2009 196 71 ordre,
837 2010 274 80 quoique
1147 2032 146 38 avec
1328 2010 100 60 des
1463 2011 211 60 modes
1709 2011 315 62 différents
2050 2014 72 59 de
2155 2015 326 61 vibration.

277 2098 72 78 Je
397 2096 95 60 fus
542 2098 118 61 très
711 2100 278 60 heureux
1039 2100 72 59 de
1162 2105 480 79 communiquer
1691 2126 96 38 ces
1837 2126 19 38 i
1870 2119 50 22 res
1957 2105 391 82 expériences
2382 2106 168 61 àM.
2592 2110 70 60 C.

104 2188 402 59 Saint-Saëns.
547 2190 97 59 De
678 2212 58 38 sa
772 2189 275 84 réponse,
1084 2192 172 59 datée
1293 2193 78 58 du
1418 2214 74 39 10
1517 2194 205 80 juillet
1769 2217 185 60 1903,
1982 2197 272 80 j'extrais
2287 2199 83 57 les
2391 2221 273 59 passages

100 2279 268 57 suivants
400 2301 11 37 :
613 2282 120 58 suis
767 2280 140 60 bien
943 2298 252 45 content
1232 2283 72 58 de
1337 2286 135 57 voir
1506 2306 121 60 que
1661 2284 405 82 l'expérience
2100 2284 295 63 confirme
2429 2310 68 38 ce
2544 2311 119 58 que

91 2368 215 81 j'avais
358 2368 239 76 trouvé,
649 2372 214 60 moitié
914 2395 108 59 par
1058 2374 407 73 observation,
1512 2374 217 61 moitié
1764 2399 108 59 par
1906 2380 315 58 intuition.
2262 2378 400 61 Assurément

101 2474 136 45 tout
260 2475 86 44 est
368 2461 334 61 vibrations
725 2479 58 43 et
806 2465 54 58 la
881 2463 219 82 pensée
1126 2467 349 57 elle-même
1500 2466 148 60 n'est
1672 2468 441 59 certainement
2135 2491 102 60 pas
2263 2485 169 44 autre
2456 2470 203 61 chose.

94 2551 72 79 Je
202 2552 156 57 crois
393 2574 119 60 que
546 2554 82 58 les
663 2568 171 45 notes
871 2556 128 80 qui,
1035 2555 231 82 d'après
1300 2557 81 59 les
1408 2556 395 83 expériences
1826 2559 437 61 d'Helmholtz
2286 2583 73 35 ne
2389 2560 271 60 donnent

100 2661 103 61 pas
238 2640 520 84 d'harmoniques,
797 2644 249 59 doivent
1074 2660 160 46 cette
1271 2649 301 57 anomalie
1606 2670 74 37 au
1714 2648 112 59 fait
1878 2649 245 81 qu'elles
2175 2672 75 36 ne
2302 2667 135 43 sont
2490 2651 144 59 elles-

101 2731 231 60 mêmes
367 2748 169 44 autre
571 2734 183 61 chose
791 2758 118 60 que
938 2736 99 60 des
1072 2738 458 81 harmoniques.
1564 2740 141 59 Plus
1729 2740 63 80 je
1820 2741 144 70 vais,
1989 2743 200 57 moins
2208 2743 61 77 je
2297 2743 365 80 comprends

104 2822 481 81 qu'Helmholtz
619 2827 83 57 ait
739 2848 81 59 pu
857 2827 127 58 dire
1020 2849 120 59 que
1174 2830 82 58 les
1282 2828 319 82 diapasons
1628 2832 174 57 n'ont
1836 2852 106 60 pas
1968 2830 521 83 d'harmoniques.
2521 2834 139 78 J'en

103 2913 251 60 entends
390 2914 429 80 parfaitement
854 2938 130 40 sans
1017 2921 55 57 le
1107 2941 241 38 secours
1383 2921 264 58 d'aucun
1682 2919 348 61 résonateur
2063 2922 11 60 !
2113 2923 116 59 Les
2269 2938 234 45 savants
2552 2938 108 45 ont

101 3002 226 84 parfois
377 3003 343 84 d'étranges
769 3007 392 62 aberrations.
1214 3011 362 59 Avez-vous
1628 3011 340 82 remarqué,
2023 3013 242 82 lorsque
2331 3013 54 57 le
2437 3012 222 61 timbre

101 3095 181 59 d'une
316 3096 264 81 pendule
614 3119 209 50 sonne,
866 3100 273 61 donnant
1188 3102 618 60 incontestablement
1855 3105 299 80 plusieurs
2202 3103 457 82 harmoniques,

117 3208 102 36 une
387 3186 141 58 lente
734 3187 111 60 ondulation
846 3191 94 80 qui
941 3211 69 38 se
1011 3191 240 81 produit
2481 3192 143 59 dans
1663 3196 18 56 ?
1719 3195 182 58 Cette
1936 3194 381 75 ondulation,
2343 3194 71 59 de
2441 3195 219 58 l'ordre

101 3276 73 59 de
211 3277 175 58 celles
420 3277 149 59 dont
604 3300 151 38 vous
790 3302 100 36 me
924 3283 205 78 parlez
1284 3283 72 58 de
1403 3304 17 37 1
1467 3281 31 60 à
1544 3284 72 58 16
1653 3305 107 60 par
1796 3285 256 58 seconde
2215 3286 120 57 m'a
2387 3286 273 79 toujours

101 3365 226 61 semblé
364 3368 211 59 devoir
609 3370 126 59 être
771 3373 54 57 la
857 3370 477 76 fondamentale,
1360 3389 58 43 et
1455 3397 67 35 ce
1557 3397 120 58 que
1714 3397 150 38 vous
1897 3398 99 36 me
2033 3376 152 59 dites
2212 3375 193 83 paraît
2432 3376 53 58 le
2514 3398 111 37 con-

100 3455 225 62 firmer.

481 3550 112 58 Les
769 3548 135 82 diapasons.
905 3554 127 59 Cette
1033 3556 246 57 nouvelle
1314 3554 456 61 manifestation
1807 3557 72 58 de
1915 3558 352 57 conviction
2305 3556 80 59 du
2419 3556 240 74 maître,

103 3661 97 37 me
237 3638 202 60 donna
473 3641 54 57 le
564 3662 264 61 courage
863 3643 73 59 de
971 3665 98 37 me
1105 3646 204 57 lancer
1343 3666 98 38 sur
1475 3647 160 58 l'une
1672 3647 101 58 des
1806 3646 344 61 forteresses
2182 3669 229 59 —que
2436 3647 224 81 jusque

403 3798 25 20 J
496 3792 14 23 f
510 3799 17 19 J
677 3792 10 9 *
1526 3808 11 10 A
