2857 3980
775 230 173 71 LES
1014 227 241 72 SONS
1319 207 632 89 INFÉRIEURS

2542 240 95 70 39

78 384 100 58 des
212 381 298 60 branches
560 381 80 59 du
692 381 312 82 diapason,
1057 379 107 80 qui
1217 397 74 36 ne
1350 374 353 81 permettait
1761 393 104 60 pas
1913 373 56 57 la
2026 367 455 63 manifestation
2542 366 101 60 des

69 473 250 81 grandes
352 472 333 82 amplitudes
720 493 120 60 que
875 472 51 72 je
974 466 336 63 cherchais.
1366 465 177 57 Nous
1594 464 207 57 eûmes
1849 483 243 37 recours
2142 483 30 37 a
2222 482 81 37 un
2354 459 285 81 diapason

78 564 86 59 sol
169 610 23 23 0
226 563 73 58 de
334 563 82 77 48
456 563 111 58 v-d
605 586 11 35 :
657 564 42 56 il
734 562 136 59 n'en
905 559 95 60 fut
1035 580 105 60 pas
1175 558 72 57 de
1283 555 225 72 même,
1543 555 84 56 les
1661 552 298 59 branches
1993 550 168 60 étant
2196 552 133 80 plus
2364 550 275 79 longues,

80 652 550 84 conséquemment
666 653 137 80 plus
836 652 260 80 souples,
1133 649 83 58 les
1251 646 254 81 grandes
1540 643 369 81 amplitudes
1960 663 151 37 nous
2159 640 416 60 conduisirent
2610 660 31 36 a

79 746 318 80 employer
431 766 118 36 une
585 742 100 60 des
719 743 245 59 vitesses
999 741 81 57 du
1109 733 472 84 chronographe
1608 734 391 79 inscripteur,
2022 732 107 57 dix
2156 729 113 60 fois
2296 731 134 80 plus
2456 731 182 70 lente,

79 858 159 59 pour
271 836 213 57 mieux
520 850 360 43 concentrer
913 834 55 57 la
1002 828 348 84 graphique
1385 826 100 58 des
1521 823 273 60 courbes.
1825 823 441 80 L'experience
2293 836 94 43 rut
2416 822 179 56 immé-

80 925 339 60 diatement
479 926 382 57 concluante.
927 924 163 57 Pour
1140 939 153 39 nous
1344 914 373 83 rapprocher
1768 914 71 58 de
1889 911 279 60 l'échelle
2218 911 256 81 adoptée
2534 930 105 60 par

82 1016 289 72 Chladni,
409 1018 99 57 M.
550 1016 234 58 Massol
832 1010 67 62 fit
952 1010 336 61 construire
1339 1029 71 37 en
1474 1025 167 57 1904
1692 1025 80 37 un
1809 1004 284 81 diapason
2130 1018 66 43 ut
2202 1049 23 23 G
2230 1052 14 23 ,
2281 1001 71 59 de
2396 1020 74 60 32
2509 999 130 72 v-d,

82 1108 149 58 dont
282 1109 82 56 les
413 1105 296 60 branches
759 1117 309 45 mesurent
1120 1119 80 61 45
1255 1095 391 62 centimètres
1697 1095 72 59 de
1820 1096 322 79 longueur.
2197 1094 116 58 Les
2366 1091 275 57 résultats

80 1197 205 59 furent
323 1197 420 59 merveilleux.
783 1195 177 58 Nous
996 1190 443 82 multipliâmes
1474 1189 54 57 le
1556 1185 258 60 nombre
1841 1201 57 41 et
1933 1187 55 55 la
2015 1184 281 57 diversité
2328 1182 99 58 des
2455 1202 150 58 expé-

82 1289 231 59 riences
348 1287 31 60 à
413 1288 193 81 partir
640 1286 72 58 de
739 1286 251 80 Janvier
1035 1301 162 61 1905
1237 1305 13 47 ;
1289 1302 68 37 ce
1392 1278 93 58 fut
1522 1300 68 36 ce
1626 1277 287 81 diapason
1956 1289 65 44 ut
2027 1321 23 23 0
2086 1295 116 59 que
2253 1292 151 38 nous
2454 1270 151 79 adop-

83 1381 190 57 tâmes
309 1378 180 59 d'une
524 1376 269 60 manière
835 1377 133 80 plus
1021 1371 281 84 spéciale,
1354 1367 117 62 afin
1526 1368 133 59 d'en
1714 1367 241 58 obtenir
2008 1366 99 57 des
2163 1364 272 58 résultats
2488 1359 153 59 aussi

83 1470 302 81 complets
421 1490 119 60 que
578 1467 259 83 possible
874 1488 71 36 en
981 1485 117 37 vue
1134 1462 73 60 de
1241 1463 131 58 leur
1405 1458 405 83 publication.

267 1560 169 58 Dans
470 1580 97 38 ces
601 1556 330 84 premières
966 1554 393 82 expériences
1387 1571 151 38 nous
1565 1570 184 38 avons
1778 1549 230 58 obtenu
2036 1566 145 38 avec
2210 1566 67 36 ce
2305 1543 289 80 diapason
2627 1561 11 37 :

96 1672 72 39 10
205 1650 438 80 harmoniques
678 1646 342 71 inférieurs,
1057 1643 368 60 descendant
1461 1640 554 83 progressivement
2050 1635 72 58 de
2164 1655 75 60 32
2279 1632 30 59 à
2360 1653 33 39 2
2445 1631 166 59 vibra-

85 1744 179 70 tions,
303 1756 96 44 ut-
403 1789 23 31 +
456 1766 14 47 ;
507 1754 60 43 et
606 1759 78 40 22
722 1739 440 79 harmoniques
1197 1731 363 84 supérieurs,
1595 1731 185 58 allant
1804 1726 242 83 jusqu'à
2082 1724 60 62 ré
2150 1763 19 33 6
2205 1724 72 59 de
2309 1743 170 58 2240
2515 1720 128 60 v-d.

207 1834 169 59 Dans
423 1833 56 57 la
535 1851 28 59 3
571 1842 17 21 e
621 1832 192 81 partie
864 1829 72 57 de
987 1842 160 44 cette
1197 1824 181 60 étude
1429 1823 365 80 historique,
1844 1842 77 37 on
1973 1834 282 43 trouvera
2302 1818 54 56 le
2407 1813 237 59 tableau

84 1924 273 80 complet
391 1921 32 59 à
458 1944 67 36 ce
550 1922 145 79 jour
728 1919 100 59 des
873 1918 440 79 harmoniques
1363 1910 230 63 donnés
1644 1933 105 60 par
1799 1932 67 37 ce
1917 1909 308 80 diapason,
2262 1928 74 37 au
2388 1902 256 61 nombre

87 2015 72 58 de
190 2013 82 79 64
304 2035 11 37 :
360 2012 76 61 28
470 2011 320 61 inférieurs
823 2025 60 44 et
925 2011 76 79 36
1039 2006 361 84 supérieurs,
1435 1999 418 85 accompagné
1904 1999 315 60 d'extraits
2269 1997 72 58 de
2392 1993 255 61 courbes

85 2120 60 43 et
181 2105 72 58 de
289 2105 294 80 quelques
618 2102 405 82 explications
1058 2097 437 60 intéressantes.

275 2194 250 61 Théories
555 2205 56 47 et
638 2191 359 83 expériences.
1038 2192 179 56 Cette
1253 2187 281 60 nouvelle
1569 2185 258 58 victoire
1849 2204 101 38 sur
1975 2184 81 55 les
2082 2180 263 59 théories
2368 2177 276 67 admises,

85 2286 223 59 laissait
344 2284 342 82 cependant
720 2303 220 38 encore
977 2303 80 37 un
1095 2281 177 80 point
1301 2278 220 58 obscur
1543 2275 73 58 de
1640 2278 54 55 la
1721 2272 238 60 théorie
1988 2293 118 59 que
2134 2270 208 80 j'avais
2370 2264 274 62 élaborée

85 2398 101 38 sur
217 2378 56 57 la
551 2377 78 58 loi
645 2375 266 82 générale
1331 2374 66 58 de
1527 2371 298 61 vibration.
1133 2371 173 59 Avec
1345 2369 98 58 M.
1484 2368 71 58 C.
1594 2366 385 60 Saint-Saëns
2013 2383 153 38 nous
2191 2361 208 57 avions
2427 2377 217 59 conçu,

88 2490 246 38 comme
390 2468 177 80 point
618 2467 199 58 initial
866 2464 74 59 de
988 2460 276 61 l'échelle
1315 2459 413 79 harmonique
1781 2453 328 62 inférieure
2166 2449 478 84 hypothétique,

90 2580 117 38 une
243 2573 142 44 note
416 2559 242 79 jaisant
682 2557 259 79 jonction
988 2553 66 60 de
1103 2566 212 67 tonique
1363 2565 79 57 et,
1480 2551 164 58 selon
1696 2562 171 44 toute
1926 2563 359 62 apparence,
2338 2539 243 60 vibrant
2617 2558 30 36 a

89 2671 118 37 une
418 2648 271 60 douzième
690 2661 199 45 octave
925 2645 72 58 de
1034 2645 216 81 quinte
1405 2638 353 61 au-dessous
1794 2637 80 58 du
1923 2657 107 38 son
2091 2655 18 38 1
2169 2634 180 58 classe
2402 2648 245 40 comme

101 2760 19 39 i
132 2749 35 21 re
200 2739 409 81 harmonique
640 2763 13 47 ;
685 2737 195 60 tandis
916 2758 118 58 que
1070 2736 54 56 le
1160 2733 174 82 point
1371 2731 199 58 initial
1598 2730 71 58 de
1703 2727 305 59 vibration
2042 2745 205 37 —ou
2283 2721 254 78 tonique

80 2831 63 80 je
177 2830 350 83 l'indiquais
562 2852 105 58 par
703 2829 78 59 O.
804 2827 224 80 J'avais
1063 2821 258 85 supposé
1347 2844 119 60 que
1490 2822 257 59 l'octave
1773 2820 55 57 la
1851 2819 133 80 plus
2009 2836 182 61 grave
2218 2813 143 59 dans
2388 2810 260 81 laquelle

90 2937 159 44 cette
282 2920 140 60 série
452 2921 68 59 de
551 2919 239 81 toniques
826 2918 254 81 pouvait
1115 2915 221 70 vibrer,
1372 2914 178 58 serait
1584 2911 305 80 comprise
1937 2923 170 43 entre
2154 2905 146 58 l'ut-
2307 2949 16 36 5
2375 2916 59 45 et
2483 2902 19 56 1
2526 2915 97 43 ut-
2625 2944 26 35 +

90 3034 53 39 c.
181 3012 49 59 à.
271 3012 54 59 d.
364 3010 73 60 de
483 3032 18 38 1
548 3009 31 60 à
619 3031 32 39 2
689 3009 336 58 vibrations
1059 3005 32 60 à
1126 3006 53 58 la
1213 3003 278 61 seconde.

277 3103 111 71 Or,
417 3102 143 58 dans
586 3102 82 58 les
695 3098 274 61 résultats
992 3098 101 58 des
1127 3094 391 84 expériences
1545 3088 424 65 mentionnées
1995 3089 56 80 çi
2081 3088 219 67 dessus,
2328 3084 55 57 la

92 3192 355 81 harmonique
499 3192 101 58 des
659 3210 75 59 32
792 3210 137 39 sons
964 3188 238 59 inscrits
1237 3187 233 79 assigne
1504 3205 75 36 au
1616 3182 134 81 plus
1787 3201 201 61 grave,
2026 3192 98 44 ut-
2126 3224 26 34 4
2185 3175 71 59 de
2296 3194 33 40 2
2336 3177 20 19 T
2363 3222 15 23 ,
2412 3174 55 56 le
2502 3191 148 59 rang

93 3285 74 59 de
206 3285 34 57 6
245 3291 17 20 e
294 3282 129 60 har.
460 3297 60 45 et
554 3304 75 37 au
665 3302 105 39 son
805 3278 435 83 prédominant
1277 3290 66 44 ut
1348 3324 24 23 Q
1405 3274 159 59 celui
1599 3272 73 60 de
1702 3272 81 79 96
1787 3274 18 21 e
1838 3269 126 60 har.
2003 3269 89 59 La
2116 3264 295 63 véritable
2437 3259 179 60 fonda-

93 3375 265 61 mentale
546 3395 121 37 non
727 3372 246 59 inscrite
1129 3390 80 37 ou
1244 3389 106 38 son
1397 3387 18 37 1
1462 3366 74 58 de
1569 3363 251 60 l'échelle
1843 3360 264 82 générale
2112 3407 14 24 ,
2162 3371 85 46 est
2283 3377 83 37 un
2403 3356 114 56 Fa-
2523 3399 19 34 7
2578 3351 72 58 de

97 3461 49 84 '/
153 3514 15 35 3
207 3466 71 57 de
314 3465 306 58 vibration
657 3461 32 60 à
722 3462 56 58 la
811 3460 278 60 seconde.
1129 3459 169 58 Mais
1330 3459 83 57 les
1448 3469 170 45 notes
1645 3451 523 80 caractéristiques
2191 3446 74 60 de
2290 3447 19 56 1
2337 3442 216 61 accord
2577 3440 74 59 de

92 3556 247 84 septième
371 3554 240 61 mineure
643 3554 356 79 harmonique
1155 3551 105 69 Fa,
1300 3549 106 71 La,
1443 3561 88 58 ut,
1728 3579 91 8 —
1843 3542 212 60 s'etant
2084 3539 273 58 inscrites
2380 3536 106 57 ala
2514 3534 136 58 base

93 3650 75 59 de
202 3647 276 59 l'échelle
520 3643 346 72 inférieure,
905 3657 160 44 cette
1098 3638 456 61 fondamentale
1592 3638 115 57 Fa-
1711 3682 20 34 7
1766 3649 155 43 reste
1971 3653 64 38 en
2075 3628 244 78 fonction
2368 3625 66 60 de
2479 3625 138 58 domi-

118 3751 168 49 nante
291 3752 60 44 et
385 3758 121 37 non
544 3735 72 59 de
652 3735 274 79 tonique.
