2857 3980
770 191 170 102 J.-J.
1009 186 528 71 ROUSSEAU
1606 186 63 66 A
1738 181 297 69 PASSY

2589 203 86 44 11

125 351 199 42 mettre
355 358 66 33 en
452 337 267 73 pratique,
766 336 135 52 mais
945 352 108 55 que
1081 330 51 55 le
1161 329 217 55 chemin
1424 348 107 54 que
1578 327 48 52 la
1670 346 117 33 race
1835 327 257 52 humaine
2121 346 28 31 a
2178 323 94 56 fait
2317 325 48 54 la
2409 338 111 41 met
2563 327 127 52 hors

122 417 167 54 d'état
318 417 68 52 de
416 416 113 52 s'en
560 432 235 53 occuper
826 412 101 53 elle
954 431 29 33 a
1014 409 180 54 dit-on
1238 405 197 74 mangé
1480 405 73 54 du
1600 403 167 75 gland
1811 402 37 53 il
1890 402 97 73 luy
2028 400 116 55 faut
2186 402 372 74 aujourd'huy
2596 404 94 52 des

122 494 230 74 aloyaux
381 493 28 53 à
437 492 50 53 la
515 492 179 53 braize
725 503 55 41 et
809 489 95 54 des
934 507 183 53 carpes
1146 487 26 52 à
1203 484 49 53 la
1282 482 334 67 Chambord,
1649 480 101 54 elle
1782 499 28 33 a
1840 480 84 52 été
1969 499 128 33 sous
2140 480 94 54 des
2277 482 223 52 cabanes
2530 480 36 54 il
2595 480 96 74 luy

123 570 117 55 faut
271 570 95 54 des
396 568 164 75 palais
592 568 36 52 il
650 568 98 72 luy
772 564 119 55 faut
908 565 97 54 des
1025 560 348 75 superfluités
1393 560 66 52 de
1482 570 155 41 toute
1659 556 190 73 espèce
1871 569 51 41 et
1942 569 126 41 tous
2097 556 76 53 les
2197 577 228 53 moyens
2455 578 140 51 pour
2624 577 65 33 en

125 649 244 74 acquérir
398 658 125 42 sont
551 645 249 55 devenus
819 644 140 52 bons
990 654 50 41 et
1072 639 277 67 familiers,
1382 658 64 32 en
1480 649 81 41 cet
1592 637 108 52 état
1731 654 107 54 que
1871 648 243 58 peuvent
2143 635 227 54 devenir
2387 634 96 55 des
2503 633 188 56 enfans

126 727 94 73 qui
266 746 67 31 ne
365 724 237 53 naissent
633 742 106 55 que
771 722 76 52 du
877 719 181 74 plaisir
1087 717 96 54 des
1212 717 156 72 pères
1399 725 53 41 et
1482 733 108 53 que
1619 711 77 54 les
1729 711 175 53 mères
1936 732 92 51 par
2059 711 315 54 bienséance
2404 724 125 41 sont
2559 713 131 52 dans

126 804 204 74 l'usage
360 821 158 34 receu
549 799 410 55 d'abandonner
987 797 28 52 à
1043 795 49 52 la
1123 793 265 75 première
1420 789 203 55 femme
1654 789 67 53 de
1752 808 297 53 campagne
2072 790 166 73 qu'on
2266 789 95 74 luy
2383 789 227 55 ameine.

280 880 35 54 il
346 878 114 56 faut
482 879 58 74 je
569 879 137 52 crois
738 896 107 54 que
874 875 50 52 la
951 873 315 54 révolution
1299 869 265 53 naturelle
1595 868 96 53 des
1720 869 192 51 choses
1943 887 140 33 nous
2115 873 136 47 tasse
2281 888 240 51 repasser
2557 868 133 53 dans

126 971 157 41 notre
313 958 235 73 premier
577 955 109 54 état
717 955 67 51 de
813 951 259 67 barbarie,
1103 949 139 53 alors
1273 968 70 32 on
1378 965 139 35 nous
1548 945 270 67 écoutera,
1862 964 72 32 on
1979 944 199 53 sentira
2219 944 218 53 l'utilité
2481 944 67 53 de
2592 964 98 33 nos

125 1037 183 67 leçons
337 1049 53 40 et
419 1047 158 42 votre
605 1034 139 52 livre
774 1030 297 54 deviendra
1099 1025 366 55 l'instruction
1496 1021 273 75 généralle
1801 1042 141 52 pour
1971 1021 78 52 les
2081 1021 152 73 pères
2277 1035 52 40 et
2378 1023 75 52 les
2497 1024 191 52 mères.

281 1113 38 53 il
347 1110 160 56 feroit
536 1111 125 53 bien
691 1109 48 53 la
770 1109 220 52 mienne
1019 1104 354 76 aujourdhuy
1402 1103 42 52 si
1480 1100 212 75 j'estois
1724 1099 133 53 dans
1889 1118 56 34 ce
1975 1118 100 48 cas,
2110 1099 132 52 mais
2272 1100 129 52 dieu
2430 1120 183 54 mercy
2633 1099 58 75 je

129 1193 123 73 n'ay
280 1191 155 73 point
464 1189 28 55 à
521 1208 88 33 me
639 1185 131 55 faire
799 1185 78 53 les
908 1184 287 72 reproches
1225 1200 107 55 que
1354 1180 57 74 je
1442 1176 96 56 fais
1567 1198 106 33 aux
1711 1189 202 41 autres.

272 1269 57 74 je
371 1287 142 35 vous
557 1263 318 55 renouvelle
918 1282 116 33 mes
1077 1259 417 54 remerciemens
1536 1268 54 42 et
1632 1255 112 53 suis
1787 1254 69 53 de
1900 1266 122 41 tout
2055 1274 130 33 mon
2215 1273 150 34 cœur
2397 1255 294 52 Monsieur

126 1360 157 41 votre
313 1345 108 55 très
451 1343 226 54 humble
706 1354 55 41 et
790 1341 107 54 très
927 1339 271 54 obéissant
1230 1336 271 54 serviteur

313 1816 114 57 Par
454 1828 204 44 retour
687 1811 82 57 du
794 1810 272 60 courrier
1085 1807 54 80 J.
1165 1809 56 77 J.
1256 1807 311 58 Rousseau
1603 1804 217 58 envoie
1856 1802 54 58 la
1938 1800 254 84 réponse
2221 1802 154 80 qu'il
2403 1804 290 56 convient

130 1908 72 58 de
236 1904 354 83 reproduire
625 1903 83 57 ici
743 1923 10 37 :

1788 1994 437 71 Montmorency
2260 1997 24 49 8
2310 1992 122 75 juin
2474 1994 140 69 1762

285 2122 150 68 Non,
470 2120 315 66 Monsieur,
817 2117 76 54 les
922 2116 167 53 livres
1120 2135 68 33 ne
1217 2115 274 72 corrigent
1523 2131 95 55 pas
1649 2112 76 52 les
1757 2112 273 66 hommes,
2051 2110 59 73 je
2148 2110 49 52 le
2237 2110 100 52 sais
2368 2110 123 53 bien
2521 2133 13 44 ;
2564 2110 132 53 dans

127 2202 151 55 l'état
306 2201 75 53 où
412 2199 63 53 ils
507 2210 142 56 sont,
681 2196 77 53 les
790 2195 245 53 mauvais
1065 2194 77 52 les
1174 2192 310 54 rendraient
1514 2191 159 72 pires,
1713 2190 111 53 s'ils
1870 2190 298 71 pouvaient
2210 2187 169 69 l'être,
2423 2207 121 34 sans
2587 2207 108 55 que

126 2281 77 53 les
247 2280 137 52 bons
426 2277 77 54 les
546 2275 308 54 rendissent
898 2271 294 55 meilleurs.
1223 2270 167 53 Aussi
1435 2290 68 32 ne
1547 2270 145 52 m'en
1736 2267 308 74 imposai-je
2088 2267 156 71 point
2286 2285 66 33 en
2384 2279 231 59 prenant
2643 2266 50 53 la

127 2357 189 75 plume
346 2375 92 33 sur
466 2352 278 55 l'inutilité
775 2351 67 53 de
866 2370 115 33 mes
1001 2350 174 66 écrits,
1202 2347 133 54 mais
1357 2347 94 74 j'ai
1475 2342 225 57 satisfait
1725 2365 128 32 mon
1879 2364 149 33 cœur
2053 2364 64 31 en
2145 2342 229 53 rendant
2399 2343 291 73 hommage

127 2436 29 53 à
184 2435 50 53 la
261 2432 190 56 vérité.
485 2431 88 53 En
605 2430 209 73 parlant
844 2448 102 33 aux
978 2428 252 53 hommes
1260 2445 141 52 pour
1429 2423 121 54 leur
1578 2423 114 54 vrai
1722 2422 145 67 bien,
1900 2441 65 33 en
1997 2420 232 54 rendant
2258 2420 172 73 gloire
2459 2420 28 53 à
2525 2421 168 67 Dieu,

130 2534 67 33 en
226 2511 277 55 arrachant
526 2529 107 33 aux
654 2506 257 76 préjugés
941 2505 78 53 du
1047 2506 118 52 vice
1194 2502 272 53 l'autorité
1496 2502 68 53 de
1594 2501 48 52 la
1672 2501 196 67 raison,
1891 2498 57 75 je
1979 2517 88 33 me
2096 2498 112 52 suis
2239 2498 102 51 mis
2371 2517 68 33 en
2469 2497 126 69 état,
2628 2519 66 31 en

130 2591 237 75 quittant
396 2588 49 53 la
474 2588 105 68 vie,
611 2586 69 55 de
709 2585 197 53 rendre
934 2583 28 54 à
990 2583 236 52 l'auteur
1255 2582 67 52 de
1353 2601 132 32 mon
1515 2582 113 51 être
1658 2591 218 60 compte
1920 2577 94 53 des
2059 2576 195 53 talents
2298 2576 136 73 qu'il
2478 2576 217 53 m'avait

130 2669 217 54 confiés.
379 2665 176 68 Voilà,
590 2663 316 66 Monsieur,
935 2672 126 42 tout
1089 2680 58 33 ce
1176 2679 108 54 que
1306 2658 57 74 je
1395 2657 231 74 pouvais
1656 2655 130 54 faire
1814 2677 14 46 ;
1858 2656 116 52 rien
2004 2655 69 53 de
2102 2653 122 73 plus
2256 2653 84 54 n'a
2369 2652 258 74 dépendu
2669 2653 26 52 à

130 2746 129 53 moi.
305 2745 98 52 Du
450 2755 141 41 reste
624 2741 98 75 j'ai
766 2740 91 52 fini
899 2759 88 33 ma
1029 2750 188 40 courte
1259 2737 171 66 tâche,
1467 2735 57 73 je
1566 2735 103 52 n'ai
1712 2733 125 74 plus
1880 2732 115 52 rien
2037 2731 28 54 à
2108 2731 116 53 dire
2266 2742 52 41 et
2354 2729 58 75 je
2454 2750 88 33 me
2577 2731 116 52 tais.

131 2823 295 65 Heureux,
460 2820 315 67 Monsieur,
807 2818 42 52 si
880 2817 211 52 bientôt
1122 2813 183 55 oublié
1336 2813 96 54 des
1462 2815 251 50 hommes
1758 2822 52 42 et
1853 2809 179 54 rentré
2077 2808 133 54 dans
2252 2807 314 53 l'obscurité
2601 2808 95 73 qui

130 2923 89 33 me
261 2901 274 67 convient,
570 2898 58 74 je
671 2915 261 35 conserve
976 2914 194 33 encore
1213 2891 240 76 quelque
1496 2889 148 74 place
1687 2889 134 54 dans
1865 2900 158 42 votre
2069 2887 193 53 estime
2293 2898 53 41 et
2375 2886 133 53 dans
2538 2901 157 38 votre

132 2978 277 56 souvenir.

313 3099 90 57 La
437 3096 136 59 date
609 3094 73 58 de
720 3108 159 44 cette
912 3094 178 57 lettre
1125 3105 86 45 est
1240 3088 548 82 impressionnante
1821 3107 13 36 :
1875 3085 142 58 c'est
2053 3085 54 57 le
2145 3104 33 57 9
2208 3083 137 80 juin
2385 3083 162 80 1762
2578 3104 120 60 que

130 3192 54 57 le
222 3189 348 59 Parlement
607 3185 347 59 condamna
986 3182 186 58 Emile
1207 3179 31 60 à
1273 3182 126 55 être
1434 3177 170 59 brûlé
1640 3177 73 58 de
1748 3177 56 57 la
1839 3175 167 59 main
2042 3174 73 58 de
2150 3173 298 58 bourreau
2482 3197 13 47 ;
2549 3174 55 57 le
2662 3173 31 59 8

131 3302 75 37 au
257 3279 138 69 soir,
449 3278 298 80 quelques
794 3274 216 59 heures
1059 3292 131 39 sans
1240 3272 188 57 doute
1477 3267 170 83 après
1696 3268 54 57 la
1800 3268 199 70 lettre,
2050 3267 55 56 le
2157 3265 209 80 prince
2402 3264 72 57 de
2511 3264 187 57 Conti

130 3370 198 61 faisait
365 3368 128 59 dire
526 3366 32 59 à
596 3368 317 57 Rousseau
950 3363 150 81 qu'il
1136 3362 147 58 était
1319 3358 242 61 décrété
1598 3358 72 59 de
1698 3358 160 81 prise
1887 3357 73 58 de
1989 3376 175 61 corps
2191 3370 58 44 et
2276 3356 55 57 la
2359 3352 341 61 maréchale

132 3461 74 58 de
242 3457 447 80 Luxembourg
724 3455 368 81 l'engageait
1127 3451 31 60 à
1209 3451 122 58 fuir
1365 3471 75 38 au
1477 3451 135 80 plus
1647 3448 143 59 vite.

1401 3594 36 36 %

1336 3636 38 36 %
1466 3635 37 37 *
