2857 3980
799 398 385 97 Piano
1258 431 162 66 ou
1499 403 587 97 clavecin?

348 820 139 47 Nous
521 837 143 30 avons
691 835 113 47 reçu
831 838 75 30 ces
932 820 160 48 lettres
1119 823 56 45 de
1203 839 85 31 nos
1315 823 237 63 collègues
1579 834 46 34 et
1651 824 118 46 amis
1796 823 61 48 M
1863 827 52 20 !ne
1942 824 304 51 Landowska
2271 843 46 33 et
2346 830 77 49 M.
2462 834 35 57 J.
2528 834 118 51 Nin.
2677 838 102 49 Nos

202 905 203 47 lecteurs
444 923 60 29 ne
545 922 122 30 nous
704 922 60 29 en
807 907 237 47 voudront
1085 924 79 45 pas
1199 908 56 47 de
1283 908 268 47 considérer
1576 919 125 35 cette
1729 908 270 65 polémique
2027 928 191 32 comme
2246 917 231 48 terminée
2505 919 114 48 dans
2646 937 132 34 notre

203 1008 141 31 revue
372 989 63 48 où
463 990 64 47 les
551 990 284 47 adversaires
861 1008 61 29 ne
948 992 236 47 sauraient
1209 1009 196 45 exposer
1432 992 24 47 à
1482 992 127 48 l'aise
1637 1004 106 36 tous
1768 992 126 49 leurs
1918 1011 292 48 arguments.

2262 1124 80 48 LA
2383 1124 321 57 RÉDACTION.

634 1331 130 48 Mon
790 1332 115 47 cher
931 1331 348 63 Ecorcheville,

344 1535 58 64 Je
431 1552 60 29 ne
517 1535 87 46 sais
630 1550 146 45 pas...
819 1534 116 46 mais
977 1533 29 45 il
1047 1550 79 30 me
1165 1533 179 48 semble
1371 1552 90 44 que
1503 1534 240 63 lorsqu'on
1782 1554 25 29 a
1846 1538 235 47 vraiment
2111 1542 169 62 raison,
2310 1562 64 29 on
2402 1563 60 29 ne
2488 1547 182 63 répond
2698 1571 77 43 pas

198 1624 116 32 avec
339 1624 97 29 une
463 1604 504 49 telle....nervosité...

346 1677 238 64 Pourquoi
616 1676 144 48 Mme
788 1676 303 47 Landowska
1117 1675 359 48 s'entête-t-elle
1515 1676 27 48 à
1580 1677 113 49 faire
1721 1679 56 45 de
1816 1679 178 63 l'esprit
2032 1681 26 47 à
2096 1700 170 46 propos
2293 1685 144 51 d'une
2468 1694 216 58 question
2714 1696 61 47 où

200 1750 351 61 l'observation,
582 1749 43 47 la
652 1747 166 62 simple
846 1760 46 34 et
918 1764 107 47 sage
1052 1749 315 62 observation,
1395 1747 219 64 s'impose
1640 1763 142 34 avant
1809 1761 105 37 tout
1936 1751 15 47 ?
1980 1752 118 49 Cela
2119 1771 120 32 nous
2260 1775 180 47 engage
2462 1763 115 48 dans
2603 1764 43 47 la
2671 1769 104 47 voie

201 1822 80 47 des
301 1820 341 64 personnalités
661 1831 47 36 et
731 1836 118 29 nous
870 1818 184 64 éloigne
1076 1820 394 63 singulièrement
1491 1821 64 46 du
1583 1822 172 46 terrain
1778 1822 56 47 de
1862 1822 107 48 l'art
1993 1841 10 31 :
2034 1823 114 51 c'est
2175 1827 275 51 infiniment
2476 1839 297 53 regrettable.

343 1895 59 63 Je
430 1892 92 47 n'ai
548 1892 166 65 jamais
741 1891 68 45 dit
835 1907 90 46 que
953 1890 65 46 les
1044 1902 197 36 travaux
1269 1892 57 47 de
1353 1909 100 30 mes
1480 1892 348 61 prédécesseurs
1856 1895 113 48 dans
1997 1896 42 46 la
2064 1901 216 58 question
2308 1901 146 49 Piano
2479 1924 50 28 ou
2559 1909 216 49 Clavecin

201 1967 182 47 fussent
424 1966 211 45 mauvais
657 1985 13 38 ;
711 1963 54 47 ils
805 1975 108 35 sont
955 1963 284 47 insuffisants
1265 1982 59 28 en
1353 1981 52 29 ce
1433 1981 104 30 sens
1562 1964 145 64 qu'en
1736 1983 60 30 ne
1823 1968 302 49 considérant
2158 1989 94 44 que
2290 1975 79 47 des
2406 1991 179 47 aspects
2624 1982 135 48 isolés

200 2037 310 65 particuliers,
537 2047 47 36 et
623 2048 203 35 souvent
864 2034 288 63 personnels,
1181 2036 63 45 du
1273 2036 258 62 problème,
1560 2037 53 47 ils
1653 2055 58 29 ne
1750 2037 120 47 l'ont
1908 2038 159 48 étudié
2098 2042 515 66 qu'incomplètement
2656 2053 121 49 alors

198 2108 182 66 qu'une
407 2126 91 29 vue
526 2105 309 63 d'ensemble,
864 2118 188 50 partant
1077 2107 79 45 des
1176 2108 205 62 origines
1402 2108 181 47 mêmes
1609 2108 56 47 de
1693 2108 302 63 l'expression
2025 2114 241 63 musicale,
2288 2118 81 46 eût
2396 2119 74 47 été
2498 2121 276 52 infiniment

198 2180 105 64 plus
329 2179 240 64 précieuse
597 2196 120 45 pour
743 2177 43 47 la
813 2179 257 46 recherche
1098 2177 143 47 d'une
1269 2178 278 48 conclusion
1576 2192 131 34 nette
1734 2193 47 34 et
1809 2182 192 61 précise.

338 2251 94 47 Les
457 2267 139 30 noms
623 2250 55 46 de
706 2248 163 47 Fuller
896 2248 257 61 Maitland,
1180 2249 254 47 Hermann
1458 2250 360 62 Kretzschmar,
1848 2251 167 51 Guido
2042 2255 152 49 Adler
2219 2269 47 36 et
2294 2258 110 49 Cari
2435 2262 107 48 Nef
2559 2282 78 30 me
2663 2281 108 34 sont

192 2323 240 61 familiers,
475 2321 164 64 (Mme
680 2320 305 48 Landowska
1009 2338 113 29 aura
1162 2320 253 48 l'occasion
1458 2321 57 47 de
1555 2321 100 49 s'en
1696 2326 287 61 apercevoir)
2008 2348 13 37 ;
2061 2345 54 30 ce
2153 2343 108 33 sont
2299 2331 79 49 des
2415 2349 199 50 savants,
2655 2339 115 48 c'est

192 2395 216 47 entendu
432 2417 12 36 ;
488 2394 117 45 mais
647 2391 280 61 Praetorius,
972 2391 235 62 Kuhnau,
1246 2391 300 62 Mattheson,
1588 2394 217 64 Adlung,
1841 2395 205 63 Walter,
2089 2399 218 63 Quantz,
2350 2403 86 49 Ph.
2476 2405 110 50 Em.
2618 2409 129 48 Bach

192 2466 161 62 Turk,
384 2465 192 61 Forkel,
604 2462 268 63 Rimbault,
903 2462 154 49 Oscar
1086 2462 114 47 Paul
1230 2476 47 35 et
1305 2464 148 62 Spitta
1475 2464 213 48 l'étaient
1707 2467 136 47 aussi.
1872 2467 59 64 Je
1959 2467 64 49 les
2050 2488 196 45 propose
2266 2472 25 49 à
2313 2491 122 32 ceux
2463 2478 79 48 des
2567 2479 202 51 lecteurs

193 2540 64 47 du
393 2538 43 49 S.
540 2538 41 47 I.
681 2536 86 48 M.
545 2537 79 62 qui
652 2536 240 47 voudront
918 2535 247 47 connaître
1193 2535 66 48 les
1284 2537 203 62 origines
1515 2537 56 46 de
1603 2537 43 47 la
1672 2540 236 61 question.

334 2611 59 63 Je
433 2608 94 49 n'ai
564 2608 168 65 jamais
772 2606 146 48 douté
957 2607 63 46 du
1057 2607 162 47 succès
1258 2608 63 47 du
1360 2607 228 62 clavecin,
1626 2627 79 44 pas
1739 2611 104 62 plus
1870 2629 89 44 que
1992 2615 48 62 je
2067 2613 94 49 n'ai
2197 2617 91 47 mis
2317 2636 59 29 en
2406 2620 143 48 doute
2577 2641 65 30 un
2669 2626 97 47 seul

191 2683 179 47 instant
397 2681 40 47 le
465 2679 164 49 succès
656 2681 63 45 du
758 2678 188 64 pianola
972 2696 62 29 ou
1062 2679 64 46 du
1153 2678 435 65 cinématographe.
1621 2681 95 49 Fox
1735 2683 151 61 populi
1912 2702 86 28 vox
2025 2685 92 47 Dei
2139 2709 16 34 ;
2195 2701 147 36 est-ce
2383 2690 43 48 là
2464 2710 80 44 par
2585 2696 162 48 hasard

190 2754 44 47 la
259 2754 155 47 devise
441 2751 199 63 adoptée
680 2768 80 45 par
798 2751 66 47 les
903 2749 442 50 néo-clavecinistes
1366 2751 15 47 ?
1420 2752 114 48 Sans
1570 2753 142 46 doute
1741 2756 307 47 trouvent-ils
2075 2770 103 50 trop
2211 2759 197 50 fataliste
2437 2762 44 48 le
2509 2765 68 47 Sic
2603 2770 166 47 transit

183 2825 149 64 gloria
375 2823 155 48 mundi
572 2823 79 47 des
691 2824 141 45 vieux
874 2820 235 49 clavecins
1143 2823 56 46 de
1236 2823 119 63 jadis
1382 2820 9 50 !
1437 2822 274 63 N'importe
1735 2847 12 37 ;
1791 2825 193 49 l'artiste
2026 2828 99 47 seul
2159 2847 26 29 a
2220 2829 43 49 le
2303 2833 123 47 droit
2453 2836 57 45 de
2539 2838 137 64 juger
2703 2839 65 47 les

190 2899 240 62 questions
456 2895 136 61 d'art,
621 2907 46 34 et
694 2893 117 48 c'est
849 2912 81 43 par
958 2894 156 47 dessus
1141 2894 56 47 de
1237 2894 45 47 la
1316 2894 128 48 foule
1471 2908 47 34 et
1545 2897 57 45 de
1627 2898 66 46 soi
1721 2898 175 62 même,
1936 2911 202 52 surtout,
2168 2900 114 65 qu'il
2312 2906 99 45 doit
2450 2907 64 48 les
2552 2912 216 57 regarder

188 2969 71 48 s'il
289 2980 113 36 veut
428 2969 113 46 faire
568 2983 166 30 œuvre
761 2965 132 47 utile.

333 3039 180 65 Puis-je
550 3054 178 32 assurer
767 3050 136 33 notre
943 3035 252 50 facétieuse
1222 3038 124 47 amie
1397 3038 57 47 de
1481 3055 116 30 mon
1623 3039 176 48 silence
1821 3039 83 51 ?...
1934 3041 59 64 Je
2021 3041 42 47 le
2089 3045 232 62 souhaite,
2350 3064 76 31 car
2448 3049 78 65 j'ai
2554 3052 93 48 fort
2675 3072 90 43 peu

190 3113 55 47 de
275 3124 153 49 temps
455 3121 47 36 et
530 3110 30 46 il
588 3109 102 47 faut
717 3126 90 45 que
828 3107 49 65 je
903 3107 271 64 m'occupe,
1203 3109 179 63 malgré
1409 3121 120 50 tout,
1559 3111 57 46 de
1644 3123 171 35 mettre
1842 3130 59 30 au
1938 3115 150 60 point,
2130 3133 118 44 pour
2284 3118 104 63 elle,
2418 3133 125 37 cette
2571 3123 193 50 énorme

188 3184 168 64 blague
384 3182 80 64 qui
492 3182 99 46 doit
618 3180 43 47 la
686 3181 113 46 faire
825 3180 177 47 sourire
1029 3193 47 34 et
1104 3179 227 49 bâiller...

325 3255 162 47 Merci
532 3270 97 30 une
675 3251 212 48 dernière
932 3252 103 61 fois,
1082 3269 116 31 mon
1250 3255 112 45 cher
1413 3252 345 64 Ecorcheville,
1807 3256 56 47 de
1914 3269 132 35 votre
2097 3260 34 46 si
2185 3261 193 61 parfaite
2430 3278 47 34 et
2528 3267 33 46 si
2613 3267 152 66 loyale

190 3325 284 64 hospitalité.

332 3453 150 46 Votre
512 3460 106 37 tout
645 3448 197 61 dévoué,

2124 3567 47 64 J.
2211 3568 242 63 JOACHIM
2493 3572 125 50 NIN.

329 3685 450 63 Uccle-Bruxelles,
807 3685 133 63 Juin,
971 3684 301 51 MCMXII.
