2857 3980
1001 602 938 121 ÉTRANGER

322 1136 68 37 M.
424 1137 312 37 Arnold
735 1136 1 38 Bax

2116 1137 67 37 M.
2219 1138 468 36 Balfour
2687 1137 1 37 Gardiner

327 1291 355 49 LONDRES.
831 1292 93 48 Les
962 1291 393 62 représentations
1392 1290 287 48 allemandes
1717 1291 62 45 du
1820 1290 128 62 Ring
1985 1303 46 34 et
2069 1291 56 45 de
2172 1289 185 48 Tristan
2396 1292 268 61 terminées,
2705 1293 43 47 la

182 1373 166 51 troupe
388 1364 55 45 de
482 1363 190 47 Covent
711 1362 195 50 Garden
931 1364 111 62 joue
1070 1362 101 47 l'un
1197 1363 130 60 après
1353 1362 167 47 l'autre
1548 1374 103 34 tous
1679 1361 64 48 les
1769 1362 160 61 opéras
1956 1363 55 45 de
2041 1361 198 48 Puccini
2361 1380 76 29 sur
2464 1366 110 59 quoi
2604 1364 30 45 il
2663 1363 82 66 n'y

182 1452 27 28 a
247 1451 79 44 pas
363 1434 94 47 lieu
497 1436 246 46 d'insister.
788 1434 171 55 Quant
993 1453 59 28 au
1080 1434 207 47 London
1316 1433 164 62 Opéra
1509 1434 179 59 House,
1716 1451 84 29 son
1841 1434 232 46 directeur
2113 1435 227 45 continue
2368 1433 177 48 d'avoir
2583 1436 63 45 foi
2686 1453 59 28 en

184 1504 261 61 Massenet,
475 1517 131 35 entre
635 1507 125 45 deux
787 1505 393 61 représentations
1207 1506 63 45 du
1304 1503 247 47 Trovatore
1571 1517 45 34 et
1639 1505 55 45 de
1717 1504 219 62 Rigoletto
1942 1542 9 10 .
1976 1504 141 48 Cette
2140 1506 87 46 fois
2253 1504 113 48 c'est
2394 1505 102 46 Don
2518 1505 230 65 Quichotte

181 1594 90 45 que
296 1576 59 46 M
362 1580 14 18 r
394 1578 356 45 Hammerstein
779 1594 119 29 nous
924 1575 131 62 offre,
1077 1576 393 46 admirablement
1497 1575 180 61 monté,
1701 1577 108 45 bien
1825 1575 113 64 joué
1965 1587 46 35 et
2040 1577 107 45 bien
2175 1576 173 46 chanté
2369 1594 80 43 par
2477 1577 77 46 M.
2583 1576 161 64 Julien

183 1647 189 47 Lafond
414 1650 96 60 qui,
557 1648 221 62 paraît-il,
819 1648 104 46 créa
949 1648 41 45 le
1018 1647 96 46 rôle
1142 1648 25 45 à
1195 1646 366 61 Monte-Carlo,
1602 1665 80 43 par
1724 1646 77 49 M.
1842 1647 162 46 Danse
2049 1659 47 34 et
2137 1665 79 44 par
2262 1648 61 46 M
2328 1646 41 26 lle
2414 1648 222 47 Kerlord.
2683 1648 64 48 Et

183 1717 262 62 Massenet,
475 1738 117 42 pour
619 1719 44 47 la
689 1719 229 62 première
946 1719 86 46 fois
1058 1719 25 46 à
1112 1718 212 47 Londres
1351 1719 154 45 obtint
1533 1736 64 28 un
1625 1718 162 47 succès
1826 1718 55 46 de
1921 1717 159 62 public
2108 1730 47 34 et
2183 1719 56 45 de
2272 1736 166 44 presse.
2477 1719 70 47 Le
2587 1719 160 62 public

182 1807 60 28 en
271 1789 109 47 effet
407 1790 237 47 accueillit
670 1808 80 43 par
778 1791 78 46 des
884 1792 161 44 bravos
1071 1791 180 60 chaque
1273 1789 66 47 fin
1362 1789 152 47 d'acte
1536 1802 45 33 et
1607 1790 157 46 même
1784 1807 112 29 avec
1924 1807 65 29 un
2017 1791 95 45 vrai
2140 1791 350 46 enthousiasme
2519 1792 228 45 certaines

183 1860 78 47 des
289 1863 154 45 moins
471 1863 180 46 bonnes
678 1878 137 46 pages
842 1862 55 45 de
925 1861 44 46 la
995 1862 240 61 partition.

327 1932 100 47 Des
454 1933 123 45 deux
604 1933 148 47 seules
778 1932 290 47 nouveautés
1096 1933 55 45 de
1178 1930 202 61 l'année,
1411 1931 62 46 les
1501 1930 174 66 Jewels
1704 1932 54 63 of
1781 1930 73 47 the
1878 1930 246 47 Madonna
2153 1933 56 45 de
2238 1931 77 47 M.
2345 1931 350 49 Wolf-Ferrari
2723 1933 25 47 à

184 2002 191 48 Covent
403 2003 197 48 Garden
639 2016 46 34 et
718 2003 94 47 The
842 2003 219 47 Children
1102 2004 54 63 of
1186 2003 103 45 Don
1318 2003 55 45 de
1402 2003 59 46 M
1468 2006 14 18 r
1501 2003 138 62 Josef
1662 2002 274 46 Holbrooke
1962 2020 59 29 au
2051 2003 204 46 London
2286 2002 163 62 Opéra
2478 2004 162 46 House
2667 2006 78 60 qui

182 2087 114 33 vont
324 2092 150 44 passer
501 2093 76 29 ces
598 2076 214 62 jours-ci,
835 2076 46 62 je
909 2074 192 62 parlerai
1129 2074 43 46 la
1204 2075 254 60 prochaine
1497 2074 102 46 fois.
1630 2072 131 47 C'est
1796 2074 25 45 à
1860 2076 201 44 certains
2098 2086 230 49 concerts,
2359 2075 115 46 dont
2500 2075 220 62 quelques-

180 2163 90 29 uns
296 2146 78 46 des
400 2145 103 61 plus
531 2146 314 60 intéressants,
874 2163 89 45 que
986 2146 45 62 je
1058 2147 122 44 tiens
1200 2145 25 46 à
1251 2162 244 29 consacrer
1523 2144 41 46 la
1592 2144 102 62 plus
1720 2145 175 62 grande
1924 2147 144 59 partie
2098 2145 54 46 de
2181 2156 74 35 cet
2281 2145 177 48 article.

322 2217 94 47 Les
443 2218 124 45 deux
595 2217 207 47 derniers
828 2229 216 34 concerts
1071 2216 181 46 donnés
1272 2234 59 28 au
1360 2215 217 55 Queen's
1605 2215 112 47 Hall
1747 2233 78 44 par
1854 2216 60 46 M
1920 2219 13 19 r
1962 2215 463 50 Balfour-Gardiner
2453 2229 85 34 ont
2564 2218 179 47 obtenu

179 2286 43 47 le
249 2287 102 62 plus
377 2289 148 62 grand
552 2300 46 34 et
626 2288 41 46 le
696 2288 102 62 plus
826 2287 169 46 mérité
1022 2288 77 45 des
1124 2287 174 47 succès.
1330 2286 126 47 L'on
1486 2304 58 28 ne
1580 2288 170 45 saurait
1778 2298 103 49 trop
1921 2286 130 47 louer
2081 2286 60 47 M
2146 2290 15 19 r
2187 2286 462 50 Balfour-Gardiner
2688 2290 56 45 de

179 2357 42 47 la
248 2361 315 59 composition
591 2360 54 45 de
673 2377 69 29 ses
770 2376 335 46 programmes.
1136 2358 125 47 Pour
1288 2358 42 46 la
1357 2358 229 61 première
1613 2358 87 46 fois
1726 2375 59 28 en
1815 2358 284 62 Angleterre
2126 2370 163 50 quatre
2317 2371 216 34 concerts
2558 2372 86 34 ont
2670 2359 74 48 été

177 2430 245 46 consacrés
462 2431 25 46 à
531 2431 79 47 des
652 2448 186 29 œuvres
881 2430 227 62 anglaises
1153 2412 115 63 cf'un
1315 2429 233 46 caractère
1589 2431 236 44 vraiment
1863 2429 177 62 anglais
2067 2441 46 34 et
2140 2429 116 47 dont
2295 2430 366 62 quelques-unes
2688 2432 55 46 de

177 2502 176 61 grande
379 2501 159 47 valeur
565 2503 78 61 qui
671 2516 85 31 ont
784 2502 72 45 été
884 2519 94 28 une
1005 2500 256 47 révélation
1302 2518 116 43 pour
1446 2500 41 46 le
1515 2500 159 61 public
1714 2511 46 34 et
1787 2517 116 44 pour
1931 2500 64 47 les
2021 2501 237 62 critiques.
2298 2501 141 47 Cette
2479 2503 153 45 fois-ci
2672 2501 73 48 c'a

177 2570 74 49 été
282 2572 41 46 le
363 2585 107 34 tour
506 2573 56 46 de
591 2573 101 47 Mr.
723 2573 239 63 Vaughan
992 2572 241 46 Williams
1270 2589 111 28 avec
1419 2589 70 29 ses
1528 2570 188 65 Norfolk
1755 2570 268 62 Rhapsodies
2028 2610 12 22 ,
2080 2572 56 45 de
2176 2572 59 46 M
2241 2575 15 19 r
2283 2572 461 49 Balfour-Gardiner

179 2643 249 47 lui-même
468 2662 113 28 avec
606 2661 84 29 son
719 2643 130 63 Stage
878 2643 143 47 Coach
1050 2656 47 34 et
1122 2660 48 30 sa
1197 2641 226 63 Shepherd
1449 2641 212 47 KenneTs
1687 2642 154 46 Dance
1844 2679 11 23 y
1885 2644 116 61 gaie,
2030 2644 278 46 charmante
2335 2657 47 33 et
2410 2643 334 49 délicatement

177 2715 281 60 orchestrée,
488 2716 55 45 de
574 2715 100 48 Mr.
706 2714 134 66 Cyril
869 2715 131 47 Scott
1026 2732 112 28 avec
1164 2732 85 28 son
1277 2714 148 46 Helen
1461 2714 54 63 of
1539 2713 265 46 Kirkconnel
1804 2752 10 23 ,
1844 2714 56 45 de
1929 2713 100 48 Mr.
2060 2714 219 46 Norman
2308 2713 202 49 O'Neill
2549 2733 111 29 avec
2698 2733 47 30 sa

177 2784 192 48 Ballade
398 2787 56 46 de
483 2787 44 46 la
553 2786 125 47 Belle
703 2787 151 46 Dame
878 2804 96 28 sans
1000 2785 159 47 Merci
1186 2797 48 34 et
1261 2786 55 45 de
1345 2784 101 47 Mr.
1480 2785 110 46 Von
1632 2784 141 47 Holst
1805 2785 116 46 dont
1961 2785 41 46 la
2028 2787 118 44 suite
2187 2785 225 47 orientale
2453 2785 291 49 Beni-Mora

177 2869 68 35 est
272 2869 105 35 tout
403 2858 25 46 à
454 2859 84 45 fait
564 2860 229 58 curieuse,
822 2875 112 29 avec
960 2875 96 29 une
1082 2856 300 62 atmosphère
1412 2857 233 45 vraiment
1683 2855 243 61 orientale,
1967 2873 95 29 une
2100 2857 221 46 sincérité
2359 2857 141 63 digne
2540 2857 205 64 d'éloges

177 2940 47 34 et
263 2946 66 29 un
369 2946 99 29 rare
505 2930 128 45 souci
675 2928 252 47 d'écriture
1072 2946 59 28 en
1170 2946 183 28 somme
1392 2945 95 28 une
1520 2927 78 46 des
1626 2926 266 47 meilleures
1927 2928 338 61 compositions
2305 2928 322 62 britanniques
2652 2947 93 45 que

177 3016 120 31 nous
323 3017 147 47 ayons
508 3001 263 46 entendues
815 3000 163 61 depuis
1018 2999 284 63 longtemps.
1350 2998 64 48 Et
1456 2998 72 47 c'a
1573 2998 74 47 été
1692 3016 93 29 une
1828 2998 86 47 fois
1958 2999 56 45 de
2061 2998 102 62 plus
2208 2998 231 47 l'énorme
2483 3000 161 47 succès
2689 3001 56 46 de

179 3069 101 49 Mr.
311 3070 150 64 Percy
490 3069 238 64 Grainger
754 3072 79 61 qui
862 3082 69 35 est
958 3071 234 45 vraiment
1219 3081 125 35 cette
1372 3071 149 45 saison
1551 3069 41 46 le
1679 3070 231 46 musicien
1938 3070 63 46 du
2025 3071 105 63 jour

322 3142 57 47 Sa
404 3140 352 48 Mock-Morris
782 3159 79 44 par
882 3142 216 61 exemple
1121 3142 109 45 faite
1253 3142 55 45 de
1332 3140 182 47 thèmes
1535 3140 316 47 entièrement
1871 3141 248 62 originaux
2140 3152 47 35 et
2209 3158 97 29 non
2328 3140 136 48 d'airs
2484 3141 262 64 populaires

177 3224 69 35 est
291 3213 144 46 d'une
480 3213 179 47 adresse
705 3212 288 64 incroyable,
1037 3214 207 59 pastiche
1287 3212 273 62 ingénieux,
1600 3212 94 62 qui,
1723 3211 158 46 même
1903 3212 112 63 joué
2042 3212 130 61 après
2199 3212 78 47 des
2304 3214 338 60 compositions
2669 3214 77 47 des

178 3283 219 48 seizième
426 3297 46 33 et
494 3284 331 61 dix-septième
847 3283 159 47 siècles
1027 3283 213 63 (chantés
1259 3283 26 47 à
1306 3282 239 47 merveille
1573 3300 80 43 par
1679 3282 30 46 1'
1785 3281 184 49 Oriana
1991 3282 240 64 Madrigal
2254 3283 187 65 Society
2536 3285 206 59 charme,

177 3373 162 29 amuse
367 3368 47 33 et
441 3355 157 46 donne
626 3354 223 47 l'illusion
878 3355 193 61 parfaite
1098 3354 144 46 d'une
1270 3356 124 44 vraie
1482 3353 378 47 Morris-Dance
1936 3355 233 45 ancienne
2199 3354 254 61 populaire.

322 3427 82 46 Au
431 3444 300 45 programme
753 3427 56 46 de
836 3443 84 29 son
943 3437 210 48 concert,
1176 3426 100 46 Mr.
1302 3425 150 64 Percy
1475 3424 237 63 Grainger
1740 3426 208 45 inscrivit
1975 3424 228 62 plusieurs
2228 3437 355 52 arrangements
2610 3426 136 47 d'airs

181 3497 262 63 populaires
470 3498 85 46 tels
581 3515 89 45 que
699 3496 96 64 My
823 3497 120 45 robin
970 3497 34 45 is
1031 3508 39 34 to
1098 3496 71 46 the
1182 3497 262 61 greenwood
1460 3513 122 44 gone,
1616 3495 190 47 Willow
1837 3495 191 47 JVillow
2068 3511 47 31 et
2153 3509 154 34 autres
2348 3499 269 45 charmants
2660 3499 87 46 airs

178 3570 64 45 du
283 3569 151 60 Kent,
487 3570 62 45 du
590 3568 349 60 Lincolnshire,
981 3567 236 47 d'lrlande
1257 3579 46 35 et
1341 3566 239 48 d'Ecosse.
1613 3567 111 47 Une
1755 3566 253 65 Strathspey
2037 3567 219 47 écossaise
2284 3568 463 48 merveilleusement

296 3692 174 51 Croquis
501 3692 48 38 de
582 3693 50 37 X.
668 3692 68 38 M.
772 3689 220 41 Boulestin.
1028 3690 204 53 Copyright
1262 3691 43 52 by
1336 3692 37 37 S.
1406 3691 33 37 I.
1475 3691 60 37 M.
1557 3689 139 50 juillet
1733 3705 47 37 19
1794 3705 62 24 12.
