<?xml version="1.0" encoding="UTF-8"?>
<alto xmlns:xsi="http://www.w3.org/2001/XMLSchema-instance" xmlns="http://www.loc.gov/standards/alto/ns-v2#" xsi:schemaLocation="http://www.loc.gov/standards/alto/ns-v2# http://www.loc.gov/standards/alto/alto-v2.0.xsd" xmlns:xlink="http://www.w3.org/1999/xlink">
	<Description>
		<MeasurementUnit>mm10</MeasurementUnit>
		<sourceImageInformation>
			<fileName>//fileserver7/IN2/Princeton/Batch3/bmtnabh/1912/07/15_01/00000130.tif</fileName>
		</sourceImageInformation>
		<OCRProcessing ID="OCRPROCESSING_1">
			<preProcessingStep>
				<processingSoftware>
					<softwareCreator>CCS Content Conversion Specialists GmbH, Germany</softwareCreator>
					<softwareName>CCS docWORKS</softwareName>
					<softwareVersion>6.6-1.18</softwareVersion>
				</processingSoftware>
			</preProcessingStep>
			<ocrProcessingStep>
				<processingSoftware>
					<softwareCreator>ABBYY (BIT Software), Russia</softwareCreator>
					<softwareName>FineReader</softwareName>
					<softwareVersion>10.0</softwareVersion>
				</processingSoftware>
			</ocrProcessingStep>
		</OCRProcessing>
		<OCRProcessing ID="OCRPROCESSING_2">
			<preProcessingStep>
				<processingSoftware>
					<softwareCreator>CCS Content Conversion Specialists GmbH, Germany</softwareCreator>
					<softwareName>CCS docWORKS</softwareName>
					<softwareVersion>6.6-1.18</softwareVersion>
				</processingSoftware>
			</preProcessingStep>
			<ocrProcessingStep>
				<processingSoftware>
					<softwareCreator>ABBYY (BIT Software), Russia</softwareCreator>
					<softwareName>NA</softwareName>
				</processingSoftware>
			</ocrProcessingStep>
		</OCRProcessing>
	</Description>
	<Styles>
		<TextStyle ID="TXT_0" FONTSIZE="26" FONTFAMILY="Times New Roman"/>
		<TextStyle ID="TXT_1" FONTSIZE="21" FONTFAMILY="Times New Roman"/>
		<TextStyle ID="TXT_2" FONTSIZE="22" FONTFAMILY="Times New Roman"/>
		<TextStyle ID="TXT_3" FONTSIZE="22" FONTFAMILY="Times New Roman" FONTSTYLE="italics"/>
		<TextStyle ID="TXT_4" FONTSIZE="19" FONTFAMILY="Times New Roman"/>
		<TextStyle ID="TXT_5" FONTSIZE="14" FONTFAMILY="Times New Roman"/>
		<TextStyle ID="TXT_6" FONTSIZE="14" FONTFAMILY="Times New Roman" FONTSTYLE="italics"/>
		<TextStyle ID="TXT_7" FONTSIZE="86" FONTFAMILY="Fraktur"/>
		<ParagraphStyle ID="PAR_CENTER" ALIGN="Center"/>
		<ParagraphStyle ID="PAR_LEFT" ALIGN="Left"/>
		<ParagraphStyle ID="PAR_RIGHT" ALIGN="Right"/>
	</Styles>
	<Layout>
		<Page ID="P25" PHYSICAL_IMG_NR="25" HEIGHT="3980" WIDTH="2857" PC="0.898">
			<TopMargin ID="P25_TM00001" HPOS="0" VPOS="0" WIDTH="2857" HEIGHT="193"/>
			<LeftMargin ID="P25_LM00001" HPOS="0" VPOS="193" WIDTH="195" HEIGHT="3492"/>
			<RightMargin ID="P25_RM00001" HPOS="2788" VPOS="193" WIDTH="69" HEIGHT="3492"/>
			<BottomMargin ID="P25_BM00001" HPOS="0" VPOS="3685" WIDTH="2857" HEIGHT="295"/>
			<PrintSpace ID="P25_PS00001" HPOS="195" VPOS="193" WIDTH="2593" HEIGHT="3492">
				<TextBlock ID="P25_TB00001" HPOS="1299" VPOS="168" WIDTH="367" HEIGHT="70" STYLEREFS="TXT_0 PAR_CENTER">
					<TextLine ID="P25_TL00001" HPOS="1299" VPOS="168" WIDTH="367" HEIGHT="70">
						<String ID="P25_ST00001" HPOS="1299" VPOS="168" WIDTH="65" HEIGHT="70" CONTENT="S." WC="0.85" CC="02"/>
						<SP ID="P25_SP00001" HPOS="1364" VPOS="238" WIDTH="68"/>
						<String ID="P25_ST00002" HPOS="1432" VPOS="169" WIDTH="56" HEIGHT="69" CONTENT="I." WC="0.80" CC="04"/>
						<SP ID="P25_SP00002" HPOS="1488" VPOS="238" WIDTH="71"/>
						<String ID="P25_ST00003" HPOS="1559" VPOS="168" WIDTH="107" HEIGHT="70" CONTENT="M." WC="0.63" CC="07"/>
					</TextLine>
				</TextBlock>
				<TextBlock ID="P25_TB00002" HPOS="210" VPOS="193" WIDTH="95" HEIGHT="51" STYLEREFS="TXT_1 PAR_LEFT">
					<TextLine ID="P25_TL00002" HPOS="210" VPOS="193" WIDTH="94" HEIGHT="51">
						<String ID="P25_ST00004" HPOS="210" VPOS="193" WIDTH="94" HEIGHT="51" CONTENT="22" WC="1.00" CC="00"/>
					</TextLine>
				</TextBlock>
				<TextBlock ID="P25_TB00003" HPOS="195" VPOS="282" WIDTH="2593" HEIGHT="2398" STYLEREFS="TXT_2 PAR_LEFT">
					<TextLine ID="P25_TL00003" HPOS="202" VPOS="314" WIDTH="2576" HEIGHT="88">
						<String ID="P25_ST00005" HPOS="202" VPOS="320" WIDTH="123" HEIGHT="59" CONTENT="l'on" WC="0.98" CC="3031"/>
						<SP ID="P25_SP00003" HPOS="325" VPOS="379" WIDTH="53"/>
						<String ID="P25_ST00006" HPOS="378" VPOS="322" WIDTH="227" HEIGHT="80" CONTENT="portait" WC="0.99" CC="5006540"/>
						<SP ID="P25_SP00004" HPOS="605" VPOS="402" WIDTH="50"/>
						<String ID="P25_ST00007" HPOS="655" VPOS="342" WIDTH="122" HEIGHT="37" CONTENT="aux" WC="0.95" CC="661"/>
						<SP ID="P25_SP00005" HPOS="777" VPOS="402" WIDTH="52"/>
						<String ID="P25_ST00008" HPOS="829" VPOS="318" WIDTH="296" HEIGHT="61" CONTENT="Bouffons" WC="0.99" CC="42400601"/>
						<SP ID="P25_SP00006" HPOS="1125" VPOS="402" WIDTH="49"/>
						<String ID="P25_ST00009" HPOS="1174" VPOS="319" WIDTH="136" HEIGHT="58" CONTENT="vint" WC="0.98" CC="0402"/>
						<SP ID="P25_SP00007" HPOS="1310" VPOS="402" WIDTH="51"/>
						<String ID="P25_ST00010" HPOS="1361" VPOS="314" WIDTH="330" HEIGHT="63" CONTENT="confirmer" WC="0.99" CC="000220416"/>
						<SP ID="P25_SP00008" HPOS="1691" VPOS="402" WIDTH="48"/>
						<String ID="P25_ST00011" HPOS="1739" VPOS="318" WIDTH="54" HEIGHT="57" CONTENT="le" WC="0.67" CC="60"/>
						<SP ID="P25_SP00009" HPOS="1793" VPOS="402" WIDTH="52"/>
						<String ID="P25_ST00012" HPOS="1845" VPOS="314" WIDTH="316" HEIGHT="82" CONTENT="triomphe" WC="0.99" CC="00220451"/>
						<SP ID="P25_SP00010" HPOS="2161" VPOS="402" WIDTH="51"/>
						<String ID="P25_ST00013" HPOS="2212" VPOS="315" WIDTH="74" HEIGHT="59" CONTENT="de" WC="0.99" CC="00"/>
						<SP ID="P25_SP00011" HPOS="2286" VPOS="402" WIDTH="49"/>
						<String ID="P25_ST00014" HPOS="2335" VPOS="316" WIDTH="53" HEIGHT="58" CONTENT="la" WC="0.79" CC="40"/>
						<SP ID="P25_SP00012" HPOS="2388" VPOS="402" WIDTH="53"/>
						<String ID="P25_ST00015" HPOS="2441" VPOS="318" WIDTH="223" HEIGHT="80" CONTENT="reprise" WC="0.99" CC="6306000"/>
						<SP ID="P25_SP00013" HPOS="2664" VPOS="402" WIDTH="42"/>
						<String ID="P25_ST00016" HPOS="2706" VPOS="316" WIDTH="72" HEIGHT="60" CONTENT="de" WC="0.76" CC="04"/>
					</TextLine>
					<TextLine ID="P25_TL00004" HPOS="229" VPOS="409" WIDTH="884" HEIGHT="62">
						<String ID="P25_ST00017" HPOS="229" VPOS="414" WIDTH="206" HEIGHT="57" CONTENT="Castor" WC="0.98" CC="644260" STYLEREFS="TXT_3"/>
						<SP ID="P25_SP00014" HPOS="435" VPOS="471" WIDTH="268"/>
						<String ID="P25_ST00018" HPOS="703" VPOS="423" WIDTH="56" HEIGHT="47" CONTENT="et" WC="0.69" CC="60" STYLEREFS="TXT_3"/>
						<SP ID="P25_SP00015" HPOS="759" VPOS="471" WIDTH="117"/>
						<String ID="P25_ST00019" HPOS="876" VPOS="413" WIDTH="237" HEIGHT="58" CONTENT="Pollux." WC="0.59" CC="5333226" STYLEREFS="TXT_3"/>
						<SP ID="P25_SP00016" HPOS="1113" VPOS="471" WIDTH="-316"/>
						<String ID="P25_ST00020" HPOS="797" VPOS="409" WIDTH="13" HEIGHT="27" CONTENT="1" STYLE="superscript" WC="0.26" CC="7" STYLEREFS="TXT_3"/>
					</TextLine>
					<TextLine ID="P25_TL00005" HPOS="387" VPOS="496" WIDTH="2394" HEIGHT="87">
						<String ID="P25_ST00021" HPOS="387" VPOS="503" WIDTH="330" HEIGHT="80" CONTENT="Quoiqu'il" WC="0.99" CC="200056301"/>
						<SP ID="P25_SP00017" HPOS="717" VPOS="583" WIDTH="34"/>
						<String ID="P25_ST00022" HPOS="751" VPOS="523" WIDTH="74" HEIGHT="37" CONTENT="en" WC="0.93" CC="01"/>
						<SP ID="P25_SP00018" HPOS="825" VPOS="583" WIDTH="36"/>
						<String ID="P25_ST00023" HPOS="861" VPOS="503" WIDTH="137" HEIGHT="70" CONTENT="soit," WC="0.99" CC="00040"/>
						<SP ID="P25_SP00019" HPOS="998" VPOS="583" WIDTH="37"/>
						<String ID="P25_ST00024" HPOS="1035" VPOS="503" WIDTH="56" HEIGHT="59" CONTENT="le" WC="0.90" CC="10"/>
						<SP ID="P25_SP00020" HPOS="1091" VPOS="583" WIDTH="34"/>
						<String ID="P25_ST00025" HPOS="1125" VPOS="499" WIDTH="214" HEIGHT="84" CONTENT="départ" WC="0.99" CC="070100"/>
						<SP ID="P25_SP00021" HPOS="1339" VPOS="583" WIDTH="36"/>
						<String ID="P25_ST00026" HPOS="1375" VPOS="501" WIDTH="102" HEIGHT="59" CONTENT="des" WC="0.99" CC="020"/>
						<SP ID="P25_SP00022" HPOS="1477" VPOS="583" WIDTH="36"/>
						<String ID="P25_ST00027" HPOS="1513" VPOS="498" WIDTH="299" HEIGHT="61" CONTENT="Bouffons" WC="1.00" CC="00000020"/>
						<SP ID="P25_SP00023" HPOS="1812" VPOS="583" WIDTH="35"/>
						<String ID="P25_ST00028" HPOS="1847" VPOS="520" WIDTH="75" HEIGHT="36" CONTENT="ne" WC="0.86" CC="20"/>
						<SP ID="P25_SP00024" HPOS="1922" VPOS="583" WIDTH="33"/>
						<String ID="P25_ST00029" HPOS="1955" VPOS="496" WIDTH="97" HEIGHT="60" CONTENT="fut" WC="0.95" CC="524"/>
						<SP ID="P25_SP00025" HPOS="2052" VPOS="583" WIDTH="35"/>
						<String ID="P25_ST00030" HPOS="2087" VPOS="518" WIDTH="105" HEIGHT="60" CONTENT="pas" WC="1.00" CC="000"/>
						<SP ID="P25_SP00026" HPOS="2192" VPOS="583" WIDTH="34"/>
						<String ID="P25_ST00031" HPOS="2226" VPOS="498" WIDTH="320" HEIGHT="81" CONTENT="provoqué" WC="0.99" CC="04003246"/>
						<SP ID="P25_SP00027" HPOS="2546" VPOS="583" WIDTH="39"/>
						<String ID="P25_ST00032" HPOS="2585" VPOS="520" WIDTH="106" HEIGHT="59" CONTENT="par" WC="0.94" CC="095"/>
						<SP ID="P25_SP00028" HPOS="2691" VPOS="583" WIDTH="34"/>
						<String ID="P25_ST00033" HPOS="2725" VPOS="499" WIDTH="56" HEIGHT="59" CONTENT="le" WC="0.60" CC="34"/>
					</TextLine>
					<TextLine ID="P25_TL00006" HPOS="204" VPOS="590" WIDTH="2576" HEIGHT="82">
						<String ID="P25_ST00034" HPOS="204" VPOS="592" WIDTH="208" HEIGHT="61" CONTENT="succès" WC="0.99" CC="000080"/>
						<SP ID="P25_SP00029" HPOS="412" VPOS="653" WIDTH="54"/>
						<String ID="P25_ST00035" HPOS="466" VPOS="593" WIDTH="73" HEIGHT="59" CONTENT="de" WC="1.00" CC="00"/>
						<SP ID="P25_SP00030" HPOS="539" VPOS="653" WIDTH="474"/>
						<String ID="P25_ST00036" HPOS="1013" VPOS="593" WIDTH="70" HEIGHT="60" CONTENT="Ti" WC="1.00" CC="00" STYLEREFS="TXT_3"/>
						<SP ID="P25_SP00031" HPOS="1083" VPOS="653" WIDTH="67"/>
						<String ID="P25_ST00037" HPOS="1150" VPOS="606" WIDTH="89" HEIGHT="47" CONTENT="ton" WC="0.97" CC="044" STYLEREFS="TXT_3"/>
						<SP ID="P25_SP00032" HPOS="1239" VPOS="653" WIDTH="173"/>
						<String ID="P25_ST00038" HPOS="1412" VPOS="606" WIDTH="54" HEIGHT="46" CONTENT="et" WC="0.78" CC="40" STYLEREFS="TXT_3"/>
						<SP ID="P25_SP00033" HPOS="1466" VPOS="653" WIDTH="129"/>
						<String ID="P25_ST00039" HPOS="1595" VPOS="595" WIDTH="49" HEIGHT="58" CONTENT="V" WC="0.28" CC="7" STYLEREFS="TXT_3"/>
						<SP ID="P25_SP00034" HPOS="1644" VPOS="653" WIDTH="7"/>
						<String ID="P25_ST00040" HPOS="1651" VPOS="596" WIDTH="235" HEIGHT="57" CONTENT="Aurore" WC="0.98" CC="600715" STYLEREFS="TXT_3"/>
						<SP ID="P25_SP00035" HPOS="1886" VPOS="653" WIDTH="-655"/>
						<String ID="P25_ST00041" HPOS="1231" VPOS="593" WIDTH="73" HEIGHT="59" CONTENT="de" WC="1.00" CC="00"/>
						<SP ID="P25_SP00036" HPOS="1886" VPOS="653" WIDTH="-524"/>
						<String ID="P25_ST00042" HPOS="1362" VPOS="591" WIDTH="460" HEIGHT="72" CONTENT="Mondonville," WC="0.90" CC="000003040300"/>
						<SP ID="P25_SP00037" HPOS="1886" VPOS="663" WIDTH="-11"/>
						<String ID="P25_ST00043" HPOS="1875" VPOS="591" WIDTH="108" HEIGHT="81" CONTENT="qui" WC="0.98" CC="051"/>
						<SP ID="P25_SP00038" HPOS="1983" VPOS="672" WIDTH="54"/>
						<String ID="P25_ST00044" HPOS="2037" VPOS="605" WIDTH="280" HEIGHT="43" CONTENT="remonte" WC="0.99" CC="0440740"/>
						<SP ID="P25_SP00039" HPOS="2317" VPOS="672" WIDTH="52"/>
						<String ID="P25_ST00045" HPOS="2369" VPOS="612" WIDTH="77" HEIGHT="36" CONTENT="au" WC="0.71" CC="05"/>
						<SP ID="P25_SP00040" HPOS="2446" VPOS="672" WIDTH="55"/>
						<String ID="P25_ST00046" HPOS="2501" VPOS="592" WIDTH="157" HEIGHT="57" CONTENT="mois" WC="1.00" CC="0000"/>
						<SP ID="P25_SP00041" HPOS="2658" VPOS="672" WIDTH="49"/>
						<String ID="P25_ST00047" HPOS="2707" VPOS="590" WIDTH="73" HEIGHT="58" CONTENT="de" WC="0.89" CC="02"/>
					</TextLine>
					<TextLine ID="P25_TL00007" HPOS="195" VPOS="680" WIDTH="2502" HEIGHT="86">
						<String ID="P25_ST00048" HPOS="195" VPOS="683" WIDTH="240" HEIGHT="82" CONTENT="janvier" WC="0.99" CC="6070031"/>
						<SP ID="P25_SP00042" HPOS="435" VPOS="765" WIDTH="46"/>
						<String ID="P25_ST00049" HPOS="481" VPOS="704" WIDTH="160" HEIGHT="61" CONTENT="1753" WC="0.48" CC="3565"/>
						<SP ID="P25_SP00043" HPOS="641" VPOS="765" WIDTH="43"/>
						<String ID="P25_ST00050" HPOS="684" VPOS="709" WIDTH="14" HEIGHT="47" CONTENT=";" WC="0.72" CC="2"/>
						<SP ID="P25_SP00044" HPOS="698" VPOS="765" WIDTH="55"/>
						<String ID="P25_ST00051" HPOS="753" VPOS="686" WIDTH="42" HEIGHT="57" CONTENT="il" WC="0.71" CC="41"/>
						<SP ID="P25_SP00045" HPOS="795" VPOS="765" WIDTH="49"/>
						<String ID="P25_ST00052" HPOS="844" VPOS="706" WIDTH="75" HEIGHT="37" CONTENT="ne" WC="0.70" CC="50"/>
						<SP ID="P25_SP00046" HPOS="919" VPOS="765" WIDTH="34"/>
						<String ID="P25_ST00053" HPOS="953" VPOS="685" WIDTH="55" HEIGHT="58" CONTENT="le" WC="1.00" CC="00"/>
						<SP ID="P25_SP00047" HPOS="1008" VPOS="765" WIDTH="34"/>
						<String ID="P25_ST00054" HPOS="1042" VPOS="682" WIDTH="96" HEIGHT="61" CONTENT="fut" WC="0.94" CC="663"/>
						<SP ID="P25_SP00048" HPOS="1138" VPOS="765" WIDTH="36"/>
						<String ID="P25_ST00055" HPOS="1174" VPOS="705" WIDTH="102" HEIGHT="61" CONTENT="pas" WC="1.00" CC="000"/>
						<SP ID="P25_SP00049" HPOS="1276" VPOS="766" WIDTH="35"/>
						<String ID="P25_ST00056" HPOS="1311" VPOS="683" WIDTH="340" HEIGHT="80" CONTENT="davantage" WC="1.00" CC="000034050"/>
						<SP ID="P25_SP00050" HPOS="1651" VPOS="766" WIDTH="35"/>
						<String ID="P25_ST00057" HPOS="1686" VPOS="704" WIDTH="108" HEIGHT="59" CONTENT="par" WC="0.99" CC="002"/>
						<SP ID="P25_SP00051" HPOS="1794" VPOS="766" WIDTH="36"/>
						<String ID="P25_ST00058" HPOS="1830" VPOS="703" WIDTH="118" HEIGHT="36" CONTENT="une" WC="0.96" CC="450"/>
						<SP ID="P25_SP00052" HPOS="1948" VPOS="766" WIDTH="37"/>
						<String ID="P25_ST00059" HPOS="1985" VPOS="687" WIDTH="35" HEIGHT="24" CONTENT='"' WC="0.41" CC="5"/>
						<SP ID="P25_SP00053" HPOS="2020" VPOS="766" WIDTH="31"/>
						<String ID="P25_ST00060" HPOS="2051" VPOS="680" WIDTH="393" HEIGHT="59" CONTENT="ordonnance" WC="1.00" CC="0000050700"/>
						<SP ID="P25_SP00054" HPOS="2444" VPOS="766" WIDTH="51"/>
						<String ID="P25_ST00061" HPOS="2495" VPOS="682" WIDTH="202" HEIGHT="80" CONTENT="royale" WC="0.99" CC="005430"/>
					</TextLine>
					<TextLine ID="P25_TL00008" HPOS="205" VPOS="772" WIDTH="2578" HEIGHT="84">
						<String ID="P25_ST00062" HPOS="205" VPOS="776" WIDTH="151" HEIGHT="57" CONTENT="ainsi" WC="0.99" CC="03006"/>
						<SP ID="P25_SP00055" HPOS="356" VPOS="833" WIDTH="53"/>
						<String ID="P25_ST00063" HPOS="409" VPOS="798" WIDTH="120" HEIGHT="58" CONTENT="que" WC="0.98" CC="060"/>
						<SP ID="P25_SP00056" HPOS="529" VPOS="856" WIDTH="48"/>
						<String ID="P25_ST00064" HPOS="577" VPOS="776" WIDTH="272" HEIGHT="60" CONTENT="l'avance" WC="1.00" CC="00000220"/>
						<SP ID="P25_SP00057" HPOS="849" VPOS="856" WIDTH="51"/>
						<String ID="P25_ST00065" HPOS="900" VPOS="797" WIDTH="131" HEIGHT="38" CONTENT="sans" WC="0.99" CC="0030"/>
						<SP ID="P25_SP00058" HPOS="1031" VPOS="856" WIDTH="51"/>
						<String ID="P25_ST00066" HPOS="1082" VPOS="797" WIDTH="256" HEIGHT="59" CONTENT="preuves" WC="0.99" CC="0505000"/>
						<SP ID="P25_SP00059" HPOS="1338" VPOS="856" WIDTH="51"/>
						<String ID="P25_ST00067" HPOS="1389" VPOS="776" WIDTH="100" HEIGHT="57" CONTENT="M." WC="0.81" CC="03"/>
						<SP ID="P25_SP00060" HPOS="1489" VPOS="856" WIDTH="41"/>
						<String ID="P25_ST00068" HPOS="1530" VPOS="775" WIDTH="180" HEIGHT="58" CONTENT="Font." WC="1.00" CC="00300"/>
						<SP ID="P25_SP00061" HPOS="1710" VPOS="856" WIDTH="31"/>
						<String ID="P25_ST00069" HPOS="1741" VPOS="772" WIDTH="18" HEIGHT="26" CONTENT="2" STYLE="superscript" WC="0.90" CC="0"/>
						<SP ID="P25_SP00062" HPOS="1759" VPOS="856" WIDTH="52"/>
						<String ID="P25_ST00070" HPOS="1811" VPOS="774" WIDTH="118" HEIGHT="58" CONTENT="Les" WC="0.96" CC="009"/>
						<SP ID="P25_SP00063" HPOS="1929" VPOS="856" WIDTH="49"/>
						<String ID="P25_ST00071" HPOS="1978" VPOS="772" WIDTH="249" HEIGHT="59" CONTENT="Italiens" WC="0.99" CC="64043040"/>
						<SP ID="P25_SP00064" HPOS="2227" VPOS="856" WIDTH="55"/>
						<String ID="P25_ST00072" HPOS="2282" VPOS="774" WIDTH="317" HEIGHT="80" CONTENT="partirent," WC="0.99" CC="0002460410"/>
						<SP ID="P25_SP00065" HPOS="2599" VPOS="856" WIDTH="52"/>
						<String ID="P25_ST00073" HPOS="2651" VPOS="793" WIDTH="132" HEIGHT="38" CONTENT="sans" WC="1.00" CC="0000"/>
					</TextLine>
					<TextLine ID="P25_TL00009" HPOS="205" VPOS="861" WIDTH="2573" HEIGHT="88">
						<String ID="P25_ST00074" HPOS="205" VPOS="866" WIDTH="209" HEIGHT="73" CONTENT="doute," WC="1.00" CC="000100"/>
						<SP ID="P25_SP00066" HPOS="414" VPOS="939" WIDTH="29"/>
						<String ID="P25_ST00075" HPOS="443" VPOS="889" WIDTH="181" HEIGHT="60" CONTENT="parce" WC="0.99" CC="02002"/>
						<SP ID="P25_SP00067" HPOS="624" VPOS="949" WIDTH="37"/>
						<String ID="P25_ST00076" HPOS="661" VPOS="889" WIDTH="121" HEIGHT="60" CONTENT="que" WC="0.98" CC="050"/>
						<SP ID="P25_SP00068" HPOS="782" VPOS="949" WIDTH="33"/>
						<String ID="P25_ST00077" HPOS="815" VPOS="869" WIDTH="55" HEIGHT="56" CONTENT="le" WC="0.89" CC="20"/>
						<SP ID="P25_SP00069" HPOS="870" VPOS="949" WIDTH="35"/>
						<String ID="P25_ST00078" HPOS="905" VPOS="865" WIDTH="179" HEIGHT="61" CONTENT="traité" WC="0.98" CC="040138"/>
						<SP ID="P25_SP00070" HPOS="1084" VPOS="949" WIDTH="38"/>
						<String ID="P25_ST00079" HPOS="1122" VPOS="868" WIDTH="106" HEIGHT="81" CONTENT="qui" WC="0.99" CC="001"/>
						<SP ID="P25_SP00071" HPOS="1228" VPOS="949" WIDTH="38"/>
						<String ID="P25_ST00080" HPOS="1266" VPOS="865" WIDTH="216" HEIGHT="83" CONTENT="réglait" WC="0.99" CC="1043524"/>
						<SP ID="P25_SP00072" HPOS="1482" VPOS="949" WIDTH="35"/>
						<String ID="P25_ST00081" HPOS="1517" VPOS="866" WIDTH="84" HEIGHT="59" CONTENT="les" WC="0.99" CC="200"/>
						<SP ID="P25_SP00073" HPOS="1601" VPOS="949" WIDTH="28"/>
						<String ID="P25_ST00082" HPOS="1629" VPOS="865" WIDTH="351" HEIGHT="59" CONTENT="conditions" WC="0.99" CC="0030341040"/>
						<SP ID="P25_SP00074" HPOS="1980" VPOS="949" WIDTH="35"/>
						<String ID="P25_ST00083" HPOS="2015" VPOS="863" WIDTH="74" HEIGHT="59" CONTENT="de" WC="0.89" CC="20"/>
						<SP ID="P25_SP00075" HPOS="2089" VPOS="949" WIDTH="34"/>
						<String ID="P25_ST00084" HPOS="2123" VPOS="865" WIDTH="131" HEIGHT="57" CONTENT="leur" WC="0.99" CC="0050"/>
						<SP ID="P25_SP00076" HPOS="2254" VPOS="949" WIDTH="34"/>
						<String ID="P25_ST00085" HPOS="2288" VPOS="863" WIDTH="200" HEIGHT="81" CONTENT="séjour" WC="0.98" CC="004460"/>
						<SP ID="P25_SP00077" HPOS="2488" VPOS="949" WIDTH="35"/>
						<String ID="P25_ST00086" HPOS="2523" VPOS="861" WIDTH="31" HEIGHT="61" CONTENT="à" WC="0.35" CC="6"/>
						<SP ID="P25_SP00078" HPOS="2554" VPOS="949" WIDTH="39"/>
						<String ID="P25_ST00087" HPOS="2593" VPOS="865" WIDTH="185" HEIGHT="70" CONTENT="Paris," WC="1.00" CC="000003"/>
					</TextLine>
					<TextLine ID="P25_TL00010" HPOS="207" VPOS="954" WIDTH="2574" HEIGHT="85">
						<String ID="P25_ST00088" HPOS="207" VPOS="955" WIDTH="199" HEIGHT="83" CONTENT="séjour" WC="0.99" CC="003050"/>
						<SP ID="P25_SP00079" HPOS="406" VPOS="1038" WIDTH="34"/>
						<String ID="P25_ST00089" HPOS="440" VPOS="958" WIDTH="153" HEIGHT="58" CONTENT="dont" WC="0.98" CC="0064"/>
						<SP ID="P25_SP00080" HPOS="593" VPOS="1038" WIDTH="37"/>
						<String ID="P25_ST00090" HPOS="630" VPOS="959" WIDTH="69" HEIGHT="57" CONTENT="ils" WC="0.97" CC="150"/>
						<SP ID="P25_SP00081" HPOS="699" VPOS="1038" WIDTH="36"/>
						<String ID="P25_ST00091" HPOS="735" VPOS="959" WIDTH="239" HEIGHT="57" CONTENT="avaient" WC="1.00" CC="0003101"/>
						<SP ID="P25_SP00082" HPOS="974" VPOS="1038" WIDTH="35"/>
						<String ID="P25_ST00092" HPOS="1009" VPOS="972" WIDTH="175" HEIGHT="44" CONTENT="outre" WC="0.99" CC="05000"/>
						<SP ID="P25_SP00083" HPOS="1184" VPOS="1038" WIDTH="37"/>
						<String ID="P25_ST00093" HPOS="1221" VPOS="955" WIDTH="167" HEIGHT="84" CONTENT="passé" WC="1.00" CC="00000"/>
						<SP ID="P25_SP00084" HPOS="1388" VPOS="1039" WIDTH="26"/>
						<String ID="P25_ST00094" HPOS="1414" VPOS="958" WIDTH="56" HEIGHT="57" CONTENT="la" WC="0.92" CC="10"/>
						<SP ID="P25_SP00085" HPOS="1470" VPOS="1039" WIDTH="28"/>
						<String ID="P25_ST00095" HPOS="1498" VPOS="955" WIDTH="186" HEIGHT="60" CONTENT="durée" WC="0.99" CC="03400"/>
						<SP ID="P25_SP00086" HPOS="1684" VPOS="1039" WIDTH="28"/>
						<String ID="P25_ST00096" HPOS="1712" VPOS="955" WIDTH="73" HEIGHT="60" CONTENT="de" WC="0.87" CC="02"/>
						<SP ID="P25_SP00087" HPOS="1785" VPOS="1039" WIDTH="36"/>
						<String ID="P25_ST00097" HPOS="1821" VPOS="957" WIDTH="136" HEIGHT="81" CONTENT="plus" WC="0.99" CC="0031"/>
						<SP ID="P25_SP00088" HPOS="1957" VPOS="1039" WIDTH="35"/>
						<String ID="P25_ST00098" HPOS="1992" VPOS="954" WIDTH="148" HEIGHT="58" CONTENT="d'un" WC="0.98" CC="0043"/>
						<SP ID="P25_SP00089" HPOS="2140" VPOS="1039" WIDTH="38"/>
						<String ID="P25_ST00099" HPOS="2178" VPOS="976" WIDTH="95" HEIGHT="50" CONTENT="an," WC="0.98" CC="050"/>
						<SP ID="P25_SP00090" HPOS="2273" VPOS="1039" WIDTH="30"/>
						<String ID="P25_ST00100" HPOS="2303" VPOS="977" WIDTH="74" HEIGHT="37" CONTENT="ne" WC="0.55" CC="53"/>
						<SP ID="P25_SP00091" HPOS="2377" VPOS="1039" WIDTH="27"/>
						<String ID="P25_ST00101" HPOS="2404" VPOS="955" WIDTH="131" HEIGHT="59" CONTENT="leur" WC="0.98" CC="1035"/>
						<SP ID="P25_SP00092" HPOS="2535" VPOS="1039" WIDTH="25"/>
						<String ID="P25_ST00102" HPOS="2560" VPOS="954" WIDTH="221" HEIGHT="60" CONTENT="laissait" WC="1.00" CC="00000003"/>
					</TextLine>
					<TextLine ID="P25_TL00011" HPOS="205" VPOS="1044" WIDTH="2577" HEIGHT="87">
						<String ID="P25_ST00103" HPOS="205" VPOS="1048" WIDTH="173" HEIGHT="83" CONTENT="après" WC="0.98" CC="50070"/>
						<SP ID="P25_SP00093" HPOS="378" VPOS="1131" WIDTH="33"/>
						<String ID="P25_ST00104" HPOS="411" VPOS="1070" WIDTH="107" HEIGHT="38" CONTENT="son" WC="0.99" CC="020"/>
						<SP ID="P25_SP00094" HPOS="518" VPOS="1131" WIDTH="37"/>
						<String ID="P25_ST00105" HPOS="555" VPOS="1051" WIDTH="372" HEIGHT="80" CONTENT="expiration," WC="1.00" CC="11002000020"/>
						<SP ID="P25_SP00095" HPOS="927" VPOS="1131" WIDTH="37"/>
						<String ID="P25_ST00106" HPOS="964" VPOS="1049" WIDTH="229" HEIGHT="82" CONTENT="qu'une" WC="0.99" CC="041100"/>
						<SP ID="P25_SP00096" HPOS="1193" VPOS="1131" WIDTH="35"/>
						<String ID="P25_ST00107" HPOS="1228" VPOS="1049" WIDTH="294" HEIGHT="59" CONTENT="situation" WC="0.99" CC="022001046"/>
						<SP ID="P25_SP00097" HPOS="1522" VPOS="1131" WIDTH="36"/>
						<String ID="P25_ST00108" HPOS="1558" VPOS="1045" WIDTH="293" HEIGHT="84" CONTENT="précaire," WC="0.99" CC="076000200"/>
						<SP ID="P25_SP00098" HPOS="1851" VPOS="1131" WIDTH="37"/>
						<String ID="P25_ST00109" HPOS="1888" VPOS="1048" WIDTH="266" HEIGHT="57" CONTENT="soumise" WC="1.00" CC="0000200"/>
						<SP ID="P25_SP00099" HPOS="2154" VPOS="1131" WIDTH="46"/>
						<String ID="P25_ST00110" HPOS="2200" VPOS="1068" WIDTH="74" HEIGHT="36" CONTENT="au" WC="0.73" CC="05"/>
						<SP ID="P25_SP00100" HPOS="2274" VPOS="1131" WIDTH="37"/>
						<String ID="P25_ST00111" HPOS="2311" VPOS="1045" WIDTH="121" HEIGHT="59" CONTENT="bon" WC="0.97" CC="503"/>
						<SP ID="P25_SP00101" HPOS="2432" VPOS="1131" WIDTH="35"/>
						<String ID="P25_ST00112" HPOS="2467" VPOS="1047" WIDTH="208" HEIGHT="80" CONTENT="plaisir" WC="1.00" CC="0203010"/>
						<SP ID="P25_SP00102" HPOS="2675" VPOS="1131" WIDTH="35"/>
						<String ID="P25_ST00113" HPOS="2710" VPOS="1044" WIDTH="72" HEIGHT="60" CONTENT="de" WC="1.00" CC="00"/>
					</TextLine>
					<TextLine ID="P25_TL00012" HPOS="207" VPOS="1136" WIDTH="2575" HEIGHT="85">
						<String ID="P25_ST00114" HPOS="207" VPOS="1141" WIDTH="54" HEIGHT="57" CONTENT="la" WC="0.83" CC="30"/>
						<SP ID="P25_SP00103" HPOS="261" VPOS="1198" WIDTH="59"/>
						<String ID="P25_ST00115" HPOS="320" VPOS="1141" WIDTH="163" HEIGHT="57" CONTENT="Ville" WC="0.98" CC="60052"/>
						<SP ID="P25_SP00104" HPOS="483" VPOS="1198" WIDTH="60"/>
						<String ID="P25_ST00116" HPOS="543" VPOS="1155" WIDTH="57" HEIGHT="43" CONTENT="et" WC="1.00" CC="00"/>
						<SP ID="P25_SP00105" HPOS="600" VPOS="1198" WIDTH="60"/>
						<String ID="P25_ST00117" HPOS="660" VPOS="1162" WIDTH="121" HEIGHT="37" CONTENT="aux" WC="0.99" CC="030"/>
						<SP ID="P25_SP00106" HPOS="781" VPOS="1199" WIDTH="57"/>
						<String ID="P25_ST00118" HPOS="838" VPOS="1139" WIDTH="397" HEIGHT="60" CONTENT="fluctuations" WC="0.99" CC="664001020030"/>
						<SP ID="P25_SP00107" HPOS="1235" VPOS="1199" WIDTH="59"/>
						<String ID="P25_ST00119" HPOS="1294" VPOS="1138" WIDTH="72" HEIGHT="60" CONTENT="de" WC="0.96" CC="00"/>
						<SP ID="P25_SP00108" HPOS="1366" VPOS="1199" WIDTH="57"/>
						<String ID="P25_ST00120" HPOS="1423" VPOS="1139" WIDTH="329" HEIGHT="82" CONTENT="l'opinion," WC="1.00" CC="0300021034"/>
						<SP ID="P25_SP00109" HPOS="1752" VPOS="1221" WIDTH="60"/>
						<String ID="P25_ST00121" HPOS="1812" VPOS="1152" WIDTH="58" HEIGHT="45" CONTENT="et" WC="0.83" CC="03"/>
						<SP ID="P25_SP00110" HPOS="1870" VPOS="1221" WIDTH="60"/>
						<String ID="P25_ST00122" HPOS="1930" VPOS="1136" WIDTH="311" HEIGHT="83" CONTENT="peut-être" WC="0.99" CC="006413460"/>
						<SP ID="P25_SP00111" HPOS="2241" VPOS="1221" WIDTH="59"/>
						<String ID="P25_ST00123" HPOS="2300" VPOS="1138" WIDTH="177" HEIGHT="71" CONTENT="aussi," WC="0.99" CC="040022"/>
						<SP ID="P25_SP00112" HPOS="2477" VPOS="1221" WIDTH="60"/>
						<String ID="P25_ST00124" HPOS="2537" VPOS="1158" WIDTH="245" HEIGHT="37" CONTENT="comme" WC="1.00" CC="00000"/>
					</TextLine>
					<TextLine ID="P25_TL00013" HPOS="207" VPOS="1227" WIDTH="2578" HEIGHT="85">
						<String ID="P25_ST00125" HPOS="207" VPOS="1232" WIDTH="284" HEIGHT="59" CONTENT="l'insinue" WC="0.99" CC="032300242"/>
						<SP ID="P25_SP00113" HPOS="491" VPOS="1291" WIDTH="37"/>
						<String ID="P25_ST00126" HPOS="528" VPOS="1233" WIDTH="273" HEIGHT="59" CONTENT="Contant" WC="0.99" CC="0464000"/>
						<SP ID="P25_SP00114" HPOS="801" VPOS="1292" WIDTH="36"/>
						<String ID="P25_ST00127" HPOS="837" VPOS="1231" WIDTH="322" HEIGHT="72" CONTENT="d'Orville," WC="0.96" CC="0000030000"/>
						<SP ID="P25_SP00115" HPOS="1159" VPOS="1303" WIDTH="45"/>
						<String ID="P25_ST00128" HPOS="1204" VPOS="1252" WIDTH="176" HEIGHT="60" CONTENT="parce" WC="0.98" CC="90300"/>
						<SP ID="P25_SP00116" HPOS="1380" VPOS="1312" WIDTH="37"/>
						<String ID="P25_ST00129" HPOS="1417" VPOS="1232" WIDTH="182" HEIGHT="80" CONTENT="qu'ils" WC="0.99" CC="044310"/>
						<SP ID="P25_SP00117" HPOS="1599" VPOS="1312" WIDTH="48"/>
						<String ID="P25_ST00130" HPOS="1647" VPOS="1252" WIDTH="59" HEIGHT="37" CONTENT="se" WC="1.00" CC="00"/>
						<SP ID="P25_SP00118" HPOS="1706" VPOS="1312" WIDTH="50"/>
						<String ID="P25_ST00131" HPOS="1756" VPOS="1230" WIDTH="300" HEIGHT="59" CONTENT="sentaient" WC="1.00" CC="021202040"/>
						<SP ID="P25_SP00119" HPOS="2056" VPOS="1312" WIDTH="37"/>
						<String ID="P25_ST00132" HPOS="2093" VPOS="1250" WIDTH="72" HEIGHT="38" CONTENT="en" WC="0.69" CC="06"/>
						<SP ID="P25_SP00120" HPOS="2165" VPOS="1312" WIDTH="37"/>
						<String ID="P25_ST00133" HPOS="2202" VPOS="1228" WIDTH="175" HEIGHT="59" CONTENT="butte" WC="0.99" CC="04001"/>
						<SP ID="P25_SP00121" HPOS="2377" VPOS="1312" WIDTH="34"/>
						<String ID="P25_ST00134" HPOS="2411" VPOS="1227" WIDTH="32" HEIGHT="60" CONTENT="à" WC="0.42" CC="5"/>
						<SP ID="P25_SP00122" HPOS="2443" VPOS="1312" WIDTH="34"/>
						<String ID="P25_ST00135" HPOS="2477" VPOS="1230" WIDTH="55" HEIGHT="58" CONTENT="la" WC="1.00" CC="00"/>
						<SP ID="P25_SP00123" HPOS="2532" VPOS="1312" WIDTH="34"/>
						<String ID="P25_ST00136" HPOS="2566" VPOS="1228" WIDTH="219" HEIGHT="60" CONTENT="sourde" WC="0.98" CC="005505"/>
					</TextLine>
					<TextLine ID="P25_TL00014" HPOS="209" VPOS="1318" WIDTH="2576" HEIGHT="84">
						<String ID="P25_ST00137" HPOS="209" VPOS="1321" WIDTH="276" HEIGHT="61" CONTENT="hostilité" WC="0.99" CC="810030305"/>
						<SP ID="P25_SP00124" HPOS="485" VPOS="1382" WIDTH="38"/>
						<String ID="P25_ST00138" HPOS="523" VPOS="1322" WIDTH="101" HEIGHT="60" CONTENT="des" WC="0.99" CC="020"/>
						<SP ID="P25_SP00125" HPOS="624" VPOS="1382" WIDTH="39"/>
						<String ID="P25_ST00139" HPOS="663" VPOS="1321" WIDTH="372" HEIGHT="61" CONTENT="Comédiens" WC="0.99" CC="003302051"/>
						<SP ID="P25_SP00126" HPOS="1035" VPOS="1382" WIDTH="35"/>
						<String ID="P25_ST00140" HPOS="1070" VPOS="1322" WIDTH="257" HEIGHT="59" CONTENT="italiens." WC="1.00" CC="200101003"/>
						<SP ID="P25_SP00127" HPOS="1327" VPOS="1382" WIDTH="58"/>
						<String ID="P25_ST00141" HPOS="1385" VPOS="1322" WIDTH="211" HEIGHT="59" CONTENT="Venus" WC="0.98" CC="50060"/>
						<SP ID="P25_SP00128" HPOS="1596" VPOS="1382" WIDTH="33"/>
						<String ID="P25_ST00142" HPOS="1629" VPOS="1343" WIDTH="160" HEIGHT="59" CONTENT="pour" WC="0.99" CC="0022"/>
						<SP ID="P25_SP00129" HPOS="1789" VPOS="1402" WIDTH="34"/>
						<String ID="P25_ST00143" HPOS="1823" VPOS="1321" WIDTH="295" HEIGHT="80" CONTENT="quelques" WC="1.00" CC="00000402"/>
						<SP ID="P25_SP00130" HPOS="2118" VPOS="1402" WIDTH="37"/>
						<String ID="P25_ST00144" HPOS="2155" VPOS="1320" WIDTH="179" HEIGHT="71" CONTENT="mois," WC="1.00" CC="00102"/>
						<SP ID="P25_SP00131" HPOS="2334" VPOS="1402" WIDTH="34"/>
						<String ID="P25_ST00145" HPOS="2368" VPOS="1320" WIDTH="84" HEIGHT="58" CONTENT="les" WC="0.97" CC="403"/>
						<SP ID="P25_SP00132" HPOS="2452" VPOS="1402" WIDTH="37"/>
						<String ID="P25_ST00146" HPOS="2489" VPOS="1318" WIDTH="296" HEIGHT="61" CONTENT="Bouffons" WC="1.00" CC="60400000"/>
					</TextLine>
					<TextLine ID="P25_TL00015" HPOS="209" VPOS="1411" WIDTH="2576" HEIGHT="84">
						<String ID="P25_ST00147" HPOS="209" VPOS="1435" WIDTH="74" HEIGHT="37" CONTENT="en" WC="0.81" CC="03"/>
						<SP ID="P25_SP00133" HPOS="283" VPOS="1472" WIDTH="38"/>
						<String ID="P25_ST00148" HPOS="321" VPOS="1412" WIDTH="293" HEIGHT="61" CONTENT="restèrent" WC="0.99" CC="600476061"/>
						<SP ID="P25_SP00134" HPOS="614" VPOS="1473" WIDTH="52"/>
						<String ID="P25_ST00149" HPOS="666" VPOS="1412" WIDTH="134" HEIGHT="83" CONTENT="près" WC="0.98" CC="0060"/>
						<SP ID="P25_SP00135" HPOS="800" VPOS="1495" WIDTH="54"/>
						<String ID="P25_ST00150" HPOS="854" VPOS="1414" WIDTH="73" HEIGHT="58" CONTENT="de" WC="1.00" CC="00"/>
						<SP ID="P25_SP00136" HPOS="927" VPOS="1495" WIDTH="49"/>
						<String ID="P25_ST00151" HPOS="976" VPOS="1415" WIDTH="178" HEIGHT="80" CONTENT="vingt" WC="0.98" CC="07205"/>
						<SP ID="P25_SP00137" HPOS="1154" VPOS="1495" WIDTH="52"/>
						<String ID="P25_ST00152" HPOS="1206" VPOS="1414" WIDTH="145" HEIGHT="58" CONTENT="dans" WC="1.00" CC="0000"/>
						<SP ID="P25_SP00138" HPOS="1351" VPOS="1495" WIDTH="51"/>
						<String ID="P25_ST00153" HPOS="1402" VPOS="1414" WIDTH="54" HEIGHT="58" CONTENT="la" WC="0.58" CC="07"/>
						<SP ID="P25_SP00139" HPOS="1456" VPOS="1495" WIDTH="50"/>
						<String ID="P25_ST00154" HPOS="1506" VPOS="1412" WIDTH="279" HEIGHT="75" CONTENT="capitale." WC="1.00" CC="200130004"/>
						<SP ID="P25_SP00140" HPOS="1785" VPOS="1495" WIDTH="47"/>
						<String ID="P25_ST00155" HPOS="1832" VPOS="1412" WIDTH="103" HEIGHT="59" CONTENT="Au" WC="0.72" CC="05"/>
						<SP ID="P25_SP00141" HPOS="1935" VPOS="1495" WIDTH="34"/>
						<String ID="P25_ST00156" HPOS="1969" VPOS="1412" WIDTH="124" HEIGHT="58" CONTENT="lieu" WC="0.98" CC="0225"/>
						<SP ID="P25_SP00142" HPOS="2093" VPOS="1495" WIDTH="36"/>
						<String ID="P25_ST00157" HPOS="2129" VPOS="1411" WIDTH="73" HEIGHT="59" CONTENT="de" WC="1.00" CC="00"/>
						<SP ID="P25_SP00143" HPOS="2202" VPOS="1495" WIDTH="35"/>
						<String ID="P25_ST00158" HPOS="2237" VPOS="1425" WIDTH="303" HEIGHT="67" CONTENT="protester" WC="1.00" CC="000500300"/>
						<SP ID="P25_SP00144" HPOS="2540" VPOS="1495" WIDTH="34"/>
						<String ID="P25_ST00159" HPOS="2574" VPOS="1425" WIDTH="211" HEIGHT="45" CONTENT="contre" WC="0.99" CC="000204"/>
					</TextLine>
					<TextLine ID="P25_TL00016" HPOS="212" VPOS="1500" WIDTH="2573" HEIGHT="88">
						<String ID="P25_ST00160" HPOS="212" VPOS="1527" WIDTH="119" HEIGHT="37" CONTENT="une" WC="0.99" CC="200"/>
						<SP ID="P25_SP00145" HPOS="331" VPOS="1564" WIDTH="36"/>
						<String ID="P25_ST00161" HPOS="367" VPOS="1514" WIDTH="36" HEIGHT="22" CONTENT='"' WC="0.58" CC="4"/>
						<SP ID="P25_SP00146" HPOS="403" VPOS="1564" WIDTH="31"/>
						<String ID="P25_ST00162" HPOS="434" VPOS="1506" WIDTH="324" HEIGHT="82" CONTENT="expulsion" WC="1.00" CC="000600400"/>
						<SP ID="P25_SP00147" HPOS="758" VPOS="1588" WIDTH="28"/>
						<String ID="P25_ST00163" HPOS="786" VPOS="1505" WIDTH="31" HEIGHT="20" CONTENT='"' WC="0.61" CC="3"/>
						<SP ID="P25_SP00148" HPOS="817" VPOS="1588" WIDTH="56"/>
						<String ID="P25_ST00164" HPOS="873" VPOS="1503" WIDTH="251" HEIGHT="61" CONTENT="différée" WC="0.99" CC="03005060"/>
						<SP ID="P25_SP00149" HPOS="1124" VPOS="1588" WIDTH="54"/>
						<String ID="P25_ST00165" HPOS="1178" VPOS="1504" WIDTH="74" HEIGHT="58" CONTENT="de" WC="0.85" CC="02"/>
						<SP ID="P25_SP00150" HPOS="1252" VPOS="1588" WIDTH="26"/>
						<String ID="P25_ST00166" HPOS="1278" VPOS="1504" WIDTH="144" HEIGHT="80" CONTENT="jour" WC="0.98" CC="3021"/>
						<SP ID="P25_SP00151" HPOS="1422" VPOS="1588" WIDTH="36"/>
						<String ID="P25_ST00167" HPOS="1458" VPOS="1525" WIDTH="71" HEIGHT="37" CONTENT="en" WC="0.74" CC="05"/>
						<SP ID="P25_SP00152" HPOS="1529" VPOS="1588" WIDTH="28"/>
						<String ID="P25_ST00168" HPOS="1557" VPOS="1504" WIDTH="166" HEIGHT="80" CONTENT="jour," WC="0.97" CC="42544"/>
						<SP ID="P25_SP00153" HPOS="1723" VPOS="1588" WIDTH="25"/>
						<String ID="P25_ST00169" HPOS="1748" VPOS="1524" WIDTH="77" HEIGHT="37" CONTENT="on" WC="0.69" CC="06"/>
						<SP ID="P25_SP00154" HPOS="1825" VPOS="1588" WIDTH="38"/>
						<String ID="P25_ST00170" HPOS="1863" VPOS="1518" WIDTH="104" HEIGHT="44" CONTENT="eut" WC="0.98" CC="042"/>
						<SP ID="P25_SP00155" HPOS="1967" VPOS="1588" WIDTH="35"/>
						<String ID="P25_ST00171" HPOS="2002" VPOS="1500" WIDTH="118" HEIGHT="74" CONTENT="été," WC="0.97" CC="4560"/>
						<SP ID="P25_SP00156" HPOS="2120" VPOS="1588" WIDTH="39"/>
						<String ID="P25_ST00172" HPOS="2159" VPOS="1501" WIDTH="386" HEIGHT="73" CONTENT="semble-t-il," WC="0.79" CC="000340131422"/>
						<SP ID="P25_SP00157" HPOS="2545" VPOS="1588" WIDTH="38"/>
						<String ID="P25_ST00173" HPOS="2583" VPOS="1503" WIDTH="202" HEIGHT="81" CONTENT="plutôt" WC="0.98" CC="064052"/>
					</TextLine>
					<TextLine ID="P25_TL00017" HPOS="210" VPOS="1594" WIDTH="2576" HEIGHT="83">
						<String ID="P25_ST00174" HPOS="210" VPOS="1619" WIDTH="74" HEIGHT="37" CONTENT="en" WC="0.75" CC="04"/>
						<SP ID="P25_SP00158" HPOS="284" VPOS="1656" WIDTH="57"/>
						<String ID="P25_ST00175" HPOS="341" VPOS="1597" WIDTH="162" HEIGHT="59" CONTENT="droit" WC="0.99" CC="00004"/>
						<SP ID="P25_SP00159" HPOS="503" VPOS="1656" WIDTH="52"/>
						<String ID="P25_ST00176" HPOS="555" VPOS="1597" WIDTH="72" HEIGHT="59" CONTENT="de" WC="0.84" CC="03"/>
						<SP ID="P25_SP00160" HPOS="627" VPOS="1656" WIDTH="49"/>
						<String ID="P25_ST00177" HPOS="676" VPOS="1595" WIDTH="305" HEIGHT="61" CONTENT="s'étonner" WC="0.99" CC="105216200"/>
						<SP ID="P25_SP00161" HPOS="981" VPOS="1656" WIDTH="51"/>
						<String ID="P25_ST00178" HPOS="1032" VPOS="1595" WIDTH="71" HEIGHT="60" CONTENT="de" WC="0.94" CC="01"/>
						<SP ID="P25_SP00162" HPOS="1103" VPOS="1656" WIDTH="52"/>
						<String ID="P25_ST00179" HPOS="1155" VPOS="1617" WIDTH="74" HEIGHT="37" CONTENT="ne" WC="0.92" CC="10"/>
						<SP ID="P25_SP00163" HPOS="1229" VPOS="1656" WIDTH="48"/>
						<String ID="P25_ST00180" HPOS="1277" VPOS="1597" WIDTH="84" HEIGHT="58" CONTENT="les" WC="0.99" CC="010"/>
						<SP ID="P25_SP00164" HPOS="1361" VPOS="1656" WIDTH="53"/>
						<String ID="P25_ST00181" HPOS="1414" VPOS="1597" WIDTH="131" HEIGHT="57" CONTENT="voir" WC="0.98" CC="7010"/>
						<SP ID="P25_SP00165" HPOS="1545" VPOS="1656" WIDTH="40"/>
						<String ID="P25_ST00182" HPOS="1585" VPOS="1595" WIDTH="221" HEIGHT="80" CONTENT="jamais" WC="1.00" CC="400000"/>
						<SP ID="P25_SP00166" HPOS="1806" VPOS="1675" WIDTH="41"/>
						<String ID="P25_ST00183" HPOS="1847" VPOS="1595" WIDTH="234" HEIGHT="82" CONTENT="quitter" WC="1.00" CC="0000500"/>
						<SP ID="P25_SP00167" HPOS="2081" VPOS="1677" WIDTH="32"/>
						<String ID="P25_ST00184" HPOS="2113" VPOS="1594" WIDTH="57" HEIGHT="58" CONTENT="la" WC="1.00" CC="00"/>
						<SP ID="P25_SP00168" HPOS="2170" VPOS="1677" WIDTH="34"/>
						<String ID="P25_ST00185" HPOS="2204" VPOS="1595" WIDTH="191" HEIGHT="80" CONTENT="place." WC="0.99" CC="030004"/>
						<SP ID="P25_SP00169" HPOS="2395" VPOS="1677" WIDTH="39"/>
						<String ID="P25_ST00186" HPOS="2434" VPOS="1594" WIDTH="352" HEIGHT="60" CONTENT="L'extrême" WC="0.99" CC="502040005"/>
					</TextLine>
					<TextLine ID="P25_TL00018" HPOS="212" VPOS="1684" WIDTH="2574" HEIGHT="83">
						<String ID="P25_ST00187" HPOS="212" VPOS="1687" WIDTH="330" HEIGHT="73" CONTENT="tolérance," WC="0.99" CC="2408002013"/>
						<SP ID="P25_SP00170" HPOS="542" VPOS="1760" WIDTH="29"/>
						<String ID="P25_ST00188" HPOS="571" VPOS="1689" WIDTH="150" HEIGHT="59" CONTENT="dont" WC="0.97" CC="7004"/>
						<SP ID="P25_SP00171" HPOS="721" VPOS="1760" WIDTH="37"/>
						<String ID="P25_ST00189" HPOS="758" VPOS="1711" WIDTH="76" HEIGHT="35" CONTENT="on" WC="0.41" CC="47"/>
						<SP ID="P25_SP00172" HPOS="834" VPOS="1760" WIDTH="38"/>
						<String ID="P25_ST00190" HPOS="872" VPOS="1710" WIDTH="104" HEIGHT="36" CONTENT="usa" WC="0.96" CC="640"/>
						<SP ID="P25_SP00173" HPOS="976" VPOS="1760" WIDTH="33"/>
						<String ID="P25_ST00191" HPOS="1009" VPOS="1686" WIDTH="32" HEIGHT="60" CONTENT="à" WC="0.25" CC="7"/>
						<SP ID="P25_SP00174" HPOS="1041" VPOS="1760" WIDTH="34"/>
						<String ID="P25_ST00192" HPOS="1075" VPOS="1688" WIDTH="132" HEIGHT="57" CONTENT="leur" WC="0.98" CC="1054"/>
						<SP ID="P25_SP00175" HPOS="1207" VPOS="1760" WIDTH="35"/>
						<String ID="P25_ST00193" HPOS="1242" VPOS="1684" WIDTH="207" HEIGHT="83" CONTENT="égard," WC="0.98" CC="770503"/>
						<SP ID="P25_SP00176" HPOS="1449" VPOS="1767" WIDTH="38"/>
						<String ID="P25_ST00194" HPOS="1487" VPOS="1701" WIDTH="105" HEIGHT="58" CONTENT="est," WC="0.99" CC="0030"/>
						<SP ID="P25_SP00177" HPOS="1592" VPOS="1767" WIDTH="52"/>
						<String ID="P25_ST00195" HPOS="1644" VPOS="1686" WIDTH="328" HEIGHT="71" CONTENT="d'ailleurs," WC="1.00" CC="01013045000"/>
						<SP ID="P25_SP00178" HPOS="1972" VPOS="1767" WIDTH="53"/>
						<String ID="P25_ST00196" HPOS="2025" VPOS="1686" WIDTH="55" HEIGHT="58" CONTENT="la" WC="0.79" CC="40"/>
						<SP ID="P25_SP00179" HPOS="2080" VPOS="1767" WIDTH="34"/>
						<String ID="P25_ST00197" HPOS="2114" VPOS="1707" WIDTH="229" HEIGHT="60" CONTENT="preuve" WC="0.99" CC="002500"/>
						<SP ID="P25_SP00180" HPOS="2343" VPOS="1767" WIDTH="35"/>
						<String ID="P25_ST00198" HPOS="2378" VPOS="1686" WIDTH="73" HEIGHT="58" CONTENT="de" WC="1.00" CC="00"/>
						<SP ID="P25_SP00181" HPOS="2451" VPOS="1767" WIDTH="34"/>
						<String ID="P25_ST00199" HPOS="2485" VPOS="1686" WIDTH="268" HEIGHT="81" CONTENT="l'impres" SUBS_TYPE="HypPart1" SUBS_CONTENT="l'impression" WC="0.99" CC="10400600"/>
						<HYP HPOS="2753" VPOS="1686" WIDTH="33" CONTENT="-"/>
					</TextLine>
					<TextLine ID="P25_TL00019" HPOS="212" VPOS="1776" WIDTH="1568" HEIGHT="85">
						<String ID="P25_ST00200" HPOS="212" VPOS="1779" WIDTH="130" HEIGHT="60" CONTENT="sion" SUBS_TYPE="HypPart2" SUBS_CONTENT="l'impression" WC="0.99" CC="0230"/>
						<SP ID="P25_SP00182" HPOS="342" VPOS="1839" WIDTH="37"/>
						<String ID="P25_ST00201" HPOS="379" VPOS="1781" WIDTH="308" HEIGHT="80" CONTENT="puissante" WC="1.00" CC="063000100"/>
						<SP ID="P25_SP00183" HPOS="687" VPOS="1861" WIDTH="36"/>
						<String ID="P25_ST00202" HPOS="723" VPOS="1801" WIDTH="121" HEIGHT="60" CONTENT="que" WC="0.97" CC="070"/>
						<SP ID="P25_SP00184" HPOS="844" VPOS="1861" WIDTH="34"/>
						<String ID="P25_ST00203" HPOS="878" VPOS="1779" WIDTH="133" HEIGHT="58" CONTENT="leur" WC="0.98" CC="0016"/>
						<SP ID="P25_SP00185" HPOS="1011" VPOS="1861" WIDTH="35"/>
						<String ID="P25_ST00204" HPOS="1046" VPOS="1800" WIDTH="340" HEIGHT="60" CONTENT="campagne" WC="1.00" CC="00000530"/>
						<SP ID="P25_SP00186" HPOS="1386" VPOS="1861" WIDTH="36"/>
						<String ID="P25_ST00205" HPOS="1422" VPOS="1776" WIDTH="69" HEIGHT="59" CONTENT="fit" WC="0.97" CC="330"/>
						<SP ID="P25_SP00187" HPOS="1491" VPOS="1861" WIDTH="35"/>
						<String ID="P25_ST00206" HPOS="1526" VPOS="1777" WIDTH="32" HEIGHT="58" CONTENT="à" WC="0.32" CC="6"/>
						<SP ID="P25_SP00188" HPOS="1558" VPOS="1861" WIDTH="38"/>
						<String ID="P25_ST00207" HPOS="1596" VPOS="1778" WIDTH="184" HEIGHT="59" CONTENT="Paris." WC="0.99" CC="000634"/>
					</TextLine>
					<TextLine ID="P25_TL00020" HPOS="395" VPOS="1867" WIDTH="2391" HEIGHT="75">
						<String ID="P25_ST00208" HPOS="395" VPOS="1872" WIDTH="104" HEIGHT="57" CONTENT="Au" WC="0.95" CC="00"/>
						<SP ID="P25_SP00189" HPOS="499" VPOS="1929" WIDTH="35"/>
						<String ID="P25_ST00209" HPOS="534" VPOS="1871" WIDTH="383" HEIGHT="71" CONTENT="demeurant," WC="1.00" CC="0100500130"/>
						<SP ID="P25_SP00190" HPOS="917" VPOS="1942" WIDTH="38"/>
						<String ID="P25_ST00210" HPOS="955" VPOS="1884" WIDTH="136" HEIGHT="45" CONTENT="tout" WC="0.98" CC="0044"/>
						<SP ID="P25_SP00191" HPOS="1091" VPOS="1942" WIDTH="35"/>
						<String ID="P25_ST00211" HPOS="1126" VPOS="1868" WIDTH="150" HEIGHT="60" CONTENT="était" WC="0.98" CC="74024"/>
						<SP ID="P25_SP00192" HPOS="1276" VPOS="1942" WIDTH="35"/>
						<String ID="P25_ST00212" HPOS="1311" VPOS="1868" WIDTH="260" HEIGHT="59" CONTENT="bouffon" WC="1.00" CC="2040000"/>
						<SP ID="P25_SP00193" HPOS="1571" VPOS="1942" WIDTH="35"/>
						<String ID="P25_ST00213" HPOS="1606" VPOS="1868" WIDTH="146" HEIGHT="59" CONTENT="dans" WC="0.97" CC="0660"/>
						<SP ID="P25_SP00194" HPOS="1752" VPOS="1942" WIDTH="34"/>
						<String ID="P25_ST00214" HPOS="1786" VPOS="1870" WIDTH="133" HEIGHT="57" CONTENT="leur" WC="0.97" CC="4153"/>
						<SP ID="P25_SP00195" HPOS="1919" VPOS="1942" WIDTH="39"/>
						<String ID="P25_ST00215" HPOS="1958" VPOS="1867" WIDTH="229" HEIGHT="60" CONTENT="affaire." WC="0.99" CC="00082001"/>
						<SP ID="P25_SP00196" HPOS="2187" VPOS="1942" WIDTH="43"/>
						<String ID="P25_ST00216" HPOS="2230" VPOS="1868" WIDTH="341" HEIGHT="73" CONTENT="Rousselet," WC="0.88" CC="0120041001"/>
						<SP ID="P25_SP00197" HPOS="2571" VPOS="1942" WIDTH="52"/>
						<String ID="P25_ST00217" HPOS="2623" VPOS="1868" WIDTH="131" HEIGHT="59" CONTENT="l'im" SUBS_TYPE="HypPart1" SUBS_CONTENT="l'imprésario" WC="0.99" CC="5000"/>
						<HYP HPOS="2754" VPOS="1868" WIDTH="32" CONTENT="-"/>
					</TextLine>
					<TextLine ID="P25_TL00021" HPOS="212" VPOS="1956" WIDTH="2573" HEIGHT="86">
						<String ID="P25_ST00218" HPOS="212" VPOS="1962" WIDTH="268" HEIGHT="80" CONTENT="présario" SUBS_TYPE="HypPart2" SUBS_CONTENT="l'imprésario" WC="1.00" CC="00000030"/>
						<SP ID="P25_SP00198" HPOS="480" VPOS="2042" WIDTH="34"/>
						<String ID="P25_ST00219" HPOS="514" VPOS="1960" WIDTH="315" HEIGHT="72" CONTENT="éconduit," WC="0.81" CC="603302100"/>
						<SP ID="P25_SP00199" HPOS="829" VPOS="2042" WIDTH="33"/>
						<String ID="P25_ST00220" HPOS="862" VPOS="1983" WIDTH="74" HEIGHT="35" CONTENT="ne" WC="1.00" CC="00"/>
						<SP ID="P25_SP00200" HPOS="936" VPOS="2042" WIDTH="34"/>
						<String ID="P25_ST00221" HPOS="970" VPOS="1960" WIDTH="347" HEIGHT="60" CONTENT="s'avisa-t-il" WC="0.91" CC="130040000000"/>
						<SP ID="P25_SP00201" HPOS="1317" VPOS="2042" WIDTH="34"/>
						<String ID="P25_ST00222" HPOS="1351" VPOS="1980" WIDTH="123" HEIGHT="61" CONTENT="pas," WC="1.00" CC="0000"/>
						<SP ID="P25_SP00202" HPOS="1474" VPOS="2042" WIDTH="28"/>
						<String ID="P25_ST00223" HPOS="1502" VPOS="1960" WIDTH="55" HEIGHT="58" CONTENT="le" WC="0.89" CC="20"/>
						<SP ID="P25_SP00203" HPOS="1557" VPOS="2042" WIDTH="39"/>
						<String ID="P25_ST00224" HPOS="1596" VPOS="1980" WIDTH="18" HEIGHT="37" CONTENT="1" WC="0.99" CC="0"/>
						<SP ID="P25_SP00204" HPOS="1614" VPOS="2042" WIDTH="23"/>
						<String ID="P25_ST00225" HPOS="1637" VPOS="1979" WIDTH="30" HEIGHT="39" CONTENT="2" WC="1.00" CC="0"/>
						<SP ID="P25_SP00205" HPOS="1667" VPOS="2042" WIDTH="33"/>
						<String ID="P25_ST00226" HPOS="1700" VPOS="1980" WIDTH="158" HEIGHT="37" CONTENT="mars" WC="1.00" CC="0000"/>
						<SP ID="P25_SP00206" HPOS="1858" VPOS="2042" WIDTH="45"/>
						<String ID="P25_ST00227" HPOS="1903" VPOS="1976" WIDTH="188" HEIGHT="63" CONTENT="1754," WC="0.57" CC="06643"/>
						<SP ID="P25_SP00207" HPOS="2091" VPOS="2042" WIDTH="26"/>
						<String ID="P25_ST00228" HPOS="2117" VPOS="1957" WIDTH="72" HEIGHT="60" CONTENT="de" WC="1.00" CC="00"/>
						<SP ID="P25_SP00208" HPOS="2189" VPOS="2042" WIDTH="34"/>
						<String ID="P25_ST00229" HPOS="2223" VPOS="1956" WIDTH="150" HEIGHT="61" CONTENT="faire" WC="0.99" CC="00330"/>
						<SP ID="P25_SP00209" HPOS="2373" VPOS="2042" WIDTH="36"/>
						<String ID="P25_ST00230" HPOS="2409" VPOS="1960" WIDTH="376" HEIGHT="80" CONTENT="opposition," WC="1.00" CC="00000003533"/>
					</TextLine>
					<TextLine ID="P25_TL00022" HPOS="213" VPOS="2050" WIDTH="2575" HEIGHT="83">
						<String ID="P25_ST00231" HPOS="213" VPOS="2068" WIDTH="169" HEIGHT="44" CONTENT="entre" WC="0.98" CC="03142"/>
						<SP ID="P25_SP00210" HPOS="382" VPOS="2112" WIDTH="53"/>
						<String ID="P25_ST00232" HPOS="435" VPOS="2054" WIDTH="83" HEIGHT="57" CONTENT="les" WC="0.98" CC="040"/>
						<SP ID="P25_SP00211" HPOS="518" VPOS="2112" WIDTH="53"/>
						<String ID="P25_ST00233" HPOS="571" VPOS="2054" WIDTH="197" HEIGHT="57" CONTENT="mains" WC="0.98" CC="05270"/>
						<SP ID="P25_SP00212" HPOS="768" VPOS="2112" WIDTH="53"/>
						<String ID="P25_ST00234" HPOS="821" VPOS="2053" WIDTH="82" HEIGHT="58" CONTENT="du" WC="0.80" CC="03"/>
						<SP ID="P25_SP00213" HPOS="903" VPOS="2112" WIDTH="54"/>
						<String ID="P25_ST00235" HPOS="957" VPOS="2053" WIDTH="241" HEIGHT="58" CONTENT="caissier" WC="1.00" CC="00000400"/>
						<SP ID="P25_SP00214" HPOS="1198" VPOS="2112" WIDTH="49"/>
						<String ID="P25_ST00236" HPOS="1247" VPOS="2050" WIDTH="73" HEIGHT="60" CONTENT="de" WC="1.00" CC="00"/>
						<SP ID="P25_SP00215" HPOS="1320" VPOS="2112" WIDTH="51"/>
						<String ID="P25_ST00237" HPOS="1371" VPOS="2050" WIDTH="276" HEIGHT="83" CONTENT="l'Opéra," WC="0.99" CC="30007250"/>
						<SP ID="P25_SP00216" HPOS="1647" VPOS="2133" WIDTH="52"/>
						<String ID="P25_ST00238" HPOS="1699" VPOS="2050" WIDTH="74" HEIGHT="58" CONTENT="de" WC="1.00" CC="00"/>
						<SP ID="P25_SP00217" HPOS="1773" VPOS="2133" WIDTH="55"/>
						<String ID="P25_ST00239" HPOS="1828" VPOS="2051" WIDTH="314" HEIGHT="71" CONTENT="Neuville," WC="1.00" CC="305010200"/>
						<SP ID="P25_SP00218" HPOS="2142" VPOS="2133" WIDTH="55"/>
						<String ID="P25_ST00240" HPOS="2197" VPOS="2073" WIDTH="75" HEIGHT="37" CONTENT="au" WC="0.67" CC="06"/>
						<SP ID="P25_SP00219" HPOS="2272" VPOS="2133" WIDTH="53"/>
						<String ID="P25_ST00241" HPOS="2325" VPOS="2053" WIDTH="311" HEIGHT="80" CONTENT="paiement" WC="0.99" CC="00050043"/>
						<SP ID="P25_SP00220" HPOS="2636" VPOS="2133" WIDTH="50"/>
						<String ID="P25_ST00242" HPOS="2686" VPOS="2050" WIDTH="102" HEIGHT="60" CONTENT="des" WC="0.98" CC="040"/>
					</TextLine>
					<TextLine ID="P25_TL00023" HPOS="212" VPOS="2141" WIDTH="2575" HEIGHT="84">
						<String ID="P25_ST00243" HPOS="212" VPOS="2164" WIDTH="265" HEIGHT="38" CONTENT="sommes" WC="1.00" CC="000000"/>
						<SP ID="P25_SP00221" HPOS="477" VPOS="2202" WIDTH="36"/>
						<String ID="P25_ST00244" HPOS="513" VPOS="2143" WIDTH="146" HEIGHT="59" CONTENT="dues" WC="0.99" CC="0200"/>
						<SP ID="P25_SP00222" HPOS="659" VPOS="2202" WIDTH="34"/>
						<String ID="P25_ST00245" HPOS="693" VPOS="2141" WIDTH="32" HEIGHT="60" CONTENT="à" WC="0.29" CC="7"/>
						<SP ID="P25_SP00223" HPOS="725" VPOS="2202" WIDTH="34"/>
						<String ID="P25_ST00246" HPOS="759" VPOS="2144" WIDTH="51" HEIGHT="57" CONTENT="la" WC="0.69" CC="06"/>
						<SP ID="P25_SP00224" HPOS="810" VPOS="2202" WIDTH="39"/>
						<String ID="P25_ST00247" HPOS="849" VPOS="2158" WIDTH="221" HEIGHT="65" CONTENT="troupe" WC="0.99" CC="510600"/>
						<SP ID="P25_SP00225" HPOS="1070" VPOS="2223" WIDTH="36"/>
						<String ID="P25_ST00248" HPOS="1106" VPOS="2141" WIDTH="72" HEIGHT="59" CONTENT="de" WC="1.00" CC="00"/>
						<SP ID="P25_SP00226" HPOS="1178" VPOS="2223" WIDTH="40"/>
						<String ID="P25_ST00249" HPOS="1218" VPOS="2141" WIDTH="288" HEIGHT="59" CONTENT="Bambini" WC="0.76" CC="0003371"/>
						<SP ID="P25_SP00227" HPOS="1506" VPOS="2223" WIDTH="35"/>
						<String ID="P25_ST00250" HPOS="1541" VPOS="2143" WIDTH="18" HEIGHT="57" CONTENT="?" WC="0.69" CC="3"/>
						<SP ID="P25_SP00228" HPOS="1559" VPOS="2223" WIDTH="40"/>
						<String ID="P25_ST00251" HPOS="1599" VPOS="2143" WIDTH="146" HEIGHT="57" CONTENT="Sans" WC="0.99" CC="0050"/>
						<SP ID="P25_SP00229" HPOS="1745" VPOS="2223" WIDTH="35"/>
						<String ID="P25_ST00252" HPOS="1780" VPOS="2141" WIDTH="159" HEIGHT="60" CONTENT="tenir" WC="0.99" CC="50003"/>
						<SP ID="P25_SP00230" HPOS="1939" VPOS="2223" WIDTH="34"/>
						<String ID="P25_ST00253" HPOS="1973" VPOS="2155" WIDTH="252" HEIGHT="68" CONTENT="compte" WC="0.99" CC="000053"/>
						<SP ID="P25_SP00231" HPOS="2225" VPOS="2223" WIDTH="36"/>
						<String ID="P25_ST00254" HPOS="2261" VPOS="2141" WIDTH="72" HEIGHT="59" CONTENT="de" WC="1.00" CC="00"/>
						<SP ID="P25_SP00232" HPOS="2333" VPOS="2223" WIDTH="45"/>
						<String ID="P25_ST00255" HPOS="2378" VPOS="2143" WIDTH="203" HEIGHT="57" CONTENT="l'arrêt" WC="1.00" CC="0000013"/>
						<SP ID="P25_SP00233" HPOS="2581" VPOS="2223" WIDTH="36"/>
						<String ID="P25_ST00256" HPOS="2617" VPOS="2141" WIDTH="170" HEIGHT="84" CONTENT="royal" WC="0.98" CC="05600"/>
					</TextLine>
					<TextLine ID="P25_TL00024" HPOS="213" VPOS="2230" WIDTH="2569" HEIGHT="85">
						<String ID="P25_ST00257" HPOS="213" VPOS="2235" WIDTH="107" HEIGHT="80" CONTENT="qui" WC="0.98" CC="004"/>
						<SP ID="P25_SP00234" HPOS="320" VPOS="2315" WIDTH="36"/>
						<String ID="P25_ST00258" HPOS="356" VPOS="2235" WIDTH="275" HEIGHT="58" CONTENT="annulait" WC="0.99" CC="05050224"/>
						<SP ID="P25_SP00235" HPOS="631" VPOS="2315" WIDTH="34"/>
						<String ID="P25_ST00259" HPOS="665" VPOS="2254" WIDTH="108" HEIGHT="39" CONTENT="son" WC="0.97" CC="007"/>
						<SP ID="P25_SP00236" HPOS="773" VPOS="2315" WIDTH="37"/>
						<String ID="P25_ST00260" HPOS="810" VPOS="2232" WIDTH="178" HEIGHT="59" CONTENT="traité" WC="0.99" CC="000406"/>
						<SP ID="P25_SP00237" HPOS="988" VPOS="2315" WIDTH="38"/>
						<String ID="P25_ST00261" HPOS="1026" VPOS="2232" WIDTH="71" HEIGHT="59" CONTENT="de" WC="1.00" CC="00"/>
						<SP ID="P25_SP00238" HPOS="1097" VPOS="2315" WIDTH="48"/>
						<String ID="P25_ST00262" HPOS="1145" VPOS="2252" WIDTH="187" HEIGHT="61" CONTENT="1752," WC="0.74" CC="20450"/>
						<SP ID="P25_SP00239" HPOS="1332" VPOS="2315" WIDTH="37"/>
						<String ID="P25_ST00263" HPOS="1369" VPOS="2234" WIDTH="45" HEIGHT="57" CONTENT="il" WC="0.75" CC="22"/>
						<SP ID="P25_SP00240" HPOS="1414" VPOS="2315" WIDTH="33"/>
						<String ID="P25_ST00264" HPOS="1447" VPOS="2230" WIDTH="318" HEIGHT="61" CONTENT="réclamait" WC="0.99" CC="370600053"/>
						<SP ID="P25_SP00241" HPOS="1765" VPOS="2315" WIDTH="37"/>
						<String ID="P25_ST00265" HPOS="1802" VPOS="2247" WIDTH="211" HEIGHT="44" CONTENT="contre" WC="0.99" CC="000460"/>
						<SP ID="P25_SP00242" HPOS="2013" VPOS="2315" WIDTH="41"/>
						<String ID="P25_ST00266" HPOS="2054" VPOS="2234" WIDTH="55" HEIGHT="56" CONTENT="le" WC="0.52" CC="62"/>
						<SP ID="P25_SP00243" HPOS="2109" VPOS="2315" WIDTH="36"/>
						<String ID="P25_ST00267" HPOS="2145" VPOS="2230" WIDTH="208" HEIGHT="61" CONTENT="défaut" WC="0.99" CC="080050"/>
						<SP ID="P25_SP00244" HPOS="2353" VPOS="2315" WIDTH="35"/>
						<String ID="P25_ST00268" HPOS="2388" VPOS="2232" WIDTH="394" HEIGHT="61" CONTENT="d'exécution" WC="1.00" CC="00106041220"/>
					</TextLine>
					<TextLine ID="P25_TL00025" HPOS="212" VPOS="2322" WIDTH="2574" HEIGHT="84">
						<String ID="P25_ST00269" HPOS="212" VPOS="2326" WIDTH="75" HEIGHT="58" CONTENT="de" WC="0.63" CC="61"/>
						<SP ID="P25_SP00245" HPOS="287" VPOS="2384" WIDTH="34"/>
						<String ID="P25_ST00270" HPOS="321" VPOS="2327" WIDTH="272" HEIGHT="71" CONTENT="celui-ci," WC="1.00" CC="002503000"/>
						<SP ID="P25_SP00246" HPOS="593" VPOS="2398" WIDTH="39"/>
						<String ID="P25_ST00271" HPOS="632" VPOS="2341" WIDTH="57" HEIGHT="42" CONTENT="et" WC="1.00" CC="00"/>
						<SP ID="P25_SP00247" HPOS="689" VPOS="2398" WIDTH="36"/>
						<String ID="P25_ST00272" HPOS="725" VPOS="2324" WIDTH="352" HEIGHT="59" CONTENT="demandait" WC="1.00" CC="010030500"/>
						<SP ID="P25_SP00248" HPOS="1077" VPOS="2398" WIDTH="35"/>
						<String ID="P25_ST00273" HPOS="1112" VPOS="2326" WIDTH="53" HEIGHT="57" CONTENT="le" WC="0.99" CC="00"/>
						<SP ID="P25_SP00249" HPOS="1165" VPOS="2398" WIDTH="36"/>
						<String ID="P25_ST00274" HPOS="1201" VPOS="2340" WIDTH="343" HEIGHT="43" CONTENT="versement" WC="0.99" CC="005000243"/>
						<SP ID="P25_SP00250" HPOS="1544" VPOS="2398" WIDTH="37"/>
						<String ID="P25_ST00275" HPOS="1581" VPOS="2324" WIDTH="80" HEIGHT="59" CONTENT="du" WC="0.72" CC="05"/>
						<SP ID="P25_SP00251" HPOS="1661" VPOS="2398" WIDTH="38"/>
						<String ID="P25_ST00276" HPOS="1699" VPOS="2322" WIDTH="170" HEIGHT="61" CONTENT="dédit" WC="0.99" CC="07030"/>
						<SP ID="P25_SP00252" HPOS="1869" VPOS="2398" WIDTH="36"/>
						<String ID="P25_ST00277" HPOS="1905" VPOS="2324" WIDTH="72" HEIGHT="57" CONTENT="de" WC="0.96" CC="00"/>
						<SP ID="P25_SP00253" HPOS="1977" VPOS="2398" WIDTH="28"/>
						<String ID="P25_ST00278" HPOS="2005" VPOS="2343" WIDTH="171" HEIGHT="40" CONTENT="2000" WC="0.95" CC="0200"/>
						<SP ID="P25_SP00254" HPOS="2176" VPOS="2398" WIDTH="37"/>
						<String ID="P25_ST00279" HPOS="2213" VPOS="2324" WIDTH="181" HEIGHT="59" CONTENT="livres" WC="1.00" CC="230000"/>
						<SP ID="P25_SP00255" HPOS="2394" VPOS="2398" WIDTH="36"/>
						<String ID="P25_ST00280" HPOS="2430" VPOS="2324" WIDTH="107" HEIGHT="82" CONTENT="qui" WC="0.98" CC="042"/>
						<SP ID="P25_SP00256" HPOS="2537" VPOS="2406" WIDTH="33"/>
						<String ID="P25_ST00281" HPOS="2570" VPOS="2346" WIDTH="39" HEIGHT="60" CONTENT="y" WC="0.05" CC="9"/>
						<SP ID="P25_SP00257" HPOS="2609" VPOS="2406" WIDTH="27"/>
						<String ID="P25_ST00282" HPOS="2636" VPOS="2323" WIDTH="150" HEIGHT="61" CONTENT="était" WC="0.98" CC="70900"/>
					</TextLine>
					<TextLine ID="P25_TL00026" HPOS="213" VPOS="2413" WIDTH="2574" HEIGHT="87">
						<String ID="P25_ST00283" HPOS="213" VPOS="2417" WIDTH="245" HEIGHT="83" CONTENT="stipulé." WC="0.98" CC="05306374"/>
						<String ID="P25_ST00284" HPOS="485" VPOS="2416" WIDTH="15" HEIGHT="28" CONTENT="3" STYLE="superscript" WC="0.37" CC="6"/>
						<SP ID="P25_SP00258" HPOS="500" VPOS="2500" WIDTH="36"/>
						<String ID="P25_ST00285" HPOS="536" VPOS="2418" WIDTH="90" HEIGHT="59" CONTENT="Le" WC="1.00" CC="00"/>
						<SP ID="P25_SP00259" HPOS="626" VPOS="2500" WIDTH="30"/>
						<String ID="P25_ST00286" HPOS="656" VPOS="2414" WIDTH="228" HEIGHT="61" CONTENT="Prévôt" WC="0.98" CC="037043"/>
						<SP ID="P25_SP00260" HPOS="884" VPOS="2500" WIDTH="46"/>
						<String ID="P25_ST00287" HPOS="930" VPOS="2416" WIDTH="102" HEIGHT="59" CONTENT="des" WC="0.99" CC="002"/>
						<SP ID="P25_SP00261" HPOS="1032" VPOS="2500" WIDTH="50"/>
						<String ID="P25_ST00288" HPOS="1082" VPOS="2416" WIDTH="383" HEIGHT="59" CONTENT="Marchands" WC="0.99" CC="002060400"/>
						<SP ID="P25_SP00262" HPOS="1465" VPOS="2500" WIDTH="36"/>
						<String ID="P25_ST00289" HPOS="1501" VPOS="2417" WIDTH="115" HEIGHT="57" CONTENT="mit" WC="0.95" CC="353"/>
						<SP ID="P25_SP00263" HPOS="1616" VPOS="2500" WIDTH="36"/>
						<String ID="P25_ST00290" HPOS="1652" VPOS="2413" WIDTH="84" HEIGHT="61" CONTENT="fin" WC="0.98" CC="002"/>
						<SP ID="P25_SP00264" HPOS="1736" VPOS="2500" WIDTH="37"/>
						<String ID="P25_ST00291" HPOS="1773" VPOS="2414" WIDTH="31" HEIGHT="60" CONTENT="à" WC="0.30" CC="6"/>
						<SP ID="P25_SP00265" HPOS="1804" VPOS="2500" WIDTH="37"/>
						<String ID="P25_ST00292" HPOS="1841" VPOS="2431" WIDTH="159" HEIGHT="43" CONTENT="cette" WC="0.99" CC="00043"/>
						<SP ID="P25_SP00266" HPOS="2000" VPOS="2500" WIDTH="37"/>
						<String ID="P25_ST00293" HPOS="2037" VPOS="2413" WIDTH="301" HEIGHT="75" CONTENT="comédie," WC="0.99" CC="00070350"/>
						<SP ID="P25_SP00267" HPOS="2338" VPOS="2500" WIDTH="36"/>
						<String ID="P25_ST00294" HPOS="2374" VPOS="2437" WIDTH="74" HEIGHT="37" CONTENT="en" WC="0.70" CC="05"/>
						<SP ID="P25_SP00268" HPOS="2448" VPOS="2500" WIDTH="37"/>
						<String ID="P25_ST00295" HPOS="2485" VPOS="2416" WIDTH="302" HEIGHT="59" CONTENT="adressant" WC="1.00" CC="010000800"/>
					</TextLine>
					<TextLine ID="P25_TL00027" HPOS="214" VPOS="2506" WIDTH="2574" HEIGHT="85">
						<String ID="P25_ST00296" HPOS="214" VPOS="2530" WIDTH="118" HEIGHT="37" CONTENT="une" WC="0.97" CC="025"/>
						<SP ID="P25_SP00269" HPOS="332" VPOS="2567" WIDTH="37"/>
						<String ID="P25_ST00297" HPOS="369" VPOS="2508" WIDTH="252" HEIGHT="83" CONTENT="requête" WC="0.99" CC="3006041"/>
						<SP ID="P25_SP00270" HPOS="621" VPOS="2591" WIDTH="35"/>
						<String ID="P25_ST00298" HPOS="656" VPOS="2530" WIDTH="75" HEIGHT="36" CONTENT="au" WC="0.81" CC="03"/>
						<SP ID="P25_SP00271" HPOS="731" VPOS="2591" WIDTH="36"/>
						<String ID="P25_ST00299" HPOS="767" VPOS="2508" WIDTH="91" HEIGHT="58" CONTENT="roi" WC="0.98" CC="030"/>
						<SP ID="P25_SP00272" HPOS="858" VPOS="2591" WIDTH="38"/>
						<String ID="P25_ST00300" HPOS="896" VPOS="2508" WIDTH="128" HEIGHT="80" CONTENT="qui," WC="1.00" CC="0000"/>
						<SP ID="P25_SP00273" HPOS="1024" VPOS="2591" WIDTH="39"/>
						<String ID="P25_ST00301" HPOS="1063" VPOS="2529" WIDTH="106" HEIGHT="59" CONTENT="par" WC="1.00" CC="000"/>
						<SP ID="P25_SP00274" HPOS="1169" VPOS="2591" WIDTH="35"/>
						<String ID="P25_ST00302" HPOS="1204" VPOS="2507" WIDTH="158" HEIGHT="59" CONTENT="arrêt" WC="0.99" CC="00620"/>
						<SP ID="P25_SP00275" HPOS="1362" VPOS="2591" WIDTH="37"/>
						<String ID="P25_ST00303" HPOS="1399" VPOS="2506" WIDTH="81" HEIGHT="58" CONTENT="du" WC="1.00" CC="00"/>
						<SP ID="P25_SP00276" HPOS="1480" VPOS="2591" WIDTH="36"/>
						<String ID="P25_ST00304" HPOS="1516" VPOS="2508" WIDTH="229" HEIGHT="58" CONTENT="conseil" WC="0.99" CC="0170030"/>
						<SP ID="P25_SP00277" HPOS="1745" VPOS="2591" WIDTH="36"/>
						<String ID="P25_ST00305" HPOS="1781" VPOS="2507" WIDTH="230" HEIGHT="71" CONTENT="d'Etat," WC="0.99" CC="0056040"/>
						<SP ID="P25_SP00278" HPOS="2011" VPOS="2591" WIDTH="54"/>
						<String ID="P25_ST00306" HPOS="2065" VPOS="2528" WIDTH="73" HEIGHT="36" CONTENT="en" WC="0.86" CC="02"/>
						<SP ID="P25_SP00279" HPOS="2138" VPOS="2591" WIDTH="56"/>
						<String ID="P25_ST00307" HPOS="2194" VPOS="2506" WIDTH="136" HEIGHT="58" CONTENT="date" WC="0.99" CC="0050"/>
						<SP ID="P25_SP00280" HPOS="2330" VPOS="2591" WIDTH="51"/>
						<String ID="P25_ST00308" HPOS="2381" VPOS="2507" WIDTH="81" HEIGHT="57" CONTENT="du" WC="0.67" CC="06"/>
						<SP ID="P25_SP00281" HPOS="2462" VPOS="2591" WIDTH="59"/>
						<String ID="P25_ST00309" HPOS="2521" VPOS="2507" WIDTH="80" HEIGHT="60" CONTENT="26" WC="0.82" CC="30"/>
						<SP ID="P25_SP00282" HPOS="2601" VPOS="2591" WIDTH="36"/>
						<String ID="P25_ST00310" HPOS="2637" VPOS="2508" WIDTH="151" HEIGHT="59" CONTENT="avril" WC="0.99" CC="00022"/>
					</TextLine>
					<TextLine ID="P25_TL00028" HPOS="224" VPOS="2596" WIDTH="2412" HEIGHT="84">
						<String ID="P25_ST00311" HPOS="224" VPOS="2619" WIDTH="188" HEIGHT="61" CONTENT="1754," WC="0.97" CC="00100"/>
						<SP ID="P25_SP00283" HPOS="412" VPOS="2680" WIDTH="38"/>
						<String ID="P25_ST00312" HPOS="450" VPOS="2597" WIDTH="238" HEIGHT="61" CONTENT="déclara" WC="0.99" CC="0702006"/>
						<SP ID="P25_SP00284" HPOS="688" VPOS="2680" WIDTH="35"/>
						<String ID="P25_ST00313" HPOS="723" VPOS="2600" WIDTH="164" HEIGHT="57" CONTENT="nulle" WC="0.99" CC="08000"/>
						<SP ID="P25_SP00285" HPOS="887" VPOS="2680" WIDTH="30"/>
						<String ID="P25_ST00314" HPOS="917" VPOS="2613" WIDTH="57" HEIGHT="44" CONTENT="et" WC="0.81" CC="03"/>
						<SP ID="P25_SP00286" HPOS="974" VPOS="2680" WIDTH="38"/>
						<String ID="P25_ST00315" HPOS="1012" VPOS="2620" WIDTH="119" HEIGHT="37" CONTENT="non" WC="0.98" CC="003"/>
						<SP ID="P25_SP00287" HPOS="1131" VPOS="2680" WIDTH="38"/>
						<String ID="P25_ST00316" HPOS="1169" VPOS="2620" WIDTH="234" HEIGHT="37" CONTENT="avenue" WC="0.99" CC="500330"/>
						<SP ID="P25_SP00288" HPOS="1403" VPOS="2680" WIDTH="35"/>
						<String ID="P25_ST00317" HPOS="1438" VPOS="2597" WIDTH="401" HEIGHT="83" CONTENT="l'opposition" WC="1.00" CC="000005042303"/>
						<SP ID="P25_SP00289" HPOS="1839" VPOS="2680" WIDTH="36"/>
						<String ID="P25_ST00318" HPOS="1875" VPOS="2597" WIDTH="73" HEIGHT="59" CONTENT="de" WC="1.00" CC="00"/>
						<SP ID="P25_SP00290" HPOS="1948" VPOS="2680" WIDTH="35"/>
						<String ID="P25_ST00319" HPOS="1983" VPOS="2596" WIDTH="244" HEIGHT="60" CONTENT="l'entêté" WC="0.99" CC="03060137"/>
						<SP ID="P25_SP00291" HPOS="2227" VPOS="2680" WIDTH="37"/>
						<String ID="P25_ST00320" HPOS="2264" VPOS="2597" WIDTH="325" HEIGHT="61" CONTENT="directeur." WC="0.99" CC="0620055503"/>
						<SP ID="P25_SP00292" HPOS="2589" VPOS="2680" WIDTH="29"/>
						<String ID="P25_ST00321" HPOS="2618" VPOS="2597" WIDTH="18" HEIGHT="27" CONTENT="4" STYLE="superscript" WC="0.04" CC="9"/>
					</TextLine>
				</TextBlock>
				<TextBlock ID="P25_TB00004" HPOS="1704" VPOS="2729" WIDTH="898" HEIGHT="59" STYLEREFS="TXT_4 PAR_RIGHT">
					<TextLine ID="P25_TL00029" HPOS="1705" VPOS="2732" WIDTH="897" HEIGHT="56">
						<String ID="P25_ST00322" HPOS="1705" VPOS="2732" WIDTH="897" HEIGHT="56" CONTENT="Lionel" WC="1.00" CC="100000"/>
						<SP ID="P25_SP00293" HPOS="2602" VPOS="2788" WIDTH="-1"/>
						<String ID="P25_ST00323" HPOS="2601" VPOS="2732" WIDTH="1" HEIGHT="56" CONTENT="de" WC="0.98" CC="00"/>
						<SP ID="P25_SP00294" HPOS="2602" VPOS="2788" WIDTH="-2"/>
						<String ID="P25_ST00324" HPOS="2600" VPOS="2732" WIDTH="2" HEIGHT="56" CONTENT="la" WC="0.98" CC="00"/>
						<SP ID="P25_SP00295" HPOS="2602" VPOS="2788" WIDTH="-1"/>
						<String ID="P25_ST00325" HPOS="2601" VPOS="2732" WIDTH="1" HEIGHT="56" CONTENT="Laurencie." WC="0.96" CC="0000000000"/>
						<SP ID="P25_SP00296" HPOS="2602" VPOS="2788" WIDTH="0"/>
					</TextLine>
				</TextBlock>
				<TextBlock ID="P25_TB00005" HPOS="331" VPOS="3456" WIDTH="1914" HEIGHT="229" STYLEREFS="TXT_5 PAR_LEFT">
					<TextLine ID="P25_TL00030" HPOS="335" VPOS="3457" WIDTH="611" HEIGHT="54">
						<String ID="P25_ST00326" HPOS="335" VPOS="3459" WIDTH="9" HEIGHT="23" CONTENT="1" STYLE="superscript" WC="0.28" CC="7"/>
						<SP ID="P25_SP00297" HPOS="344" VPOS="3482" WIDTH="27"/>
						<String ID="P25_ST00327" HPOS="371" VPOS="3457" WIDTH="125" HEIGHT="42" CONTENT="Collé." WC="0.99" CC="400400"/>
						<SP ID="P25_SP00298" HPOS="496" VPOS="3499" WIDTH="25"/>
						<String ID="P25_ST00328" HPOS="521" VPOS="3461" WIDTH="84" HEIGHT="38" CONTENT="Loc." WC="0.40" CC="6636" STYLEREFS="TXT_6"/>
						<SP ID="P25_SP00299" HPOS="605" VPOS="3499" WIDTH="24"/>
						<String ID="P25_ST00329" HPOS="629" VPOS="3458" WIDTH="76" HEIGHT="45" CONTENT="cit.," WC="0.98" CC="20077" STYLEREFS="TXT_6"/>
						<SP ID="P25_SP00300" HPOS="705" VPOS="3503" WIDTH="26"/>
						<String ID="P25_ST00330" HPOS="731" VPOS="3459" WIDTH="32" HEIGHT="47" CONTENT="I," WC="0.69" CC="60"/>
						<SP ID="P25_SP00301" HPOS="763" VPOS="3506" WIDTH="25"/>
						<String ID="P25_ST00331" HPOS="788" VPOS="3471" WIDTH="38" HEIGHT="40" CONTENT="p." WC="0.76" CC="04"/>
						<SP ID="P25_SP00302" HPOS="826" VPOS="3511" WIDTH="28"/>
						<String ID="P25_ST00332" HPOS="854" VPOS="3473" WIDTH="92" HEIGHT="35" CONTENT="391." WC="0.66" CC="5034"/>
					</TextLine>
					<TextLine ID="P25_TL00031" HPOS="332" VPOS="3517" WIDTH="628" HEIGHT="53">
						<String ID="P25_ST00333" HPOS="332" VPOS="3518" WIDTH="14" HEIGHT="22" CONTENT="2" STYLE="superscript" WC="0.24" CC="7"/>
						<SP ID="P25_SP00303" HPOS="346" VPOS="3540" WIDTH="22"/>
						<String ID="P25_ST00334" HPOS="368" VPOS="3520" WIDTH="54" HEIGHT="37" CONTENT="A." WC="1.00" CC="00"/>
						<SP ID="P25_SP00304" HPOS="422" VPOS="3557" WIDTH="27"/>
						<String ID="P25_ST00335" HPOS="449" VPOS="3520" WIDTH="119" HEIGHT="46" CONTENT="Font," WC="0.98" CC="02650"/>
						<SP ID="P25_SP00305" HPOS="568" VPOS="3566" WIDTH="23"/>
						<String ID="P25_ST00336" HPOS="591" VPOS="3519" WIDTH="84" HEIGHT="38" CONTENT="Loc." WC="0.78" CC="0602" STYLEREFS="TXT_6"/>
						<SP ID="P25_SP00306" HPOS="675" VPOS="3566" WIDTH="24"/>
						<String ID="P25_ST00337" HPOS="699" VPOS="3517" WIDTH="77" HEIGHT="47" CONTENT="cit.," WC="0.98" CC="70014" STYLEREFS="TXT_6"/>
						<SP ID="P25_SP00307" HPOS="776" VPOS="3566" WIDTH="24"/>
						<String ID="P25_ST00338" HPOS="800" VPOS="3531" WIDTH="37" HEIGHT="39" CONTENT="p." WC="1.00" CC="00"/>
						<SP ID="P25_SP00308" HPOS="837" VPOS="3570" WIDTH="28"/>
						<String ID="P25_ST00339" HPOS="865" VPOS="3520" WIDTH="95" HEIGHT="36" CONTENT="262." WC="0.42" CC="6573"/>
					</TextLine>
					<TextLine ID="P25_TL00032" HPOS="332" VPOS="3573" WIDTH="1913" HEIGHT="53">
						<String ID="P25_ST00340" HPOS="332" VPOS="3576" WIDTH="14" HEIGHT="23" CONTENT="3" STYLE="superscript" WC="0.54" CC="4"/>
						<SP ID="P25_SP00309" HPOS="346" VPOS="3599" WIDTH="23"/>
						<String ID="P25_ST00341" HPOS="369" VPOS="3576" WIDTH="209" HEIGHT="41" CONTENT="Rousselet" WC="0.80" CC="156000013"/>
						<SP ID="P25_SP00310" HPOS="578" VPOS="3617" WIDTH="22"/>
						<String ID="P25_ST00342" HPOS="600" VPOS="3577" WIDTH="106" HEIGHT="39" CONTENT="avait" WC="0.98" CC="02540"/>
						<SP ID="P25_SP00311" HPOS="706" VPOS="3617" WIDTH="22"/>
						<String ID="P25_ST00343" HPOS="728" VPOS="3576" WIDTH="165" HEIGHT="47" CONTENT="adressé," WC="1.00" CC="00602000"/>
						<SP ID="P25_SP00312" HPOS="893" VPOS="3623" WIDTH="25"/>
						<String ID="P25_ST00344" HPOS="918" VPOS="3575" WIDTH="99" HEIGHT="39" CONTENT="dans" WC="0.99" CC="0050"/>
						<SP ID="P25_SP00313" HPOS="1017" VPOS="3623" WIDTH="19"/>
						<String ID="P25_ST00345" HPOS="1036" VPOS="3588" WIDTH="42" HEIGHT="26" CONTENT="ce" WC="0.87" CC="02"/>
						<SP ID="P25_SP00314" HPOS="1078" VPOS="3623" WIDTH="25"/>
						<String ID="P25_ST00346" HPOS="1103" VPOS="3573" WIDTH="87" HEIGHT="50" CONTENT="but," WC="0.98" CC="6004"/>
						<SP ID="P25_SP00315" HPOS="1190" VPOS="3623" WIDTH="26"/>
						<String ID="P25_ST00347" HPOS="1216" VPOS="3588" WIDTH="55" HEIGHT="24" CONTENT="un" WC="0.72" CC="05"/>
						<SP ID="P25_SP00316" HPOS="1271" VPOS="3623" WIDTH="20"/>
						<String ID="P25_ST00348" HPOS="1291" VPOS="3574" WIDTH="210" HEIGHT="39" CONTENT="Mémoire" WC="0.98" CC="0840546"/>
						<SP ID="P25_SP00317" HPOS="1501" VPOS="3623" WIDTH="23"/>
						<String ID="P25_ST00349" HPOS="1524" VPOS="3573" WIDTH="189" HEIGHT="53" CONTENT="imprimé" WC="0.98" CC="7043505"/>
						<SP ID="P25_SP00318" HPOS="1713" VPOS="3626" WIDTH="23"/>
						<String ID="P25_ST00350" HPOS="1736" VPOS="3588" WIDTH="51" HEIGHT="24" CONTENT="au" WC="1.00" CC="00"/>
						<SP ID="P25_SP00319" HPOS="1787" VPOS="3626" WIDTH="25"/>
						<String ID="P25_ST00351" HPOS="1812" VPOS="3574" WIDTH="147" HEIGHT="38" CONTENT="Comte" WC="1.00" CC="02000"/>
						<SP ID="P25_SP00320" HPOS="1959" VPOS="3626" WIDTH="23"/>
						<String ID="P25_ST00352" HPOS="1982" VPOS="3574" WIDTH="263" HEIGHT="49" CONTENT="d'Argenson" WC="0.57" CC="0403908079"/>
					</TextLine>
					<TextLine ID="P25_TL00033" HPOS="332" VPOS="3633" WIDTH="830" HEIGHT="52">
						<String ID="P25_ST00353" HPOS="332" VPOS="3635" WIDTH="14" HEIGHT="22" CONTENT="4" STYLE="superscript" WC="0.57" CC="4"/>
						<SP ID="P25_SP00321" HPOS="346" VPOS="3657" WIDTH="23"/>
						<String ID="P25_ST00354" HPOS="369" VPOS="3637" WIDTH="129" HEIGHT="38" CONTENT="Arch." WC="0.67" CC="06450"/>
						<SP ID="P25_SP00322" HPOS="498" VPOS="3675" WIDTH="25"/>
						<String ID="P25_ST00355" HPOS="523" VPOS="3645" WIDTH="81" HEIGHT="30" CONTENT="nat." WC="0.56" CC="8053"/>
						<SP ID="P25_SP00323" HPOS="604" VPOS="3675" WIDTH="26"/>
						<String ID="P25_ST00356" HPOS="630" VPOS="3637" WIDTH="46" HEIGHT="37" CONTENT="E." WC="0.96" CC="00"/>
						<SP ID="P25_SP00324" HPOS="676" VPOS="3675" WIDTH="28"/>
						<String ID="P25_ST00357" HPOS="704" VPOS="3648" WIDTH="125" HEIGHT="37" CONTENT="2335," WC="0.60" CC="07704"/>
						<SP ID="P25_SP00325" HPOS="829" VPOS="3685" WIDTH="25"/>
						<String ID="P25_ST00358" HPOS="854" VPOS="3633" WIDTH="15" HEIGHT="39" CONTENT="f" WC="0.42" CC="5"/>
						<String ID="P25_ST00359" HPOS="872" VPOS="3638" WIDTH="29" HEIGHT="18" CONTENT="os" STYLE="superscript" WC="0.27" CC="77"/>
						<SP ID="P25_SP00326" HPOS="901" VPOS="3685" WIDTH="24"/>
						<String ID="P25_ST00360" HPOS="925" VPOS="3649" WIDTH="51" HEIGHT="36" CONTENT="99" WC="0.97" CC="00"/>
						<SP ID="P25_SP00327" HPOS="976" VPOS="3685" WIDTH="26"/>
						<String ID="P25_ST00361" HPOS="1002" VPOS="3642" WIDTH="38" HEIGHT="31" CONTENT="et" WC="0.76" CC="40"/>
						<SP ID="P25_SP00328" HPOS="1040" VPOS="3685" WIDTH="23"/>
						<String ID="P25_ST00362" HPOS="1063" VPOS="3633" WIDTH="99" HEIGHT="39" CONTENT="suiv." WC="0.93" CC="00300"/>
					</TextLine>
				</TextBlock>
				<ComposedBlock ID="P25_CB00001" HPOS="899" VPOS="2862" WIDTH="1179" HEIGHT="451" STYLEREFS="TXT_7 PAR_LEFT" TYPE="Illustration">
					<GraphicalElement ID="P25_CB00001_SUB" HPOS="899" VPOS="2862" WIDTH="1179" HEIGHT="451"/>
				</ComposedBlock>
			</PrintSpace>
		</Page>
	</Layout>
</alto>
