2857 3980
429 321 389 94 Notre
884 318 584 114 Enquête
1534 349 226 63 sur
1824 318 119 94 le
2007 318 561 97 Théâtre

1021 463 554 91 musical
1641 460 358 112 belge

365 854 324 46 Nombreuses
715 869 119 29 nous
859 864 107 34 sont
993 869 175 30 venues
1207 852 63 46 les
1295 852 218 62 réponses
1555 852 24 45 à
1620 861 133 36 notre
1796 850 348 62 questionnaire
2186 850 267 62 d'enquête.
2484 850 70 47 La
2597 851 185 62 plupart

223 926 79 47 des
347 926 252 46 musiciens
645 923 155 63 belges
842 925 229 62 jouissant
1115 924 55 45 de
1217 923 233 47 notoriété
1494 935 85 34 ont
1625 921 145 47 voulu
1812 938 119 29 nous
1976 921 181 45 donner
2201 939 94 28 une
2341 923 211 60 opinion.
2601 923 179 61 Certes,

224 1000 260 57 beaucoup,
514 1013 58 28 en
601 996 150 45 raison
779 994 56 46 de
864 994 42 46 la
931 995 225 46 situation
1183 994 137 61 qu'ils
1347 1007 235 48 occupent
1609 1011 63 29 ou
1710 993 293 59 convoitent,
2032 1003 85 35 ont
2159 1010 83 29 cru
2284 993 158 46 devoir
2481 993 163 63 garder
2689 1012 94 29 une

222 1069 178 47 réserve
428 1067 248 62 prudente.
705 1065 332 61 L'expression
1065 1066 55 45 de
1148 1065 43 46 la
1217 1064 146 47 vérité
1390 1077 68 34 est
1484 1064 186 47 difficile
1698 1064 26 45 à
1750 1064 76 61 qui
1867 1062 198 63 ménage
2094 1063 63 46 les
2195 1063 369 62 susceptibilités.
2593 1064 159 47 Toute-

223 1140 102 60 fois,
353 1139 201 47 certains
581 1150 84 34 ont
692 1136 76 47 osé
796 1137 97 45 dire
920 1154 53 29 ce
1001 1154 90 44 que
1130 1138 202 58 chacun,
1362 1153 80 45 par
1470 1136 161 46 devers
1657 1136 82 58 soi,
1769 1151 139 45 pense
1948 1135 249 47 vraiment.
2228 1135 137 46 Nous
2403 1135 279 47 écouterons
2719 1135 65 48 les

224 1229 90 30 uns
352 1223 46 34 et
436 1210 63 47 les
536 1219 169 49 autres,
735 1219 46 35 et
821 1207 287 63 dégagerons
1146 1207 63 47 les
1248 1207 298 47 conclusions
1586 1207 54 45 de
1680 1205 277 47 l'ensemble
1988 1206 79 45 des
2093 1205 341 62 appréciations
2461 1205 180 62 émises,
2669 1207 115 46 dont

225 1299 119 31 nous
370 1296 342 43 commençons
737 1278 300 64 aujourd'hui
1066 1278 43 47 la
1137 1278 305 59 publication.

381 1650 152 41 Nous
555 1659 173 30 avons
750 1647 133 50 posé
903 1647 82 40 les
1007 1647 286 50 questions
1316 1646 291 41 suivantes
1627 1658 10 29 :

384 1710 37 39 I.
525 1708 105 40 Les
652 1706 300 40 musiciens
972 1706 190 49 belges
1185 1705 183 40 ont-ils
1390 1705 286 49 beaucoup
1693 1702 140 43 écrit
1849 1712 139 42 pour
2003 1703 51 41 le
2072 1701 222 44 théâtre
2311 1703 195 51 depuis
2524 1703 67 41 20
2608 1705 137 40 ans?

384 1767 62 40 11.
550 1766 405 40 Estimez-vous
978 1764 126 50 qu'il
1127 1763 184 42 existe
1331 1773 77 29 un
1430 1763 88 41 art
1540 1762 217 51 lyrique
1777 1763 281 41 vraiment
2077 1762 160 49 belge
2255 1763 28 39 ?

384 1824 88 42 111.
576 1824 47 41 A
646 1823 207 50 quelles
877 1832 195 31 causes
1095 1821 276 42 attribuer
1400 1821 52 42 le
1485 1820 204 42 silence
1725 1816 70 45 où
1828 1818 281 44 restèrent
2140 1819 262 52 plongées
2438 1821 54 41 la
2526 1820 221 51 plupart

267 1884 99 42 des
388 1893 223 30 œuvres
633 1877 307 46 théâtrales
964 1880 68 40 de
1054 1890 100 30 nos
1176 1880 400 48 compositeurs
1595 1879 27 39 ?

383 1942 86 41 IV.
574 1941 287 40 Comment
898 1938 291 51 expliquer
1220 1937 52 41 le
1307 1948 109 40 peu
1451 1938 68 40 de
1554 1933 193 46 succès
1783 1947 107 41 que
1923 1933 328 45 trouvèrent
2279 1933 218 55 jusqu'à
2530 1947 62 31 ce
2622 1938 127 50 jour

266 2000 165 42 celles
454 1999 94 51 qui
569 1998 191 41 furent
781 1995 388 52 représentées
1192 1999 115 47 (sur
1328 1997 80 40 les
1430 1994 196 43 scènes
1648 1995 308 42 nationales
1979 1995 75 41 du
2076 1995 195 50 moins)
2288 1997 57 39 et
2361 1994 386 42 l'indifférence

267 2059 75 41 du
362 2058 183 52 public
567 2054 33 44 à
620 2058 121 39 leur
761 2055 173 51 égard
948 2056 28 40 ?

381 2116 63 41 V.
572 2115 272 48 Pourquoi
884 2114 82 39 les
1006 2112 313 41 tentatives
1361 2112 168 41 faites
1571 2122 139 40 pour
1749 2112 206 41 mettre
2007 2121 69 32 en
2125 2107 231 45 lumière
2406 2111 80 41 les
2526 2121 223 31 œuvres

266 2174 247 53 lyriques
567 2173 206 50 belges,
831 2173 74 41 tel
955 2172 51 41 le
1058 2181 264 32 concours
1375 2171 307 49 d'Ostende,
1731 2181 102 40 par
1884 2169 266 51 exemple,
2206 2171 248 40 ont-elles
2495 2171 252 50 toujours

267 2232 208 44 échoué
491 2233 26 39 ?

381 2290 88 41 VI.
574 2289 105 42 Les
701 2298 223 31 œuvres
945 2288 247 49 lyriques
1214 2288 310 40 nationales
1549 2296 69 32 ne
1640 2286 397 41 seraient-elles
2059 2296 102 40 pas
2181 2285 212 42 viables
2411 2286 28 41 ?

381 2348 113 42 VII.
630 2348 216 50 Quelles
883 2356 251 31 mesures
1171 2347 248 40 seraient
1452 2346 257 51 capables
1745 2346 69 41 de
1847 2347 189 48 porter
2076 2341 223 44 remède
2335 2342 33 43 à
2401 2346 90 39 cet
2526 2342 121 43 état
2680 2343 69 42 de

266 2408 195 42 choses
562 2407 251 41 d'attirer
833 2406 313 40 l'attention
1168 2404 74 41 du
1264 2404 183 51 public
1468 2415 98 30 sur
1587 2404 195 41 l'effort
1805 2403 69 42 de
1895 2413 98 31 nos
2011 2404 297 41 musiciens
2399 2413 69 31 en
2490 2403 259 41 assurant

265 2468 53 40 la
338 2465 446 52 représentation
806 2465 58 41 et
884 2463 243 44 l'édition
1150 2463 68 42 de
1240 2463 148 40 leurs
1411 2473 223 30 œuvres
1649 2463 27 40 ?

226 2830 195 63 Réponse
445 2830 51 46 de
522 2829 78 47 M.
630 2823 216 61 Edgar
869 2822 194 61 Tinel,
1095 2826 220 46 directeur
1339 2827 58 45 du
1429 2825 338 47 Conservatoire
1796 2823 149 65 Royal
1964 2825 52 44 de
2040 2823 245 47 Bruxelles.

653 2989 130 48 Cher
811 2987 252 49 Monsieur
1091 2987 137 47 René
1258 2987 115 65 Lyr,

367 3127 138 47 Vous
530 3124 274 47 connaissez
842 3123 287 64 l'argument
1151 3123 240 64 juridique
1420 3140 10 30 :
1529 3121 102 48 Nul
1659 3138 60 30 ne
1756 3133 113 50 peut
1895 3119 97 47 être
2013 3122 113 63 juge
2166 3121 114 47 dans
2305 3137 47 31 sa
2379 3137 165 45 propre
2585 3138 136 30 cause

369 3198 228 61 Quoique
625 3213 78 30 ma
743 3207 102 51 part
870 3196 57 45 de
968 3194 339 49 collaboration
1336 3196 115 45 dans
1476 3193 43 47 le
1557 3193 253 61 répertoire
1838 3192 64 47 du
1928 3192 216 47 Théâtre
2180 3192 194 47 musical
2403 3192 134 63 belge
2573 3194 89 46 soit
2700 3193 93 47 fort

225 3270 217 60 minime,
465 3281 76 34 cet
560 3279 254 51 argument
841 3267 241 45 m'atteint
1108 3279 47 33 et
1181 3265 249 63 m'impose
1457 3265 42 47 le
1526 3264 161 47 devoir
1715 3264 56 47 de
1799 3281 76 29 me
1903 3263 184 48 récuser
2114 3276 47 34 et
2187 3264 56 46 de
2271 3263 208 47 décliner
2506 3263 285 48 l'invitation

225 3358 94 46 que
346 3357 114 29 vous
487 3356 76 29 me
591 3338 132 47 faites
750 3337 255 47 l'honneur
1032 3337 58 47 de
1117 3335 287 49 m'adresser.

367 3411 129 47 Mon
524 3410 194 61 opinion
753 3427 60 28 en
840 3409 43 46 la
910 3408 194 47 matière
1145 3427 58 28 ne
1230 3409 171 46 saurait
1427 3408 128 45 avoir
1593 3405 182 48 d'autre
1803 3405 158 47 valeur
1987 3423 92 46 que
2110 3405 133 61 celle,
2274 3418 254 49 purement
2554 3405 233 64 négative,

225 3481 144 49 d'une
395 3480 204 48 réclame
898 3480 182 62 pro-domo.
1081 3479 139 47 Veuillez
1221 3477 113 64 agréer,
1362 3479 112 45 cher
1503 3476 253 48 Monsieur
1795 3476 137 47 René
1961 3476 113 65 Lyr,
2105 3475 42 48 la
2185 3476 202 47 cordiale
2426 3479 266 59 expression
2732 3477 56 46 de

228 3573 99 29 mes
352 3555 282 47 sentiments
660 3551 64 47 les
751 3551 103 62 plus
880 3550 272 65 distingués.

2246 3631 189 47 EDGAR
2460 3632 188 47 TINEL.
