2857 3980
287 1959 339 79 Lorsqu'en
691 1956 202 80 pleine
952 1952 231 83 apogée
1250 1954 72 58 de
1387 1954 337 80 puissance,
1785 1952 72 58 de
1919 1954 214 57 travail
2190 1968 57 43 et
2307 1954 71 57 de
2437 1975 234 50 renom,

108 2049 273 58 Gustave
412 2046 273 72 Mahler,
714 2045 31 60 à
772 2048 180 78 peine
979 2044 110 81 âgé
1119 2044 73 58 de
1219 2059 294 66 quarante
1540 2058 132 66 sept
1698 2064 123 51 ans,
1851 2040 67 62 fit
1946 2044 55 57 la
2028 2059 322 43 rencontre
2384 2041 288 83 inopinée

106 2139 101 59 des
240 2139 278 57 volumes
554 2138 72 57 de
665 2137 246 81 poèmes
960 2135 242 60 chinois
1237 2135 149 57 dont
1437 2135 43 57 il
1527 2135 115 57 tira
1677 2134 486 58 exclusivement
2199 2135 54 57 le

113 2231 171 58 Terre
290 2278 13 22 ,
341 2231 114 57 soit
493 2250 80 36 un
611 2225 296 61 bréviaire
944 2227 72 58 de
1051 2224 583 61 désenchantement
1670 2238 57 45 et
1771 2224 71 57 de
1889 2220 391 84 préparation
2316 2223 29 60 à
2387 2225 53 58 la
2486 2238 184 57 mort,

107 2342 79 36 un
224 2319 99 59 sûr
357 2321 253 58 instinct
644 2319 381 58 l'avertissait
1061 2339 119 59 que
1214 2339 60 36 sa
1307 2317 98 57 vie
1442 2316 72 58 de
1548 2314 273 60 météore
1866 2316 179 58 serait
2081 2330 231 45 courte.
2354 2317 196 70 Nous,
2587 2336 87 37 ses

104 2411 174 71 amis,
314 2431 152 38 nous
501 2431 152 37 nous
689 2431 73 37 en
799 2410 288 57 doutions
1119 2434 13 45 ;
1186 2408 153 59 mais
1373 2408 87 58 lui
1495 2407 127 59 seul
1656 2406 195 58 savait
1851 2455 14 23 ,
1895 2421 59 43 et
2004 2407 190 57 savait
2230 2429 117 58 que
2389 2407 54 57 le
2478 2422 194 41 terme

106 2500 147 59 était
308 2502 47 57 si
407 2500 251 81 proche.
698 2501 139 64 Que
888 2499 296 58 d'indices
1233 2511 284 45 navrants
1566 2518 151 36 nous
1763 2510 135 44 sont
1935 2516 255 38 revenus
2246 2495 169 82 après
2465 2516 202 60 coup..

106 2593 202 57 Telles
341 2593 254 80 paroles,
630 2591 108 59 tels
775 2590 262 80 regards,
1075 2590 109 58 tels
1218 2589 250 58 silences
1509 2609 72 36 en
1630 2587 169 59 telles
1843 2587 509 59 circonstances...
2393 2586 88 59 Ce
2519 2586 153 80 qu'il

104 2703 105 57 ya
244 2681 73 59 de
351 2683 227 58 certain
616 2681 146 59 c'est
800 2702 119 59 que
953 2681 54 58 le
1995 2680 195 57 Chant
2440 2679 66 58 de
2636 2679 39 57 la
1696 2675 78 61 où
1810 2679 43 56 il
1890 2692 332 43 concentre
2256 2698 86 38 ses
2375 2692 205 43 vertus
2614 2690 58 43 et

106 2772 200 58 donne
339 2773 58 57 la
432 2773 424 81 quintessence
893 2772 72 57 de
1000 2792 108 38 son
1143 2768 200 84 génie,
1380 2789 186 38 ouvre
1604 2789 153 60 pour
1792 2769 85 57 lui
1914 2788 120 37 une
2078 2765 254 84 période
2368 2768 303 70 nouvelle,

106 2863 236 81 change
379 2886 71 35 en
488 2863 227 80 grande
752 2863 193 81 partie
981 2883 58 38 sa
1075 2859 289 61 manière.
1404 2860 52 59 Il
1491 2882 31 36 a
1556 2858 94 61 été
1689 2858 130 80 déjà
1847 2858 72 60 de
1950 2858 162 58 deuil
2144 2880 74 36 en
2255 2858 166 58 deuil
2454 2873 58 43 et
2540 2857 132 59 s'est

106 2952 109 60 fait
402 2975 138 38 avec
728 2952 118 81 joie
562 2954 54 58 le
651 2954 135 80 plus
821 2951 367 61 formidable
1235 2951 254 58 chantre
1524 2951 71 57 de
1630 2951 56 57 la
1720 2963 164 44 mort
1919 2962 59 45 et
2015 2948 71 59 de
2128 2949 118 58 l'au
2281 2948 131 59 delà
2449 2949 105 80 qui
2591 2949 83 56 ait

106 3042 190 61 existé
333 3066 72 37 en
444 3045 318 80 musique;
800 3057 80 57 et,
917 3065 159 60 pour
1109 3064 89 49 ce,
1235 3043 43 58 il
1312 3064 32 35 a
1378 3038 492 61 définitivement
1904 3037 196 61 fondu
2134 3041 168 57 l'une
2338 3061 73 37 en
2456 3040 218 57 l'autre

103 3136 56 57 la
186 3136 283 80 musique
498 3134 198 59 sacrée
724 3149 57 43 et
809 3135 56 58 la
893 3135 285 80 musique
1207 3131 270 83 profane.
1505 3128 198 84 Après
1730 3131 86 57 lui
1846 3145 158 44 cette
2028 3130 364 59 distinction
2421 3130 253 58 n'existe

103 3247 104 61 pas
242 3226 135 80 plus
413 3248 119 60 que
568 3228 149 57 celle
752 3226 73 57 de
860 3226 53 57 la
949 3224 371 82 symphonie
1355 3239 58 42 et
1449 3221 82 60 du
1567 3221 221 83 poème
1835 3220 464 84 symphonique
2328 3247 13 47 ;
2396 3241 104 61 pas
2543 3221 132 80 plus

106 3338 119 60 que
261 3316 147 59 celle
444 3316 81 59 du
560 3315 223 60 chanté
818 3316 174 58 vocal
1028 3330 56 42 et
1120 3314 80 58 du
1247 3311 221 61 chanté
1519 3313 449 58 instrumental.
2009 3311 171 59 Mais
2229 3313 43 57 il
2322 3311 94 57 n'a
2456 3310 219 80 jamais

106 3407 179 72 cessé,
315 3409 117 57 lors
459 3408 100 58 des
593 3408 160 80 pires
781 3407 305 71 douleurs,
1115 3407 235 57 d'avoir
1376 3405 86 57 foi
1490 3426 72 36 en
1600 3405 55 57 la
1679 3405 117 57 vie.
1830 3402 125 59 Dès
1990 3404 54 56 le
2084 3404 195 57 Chant
2307 3403 66 57 de
2406 3403 59 57 la
2509 3403 166 57 Terre

106 3499 128 57 c'en
271 3513 86 43 est
393 3495 109 60 fait
538 3497 72 58 de
647 3512 158 44 cette
840 3495 131 61 foi..
1011 3497 51 58 Il
1098 3518 58 37 se
1190 3511 286 44 retourne
1510 3494 272 59 d'autant
1818 3495 134 79 plus
1987 3515 130 36 vers
2153 3493 121 58 l'au
2309 3492 149 59 delà.

289 3588 72 59 Sa
692 3587 309 60 Neuvième
1358 3587 328 82 symphonie,
1091 3588 55 56 la
1180 3587 136 81 plus
1352 3586 172 70 belle,
1554 3586 54 57 la
1644 3586 136 80 plus
1808 3583 228 81 grande
2064 3583 72 59 de
2175 3597 198 45 toutes
2407 3597 85 43 est
2528 3579 146 60 faite

106 3680 72 58 de
215 3680 147 58 trois
397 3677 309 61 éléments.
747 3681 89 57 Le
880 3681 135 78 plus
1057 3699 353 59 courageux
1921 3677 54 56 la
2023 3673 249 60 volonté
2319 3673 74 59 de
2437 3673 238 57 mourir
