2857 3980
1259 229 63 71 S.
1392 229 54 70 I.
1516 228 110 71 M.

171 258 106 66 40

347 382 71 79 Je
453 378 69 62 fis
556 397 135 65 part
724 381 72 59 de
824 404 95 38 ces
954 380 276 60 résultats
1416 378 296 82 jusqu'ici
1770 374 358 61 semblables
2182 374 30 59 à
2267 396 157 38 ceux
2476 376 257 61 obtenus

174 493 143 36 avec
371 472 82 59 les
512 472 242 59 cloches
811 487 59 45 et
921 494 143 37 avec
1114 472 53 57 le
1204 493 166 58 gong
1526 468 31 59 à
1594 468 97 59 M.
1733 467 71 59 C.
1846 467 383 59 Saint-Saëns
2273 487 74 37 en
2399 466 334 62 novembre

185 583 186 59 1904.
411 564 169 58 Dans
616 585 118 37 une
768 565 197 72 lettre,
1003 561 174 61 datée
1213 562 72 59 de
1331 584 18 37 lerI
1363 565 34 20 er
1430 559 345 73 décembre,
1810 560 55 57 le
1900 556 218 61 maître
2169 579 99 37 me
2318 556 109 62 fait
2478 573 132 67 part
2659 557 74 59 de

176 675 104 37 son
317 655 365 80 impression
719 677 72 37 en
828 677 95 38 ces
959 670 219 45 termes
1211 675 11 37 :
1327 654 165 57 Mon
1529 651 147 60 cher
1710 650 143 58 ami.
1893 650 93 58 En
2041 665 288 43 revenant
2380 649 72 58 de
2506 649 227 72 Milan,

166 744 107 81 j'ai
310 744 213 60 trouvé
559 761 174 43 votre
767 748 178 57 lettre
982 747 106 80 qui
1125 759 84 45 est
1246 744 80 58 du
1363 745 134 80 plus
1531 741 150 59 haut
1718 738 239 62 intérêt.
1995 740 173 80 Ai-je
2203 740 206 59 besoin
2462 739 73 58 de
2584 759 151 40 vous

178 835 128 59 dire
343 857 119 60 que
496 858 99 37 ma
631 839 197 56 raison
865 860 57 35 se
950 835 195 60 refuse
1172 835 30 59 à
1230 857 66 37 ce
1327 857 118 58 que
1472 834 54 57 la
1552 830 457 60 fondamentale
2036 834 114 57 soit
2179 854 118 36 une
2326 832 356 58 dominante
2714 832 18 56 ?

176 927 173 58 Tout
383 941 87 44 est
503 928 263 80 possible
801 928 145 59 dans
978 929 339 68 l'inconnu,
1354 927 151 57 mais
1540 926 127 55 rien
1705 945 73 36 ne
1812 924 276 80 s'oppose
2123 922 31 59 à
2189 945 66 36 ce
2302 945 120 58 que
2471 923 54 56 la
2572 922 165 57 vraie

176 1015 478 74 fondamentale,
705 1018 143 59 d'un
886 1018 174 59 ordre
1096 1018 132 80 plus
1263 1016 211 82 grand,
1511 1036 72 36 ne
1619 1015 116 58 soit
1771 1035 102 60 pas

363 1110 117 57 Les
533 1111 309 57 nouvelles
891 1107 390 83 expériences
1328 1129 118 58 que
1490 1128 151 36 nous
1691 1103 181 61 fîmes
1906 1126 74 37 en
2042 1122 155 61 1905
2245 1126 74 36 ne
2353 1101 179 61 firent
2569 1102 136 81 qu'a-

181 1199 197 72 jouter
428 1199 100 59 des
562 1215 172 45 notes
782 1199 485 61 intermédiaires
1300 1197 32 59 à
1368 1199 175 57 celles
1578 1195 132 81 déjà
1746 1199 296 68 inscrites,
2078 1218 130 37 sans
2244 1218 71 35 en
2353 1194 269 81 changer
2655 1195 84 57 les

181 1289 296 61 résultats.
542 1290 249 81 Malgré
843 1293 127 57 cela
1009 1291 63 79 je
1121 1304 153 45 reste
1324 1289 362 71 convaincu,
1738 1309 247 37 comme
2037 1289 54 56 le
2151 1285 238 72 maître,
2448 1285 149 81 qu'il
2654 1299 86 43 est

183 1380 259 82 possible
479 1403 120 59 que
635 1397 159 44 cette
844 1380 454 60 fondamentale
1349 1392 212 66 tonique
1609 1379 189 57 existe
1831 1403 13 46 ;
1906 1378 295 58 certaines
2254 1374 486 61 manifestations

179 1470 361 61 vibratoires
573 1470 313 61 observées
919 1472 215 81 depuis
1168 1493 99 37 me
1302 1483 245 69 portent
1581 1468 32 58 à
1646 1469 53 57 le
1742 1469 212 60 croire.
1996 1469 170 57 Mais
2213 1469 82 57 les
2344 1468 398 57 instruments

185 1583 118 60 que
340 1585 151 37 nous
541 1562 325 82 possédons
915 1585 74 38 ne
1039 1585 152 38 nous
1241 1575 370 68 permettent
1663 1582 101 59 pas
1816 1561 71 58 de
1937 1561 317 69 l'inscrire,
2312 1559 49 59 si
2410 1558 112 58 elle
2570 1557 172 58 vibre

188 1652 376 62 réellement.

369 1746 89 57 La
482 1746 196 57 raison
702 1745 72 58 de
802 1766 106 37 son
938 1746 325 70 existence,
1290 1764 151 37 nous
1467 1743 54 58 la
1543 1757 293 45 trouvons
1860 1742 144 59 dans
2025 1741 191 58 l'effet
2239 1741 47 58 si
2309 1740 433 70 harmonieux,

186 1835 286 81 employé
509 1836 72 57 de
634 1850 133 43 tout
819 1850 198 66 temps
1067 1858 106 59 par
1223 1849 136 44 tous
1407 1836 83 56 les
1540 1835 348 69 musiciens,
1940 1834 71 57 de
2061 1831 265 60 l'accord
2377 1830 73 58 de
2498 1840 247 70 septième

183 1924 245 60 mineure
460 1925 64 59 de
567 1925 308 59 dominante
922 1947 145 38 avec
1116 1926 55 58 la
1219 1924 213 81 tonique
1479 1923 31 59 à
1559 1925 56 57 la
1663 1924 157 72 base,
1874 1945 82 37 ou
2005 1921 217 60 accord
2273 1920 72 60 de
2395 1940 238 38 onzième
2679 1917 66 59 de

211 2015 212 82 tonique
433 2042 14 47 ;
500 2017 145 58 dans
693 2018 55 57 le
788 2038 96 37 cas
918 2015 243 83 présent
1192 2037 12 37 :
1244 2018 47 57 si
1309 2014 43 74 b,
1393 2017 104 71 Fa,
1535 2015 109 73 La,
1681 2029 88 57 ut,
1807 2013 151 86 mi_t\
2000 2015 179 57 Cette
2230 2013 362 81 impression
2643 2009 100 58 des

188 2108 331 57 musiciens
554 2109 177 56 serait
767 2107 406 81 inexplicable
1209 2105 46 59 si
1290 2105 111 58 elle
1453 2127 75 37 ne
1578 2108 261 79 reposait
1890 2124 102 61 pas
2042 2126 99 37 sur
2193 2124 79 37 un
2323 2102 108 59 fait
2486 2100 256 70 normal,

186 2198 256 71 naturel,
495 2218 245 39 comme
791 2212 199 45 toutes
1039 2198 82 59 les
1171 2197 388 80 impressions
1618 2197 106 79 qui
1779 2211 105 44 ont
1943 2192 316 84 provoqué
2316 2194 55 57 la
2428 2193 315 80 puissance

189 2287 413 83 harmonique
636 2288 312 74 moderne,
985 2288 216 82 depuis
1237 2286 434 61 Monteverde.

2060 2419 289 58 G
2349 2419 92 58 abriel
2456 2419 92 58 Sizes.

382 2509 89 81 [A
504 2509 212 81 suivre)
