3044 4572
165 726 126 41 von
340 699 271 68 Orleans
659 697 160 66 oder
863 697 200 66 selbst
1107 708 181 55 unter
1333 702 205 62 einem
1572 696 530 87 Nachkömmling
2150 698 114 66 des

167 784 442 69 schändlichen
658 784 381 84 Bonaparte,
1096 783 129 67 und
1274 784 354 87 überzeuge
1675 783 162 67 Dich
1883 783 193 79 recht,
2136 783 128 69 daß

166 873 133 66 sich
362 873 202 66 sofort
625 871 132 67 ihre
805 871 480 68 Geldschränke
1347 872 217 67 öffnen
1627 872 129 66 und
1813 876 92 62 sie
1952 872 147 66 dort
2145 873 119 66 alle

165 988 105 39 zur
299 960 421 86 Vertreibung
752 960 113 67 der
895 958 287 69 Preußen
1214 961 448 86 notwendigen
1695 960 203 67 Mittel
1929 960 333 67 vorfinden

164 1047 271 68 werden.
542 1047 182 68 Aber
785 1071 143 42 man
989 1047 288 68 verheißt
1337 1049 189 67 ihnen
1590 1049 104 66 die
1755 1049 338 85 Republik,
2159 1049 105 66 die

165 1135 368 67 Herrschaft
579 1136 115 66 der
725 1136 428 78 Demokratie,
1202 1136 106 66 die
1355 1136 444 68 Souveränität
1846 1136 115 66 des
2000 1136 260 78 Volkes,

164 1221 104 68 die
299 1221 336 87 Befreiung
682 1224 113 66 des
833 1223 416 80 Proletariats,
1299 1224 130 66 und
1476 1228 90 63 sie
1611 1225 226 66 wollen
1884 1251 103 39 um
2034 1225 228 65 keinen

162 1310 173 66 Preis
366 1337 125 39 von
524 1337 179 41 eurer
734 1310 322 87 Republik
1101 1311 160 68 oder
1307 1313 208 66 dieser
1545 1311 477 86 Emanzipation
2070 1323 193 56 etwas

162 1402 245 73 wissen,
456 1399 129 66 und
620 1403 88 62 sie
749 1398 316 67 beweisen
1112 1425 70 40 es
1230 1399 303 79 dadurch,
1583 1400 129 66 daß
1760 1405 90 61 sie
1897 1400 134 66 ihre
2064 1399 160 67 Geld-

164 1485 304 68 schränke
513 1487 433 67 verschlossen
994 1488 212 67 halten
1253 1488 130 66 und
1431 1488 226 67 keinen
1707 1488 133 67 Sou
1888 1488 247 85 opfern.

253 1690 149 67 Und
451 1718 143 39 man
641 1691 328 85 empfiehlt
1016 1692 146 67 dem
1209 1692 226 79 Volke,
1482 1720 75 40 zu
1604 1694 240 66 diesem
1891 1695 369 84 Bürgertum

161 1778 348 66 Vertrauen
570 1804 74 41 zu
706 1779 236 67 haben!
1036 1780 81 65 Es
1178 1779 111 66 hat
1350 1780 104 67 die
1501 1780 188 79 Stirn,
1746 1781 127 66 den
1924 1780 336 85 Cynismus

164 1865 208 66 dieses
405 1866 347 67 Vertrauen
783 1893 74 40 zu
896 1866 277 68 fordern.
1267 1868 120 66 Die
1420 1869 238 85 Bürger
1703 1868 230 68 maßen
1980 1869 129 66 sich
2159 1894 100 51 an,

164 1953 175 66 diese
386 1954 338 85 Republik,
781 1955 104 66 die
940 1959 91 62 sie
1084 1960 84 61 im
1216 1958 319 66 Innersten
1583 1957 166 67 ihres
1798 1958 283 66 Herzens
2128 1983 101 40 ver-

160 2039 269 79 fluchen,
479 2042 199 67 selbst
706 2068 74 40 zu
813 2047 283 80 regieren
1135 2044 130 66 und
1312 2071 73 39 zu
1431 2046 356 67 verwalten.
1881 2046 83 64 Im
2013 2047 247 65 Namen

165 2128 113 66 der
324 2129 320 84 Republik
689 2131 317 66 bemühen
1053 2137 91 61 sie
1200 2131 150 78 sich,
1408 2132 131 66 ihre
1591 2132 528 86 vorübergehend
2169 2160 61 40 er-

162 2214 338 69 schütterte
546 2217 321 66 Autorität
912 2217 129 66 und
1082 2218 484 68 Vorherrschaft
1609 2220 650 67 wiederherzustellen

161 2303 128 65 und
322 2329 74 39 zu
428 2305 287 86 festigen.
809 2306 108 66 Sie
962 2306 211 67 haben
1222 2307 129 67 sich
1399 2308 153 66 aller
1580 2297 226 77 Ämter
1851 2308 407 86 bemächtigt,

161 2390 119 66 alle
329 2390 236 67 Stellen
614 2392 322 68 bekleidet
981 2394 129 66 und
1157 2421 114 39 nur
1315 2400 243 80 wenige
1606 2401 171 61 einer
1822 2396 249 66 kleinen
2104 2395 156 67 Zahl

159 2504 124 39 von
339 2479 416 85 abtrünnigen
801 2481 341 67 Arbeitern
1196 2484 386 78 überlassen,
1641 2485 102 65 die
1797 2484 462 86 überglücklich

161 2566 166 78 sind,
378 2579 179 55 unter
603 2569 123 66 den
776 2569 205 67 Herrn
1030 2571 279 84 Bürgern
1356 2598 75 39 zu
1479 2576 192 63 sitzen

1345 2745 219 54 (Deutsch
1597 2762 93 28 von
1721 2745 135 45 Hans
1886 2746 280 57 Schonlank)

218 524 234 56 Michael
485 524 263 56 Bakunin
786 555 13 12 •
838 523 462 55 Militärdiktatur
1336 523 132 56 oder
1503 522 224 57 Soziale
1752 523 328 57 Revolution

2155 526 105 52 241
