3203 4572
856 521 108 54 268

1527 526 147 56 Paul
1710 527 251 59 Verlaine
2000 561 13 14 •
2058 530 262 59 Gedichte

849 698 169 66 Vom
1076 701 565 69 Friedenshimmel
1696 704 217 69 blitzte
1969 707 157 69 hold
2182 711 131 66 und
2363 711 168 68 hoch
2582 713 104 68 die
2735 715 239 81 Sonne,

850 784 84 68 Es
981 814 129 40 war
1155 793 61 63 in
1265 791 197 66 ihrem
1512 791 287 68 blonden
1848 795 177 67 Haar
2072 796 299 70 Gestrahl
2420 802 132 65 und
2600 801 197 69 Gold.

854 873 150 69 Und
1052 877 162 67 auch
1265 880 148 66 dem
1461 878 256 82 Schritt,
1750 882 122 66 viel
1928 883 184 68 leiser
2158 887 91 66 als
2299 889 103 66 die
2449 890 209 86 Woge
2705 892 163 78 rollt,

850 962 433 71 Vermochten
1331 974 111 61 wir
1487 995 74 40 zu
1609 970 237 86 folgen,
1899 999 39 39 o
1990 974 103 66 die
2136 975 287 69 Wonne!

847 1141 149 68 Voll
1029 1144 365 68 Weichheit
1438 1173 130 39 war
1613 1174 104 40 um
1758 1176 118 40 uns
1912 1150 113 67 der
2054 1151 248 69 weißen
2333 1155 209 84 Vögel
2576 1157 395 80 Schweben;

849 1230 122 68 Die
1019 1231 190 87 Segel
1259 1238 255 82 neigten
1564 1237 170 66 sich:
1786 1243 91 61 sie
1923 1267 210 41 waren
2178 1242 138 66 fern
2365 1243 130 66 und
2543 1245 183 66 weiß.

851 1319 151 66 Und
1052 1322 95 64 oft
1193 1323 421 67 umhuschten
1660 1325 214 87 Algen
1922 1355 117 39 uns
2087 1334 82 61 im
2216 1329 248 87 großen
2514 1332 204 79 Kreis,

847 1408 124 67 Die
1019 1409 174 68 Füße
1240 1412 225 85 glitten
1515 1414 197 66 durch
1761 1419 100 64 ein
1910 1417 235 67 breites
2194 1419 487 69 Sich-erheben.

847 1569 111 68 Sie
1004 1573 256 66 wandte
1308 1573 136 67 sich
1493 1577 250 77 zurück,
1792 1605 130 39 war
1970 1579 300 84 plötzlich
2319 1585 266 63 nimmer
2630 1583 225 79 sicher,

847 1659 135 66 Hat
1028 1659 134 68 ihre
1212 1663 176 65 Huld
1423 1690 118 39 uns
1585 1691 163 59 ganz
1795 1667 132 65 und
1974 1668 354 68 freundlich
2378 1670 401 86 überzeugt?

846 1748 191 68 Dann
1085 1750 222 68 schritt
1339 1757 91 61 sie
1470 1753 124 66 fest
1634 1755 212 78 dahin,
1884 1756 124 66 den
2045 1757 179 85 Kopf
2255 1759 174 67 nicht
2460 1761 178 65 mehr
2667 1762 301 85 gebeugt,

844 1837 138 66 Wir
1025 1844 249 81 zeigten
1322 1845 61 80 ja
1432 1841 105 67 die
1585 1842 267 80 Freude,
1900 1845 126 67 fast
2072 1846 202 67 durch
2322 1852 100 63 ein
2472 1847 340 70 Gekicher.

917 1955 479 66 Dover-Ostende,
1435 1981 77 34 an
1548 1959 160 56 Bord
1743 1960 99 56 der
1881 1962 282 57 Comtesse
2203 1964 68 55 de
2310 1963 239 58 Flandre

1021 2043 52 58 4.
1103 2046 169 72 April
1311 2046 156 57 1873.

1377 2298 110 57 AN
1527 2298 368 58 CHARLES
1936 2300 526 59 BAUDELAIRE

845 2429 123 66 Nie
1016 2428 256 79 kannte,
1330 2430 157 68 liebt
1542 2432 103 66 ich
1701 2433 169 79 dich,
1929 2434 148 66 dein
2126 2435 405 68 Priestertum
2580 2463 75 40 zu
2702 2437 264 86 grüßen.

845 2518 104 66 Ich
997 2518 168 67 kenn
1213 2519 150 66 dich
1414 2521 192 77 nicht,
1656 2548 148 59 mag
1851 2523 227 67 keinen
2129 2524 378 85 Neigungen
2553 2538 352 57 vertrauen.

845 2607 122 66 Nie
1015 2607 97 66 lös
1161 2607 102 67 ich
1314 2608 149 66 dich
1510 2636 113 39 aus
1670 2616 177 61 eines
1890 2611 205 67 bösen
2142 2612 364 67 Leumunds
2554 2614 285 68 Klauen:

844 2695 102 67 Du
995 2693 280 69 müßtest
1322 2696 195 79 doch,
1565 2710 163 54 trotz
1776 2703 239 63 meiner
2060 2697 567 88 Zeugenschaften,
2679 2701 235 67 büßen.

844 2857 189 67 Doch
1081 2858 142 68 leist
1270 2860 102 66 ich
1407 2866 92 62 sie
1534 2913 103 14 ...
1673 2861 131 67 und
1835 2888 164 40 zwar
2036 2888 75 40 zu
2147 2862 124 66 den
2305 2863 380 77 gekreuzten
2719 2863 246 68 Füßen:

848 2945 11 15 t
2303 2926 36 23 o

846 2948 223 66 Zuerst
1115 2948 203 66 durch
1366 2948 170 68 kalte
1585 2948 228 86 Nägel,
1862 2948 175 68 dann
2085 2948 201 68 durch
2331 2950 282 87 sündger
2662 2953 241 66 Frauen

846 3034 238 69 Verfall
1131 3040 83 62 im
1261 3037 460 88 Aufschwung,
1773 3039 518 86 Hungerküssen,
2343 3040 486 88 Salbölgrauen,

846 3124 217 67 Durch
1113 3124 582 87 Firmungsirrsinn,
1743 3128 170 67 noch
1957 3128 124 67 viel
2121 3129 242 66 andern
2404 3129 285 68 Küssens
2722 3129 241 68 Süßen.

845 3288 101 64 Du
996 3294 310 74 stürztest,
1357 3289 282 67 betetest
1683 3293 118 64 wie
1849 3289 122 80 ich,
2016 3295 117 62 wie
2182 3290 104 67 die
2333 3291 357 79 Beseelten,

842 3375 124 66 Die
1013 3374 355 88 hungernd,
1428 3378 327 77 dürstend,
1816 3379 281 65 lüsternd
2153 3378 175 67 ihren
2378 3380 166 85 Weg
2587 3379 369 79 verfehlten,

842 3464 106 67 Bis
997 3469 92 62 sie
1137 3459 116 74 der
1286 3465 337 88 Hoffnung
1665 3465 436 69 Schönheiten
2140 3493 140 41 zum
2314 3467 351 89 Kreuzweg
2697 3468 268 69 stießen.

841 3625 156 69 Zum
1044 3627 254 68 wahren
1348 3628 368 86 Kreuzweg,
1768 3629 126 66 den
1942 3633 90 62 sie
2088 3629 329 68 zweifelnd
2465 3634 102 63 nie
2613 3629 349 69 verließen:

841 3717 86 65 Im
949 3716 149 78 Hin,
1113 3722 84 61 im
1218 3717 168 67 Her!
1410 3718 160 66 Ums
1580 3718 290 78 Weinen,
1891 3717 226 79 Kunst,
2122 3718 470 69 Verzichten...
2614 3718 348 69 Scherben.

842 3804 247 69 Haha?
1134 3807 138 66 Wir
1319 3806 552 86 Sündenstümper
1917 3807 228 67 sollten
2195 3807 250 67 einfach
2492 3807 318 69 sterben?
