3044 4572
255 745 217 57 Erster
513 747 514 70 Leichenträger:
1088 750 106 66 Du,
1242 751 133 56 alter
1413 752 234 69 Freund,
1688 760 96 51 mit
1823 757 188 56 deiner
2050 758 153 58 Pulle
2241 761 110 56 bist

326 818 144 56 beim
512 818 185 56 Grabe
745 842 136 49 ganz
931 821 177 56 dichte
1155 822 107 56 bei.
1341 823 89 56 Du
1478 827 213 56 solltest
1729 828 188 65 sehen,
1957 833 103 52 wie
2099 833 74 54 du
2213 835 138 54 dir’n

326 892 215 54 kleinen
588 893 228 71 Umweg
873 894 465 69 ausklamüsterst,
1393 899 135 55 aber
1585 922 119 46 nee,
1764 902 73 55 du
1893 903 173 56 fährst
2123 905 224 73 Galopp

329 965 110 54 und
480 969 216 51 nimmst
735 967 329 71 Richtwege.

251 1052 311 56 Kutscher
600 1052 174 57 Karl:
830 1054 182 56 Meine
1051 1056 136 56 Frau
1229 1058 140 56 hat’s
1408 1072 200 60 gesagt
1646 1062 113 55 und
1798 1063 166 56 dabei
2004 1065 240 57 bleibt’s.

250 1138 273 56 Zweiter
585 1139 518 73 Leichenträger:
1182 1145 464 74 Lohnbesserung
1708 1151 109 66 hin,
1882 1151 466 74 Lohnbesserung

321 1212 112 65 her,
473 1233 63 35 so
561 1236 113 33 was
701 1216 105 53 will
832 1216 141 54 wohl
1000 1217 252 71 überlegt
1280 1222 133 53 sein.
1492 1221 178 57 Deine
1698 1223 136 56 brau
1874 1228 71 52 ist
1983 1227 144 56 nicht
2165 1231 179 52 meine

320 1286 156 67 Frau,
517 1288 111 53 und
668 1311 106 33 nun
814 1289 164 56 weißt
1017 1289 89 56 Du
1147 1293 130 55 auch
1319 1294 283 58 Bescheid.

246 1372 310 57 Kutscher
594 1374 151 56 Karl
786 1377 140 70 (faßt
952 1377 108 55 den
1089 1378 221 57 Kellner
1337 1382 145 55 beim
1510 1382 322 58 Rockschoß
1862 1388 113 54 und
2003 1388 191 56 drückt
2232 1391 108 56 ihm

319 1447 90 54 die
448 1448 146 55 leere
622 1449 151 55 Pulle
813 1453 52 51 in
905 1452 89 53 die
1035 1452 212 71 Hand):
1307 1454 127 56 Voll
1559 1457 195 57 hörst?
1812 1458 100 71 (Zu
1954 1462 108 55 den
2089 1462 224 57 Leichen-

317 1518 349 72 besorgern.}
720 1522 140 56 Paßt
886 1523 104 55 mal
1018 1524 104 55 alle
1150 1548 179 49 genau
1357 1528 275 72 Achtung.
1680 1529 117 71 (Sie
1826 1533 222 56 stecken
2076 1536 267 57 flüsternd

317 1594 90 53 die
447 1593 185 70 Köpfe
670 1598 358 70 zusammen.)

583 1696 180 45 Franchi
792 1700 92 41 und
914 1700 116 57 Ring
1060 1707 150 38 treten
1243 1703 72 44 ein
1345 1705 92 43 und
1470 1712 153 37 setzen
1655 1708 87 42 sich
1774 1708 225 46 nebenan.

242 1781 186 72 Ring;
489 1783 101 68 Na,
632 1785 144 56 Herr
814 1786 251 72 Kollege,
1107 1791 69 52 ist
1215 1790 90 56 die
1345 1791 174 57 Pfeife
1559 1816 137 49 ganz
1737 1796 144 56 aus?

242 1868 256 56 Franchi
555 1871 191 69 (wehrt
804 1877 94 52 mit
954 1880 292 66 traurigem
1286 1879 421 72 Kopfschütteln
1766 1884 118 71 ab):
1945 1885 118 57 Iche
2109 1888 95 54 bin
2250 1890 88 53 ain

315 1965 174 33 armer
515 1943 207 70 Teufel,
752 1947 233 68 Freund,
1026 1950 132 54 aber
1185 1955 78 51 sei
1291 1964 99 58 gut
1417 1955 112 54 und
1568 1957 178 69 sprich
1785 1968 99 60 gut
1921 1980 127 35 vom
2089 1960 249 58 Schesar.

241 2028 185 72 Ring:
481 2030 158 57 Aber
683 2055 112 34 was
842 2035 120 56 hilft
1002 2037 81 54 dir
1124 2039 117 66 das,
1290 2039 276 58 Candido.
1642 2042 145 56 Dein
1826 2044 232 58 Schesar
2097 2049 92 54 hat
2227 2049 111 56 sich

311 2103 142 54 nicht
480 2105 129 70 lang
635 2106 283 56 besonnen
947 2111 112 52 und
1087 2114 68 52 ist
1195 2114 179 53 seiner
1398 2114 180 72 Wege
1619 2138 311 51 gegangen.
2008 2119 128 57 Setz
2177 2121 160 56 deine

311 2175 171 55 Pfeife
538 2180 205 54 wieder
796 2183 52 51 in
889 2181 189 67 Feuer,
1138 2185 232 67 breund,
1426 2190 113 53 und
1599 2191 171 53 schaff
1830 2191 82 55 dir
1958 2196 159 52 einen
2159 2216 176 35 neuen

311 2247 232 57 Schesar
581 2274 83 31 an.

237 2321 280 57 Franchi:
576 2324 115 55 Das
738 2327 194 55 kannst
973 2329 73 54 du
1087 2352 189 49 sagen,
1324 2332 163 57 deine
1526 2335 187 67 Flöhe,
1761 2337 89 55 die
1891 2338 209 56 zähmst
2141 2341 71 55 du
2254 2342 83 55 dir

307 2416 132 34 ause
468 2396 124 54 dem
621 2397 359 70 Nachthemd,
1009 2403 134 55 aber
1169 2407 143 52 mein
1340 2404 229 58 Schesar
1594 2431 109 33 war
1729 2413 87 52 nie
1845 2411 99 54 der
1978 2423 144 45 erste
2157 2413 174 56 beste.

364 2496 159 46 Grude
571 2500 89 43 und
712 2498 261 49 Seclemund
1023 2510 148 38 treten
1225 2509 71 41 ein
1348 2509 91 43 und
1484 2510 148 56 gehen
1677 2512 78 44 auf
1799 2515 92 42 und
1931 2515 73 43 ab.
2067 2515 267 47 Mankmoos

828 2568 159 37 wartet
1018 2563 174 53 darauf,
1225 2567 197 55 g-esehen
1454 2585 53 26 zu
1540 2586 33 26 w
1574 2587 6 9 T
1584 2571 151 43 erden.

235 2641 246 58 Grude:
541 2644 86 55 Na
661 2650 70 66 ja,
780 2647 99 56 das
919 2650 134 54 sehe
1093 2651 98 67 ich,
1239 2656 97 53 mit
1373 2655 200 55 Politik
1611 2657 94 56 hat
1745 2658 161 56 deine
1944 2660 175 57 Sache
2161 2663 169 56 nichts

303 2736 65 33 zu
409 2726 111 57 tun,
562 2719 151 54 darin
755 2719 111 56 bist
905 2722 74 55 du
1020 2724 322 73 unschuldig
1379 2730 269 55 verrufen.

232 2802 127 56 Der
392 2807 194 69 junge
627 2806 393 59 Seaemund:
1079 2812 162 56 Nicht
1274 2836 63 33 so
1378 2837 155 49 ganz,
1575 2822 142 52 mein
1746 2820 213 67 Lieber,
2000 2844 99 33 nur
2136 2845 193 50 wagen

301 2879 95 51 wir
434 2901 99 32 uns
574 2884 265 53 seitwärts
880 2884 98 54 der
1016 2884 249 56 üblichen
1549 2914 164 33 unser
1749 2893 171 56 Werk
1957 2896 134 55 wird
2130 2897 172 70 gleich-

303 2971 113 33 sam
465 2952 165 54 durch
679 2953 90 56 die
809 2956 186 55 Nasen
1045 2959 321 72 eindringen
1516 2962 203 72 Augen
1759 2967 329 71 zuklappen,
2136 2951 192 76 Öhren

299 3024 337 71 verstopfen,
683 3028 100 55 das
832 3029 97 70 gilt
979 3052 109 33 nun
1127 3033 141 55 nicht
1308 3036 167 63 mehr,
1516 3037 125 57 Luft
1681 3039 162 56 holen
1884 3041 153 57 müßt
2075 3043 99 66 Ihr,
2215 3044 113 55 und

301 3095 189 56 darum
531 3099 125 55 sollt
693 3099 83 56 Ihr
814 3103 230 66 riechen,
1083 3107 102 52 wie
1225 3127 60 33 es
1324 3130 88 31 um
1454 3108 143 56 Euch
1639 3113 162 55 steht.

358 3196 93 44 Der
489 3201 181 43 Kellner
706 3202 79 43 hat
821 3203 105 45 dem
966 3206 217 45 Kutscher
1221 3208 107 43 Kar!
1370 3210 72 43 die
1474 3211 177 47 Flasche
1681 3215 229 56 gebracht.
1972 3215 60 45 Er
2061 3220 142 42 trinkt
2232 3218 91 45 und

785 3264 137 42 reicht
952 3267 65 41 sie
1047 3269 167 41 weiter.
1276 3267 267 47 Mankmoos
1573 3274 153 43 schaut
1757 3291 66 27 zu.

227 3341 308 55 Lutscher
574 3345 175 57 Karl:
808 3349 176 67 I\anu,
1026 3352 162 55 kuckt
1215 3355 137 54 doch
1383 3358 101 52 mal
1516 3359 107 54 den
1651 3383 85 44 an,
1776 3384 86 34 wo
1903 3364 122 56 hast
2065 3366 71 54 du
2178 3367 144 56 denn

299 3415 200 55 deinen
541 3415 192 59 Orden
772 3425 265 67 verdient,
1079 3427 135 54 oller
1253 3428 252 72 Knopp?

226 3502 373 57 Mankmoos
628 3505 135 68 (tritt
785 3511 210 67 näher):
1039 3512 123 56 Den
1185 3516 94 53 hat
1299 3521 99 51 mir
1418 3518 99 55 der
1534 3519 363 74 Großherzog
1919 3525 82 53 für
2024 3527 66 53 25
2109 3527 212 71 jährige

298 3574 428 72 Zugehörigkeit
764 3601 118 34 zum
924 3584 493 74 Gemeinnützigen
1456 3591 204 55 Verein
1699 3596 292 68 geschickt.

225 3662 334 57 Kutscher:
618 3664 106 55 Für
769 3672 336 56 unnützliche
1147 3674 393 60 Gemeinheit?
1597 3679 173 56 Dafür
1807 3682 197 56 kannst
2042 3685 131 55 auch
2215 3687 104 55 mal

294 3737 230 56 trinken.

225 3806 373 59 Mankmoos
627 3809 234 72 (trinkt):
908 3814 81 55 Ich
1011 3817 143 56 habe
1172 3819 225 56 nämlich
1420 3820 161 59 heute
1605 3826 135 54 noch
1762 3827 140 54 nicht
1923 3827 392 71 gefrühstückt.

669 572 166 54 Ernst
1075 573 96 56 Barlach
1172 606 138 12 •
1799 576 106 55 Die

2242 586 108 55 253
