3044 4572
245 694 112 56 und
403 717 107 34 nun
557 696 70 54 ist
673 715 58 35 er
774 698 102 52 wie
923 694 328 72 gescheucht
1296 698 131 69 eilig
1473 700 84 53 ins
1595 696 119 57 Zelt
1759 708 269 61 getreten,
2067 701 204 72 gerade

245 767 78 56 als
367 771 167 68 ginge
574 789 59 33 er
669 788 100 34 vor
807 770 98 52 mir
943 771 84 51 ins
1065 767 285 58 Versteck.

171 840 133 57 Der
340 844 196 68 junge
562 839 370 57 Sedemund
974 839 139 72 (faßt
1140 845 159 53 einen
1324 841 353 72 Augenblick
1705 844 115 56 ihre
1849 844 213 71 Hand):
2115 845 156 68 Gott,

242 915 141 54 Frau
420 911 216 58 Grude!
696 912 101 71 (Zu
838 913 369 70 Mankmoos).
1267 915 241 67 Mensch,
1544 916 344 67 Mankmoos,
1926 940 113 34 was
2076 919 193 57 wollen

242 990 80 52 sie
363 986 134 56 noch
623 986 134 56 aber
795 990 142 63 nein,
984 986 81 56 ich
1105 986 129 57 muß
1272 987 97 57 Sie
1407 987 270 59 vielleicht
1715 991 138 55 noch
1893 991 132 56 nach
2066 992 203 56 allerlei

241 1060 208 71 fragen,
495 1070 203 45 warten
736 1058 94 57 Sie
876 1063 71 52 im
988 1060 461 73 Schützengarten
1489 1063 92 55 auf
1620 1063 154 56 mich.
1851 1062 160 59 Oder
2049 1074 220 48 müssen

240 1131 94 56 Sie
373 1132 132 56 nach
547 1132 156 57 Haus
743 1155 64 33 zu
847 1133 152 56 Ihren
1040 1133 289 57 Kindern?

163 1209 404 60 Mankmoos:
628 1213 83 55 Ich
758 1223 167 46 warte
971 1214 174 56 lieber
1182 1216 136 54 noch
1361 1220 159 53 einen
1559 1217 248 56 Moment
1844 1218 94 55 auf
1973 1218 111 69 Sie,
2126 1220 143 55 Herr

238 1283 339 69 Sedemund,
619 1287 72 53 da
729 1286 139 55 weiß
906 1287 80 54 ich
1028 1288 159 65 doch,
1234 1310 113 34 was
1388 1289 80 55 ich
1508 1311 308 51 sozusagen
1854 1301 96 46 tun
1991 1293 119 55 soll.
2188 1293 77 55 Zu

238 1358 155 56 Haus
433 1359 153 56 heißt
624 1381 61 34 es
726 1363 191 52 immer
955 1361 158 57 bloß:
1155 1362 325 57 Mankmoos
1520 1364 131 66 hier,
1693 1364 326 57 Mankmoos
2058 1367 89 66 da,
2188 1367 79 56 als

236 1430 75 56 ob
351 1432 80 54 ich
471 1455 113 33 was
624 1433 164 55 dabei
837 1433 221 56 machen
1107 1434 221 68 könnte,
1376 1435 111 56 daß
1526 1439 178 54 meine
1743 1437 138 56 Frau
1920 1448 84 47 tot
2039 1442 88 65 ist,
2168 1444 100 51 mir

235 1505 156 55 wär’s
430 1505 191 69 lieber,
661 1509 80 52 sie
781 1505 150 57 lebte
970 1507 154 57 noch.

1030 1594 269 46 Mankmoos
1331 1597 71 44 ab.

160 1664 132 56 Der
326 1669 197 69 junge
564 1665 392 59 Sedemund:
1033 1668 138 56 Frau
1214 1668 208 70 Grude,
1469 1674 103 54 wie
1619 1674 70 52 ist
1734 1693 60 35 es
1842 1673 287 71 eigentlich
2169 1696 63 33 zu-

233 1759 314 50 gegangen,
589 1739 108 55 daß
727 1739 191 56 Grude
957 1743 55 52 in
1052 1742 92 54 die
1169 1740 224 59 Anstalt
1432 1743 170 57 kam?
1658 1744 96 56 Sie
1792 1748 217 63 wissen,
2049 1747 80 54 ich
2170 1747 93 55 bin

236 1814 104 52 seit
377 1811 200 70 Jahren
618 1813 144 56 nicht
801 1813 152 56 mehr
992 1814 393 71 hiergewesen.

158 1890 162 57 Frau
369 1891 243 58 Grude:
650 1893 138 68 Ach,
837 1894 142 56 Herr
1023 1894 339 70 Sedemund,
1412 1898 80 54 ich
1533 1899 144 56 habe
1717 1899 90 55 ihn
1846 1899 234 57 wirklich
2121 1902 143 55 nicht

233 1964 464 72 hineingebracht.
760 1966 182 57 Wenn
983 1968 80 55 ich
1103 1990 64 35 so
1195 1990 171 50 sagen
1408 1970 121 66 soll,
1571 1975 71 52 ist
1680 1993 58 34 er
1764 1971 265 73 freiwillig
2054 1974 180 56 hinein-

233 2059 311 51 gegangen,
602 2062 139 49 ganz
800 2062 183 50 gegen
1038 2045 216 52 meinen
1300 2043 264 68 Wunsch;
1613 2048 71 53 ist
1740 2046 176 56 selbst
1969 2068 66 34 zu
2082 2049 178 54 Herrn

231 2110 218 57 Doktor
495 2112 325 71 gekommen
867 2114 112 54 und
1018 2115 94 55 hat
1157 2137 89 33 um
1291 2114 314 59 Aufnahme
1652 2117 259 72 gebeten.
1990 2119 71 56 Er
2104 2131 156 61 sagte

230 2189 52 66 ja
320 2187 190 52 immer
547 2186 192 56 schon:
779 2187 277 56 entweder
1094 2189 120 54 seid
1253 2189 81 54 ihr
1373 2190 104 56 alle
1515 2192 266 68 verrückt,
1809 2194 139 56 oder
1974 2195 80 55 ich
2081 2195 177 56 allein.

155 2262 133 56 Der
318 2267 199 69 junge
556 2265 395 58 Sedemund:
989 2269 81 69 Ja,
1110 2272 69 66 ja,
1220 2269 100 55 das
1353 2291 108 35 war
1500 2291 62 35 so
1602 2275 153 53 seine
1797 2275 269 56 närrische
2093 2275 165 67 Note,

230 2359 59 33 er
313 2333 221 60 brachte
575 2341 151 53 seine
765 2338 211 58 Sachen
1016 2342 191 54 immer
1246 2341 182 57 kurios
1468 2344 213 57 heraus.

153 2415 160 57 Frau
355 2416 248 58 Grude:
644 2418 69 56 Er
751 2422 72 54 ist
858 2420 134 56 auch
1031 2421 143 56 nicht
1210 2425 267 66 verrückt,
1516 2448 58 33 er
1600 2429 70 53 ist
1700 2449 102 33 nur
1922 2427 336 57 wunderlich

224 2492 201 53 wissen
477 2488 111 59 Sie.

151 2561 132 57 Der
326 2567 202 66 junge
572 2562 397 60 Sedemund:
1022 2567 157 57 Aber
1225 2568 241 69 glauben
1524 2570 111 67 Sie,
1679 2571 108 56 daß
1836 2595 58 34 er
1933 2573 109 58 sich
2084 2573 172 56 selbst

224 2636 160 54 dafür
434 2636 156 57 hält?

151 2707 159 56 Frau
353 2707 246 58 Grude:
645 2708 138 69 Ach,
831 2711 144 57 Herr
1018 2713 337 65 Sedemund,
1404 2717 234 56 seitdem
1685 2717 95 57 Sie
1827 2740 123 51 weg
1996 2719 142 68 sind,
2185 2722 70 53 ist

223 2784 117 54 sein
379 2792 163 62 guter
581 2782 160 57 Geist
781 2806 136 49 ganz
955 2807 108 36 von
1102 2788 109 56 ihm
1252 2791 296 69 gewichen.

146 2860 132 58 Der
312 2867 197 67 junge
548 2863 394 57 Sedemund:
983 2867 80 54 Ich
1105 2868 193 56 dächte
1338 2869 149 66 aber,
1527 2871 138 55 Frau
1708 2871 208 68 Grude,
1944 2872 94 57 Sie
2066 2873 187 56 hätten

221 2934 100 56 das
362 2934 153 72 Zeug
553 2937 221 71 gehabt,
818 2938 134 54 mich
993 2943 53 51 in
1087 2944 207 52 meiner
1345 2940 157 58 Rolle
1540 2943 80 56 als
1660 2943 290 58 heilsamer
1990 2944 160 59 Geist
2187 2968 63 33 zu

222 3018 262 57 ersetzen,
525 3013 332 68 wenigstens
898 3012 90 55 die
1028 3013 370 72 Gelegenheit
1544 3017 146 55 wie?

146 3085 158 57 Frau
346 3089 245 57 Grude:
638 3089 119 57 Ach
906 3092 80 54 ich
1136 3094 98 55 das
1282 3097 70 53 ist
1400 3117 61 34 es
1500 3099 68 66 ja,
1718 3121 113 33 was
1870 3099 94 55 bin
2004 3100 96 68 ich,
2141 3122 109 34 was

219 3158 143 57 kann
401 3163 98 66 ich,
539 3184 99 33 nur
675 3163 92 54 ihn
806 3163 295 58 liebhaben
1141 3166 202 56 konnte
1384 3166 108 56 ich!

147 3236 129 56 Der
327 3244 195 67 junge
567 3241 394 59 Sedemund:
1025 3245 128 57 Und
1200 3248 100 56 das
1347 3257 243 63 genügte
1637 3253 109 54 ihm
1800 3253 145 56 wohl
1992 3253 183 57 nicht?

144 3316 159 56 Frau
345 3319 217 56 Grude
603 3321 230 70 (weint):
875 3321 172 58 Sollte
1087 3325 73 55 ich
1187 3328 133 56 mich
1350 3330 280 66 anstellen,
1667 3333 80 54 als
1774 3333 150 54 teilte
1950 3333 82 54 ich
2058 3337 188 53 seinen

217 3390 440 72 Aberglauben?
696 3395 180 56 Wenn
918 3418 120 33 man
1079 3400 93 53 auf
1211 3401 126 55 dem
1378 3401 185 58 Lande
1602 3404 143 70 groß
1784 3407 135 53 wird
1945 3407 116 54 und
2089 3409 157 53 einen

217 3462 505 73 Gespensterseher
758 3489 108 34 von
908 3467 311 60 Großvater
1256 3495 120 35 zum
1418 3475 254 57 Erzieher
1712 3479 94 53 hat
1844 3481 103 53 wie
1986 3500 74 45 er,
2100 3480 145 55 dann

216 3537 142 55 kann
400 3559 59 34 es
496 3541 55 69 ja
588 3540 130 53 auch
758 3541 232 56 wirklich
1032 3547 95 53 mit
1167 3550 179 52 einem
1385 3549 295 56 Menschen
1718 3553 141 54 nicht
1886 3573 137 48 ganz
2056 3553 189 72 richtig

212 3611 237 55 werden.

139 3681 130 57 Der
320 3687 193 67 junge
571 3683 399 64 Sedemund:
1030 3688 81 56 Ich
1168 3692 141 55 weiß
1498 3696 135 55 aber
1690 3696 100 55 das
1847 3696 124 56 sind
2025 3701 54 66 ja
2135 3699 107 55 alte

214 3754 380 58 Geschichten.

580 519 169 57 Ernst
783 520 236 56 Barlach
1074 552 14 12 •
1146 521 108 56 Die
1291 522 181 55 echten

2166 526 105 55 245
