2325 3048
1063 2304 40 32 26

1058 519 156 42 staltung
1231 519 63 34 der
1314 518 254 43 Offenbarung,
1608 518 271 36 Künstlerische
1897 519 127 35 Fehler

1059 572 78 33 sind
1163 585 65 21 nur
1256 575 34 31 in
1318 573 64 34 der
1410 573 212 43 Gestaltung
1650 586 44 21 zu
1720 574 134 33 suchen
1881 574 73 34 und
1981 587 43 20 zu

1057 626 130 34 finden.
1226 627 129 34 Hierzu
1373 627 128 34 bedarf
1516 641 38 20 es
1571 627 64 34 der
1650 627 215 35 Erkenntnis
1883 628 63 34 der
1962 628 42 34 be-

1059 681 177 34 sonderen
1253 682 286 34 künstlerischen
1557 682 220 43 Wirkungen
1795 696 62 20 aus
1877 683 69 33 den
1963 682 42 34 be-

1059 736 177 34 sonderen
1258 737 286 33 künstlerischen
1565 737 186 33 Ursachen
1774 737 98 42 jedes
1896 737 112 33 einzel-

1059 803 69 21 nen
1146 790 246 35 Kunstwerks,
1437 790 91 35 Jede
1548 791 130 34 Fläche
1698 792 62 33 hat
1780 792 75 33 ihre
1877 792 149 41 eigenen

1060 843 166 42 Gesetze,
1266 845 116 34 denen
1420 846 64 33 der
1524 845 214 35 Schaffende
1768 847 67 33 wie
1863 847 64 33 der
1955 846 47 34 Ge-

1059 899 185 40 nießende,
1285 900 75 33 also
1400 900 90 33 auch
1529 899 63 34 der
1619 901 294 42 vernunftgemäß
1942 900 64 34 Prü-

1059 953 116 40 fende,
1199 954 243 33 unterworfen
1465 956 54 32 ist.
1565 955 66 33 Die
1654 955 132 34 äußere
1809 956 73 34 und
1904 956 123 32 innere

1060 1008 316 34 Geschlossenheit
1403 1009 62 33 des
1491 1008 235 35 Kunstwerks
1752 1009 97 34 kann
1875 1022 63 21 aus
1964 1009 64 34 der

1061 1062 335 45 Sichtbarwerdung
1417 1063 63 34 der
1501 1063 245 44 Offenbarung
1765 1063 153 34 erkannt
1937 1076 68 21 wer-

1062 1116 77 35 den,
1180 1118 68 33 Wo
1264 1117 64 34 der
1344 1118 230 43 Organismus
1591 1118 63 33 des
1669 1118 238 34 Kunstwerks
1923 1119 105 33 einen

1061 1171 146 43 Eingriff
1225 1176 182 39 gestattet,
1426 1173 84 42 liegt
1529 1174 57 32 ein
1602 1172 281 34 künstlerischer
1901 1173 127 33 Fehler

1061 1239 74 20 vor.
1177 1226 66 34 Die
1262 1226 261 35 künstlerische
1542 1227 111 42 Logik
1672 1228 45 34 ist
1736 1240 40 22 so
1796 1227 142 34 absolut
1956 1227 72 34 und

1062 1293 39 21 so
1142 1281 193 42 zwingend,
1377 1283 67 32 wie
1474 1281 57 34 die
1559 1282 318 42 vernunftgemäße
1906 1282 121 42 Logik.

1062 1335 65 34 Die
1149 1335 261 34 künstlerische
1430 1336 110 42 Logik
1560 1338 45 33 ist
1626 1337 92 33 eben
1738 1337 57 34 die
1815 1336 214 43 Gestaltung

1062 1390 63 34 des
1155 1390 332 43 Gefühlsgemäßen,
1519 1391 62 33 des
1611 1390 292 43 Sinnegemäßen,
1932 1391 96 33 nicht

1062 1444 63 34 des
1147 1444 268 44 Sinngemäßen,
1463 1445 65 34 Die
1551 1445 162 34 Beweise
1735 1445 63 34 der
1818 1446 112 42 Logik
1951 1445 78 34 sind

1063 1512 39 20 so
1132 1499 193 43 zwingend,
1355 1501 68 32 wie
1451 1500 201 43 überhaupt
1680 1500 158 43 logische
1867 1499 162 35 Beweise

1062 1555 77 32 sein
1161 1554 153 33 können.
1361 1554 104 33 Auch
1489 1554 57 33 die
1570 1554 110 43 Logik
1703 1554 63 34 des
1791 1554 169 34 Denkens
1984 1556 46 31 ist

1062 1609 55 33 für
1137 1609 93 34 viele
1251 1609 186 39 unfaßbar,
1459 1609 111 34 selbst
1591 1621 104 22 wenn
1716 1610 52 33 sie
1790 1609 133 43 logisch
1945 1609 63 33 den-

1064 1662 80 34 ken,
1200 1662 46 34 So
1277 1665 44 31 ist
1352 1663 90 34 auch
1472 1663 56 34 die
1559 1664 110 41 Logik
1699 1664 63 33 des
1791 1663 154 34 Fühlens
1975 1664 55 32 für

1063 1717 93 33 viele
1181 1717 266 43 unbegreiflich,
1474 1718 90 33 auch
1589 1731 103 20 wenn
1718 1720 51 31 sie
1795 1718 134 42 logisch
1954 1717 57 34 füh-

1063 1771 67 34 len,
1177 1771 133 34 Diesen
1330 1770 127 35 Vielen
1481 1772 111 34 bleibt
1615 1772 115 34 nichts
1752 1773 110 42 übrig,
1887 1773 52 33 als
1962 1772 69 33 den

1063 1825 177 44 Logikern
1278 1826 144 34 bewußt
1462 1826 86 34 oder
1575 1826 194 34 unbewußt
1796 1840 44 20 zu
1867 1827 163 42 glauben.

1064 1880 71 33 Das
1158 1880 118 34 haben
1297 1882 51 32 sie
1372 1881 90 33 auch
1485 1885 90 29 stets
1597 1885 107 38 getan
1727 1882 71 32 und
1821 1881 78 33 sind
1921 1880 110 34 damit

1063 1935 303 43 lebensglücklich
1390 1935 72 33 und
1487 1935 286 43 kunstglücklich
1798 1943 175 35 gewesen.

1064 1990 65 34 Die
1150 1991 116 42 innige
1285 1990 192 34 unlösbare
1497 1990 202 43 Beziehung
1719 1990 177 34 zwischen
1916 1990 116 33 Farbe

1063 2045 72 33 und
1157 2044 104 34 Form
1284 2044 63 34 des
1370 2044 208 34 wirklichen
1601 2045 118 34 Bildes
1742 2045 151 33 beweist
1916 2044 115 34 nichts

1066 2100 123 33 besser
1221 2100 51 33 als
1303 2100 57 33 die
1390 2099 213 42 Abbildung,
1659 2099 66 34 Die
1757 2098 200 43 Zeichnung
1987 2100 45 32 ist

1067 2156 78 31 eine
1162 2153 115 34 Kunst
1293 2154 55 33 für
1365 2154 83 39 sich,
1466 2154 153 33 nämlich
1636 2155 58 32 die
1710 2152 115 35 Kunst
1842 2153 65 33 der
1923 2153 108 33 Linie,

1066 2208 65 33 Die
1149 2207 114 34 Farbe
1281 2207 79 34 darf
1377 2208 95 33 nicht
1492 2208 239 42 aufgetragen,
1752 2209 50 31 sie
1821 2207 82 33 muß
1921 2206 112 34 selbst
