3240 4572
676 445 63 50 26

1470 455 167 57 Afain,
1803 457 92 49 Die
1896 458 240 63 Suffragetten

2695 2547 209 63 Alain

675 675 194 55 zeuge,
933 654 151 62 dann
1133 656 90 61 die
1273 658 305 80 Schlingen,
1639 660 151 62 dann
1841 663 87 62 die
1971 664 242 63 Waffen,
2265 666 82 63 So
2397 670 334 63 entstanden
2780 683 142 52 zwei

676 745 265 80 mächtige
982 749 249 79 Könige:
1273 750 103 63 das
1419 752 288 80 Gespräch
1754 757 118 61 und
1922 757 90 62 die
2053 759 415 74 Wissenschaft,
2510 763 203 62 welche
2755 764 165 64 heute

675 839 90 61 die
790 840 154 64 Welt
983 843 370 64 beherrschen.
1378 846 113 62 Ais
1533 848 89 61 die
1646 848 346 65 Amazonen
2032 853 267 75 merkten,
2342 856 109 62 daß
2492 867 79 52 sie
2612 858 165 62 schon
2821 861 101 61 all«

672 933 240 80 zulange
953 937 89 61 die
1081 938 205 61 Lieder
1325 940 117 61 und
1482 941 89 61 die
1616 942 320 80 Gespräche
1970 962 253 63 ertragen
2258 948 204 74 hatten,
2497 952 74 60 da
2603 976 122 37 war
2758 978 58 36 es
2849 978 73 38 zu

673 1036 148 69 spät:
863 1039 81 52 sie
986 1031 276 74 erfuhren,
1305 1058 122 36 was
1469 1059 59 37 es
1570 1036 164 74 heißt,
1778 1046 88 54 ein
1903 1040 143 61 allzu
2081 1040 429 79 empfindsames
2543 1045 156 62 Herz
2732 1046 186 64 haben

673 1121 119 60 und
841 1122 108 61 den
999 1124 433 63 Liebesbettlern
1484 1129 117 61 und
1649 1130 108 61 den
1803 1131 551 82 Guittarrenträgern
2397 1138 282 62 Almosen
2721 1140 193 78 geben.

672 1214 296 80 Dichtung,
1010 1218 213 73 Musik,
1265 1220 414 75 Wissenschaft,
1730 1224 291 74 Industrie,
2072 1228 103 61 das
2215 1237 71 53 ist
2327 1230 88 61 die
2458 1230 321 64 Geschichte
2820 1234 99 62 der

673 1308 338 63 Männchen.
1070 1312 193 63 Sowie
1320 1323 80 52 sie
1458 1315 108 63 den
1616 1318 197 79 Bogen
1862 1321 118 61 und
2021 1322 108 61 den
2172 1322 180 62 Schild
2393 1324 272 64 erfunden
2707 1327 204 74 hatten,

671 1426 193 38 waren
906 1413 79 52 sie
1018 1404 255 82 Könige,-
1312 1417 80 53 sie
1433 1411 324 80 verlangten
1800 1413 103 61 das
1936 1416 225 76 tägliche
2194 1417 137 62 Brot
2364 1420 118 59 und
2515 1421 90 61 die
2637 1421 174 62 Liebe
2844 1446 74 38 zu

667 1496 154 75 jeder
860 1497 144 62 Zeit.

750 1590 123 62 Das
930 1601 70 52 ist
1048 1594 99 61 der
1194 1596 368 76 gewaltsame
1611 1599 286 75 Zustand,
1950 1611 53 51 in
2057 1604 128 61 dem
2225 1614 105 52 wir
2370 1624 149 45 etwa
2559 1616 103 54 seit
2703 1608 211 81 fünfzig

665 1682 440 78 Jahrhunderten
1140 1689 172 62 leben.
1355 1690 122 62 Der
1509 1693 215 73 Luxus,
1768 1695 89 61 die
1890 1696 240 73 Künste,
2166 1699 103 61 das
2303 1699 254 75 Gedicht,
2592 1703 98 61 der
2722 1704 191 78 Krieg,

668 1776 88 61 die
814 1778 291 75 Industrie,
1166 1783 88 61 die
1296 1784 423 75 Wissenschaft,
1771 1788 133 62 alles
1954 1790 101 63 das
2106 1792 169 62 bildet
2333 1802 88 53 ein
2472 1796 441 63 revolutionäres

667 1870 230 80 System
955 1876 117 59 und
1122 1893 178 46 etwas
1349 1888 109 52 wie
1509 1890 161 52 einen
1721 1902 402 59 permanenten
2172 1886 396 64 Staatsstreich.
2610 1891 165 61 Aber
2824 1891 87 62 die

665 1964 293 79 Besiegten
1016 1968 185 62 haben
1262 1971 90 61 die
1408 1972 348 81 Niederlage
1811 1977 141 61 nicht
2001 1978 459 79 hingenommen,-
2515 1982 89 61 die
2662 1983 249 64 Gefühle

663 2058 220 63 blieben
924 2086 123 37 was
1088 2072 80 54 sie
1208 2089 207 39 waren.
1458 2067 112 63 Die
1611 2069 157 62 Frau
1800 2071 151 61 betet
1992 2072 152 61 ihren
2185 2074 188 62 Herrn
2415 2076 139 61 nicht
2606 2100 91 49 an,
2740 2080 173 60 außer

663 2161 55 52 in
762 2154 110 61 den
905 2155 208 62 kurzen
1147 2157 423 79 Augenblicken
1612 2163 99 61 des
1752 2164 292 63 Rausches,
2087 2166 94 63 Sie
2214 2168 276 63 verachtet
2521 2171 89 60 die
2643 2171 268 63 Wissen«

662 2245 170 62 schaff
873 2248 117 61 und
1032 2249 89 61 die
1155 2251 334 80 Erfindung,
1533 2255 117 61 und
1689 2265 55 51 in
1781 2257 343 81 Erwartung
2164 2269 152 52 eines
2349 2262 236 62 Bessern
2619 2264 180 79 bringt
2832 2274 79 54 sie

662 2339 116 61 ihre
811 2340 495 83 Konfitürentöpfe
1339 2354 55 54 in
1428 2347 519 82 Schlachtordnung,
1982 2353 270 62 während
2285 2354 98 63 der
2415 2357 188 61 Mann
2637 2367 84 52 ins
2756 2358 153 64 Cafe

660 2433 148 78 geht,
851 2434 216 64 Karten
1109 2439 159 77 spielt
1308 2441 139 61 oder
1486 2442 139 61 über
1655 2443 175 62 Liebe
1872 2447 117 60 und
2021 2447 175 79 Krieg
2236 2450 276 63 schwätzt.
