3186 4572
986 461 221 51 Herßert
1484 462 183 63 Eufenßerg,
1668 465 100 60 Krieg
1769 465 92 48 dem
1890 463 151 62 Krieg

2563 469 57 49 19

487 663 253 62 Sibille:
773 663 164 62 Wart
977 663 135 60 doch
1153 680 109 45 erst
1303 665 90 71 ab,
1432 666 83 61 bis
1555 690 130 37 man
1728 689 58 38 es
1828 674 54 52 in
1925 665 95 61 der
2060 665 175 62 Nähe
2275 668 144 59 hört!

487 755 389 61 Pantaleon:
925 755 78 76 Ja,
1051 757 116 60 und
1214 757 82 60 bis
1341 759 87 60 die
1475 758 339 80 Schrapnells
1863 767 103 52 mir
2014 767 157 52 einen
2220 782 212 53 ganzen
2472 760 146 61 Arm

410 850 138 60 oder
588 849 108 60 den
737 848 164 79 Kopf
937 848 273 70 abreißen,
1252 859 96 52 mit
1388 852 125 59 dem
1554 853 74 58 ich
1668 852 89 61 für
1797 852 158 61 Euch
1995 875 176 53 sorge.
2221 852 245 61 Glaubst
2504 854 116 70 Du,

410 943 89 60 die
538 942 325 61 Franzosen
905 942 231 61 würden
1184 966 67 38 so
1299 944 227 77 gescheit
1573 955 114 50 sein
1729 953 108 52 wie
1878 944 75 60 ich
1995 944 117 60 und
2150 952 101 52 mir
2291 969 183 53 genau
2514 946 104 61 den

410 1036 350 77 Zeigefinger
801 1036 317 61 abschießen
1159 1037 114 60 und
1313 1038 132 60 mich
1485 1040 126 59 reell
1651 1038 302 61 bedienen?

489 1127 257 63 Sibille:
797 1127 100 63 Du
938 1129 125 61 hast
1102 1130 156 71 recht,
1300 1139 78 52 sie
1418 1130 181 62 haben
1638 1155 99 54 gar
1776 1131 122 60 kein
1940 1131 268 60 Interesse
2250 1154 71 36 an
2363 1131 104 60 Dir
2507 1131 114 60 und

411 1247 72 35 an
525 1245 120 37 uns.

489 1314 396 62 Pantaleon:
928 1314 254 62 Werden
1237 1324 77 52 sie
1361 1317 132 59 mich
1541 1317 291 61 behutsam
1880 1317 303 61 verbinden
2234 1317 115 61 und
2388 1317 230 77 pflegen,

410 1417 109 52 wie
558 1408 102 60 Du
701 1431 58 38 es
800 1423 99 45 tun
939 1417 153 52 wirst
1131 1409 130 60 nach
1303 1409 95 61 der
1436 1409 404 78 Amputation?
1880 1411 409 59 Massenweise
2329 1409 162 61 würd
2493 1409 14 21 7
2546 1409 74 60 ich

410 1499 315 73 behandelt,
767 1524 165 38 wenn
981 1501 75 61 ich
1103 1511 97 51 mit
1240 1502 125 60 dem
1404 1502 191 61 Leben
1643 1502 337 71 davonkäm,
2023 1503 115 60 und
2185 1502 296 70 unsauber,
2523 1510 97 52 mit

410 1593 292 78 Räudigen
744 1593 117 61 und
899 1590 372 76 Totkranken,
1313 1595 82 61 bis
1444 1596 75 58 ich
1560 1619 89 35 am
1690 1595 359 61 Wundfieber
2089 1604 249 68 einginge
2380 1595 115 59 und
2536 1604 82 50 ins

412 1686 376 78 Massengrab
829 1686 237 79 spediert
1104 1687 206 61 würde.
1351 1687 134 77 Jetzt
1525 1687 143 60 kann
1709 1687 75 60 ich
1823 1698 102 49 mir
1964 1712 104 36 nur
2100 1687 88 60 für
2222 1696 158 51 einen
2413 1687 205 77 Finger

410 1804 115 38 von
567 1789 103 52 mir
710 1780 115 61 hier
864 1789 87 52 ein
993 1789 216 67 eigenes
1245 1780 289 61 Gräbchen
1576 1780 310 60 aussuchen.

489 1873 254 62 Sibille:
776 1873 176 71 Nein,
986 1873 101 60 das
1120 1873 219 61 überleb
1342 1873 14 20 7
1386 1873 75 60 ich
1496 1873 151 70 nicht,
1681 1873 107 60 daß
1821 1874 99 59 Du
1952 1873 102 60 Dir
2085 1873 168 60 selbst
2286 1880 85 53 ein
2408 1870 205 63 solches

410 1967 142 61 Leid
594 1982 173 46 antun
807 1966 177 62 willst.

489 2061 391 61 Pantaleon:
929 2058 103 62 So!
1083 2060 159 59 Aber
1290 2058 107 60 daß
1444 2057 73 60 ich
1567 2057 134 61 nicht
1739 2057 154 60 mehr
1933 2057 369 60 wiederkehre
2343 2080 101 37 aus
2488 2057 125 60 dem

411 2154 225 77 Kriege,
685 2154 111 60 daß
852 2152 76 61 ich
976 2151 149 61 dann
1173 2175 142 52 ganz
1362 2151 115 60 und
1524 2174 96 53 gar
1657 2150 428 61 verschwunden
2126 2157 115 51 sein
2282 2147 186 61 werde
2509 2156 107 51 wie

415 2255 145 52 mein
602 2247 207 77 Finger
856 2255 54 52 in
960 2255 147 52 einer
1148 2244 212 62 Stunde
1412 2244 85 59 für
1536 2254 190 49 immer
1764 2242 115 60 und
1919 2251 157 69 ewig,
2119 2242 101 60 das
2260 2241 198 60 kannst
2498 2241 114 70 Du,

415 2340 101 60 das
557 2339 164 61 willst
760 2340 101 60 Du
900 2338 311 70 überleben.
1254 2338 98 59 Du
1393 2336 272 61 herzloses
1708 2335 292 76 Geschöpf,

492 2432 253 61 Sibille:
788 2430 170 63 Nicht
999 2430 154 61 doch!
1195 2430 194 60 Daran
1433 2429 107 60 hab
1541 2428 16 20 7
1596 2428 74 61 ich
1710 2428 134 60 noch
1883 2449 102 54 gar
2023 2425 138 61 nidit
2199 2424 239 77 gedacht,

491 2526 393 61 Pantaleon:
917 2524 146 61 Wer
1101 2524 162 60 weiß!
1295 2522 279 62 Vielleicht
1610 2521 170 60 freust
1812 2521 99 59 Du
1943 2519 136 60 Dich
2112 2542 97 52 gar
2242 2518 215 70 darauf,
2493 2517 124 59 her*

415 2618 132 60 nach
588 2626 54 52 in
685 2618 107 60 den
817 2618 219 61 Armen
1079 2626 147 52 eines
1268 2615 206 60 andern
1507 2613 114 61 und
1651 2622 227 67 jüngern
1911 2612 249 60 Mannes
2192 2635 73 35 zu
2297 2613 173 74 liegen
2505 2611 112 58 und

414 2720 218 51 meinen
673 2711 176 61 lieben
890 2711 211 60 kleinen
1127 2706 454 65 Waisenkindern
1621 2714 157 52 einen
1818 2728 181 36 neuen
2023 2703 177 61 Vater
2231 2726 72 37 zu
2336 2701 279 70 schenken,

415 2802 96 60 der
552 2811 79 52 sie
670 2804 351 61 mißhandeln
1061 2802 158 61 wird!
1261 2801 143 61 Man
1445 2799 164 59 kennt
1639 2797 155 61 Huch
1821 2796 245 61 Weiber!

494 2896 252 61 Sibille:
772 2896 179 61 Nein!
977 2896 124 61 Das
1126 2895 152 61 sollst
1295 2894 99 60 Du
1418 2891 136 61 nicht
1577 2914 113 37 von
1715 2899 101 51 mir
1832 2889 214 61 denken
2065 2888 212 69 dürfen,
2297 2886 319 60 Pantaleon,

414 2987 83 61 Ich
537 2988 139 77 gehe
717 2998 99 51 mit
848 2989 117 61 Dir.
1005 2988 200 61 Lieber
1234 2984 109 61 will
1378 2984 73 60 ich
1484 2983 258 68 Zusehen,
1775 2990 105 51 wie
1913 2982 101 58 Du
2038 2980 104 60 Dir
2176 2979 131 60 auch
2340 2978 135 59 noch
2509 2978 106 59 den

415 3081 264 62 Daumen
723 3082 275 71 abhackst,
1040 3081 114 61 und
1202 3087 177 52 meine
1418 3076 231 62 Schürze
1698 3074 287 60 aufhalten
2027 3073 86 60 für
2152 3073 219 58 Deinen
2411 3070 205 77 Zeige*

414 3172 170 78 finger
616 3183 107 53 wie
754 3175 146 61 beim
925 3168 558 70 Pflaumenschütteln,
1510 3168 66 60 eh
1578 3167 14 20 7
1615 3167 75 60 ich
1722 3175 100 50 mir
1854 3189 65 36 so
1953 3182 175 42 etwas
2161 3180 267 43 Zutrauen
2456 3162 156 60 lasse,

492 3267 394 61 Pantaleon:
943 3267 81 63 So
1073 3275 106 52 ists
1220 3263 151 61 recht.
1430 3263 193 59 Daran
1663 3270 131 66 spür
1795 3257 16 22 7
1849 3257 75 60 ich
1964 3258 182 59 Deine
2185 3255 172 59 Liebe
2396 3255 219 59 wieder.

414 3359 233 62 Komm!
706 3361 100 61 Du
853 3361 155 61 mußt
1055 3369 102 52 mir
1204 3357 276 61 beistehen
1529 3363 106 52 wie
1682 3361 85 51 ein
1809 3350 477 76 Kriegskamerad.
2345 3347 80 60 Ich
2472 3347 146 60 kann

412 3451 224 63 schlecht
674 3454 128 61 Blut
842 3454 188 71 sehen,
1070 3453 154 59 mußt
1263 3451 99 60 Du
1403 3458 217 59 wissen,
1663 3444 201 62 Sibilla.

491 3544 254 64 Sibille:
786 3547 84 61 Ich
910 3547 114 61 helf
1025 3547 11 20 7
1074 3547 105 59 Dir
1219 3544 174 61 dabei.
1433 3543 96 60 Zu
1568 3547 210 53 zweien
1817 3535 140 61 wird
1997 3534 130 61 alles
2167 3533 221 61 leichter,

491 3637 394 63 Pantaleon:
925 3639 77 78 Ja,
1044 3662 165 37 wenn
1249 3638 75 60 ich
1357 3636 136 61 Dich
1534 3642 53 52 in
1630 3632 104 59 den
1767 3629 249 75 Feldzug
2057 3625 334 61 mitnehmen
2425 3624 195 70 dürfte,

414 3727 176 62 könnt
590 3730 14 20 7
643 3732 75 60 ich
760 3755 59 37 es
861 3731 169 62 selbst
1068 3740 96 51 mit
1204 3730 106 61 den
1351 3728 240 61 Zuaven
1630 3745 215 53 wagen.

494 3822 252 64 Sibille;
787 3825 123 61 Laß
944 3849 105 37 uns
1082 3824 193 62 schnell
1306 3822 192 78 gehen,
1534 3818 100 61 ehe
1666 3824 100 52 wir
1797 3813 204 61 wieder
2034 3813 107 60 den
2173 3812 137 60 Mut
2341 3812 282 69 verlieren,

415 3915 201 61 Mann,
