3195 4572
577 475 33 50 6

1339 480 137 51 CarC
1489 483 293 56 Sternßeim,
1816 484 249 51 Buseßow

1397 1168 590 76 BUSEKOW

1462 1324 161 62 Eine
1651 1325 268 64 Noveffe

569 1508 207 161 BEI
822 1522 273 61 Anbruch
1155 1524 99 61 des
1303 1521 189 82 Tages
1544 1526 352 80 Epiphanias
1957 1530 132 60 hielt
2158 1531 98 62 der
2305 1532 375 64 Schutzmann
2738 1545 73 51 im

722 1616 248 61 sechsten
1003 1618 225 72 Revier,
1273 1620 269 62 Christof
1566 1621 307 74 Busekow,
1915 1624 209 62 Posten
2166 1650 91 37 am
2293 1626 379 80 Schnittpunkt
2713 1629 98 62 der

567 1707 429 79 Hauptstraßen
1045 1720 106 52 seit
1190 1721 121 52 vier
1351 1712 276 63 Stunden,
1679 1715 268 80 Anfangs
1999 1717 147 63 hatte
2197 1719 93 61 ihn
2339 1730 111 51 wie
2498 1738 163 44 sonst
2708 1723 103 61 das

565 1801 384 73 Bewußtsein,
984 1804 287 80 Ordnung
1312 1806 118 61 und
1463 1806 300 64 Sicherheit
1802 1809 118 62 hier
1961 1810 202 80 hingen
2195 1837 117 37 von
2346 1823 183 53 seiner
2562 1824 249 70 einzigen

564 1894 213 62 Person
818 1897 93 71 ab,
960 1921 76 38 zu
1078 1898 254 63 höchster
1373 1900 667 82 Dienstbereitwilligkeit
2089 1905 370 79 aufgestählt,-
2507 1908 301 62 allmählich

563 1989 153 71 aber,
775 1989 75 63 da
906 1992 134 62 alles
1092 1993 238 62 friedlich
1379 1996 107 61 sich
1543 1997 244 71 schickte,
1843 1999 189 61 verlor
2087 2010 155 52 seine
2289 2002 522 63 Aufmerksamkeit

564 2082 100 62 das
718 2082 340 81 Gespannte
1108 2087 118 61 und
1275 2088 261 79 schwang
1584 2092 374 61 zustimmend
2008 2102 98 51 mit
2154 2093 99 63 der
2300 2096 207 62 Masse
2557 2096 99 62 der
2695 2097 74 61 Be-

561 2176 314 77 wegenden
918 2179 118 60 und
1075 2180 325 79 Bewegten.

635 2269 61 77 Je
735 2270 177 62 näher
960 2272 90 61 die
1090 2274 314 78 Ablösung
1449 2279 205 68 rückte,
1704 2278 347 78 überwogen
2096 2290 53 51 in
2199 2280 113 62 ihm
2360 2292 146 52 zwei
2547 2283 264 80 Empfin*

561 2361 242 80 düngen.
847 2365 89 62 Es
978 2368 180 61 schien
1202 2369 215 61 alsbald
1457 2393 209 55 regnen
1707 2396 75 37 zu
1825 2373 197 72 sollen,
2065 2374 118 62 und
2224 2398 60 38 er
2317 2375 177 63 fühlte
2534 2402 126 47 vor,
2698 2388 110 52 wie

559 2464 99 52 mit
699 2466 417 71 eingezogenen
1158 2460 306 74 Schultern,
1514 2464 108 61 auf
1656 2464 129 62 dem
1825 2466 305 80 Heimweg
2178 2469 150 60 sacht
2367 2469 340 73 auftretend,
2748 2495 61 38 er

559 2549 90 61 die
681 2551 237 62 Pfützen
960 2554 108 60 auf
1103 2554 107 61 den
1245 2556 230 62 Steinen
1515 2558 324 62 vermeiden
1873 2561 228 73 würde,-
2140 2562 158 61 mehr
2331 2563 81 61 als
2455 2563 155 63 diese
2643 2565 123 62 Vor-

556 2642 243 80 stellung
838 2645 286 78 beglückte
1157 2647 93 62 ihn
1293 2648 99 63 der
1425 2651 146 61 Duft
1611 2651 100 62 des
1745 2652 255 74 Kaffees,
2042 2653 101 63 der
2182 2656 147 61 beim
2362 2655 226 62 Eintritt
2629 2666 53 52 in
2717 2657 90 63 die

556 2735 324 81 Wohnung
929 2741 107 60 auf
1077 2740 130 63 dem
1255 2739 161 66 Tisch
1466 2744 357 78 hergerichtet
1875 2756 120 52 sein
2044 2749 208 62 mußte.
2312 2749 141 62 Nur
2503 2751 137 60 noch
2687 2775 117 39 von

556 2827 135 64 Heit
730 2854 77 38 zu
846 2831 133 64 Zeit
1028 2834 111 77 flog
1188 2844 155 53 seine
1390 2854 252 61 gesamte
1682 2838 250 78 Energie
1980 2849 55 52 in
2084 2840 90 62 die
2223 2841 163 63 Brille
2435 2847 205 59 zurück
2689 2845 118 62 und

554 2923 82 62 riß
677 2933 55 52 in
774 2925 278 79 flüchtiger
1092 2927 341 80 Empörung
1471 2929 211 64 Löcher
1722 2942 54 51 in
1821 2932 667 78 Gegenüberstehendes,

633 3018 208 63 Dieser
880 3019 342 65 bewaffnete
1254 3023 143 61 Blick
1438 3027 192 76 packte
1670 3027 140 60 nicht
1848 3027 164 61 allein
2044 3028 309 64 Passanten
2395 3040 55 52 in
2483 3031 170 72 Zivil,
2694 3042 110 52 wie

555 3135 60 37 er
640 3112 405 63 aufflammend
1076 3118 470 71 vorwärtsschoß,
1588 3144 205 54 zwang
1825 3144 61 38 er
1918 3122 136 61 auch
2087 3122 364 64 Kameraden
2484 3126 319 63 Busekows

553 3228 104 38 zur
696 3206 459 81 Bewunderung,
1205 3210 118 62 und
1364 3220 83 53 sie
1487 3212 364 79 empfanden:
1903 3215 100 62 der
2041 3217 193 61 schaut
2273 3217 166 61 durch
2482 3215 155 65 Tuch
2686 3221 118 61 und

551 3297 234 74 Haube,
826 3324 61 38 er
927 3310 71 53 ist
1039 3301 100 62 der
1177 3304 285 77 geborene
1503 3305 241 63 Polizist.

630 3391 142 63 Von
808 3403 180 53 einem
1030 3398 273 77 tüchtigen
1336 3399 311 62 Menschen
1680 3424 124 38 war
1835 3400 123 64 also
1993 3402 90 62 die
2117 3403 271 81 Schlappe
2421 3405 100 61 der
2554 3405 245 74 Geburt,

551 3487 479 80 Kurzsichtigkeit,
1071 3515 75 36 zu
1180 3501 182 53 einem
1395 3493 226 62 Vorteil
1664 3494 90 61 für
1793 3497 107 59 sich
1943 3498 355 78 umgebogen
2332 3501 256 71 worden,
2630 3525 169 38 wenn

550 3602 78 47 er,
663 3589 182 53 seiner
869 3582 418 81 Nichteignung
1304 3586 91 59 für
1426 3596 125 52 eine
1569 3587 534 81 Aufsichtsstellung
2131 3601 73 51 im
2223 3592 184 61 Urteil
2440 3593 361 79 zuständiger

550 3672 297 64 Instanzen
880 3677 203 76 gewiß,
1125 3677 107 62 alle
1271 3680 294 76 gesunden
1598 3680 200 63 Kräfte
1830 3706 117 37 von
1981 3683 248 63 anderen
2263 3685 277 77 Organen
2574 3685 100 63 her
2713 3697 84 54 ins

550 3766 179 77 Auge
762 3767 394 75 hochziehend,
1199 3771 212 62 diesem
1445 3772 179 64 hinter
1659 3774 247 63 Gläsern
1941 3786 162 52 einen
2138 3802 67 36 so
2247 3779 345 78 schneidigen
2625 3781 127 62 Aus-

551 3859 167 62 druck
757 3863 283 62 verliehen
1083 3864 167 72 hatte,
1301 3865 109 62 daß
1452 3866 91 63 die
1590 3868 271 80 befugten
1903 3870 285 62 Personen
2238 3871 293 74 erklärten,
2583 3884 82 52 sie
2705 3898 94 38 er*

549 3970 275 46 warteten
880 3957 356 63 Besonderes
1293 3984 117 37 von
1459 3970 212 54 seinem
1721 3964 249 62 scharfen
2011 3964 278 64 Hinsehn.
2348 3967 88 61 Er
2482 3968 312 62 wiederum
