3203 4572
2506 419 63 50 55

1170 432 137 50 Kurt
1334 430 176 54 Hitler,
1547 426 181 61 Prolog

328 642 307 63 Weltkreis
677 656 249 62 gestreut
967 635 152 72 ahnt,
1162 634 116 62 und
1320 633 89 61 die
1449 656 130 37 man
1613 628 132 62 liebt
1778 635 111 52 wie
1920 625 106 61 sieb
2060 623 189 62 selbst,
2294 621 85 68 (In
2412 619 121 61 Ver-

328 733 669 81 zagens-Augenblicken
1031 728 312 62 dankbarer
1374 726 165 72 noch,-
1572 723 148 61 denn
1745 745 131 36 man
1904 718 142 61 fühlt
2072 718 149 60 dann
2247 715 82 61 ihr
2353 715 219 59 Dasein

330 831 82 61 als
455 830 90 59 die
577 827 448 76 Rechtfertigung
1066 823 99 61 des
1208 830 241 70 eignen.)
1490 818 150 61 Wer
1673 816 208 68 schafft,
1924 812 149 61 ohne
2106 835 75 37 zu
2214 809 186 78 lügen,
2440 830 101 38 ver-

330 924 247 61 herrlicht
625 930 155 53 seine
827 920 132 61 Art,
1017 917 171 61 Noch
1245 938 167 38 wenn
1470 936 59 39 er
1577 920 155 53 seine
1783 907 313 64 Sehnsucht
2150 902 259 80 gestaltet
2465 900 108 68 <als

330 1018 205 61 welche
569 1025 182 52 seiner
782 1015 117 60 Art
932 1023 54 51 in
1019 1008 504 64 Entscheidendem
1557 1016 492 68 entgegengesetzt
2082 1008 111 62 ist),
2226 994 349 64 verherrlicht

333 1135 60 37 er
432 1118 155 54 seine
626 1109 132 61 Art,

1428 1256 56 61 II

411 1407 207 61 Dieses
652 1404 212 61 Buches
897 1401 308 63 Verfasser
1247 1408 70 51 ist
1356 1397 322 76 unwichtig/
1717 1393 215 76 wichtig
1965 1389 91 62 die
2090 1388 254 79 Spezies,
2386 1383 190 62 davon

335 1524 59 38 er
435 1509 89 52 ein
565 1507 180 52 reines
770 1495 240 80 Beispiel
1052 1503 97 63 ist/
1188 1493 214 75 wichtig
1442 1489 99 61 der
1573 1484 226 82 Typus,
1841 1486 109 61 den
1992 1509 75 36 zu
2108 1497 282 46 vertreten
2433 1500 58 38 er
2520 1525 11 11 .
2562 1522 13 14 .

334 1592 214 63 minder
580 1591 102 62 das
718 1590 182 62 Glück
933 1589 96 60 hat
1061 1586 82 61 als
1177 1586 90 60 die
1299 1583 174 61 Ehre.
1517 1583 206 60 Dieses
1757 1580 149 61 Buch
1940 1576 144 62 wird
2115 1585 131 58 (aus
2275 1569 303 70 Gründen,

335 1686 90 61 die
458 1709 61 38 es
553 1684 215 77 angiht)
800 1683 160 59 keine
991 1703 148 38 neue
1163 1677 255 77 Religion
1451 1674 287 77 atemgroß
1774 1683 53 50 in
1861 1671 110 61 den
1995 1670 256 61 Kosmos
2284 1663 295 79 jauchzen,*

336 1780 136 61 aber
511 1776 284 64 enthüllen
835 1774 144 62 wird
1027 1797 61 38 es
1137 1771 102 61 das
1281 1769 438 62 Funktionieren
1770 1775 151 52 einer
1960 1763 211 78 Psyche
2221 1761 355 60 bestimmten

335 1874 176 70 Baus,
552 1872 90 62 die
684 1870 210 63 oberen
928 1867 258 78 Sphären
1228 1863 99 62 des
1361 1860 277 64 Erlebens
1680 1869 151 52 einer
1870 1858 263 76 heutigen
2164 1851 414 78 Einzelperson

335 1991 118 38 von
494 1966 373 61 bestimmtem
909 1961 245 77 Schlage,

415 2061 155 61 Was
613 2058 90 61 für
751 2066 153 52 eines
946 2055 188 61 Baus?
1182 2052 143 62 Von
1374 2047 264 62 welchem
1680 2044 259 78 Schlage?
2098 2041 121 70 Oh,
2269 2048 55 51 in
2372 2044 208 54 meiner

337 2154 239 62 Absicht
617 2152 129 78 liegt
787 2174 61 38 es
882 2150 159 68 nicht,
1083 2140 620 86 psychologisierenden
1734 2140 394 59 Rezensenten
2161 2133 155 61 ihren
2348 2131 194 76 Haupt-

340 2248 160 80 spaß,
549 2245 89 62 die
678 2241 447 78 Verformelung
1165 2248 211 52 meines
1418 2236 146 70 Ens,
1614 2232 165 63 durch
1819 2226 469 80 Vorwegnahme
2329 2248 75 38 zu
2451 2245 101 38 ver-

341 2340 240 73 derben,*
628 2339 136 61 auch
807 2335 170 63 fehlte
1017 2343 103 52 mir
1162 2331 149 61 dazu
1355 2329 89 62 die
1484 2328 264 77 gehörige
1789 2320 472 70 Bescheidenheit,
2306 2366 10 14 .
2355 2365 11 13 .
2410 2324 148 53 sinte-

341 2434 184 63 malen
582 2433 96 70 ich,
735 2441 99 52 mit
881 2428 198 64 Wilde
1135 2422 359 66 vermutend;
1558 2445 142 36 »nur
1757 2418 89 61 die
1896 2417 251 63 Seichten
2204 2413 219 61 kennen
2479 2408 106 62 sich

342 2527 337 80 gründlich«,
701 2533 102 54 mir
836 2522 258 70 anmaße,
1127 2521 134 61 mich
1287 2518 350 74 keineswegs
1662 2537 75 38 zu
1762 2512 234 61 kennen.
2032 2507 337 63 Außerdem
2395 2512 193 52 wären

345 2631 147 52 zwei
533 2619 198 62 Bände
781 2616 155 63 wohl
985 2613 351 78 überflüssig,
1391 2610 143 62 ließe
1583 2608 102 61 das
1728 2605 331 80 Spezifische
2106 2601 146 62 ihres
2296 2596 292 63 Urhebers

347 2715 107 62 sich
497 2714 110 61 auf
648 2721 124 52 eine
812 2709 231 62 Pormel
1092 2706 226 71 ziehen,*
1366 2702 117 63 und
1530 2710 242 52 viertens
1822 2707 70 52 ist
1940 2706 89 52 ein
2077 2691 376 77 anständiger,
2501 2697 89 52 ein

345 2803 601 80 stellungnehmender,
980 2800 385 80 persönlicher,
1407 2794 452 63 bekennerischer
1889 2791 315 68 Litterator,
2245 2785 113 61 will
2391 2805 196 55 sagen:

347 2911 168 59 einer,
560 2899 97 60 der
698 2899 140 60 nicht
882 2894 338 78 »objektiv«,
1263 2890 245 64 sondern
1550 2886 266 64 exhibitiv
1856 2884 249 70 schreibt,
2147 2881 128 61 dem
2307 2874 292 66 Vorwurf

349 2994 99 63 der
483 2989 624 79 »Selbstbespieglung«
1154 2986 244 62 ohnehin
1438 3006 312 56 genugsam
1790 2993 338 64 ausgesetzt.
2171 2974 175 67 (Eine
2379 2972 179 59 beson-

349 3088 133 61 dere
525 3086 242 77 Gruppe
810 3082 216 70 freilich,
1075 3081 89 59 die
1206 3077 263 62 Instinkte
1520 3076 164 59 durch
1728 3067 687 81 Seminargewohnheiten
2465 3086 96 38 zer-

349 3194 185 58 rüttet,
584 3190 127 67 rügt
759 3175 206 80 gerade
1014 3173 109 61 den
1172 3170 237 77 Mangel
1459 3165 586 82 präzis-analytischer
2085 3161 248 61 Einsicht
2381 3167 53 51 in
2484 3156 105 59 sich

351 3275 182 62 selber
570 3322 10 14 .
621 3322 10 13 .
669 3270 117 62 und
826 3269 145 62 stellt
1012 3266 172 61 damit
1216 3264 106 59 alle
1357 3279 170 61 guten
1560 3257 543 63 Wertverhältnisse
2137 3254 108 60 auf
2270 3251 108 60 den
2411 3247 178 79 Kopf,

351 3370 125 60 Der
523 3365 246 80 typische
817 3361 512 64 Erkenntnismann
1380 3354 117 62 und
1545 3351 420 75 Methodologe
2014 3346 142 62 wird
2203 3356 55 66 ja
2313 3351 89 52 nie
2460 3364 133 38 zum

351 3461 242 63 Wirken
627 3458 300 80 gelangen,*
958 3449 329 66 andauernd
1320 3448 322 62 dedu-ziert
1675 3468 58 38 er
1766 3444 122 61 sich.
1924 3441 144 70 Ach,
2095 3439 109 61 daß
2237 3438 99 59 der
2371 3433 194 64 Scharf-

354 3565 124 53 sinn
521 3552 207 63 endlich
772 3558 153 55 seine
957 3543 236 66 Torheit
1225 3542 250 79 begriffe!
1520 3539 303 75 Wichtiger
1865 3534 81 61 als
1982 3533 102 61 das
2117 3530 193 63 Leben
2345 3553 74 36 zu
2453 3551 109 37 ana-

356 3648 263 79 lysieren,
662 3655 93 52 ist:
801 3668 62 38 es
904 3666 75 38 zu
1012 3640 179 62 leben.
1574 3632 80 61 als
1698 3641 53 51 in
1793 3629 105 63 sich
1941 3627 108 62 den
2085 3624 118 63 und
2245 3623 109 61 den
2396 3646 74 37 zu
2505 3643 63 38 er-

355 3742 244 62 kennen:
643 3739 99 62 der
783 3737 117 63 und
942 3736 98 61 der
1079 3758 75 38 zu
1196 3740 164 60 sein.)
