3223 4572
1140 445 225 51 Herßert
1391 445 285 62 Eufenßerg
1676 464 15 37 ;
1732 446 151 61 Krieg
1915 446 111 50 dem
2057 446 151 62 Krieg

550 448 58 49 18

548 650 338 62 vorbereitet
927 659 53 52 in
1031 650 98 62 der
1169 650 474 62 Dunkelkammer
1684 650 178 61 hinter
1901 673 225 39 unserm
2166 650 218 73 Laden,
2427 650 209 75 Sibilla,
2678 661 112 54 wie

547 754 90 52 ein
678 745 262 61 Lazarett
979 745 90 61 für
1110 745 87 61 die
1238 744 253 62 Schlacht,

627 838 259 62 Sibille:
928 838 142 62 Lind
1110 848 185 51 mitten
1338 847 54 52 in
1434 836 99 61 der
1571 835 192 62 Nacht
1802 836 104 63 soll
1947 861 59 38 es
2047 861 105 38 vor
2192 839 106 60 sich
2339 839 211 77 gehen?

627 934 393 61 Pantaleon:
1060 933 75 79 Ja,
1177 942 132 68 jetzt
1349 932 196 71 sofort,
1586 955 98 39 wo
1726 955 59 38 es
1826 930 187 63 keiner
2052 932 141 62 sieht
2234 933 172 62 außer
2447 934 117 60 Dir,
2615 934 178 79 Berge

550 1051 115 38 von
684 1027 200 62 Watte
909 1027 127 61 hab'
1059 1027 76 61 ich
1161 1027 163 61 schon
1351 1024 277 79 hingelegt
1652 1026 118 61 und
1785 1026 436 78 Verbandgage.
2255 1027 292 71 Sublimat,
2575 1028 219 61 Karbol

550 1121 118 61 und
707 1122 211 61 Benzin
968 1121 132 61 muß
1149 1144 131 37 man
1331 1129 53 52 in
1426 1118 89 63 die
1557 1118 188 63 Watte
1785 1120 138 61 über
1963 1118 89 63 die
2084 1120 240 61 Wunde
2363 1121 214 77 gießen,
2620 1122 174 61 damit

548 1240 110 37 nur
694 1225 58 67 ja
791 1215 124 61 kein
959 1215 123 62 Gift
1121 1214 137 62 oder
1298 1212 190 63 Brand
1529 1212 451 63 hereinkommen
2022 1212 161 63 kann,

627 1309 255 62 Sibille:
915 1308 141 61 Und
1083 1308 102 62 das
1211 1308 132 62 muß
1370 1306 76 63 ich
1473 1315 103 52 mir
1603 1306 132 63 alles
1761 1317 98 52 mit
1884 1308 266 71 ansehen,
2178 1308 117 62 dies
2328 1309 466 77 Unappetitliche!

628 1403 394 61 Pantaleon;
1073 1402 272 62 Gewöhn
1396 1400 138 63 Dich
1582 1424 107 39 nur
1737 1400 177 61 daran
1962 1400 295 63 beizeiten!
2298 1402 152 62 Was
2499 1412 154 52 wirst
2692 1404 102 61 Du

548 1515 112 44 erst
700 1496 90 62 für
820 1496 473 77 Unappetitliches
1331 1520 75 37 zu
1437 1496 172 61 sehen
1642 1494 352 73 bekommen,
2020 1518 168 39 wenn
2220 1518 180 56 ganze
2433 1497 362 62 Eisenbahn*

548 1602 144 68 züge
733 1600 99 52 mit
872 1590 311 62 ächzenden
1211 1590 428 61 Verwundeten
1683 1590 293 77 anlangen,
2009 1614 166 37 wenn
2211 1591 103 61 das
2345 1591 130 61 Blut
2508 1592 164 61 durch
2706 1592 89 61 die

551 1685 234 62 Gossen
833 1685 152 71 läuft,
1027 1709 168 37 wenn
1237 1684 101 61 Du
1387 1682 141 63 nicht
1576 1684 156 59 mehr
1779 1684 137 61 stille
1963 1708 112 43 zur.
2108 1684 198 62 Kirche
2353 1686 179 78 gehen
2575 1686 219 71 kannst,

551 1779 150 61 ohne
740 1779 341 61 mindestens
1121 1778 139 61 über
1300 1776 116 63 drei
1456 1771 150 66 Tote
1646 1800 73 37 zu
1760 1778 260 77 stolpern.

631 1872 253 62 Sibille:
926 1872 146 60 Ach!
1112 1870 198 62 Wenn
1354 1894 59 38 es
1437 1870 379 62 Wildfremde
1857 1872 142 72 sind,
2041 1872 139 62 hat's
2221 1872 140 62 nicht
2401 1873 108 61 viel
2544 1873 102 61 auf
2673 1873 120 61 sich.

548 1966 167 62 Aber
754 1990 169 36 wenn
973 1966 106 60 sich
1130 1966 98 60 der
1276 1973 193 70 eigene
1510 1964 189 61 Mann
1750 1988 105 37 nur
1904 1973 54 52 in
2009 1966 108 60 den
2158 1966 208 78 Finger
2414 1976 138 62 ritzt,
2603 1982 85 44 tut
2735 1991 59 35 es

550 2071 151 51 einer
741 2059 214 63 rechten
997 2059 158 61 Frau
1196 2059 165 61 schon
1403 2059 142 61 weh,

630 2155 393 61 Pantaleon:
1042 2153 83 61 Ich
1136 2153 111 61 will
1272 2178 59 36 es
1350 2176 66 38 so
1435 2152 251 79 unblutig
1705 2152 115 61 und
1840 2152 325 62 schmerzlos
2177 2162 108 52 wie
2302 2155 228 77 möglich
2549 2156 244 69 machen,

547 2249 170 59 weißt
758 2247 118 72 Du,
918 2255 109 52 wie
1067 2270 167 37 wenn
1276 2247 76 60 ich
1396 2256 158 52 einen
1597 2246 148 61 alten
1779 2263 193 44 treuen
2004 2246 181 61 Hund
2218 2247 328 79 umbringen
2588 2249 203 63 müßte.

548 2340 83 61 Ich
680 2340 143 78 gehe
863 2340 140 61 nicht
1044 2357 256 44 umsonst
1338 2340 287 78 tagtäglich
1667 2348 99 52 mit
1798 2340 235 78 Drogen
2075 2340 117 61 und
2224 2341 412 63 Arzneiwaren
2679 2368 110 36 um,

628 2434 254 62 Sibille:
923 2434 168 62 Aber
1131 2443 159 52 einen
1323 2458 219 54 ganzen
1576 2434 208 79 Finger
1817 2452 183 43 trennt
2032 2460 131 36 man
2197 2460 66 36 so
2295 2435 152 61 leicht
2480 2438 140 61 nicht
2655 2462 135 38 vom

547 2528 226 79 Körper
814 2528 71 61 ab
918 2537 109 52 wie
1061 2537 159 52 einen
1256 2528 147 61 alten
1436 2528 203 62 Besatz
1672 2552 136 38 vom
1843 2528 188 61 Kleid!
2072 2529 89 60 Ihr
2193 2529 249 61 Männer
2480 2531 118 61 seid
2631 2532 162 61 weh*

547 2622 163 78 leidig
753 2622 267 61 allesamt.
1064 2623 102 60 Du
1206 2622 126 61 hast
1373 2622 136 61 noch
1550 2631 91 52 nie
1683 2631 87 52 ein
1812 2622 156 61 Kind
2008 2622 351 72 bekommen,
2386 2625 326 62 Pantaleon,

627 2716 394 61 Pantaleon:
1055 2715 194 62 Willst
1274 2717 101 60 Du
1407 2716 135 61 mich
1567 2716 210 61 wieder
1801 2716 183 78 bange
2009 2716 244 72 machen,
2281 2717 134 61 auch
2442 2717 168 63 heute
2635 2720 155 70 noch,

546 2834 96 37 wo
686 2810 76 61 ich
804 2809 103 61 alle
946 2818 184 52 meine
1162 2810 247 76 Energie
1449 2833 100 37 zur
1582 2810 672 78 Entscheidungsschlacht
2286 2811 326 77 gesammelt
2645 2813 146 61 habe

546 2912 109 50 wie
691 2910 87 52 ein
807 2902 666 72 Generalfeldmarschall,
1506 2926 97 36 wo
1636 2902 77 60 ich
1747 2903 205 59 endlich
1985 2903 336 79 losschlagen
2347 2903 147 62 kann
2523 2905 117 63 und
2664 2907 125 62 will.

626 2997 254 62 Sibille:
922 2995 297 63 Verschieb
1262 3020 59 38 es
1362 2995 136 61 doch
1540 2995 103 61 auf
1680 2998 253 76 morgen!

626 3089 395 61 Pantaleon:
1069 3089 79 78 Ja,
1190 3112 232 55 morgen
1472 3089 117 61 und
1638 3098 196 52 immer
1872 3089 209 63 wieder
2121 3092 254 77 morgen!
2432 3092 82 61 So
2555 3092 132 77 geht
2730 3117 57 37 es

545 3183 166 61 schon
761 3192 102 52 seit
910 3183 304 63 Monaten.
1406 3182 177 74 Nein,
1629 3183 169 63 heute
1846 3183 143 63 wird
2037 3192 86 54 ein
2174 3185 170 61 Ende
2394 3186 249 76 gemacht
2690 3196 99 51 mit

543 3285 212 53 meiner
795 3277 592 61 Unentschlossenheit
1425 3277 118 61 und
1582 3286 101 54 mit
1722 3288 240 52 meinem
2003 3279 364 77 Zeigefinger,

622 3371 255 61 Sibille:
918 3370 170 62 Denk
1129 3396 73 36 an
1244 3371 89 61 die
1374 3370 345 73 Schmerzen,
1764 3371 89 61 die
1895 3373 100 59 Du
2036 3371 193 63 davon
2271 3371 182 61 haben
2495 3374 174 60 wirst!

622 3465 396 61 Pantaleon:
1074 3465 219 61 Meinst
1340 3465 120 69 Du,
1511 3465 90 61 die
1648 3465 332 63 Franzosen
2028 3465 236 63 würden
2323 3467 175 59 daran
2549 3467 240 61 denken!

545 3559 175 61 Ganz
753 3582 143 38 neue
931 3559 364 61 Kartätschen
1329 3561 174 61 sollen
1538 3568 80 54 sie
1651 3559 272 63 erfunden
1958 3559 205 63 haben:
2206 3561 228 61 dreimal
2469 3559 207 61 drehen
2709 3570 80 52 sie

543 3653 107 60 sich
700 3661 180 53 einem
922 3670 110 44 erst
1072 3662 73 52 im
1187 3653 175 63 Leibe
1403 3655 194 61 herum
1641 3653 116 61 und
1797 3655 280 61 zerreißen
2121 3655 132 61 alles
2293 3655 135 59 kurz
2470 3653 117 61 und
2626 3653 160 74 klein,

543 3746 104 61 ehe
688 3755 80 53 sie
809 3756 160 52 einen
1009 3747 211 61 wieder
1258 3747 298 63 verlassen.
1599 3747 273 78 Neunzig
1904 3747 233 63 Schüsse
2171 3749 180 61 feuert
2380 3747 125 78 jede
2539 3747 250 64 Kanone

545 3839 71 59 ab
667 3848 54 52 in
772 3848 149 53 einer
970 3849 249 70 einzigen
1260 3840 245 72 Minute,
1549 3840 108 61 daß
1700 3841 107 60 Dir
1857 3841 87 60 die
1987 3841 201 61 Ohren
2238 3849 353 70 zerspringen
2639 3841 147 61 beim

541 3931 203 64 bloßen
786 3933 183 61 Knall.
