3176 4572
958 462 222 51 Herßert
1207 461 299 62 Eufenßerg,
1546 461 152 61 Krieg
1730 460 112 49 dem
1870 460 152 61 Krieg

2551 454 60 50 43

380 668 174 63 Mußt
602 666 141 61 nicht
793 665 345 61 erschrocken
1189 665 117 60 und
1354 673 210 70 traurig
1603 671 146 63 sein,
1794 659 355 71 Schätzchen,
2192 659 141 70 hier,
2374 680 96 37 wo
2511 664 104 52 wir

381 762 108 61 den
530 783 217 55 ganzen
789 758 260 62 Sommer
1089 758 128 77 lang
1258 757 249 78 glücklich
1546 779 207 39 waren.

461 854 275 78 Sophie:
778 853 180 61 Nein!
1000 852 123 61 Laß
1171 852 162 71 mich,
1376 851 305 62 Gottfried!
1721 847 324 62 Beschwätz
2086 844 134 61 mich
2262 843 141 61 nicht
2443 842 174 61 mehr!

381 950 88 61 Es
510 956 68 52 ist
619 946 133 61 auch
793 955 132 67 jetzt
957 945 139 61 nicht
1136 945 156 59 mehr
1330 945 241 76 geheuer
1613 945 127 58 hier.
1894 938 185 62 Siehst
2111 938 117 70 Du,
2265 937 75 60 da
2379 934 241 63 schwirrt

381 1044 167 61 schon
590 1050 86 51 ein
718 1040 197 59 Irrlicht
948 1047 73 51 im
1065 1037 221 62 Garten
1329 1037 91 61 hin
1462 1037 116 61 und
1620 1037 118 60 her!

461 1133 376 64 Gottfried:
873 1133 373 76 Wahrhaftig!
1294 1131 166 61 Aber
1508 1131 104 60 auf
1653 1136 143 55 zwei
1838 1129 238 63 Beinen,
2126 1125 204 62 scheint
2378 1133 114 52 mir.
2533 1122 87 61 Es

384 1239 70 52 ist
493 1238 146 52 mein
681 1228 179 59 Alter.
902 1228 86 59 Es
1021 1249 121 37 war
1183 1234 101 52 mir
1322 1235 132 68 jetzt
1495 1224 140 61 eben
1669 1224 186 70 schon,
1891 1221 80 60 als
2006 1219 129 62 hätt'
2175 1219 75 61 ich
2291 1219 94 61 ihn
2418 1216 202 63 blöken

386 1323 195 70 hören,
624 1327 231 57 (herzlich)
897 1319 102 61 das
1039 1319 141 61 liebe
1220 1333 132 62 gute
1392 1317 183 62 Schaf!

464 1414 274 78 Sophie:
781 1413 210 61 Schnell
1032 1436 128 55 weg
1199 1421 98 52 mit
1338 1435 123 47 uns,
1504 1408 305 64 Gottfried!

465 1507 377 64 Gottfried:
883 1507 151 60 Was
1075 1529 129 54 mag
1254 1529 58 37 er
1359 1527 106 39 nur
1505 1505 116 59 hier
1660 1502 205 61 wollen
1907 1524 97 36 um
2046 1498 151 61 diese
2239 1496 251 63 Stunde?
2538 1496 86 59 Er

389 1604 141 61 wird
564 1602 135 61 doch
733 1601 140 61 nicht
905 1600 382 76 mondsüchtig
1319 1597 302 79 geworden
1655 1605 117 52 sein
1800 1595 104 61 auf
1923 1602 153 54 seine
2110 1592 146 62 alten
2289 1588 162 80 Tage
2484 1590 139 61 oder

388 1722 100 54 gar
527 1696 245 72 verliebt,
814 1695 99 60 der
954 1694 335 76 Großpapa!

466 1789 275 78 Sophie:
776 1788 102 61 Ob
912 1811 168 37 unser
1104 1785 156 61 Kind
1287 1784 132 61 auch
1447 1783 199 61 einmal
1677 1806 66 38 so
1768 1780 301 80 respektlos
2093 1804 117 37 von
2238 1801 107 39 uns
2361 1776 261 79 sprechen

389 1884 141 60 wird
569 1891 108 52 wie
710 1882 102 59 Du
851 1905 116 36 von
1000 1879 148 61 ihm?

472 1973 379 65 Gottfried:
879 1973 126 61 Das
1039 1971 112 62 will
1184 1971 76 61 ich
1286 1969 188 61 hoffen
1500 1994 116 36 von
1641 1969 125 70 Dir,
1794 1967 227 77 Sophie,
2041 1966 109 61 daß
2175 1966 102 59 Du
2302 1973 101 52 mir
2426 1963 197 61 keinen

390 2070 388 62 Duckmäuser
817 2076 55 52 in
913 2067 91 60 die
1035 2066 162 61 Welt
1237 2080 154 46 setzt.
1526 2063 236 63 Komm!
1802 2062 125 60 Wir
1960 2060 203 61 wollen
2206 2058 201 61 einmal
2448 2058 179 60 hinter

393 2165 98 60 der
536 2164 214 59 Mauer
807 2160 127 61 dort
988 2160 277 70 zuhören,
1316 2182 122 36 was
1498 2180 58 38 er
1604 2156 136 61 noch
1801 2164 98 52 mit
1940 2155 99 60 der
2084 2152 192 63 Nacht
2332 2152 118 60 und
2498 2150 129 61 dem

394 2258 191 61 Mond
625 2281 73 36 zu
738 2272 101 44 tun
883 2255 113 70 hat,
1039 2254 98 60 der
1176 2251 365 78 leichtsinnige
1573 2249 440 77 Mummelgreis.

397 2366 94 57 (Sie
522 2363 264 52 verstecken
811 2363 90 50 sich
933 2361 143 50 rechts
1110 2361 148 49 hinter
1291 2358 71 51 die
1383 2359 187 50 Mauer.
1697 2357 207 62 Jodocus
1937 2356 178 48 kommt
2148 2353 137 50 durch
2300 2353 84 50 das
2420 2352 208 49 Garten»

811 2442 182 48 törchen
1028 2446 82 43 mit
1141 2444 147 45 seiner
1319 2439 215 49 Laterne.
1568 2437 134 48 Nach
1735 2436 156 49 hinten
1924 2433 284 62 sprechend.)

470 2536 322 77 Jodocus:
836 2533 123 64 Öh!
992 2533 198 61 Warte
1232 2531 158 62 doch!
1416 2531 139 61 Erst
1593 2528 136 62 stell'
1761 2528 76 61 ich
1870 2528 90 60 die
1992 2524 348 78 verflüchtige
2382 2523 249 61 erbärm»

394 2630 128 61 liehe
564 2629 334 62 Stallaterne
946 2627 117 60 hier
1104 2627 104 60 auf
1235 2625 103 61 das
1378 2623 372 70 Mäuerchen,
1794 2622 172 60 damit
2015 2629 80 53 sie
2135 2627 103 54 mir
2279 2617 242 62 leuchtet.

394 2723 105 62 So!
541 2723 173 62 Ganz
752 2721 311 78 vorsichtig!
1105 2719 281 62 Zweimal
1425 2719 97 61 hat
1562 2726 79 52 sie
1682 2716 157 61 indes
1880 2715 165 62 schon
2079 2712 211 63 wieder
2331 2712 106 60 den
2467 2710 165 62 Geist

397 2817 345 77 aufgegeben
767 2815 223 78 gehabt,
1018 2815 102 60 das
1148 2811 441 64 altersschwache
1617 2810 217 61 Möbel.
1858 2809 173 61 Nicht
2056 2808 201 61 einmal
2283 2830 130 37 zum
2435 2804 198 62 Land»

395 2924 174 46 sturm
604 2909 199 59 letzten
828 2908 329 77 Aufgebots
1190 2905 230 61 werden
1451 2913 78 53 sie
1562 2903 89 61 die
1684 2903 138 62 noch
1855 2900 342 80 gebrauchen
2232 2899 240 61 können,
2510 2895 122 64 Öh!

473 3002 124 76 Jett
607 3001 144 59 dien
779 3008 198 55 <kommt
1009 3027 86 30 aus
1129 3007 103 50 dem
1268 3007 183 50 Garten
1482 3006 186 56 herzu):
1695 2997 147 62 Nun
1869 2996 153 61 mach
2045 2994 136 61 doch
2209 2993 221 70 endlich,
2449 2992 183 70 Alter,

398 3095 109 61 daß
546 3104 103 50 wir
687 3118 74 36 zu
800 3093 201 60 Rande
1042 3093 260 60 kommen
1345 3100 98 52 mit
1493 3092 97 60 der
1632 3091 190 61 Sache.
1866 3091 122 60 Der
2036 3087 192 62 Mond
2276 3086 146 61 steht
2460 3083 173 79 grade

398 3189 165 61 schön
604 3187 138 60 über
783 3209 123 47 uns,
949 3194 108 51 wie
1093 3208 58 37 es
1193 3184 455 76 vorgeschrieben
1689 3192 84 51 ist.

475 3280 314 79 Jodocus:
833 3276 120 65 öh!
995 3278 84 59 Ich
1119 3276 206 61 komm'
1364 3285 103 51 mir
1517 3275 109 60 fast
1665 3284 110 51 wie
1825 3283 87 52 ein
1954 3269 389 80 Totengräber
2390 3292 106 38 vor
2543 3269 90 61 bei

399 3384 219 51 meinen
652 3373 213 61 weißen
908 3370 263 62 ehrlichen
1213 3369 247 60 Haaren,
1494 3368 126 59 Wo
1660 3366 126 61 hast
1819 3368 100 58 Du
1961 3365 148 60 denn
2150 3364 91 60 die
2274 3361 194 61 Kiste?
2509 3360 124 64 Öh!

477 3468 304 79 Jettchen:
832 3465 163 61 Hier!
1043 3463 203 62 Nimm
1287 3471 80 52 sie
1410 3462 94 59 an!
1545 3462 94 59 Bis
1686 3483 130 37 zum
1856 3454 254 65 Törchen
2162 3454 128 64 hab'
2330 3455 77 61 ich
2448 3464 82 52 sie
2577 3464 57 69 ja

403 3562 133 61 auch
572 3561 109 62 fast
723 3559 157 63 allein
922 3557 286 79 schleppen
1253 3566 238 51 müssen,

478 3655 320 77 Jodocus:
844 3652 123 64 Öh!
1018 3651 137 61 Erst
1195 3648 202 63 einmal
1438 3648 89 60 die
1566 3646 211 61 Hände
1816 3643 318 63 schmieren!
2176 3651 91 56 <Er
2299 3650 161 62 spuckt
2492 3655 47 44 in
2571 3655 67 45 sie

400 3755 172 61 hinein)
585 3773 10 30 :
621 3749 120 59 Mir
766 3747 97 61 hat
888 3746 89 61 die
1002 3744 262 63 neunmal
1288 3741 382 64 verwünschte
1693 3737 483 64 vorsündflutliche
2195 3737 246 61 Laterne
2467 3737 171 78 grade

402 3864 185 55 genug
625 3866 74 36 zu
738 3840 238 62 schaffen
1018 3838 259 80 gemacht.
1322 3836 120 64 Öh!
1486 3844 89 60 (Er
1606 3846 123 56 trägt
1761 3845 82 45 mit
1874 3840 68 48 ihr
1974 3839 72 49 die
2068 3840 138 50 Kiste
2239 3858 108 30 zum
2379 3839 159 56 Loch.)

479 3934 305 77 Jettchen:
814 3934 135 62 Geh
974 3934 102 60 Du
1101 3956 106 38 nur
1231 3930 138 63 nicht
1402 3953 102 37 aus
1527 3929 127 61 dem
1679 3928 187 71 Haus,
1891 3949 169 38 wenn
2086 3933 80 54 sie
2190 3925 176 78 Krieg
2392 3924 245 70 machen.
