<?xml version="1.0" encoding="UTF-8"?>
<alto xmlns:xsi="http://www.w3.org/2001/XMLSchema-instance" xmlns="http://www.loc.gov/standards/alto/ns-v2#" xsi:schemaLocation="http://www.loc.gov/standards/alto/ns-v2# http://www.loc.gov/standards/alto/v2/alto-2-0.xsd" xmlns:xlink="http://www.w3.org/1999/xlink">
	<Description>
		<MeasurementUnit>mm10</MeasurementUnit>
		<sourceImageInformation>
			<fileName>./bmtnabr_1913-09_01_0009.jp2</fileName>
		</sourceImageInformation>
		<OCRProcessing ID="OCRPROCESSING_1">
			<preProcessingStep>
				<processingSoftware>
					<softwareCreator>CCS Content Conversion Specialists GmbH, Germany</softwareCreator>
					<softwareName>CCS docWorks</softwareName>
					<softwareVersion>6.8-1.27</softwareVersion>
				</processingSoftware>
			</preProcessingStep>
			<ocrProcessingStep>
				<processingSoftware>
					<softwareCreator>ABBYY (BIT Software), Russia</softwareCreator>
					<softwareName>FineReader</softwareName>
					<softwareVersion>11.0</softwareVersion>
				</processingSoftware>
			</ocrProcessingStep>
			<postProcessingStep>
				<processingSoftware>
					<softwareCreator>CCS Content Conversion Specialists GmbH, Germany</softwareCreator>
					<softwareName>CCS docWorks</softwareName>
					<softwareVersion>6.8-1.27</softwareVersion>
					<applicationDescription>docWorks: Text modified manually, or automatically replaced</applicationDescription>
				</processingSoftware>
			</postProcessingStep>
		</OCRProcessing>
	</Description>
	<Styles>
		<TextStyle ID="TXT_0" FONTSIZE="17" FONTFAMILY="Times New Roman" FONTSTYLE="bold italics"/>
		<TextStyle ID="TXT_1" FONTSIZE="29" FONTFAMILY="Times New Roman"/>
		<TextStyle ID="TXT_2" FONTSIZE="21" FONTFAMILY="Times New Roman"/>
		<ParagraphStyle ID="PAR_LEFT" ALIGN="Left"/>
		<ParagraphStyle ID="PAR_RIGHT" ALIGN="Right"/>
		<ParagraphStyle ID="PAR_BLOCK" ALIGN="Block"/>
	</Styles>
	<Layout>
		<Page ID="P9" PHYSICAL_IMG_NR="9" HEIGHT="4572" WIDTH="3209" PRINTED_IMG_NR="7" PC="0.956">
			<TopMargin ID="P9_TM00001" HPOS="0" VPOS="0" WIDTH="3209" HEIGHT="528">
				<TextBlock ID="P9_TB00001" HPOS="1195" VPOS="464" WIDTH="722" HEIGHT="59" STYLEREFS="TXT_0 PAR_LEFT">
					<TextLine ID="P9_TL00001" HPOS="1197" VPOS="464" WIDTH="720" HEIGHT="59">
						<String ID="P9_ST00001" HPOS="1197" VPOS="464" WIDTH="137" HEIGHT="50" CONTENT="Carf" WC="0.63" CC="4305"/>
						<SP ID="P9_SP00001" HPOS="1334" VPOS="514" WIDTH="12"/>
						<String ID="P9_ST00002" HPOS="1346" VPOS="466" WIDTH="288" HEIGHT="57" CONTENT="Sternßeim," WC="0.49" CC="7390563615"/>
						<SP ID="P9_SP00002" HPOS="1634" VPOS="523" WIDTH="36"/>
						<String ID="P9_ST00003" HPOS="1670" VPOS="467" WIDTH="247" HEIGHT="51" CONTENT="Basedow" WC="0.98" CC="2826700"/>
					</TextLine>
				</TextBlock>
				<TextBlock ID="P9_TB00002" HPOS="2627" VPOS="475" WIDTH="30" HEIGHT="50" STYLEREFS="TXT_1 PAR_RIGHT">
					<TextLine ID="P9_TL00002" HPOS="2627" VPOS="475" WIDTH="30" HEIGHT="50">
						<String ID="P9_ST00004" HPOS="2627" VPOS="475" WIDTH="30" HEIGHT="50" CONTENT="7" WC="1.00" CC="0"/>
					</TextLine>
				</TextBlock>
			</TopMargin>
			<LeftMargin ID="P9_LM00001" HPOS="0" VPOS="528" WIDTH="443" HEIGHT="3453"/>
			<RightMargin ID="P9_RM00001" HPOS="2679" VPOS="528" WIDTH="530" HEIGHT="3453"/>
			<BottomMargin ID="P9_BM00001" HPOS="0" VPOS="3981" WIDTH="3209" HEIGHT="591"/>
			<PrintSpace ID="P9_PS00001" HPOS="443" VPOS="528" WIDTH="2236" HEIGHT="3453">
				<TextBlock ID="P9_TB00003" HPOS="443" VPOS="664" WIDTH="2236" HEIGHT="3317" STYLEREFS="TXT_2 PAR_BLOCK">
					<TextLine ID="P9_TL00003" HPOS="446" VPOS="666" WIDTH="2214" HEIGHT="85">
						<String ID="P9_ST00005" HPOS="446" VPOS="667" WIDTH="246" HEIGHT="75" CONTENT="besorgt," WC="0.98" CC="74045604"/>
						<SP ID="P9_SP00003" HPOS="692" VPOS="742" WIDTH="33"/>
						<String ID="P9_ST00006" HPOS="725" VPOS="687" WIDTH="61" HEIGHT="38" CONTENT="er" WC="0.36" CC="65"/>
						<SP ID="P9_SP00004" HPOS="786" VPOS="742" WIDTH="16"/>
						<String ID="P9_ST00007" HPOS="802" VPOS="666" WIDTH="212" HEIGHT="59" CONTENT="möchte" WC="0.98" CC="103465"/>
						<SP ID="P9_SP00005" HPOS="1014" VPOS="742" WIDTH="32"/>
						<String ID="P9_ST00008" HPOS="1046" VPOS="666" WIDTH="180" HEIGHT="62" CONTENT="solche" WC="0.98" CC="047670"/>
						<SP ID="P9_SP00006" HPOS="1226" VPOS="742" WIDTH="16"/>
						<String ID="P9_ST00009" HPOS="1242" VPOS="668" WIDTH="301" HEIGHT="78" CONTENT="Hoffnung" WC="0.98" CC="00244556"/>
						<SP ID="P9_SP00007" HPOS="1543" VPOS="746" WIDTH="32"/>
						<String ID="P9_ST00010" HPOS="1575" VPOS="671" WIDTH="375" HEIGHT="68" CONTENT="enttäuschen," WC="1.00" CC="003204000000"/>
						<SP ID="P9_SP00008" HPOS="1950" VPOS="746" WIDTH="33"/>
						<String ID="P9_ST00011" HPOS="1983" VPOS="671" WIDTH="298" HEIGHT="70" CONTENT="wandelte," WC="0.99" CC="750607204"/>
						<SP ID="P9_SP00009" HPOS="2281" VPOS="746" WIDTH="35"/>
						<String ID="P9_ST00012" HPOS="2316" VPOS="671" WIDTH="106" HEIGHT="62" CONTENT="den" WC="0.96" CC="900"/>
						<SP ID="P9_SP00010" HPOS="2422" VPOS="746" WIDTH="18"/>
						<String ID="P9_ST00013" HPOS="2440" VPOS="673" WIDTH="220" HEIGHT="78" CONTENT="Körper" WC="0.98" CC="006307"/>
					</TextLine>
					<TextLine ID="P9_TL00004" HPOS="445" VPOS="757" WIDTH="2212" HEIGHT="83">
						<String ID="P9_ST00014" HPOS="445" VPOS="769" WIDTH="193" HEIGHT="50" CONTENT="immer" WC="0.98" CC="24006"/>
						<SP ID="P9_SP00011" HPOS="638" VPOS="819" WIDTH="39"/>
						<String ID="P9_ST00015" HPOS="677" VPOS="757" WIDTH="156" HEIGHT="61" CONTENT="mehr" WC="0.97" CC="0075"/>
						<SP ID="P9_SP00012" HPOS="833" VPOS="819" WIDTH="39"/>
						<String ID="P9_ST00016" HPOS="872" VPOS="760" WIDTH="487" HEIGHT="77" CONTENT="vergewaltigend," WC="1.00" CC="105009171300004"/>
						<SP ID="P9_SP00013" HPOS="1359" VPOS="837" WIDTH="50"/>
						<String ID="P9_ST00017" HPOS="1409" VPOS="770" WIDTH="71" HEIGHT="51" CONTENT="im" WC="0.81" CC="30"/>
						<SP ID="P9_SP00014" HPOS="1480" VPOS="837" WIDTH="40"/>
						<String ID="P9_ST00018" HPOS="1520" VPOS="762" WIDTH="157" HEIGHT="60" CONTENT="Lauf" WC="0.99" CC="0050"/>
						<SP ID="P9_SP00015" HPOS="1677" VPOS="837" WIDTH="39"/>
						<String ID="P9_ST00019" HPOS="1716" VPOS="762" WIDTH="99" HEIGHT="61" CONTENT="der" WC="0.96" CC="046"/>
						<SP ID="P9_SP00016" HPOS="1815" VPOS="837" WIDTH="39"/>
						<String ID="P9_ST00020" HPOS="1854" VPOS="761" WIDTH="202" HEIGHT="62" CONTENT="Zeiten" WC="0.98" CC="706330"/>
						<SP ID="P9_SP00017" HPOS="2056" VPOS="837" WIDTH="51"/>
						<String ID="P9_ST00021" HPOS="2107" VPOS="762" WIDTH="88" HEIGHT="61" CONTENT="die" WC="1.00" CC="000"/>
						<SP ID="P9_SP00018" HPOS="2195" VPOS="837" WIDTH="39"/>
						<String ID="P9_ST00022" HPOS="2234" VPOS="780" WIDTH="247" HEIGHT="60" CONTENT="gesamte" WC="1.00" CC="0000001"/>
						<SP ID="P9_SP00019" HPOS="2481" VPOS="840" WIDTH="39"/>
						<String ID="P9_ST00023" HPOS="2520" VPOS="766" WIDTH="103" HEIGHT="60" CONTENT="Bar" SUBS_TYPE="HypPart1" SUBS_CONTENT="Barschaft" WC="0.97" CC="034"/>
						<HYP HPOS="2623" VPOS="766" WIDTH="34" CONTENT="-"/>
					</TextLine>
					<TextLine ID="P9_TL00005" HPOS="447" VPOS="851" WIDTH="2213" HEIGHT="85">
						<String ID="P9_ST00024" HPOS="447" VPOS="852" WIDTH="167" HEIGHT="60" CONTENT="schaft" SUBS_TYPE="HypPart2" SUBS_CONTENT="Barschaft" WC="0.97" CC="197164"/>
						<SP ID="P9_SP00020" HPOS="614" VPOS="912" WIDTH="40"/>
						<String ID="P9_ST00025" HPOS="654" VPOS="875" WIDTH="71" HEIGHT="36" CONTENT="an" WC="1.00" CC="00"/>
						<SP ID="P9_SP00021" HPOS="725" VPOS="912" WIDTH="51"/>
						<String ID="P9_ST00026" HPOS="776" VPOS="851" WIDTH="198" HEIGHT="78" CONTENT="praller" WC="0.98" CC="2737606"/>
						<SP ID="P9_SP00022" HPOS="974" VPOS="929" WIDTH="38"/>
						<String ID="P9_ST00027" HPOS="1012" VPOS="851" WIDTH="374" HEIGHT="62" CONTENT="Muskelkraft" WC="0.99" CC="04020656022"/>
						<SP ID="P9_SP00023" HPOS="1386" VPOS="929" WIDTH="48"/>
						<String ID="P9_ST00028" HPOS="1434" VPOS="855" WIDTH="116" HEIGHT="61" CONTENT="und" WC="0.96" CC="530"/>
						<SP ID="P9_SP00024" HPOS="1550" VPOS="929" WIDTH="39"/>
						<String ID="P9_ST00029" HPOS="1589" VPOS="856" WIDTH="127" HEIGHT="60" CONTENT="Fett" WC="0.97" CC="3407"/>
						<SP ID="P9_SP00025" HPOS="1716" VPOS="929" WIDTH="48"/>
						<String ID="P9_ST00030" HPOS="1764" VPOS="865" WIDTH="52" HEIGHT="51" CONTENT="in" WC="0.64" CC="52"/>
						<SP ID="P9_SP00026" HPOS="1816" VPOS="929" WIDTH="51"/>
						<String ID="P9_ST00031" HPOS="1867" VPOS="856" WIDTH="179" HEIGHT="61" CONTENT="lauter" WC="0.98" CC="506405"/>
						<SP ID="P9_SP00027" HPOS="2046" VPOS="929" WIDTH="280"/>
						<String ID="P9_ST00032" HPOS="2326" VPOS="858" WIDTH="115" HEIGHT="61" CONTENT="und" WC="0.98" CC="500"/>
						<SP ID="P9_SP00028" HPOS="2441" VPOS="929" WIDTH="41"/>
						<String ID="P9_ST00033" HPOS="2482" VPOS="858" WIDTH="178" HEIGHT="78" CONTENT="Spür**" WC="0.99" CC="500600"/>
					</TextLine>
					<TextLine ID="P9_TL00006" HPOS="445" VPOS="945" WIDTH="2216" HEIGHT="81">
						<String ID="P9_ST00034" HPOS="445" VPOS="954" WIDTH="305" HEIGHT="67" CONTENT="vermögen" WC="1.00" CC="00600000"/>
						<SP ID="P9_SP00029" HPOS="750" VPOS="1021" WIDTH="35"/>
						<String ID="P9_ST00035" HPOS="785" VPOS="968" WIDTH="114" HEIGHT="46" CONTENT="um," WC="1.00" CC="000"/>
						<SP ID="P9_SP00030" HPOS="899" VPOS="1021" WIDTH="41"/>
						<String ID="P9_ST00036" HPOS="940" VPOS="945" WIDTH="83" HEIGHT="60" CONTENT="bis" WC="0.97" CC="700"/>
						<SP ID="P9_SP00031" HPOS="1023" VPOS="1021" WIDTH="42"/>
						<String ID="P9_ST00037" HPOS="1065" VPOS="954" WIDTH="151" HEIGHT="52" CONTENT="seine" WC="1.00" CC="00100"/>
						<SP ID="P9_SP00032" HPOS="1216" VPOS="1021" WIDTH="33"/>
						<String ID="P9_ST00038" HPOS="1249" VPOS="946" WIDTH="280" HEIGHT="72" CONTENT="Schenkel," WC="0.99" CC="507340074"/>
						<SP ID="P9_SP00033" HPOS="1529" VPOS="1021" WIDTH="42"/>
						<String ID="P9_ST00039" HPOS="1571" VPOS="948" WIDTH="87" HEIGHT="61" CONTENT="die" WC="0.99" CC="030"/>
						<SP ID="P9_SP00034" HPOS="1658" VPOS="1021" WIDTH="33"/>
						<String ID="P9_ST00040" HPOS="1691" VPOS="948" WIDTH="235" HEIGHT="62" CONTENT="ehedem" WC="0.99" CC="070000"/>
						<SP ID="P9_SP00035" HPOS="1926" VPOS="1021" WIDTH="42"/>
						<String ID="P9_ST00041" HPOS="1968" VPOS="966" WIDTH="162" HEIGHT="43" CONTENT="unter" WC="0.98" CC="60306"/>
						<SP ID="P9_SP00036" HPOS="2130" VPOS="1021" WIDTH="33"/>
						<String ID="P9_ST00042" HPOS="2163" VPOS="949" WIDTH="126" HEIGHT="61" CONTENT="dem" WC="1.00" CC="000"/>
						<SP ID="P9_SP00037" HPOS="2289" VPOS="1021" WIDTH="34"/>
						<String ID="P9_ST00043" HPOS="2323" VPOS="949" WIDTH="338" HEIGHT="77" CONTENT="Sergeanten" WC="0.99" CC="5360302000"/>
					</TextLine>
					<TextLine ID="P9_TL00007" HPOS="445" VPOS="1037" WIDTH="2218" HEIGHT="82">
						<String ID="P9_ST00044" HPOS="445" VPOS="1037" WIDTH="99" HEIGHT="62" CONTENT="des" WC="1.00" CC="000"/>
						<SP ID="P9_SP00038" HPOS="544" VPOS="1099" WIDTH="54"/>
						<String ID="P9_ST00045" HPOS="598" VPOS="1037" WIDTH="336" HEIGHT="77" CONTENT="fünfzigsten" WC="0.99" CC="50055600000"/>
						<SP ID="P9_SP00039" HPOS="934" VPOS="1114" WIDTH="40"/>
						<String ID="P9_ST00046" HPOS="974" VPOS="1038" WIDTH="621" HEIGHT="79" CONTENT="Infanterieregimentes" WC="1.00" CC="30400306056500051320"/>
						<SP ID="P9_SP00040" HPOS="1595" VPOS="1117" WIDTH="50"/>
						<String ID="P9_ST00047" HPOS="1645" VPOS="1042" WIDTH="292" HEIGHT="77" CONTENT="gewaltige" WC="1.00" CC="000070300"/>
						<SP ID="P9_SP00041" HPOS="1937" VPOS="1119" WIDTH="41"/>
						<String ID="P9_ST00048" HPOS="1978" VPOS="1037" WIDTH="404" HEIGHT="82" CONTENT="Tagemärsche" WC="1.00" CC="66000070000"/>
						<SP ID="P9_SP00042" HPOS="2382" VPOS="1119" WIDTH="48"/>
						<String ID="P9_ST00049" HPOS="2430" VPOS="1046" WIDTH="233" HEIGHT="57" CONTENT="zurück**" WC="0.99" CC="70500770"/>
					</TextLine>
					<TextLine ID="P9_TL00008" HPOS="446" VPOS="1129" WIDTH="2219" HEIGHT="83">
						<String ID="P9_ST00050" HPOS="446" VPOS="1129" WIDTH="182" HEIGHT="78" CONTENT="gelegt" WC="0.99" CC="007000"/>
						<SP ID="P9_SP00043" HPOS="628" VPOS="1207" WIDTH="49"/>
						<String ID="P9_ST00051" HPOS="677" VPOS="1129" WIDTH="203" HEIGHT="70" CONTENT="hatten," WC="0.99" CC="0026004"/>
						<SP ID="P9_SP00044" HPOS="880" VPOS="1207" WIDTH="49"/>
						<String ID="P9_ST00052" HPOS="929" VPOS="1131" WIDTH="193" HEIGHT="59" CONTENT="saftlos" WC="1.00" CC="0022010"/>
						<SP ID="P9_SP00045" HPOS="1122" VPOS="1207" WIDTH="49"/>
						<String ID="P9_ST00053" HPOS="1171" VPOS="1132" WIDTH="116" HEIGHT="60" CONTENT="und" WC="0.98" CC="500"/>
						<SP ID="P9_SP00046" HPOS="1287" VPOS="1207" WIDTH="48"/>
						<String ID="P9_ST00054" HPOS="1335" VPOS="1134" WIDTH="217" HEIGHT="78" CONTENT="schlapp" WC="0.99" CC="0806500"/>
						<SP ID="P9_SP00047" HPOS="1552" VPOS="1212" WIDTH="41"/>
						<String ID="P9_ST00055" HPOS="1593" VPOS="1134" WIDTH="90" HEIGHT="60" CONTENT="ihn" WC="0.96" CC="460"/>
						<SP ID="P9_SP00048" HPOS="1683" VPOS="1212" WIDTH="50"/>
						<String ID="P9_ST00056" HPOS="1733" VPOS="1136" WIDTH="106" HEIGHT="59" CONTENT="auf" WC="0.96" CC="064"/>
						<SP ID="P9_SP00049" HPOS="1839" VPOS="1212" WIDTH="35"/>
						<String ID="P9_ST00057" HPOS="1874" VPOS="1134" WIDTH="127" HEIGHT="61" CONTENT="dem" WC="1.00" CC="000"/>
						<SP ID="P9_SP00050" HPOS="2001" VPOS="1212" WIDTH="40"/>
						<String ID="P9_ST00058" HPOS="2041" VPOS="1134" WIDTH="206" HEIGHT="60" CONTENT="Posten" WC="0.99" CC="130603"/>
						<SP ID="P9_SP00051" HPOS="2247" VPOS="1212" WIDTH="48"/>
						<String ID="P9_ST00059" HPOS="2295" VPOS="1133" WIDTH="168" HEIGHT="62" CONTENT="kaum" WC="1.00" CC="0000"/>
						<SP ID="P9_SP00052" HPOS="2463" VPOS="1212" WIDTH="48"/>
						<String ID="P9_ST00060" HPOS="2511" VPOS="1134" WIDTH="154" HEIGHT="61" CONTENT="mehr" WC="0.97" CC="0276"/>
					</TextLine>
					<TextLine ID="P9_TL00009" HPOS="447" VPOS="1222" WIDTH="2216" HEIGHT="81">
						<String ID="P9_ST00061" HPOS="447" VPOS="1223" WIDTH="220" HEIGHT="69" CONTENT="hielten," WC="0.99" CC="03063004"/>
						<SP ID="P9_SP00053" HPOS="667" VPOS="1292" WIDTH="51"/>
						<String ID="P9_ST00062" HPOS="718" VPOS="1222" WIDTH="115" HEIGHT="61" CONTENT="und" WC="0.99" CC="020"/>
						<SP ID="P9_SP00054" HPOS="833" VPOS="1292" WIDTH="49"/>
						<String ID="P9_ST00063" HPOS="882" VPOS="1222" WIDTH="89" HEIGHT="61" CONTENT="die" WC="0.98" CC="040"/>
						<SP ID="P9_SP00055" HPOS="971" VPOS="1292" WIDTH="49"/>
						<String ID="P9_ST00064" HPOS="1020" VPOS="1232" WIDTH="141" HEIGHT="51" CONTENT="einst" WC="0.98" CC="04405"/>
						<SP ID="P9_SP00056" HPOS="1161" VPOS="1292" WIDTH="46"/>
						<String ID="P9_ST00065" HPOS="1207" VPOS="1249" WIDTH="134" HEIGHT="35" CONTENT="vom" WC="0.98" CC="040"/>
						<SP ID="P9_SP00057" HPOS="1341" VPOS="1292" WIDTH="44"/>
						<String ID="P9_ST00066" HPOS="1385" VPOS="1226" WIDTH="495" HEIGHT="62" CONTENT="Gewehrstrecken" WC="1.00" CC="30060605000700"/>
						<SP ID="P9_SP00058" HPOS="1880" VPOS="1292" WIDTH="49"/>
						<String ID="P9_ST00067" HPOS="1929" VPOS="1227" WIDTH="383" HEIGHT="76" CONTENT="geschwellten" WC="1.00" CC="000070060300"/>
						<SP ID="P9_SP00059" HPOS="2312" VPOS="1303" WIDTH="40"/>
						<String ID="P9_ST00068" HPOS="2352" VPOS="1227" WIDTH="182" HEIGHT="61" CONTENT="Arme" WC="0.97" CC="5602"/>
						<SP ID="P9_SP00060" HPOS="2534" VPOS="1303" WIDTH="42"/>
						<String ID="P9_ST00069" HPOS="2576" VPOS="1227" WIDTH="87" HEIGHT="61" CONTENT="die" WC="1.00" CC="010"/>
					</TextLine>
					<TextLine ID="P9_TL00010" HPOS="446" VPOS="1316" WIDTH="2217" HEIGHT="81">
						<String ID="P9_ST00070" HPOS="446" VPOS="1317" WIDTH="142" HEIGHT="60" CONTENT="Lust" WC="0.98" CC="0603"/>
						<SP ID="P9_SP00061" HPOS="588" VPOS="1377" WIDTH="41"/>
						<String ID="P9_ST00071" HPOS="629" VPOS="1316" WIDTH="516" HEIGHT="61" CONTENT="leidenschaftlichen" WC="1.00" CC="600007000000040005"/>
						<SP ID="P9_SP00062" HPOS="1145" VPOS="1377" WIDTH="33"/>
						<String ID="P9_ST00072" HPOS="1178" VPOS="1317" WIDTH="332" HEIGHT="78" CONTENT="Zugreifens" WC="0.99" CC="9600006300"/>
						<SP ID="P9_SP00063" HPOS="1510" VPOS="1395" WIDTH="35"/>
						<String ID="P9_ST00073" HPOS="1545" VPOS="1321" WIDTH="273" HEIGHT="60" CONTENT="verloren." WC="0.99" CC="035726022"/>
						<SP ID="P9_SP00064" HPOS="1818" VPOS="1395" WIDTH="44"/>
						<String ID="P9_ST00074" HPOS="1862" VPOS="1321" WIDTH="98" HEIGHT="59" CONTENT="Da" WC="1.00" CC="00"/>
						<SP ID="P9_SP00065" HPOS="1960" VPOS="1395" WIDTH="41"/>
						<String ID="P9_ST00075" HPOS="2001" VPOS="1344" WIDTH="59" HEIGHT="37" CONTENT="er" WC="0.69" CC="06"/>
						<SP ID="P9_SP00066" HPOS="2060" VPOS="1395" WIDTH="40"/>
						<String ID="P9_ST00076" HPOS="2100" VPOS="1321" WIDTH="134" HEIGHT="60" CONTENT="aber" WC="0.96" CC="0766"/>
						<SP ID="P9_SP00067" HPOS="2234" VPOS="1395" WIDTH="35"/>
						<String ID="P9_ST00077" HPOS="2269" VPOS="1320" WIDTH="88" HEIGHT="60" CONTENT="für" WC="0.96" CC="406"/>
						<SP ID="P9_SP00068" HPOS="2357" VPOS="1395" WIDTH="31"/>
						<String ID="P9_ST00078" HPOS="2388" VPOS="1320" WIDTH="275" HEIGHT="77" CONTENT="gewöhn**" WC="0.98" CC="00007479"/>
					</TextLine>
					<TextLine ID="P9_TL00011" HPOS="447" VPOS="1409" WIDTH="2214" HEIGHT="77">
						<String ID="P9_ST00079" HPOS="447" VPOS="1410" WIDTH="94" HEIGHT="60" CONTENT="lieh" WC="0.97" CC="6007"/>
						<SP ID="P9_SP00069" HPOS="541" VPOS="1470" WIDTH="43"/>
						<String ID="P9_ST00080" HPOS="584" VPOS="1409" WIDTH="301" HEIGHT="77" CONTENT="unbewegt" WC="0.99" CC="00700400"/>
						<SP ID="P9_SP00070" HPOS="885" VPOS="1486" WIDTH="32"/>
						<String ID="P9_ST00081" HPOS="917" VPOS="1410" WIDTH="107" HEIGHT="60" CONTENT="auf" WC="0.96" CC="064"/>
						<SP ID="P9_SP00071" HPOS="1024" VPOS="1486" WIDTH="25"/>
						<String ID="P9_ST00082" HPOS="1049" VPOS="1419" WIDTH="149" HEIGHT="52" CONTENT="einer" WC="0.98" CC="15016"/>
						<SP ID="P9_SP00072" HPOS="1198" VPOS="1486" WIDTH="34"/>
						<String ID="P9_ST00083" HPOS="1232" VPOS="1411" WIDTH="290" HEIGHT="61" CONTENT="Steininsel" WC="1.00" CC="0320040000"/>
						<SP ID="P9_SP00073" HPOS="1522" VPOS="1486" WIDTH="32"/>
						<String ID="P9_ST00084" HPOS="1554" VPOS="1414" WIDTH="270" HEIGHT="60" CONTENT="zwischen" WC="0.99" CC="50500700"/>
						<SP ID="P9_SP00074" HPOS="1824" VPOS="1486" WIDTH="33"/>
						<String ID="P9_ST00085" HPOS="1857" VPOS="1423" WIDTH="144" HEIGHT="51" CONTENT="zwei" WC="0.97" CC="7050"/>
						<SP ID="P9_SP00075" HPOS="2001" VPOS="1486" WIDTH="33"/>
						<String ID="P9_ST00086" HPOS="2034" VPOS="1413" WIDTH="414" HEIGHT="61" CONTENT="Fahrdämmen" WC="0.99" CC="4575000020"/>
						<SP ID="P9_SP00076" HPOS="2448" VPOS="1486" WIDTH="33"/>
						<String ID="P9_ST00087" HPOS="2481" VPOS="1413" WIDTH="180" HEIGHT="69" CONTENT="stand," WC="0.99" CC="040404"/>
					</TextLine>
					<TextLine ID="P9_TL00012" HPOS="451" VPOS="1500" WIDTH="2210" HEIGHT="80">
						<String ID="P9_ST00088" HPOS="451" VPOS="1501" WIDTH="116" HEIGHT="61" CONTENT="und" WC="0.99" CC="030"/>
						<SP ID="P9_SP00077" HPOS="567" VPOS="1562" WIDTH="40"/>
						<String ID="P9_ST00089" HPOS="607" VPOS="1524" WIDTH="73" HEIGHT="37" CONTENT="an" WC="1.00" CC="00"/>
						<SP ID="P9_SP00078" HPOS="680" VPOS="1562" WIDTH="34"/>
						<String ID="P9_ST00090" HPOS="714" VPOS="1500" WIDTH="180" HEIGHT="61" CONTENT="dieser" WC="0.99" CC="002036"/>
						<SP ID="P9_SP00079" HPOS="894" VPOS="1562" WIDTH="38"/>
						<String ID="P9_ST00091" HPOS="932" VPOS="1526" WIDTH="135" HEIGHT="35" CONTENT="vom" WC="1.00" CC="000"/>
						<SP ID="P9_SP00080" HPOS="1067" VPOS="1562" WIDTH="32"/>
						<String ID="P9_ST00092" HPOS="1099" VPOS="1501" WIDTH="259" HEIGHT="61" CONTENT="Verkehr" WC="0.99" CC="4070005"/>
						<SP ID="P9_SP00081" HPOS="1358" VPOS="1562" WIDTH="39"/>
						<String ID="P9_ST00093" HPOS="1397" VPOS="1504" WIDTH="254" HEIGHT="61" CONTENT="belebten" WC="0.99" CC="70007520"/>
						<SP ID="P9_SP00082" HPOS="1651" VPOS="1565" WIDTH="43"/>
						<String ID="P9_ST00094" HPOS="1694" VPOS="1505" WIDTH="171" HEIGHT="61" CONTENT="Stelle" WC="0.99" CC="140600"/>
						<SP ID="P9_SP00083" HPOS="1865" VPOS="1566" WIDTH="39"/>
						<String ID="P9_ST00095" HPOS="1904" VPOS="1505" WIDTH="174" HEIGHT="60" CONTENT="selten" WC="0.99" CC="007300"/>
						<SP ID="P9_SP00084" HPOS="2078" VPOS="1566" WIDTH="43"/>
						<String ID="P9_ST00096" HPOS="2121" VPOS="1505" WIDTH="174" HEIGHT="60" CONTENT="außer" WC="0.98" CC="07306"/>
						<SP ID="P9_SP00085" HPOS="2295" VPOS="1566" WIDTH="33"/>
						<String ID="P9_ST00097" HPOS="2328" VPOS="1504" WIDTH="126" HEIGHT="61" CONTENT="dem" WC="1.00" CC="000"/>
						<SP ID="P9_SP00086" HPOS="2454" VPOS="1566" WIDTH="32"/>
						<String ID="P9_ST00098" HPOS="2486" VPOS="1505" WIDTH="175" HEIGHT="75" CONTENT="Auge" WC="0.98" CC="3400"/>
					</TextLine>
					<TextLine ID="P9_TL00013" HPOS="449" VPOS="1593" WIDTH="2216" HEIGHT="80">
						<String ID="P9_ST00099" HPOS="449" VPOS="1595" WIDTH="134" HEIGHT="60" CONTENT="auch" WC="0.98" CC="0007"/>
						<SP ID="P9_SP00087" HPOS="583" VPOS="1655" WIDTH="43"/>
						<String ID="P9_ST00100" HPOS="626" VPOS="1594" WIDTH="98" HEIGHT="60" CONTENT="der" WC="0.95" CC="057"/>
						<SP ID="P9_SP00088" HPOS="724" VPOS="1655" WIDTH="32"/>
						<String ID="P9_ST00101" HPOS="756" VPOS="1594" WIDTH="150" HEIGHT="60" CONTENT="Arm" WC="0.97" CC="060"/>
						<SP ID="P9_SP00089" HPOS="906" VPOS="1655" WIDTH="40"/>
						<String ID="P9_ST00102" HPOS="946" VPOS="1593" WIDTH="98" HEIGHT="61" CONTENT="des" WC="1.00" CC="000"/>
						<SP ID="P9_SP00090" HPOS="1044" VPOS="1655" WIDTH="45"/>
						<String ID="P9_ST00103" HPOS="1089" VPOS="1594" WIDTH="278" HEIGHT="62" CONTENT="Gesetzes" WC="0.99" CC="50006600"/>
						<SP ID="P9_SP00091" HPOS="1367" VPOS="1656" WIDTH="34"/>
						<String ID="P9_ST00104" HPOS="1401" VPOS="1597" WIDTH="278" HEIGHT="76" CONTENT="gefordert" WC="0.99" CC="006370004"/>
						<SP ID="P9_SP00092" HPOS="1679" VPOS="1673" WIDTH="41"/>
						<String ID="P9_ST00105" HPOS="1720" VPOS="1597" WIDTH="213" HEIGHT="70" CONTENT="wurde," WC="1.00" CC="000004"/>
						<SP ID="P9_SP00093" HPOS="1933" VPOS="1673" WIDTH="50"/>
						<String ID="P9_ST00106" HPOS="1983" VPOS="1597" WIDTH="143" HEIGHT="61" CONTENT="blieb" WC="0.97" CC="77307"/>
						<SP ID="P9_SP00094" HPOS="2126" VPOS="1673" WIDTH="36"/>
						<String ID="P9_ST00107" HPOS="2162" VPOS="1597" WIDTH="109" HEIGHT="59" CONTENT="ihm" WC="0.97" CC="070"/>
						<SP ID="P9_SP00095" HPOS="2271" VPOS="1673" WIDTH="42"/>
						<String ID="P9_ST00108" HPOS="2313" VPOS="1597" WIDTH="179" HEIGHT="62" CONTENT="dieser" WC="0.98" CC="054006"/>
						<SP ID="P9_SP00096" HPOS="2492" VPOS="1673" WIDTH="33"/>
						<String ID="P9_ST00109" HPOS="2525" VPOS="1597" WIDTH="140" HEIGHT="59" CONTENT="leib**" WC="0.98" CC="730721"/>
					</TextLine>
					<TextLine ID="P9_TL00014" HPOS="446" VPOS="1687" WIDTH="832" HEIGHT="79">
						<String ID="P9_ST00110" HPOS="446" VPOS="1688" WIDTH="130" HEIGHT="60" CONTENT="liehe" WC="0.99" CC="00070"/>
						<SP ID="P9_SP00097" HPOS="576" VPOS="1748" WIDTH="39"/>
						<String ID="P9_ST00111" HPOS="615" VPOS="1687" WIDTH="296" HEIGHT="61" CONTENT="Mißstand" WC="1.00" CC="20202030"/>
						<SP ID="P9_SP00098" HPOS="911" VPOS="1748" WIDTH="39"/>
						<String ID="P9_ST00112" HPOS="950" VPOS="1688" WIDTH="328" HEIGHT="78" CONTENT="verborgen." WC="0.99" CC="0067560404"/>
					</TextLine>
					<TextLine ID="P9_TL00015" HPOS="526" VPOS="1780" WIDTH="2134" HEIGHT="80">
						<String ID="P9_ST00113" HPOS="526" VPOS="1780" WIDTH="400" HEIGHT="61" CONTENT="Andererseits" WC="1.00" CC="430060600110"/>
						<SP ID="P9_SP00099" HPOS="926" VPOS="1841" WIDTH="27"/>
						<String ID="P9_ST00114" HPOS="953" VPOS="1780" WIDTH="146" HEIGHT="61" CONTENT="hatte" WC="0.98" CC="70050"/>
						<SP ID="P9_SP00100" HPOS="1099" VPOS="1841" WIDTH="33"/>
						<String ID="P9_ST00115" HPOS="1132" VPOS="1804" WIDTH="60" HEIGHT="37" CONTENT="er" WC="1.00" CC="00"/>
						<SP ID="P9_SP00101" HPOS="1192" VPOS="1841" WIDTH="24"/>
						<String ID="P9_ST00116" HPOS="1216" VPOS="1790" WIDTH="53" HEIGHT="51" CONTENT="in" WC="0.96" CC="00"/>
						<SP ID="P9_SP00102" HPOS="1269" VPOS="1841" WIDTH="25"/>
						<String ID="P9_ST00117" HPOS="1294" VPOS="1780" WIDTH="168" HEIGHT="61" CONTENT="lezter" WC="0.79" CC="600500"/>
						<SP ID="P9_SP00103" HPOS="1462" VPOS="1841" WIDTH="18"/>
						<String ID="P9_ST00118" HPOS="1480" VPOS="1781" WIDTH="129" HEIGHT="61" CONTENT="Zeit" WC="0.99" CC="0003"/>
						<SP ID="P9_SP00104" HPOS="1609" VPOS="1842" WIDTH="25"/>
						<String ID="P9_ST00119" HPOS="1634" VPOS="1782" WIDTH="311" HEIGHT="76" CONTENT="begonnen," WC="0.99" CC="700601054"/>
						<SP ID="P9_SP00105" HPOS="1945" VPOS="1858" WIDTH="42"/>
						<String ID="P9_ST00120" HPOS="1987" VPOS="1781" WIDTH="100" HEIGHT="61" CONTENT="das" WC="1.00" CC="000"/>
						<SP ID="P9_SP00106" HPOS="2087" VPOS="1858" WIDTH="27"/>
						<String ID="P9_ST00121" HPOS="2114" VPOS="1781" WIDTH="226" HEIGHT="79" CONTENT="Kapital" WC="0.99" CC="1005507"/>
						<SP ID="P9_SP00107" HPOS="2340" VPOS="1860" WIDTH="42"/>
						<String ID="P9_ST00122" HPOS="2382" VPOS="1781" WIDTH="97" HEIGHT="61" CONTENT="der" WC="0.98" CC="006"/>
						<SP ID="P9_SP00108" HPOS="2479" VPOS="1860" WIDTH="33"/>
						<String ID="P9_ST00123" HPOS="2512" VPOS="1781" WIDTH="148" HEIGHT="61" CONTENT="Seh**" WC="0.61" CC="40077"/>
					</TextLine>
					<TextLine ID="P9_TL00016" HPOS="449" VPOS="1872" WIDTH="2214" HEIGHT="79">
						<String ID="P9_ST00124" HPOS="449" VPOS="1874" WIDTH="158" HEIGHT="69" CONTENT="kraft," WC="0.99" CC="060221"/>
						<SP ID="P9_SP00109" HPOS="607" VPOS="1943" WIDTH="44"/>
						<String ID="P9_ST00125" HPOS="651" VPOS="1872" WIDTH="100" HEIGHT="63" CONTENT="das" WC="1.00" CC="000"/>
						<SP ID="P9_SP00110" HPOS="751" VPOS="1943" WIDTH="43"/>
						<String ID="P9_ST00126" HPOS="794" VPOS="1896" WIDTH="60" HEIGHT="37" CONTENT="er" WC="0.77" CC="04"/>
						<SP ID="P9_SP00111" HPOS="854" VPOS="1943" WIDTH="40"/>
						<String ID="P9_ST00127" HPOS="894" VPOS="1881" WIDTH="73" HEIGHT="52" CONTENT="im" WC="0.78" CC="40"/>
						<SP ID="P9_SP00112" HPOS="967" VPOS="1943" WIDTH="39"/>
						<String ID="P9_ST00128" HPOS="1006" VPOS="1874" WIDTH="360" HEIGHT="59" CONTENT="Bewußtsein" WC="1.00" CC="0005030100"/>
						<SP ID="P9_SP00113" HPOS="1366" VPOS="1943" WIDTH="47"/>
						<String ID="P9_ST00129" HPOS="1413" VPOS="1875" WIDTH="199" HEIGHT="58" CONTENT="reicher" WC="0.98" CC="6009706"/>
						<SP ID="P9_SP00114" HPOS="1612" VPOS="1943" WIDTH="38"/>
						<String ID="P9_ST00130" HPOS="1650" VPOS="1874" WIDTH="183" HEIGHT="59" CONTENT="Mittel" WC="0.97" CC="034657"/>
						<SP ID="P9_SP00115" HPOS="1833" VPOS="1943" WIDTH="42"/>
						<String ID="P9_ST00131" HPOS="1875" VPOS="1874" WIDTH="368" HEIGHT="77" CONTENT="ursprünglich" WC="0.99" CC="670050407400"/>
						<SP ID="P9_SP00116" HPOS="2243" VPOS="1951" WIDTH="51"/>
						<String ID="P9_ST00132" HPOS="2294" VPOS="1898" WIDTH="70" HEIGHT="35" CONTENT="an" WC="1.00" CC="00"/>
						<SP ID="P9_SP00117" HPOS="2364" VPOS="1951" WIDTH="43"/>
						<String ID="P9_ST00133" HPOS="2407" VPOS="1874" WIDTH="86" HEIGHT="61" CONTENT="die" WC="0.99" CC="030"/>
						<SP ID="P9_SP00118" HPOS="2493" VPOS="1951" WIDTH="42"/>
						<String ID="P9_ST00134" HPOS="2535" VPOS="1896" WIDTH="128" HEIGHT="37" CONTENT="um**" WC="0.97" CC="5014"/>
					</TextLine>
					<TextLine ID="P9_TL00017" HPOS="447" VPOS="1965" WIDTH="2216" HEIGHT="79">
						<String ID="P9_ST00135" HPOS="447" VPOS="1966" WIDTH="254" HEIGHT="78" CONTENT="gebende" WC="0.99" CC="0070003"/>
						<SP ID="P9_SP00119" HPOS="701" VPOS="2044" WIDTH="47"/>
						<String ID="P9_ST00136" HPOS="748" VPOS="1966" WIDTH="164" HEIGHT="61" CONTENT="Welt" WC="0.96" CC="7065"/>
						<SP ID="P9_SP00120" HPOS="912" VPOS="2044" WIDTH="46"/>
						<String ID="P9_ST00137" HPOS="958" VPOS="1965" WIDTH="307" HEIGHT="79" CONTENT="vergeudet" WC="1.00" CC="020000004"/>
						<SP ID="P9_SP00121" HPOS="1265" VPOS="2044" WIDTH="48"/>
						<String ID="P9_ST00138" HPOS="1313" VPOS="1965" WIDTH="164" HEIGHT="71" CONTENT="hatte," WC="0.98" CC="730404"/>
						<SP ID="P9_SP00122" HPOS="1477" VPOS="2044" WIDTH="49"/>
						<String ID="P9_ST00139" HPOS="1526" VPOS="1966" WIDTH="321" HEIGHT="78" CONTENT="sachgemäß" WC="1.00" CC="000700000"/>
						<SP ID="P9_SP00123" HPOS="1847" VPOS="2044" WIDTH="49"/>
						<String ID="P9_ST00140" HPOS="1896" VPOS="1966" WIDTH="322" HEIGHT="76" CONTENT="anzulegen." WC="1.00" CC="0060700003"/>
						<SP ID="P9_SP00124" HPOS="2218" VPOS="2044" WIDTH="51"/>
						<String ID="P9_ST00141" HPOS="2269" VPOS="1966" WIDTH="85" HEIGHT="60" CONTENT="Er" WC="0.31" CC="76"/>
						<SP ID="P9_SP00125" HPOS="2354" VPOS="2044" WIDTH="48"/>
						<String ID="P9_ST00142" HPOS="2402" VPOS="1965" WIDTH="104" HEIGHT="62" CONTENT="lieh" WC="0.98" CC="7010"/>
						<SP ID="P9_SP00126" HPOS="2506" VPOS="2044" WIDTH="50"/>
						<String ID="P9_ST00143" HPOS="2556" VPOS="1965" WIDTH="107" HEIGHT="61" CONTENT="den" WC="1.00" CC="000"/>
					</TextLine>
					<TextLine ID="P9_TL00018" HPOS="449" VPOS="2058" WIDTH="2214" HEIGHT="78">
						<String ID="P9_ST00144" HPOS="449" VPOS="2058" WIDTH="565" HEIGHT="78" CONTENT="Vorübergehenden" WC="1.00" CC="606072500000000"/>
						<SP ID="P9_SP00127" HPOS="1014" VPOS="2136" WIDTH="57"/>
						<String ID="P9_ST00145" HPOS="1071" VPOS="2082" WIDTH="105" HEIGHT="37" CONTENT="nur" WC="0.95" CC="066"/>
						<SP ID="P9_SP00128" HPOS="1176" VPOS="2136" WIDTH="47"/>
						<String ID="P9_ST00146" HPOS="1223" VPOS="2059" WIDTH="135" HEIGHT="60" CONTENT="noch" WC="0.98" CC="0107"/>
						<SP ID="P9_SP00129" HPOS="1358" VPOS="2136" WIDTH="49"/>
						<String ID="P9_ST00147" HPOS="1407" VPOS="2068" WIDTH="257" HEIGHT="51" CONTENT="insoweit" WC="1.00" CC="00010000"/>
						<SP ID="P9_SP00130" HPOS="1664" VPOS="2136" WIDTH="48"/>
						<String ID="P9_ST00148" HPOS="1712" VPOS="2068" WIDTH="160" HEIGHT="51" CONTENT="einen" WC="0.98" CC="43500"/>
						<SP ID="P9_SP00131" HPOS="1872" VPOS="2136" WIDTH="49"/>
						<String ID="P9_ST00149" HPOS="1921" VPOS="2058" WIDTH="198" HEIGHT="61" CONTENT="Kredit" WC="0.99" CC="060043"/>
						<SP ID="P9_SP00132" HPOS="2119" VPOS="2136" WIDTH="47"/>
						<String ID="P9_ST00150" HPOS="2166" VPOS="2059" WIDTH="105" HEIGHT="58" CONTENT="auf" WC="0.98" CC="006"/>
						<SP ID="P9_SP00133" HPOS="2271" VPOS="2136" WIDTH="41"/>
						<String ID="P9_ST00151" HPOS="2312" VPOS="2068" WIDTH="150" HEIGHT="51" CONTENT="seine" WC="1.00" CC="00200"/>
						<SP ID="P9_SP00134" HPOS="2462" VPOS="2136" WIDTH="40"/>
						<String ID="P9_ST00152" HPOS="2502" VPOS="2058" WIDTH="161" HEIGHT="59" CONTENT="Auf**" WC="0.97" CC="41940"/>
					</TextLine>
					<TextLine ID="P9_TL00019" HPOS="447" VPOS="2149" WIDTH="2219" HEIGHT="73">
						<String ID="P9_ST00153" HPOS="447" VPOS="2150" WIDTH="405" HEIGHT="72" CONTENT="merksamkeit," WC="0.79" CC="005000004544"/>
						<SP ID="P9_SP00135" HPOS="852" VPOS="2222" WIDTH="51"/>
						<String ID="P9_ST00154" HPOS="903" VPOS="2152" WIDTH="82" HEIGHT="59" CONTENT="als" WC="0.99" CC="300"/>
						<SP ID="P9_SP00136" HPOS="985" VPOS="2222" WIDTH="49"/>
						<String ID="P9_ST00155" HPOS="1034" VPOS="2175" WIDTH="60" HEIGHT="36" CONTENT="er" WC="1.00" CC="00"/>
						<SP ID="P9_SP00137" HPOS="1094" VPOS="2222" WIDTH="49"/>
						<String ID="P9_ST00156" HPOS="1143" VPOS="2150" WIDTH="107" HEIGHT="61" CONTENT="den" WC="1.00" CC="000"/>
						<SP ID="P9_SP00138" HPOS="1250" VPOS="2222" WIDTH="42"/>
						<String ID="P9_ST00157" HPOS="1292" VPOS="2152" WIDTH="284" HEIGHT="59" CONTENT="einzelnen" WC="0.99" CC="060506305"/>
						<SP ID="P9_SP00139" HPOS="1576" VPOS="2222" WIDTH="42"/>
						<String ID="P9_ST00158" HPOS="1618" VPOS="2152" WIDTH="136" HEIGHT="59" CONTENT="nicht" WC="0.99" CC="70003"/>
						<SP ID="P9_SP00140" HPOS="1754" VPOS="2222" WIDTH="40"/>
						<String ID="P9_ST00159" HPOS="1794" VPOS="2150" WIDTH="218" HEIGHT="61" CONTENT="kannte." WC="0.99" CC="0030403"/>
						<SP ID="P9_SP00141" HPOS="2012" VPOS="2222" WIDTH="44"/>
						<String ID="P9_ST00160" HPOS="2056" VPOS="2150" WIDTH="168" HEIGHT="60" CONTENT="Denn" WC="0.99" CC="2000"/>
						<SP ID="P9_SP00142" HPOS="2224" VPOS="2222" WIDTH="43"/>
						<String ID="P9_ST00161" HPOS="2267" VPOS="2150" WIDTH="71" HEIGHT="60" CONTENT="da" WC="1.00" CC="00"/>
						<SP ID="P9_SP00143" HPOS="2338" VPOS="2222" WIDTH="40"/>
						<String ID="P9_ST00162" HPOS="2378" VPOS="2149" WIDTH="96" HEIGHT="61" CONTENT="der" WC="1.00" CC="000"/>
						<SP ID="P9_SP00144" HPOS="2474" VPOS="2222" WIDTH="38"/>
						<String ID="P9_ST00163" HPOS="2512" VPOS="2149" WIDTH="154" HEIGHT="60" CONTENT="Platz" WC="0.98" CC="06024"/>
					</TextLine>
					<TextLine ID="P9_TL00020" HPOS="449" VPOS="2241" WIDTH="2218" HEIGHT="78">
						<String ID="P9_ST00164" HPOS="449" VPOS="2253" WIDTH="53" HEIGHT="51" CONTENT="in" WC="0.81" CC="30"/>
						<SP ID="P9_SP00145" HPOS="502" VPOS="2304" WIDTH="42"/>
						<String ID="P9_ST00165" HPOS="544" VPOS="2244" WIDTH="248" HEIGHT="60" CONTENT="nächster" WC="1.00" CC="00000306"/>
						<SP ID="P9_SP00146" HPOS="792" VPOS="2304" WIDTH="39"/>
						<String ID="P9_ST00166" HPOS="831" VPOS="2243" WIDTH="178" HEIGHT="61" CONTENT="Nähe" WC="0.99" CC="4000"/>
						<SP ID="P9_SP00147" HPOS="1009" VPOS="2304" WIDTH="42"/>
						<String ID="P9_ST00167" HPOS="1051" VPOS="2252" WIDTH="204" HEIGHT="67" CONTENT="einiger" WC="0.99" CC="0042006"/>
						<SP ID="P9_SP00148" HPOS="1255" VPOS="2319" WIDTH="34"/>
						<String ID="P9_ST00168" HPOS="1289" VPOS="2242" WIDTH="513" HEIGHT="62" CONTENT="Großkaufhäuser" WC="0.99" CC="46000066005006"/>
						<SP ID="P9_SP00149" HPOS="1802" VPOS="2319" WIDTH="41"/>
						<String ID="P9_ST00169" HPOS="1843" VPOS="2243" WIDTH="116" HEIGHT="60" CONTENT="und" WC="0.97" CC="700"/>
						<SP ID="P9_SP00150" HPOS="1959" VPOS="2319" WIDTH="38"/>
						<String ID="P9_ST00170" HPOS="1997" VPOS="2242" WIDTH="227" HEIGHT="61" CONTENT="Banken" WC="0.99" CC="000055"/>
						<SP ID="P9_SP00151" HPOS="2224" VPOS="2319" WIDTH="41"/>
						<String ID="P9_ST00171" HPOS="2265" VPOS="2242" WIDTH="105" HEIGHT="77" CONTENT="lag," WC="0.98" CC="7004"/>
						<SP ID="P9_SP00152" HPOS="2370" VPOS="2319" WIDTH="41"/>
						<String ID="P9_ST00172" HPOS="2411" VPOS="2265" WIDTH="119" HEIGHT="37" CONTENT="war" WC="0.95" CC="057"/>
						<SP ID="P9_SP00153" HPOS="2530" VPOS="2319" WIDTH="41"/>
						<String ID="P9_ST00173" HPOS="2571" VPOS="2241" WIDTH="96" HEIGHT="59" CONTENT="der" WC="1.00" CC="000"/>
					</TextLine>
					<TextLine ID="P9_TL00021" HPOS="449" VPOS="2332" WIDTH="2216" HEIGHT="81">
						<String ID="P9_ST00174" HPOS="449" VPOS="2337" WIDTH="233" HEIGHT="76" CONTENT="größere" WC="0.99" CC="0700070"/>
						<SP ID="P9_SP00154" HPOS="682" VPOS="2413" WIDTH="41"/>
						<String ID="P9_ST00175" HPOS="723" VPOS="2332" WIDTH="123" HEIGHT="65" CONTENT="Teil" WC="0.99" CC="6000"/>
						<SP ID="P9_SP00155" HPOS="846" VPOS="2413" WIDTH="42"/>
						<String ID="P9_ST00176" HPOS="888" VPOS="2336" WIDTH="99" HEIGHT="61" CONTENT="des" WC="1.00" CC="000"/>
						<SP ID="P9_SP00156" HPOS="987" VPOS="2413" WIDTH="48"/>
						<String ID="P9_ST00177" HPOS="1035" VPOS="2336" WIDTH="319" HEIGHT="61" CONTENT="Publikums" WC="0.99" CC="057650000"/>
						<SP ID="P9_SP00157" HPOS="1354" VPOS="2413" WIDTH="42"/>
						<String ID="P9_ST00178" HPOS="1396" VPOS="2352" WIDTH="199" HEIGHT="60" CONTENT="tagaus" WC="0.99" CC="500050"/>
						<SP ID="P9_SP00158" HPOS="1595" VPOS="2413" WIDTH="35"/>
						<String ID="P9_ST00179" HPOS="1630" VPOS="2345" WIDTH="183" HEIGHT="68" CONTENT="tagein" WC="0.99" CC="200036"/>
						<SP ID="P9_SP00159" HPOS="1813" VPOS="2413" WIDTH="41"/>
						<String ID="P9_ST00180" HPOS="1854" VPOS="2335" WIDTH="100" HEIGHT="61" CONTENT="der" WC="0.99" CC="030"/>
						<SP ID="P9_SP00160" HPOS="1954" VPOS="2413" WIDTH="39"/>
						<String ID="P9_ST00181" HPOS="1993" VPOS="2335" WIDTH="217" HEIGHT="77" CONTENT="gleiche," WC="0.99" CC="00250704"/>
						<SP ID="P9_SP00161" HPOS="2210" VPOS="2413" WIDTH="42"/>
						<String ID="P9_ST00182" HPOS="2252" VPOS="2335" WIDTH="113" HEIGHT="59" CONTENT="und" WC="0.97" CC="520"/>
						<SP ID="P9_SP00162" HPOS="2365" VPOS="2413" WIDTH="41"/>
						<String ID="P9_ST00183" HPOS="2406" VPOS="2333" WIDTH="259" HEIGHT="61" CONTENT="nachdem" WC="1.00" CC="0000000"/>
					</TextLine>
					<TextLine ID="P9_TL00022" HPOS="449" VPOS="2426" WIDTH="2220" HEIGHT="80">
						<String ID="P9_ST00184" HPOS="449" VPOS="2429" WIDTH="287" HEIGHT="61" CONTENT="Busekow" WC="0.82" CC="2400050"/>
						<SP ID="P9_SP00163" HPOS="736" VPOS="2490" WIDTH="42"/>
						<String ID="P9_ST00185" HPOS="778" VPOS="2439" WIDTH="53" HEIGHT="49" CONTENT="in" WC="0.96" CC="00"/>
						<SP ID="P9_SP00164" HPOS="831" VPOS="2490" WIDTH="39"/>
						<String ID="P9_ST00186" HPOS="870" VPOS="2429" WIDTH="363" HEIGHT="77" CONTENT="jahrelanger," WC="0.99" CC="707030000064"/>
						<SP ID="P9_SP00165" HPOS="1233" VPOS="2506" WIDTH="50"/>
						<String ID="P9_ST00187" HPOS="1283" VPOS="2429" WIDTH="451" HEIGHT="61" CONTENT="unwillkürlicher" WC="1.00" CC="000065005720005"/>
						<SP ID="P9_SP00166" HPOS="1734" VPOS="2506" WIDTH="39"/>
						<String ID="P9_ST00188" HPOS="1773" VPOS="2427" WIDTH="403" HEIGHT="61" CONTENT="Anteilnahme" WC="1.00" CC="60530000000"/>
						<SP ID="P9_SP00167" HPOS="2176" VPOS="2506" WIDTH="40"/>
						<String ID="P9_ST00189" HPOS="2216" VPOS="2451" WIDTH="73" HEIGHT="36" CONTENT="an" WC="1.00" CC="00"/>
						<SP ID="P9_SP00168" HPOS="2289" VPOS="2506" WIDTH="39"/>
						<String ID="P9_ST00190" HPOS="2328" VPOS="2426" WIDTH="179" HEIGHT="77" CONTENT="jedem" WC="0.99" CC="70000"/>
						<SP ID="P9_SP00169" HPOS="2507" VPOS="2506" WIDTH="41"/>
						<String ID="P9_ST00191" HPOS="2548" VPOS="2435" WIDTH="121" HEIGHT="51" CONTENT="ein**" WC="0.99" CC="01004"/>
					</TextLine>
					<TextLine ID="P9_TL00023" HPOS="449" VPOS="2516" WIDTH="2223" HEIGHT="83">
						<String ID="P9_ST00192" HPOS="449" VPOS="2521" WIDTH="195" HEIGHT="60" CONTENT="zelnen" WC="0.69" CC="607310"/>
						<SP ID="P9_SP00170" HPOS="644" VPOS="2581" WIDTH="19"/>
						<String ID="P9_ST00193" HPOS="663" VPOS="2521" WIDTH="202" HEIGHT="60" CONTENT="dessen" WC="1.00" CC="000020"/>
						<SP ID="P9_SP00171" HPOS="865" VPOS="2581" WIDTH="18"/>
						<String ID="P9_ST00194" HPOS="883" VPOS="2521" WIDTH="382" HEIGHT="76" CONTENT="Erscheinung" WC="0.99" CC="76000030570"/>
						<SP ID="P9_SP00172" HPOS="1265" VPOS="2597" WIDTH="24"/>
						<String ID="P9_ST00195" HPOS="1289" VPOS="2530" WIDTH="52" HEIGHT="51" CONTENT="in" WC="0.78" CC="40"/>
						<SP ID="P9_SP00173" HPOS="1341" VPOS="2597" WIDTH="28"/>
						<String ID="P9_ST00196" HPOS="1369" VPOS="2521" WIDTH="106" HEIGHT="60" CONTENT="sich" WC="0.99" CC="0600"/>
						<SP ID="P9_SP00174" HPOS="1475" VPOS="2597" WIDTH="25"/>
						<String ID="P9_ST00197" HPOS="1500" VPOS="2521" WIDTH="452" HEIGHT="78" CONTENT="aufgenommen," WC="1.00" CC="050053300004"/>
						<SP ID="P9_SP00175" HPOS="1952" VPOS="2599" WIDTH="29"/>
						<String ID="P9_ST00198" HPOS="1981" VPOS="2543" WIDTH="265" HEIGHT="53" CONTENT="erwogen" WC="0.99" CC="0603006"/>
						<SP ID="P9_SP00176" HPOS="2246" VPOS="2599" WIDTH="34"/>
						<String ID="P9_ST00199" HPOS="2280" VPOS="2519" WIDTH="114" HEIGHT="61" CONTENT="und" WC="0.96" CC="730"/>
						<SP ID="P9_SP00177" HPOS="2394" VPOS="2599" WIDTH="26"/>
						<String ID="P9_ST00200" HPOS="2420" VPOS="2516" WIDTH="252" HEIGHT="62" CONTENT="beurteilt" WC="0.98" CC="705540465"/>
					</TextLine>
					<TextLine ID="P9_TL00024" HPOS="451" VPOS="2613" WIDTH="2220" HEIGHT="77">
						<String ID="P9_ST00201" HPOS="451" VPOS="2614" WIDTH="165" HEIGHT="69" CONTENT="hatte," WC="0.98" CC="704304"/>
						<SP ID="P9_SP00178" HPOS="616" VPOS="2683" WIDTH="49"/>
						<String ID="P9_ST00202" HPOS="665" VPOS="2624" WIDTH="193" HEIGHT="66" CONTENT="prägte" WC="0.99" CC="060004"/>
						<SP ID="P9_SP00179" HPOS="858" VPOS="2690" WIDTH="48"/>
						<String ID="P9_ST00203" HPOS="906" VPOS="2637" WIDTH="59" HEIGHT="37" CONTENT="er" WC="0.68" CC="06"/>
						<SP ID="P9_SP00180" HPOS="965" VPOS="2690" WIDTH="47"/>
						<String ID="P9_ST00204" HPOS="1012" VPOS="2638" WIDTH="116" HEIGHT="36" CONTENT="von" WC="0.98" CC="006"/>
						<SP ID="P9_SP00181" HPOS="1128" VPOS="2690" WIDTH="51"/>
						<String ID="P9_ST00205" HPOS="1179" VPOS="2614" WIDTH="110" HEIGHT="60" CONTENT="ihm" WC="0.99" CC="100"/>
						<SP ID="P9_SP00182" HPOS="1289" VPOS="2690" WIDTH="47"/>
						<String ID="P9_ST00206" HPOS="1336" VPOS="2624" WIDTH="134" HEIGHT="66" CONTENT="jetzt" WC="0.97" CC="04454"/>
						<SP ID="P9_SP00183" HPOS="1470" VPOS="2690" WIDTH="47"/>
						<String ID="P9_ST00207" HPOS="1517" VPOS="2614" WIDTH="325" HEIGHT="61" CONTENT="wissentlich" WC="1.00" CC="00000047007"/>
						<SP ID="P9_SP00184" HPOS="1842" VPOS="2690" WIDTH="59"/>
						<String ID="P9_ST00208" HPOS="1901" VPOS="2638" WIDTH="106" HEIGHT="36" CONTENT="nur" WC="0.94" CC="365"/>
						<SP ID="P9_SP00185" HPOS="2007" VPOS="2690" WIDTH="55"/>
						<String ID="P9_ST00209" HPOS="2062" VPOS="2613" WIDTH="154" HEIGHT="61" CONTENT="mehr" WC="0.99" CC="0004"/>
						<SP ID="P9_SP00186" HPOS="2216" VPOS="2690" WIDTH="56"/>
						<String ID="P9_ST00210" HPOS="2272" VPOS="2622" WIDTH="158" HEIGHT="52" CONTENT="einen" WC="0.98" CC="04320"/>
						<SP ID="P9_SP00187" HPOS="2430" VPOS="2690" WIDTH="59"/>
						<String ID="P9_ST00211" HPOS="2489" VPOS="2633" WIDTH="182" HEIGHT="38" CONTENT="neuen" WC="0.99" CC="01400"/>
					</TextLine>
					<TextLine ID="P9_TL00025" HPOS="451" VPOS="2704" WIDTH="1820" HEIGHT="70">
						<String ID="P9_ST00212" HPOS="451" VPOS="2705" WIDTH="144" HEIGHT="69" CONTENT="Hut," WC="0.96" CC="5650"/>
						<SP ID="P9_SP00188" HPOS="595" VPOS="2774" WIDTH="40"/>
						<String ID="P9_ST00213" HPOS="635" VPOS="2704" WIDTH="262" HEIGHT="61" CONTENT="Wechsel" WC="0.99" CC="7600007"/>
						<SP ID="P9_SP00189" HPOS="897" VPOS="2774" WIDTH="39"/>
						<String ID="P9_ST00214" HPOS="936" VPOS="2728" WIDTH="117" HEIGHT="37" CONTENT="von" WC="0.98" CC="050"/>
						<SP ID="P9_SP00190" HPOS="1053" VPOS="2774" WIDTH="42"/>
						<String ID="P9_ST00215" HPOS="1095" VPOS="2705" WIDTH="292" HEIGHT="61" CONTENT="Sommer**" WC="0.99" CC="60002604"/>
						<SP ID="P9_SP00191" HPOS="1387" VPOS="2774" WIDTH="41"/>
						<String ID="P9_ST00216" HPOS="1428" VPOS="2705" WIDTH="115" HEIGHT="61" CONTENT="und" WC="1.00" CC="000"/>
						<SP ID="P9_SP00192" HPOS="1543" VPOS="2774" WIDTH="41"/>
						<String ID="P9_ST00217" HPOS="1584" VPOS="2705" WIDTH="396" HEIGHT="63" CONTENT="Wintermode" WC="1.00" CC="0063000000"/>
						<SP ID="P9_SP00193" HPOS="1980" VPOS="2774" WIDTH="41"/>
						<String ID="P9_ST00218" HPOS="2021" VPOS="2707" WIDTH="104" HEIGHT="58" CONTENT="sich" WC="0.99" CC="0300"/>
						<SP ID="P9_SP00194" HPOS="2125" VPOS="2774" WIDTH="42"/>
						<String ID="P9_ST00219" HPOS="2167" VPOS="2714" WIDTH="104" HEIGHT="51" CONTENT="ein." WC="0.99" CC="0002"/>
					</TextLine>
					<TextLine ID="P9_TL00026" HPOS="531" VPOS="2796" WIDTH="2141" HEIGHT="78">
						<String ID="P9_ST00220" HPOS="531" VPOS="2796" WIDTH="85" HEIGHT="59" CONTENT="Er" WC="0.35" CC="66"/>
						<SP ID="P9_SP00195" HPOS="616" VPOS="2855" WIDTH="40"/>
						<String ID="P9_ST00221" HPOS="656" VPOS="2797" WIDTH="163" HEIGHT="60" CONTENT="stand" WC="1.00" CC="00000"/>
						<SP ID="P9_SP00196" HPOS="819" VPOS="2857" WIDTH="42"/>
						<String ID="P9_ST00222" HPOS="861" VPOS="2796" WIDTH="163" HEIGHT="61" CONTENT="dabei" WC="0.99" CC="00700"/>
						<SP ID="P9_SP00197" HPOS="1024" VPOS="2857" WIDTH="42"/>
						<String ID="P9_ST00223" HPOS="1066" VPOS="2798" WIDTH="133" HEIGHT="59" CONTENT="aber" WC="0.98" CC="0036"/>
						<SP ID="P9_SP00198" HPOS="1199" VPOS="2857" WIDTH="42"/>
						<String ID="P9_ST00224" HPOS="1241" VPOS="2807" WIDTH="53" HEIGHT="50" CONTENT="in" WC="0.71" CC="50"/>
						<SP ID="P9_SP00199" HPOS="1294" VPOS="2857" WIDTH="51"/>
						<String ID="P9_ST00225" HPOS="1345" VPOS="2807" WIDTH="179" HEIGHT="51" CONTENT="einem" WC="0.98" CC="34040"/>
						<SP ID="P9_SP00200" HPOS="1524" VPOS="2858" WIDTH="50"/>
						<String ID="P9_ST00226" HPOS="1574" VPOS="2797" WIDTH="395" HEIGHT="77" CONTENT="umgekehrten" WC="0.99" CC="70000067400"/>
						<SP ID="P9_SP00201" HPOS="1969" VPOS="2874" WIDTH="43"/>
						<String ID="P9_ST00227" HPOS="2012" VPOS="2797" WIDTH="325" HEIGHT="61" CONTENT="Verhältnis" WC="1.00" CC="0060000260"/>
						<SP ID="P9_SP00202" HPOS="2337" VPOS="2874" WIDTH="42"/>
						<String ID="P9_ST00228" HPOS="2379" VPOS="2820" WIDTH="72" HEIGHT="35" CONTENT="zu" WC="1.00" CC="00"/>
						<SP ID="P9_SP00203" HPOS="2451" VPOS="2874" WIDTH="42"/>
						<String ID="P9_ST00229" HPOS="2493" VPOS="2803" WIDTH="179" HEIGHT="52" CONTENT="seiner" WC="0.99" CC="006005"/>
					</TextLine>
					<TextLine ID="P9_TL00027" HPOS="452" VPOS="2887" WIDTH="2220" HEIGHT="75">
						<String ID="P9_ST00230" HPOS="452" VPOS="2887" WIDTH="345" HEIGHT="61" CONTENT="Kundschaft" WC="0.99" CC="0600007033"/>
						<SP ID="P9_SP00204" HPOS="797" VPOS="2948" WIDTH="54"/>
						<String ID="P9_ST00231" HPOS="851" VPOS="2898" WIDTH="109" HEIGHT="50" CONTENT="wie" WC="0.99" CC="030"/>
						<SP ID="P9_SP00205" HPOS="960" VPOS="2948" WIDTH="63"/>
						<String ID="P9_ST00232" HPOS="1023" VPOS="2890" WIDTH="96" HEIGHT="58" CONTENT="der" WC="0.97" CC="006"/>
						<SP ID="P9_SP00206" HPOS="1119" VPOS="2948" WIDTH="55"/>
						<String ID="P9_ST00233" HPOS="1174" VPOS="2890" WIDTH="237" HEIGHT="61" CONTENT="Bankier" WC="0.99" CC="2060210"/>
						<SP ID="P9_SP00207" HPOS="1411" VPOS="2951" WIDTH="56"/>
						<String ID="P9_ST00234" HPOS="1467" VPOS="2891" WIDTH="337" HEIGHT="68" CONTENT="schlechthin," WC="1.00" CC="000000057524"/>
						<SP ID="P9_SP00208" HPOS="1804" VPOS="2959" WIDTH="57"/>
						<String ID="P9_ST00235" HPOS="1861" VPOS="2890" WIDTH="82" HEIGHT="61" CONTENT="als" WC="0.97" CC="070"/>
						<SP ID="P9_SP00209" HPOS="1943" VPOS="2959" WIDTH="60"/>
						<String ID="P9_ST00236" HPOS="2003" VPOS="2914" WIDTH="59" HEIGHT="35" CONTENT="er" WC="0.67" CC="06"/>
						<SP ID="P9_SP00210" HPOS="2062" VPOS="2959" WIDTH="57"/>
						<String ID="P9_ST00237" HPOS="2119" VPOS="2890" WIDTH="125" HEIGHT="59" CONTENT="dem" WC="1.00" CC="000"/>
						<SP ID="P9_SP00211" HPOS="2244" VPOS="2959" WIDTH="58"/>
						<String ID="P9_ST00238" HPOS="2302" VPOS="2887" WIDTH="265" HEIGHT="69" CONTENT="Kunden," WC="0.99" CC="0640034"/>
						<SP ID="P9_SP00212" HPOS="2567" VPOS="2959" WIDTH="55"/>
						<String ID="P9_ST00239" HPOS="2622" VPOS="2897" WIDTH="50" HEIGHT="65" CONTENT="je" WC="1.00" CC="00"/>
					</TextLine>
					<TextLine ID="P9_TL00028" HPOS="455" VPOS="2977" WIDTH="2216" HEIGHT="79">
						<String ID="P9_ST00240" HPOS="455" VPOS="2980" WIDTH="190" HEIGHT="76" CONTENT="länger" WC="1.00" CC="000006"/>
						<SP ID="P9_SP00213" HPOS="645" VPOS="3056" WIDTH="41"/>
						<String ID="P9_ST00241" HPOS="686" VPOS="3001" WIDTH="60" HEIGHT="37" CONTENT="er" WC="0.66" CC="06"/>
						<SP ID="P9_SP00214" HPOS="746" VPOS="3056" WIDTH="40"/>
						<String ID="P9_ST00242" HPOS="786" VPOS="2978" WIDTH="91" HEIGHT="60" CONTENT="ihn" WC="1.00" CC="000"/>
						<SP ID="P9_SP00215" HPOS="877" VPOS="3056" WIDTH="40"/>
						<String ID="P9_ST00243" HPOS="917" VPOS="2978" WIDTH="222" HEIGHT="70" CONTENT="kannte," WC="0.99" CC="0040004"/>
						<SP ID="P9_SP00216" HPOS="1139" VPOS="3056" WIDTH="53"/>
						<String ID="P9_ST00244" HPOS="1192" VPOS="2980" WIDTH="114" HEIGHT="59" CONTENT="und" WC="0.98" CC="400"/>
						<SP ID="P9_SP00217" HPOS="1306" VPOS="3056" WIDTH="39"/>
						<String ID="P9_ST00245" HPOS="1345" VPOS="2991" WIDTH="51" HEIGHT="65" CONTENT="je" WC="1.00" CC="00"/>
						<SP ID="P9_SP00218" HPOS="1396" VPOS="3056" WIDTH="42"/>
						<String ID="P9_ST00246" HPOS="1438" VPOS="2981" WIDTH="155" HEIGHT="60" CONTENT="mehr" WC="0.99" CC="0006"/>
						<SP ID="P9_SP00219" HPOS="1593" VPOS="3056" WIDTH="39"/>
						<String ID="P9_ST00247" HPOS="1632" VPOS="2982" WIDTH="254" HEIGHT="59" CONTENT="Beweise" WC="1.00" CC="0000000"/>
						<SP ID="P9_SP00220" HPOS="1886" VPOS="3056" WIDTH="51"/>
						<String ID="P9_ST00248" HPOS="1937" VPOS="2990" WIDTH="150" HEIGHT="51" CONTENT="einer" WC="0.98" CC="06016"/>
						<SP ID="P9_SP00221" HPOS="2087" VPOS="3056" WIDTH="42"/>
						<String ID="P9_ST00249" HPOS="2129" VPOS="2978" WIDTH="371" HEIGHT="75" CONTENT="unbedingten" WC="0.99" CC="60730010504"/>
						<SP ID="P9_SP00222" HPOS="2500" VPOS="3056" WIDTH="40"/>
						<String ID="P9_ST00250" HPOS="2540" VPOS="2977" WIDTH="131" HEIGHT="60" CONTENT="Zu**" WC="0.99" CC="0600"/>
					</TextLine>
					<TextLine ID="P9_TL00029" HPOS="454" VPOS="3070" WIDTH="2215" HEIGHT="77">
						<String ID="P9_ST00251" HPOS="454" VPOS="3070" WIDTH="378" HEIGHT="77" CONTENT="verlässigkeit" WC="0.89" CC="0046000000002"/>
						<SP ID="P9_SP00223" HPOS="832" VPOS="3147" WIDTH="55"/>
						<String ID="P9_ST00252" HPOS="887" VPOS="3070" WIDTH="110" HEIGHT="61" CONTENT="ihm" WC="0.96" CC="370"/>
						<SP ID="P9_SP00224" HPOS="997" VPOS="3147" WIDTH="59"/>
						<String ID="P9_ST00253" HPOS="1056" VPOS="3071" WIDTH="180" HEIGHT="60" CONTENT="dieser" WC="0.99" CC="050006"/>
						<SP ID="P9_SP00225" HPOS="1236" VPOS="3147" WIDTH="55"/>
						<String ID="P9_ST00254" HPOS="1291" VPOS="3074" WIDTH="247" HEIGHT="73" CONTENT="gegeben" WC="0.99" CC="0400700"/>
						<SP ID="P9_SP00226" HPOS="1538" VPOS="3147" WIDTH="57"/>
						<String ID="P9_ST00255" HPOS="1595" VPOS="3072" WIDTH="166" HEIGHT="69" CONTENT="hatte," WC="0.98" CC="700704"/>
						<SP ID="P9_SP00227" HPOS="1761" VPOS="3147" WIDTH="52"/>
						<String ID="P9_ST00256" HPOS="1813" VPOS="3097" WIDTH="95" HEIGHT="35" CONTENT="um" WC="0.80" CC="40"/>
						<SP ID="P9_SP00228" HPOS="1908" VPOS="3147" WIDTH="58"/>
						<String ID="P9_ST00257" HPOS="1966" VPOS="3095" WIDTH="66" HEIGHT="37" CONTENT="so" WC="0.76" CC="04"/>
						<SP ID="P9_SP00229" HPOS="2032" VPOS="3147" WIDTH="51"/>
						<String ID="P9_ST00258" HPOS="2083" VPOS="3080" WIDTH="243" HEIGHT="67" CONTENT="weniger" WC="0.99" CC="0045015"/>
						<SP ID="P9_SP00230" HPOS="2326" VPOS="3147" WIDTH="54"/>
						<String ID="P9_ST00259" HPOS="2380" VPOS="3070" WIDTH="289" HEIGHT="67" CONTENT="vorschoß," WC="0.99" CC="056007504"/>
					</TextLine>
					<TextLine ID="P9_TL00030" HPOS="452" VPOS="3160" WIDTH="2217" HEIGHT="72">
						<String ID="P9_ST00260" HPOS="452" VPOS="3164" WIDTH="270" HEIGHT="61" CONTENT="während" WC="0.99" CC="0006400"/>
						<SP ID="P9_SP00231" HPOS="722" VPOS="3225" WIDTH="49"/>
						<String ID="P9_ST00261" HPOS="771" VPOS="3187" WIDTH="59" HEIGHT="38" CONTENT="er" WC="0.59" CC="26"/>
						<SP ID="P9_SP00232" HPOS="830" VPOS="3225" WIDTH="49"/>
						<String ID="P9_ST00262" HPOS="879" VPOS="3188" WIDTH="70" HEIGHT="36" CONTENT="an" WC="0.92" CC="01"/>
						<SP ID="P9_SP00233" HPOS="949" VPOS="3225" WIDTH="51"/>
						<String ID="P9_ST00263" HPOS="1000" VPOS="3173" WIDTH="179" HEIGHT="59" CONTENT="einen," WC="0.99" CC="030004"/>
						<SP ID="P9_SP00234" HPOS="1179" VPOS="3232" WIDTH="60"/>
						<String ID="P9_ST00264" HPOS="1239" VPOS="3164" WIDTH="96" HEIGHT="60" CONTENT="der" WC="0.98" CC="005"/>
						<SP ID="P9_SP00235" HPOS="1335" VPOS="3232" WIDTH="48"/>
						<String ID="P9_ST00265" HPOS="1383" VPOS="3188" WIDTH="130" HEIGHT="36" CONTENT="zum" WC="0.95" CC="470"/>
						<SP ID="P9_SP00236" HPOS="1513" VPOS="3232" WIDTH="51"/>
						<String ID="P9_ST00266" HPOS="1564" VPOS="3165" WIDTH="294" HEIGHT="59" CONTENT="erstenmal" WC="0.99" CC="000706036"/>
						<SP ID="P9_SP00237" HPOS="1858" VPOS="3232" WIDTH="52"/>
						<String ID="P9_ST00267" HPOS="1910" VPOS="3174" WIDTH="52" HEIGHT="50" CONTENT="in" WC="0.74" CC="50"/>
						<SP ID="P9_SP00238" HPOS="1962" VPOS="3232" WIDTH="50"/>
						<String ID="P9_ST00268" HPOS="2012" VPOS="3174" WIDTH="208" HEIGHT="50" CONTENT="seinem" WC="1.00" CC="003200"/>
						<SP ID="P9_SP00239" HPOS="2220" VPOS="3232" WIDTH="47"/>
						<String ID="P9_ST00269" HPOS="2267" VPOS="3160" WIDTH="402" HEIGHT="62" CONTENT="Gesichtsfelde" WC="1.00" CC="0203002062600"/>
					</TextLine>
					<TextLine ID="P9_TL00031" HPOS="455" VPOS="3253" WIDTH="2212" HEIGHT="80">
						<String ID="P9_ST00270" HPOS="455" VPOS="3258" WIDTH="259" HEIGHT="68" CONTENT="erschien," WC="0.99" CC="500003534"/>
						<SP ID="P9_SP00240" HPOS="714" VPOS="3326" WIDTH="50"/>
						<String ID="P9_ST00271" HPOS="764" VPOS="3257" WIDTH="86" HEIGHT="59" CONTENT="die" WC="1.00" CC="010"/>
						<SP ID="P9_SP00241" HPOS="850" VPOS="3326" WIDTH="41"/>
						<String ID="P9_ST00272" HPOS="891" VPOS="3279" WIDTH="176" HEIGHT="54" CONTENT="ganze" WC="0.99" CC="00060"/>
						<SP ID="P9_SP00242" HPOS="1067" VPOS="3333" WIDTH="39"/>
						<String ID="P9_ST00273" HPOS="1106" VPOS="3255" WIDTH="277" HEIGHT="60" CONTENT="Barschaft" WC="0.99" CC="437000022"/>
						<SP ID="P9_SP00243" HPOS="1383" VPOS="3333" WIDTH="42"/>
						<String ID="P9_ST00274" HPOS="1425" VPOS="3255" WIDTH="97" HEIGHT="61" CONTENT="des" WC="1.00" CC="000"/>
						<SP ID="P9_SP00244" HPOS="1522" VPOS="3333" WIDTH="42"/>
						<String ID="P9_ST00275" HPOS="1564" VPOS="3257" WIDTH="203" HEIGHT="59" CONTENT="Blickes" WC="0.99" CC="0700720"/>
						<SP ID="P9_SP00245" HPOS="1767" VPOS="3333" WIDTH="51"/>
						<String ID="P9_ST00276" HPOS="1818" VPOS="3255" WIDTH="245" HEIGHT="69" CONTENT="wandte," WC="1.00" CC="0010204"/>
						<SP ID="P9_SP00246" HPOS="2063" VPOS="3333" WIDTH="43"/>
						<String ID="P9_ST00277" HPOS="2106" VPOS="3254" WIDTH="116" HEIGHT="60" CONTENT="und" WC="0.95" CC="650"/>
						<SP ID="P9_SP00247" HPOS="2222" VPOS="3333" WIDTH="47"/>
						<String ID="P9_ST00278" HPOS="2269" VPOS="3264" WIDTH="50" HEIGHT="65" CONTENT="je" WC="1.00" CC="00"/>
						<SP ID="P9_SP00248" HPOS="2319" VPOS="3333" WIDTH="50"/>
						<String ID="P9_ST00279" HPOS="2369" VPOS="3253" WIDTH="265" HEIGHT="59" CONTENT="unverläß" SUBS_TYPE="HypPart1" SUBS_CONTENT="unverläßlicher" WC="0.99" CC="66053700"/>
						<HYP HPOS="2634" VPOS="3253" WIDTH="33" CONTENT="-"/>
					</TextLine>
					<TextLine ID="P9_TL00032" HPOS="457" VPOS="3344" WIDTH="2212" HEIGHT="80">
						<String ID="P9_ST00280" HPOS="457" VPOS="3351" WIDTH="157" HEIGHT="58" CONTENT="licher" SUBS_TYPE="HypPart2" SUBS_CONTENT="unverläßlicher" WC="0.96" CC="667766"/>
						<SP ID="P9_SP00249" HPOS="614" VPOS="3409" WIDTH="40"/>
						<String ID="P9_ST00281" HPOS="654" VPOS="3348" WIDTH="98" HEIGHT="61" CONTENT="der" WC="0.96" CC="045"/>
						<SP ID="P9_SP00250" HPOS="752" VPOS="3409" WIDTH="38"/>
						<String ID="P9_ST00282" HPOS="790" VPOS="3348" WIDTH="256" HEIGHT="76" CONTENT="Neuling" WC="0.98" CC="5347160"/>
						<SP ID="P9_SP00251" HPOS="1046" VPOS="3424" WIDTH="40"/>
						<String ID="P9_ST00283" HPOS="1086" VPOS="3348" WIDTH="103" HEIGHT="60" CONTENT="sich" WC="0.97" CC="3107"/>
						<SP ID="P9_SP00252" HPOS="1189" VPOS="3424" WIDTH="43"/>
						<String ID="P9_ST00284" HPOS="1232" VPOS="3347" WIDTH="296" HEIGHT="70" CONTENT="darstellte," WC="0.99" CC="02601077004"/>
						<SP ID="P9_SP00253" HPOS="1528" VPOS="3424" WIDTH="50"/>
						<String ID="P9_ST00285" HPOS="1578" VPOS="3347" WIDTH="91" HEIGHT="59" CONTENT="ihn" WC="1.00" CC="000"/>
						<SP ID="P9_SP00254" HPOS="1669" VPOS="3424" WIDTH="43"/>
						<String ID="P9_ST00286" HPOS="1712" VPOS="3371" WIDTH="94" HEIGHT="35" CONTENT="um" WC="0.69" CC="60"/>
						<SP ID="P9_SP00255" HPOS="1806" VPOS="3424" WIDTH="42"/>
						<String ID="P9_ST00287" HPOS="1848" VPOS="3370" WIDTH="66" HEIGHT="36" CONTENT="so" WC="0.81" CC="03"/>
						<SP ID="P9_SP00256" HPOS="1914" VPOS="3424" WIDTH="42"/>
						<String ID="P9_ST00288" HPOS="1956" VPOS="3345" WIDTH="399" HEIGHT="75" CONTENT="bereitwilliger" WC="0.99" CC="70540200762046"/>
						<SP ID="P9_SP00257" HPOS="2355" VPOS="3424" WIDTH="41"/>
						<String ID="P9_ST00289" HPOS="2396" VPOS="3344" WIDTH="273" HEIGHT="60" CONTENT="bediente." WC="1.00" CC="040000004"/>
					</TextLine>
					<TextLine ID="P9_TL00033" HPOS="457" VPOS="3437" WIDTH="2215" HEIGHT="77">
						<String ID="P9_ST00290" HPOS="457" VPOS="3442" WIDTH="171" HEIGHT="60" CONTENT="Dank" WC="1.00" CC="0000"/>
						<SP ID="P9_SP00258" HPOS="628" VPOS="3502" WIDTH="40"/>
						<String ID="P9_ST00291" HPOS="668" VPOS="3441" WIDTH="179" HEIGHT="61" CONTENT="dieser" WC="0.99" CC="000036"/>
						<SP ID="P9_SP00259" HPOS="847" VPOS="3502" WIDTH="31"/>
						<String ID="P9_ST00292" HPOS="878" VPOS="3439" WIDTH="387" HEIGHT="63" CONTENT="Maßnahmen" WC="1.00" CC="000207000"/>
						<SP ID="P9_SP00260" HPOS="1265" VPOS="3502" WIDTH="41"/>
						<String ID="P9_ST00293" HPOS="1306" VPOS="3464" WIDTH="119" HEIGHT="35" CONTENT="war" WC="0.99" CC="030"/>
						<SP ID="P9_SP00261" HPOS="1425" VPOS="3502" WIDTH="35"/>
						<String ID="P9_ST00294" HPOS="1460" VPOS="3462" WIDTH="58" HEIGHT="37" CONTENT="es" WC="1.00" CC="00"/>
						<SP ID="P9_SP00262" HPOS="1518" VPOS="3502" WIDTH="43"/>
						<String ID="P9_ST00295" HPOS="1561" VPOS="3438" WIDTH="109" HEIGHT="61" CONTENT="ihm" WC="1.00" CC="000"/>
						<SP ID="P9_SP00263" HPOS="1670" VPOS="3502" WIDTH="41"/>
						<String ID="P9_ST00296" HPOS="1711" VPOS="3438" WIDTH="222" HEIGHT="61" CONTENT="letzthin" WC="0.99" CC="00375000"/>
						<SP ID="P9_SP00264" HPOS="1933" VPOS="3502" WIDTH="35"/>
						<String ID="P9_ST00297" HPOS="1968" VPOS="3447" WIDTH="175" HEIGHT="67" CONTENT="einige" WC="0.99" CC="010600"/>
						<SP ID="P9_SP00265" HPOS="2143" VPOS="3514" WIDTH="33"/>
						<String ID="P9_ST00298" HPOS="2176" VPOS="3437" WIDTH="161" HEIGHT="60" CONTENT="Male" WC="0.99" CC="0031"/>
						<SP ID="P9_SP00266" HPOS="2337" VPOS="3514" WIDTH="41"/>
						<String ID="P9_ST00299" HPOS="2378" VPOS="3437" WIDTH="294" HEIGHT="75" CONTENT="gelungen," WC="0.99" CC="006400004"/>
					</TextLine>
					<TextLine ID="P9_TL00034" HPOS="457" VPOS="3528" WIDTH="2217" HEIGHT="82">
						<String ID="P9_ST00300" HPOS="457" VPOS="3560" WIDTH="72" HEIGHT="36" CONTENT="an" WC="1.00" CC="00"/>
						<SP ID="P9_SP00267" HPOS="529" VPOS="3596" WIDTH="40"/>
						<String ID="P9_ST00301" HPOS="569" VPOS="3536" WIDTH="236" HEIGHT="69" CONTENT="Leuten," WC="0.99" CC="0205004"/>
						<SP ID="P9_SP00268" HPOS="805" VPOS="3605" WIDTH="44"/>
						<String ID="P9_ST00302" HPOS="849" VPOS="3535" WIDTH="86" HEIGHT="61" CONTENT="die" WC="0.99" CC="020"/>
						<SP ID="P9_SP00269" HPOS="935" VPOS="3605" WIDTH="41"/>
						<String ID="P9_ST00303" HPOS="976" VPOS="3533" WIDTH="204" HEIGHT="61" CONTENT="andere" WC="0.99" CC="000060"/>
						<SP ID="P9_SP00270" HPOS="1180" VPOS="3605" WIDTH="36"/>
						<String ID="P9_ST00304" HPOS="1216" VPOS="3532" WIDTH="597" HEIGHT="78" CONTENT="Schutzmannsposten" WC="1.00" CC="20700500560020400"/>
						<SP ID="P9_SP00271" HPOS="1813" VPOS="3610" WIDTH="41"/>
						<String ID="P9_ST00305" HPOS="1854" VPOS="3531" WIDTH="81" HEIGHT="60" CONTENT="als" WC="0.98" CC="040"/>
						<SP ID="P9_SP00272" HPOS="1935" VPOS="3610" WIDTH="43"/>
						<String ID="P9_ST00306" HPOS="1978" VPOS="3530" WIDTH="277" HEIGHT="61" CONTENT="harmlose" WC="0.99" CC="04706000"/>
						<SP ID="P9_SP00273" HPOS="2255" VPOS="3610" WIDTH="34"/>
						<String ID="P9_ST00307" HPOS="2289" VPOS="3528" WIDTH="385" HEIGHT="63" CONTENT="Schlendriane" WC="1.00" CC="500700043000"/>
					</TextLine>
					<TextLine ID="P9_TL00035" HPOS="457" VPOS="3621" WIDTH="2218" HEIGHT="85">
						<String ID="P9_ST00308" HPOS="457" VPOS="3638" WIDTH="237" HEIGHT="68" CONTENT="passiert" WC="0.99" CC="02023064"/>
						<SP ID="P9_SP00274" HPOS="694" VPOS="3706" WIDTH="39"/>
						<String ID="P9_ST00309" HPOS="733" VPOS="3627" WIDTH="202" HEIGHT="70" CONTENT="hatten," WC="0.99" CC="0006041"/>
						<SP ID="P9_SP00275" HPOS="935" VPOS="3706" WIDTH="32"/>
						<String ID="P9_ST00310" HPOS="967" VPOS="3626" WIDTH="315" HEIGHT="61" CONTENT="Merkmale" WC="1.00" CC="00000003"/>
						<SP ID="P9_SP00276" HPOS="1282" VPOS="3706" WIDTH="42"/>
						<String ID="P9_ST00311" HPOS="1324" VPOS="3635" WIDTH="148" HEIGHT="51" CONTENT="einer" WC="0.98" CC="03016"/>
						<SP ID="P9_SP00277" HPOS="1472" VPOS="3706" WIDTH="40"/>
						<String ID="P9_ST00312" HPOS="1512" VPOS="3626" WIDTH="336" HEIGHT="60" CONTENT="versteckten" WC="1.00" CC="00600307000"/>
						<SP ID="P9_SP00278" HPOS="1848" VPOS="3706" WIDTH="33"/>
						<String ID="P9_ST00313" HPOS="1881" VPOS="3624" WIDTH="343" HEIGHT="75" CONTENT="Aufregung" WC="0.99" CC="070600500"/>
						<SP ID="P9_SP00279" HPOS="2224" VPOS="3706" WIDTH="39"/>
						<String ID="P9_ST00314" HPOS="2263" VPOS="3645" WIDTH="74" HEIGHT="37" CONTENT="zu" WC="0.67" CC="60"/>
						<SP ID="P9_SP00280" HPOS="2337" VPOS="3706" WIDTH="41"/>
						<String ID="P9_ST00315" HPOS="2378" VPOS="3621" WIDTH="297" HEIGHT="69" CONTENT="erkennen," WC="0.99" CC="050453040"/>
					</TextLine>
					<TextLine ID="P9_TL00036" HPOS="460" VPOS="3713" WIDTH="2217" HEIGHT="85">
						<String ID="P9_ST00316" HPOS="460" VPOS="3730" WIDTH="80" HEIGHT="51" CONTENT="sie" WC="0.98" CC="050"/>
						<SP ID="P9_SP00281" HPOS="540" VPOS="3781" WIDTH="42"/>
						<String ID="P9_ST00317" HPOS="582" VPOS="3720" WIDTH="164" HEIGHT="61" CONTENT="durch" WC="0.97" CC="06607"/>
						<SP ID="P9_SP00282" HPOS="746" VPOS="3781" WIDTH="33"/>
						<String ID="P9_ST00318" HPOS="779" VPOS="3720" WIDTH="209" HEIGHT="61" CONTENT="Winke" WC="1.00" CC="00000"/>
						<SP ID="P9_SP00283" HPOS="988" VPOS="3781" WIDTH="35"/>
						<String ID="P9_ST00319" HPOS="1023" VPOS="3718" WIDTH="518" HEIGHT="80" CONTENT="patrouillierenden" WC="1.00" CC="00063007600500030"/>
						<SP ID="P9_SP00284" HPOS="1541" VPOS="3798" WIDTH="33"/>
						<String ID="P9_ST00320" HPOS="1574" VPOS="3716" WIDTH="357" HEIGHT="61" CONTENT="Kameraden" WC="1.00" CC="000560000"/>
						<SP ID="P9_SP00285" HPOS="1931" VPOS="3798" WIDTH="42"/>
						<String ID="P9_ST00321" HPOS="1973" VPOS="3740" WIDTH="73" HEIGHT="36" CONTENT="zu" WC="0.47" CC="45"/>
						<SP ID="P9_SP00286" HPOS="2046" VPOS="3798" WIDTH="33"/>
						<String ID="P9_ST00322" HPOS="2079" VPOS="3715" WIDTH="327" HEIGHT="61" CONTENT="bezeichnen" WC="1.00" CC="7000000305"/>
						<SP ID="P9_SP00287" HPOS="2406" VPOS="3798" WIDTH="43"/>
						<String ID="P9_ST00323" HPOS="2449" VPOS="3713" WIDTH="115" HEIGHT="60" CONTENT="und" WC="0.98" CC="500"/>
						<SP ID="P9_SP00288" HPOS="2564" VPOS="3798" WIDTH="41"/>
						<String ID="P9_ST00324" HPOS="2605" VPOS="3735" WIDTH="72" HEIGHT="38" CONTENT="zu" WC="0.38" CC="65"/>
					</TextLine>
					<TextLine ID="P9_TL00037" HPOS="461" VPOS="3804" WIDTH="2218" HEIGHT="81">
						<String ID="P9_ST00325" HPOS="461" VPOS="3813" WIDTH="242" HEIGHT="71" CONTENT="erleben," WC="0.99" CC="06607003"/>
						<SP ID="P9_SP00289" HPOS="703" VPOS="3884" WIDTH="44"/>
						<String ID="P9_ST00326" HPOS="747" VPOS="3814" WIDTH="107" HEIGHT="60" CONTENT="daß" WC="1.00" CC="000"/>
						<SP ID="P9_SP00290" HPOS="854" VPOS="3884" WIDTH="43"/>
						<String ID="P9_ST00327" HPOS="897" VPOS="3814" WIDTH="104" HEIGHT="60" CONTENT="sich" WC="0.98" CC="0307"/>
						<SP ID="P9_SP00291" HPOS="1001" VPOS="3884" WIDTH="43"/>
						<String ID="P9_ST00328" HPOS="1044" VPOS="3813" WIDTH="87" HEIGHT="61" CONTENT="die" WC="0.98" CC="013"/>
						<SP ID="P9_SP00292" HPOS="1131" VPOS="3884" WIDTH="40"/>
						<String ID="P9_ST00329" HPOS="1171" VPOS="3813" WIDTH="353" HEIGHT="60" CONTENT="Betroffenen" WC="0.99" CC="00473760001"/>
						<SP ID="P9_SP00293" HPOS="1524" VPOS="3884" WIDTH="42"/>
						<String ID="P9_ST00330" HPOS="1566" VPOS="3810" WIDTH="87" HEIGHT="61" CONTENT="bei" WC="0.97" CC="701"/>
						<SP ID="P9_SP00294" HPOS="1653" VPOS="3884" WIDTH="30"/>
						<String ID="P9_ST00331" HPOS="1683" VPOS="3809" WIDTH="249" HEIGHT="76" CONTENT="Prüfung" WC="0.99" CC="2705600"/>
						<SP ID="P9_SP00295" HPOS="1932" VPOS="3885" WIDTH="42"/>
						<String ID="P9_ST00332" HPOS="1974" VPOS="3808" WIDTH="81" HEIGHT="61" CONTENT="als" WC="0.97" CC="060"/>
						<SP ID="P9_SP00296" HPOS="2055" VPOS="3885" WIDTH="42"/>
						<String ID="P9_ST00333" HPOS="2097" VPOS="3808" WIDTH="255" HEIGHT="77" CONTENT="gesuchte" WC="0.99" CC="00050750"/>
						<SP ID="P9_SP00297" HPOS="2352" VPOS="3885" WIDTH="32"/>
						<String ID="P9_ST00334" HPOS="2384" VPOS="3804" WIDTH="295" HEIGHT="62" CONTENT="Übeltäter" WC="0.99" CC="273700006"/>
					</TextLine>
					<TextLine ID="P9_TL00038" HPOS="460" VPOS="3902" WIDTH="2219" HEIGHT="79">
						<String ID="P9_ST00335" HPOS="460" VPOS="3904" WIDTH="439" HEIGHT="64" CONTENT="herausstellten." WC="0.99" CC="706250030672004"/>
						<SP ID="P9_SP00298" HPOS="899" VPOS="3968" WIDTH="61"/>
						<String ID="P9_ST00336" HPOS="960" VPOS="3904" WIDTH="141" HEIGHT="61" CONTENT="Und" WC="0.96" CC="650"/>
						<SP ID="P9_SP00299" HPOS="1101" VPOS="3968" WIDTH="47"/>
						<String ID="P9_ST00337" HPOS="1148" VPOS="3928" WIDTH="68" HEIGHT="37" CONTENT="so" WC="0.71" CC="05"/>
						<SP ID="P9_SP00300" HPOS="1216" VPOS="3968" WIDTH="49"/>
						<String ID="P9_ST00338" HPOS="1265" VPOS="3903" WIDTH="233" HEIGHT="78" CONTENT="geschah" WC="1.00" CC="0000700"/>
						<SP ID="P9_SP00301" HPOS="1498" VPOS="3981" WIDTH="49"/>
						<String ID="P9_ST00339" HPOS="1547" VPOS="3926" WIDTH="59" HEIGHT="38" CONTENT="es" WC="1.00" CC="00"/>
						<SP ID="P9_SP00302" HPOS="1606" VPOS="3981" WIDTH="59"/>
						<String ID="P9_ST00340" HPOS="1665" VPOS="3927" WIDTH="70" HEIGHT="36" CONTENT="an" WC="0.70" CC="50"/>
						<SP ID="P9_SP00303" HPOS="1735" VPOS="3981" WIDTH="51"/>
						<String ID="P9_ST00341" HPOS="1786" VPOS="3902" WIDTH="208" HEIGHT="61" CONTENT="diesem" WC="1.00" CC="000030"/>
						<SP ID="P9_SP00304" HPOS="1994" VPOS="3981" WIDTH="47"/>
						<String ID="P9_ST00342" HPOS="2041" VPOS="3902" WIDTH="252" HEIGHT="76" CONTENT="Morgen" WC="0.98" CC="067002"/>
						<SP ID="P9_SP00305" HPOS="2293" VPOS="3981" WIDTH="48"/>
						<String ID="P9_ST00343" HPOS="2341" VPOS="3923" WIDTH="105" HEIGHT="37" CONTENT="vor" WC="0.97" CC="006"/>
						<SP ID="P9_SP00306" HPOS="2446" VPOS="3981" WIDTH="56"/>
						<String ID="P9_ST00344" HPOS="2502" VPOS="3907" WIDTH="177" HEIGHT="53" CONTENT="seiner" WC="0.98" CC="002426"/>
					</TextLine>
				</TextBlock>
			</PrintSpace>
		</Page>
	</Layout>
</alto>
