3240 4572
665 452 62 50 28

1323 461 165 49 Emife
1704 462 89 56 Zola,
1794 463 78 61 Briefe
1900 484 66 30 an
2006 465 238 52 Cezanne

668 664 88 51 ein
806 658 231 62 schönes
1081 661 151 61 Ideal
1281 664 238 60 schaffen
1570 665 117 60 und
1734 667 267 61 vielleicht
2052 670 149 61 dann
2243 682 210 52 meiner
2493 675 277 78 Aufgabe
2810 701 67 54 ge-

665 752 259 61 wachsen
966 763 136 53 sein.
1148 757 197 61 Wenn
1388 759 75 60 ich
1506 758 183 62 dieses
1731 762 148 59 Buch
1921 764 262 73 schreibe,
2223 767 113 61 will
2387 769 75 60 ich
2507 794 59 36 es
2609 771 108 61 auf
2748 772 165 76 jeden

663 842 127 62 Fall
833 862 113 45 erst
986 856 55 52 in
1083 848 109 62 den
1234 851 240 61 schönen
1507 847 198 82 Tagen
1748 853 292 79 beginnen.
2084 858 176 63 Halte
2301 862 76 59 ich
2420 885 60 38 es
2515 862 101 62 des
2650 863 228 64 Erschei-

665 961 139 38 nens
848 940 91 61 für
980 959 159 54 wert,
1182 969 67 35 so
1291 945 112 61 will
1445 947 75 59 ich
1564 970 60 38 es
1659 948 107 60 Dir
1799 950 266 72 widmen.
2099 954 126 71 Dir,
2268 955 99 61 der
2400 956 100 61 Du
2543 981 60 37 es
2645 959 268 62 vielleicht

663 1030 195 63 besser
897 1036 228 60 machen
1165 1037 254 61 würdest
1460 1039 81 61 als
1585 1041 95 70 ich,
1722 1065 167 37 wenn
1925 1044 102 61 Du
2070 1068 59 38 es
2171 1048 282 62 schreiben
2486 1050 264 74 wolltest.
2785 1053 125 71 Dir,

663 1125 205 62 dessen
910 1129 158 61 Herz
1107 1140 197 69 jünger
1345 1133 118 61 und
1503 1144 243 52 wärmer
1786 1145 70 52 ist
1897 1138 83 62 als
2023 1139 101 62 das
2166 1150 200 54 meine.

737 1219 166 61 Mein
944 1222 161 60 Brief
1144 1225 209 60 wächst
1400 1249 93 49 an,
1544 1227 136 62 aber
1727 1229 173 61 leider
1939 1232 143 61 wird
2132 1257 60 37 er
2241 1237 140 59 nicht
2421 1237 130 62 sehr
2590 1237 191 65 heiter.
2825 1241 83 61 Ich

660 1313 211 72 wollte,
920 1317 77 58 ich
1047 1316 148 63 hätte
1243 1319 108 60 Dir
1400 1337 179 46 etwas
1629 1323 145 61 recht
1821 1324 260 79 Lustiges
2132 1329 362 73 mitzuteilen,
2551 1333 357 78 irgendeinen

659 1404 247 64 heiteren
950 1408 226 73 Streich,
1218 1411 99 62 der
1350 1413 138 60 Dich
1530 1440 132 36 zum
1703 1417 218 61 Lachen
1963 1418 196 79 bringt.
2203 1422 168 61 Aber
2411 1423 75 61 da
2527 1426 76 60 ich
2645 1427 260 78 nirgends

656 1498 257 79 hingehe,
961 1502 183 62 kenne
1191 1506 76 60 ich
1318 1506 90 62 die
1455 1509 347 77 Begebnisse
1850 1512 100 61 der
1997 1514 356 63 Außenwelt
2401 1543 106 37 nur
2555 1530 187 70 wenig
2791 1523 117 60 und

656 1592 148 61 kann
847 1596 133 60 mich
1023 1620 107 37 nur
1171 1599 212 62 darauf
1414 1601 395 75 beschränken.
1842 1606 108 60 Dir
1983 1606 103 63 das
2121 1611 361 73 mitzuteilen,
2517 1638 123 37 was
2682 1614 90 62 bei
2805 1627 103 50 mir

656 1686 117 60 und
815 1712 96 37 um
953 1690 134 60 mich
1130 1690 197 62 herum
1369 1695 252 78 vorgeht.
1667 1698 307 72 Verzeihe,
2015 1726 169 37 wenn
2227 1704 106 61 sich
2367 1714 183 54 meine
2585 1707 320 63 Gedanken

655 1779 165 62 dabei
878 1790 88 53 ein
1024 1793 187 69 wenig
1266 1787 353 80 verhaspeln.
1671 1790 154 63 Was
1883 1793 107 61 soll
2047 1796 75 59 ich
2174 1796 366 81 hinzufügen,
2598 1825 95 37 um
2752 1802 155 63 diese

651 1873 224 79 Epistel
924 1876 177 62 heiter
1148 1904 76 35 zu
1275 1881 303 63 schließen?
1628 1884 120 63 Soll
1799 1887 75 60 ich
1917 1887 140 62 Dich
2099 1901 330 69 ermutigen,
2480 1893 102 63 das
2623 1896 284 63 Bollwerk

652 1990 75 37 zu
770 1968 275 63 nehmen?
1088 1971 168 62 Oder
1298 1975 105 59 soll
1445 1977 76 59 ich
1555 1977 110 61 Dir
1703 2003 137 36 vom
1874 1980 282 63 Zeichnen
2198 1985 140 61 oder
2377 2010 117 37 von
2529 1987 100 61 der
2659 1989 245 63 Malerei

656 2062 295 76 sprechen?
999 2064 448 64 Verwünschtes
1498 2069 305 64 Bollwerk!
1855 2074 376 64 Verdammte
2281 2078 269 63 Malerei!
2602 2081 126 63 Das
2780 2094 124 53 eine

650 2155 143 60 wird
835 2179 136 38 vom
1016 2158 452 64 Geschützfeuer
1508 2163 259 75 bedroht,
1809 2166 102 63 das
1954 2169 210 62 andere
2203 2196 137 36 vom
2381 2175 330 63 väterlichen
2753 2179 151 61 Ein*

649 2250 196 76 spruch
896 2251 499 81 niedergerungen.
1451 2255 189 64 Gehst
1681 2259 100 62 Du
1833 2262 110 61 den
1994 2272 161 53 einen
2189 2264 178 80 Weg,
2415 2269 112 60 ruft
2566 2269 109 63 Dir
2715 2272 188 63 Deine

646 2339 399 81 Mutlosigkeit
1092 2370 99 38 zu;
1247 2348 180 61 »Hier
1475 2349 178 64 darfst
1693 2353 101 61 Du
1845 2356 140 61 nicht
2033 2359 258 61 weiter!«
2345 2359 223 64 Greifst
2616 2363 101 62 Du
2767 2367 133 60 nach

650 2433 128 62 dem
819 2436 204 73 Pinsel,
1065 2457 125 60 sagt
1230 2441 153 62 Dein
1417 2443 209 62 Vater;
1675 2446 212 73 »Kind,
1929 2450 175 72 Kind,
2147 2451 183 63 denke
2371 2479 72 37 an
2488 2456 88 62 die
2617 2457 279 64 Zukunft:

645 2527 118 62 Mit
797 2530 191 63 Genie
1027 2532 345 80 verhungert
1412 2561 151 47 man,
1606 2540 117 61 und
1765 2551 99 51 mit
1898 2542 155 63 Geld
2095 2544 149 63 kann
2287 2570 131 38 man
2461 2552 230 60 essen!«
2734 2552 166 63 Mein

646 2621 163 72 Gott,
858 2635 149 51 mein
1051 2626 161 74 Gott,
1265 2653 184 38 armer
1491 2632 301 64 Cezanne!
1845 2636 127 63 Das
2014 2639 194 61 Leben
2259 2649 70 53 ist
2378 2652 124 54 eine
2550 2645 208 79 Kugel,
2810 2648 90 62 die

645 2716 139 60 nicht
825 2725 197 55 immer
1064 2719 222 62 dorthin
1328 2723 146 72 rollt,
1516 2725 193 62 wohin
1751 2752 131 38 man
1924 2739 81 52 sie
2047 2730 198 64 lenken
2287 2735 230 63 möchte.

721 2809 83 61 Ich
851 2810 200 64 drücke
1084 2813 108 61 Dir
1234 2814 89 62 die
1365 2817 192 62 Hand,
1604 2819 256 64 Schreibe
1901 2832 103 52 mir
2044 2824 97 62 oft.

2278 2922 155 62 Dein
2475 2923 235 64 Freund

2578 3050 73 63 E,
2697 3052 192 63 Zola,

2190 3251 159 56 Paris,
2386 3259 77 44 16.
2491 3254 214 60 Januar
2735 3262 144 45 1860
2881 3295 12 13 .

1012 3328 190 61 Mein
1244 3330 212 63 lieber
1498 3334 351 73 Cezanne,

712 3466 98 61 Da
859 3468 77 59 ich
986 3471 134 58 mich
1172 3480 72 52 im
1294 3472 223 62 Besitze
1567 3475 100 60 der
1718 3500 269 41 enormen
2038 3480 237 64 Summe
2315 3509 118 37 von
2474 3487 77 60 20
2594 3488 296 65 Centimes

633 3558 136 63 sehe
812 3560 117 61 und
972 3563 140 60 nicht
1151 3566 167 70 weiß,
1360 3576 112 52 wie
1512 3568 76 60 ich
1630 3579 83 52 sie
1753 3572 221 78 würdig
2015 3576 347 62 verwenden
2404 3580 124 71 soll,
2571 3580 179 63 denke
2792 3585 97 71 ich,

633 3651 110 62 daß
784 3662 83 53 sie
906 3656 210 76 gerade
1158 3657 91 61 für
1290 3669 162 52 einen
1487 3662 160 60 Brief
1679 3688 73 35 an
1786 3665 139 61 Dich
1967 3670 213 60 reichen
2222 3671 159 61 wird.
2425 3673 83 61 Ich
2551 3675 112 60 will
2705 3688 183 52 meine

630 3755 120 51 vier
798 3748 193 62 Seiten
1049 3753 284 61 ausfüllen
1392 3755 116 61 und
1558 3756 212 73 werde,
1820 3769 110 52 wie
1982 3760 161 73 Gott,
2202 3764 81 61 als
2335 3788 61 38 er
2444 3767 91 62 die
2575 3768 163 63 Welt
2795 3796 94 38 er*

633 3840 238 64 schaffen
917 3843 166 73 hatte,
1125 3848 297 62 ausrufen:
1470 3850 179 61 »Und
1691 3876 60 37 es
1794 3878 122 36 war
1954 3858 163 74 gut!«

711 3934 82 60 Ich
835 3936 117 62 lese
994 3938 194 64 Dante
1230 3942 118 60 und
1390 3942 148 62 habe
1579 3953 74 52 im
1696 3946 216 63 fünften
1949 3948 240 80 Gesang
2230 3952 100 62 der
2368 3955 177 63 Hölle
2587 3957 299 78 folgenden
