3232 4572
1327 478 478 51 Inßaftsverzeicßnis

2630 476 54 53 V

2423 618 93 38 Heft
2578 619 100 38 Seite

454 680 153 49 Emile
640 680 279 56 Verhaeren,
955 681 89 50 Die
1075 681 375 50 Abendstunden
1484 681 254 56 (übersetzt
1768 699 96 32 von
1897 680 113 51 Paul
2043 680 144 56 Zech>
2237 698 11 30 :
2345 696 11 32 :
2437 681 61 48 111
2593 681 93 48 234

458 758 153 50 Franz
646 758 197 59 Werfel,
877 760 140 48 Neue
1051 758 242 51 Gedichte:

1728 818 10 8 %

575 836 201 49 Hekuba
825 852 1527 35 :::::::::::::::
2448 835 54 49 V
2594 835 91 49 433

575 915 145 48 Eines
758 913 123 50 alten
914 913 192 51 Lehrers
1138 915 189 49 Stimme
1361 921 61 43 im
1454 912 174 52 Traum
1693 931 660 33 :::::::
2447 915 55 48 V
2593 913 94 47 434

576 993 91 49 Die
700 992 274 50 Prozession
1040 1009 1311 33 :::::::::::::
2447 992 55 48 V
2593 991 92 48 435

575 1070 100 49 Der
706 1070 123 48 Held
932 1086 1417 34 ::::::::::::::
2447 1068 52 50 V
2592 1068 95 49 436

575 1147 98 51 Der
706 1160 109 48 gute
848 1148 192 50 Mensch
2447 1146 52 49 V
2593 1146 92 48 437

576 1227 101 50 Das
712 1227 189 61 Jenseits
2447 1225 53 49 V
2594 1225 92 48 438

574 1306 94 48 Ein
701 1303 352 63 Abendgesang
1145 1321 1207 33 ::::::::::::
2448 1302 54 50 V
2594 1301 93 49 439

574 1381 406 62 TempeNTraum
1636 1400 979 34 ::::::::::
2616 1380 71 48 440

574 1461 485 62 Mitternachtsspruch
2447 1458 53 50 V
2594 1457 88 50 441

448 1538 156 50 Franz
639 1540 195 61 Werfel,
870 1540 134 48 Zwei
1039 1540 139 49 Oden
1211 1540 96 49 und
1338 1545 73 44 ein
1445 1540 131 50 Lied:

571 1616 380 49 Unsterblichkeit
1046 1632 1308 35 :::::::::::::
2481 1614 18 50 I
2626 1613 61 48 78

575 1693 170 48 Näher
776 1698 119 45 mein
931 1693 124 50 Gott
2481 1693 18 48 I
2626 1692 61 48 79

574 1771 93 48 Ein
700 1771 110 49 Lied
936 1788 1415 32 ::::::::::::::
2478 1771 17 47 I
2625 1771 61 47 80

448 1847 152 49 Franz
625 1849 195 56 Werfel,
853 1849 90 50 Die
975 1849 344 50 Unverlassene
1368 1867 10 29 ;
1475 1866 12 32 :
1583 1866 11 30 :
1693 1867 9 31 :
1801 1867 9 31 :
1907 1867 10 31 :
2015 1867 10 29 :
2123 1867 10 29 :
2231 1866 10 30 :
2340 1866 11 30 :
2456 1848 39 48 II
2596 1847 89 48 188

447 1926 124 49 Kurt
597 1927 327 57 Wolfenstein,
957 1928 290 48 Aufwachen
1366 1943 983 33 ::::::::::
2422 1926 73 49 VI
2591 1926 87 47 621

448 2003 112 50 Paul
594 2004 140 58 Zech,
767 2004 98 50 Der
899 2006 187 48 Blassen
1121 2004 207 50 Blonden
1362 2009 46 45 in
1441 2004 80 50 der
1550 2006 150 49 Ferne
1797 2020 551 34 ::::::
2453 2003 40 48 II
2594 2003 91 48 178

573 2082 132 51 Siehe
738 2083 111 50 auch
882 2083 152 50 Emile
1067 2083 284 50 Verhaeren,

1521 2267 89 64 111.

1202 2372 721 69 DRAMATISCHES

449 2501 202 49 Herbert
684 2501 280 62 Eulenberg,
997 2503 144 60 Krieg
1173 2502 104 50 dem
1312 2502 155 62 Krieg.
1509 2503 121 50 Eine
1663 2503 279 61 bürgerliche
1973 2502 306 62 Begebenheit
2312 2509 47 43 in

635 2585 146 44 einem
815 2580 159 49 Aktus
1040 2597 1318 33 :::::::::::::
2478 2581 17 48 I
2622 2581 56 48 31

448 2655 196 50 Eduard
677 2657 277 57 Kehlmann,
989 2657 172 62 Dialog
1192 2676 112 32 vom
1338 2657 120 51 Gral
1581 2675 768 32 ::::::::
2423 2658 74 49 IV
2589 2657 94 50 404

448 2733 293 51 Erik»Ernst
771 2735 282 58 Schwabach,
1089 2736 101 48 Das
1223 2736 306 61 Puppenspiel
1562 2736 80 51 der
1674 2737 153 56 Liebe,
1860 2742 73 45 ein
1964 2736 107 49 Akt
2121 2752 10 31 :
2230 2757 9 28 :
2338 2752 11 32 :
2432 2736 62 48 111
2589 2736 93 48 256

448 2813 154 49 Franz
627 2813 196 59 Werfel,
856 2815 96 48 Der
983 2815 171 49 Besuch
1187 2832 85 32 aus
1307 2815 104 50 dem
1442 2815 218 61 Elysium
2455 2815 39 49 II
2593 2815 88 49 123

1510 3047 104 61 IV.

1336 3155 448 63 EPISCHES

446 3262 154 49 Franz
632 3260 112 59 Blei,
776 3260 274 51 Abenteuer
2451 3265 38 49 II
2591 3265 90 50 152

446 3340 205 50 Kasimir
682 3338 259 58 Edschmid,
974 3340 261 49 Maintonis
1268 3340 235 59 Hochzeit,
1538 3345 100 46 eine
1672 3340 204 51 Novelle
1910 3358 10 32 :
2018 3359 10 30 ;
2126 3359 10 31 :
2234 3361 10 29 ;
2342 3361 11 30 ;
2419 3344 74 48 IV
2587 3344 94 48 347

447 3418 178 51 Rudolf
651 3417 257 58 Leonhard,
942 3418 133 49 Sechs
1108 3418 266 61 Legenden:

573 3495 31 50 I.
639 3495 111 50 Saul
783 3508 135 37 unter
950 3494 87 51 den
1070 3495 259 60 Propheten
1364 3512 989 34 ::::::::::
2420 3499 73 48 IV
2587 3499 92 50 393

571 3575 54 49 11.
661 3575 110 47 Don
802 3574 115 61 Juan
950 3592 87 30 vor
1073 3573 79 49 der
1183 3573 140 51 Hölle
2418 3578 75 48 IV
2588 3578 91 49 393

571 3653 79 49 111.
682 3653 90 48 Die
805 3650 286 61 Erwechung
1124 3650 78 51 des
1237 3650 242 63 Cethegus
2419 3655 75 50 IV
2588 3655 93 50 394

573 3730 85 51 IV.
694 3730 98 50 Der
825 3729 236 50 Wandrer
1094 3729 281 50 Franziskus
1472 3746 10 31 :
1580 3747 10 32 :
1688 3747 10 32 :
1797 3748 10 32 :
1907 3748 9 32 :
2015 3749 10 31 :
2124 3753 9 29 ;
2232 3751 11 30 ;
2295 3776 5 5 .
2342 3751 10 31 :
2419 3734 75 50 IV
2587 3734 94 50 395

570 3809 66 48 V.
670 3809 90 48 Die
792 3806 186 51 Sünden
1011 3806 80 50 des
1124 3806 212 61 Heiligen
1370 3808 154 49 Franz
1554 3827 95 32 von
1683 3809 158 50 Assisi
1906 3827 10 30 :
2015 3828 10 31 :
2124 3828 11 31 :
2232 3828 11 32 :
2344 3829 9 31 :
2420 3812 74 49 IV
2587 3812 95 49 396

573 3885 86 50 VI.
693 3885 240 50 Sebastian
966 3890 61 43 im
1061 3884 201 49 Gestühl
1368 3902 10 31 :
1475 3903 12 32 :
1583 3902 12 31 :
1691 3903 11 32 :
1801 3903 10 33 :
1909 3904 8 32 :
2017 3904 10 32 :
2126 3906 10 31 :
2235 3907 10 30 :
2343 3907 10 30 :
2420 3890 74 49 IV
2587 3889 92 50 397

447 3961 114 54 Paul
592 3963 196 57 Merkel,
820 3961 125 53 siehe
975 3963 128 49 Rene
1133 3961 232 53 Schickele.
1761 4010 18 6 ..
1794 3961 4 59 .
