3324 4572
732 463 63 49 80

1281 468 165 50 Tranz
1483 468 190 61 Werfet,
1708 471 155 49 Zwei
1891 469 146 51 Oden
2071 474 117 47 und
2208 479 76 44 ein
2317 474 138 50 Lied

2426 3691 208 62 Franz
2675 3692 227 78 Werfel

1644 904 169 62 EIN
1852 905 214 61 LIED

1296 1058 168 60 Viele
1503 1058 237 78 Augen,
1779 1070 56 66 ja
1874 1061 164 71 viele.

1298 1150 273 61 Schauten
1614 1160 53 51 in
1709 1146 229 67 Tränen
1982 1178 106 37 uns
2131 1179 72 37 an
2241 1206 9 11 ,
2292 1206 8 11 ,
2342 1206 9 10 .

1296 1244 107 61 Oft
1441 1268 193 38 waren
1676 1254 106 52 wir
1820 1270 68 37 so
1930 1246 363 75 beisammen.

1296 1336 141 61 Und
1477 1336 209 63 lachten
1727 1339 320 62 bewußtlos
2091 1350 74 51 im
2207 1342 188 78 Spiele

1296 1430 141 61 Und
1478 1432 461 62 unverzehrende
1980 1434 296 62 Flammen

1295 1523 227 79 Stiegen
1564 1535 105 50 wir
1709 1550 107 37 uns
1858 1526 189 62 heran.

1293 1695 185 72 Leise,
1521 1696 80 61 oft
1641 1697 174 61 saßen
1856 1707 122 63 wir,
2020 1698 153 72 leise.

1293 1787 104 61 An
1439 1785 235 66 Tischen
1717 1800 98 51 mit
1855 1801 151 52 einer
2047 1792 177 72 Frau,

1293 1881 152 61 Mild
1486 1891 53 53 in
1581 1884 573 63 Konfettisdiladiten.

1296 1974 143 61 Und
1478 1998 61 38 es
1583 1975 350 80 durchzogen
1975 1988 73 51 im
2089 1979 221 71 Kreise,

1295 2067 238 78 Augen,
1573 2069 90 61 die
1705 2095 106 36 uns
1854 2071 321 72 bedachten,

1296 2156 139 66 Tief
1468 2186 170 38 unser
1677 2163 456 64 Herzens-Blau,

1298 2316 233 72 Oliven,
1572 2327 75 51 im
1688 2318 198 73 Silber,
1928 2319 233 72 Oliven,

1295 2408 443 65 Verschwebten
1782 2438 95 35 um
1920 2422 161 52 einen
2123 2415 158 61 Pfad.

1294 2502 114 61 Ein
1450 2504 276 63 Maultier
1765 2506 226 61 wankte
2033 2507 109 61 auf
2175 2507 245 63 Steinen,

1295 2595 145 62 Gott
1472 2598 153 61 warf
1648 2600 108 60 sich
1790 2623 106 38 aus
1931 2610 213 61 seinen,
2177 2626 132 36 zum
2342 2601 269 72 Weinen,

1294 2689 311 64 Unendlich
1646 2694 318 75 geöffneten
2005 2694 172 62 tiefen

1294 2782 216 78 Augen
1552 2786 108 58 auf
1694 2810 105 35 uns
1843 2786 187 60 herab.

1298 2938 106 60 Oft
1445 2939 124 60 sind
1610 2951 121 61 wir,
1771 2951 56 67 ja
1867 2942 124 61 sind
2032 2943 108 60 auf
2173 2942 98 62 der
2312 2943 196 72 Suche,

1296 3031 126 62 Das
1467 3056 105 38 uns
1614 3033 310 62 Entwallte
1964 3059 74 36 zu
2080 3036 250 72 wahren.

1295 3125 112 62 Die
1448 3126 180 79 Berge
1670 3128 115 61 und
1826 3128 251 63 Zimmer
2117 3155 75 36 zu
2234 3131 185 61 halten
2457 3182 9 11 ,
2508 3181 9 12 ,
2559 3182 10 11 ,

1294 3217 151 63 Was
1487 3229 71 52 ist
1599 3245 105 37 uns
1746 3222 109 61 auf
1888 3222 201 61 einmal
2130 3224 193 71 bereit.

1293 3311 113 63 Die
1449 3313 310 63 Sehnsucht
1798 3318 133 58 nach
1973 3316 129 61 dem
2145 3316 278 73 Gerüche,

1294 3405 142 63 Von
1478 3408 146 61 sanft
1663 3410 402 77 gewaschenen
2105 3412 256 71 Haaren,

1291 3501 124 61 Der
1455 3502 371 73 Schwestern,
1867 3528 104 37 aus
2014 3530 232 38 unserer
2286 3506 169 71 alten.

1290 3595 136 62 Aus
1469 3619 234 38 unserer
1742 3597 357 62 Kinderzeit?
