3344 4572
769 433 64 50 40

1365 440 223 51 Herßert
1614 442 301 64 Eufenßerg,
1952 446 154 61 Krieg
2137 448 112 49 dem
2277 449 154 62 Krieg

849 636 71 77 Jo
931 637 237 64 (locus:
1227 638 123 65 Öh!
1399 641 203 62 Nimm
1640 643 137 61 Dich
1825 645 131 62 bloß
2006 655 52 53 in
2110 648 135 73 acht.
2286 650 248 79 Jettdien,
2577 652 111 61 daß
2727 654 102 61 Du
2869 656 140 60 nicht

773 730 104 62 das
917 741 200 51 zweite
1160 734 227 61 Gesicht
1427 735 335 63 bekommst!
1806 737 121 64 Öh!

848 824 304 76 Jettdien;
1187 825 139 74 Red,
1361 850 123 39 was
1518 829 100 61 Du
1650 831 183 61 willst!
1867 831 83 61 Ich
1983 833 88 62 laß
2105 835 133 61 mich
2272 836 140 61 nicht
2444 838 155 62 mehr
2632 848 103 53 irre
2769 840 239 64 machen.

770 915 83 60 Idi
902 916 168 78 glaub
1128 942 71 37 an
1241 929 181 52 meine
1463 923 444 80 Vorahnungen.
1959 927 80 61 Im
2081 929 256 61 nächsten
2379 932 281 77 Frühjahr
2698 943 311 69 spätestens

769 1009 131 78 geht
915 1033 28 37 s
968 1010 102 72 los,
1099 1012 100 62 das
1226 1022 69 52 ist
1317 1038 68 37 so
1410 1016 183 72 sicher,
1621 1027 108 52 wie
1747 1019 100 61 Du
1874 1021 166 62 nichts
2058 1046 114 37 von
2200 1024 97 60 der
2312 1024 392 80 Wahrsagerei
2723 1028 285 61 verstehst.

845 1102 321 77 Jodocus:
1226 1106 121 63 Öh!
1405 1108 168 74 Nun,
1615 1111 73 61 da
1739 1112 164 62 holen
1946 1123 103 51 wir
2088 1116 153 60 wohl
2291 1141 92 36 am
2431 1118 195 61 besten
2669 1120 86 61 die
2797 1130 211 52 eiserne

767 1195 262 63 Kassette
1071 1198 185 64 herbei
1298 1210 98 53 mit
1438 1203 107 61 den
1587 1207 238 60 tausend
1857 1203 206 65 Talern
2105 1210 115 60 und
2261 1228 296 44 vertrauen
2599 1221 79 52 sie
2719 1214 98 61 der
2849 1215 158 61 Erde

769 1290 117 61 und
928 1291 127 61 dem
1096 1294 305 63 Birnbaum
1443 1322 89 38 an.
1578 1297 124 64 Öh!

845 1381 306 79 Jettdien:
1198 1386 84 79 Ja!
1326 1389 164 61 Grad
1532 1390 97 61 der
1668 1391 302 61 Birnbaum
2011 1394 103 61 soll
2156 1394 99 61 der
2293 1395 156 62 beste
2490 1397 359 64 Sdiatzhüter
2888 1410 117 53 sein

767 1498 117 38 von
928 1478 142 61 allen
1103 1479 270 75 Bäumen,
1409 1484 100 60 das
1542 1484 146 60 steht
1720 1493 53 52 in
1810 1485 127 61 dem
1971 1487 187 62 dicken
2192 1489 399 64 westfälischen
2618 1493 146 61 Buch
2798 1503 209 52 meiner

769 1568 367 63 Großmutter
1175 1574 164 60 schon
1381 1598 74 37 zu
1495 1576 164 62 lesen,

844 1662 313 76 Jodocus:
1194 1666 120 62 Öh!
1348 1667 195 62 Wenn
1579 1694 58 38 er
1668 1677 338 73 wenigstens
2037 1684 144 52 zwei
2214 1675 243 62 Prozent
2490 1677 71 61 ab
2565 1678 209 61 werfen
2808 1681 197 61 würde

765 1770 131 46 statt
934 1766 180 52 seiner
1156 1758 187 63 faulen
1383 1761 219 64 Blätter.
1646 1765 124 61 Der
1811 1765 284 63 Gottfried
2135 1770 188 76 sprach
2366 1770 166 62 heute
2571 1772 146 61 beim
2759 1772 246 63 Abend«

769 1847 128 63 brot
936 1851 210 61 wieder
1184 1878 136 37 vom
1362 1855 287 62 Heiraten.
1690 1859 152 61 Hast
1881 1860 102 61 Du
2024 1884 59 37 es
2124 1861 138 61 nicht
2302 1864 228 76 gehört?

842 1941 309 78 Jettdien:
1193 1945 81 78 Ja!
1317 1948 121 61 Der
1470 1949 150 62 Herr
1651 1950 158 62 Sohn
1851 1960 70 54 ist
1960 1953 111 62 fast
2109 1978 66 38 so
2215 1955 332 80 leichtsinnig
2587 1968 107 51 wie
2728 1960 98 60 der
2857 1960 150 61 Herr

765 2034 189 64 Vater.
1011 2037 116 62 Mit
1185 2040 127 61 dem
1364 2042 254 63 Gewehr
1672 2045 142 61 wird
1870 2070 129 36 man
2055 2048 92 61 ihn
2205 2051 361 62 verheiraten.
2624 2052 380 63 Dreitausend

764 2127 284 63 Patronen
1082 2131 173 78 kriegt
1288 2157 59 37 er
1380 2136 80 61 als
1490 2136 212 78 Mitgift
1734 2155 128 44 statt
1894 2148 180 52 seiner
2106 2141 224 77 Sophie.
2372 2142 114 62 Mit
2519 2143 128 61 dem
2680 2146 325 62 Feldwebel

764 2222 141 61 wird
948 2246 58 37 er
1047 2223 89 61 die
1175 2226 421 63 Flitterwochen
1636 2231 273 62 verleben,

840 2315 315 77 Jodocus:
1198 2320 86 61 Er
1322 2322 159 61 sollte
1521 2324 189 61 besser
1750 2326 135 60 noch
1921 2343 176 44 etwas
2129 2345 234 56 warten.
2389 2331 101 61 Du
2524 2331 126 62 hast
2681 2333 158 63 recht.
2882 2334 123 62 Der

762 2406 176 80 Krieg
978 2418 69 53 ist
1088 2420 121 53 eine
1249 2437 298 53 grausame
1588 2416 175 63 Sache
1804 2419 132 61 alles
1977 2428 53 52 in
2074 2420 174 62 allem,
2291 2421 121 63 Öh!

837 2501 304 77 Jettdien:
1176 2505 143 62 Sehr
1350 2509 202 79 richtig!
1587 2509 141 62 Und
1761 2536 116 37 wer
1907 2522 133 68 jetzt
2073 2514 246 74 heiratet,
2347 2517 98 61 der
2471 2526 69 53 ist
2565 2518 209 62 ebenso
2799 2519 204 61 wahn«

761 2602 182 71 sinnig
990 2607 109 51 wie
1157 2599 115 73 der,
1322 2602 100 59 der
1465 2612 133 66 jetzt
1650 2604 153 61 Geld
1851 2607 231 61 verleiht
2130 2608 139 61 oder
2318 2611 249 61 unsicher
2608 2611 392 63 herumstehen

761 2688 123 61 läßt.
943 2691 142 61 Hier
1124 2694 143 60 wird
1316 2719 60 38 es
1424 2710 100 64 gut
1566 2698 290 78 deponiert
1895 2710 136 62 sein,
2072 2725 123 38 was
2236 2712 102 52 wir
2379 2705 127 59 dem
2547 2705 211 77 Jungen
2801 2707 202 61 einmal

761 2782 277 78 mitgeben
1057 2786 224 72 wollen,
1298 2811 168 37 wenn
1494 2813 58 36 er
1578 2790 254 78 lebendig
1857 2794 118 59 und
2001 2794 104 60 heil
2131 2818 103 36 aus
2253 2795 127 61 dem
2399 2796 207 78 Kriege
2623 2799 377 62 wiederkehrt,

837 2876 322 76 Jodocus:
1201 2880 83 61 Ich
1326 2882 173 60 werd'
1531 2884 166 61 schon
1739 2885 89 60 für
1870 2886 91 60 ihn
2004 2888 183 72 beten,
2217 2913 120 37 was
2372 2890 76 61 ich
2481 2890 164 62 beten
2679 2893 161 61 kann,
2885 2893 113 63 Öh!

836 2969 307 77 Jettdien:
1193 2974 175 61 Dann
1410 2975 225 62 kratzen
1677 2987 103 52 wir
1820 2979 89 61 die
1950 2980 156 61 Erde
2148 2983 113 71 auf,
2304 2983 151 62 dann
2496 2994 203 52 wissen
2741 2995 119 64 wir,
2904 3012 95 38 wo

760 3061 103 61 das
897 3063 155 61 Geld
1086 3065 220 63 wächst.
1340 3068 257 62 Hernach
1631 3072 141 59 wird
1806 3095 59 38 er
1897 3097 106 37 uns
2036 3074 89 61 die
2157 3075 209 63 Hände
2399 3077 182 62 lecken
2617 3103 105 39 vor
2754 3081 244 72 Freude,

759 3171 148 44 samt
945 3166 182 53 seiner
1168 3159 223 79 Sophie,

834 3249 320 77 Jodocus:
1212 3253 141 62 Und
1394 3256 100 61 Du
1535 3265 155 54 wirst
1735 3258 281 80 großartig
2065 3261 268 62 dastehen
2377 3272 108 52 wie
2526 3265 89 61 die
2657 3265 201 62 Göttin
2900 3266 99 61 der

760 3342 282 65 Weisheit,
1086 3346 123 63 Öh!

832 3436 305 79 Jettdien:
1178 3441 147 62 Nun
1368 3442 188 63 komm
1596 3454 133 69 jetzt
1767 3448 206 61 endlich
2006 3456 98 54 mit
2135 3450 118 60 und
2286 3450 102 61 hilf
2415 3460 103 52 mir
2557 3451 90 61 die
2680 3453 316 62 Eisenkiste

757 3528 313 81 hertragen!
1129 3534 176 62 Sonst
1359 3538 214 76 spuken
1622 3547 103 52 wir
1773 3540 136 61 noch
1960 3550 97 51 mit
2104 3543 242 61 Deinem
2397 3552 215 70 ewigen
2665 3543 194 65 »Öh!«
2911 3550 84 58 bis

756 3622 352 66 Mitternacht
1150 3628 117 62 hier
1307 3630 216 63 herum!

832 3717 319 76 Jodocus:
1195 3722 121 63 Öh!
1358 3723 126 62 Das
1526 3726 247 61 verflixte
1814 3727 171 77 Ding,
2029 3727 73 61 da
2143 3736 68 53 ist
2252 3752 59 38 es
2351 3730 210 60 wieder
2601 3754 393 57 ausgegangen

755 3818 56 52 in
830 3811 98 61 der
945 3813 214 63 Grube.
1185 3816 94 62 Sie
1303 3818 204 61 scheint
1533 3820 134 61 auch
1693 3821 137 61 noch
1856 3844 115 38 von
1998 3822 213 61 Deiner
2229 3822 363 64 Großmutter
2609 3849 72 38 zu
2699 3844 294 56 stammen,

756 3904 151 62 diese
949 3905 347 65 Stallaterne.
1340 3910 123 63 Öh!
