3347 4572
1558 439 136 50 Kurt
1721 437 176 56 Hiffer,
1935 437 101 49 Pro
2037 435 79 61 fog

712 443 66 52 56

1794 639 88 60 111

797 770 269 79 Möglich,
1100 769 109 61 daß
1242 768 119 62 dies
1394 767 147 61 Buch
1574 788 116 38 von
1723 763 243 62 Fehlern
1998 760 297 73 wimmelt,-
2326 758 315 77 anständig,
2674 757 73 60 ich
2783 764 182 52 meine

723 863 286 71 exhibitiv,
1058 873 70 51 ist
1169 886 61 37 es
1273 861 198 77 gewiß.
1522 857 159 80 Jeder
1721 857 139 62 Satz
1899 854 215 61 kommt
2152 877 117 37 von
2309 853 249 60 Herzen,
2609 851 116 60 Ein
2766 849 200 60 Irrtum

723 958 249 70 nämlich,
1014 981 74 37 zu
1121 955 261 78 glauben,
1415 951 360 80 gesammelte
1810 948 292 70 Gedichte,
2135 947 90 61 die
2258 956 88 52 ein
2380 942 588 81 empfindungsseliger

726 1051 274 62 Künstler
1057 1050 194 71 ediert,
1307 1049 228 61 müßten
1593 1061 163 45 unter
1811 1044 145 61 allen
2015 1041 362 62 Umständen
2435 1056 179 45 etwas
2673 1036 297 62 Erlebnis*

727 1144 261 71 hafteres.
1014 1143 400 68 Herzlicheres,
1439 1138 383 63 Innerlicheres
1850 1146 118 52 sein
1994 1135 140 61 oder
2159 1151 180 45 etwas
2368 1130 598 80 »Ursprünglicheres«

728 1239 83 61 als
853 1237 363 78 gesammelte
1255 1238 178 60 Prosa
1472 1243 151 51 eines
1668 1230 372 78 denkseligen.

807 1331 428 76 Ebensowenig
1268 1337 122 52 eine
1424 1327 173 61 Sache
1629 1348 118 37 von
1781 1323 239 61 höherer
2044 1318 456 63 Einheitlichkeit.
2535 1318 149 61 Man
2717 1314 258 64 sammelt

729 1435 56 67 ja
823 1426 141 60 nicht
1004 1425 354 77 Disparates,
1400 1419 245 63 sondern
1677 1417 443 76 Behandlungen
2159 1437 119 38 von
2312 1413 383 78 Disparatem,
2737 1409 90 61 die
2867 1432 107 38 aus

731 1529 153 50 einer
933 1516 330 62 identischen
1306 1513 213 70 Quelle
1568 1512 226 61 flössen.
1844 1511 332 75 Heterogen
2225 1506 126 63 sind
2399 1506 89 61 die
2539 1502 440 80 Gegenstände,-

732 1613 141 59 nicht
914 1611 88 60 die
1046 1610 358 76 Gesinnung,
1452 1607 91 61 die
1584 1615 81 53 sie
1706 1629 74 38 zu
1823 1601 447 80 Gegenständen
2313 1599 192 62 erhob.
2549 1599 88 60 Es
2679 1597 134 61 muß
2854 1606 125 52 ein*

732 1703 366 62 unddieselbe
1138 1713 190 51 innere
1361 1700 420 62 Konstellation
1822 1706 139 61 sein,
1996 1696 90 61 die
2120 1691 514 66 einunddenselben
2667 1691 312 61 Menschen

732 1798 203 60 binnen
983 1806 249 67 weniger
1272 1794 161 79 Jahre
1483 1794 139 60 über
1672 1792 109 61 den
1822 1789 414 78 Kulturbegriff
2278 1786 118 61 und
2436 1784 544 76 Strafrechtsfragen,

733 1892 140 60 über
914 1889 299 63 Selbsthaß
1256 1888 119 61 und
1414 1888 400 78 Empirismus,
1856 1883 140 61 über
2026 1883 192 61 Verse
2252 1880 117 61 und
2401 1880 373 61 Antinomien
2815 1877 169 59 nach*

736 1983 218 63 denken
991 2032 11 14 ,
1141 1983 89 61 die
1279 1982 94 61 ihn
1422 2006 74 37 zu
1547 1976 502 66 einundderselben
2098 1976 134 61 Zeit
2279 1976 362 67 schwärmen,
2683 1969 299 80 schimpfen

737 2077 119 61 und
896 2076 324 61 meditieren
1260 2075 123 61 ließ.
1434 2075 150 61 Man
1629 2070 326 63 »sammelt«
1999 2067 291 79 imgrunde
2330 2066 320 79 überhaupt
2680 2065 168 71 nicht,-
2880 2086 106 37 nur

740 2170 109 61 den
891 2169 429 61 unterirdischen
1353 2165 505 76 Zusammenhang
1898 2164 176 59 macht
2114 2185 131 37 man
2278 2159 233 63 sichtbar
2543 2159 276 61 zwischen
2854 2156 132 62 Ge*

740 2281 295 53 trenntem,
1079 2263 101 61 das
1215 2260 466 80 tiefst*psychisch
1715 2268 89 51 nie
1837 2273 255 62 getrennt
2123 2279 137 37 war.
2304 2254 149 61 Man
2486 2253 155 61 sucht
2673 2260 99 51 mit
2805 2250 182 61 dieser

740 2381 144 54 ganz
934 2355 345 63 äußerlichen
1320 2353 424 80 Manipulation
1792 2350 101 61 des
1941 2348 606 63 Aneinanderrückens
2596 2369 75 37 zu
2721 2343 264 63 erzielen:

742 2452 109 60 daß
877 2449 538 72 Wohlmeinenden,
1448 2448 90 61 die
1571 2447 135 61 aber
1739 2444 187 63 bisher
1958 2468 73 37 an
2063 2443 182 78 jedem
2270 2439 391 79 Einzelgebild
2685 2437 304 63 abstands*

741 2543 86 63 los
872 2543 558 79 entlangspazierten,
1472 2541 207 62 endlich
1721 2538 90 61 die
1852 2537 231 61 Einheit
2123 2533 261 80 aufgehe.

1828 2757 90 61 IV

825 2888 114 59 Die
980 2885 246 62 Einheit,
1277 2883 237 62 Welche
1555 2891 55 52 in
1651 2891 89 51 ein
1784 2880 229 79 System
2055 2902 74 36 zu
2172 2876 210 70 fassen,
2431 2874 117 61 und
2596 2896 157 39 zwar
2801 2880 54 53 in
2905 2879 89 52 ein

747 2982 168 61 schon
957 2979 109 61 auf
1099 2978 99 62 der
1230 2976 203 63 Fläche
1474 2975 82 61 als
1599 2975 211 61 solches
1844 2971 393 70 erkennbares,
2278 2968 116 62 und
2427 2992 157 37 zwar
2615 2966 381 68 beizeiten..,

748 3097 133 37 man
921 3073 140 60 nicht
1102 3095 105 38 aus
1249 3070 217 60 Armut
1505 3067 366 62 verabsäumt
1912 3064 113 71 hat,
2068 3062 244 62 sondern
2352 3084 106 39 aus
2500 3056 339 81 <lingeduld
2880 3054 118 63 und

748 3176 134 60 aus)
922 3164 442 78 Überzeugung,
1418 3162 222 71 Brillen,
1691 3159 115 63 und
1847 3156 347 63 wollustvoll
2236 3154 207 79 gerade
2491 3153 226 70 linkere,
2765 3149 233 62 werden

748 3260 120 62 dies
910 3261 148 60 Buch
1102 3269 97 50 mit
1248 3255 395 64 »Stückwerk«
1687 3253 263 63 anreden.
2004 3252 144 62 Statt
2187 3275 74 37 zu
2303 3248 232 80 prüfen,-
2582 3262 130 46 statt
2760 3244 89 61 die
2897 3266 68 56 ge-

750 3354 218 61 heimen
1002 3354 293 61 Ursachen
1336 3351 140 61 nicht
1516 3374 125 46 nur,
1682 3347 245 63 sondern
1970 3346 135 60 auch
2149 3344 89 60 die
2274 3341 244 63 Gründe
2558 3365 75 36 zu
2667 3338 334 68 erforschen,

751 3472 105 37 aus
900 3448 182 61 denen
1124 3469 61 38 es
1229 3445 90 61 die
1361 3445 198 70 Form,
1599 3443 92 61 die
1733 3465 61 39 es
1837 3440 114 71 hat,
1993 3439 184 61 haben
2220 3436 154 70 muß,
2533 3432 231 61 werden
2806 3440 81 52 sie
2929 3453 72 37 an

752 3540 132 71 ihm,
926 3558 164 43 unter
1128 3538 470 79 Verbeugungen
1637 3559 108 39 vor
1787 3543 181 52 einem
2010 3531 119 61 Idol
2171 3554 117 38 von
2330 3526 397 70 Schriftsteller,
2769 3524 234 61 welcher

754 3636 241 76 zugleich
1028 3633 411 79 Michelangelo
1484 3632 117 61 und
1643 3639 88 52 ein
1764 3629 200 61 Kretin
1998 3636 89 61 ist,
2128 3624 152 62 zirka
2313 3623 89 61 die
2436 3618 353 80 bändigende
2822 3618 183 60 Zucht

756 3728 117 60 und
912 3728 214 60 Wucht
1165 3728 212 77 großen
1422 3725 330 63 Gestaltens
1794 3730 327 53 vermissen.

834 3821 82 58 Ich
966 3820 260 71 schreibe,
1283 3830 111 51 wie
1444 3820 75 59 ich
1571 3816 196 62 denke,
1827 3813 142 61 Wte
2024 3835 116 37 von
2198 3808 311 63 Menschen
2567 3805 229 78 gedacht
2843 3802 160 62 wird.

756 3914 150 59 Man
949 3912 168 63 denkt
1154 3963 8 12 .
1204 3962 9 13 ,
1251 3912 228 73 jawohl,
1521 3937 130 36 man
1695 3907 176 64 denkt
1913 3916 53 51 in
2004 3905 495 61 »Bruchstücken«.
2543 3901 239 61 Bessere
2815 3897 82 62 als
2932 3897 76 62 ich
