3240 4572
654 424 66 50 24

1204 436 165 51 Tranz
1613 438 189 64 Wetfef,
2061 444 155 54 Zwei
1814 446 147 52 Oden
1995 452 117 49 und
2131 459 79 44 ein
2243 455 138 50 Lied

2301 3678 209 65 Franz
2551 3683 228 80 Werfel

1561 877 172 66 EIN
1772 882 212 62 LIED

1211 1027 168 63 Viele
1419 1030 236 80 Augen,
1694 1044 56 68 ja
1790 1038 162 74 viele.

1209 1119 277 65 Schauten
1528 1134 55 51 in
1625 1122 228 68 Tränen
1896 1156 106 38 uns
2045 1159 72 38 an
2155 1184 9 14 .
2205 1187 10 12 ,
2256 1188 10 13 ,

1207 1213 108 61 Oft
1354 1240 193 39 waren
1589 1230 104 52 wir
1734 1246 67 37 so
1843 1223 364 79 beisammen.

1207 1306 141 63 Und
1388 1310 210 63 lachten
1640 1314 320 67 bewußtlos
2003 1330 74 52 im
2120 1324 188 78 Spiele

1207 1400 141 62 Und
1390 1406 461 65 unverzehrende
1891 1413 296 66 Flammen

1204 1493 227 80 Stiegen
1473 1508 105 51 wir
1618 1524 107 38 uns
1767 1502 189 64 heran.

1200 1664 186 74 Leise,
1428 1669 81 60 oft
1547 1672 175 62 saßen
1766 1684 121 63 wir,
1928 1677 154 73 leise.

1198 1758 104 61 An
1344 1757 235 68 Tischen
1621 1776 99 52 mit
1760 1778 152 52 einer
1951 1772 178 74 Frau,

1198 1851 150 62 Mild
1388 1863 54 53 in
1484 1857 574 70 Konfettischladiten,

1198 1945 142 62 Und
1381 1971 61 39 es
1485 1950 350 81 durchzogen
1877 1966 74 52 im
1992 1960 222 74 Kreise,

1195 2039 238 77 Augen,
1475 2043 89 62 die
1607 2069 105 38 uns
1755 2048 323 76 bedachten,

1194 2128 138 66 Tief
1365 2159 171 38 unser
1575 2139 457 69 Herzens^Blau.

1193 2286 232 75 Oliven,
1467 2302 74 52 im
1583 2294 198 75 Silber,
1824 2299 232 74 Oliven,

1188 2380 443 69 Verschwebten
1677 2415 94 36 um
1814 2402 160 53 einen
2016 2397 157 63 Pfad,

1185 2473 116 62 Ein
1343 2477 274 65 Maultier
1658 2484 227 63 wankte
1926 2491 109 58 auf
2068 2491 245 65 Steinen.

1185 2567 146 62 Gott
1362 2573 153 60 warf
1539 2576 107 60 sich
1680 2601 106 37 aus
1821 2590 212 63 seinen,
2066 2609 133 37 zum
2233 2587 270 75 Weinen,

1183 2660 309 66 Unendlich
1533 2671 320 74 geöffneten
1895 2675 170 62 tiefen

1180 2754 217 77 Augen
1439 2760 108 58 auf
1581 2785 106 37 uns
1730 2763 188 63 herab.

1183 2909 108 61 Oft
1330 2912 126 61 sind
1496 2925 121 61 wir,
1658 2929 55 65 ja
1754 2921 125 61 sind
1919 2925 109 60 auf
2060 2925 99 64 der
2200 2929 199 74 Suche,

1179 3001 125 63 Das
1349 3028 105 38 uns
1496 3008 311 66 Entwallte
1848 3039 74 37 zu
1964 3018 251 74 wahren.

1176 3095 113 63 Die
1330 3098 179 80 Berge
1552 3104 117 60 und
1707 3106 255 64 Zimmer
2000 3136 75 37 zu
2117 3114 187 64 halten
2341 3166 10 13 ,
2392 3168 10 12 .
2444 3170 9 12 ,

1175 3188 150 64 Was
1368 3201 70 52 ist
1480 3220 105 37 uns
1627 3199 111 60 auf
1769 3203 202 61 einmal
2011 3206 194 74 bereit.

1171 3283 116 63 Die
1327 3286 313 66 Sehnsucht
1679 3296 133 58 nach
1854 3296 129 64 dem
2027 3300 278 76 Gerüche,

1172 3376 143 62 Von
1357 3382 147 60 sanft
1542 3389 404 72 gewaschenen
1985 3394 257 73 Haaren,

1169 3470 123 61 Der
1332 3473 370 77 Schwestern,
1744 3506 105 38 aus
1893 3509 232 40 unserer
2166 3490 168 73 alten.

1165 3563 137 63 Aus
1345 3591 233 40 unserer
1617 3573 358 66 Kinderzeit?
