3203 4572
919 485 224 50 Herßert
1168 484 303 63 Eufenßerg,
1507 485 155 62 Krieg
1694 485 112 50 dem
1835 485 154 61 Krieg

2517 481 63 50 53

1919 3965 277 63 Herbert
2221 3966 359 78 Eulenberg

418 689 395 61 Pantaleon:
848 689 431 78 Entschuldigen
1331 689 114 74 Sie,
1487 689 134 61 aber
1661 697 103 53 mir
1813 697 68 53 ist
1928 696 146 53 mein
2116 686 353 80 Zeigefinger
2507 694 76 52 im

339 782 265 62 Dunkeln
647 781 299 62 abhanden
986 782 356 79 gekommen!

415 877 296 78 Jodocus
745 890 19 50 <
766 884 96 61 gibt
894 884 76 49 ihn
1003 884 127 56 ihm):
1167 876 173 62 Sollte
1381 876 116 62 hier
1538 877 180 61 dieser
1757 875 265 63 vielleicht
2061 873 237 80 passen?
2340 872 122 64 Öh!

418 970 397 61 Pantaleon:
858 969 87 61 Er
993 969 131 61 ist's!
1174 969 254 62 Schönen
1470 970 193 61 Dank!
1713 969 143 61 lind
1897 967 139 63 noch
2077 966 345 62 unversehrt.
2457 965 126 62 Wir

340 1064 183 61 haben
566 1063 93 61 ihn
692 1064 228 72 wieder,
961 1063 202 62 Sibille.

418 1157 256 63 Sibille:
717 1157 120 62 Gib
886 1157 92 61 ihn
1020 1167 102 51 mir
1162 1182 72 36 zu
1275 1158 213 77 tragen!
1530 1158 100 61 Du
1679 1157 250 62 verlierst
1969 1155 93 63 ihn
2104 1171 159 47 sonst
2303 1153 279 63 nochmals

339 1260 54 52 in
435 1251 212 61 Deiner
687 1251 416 62 Zerstreutheit,

421 1345 309 77 Jettchen:
774 1345 162 62 Steht
953 1345 74 62 da
1060 1345 140 62 nicht
1240 1345 134 62 auch
1408 1345 98 62 der
1536 1345 150 62 Herr
1703 1345 160 62 Sohn
1896 1361 147 45 samt
2074 1352 210 54 seinem
2316 1341 267 63 Fräulein

339 1437 206 61 Braut?
576 1436 150 62 Eine
752 1437 236 63 hübsche
1013 1439 132 61 Zeit
1185 1437 89 61 für
1307 1437 229 63 keusche
1567 1448 170 68 junge
1761 1439 203 72 Leute,
1990 1437 103 61 das
2118 1436 133 62 muß
2277 1436 76 61 ich
2387 1459 191 53 sagen.

416 1531 315 79 Jodocus:
767 1531 100 61 Du
884 1531 254 63 brauchst
1162 1531 136 61 doch
1323 1533 140 61 nicht
1488 1531 88 61 für
1608 1540 78 54 sie
1713 1548 88 46 rot
1825 1555 75 37 zu
1925 1531 250 73 werden,
2199 1530 231 61 Mutter.
2458 1526 122 64 Öh!

418 1625 393 63 Pantaleon:
868 1625 84 61 Ich
1009 1625 134 63 muß
1199 1625 95 63 Sie
1351 1649 97 37 um
1488 1627 366 76 Verzeihung
1914 1627 195 72 bitten,
2164 1634 198 69 junger
2409 1624 171 60 Herr!

339 1719 82 61 Ich
470 1719 94 60 bin
613 1718 98 61 der
762 1718 345 61 friedsamste
1155 1718 261 72 Mensch,
1465 1743 168 37 wenn
1682 1728 102 52 mir
1832 1719 122 61 kein
2002 1719 209 78 Finger
2265 1718 315 79 gekrümmt

339 1812 155 62 wird.
528 1812 95 62 Sie
655 1812 171 62 sehen
859 1812 188 72 selbst,
1089 1836 60 37 es
1178 1836 122 37 war
1340 1821 87 52 ein
1460 1812 494 62 Mißverständnis.
2103 1813 162 61 Hier!
2306 1811 273 62 Nehmen

340 1906 95 63 Sie
476 1906 160 61 Ihren
679 1905 292 62 Schlüssel!

420 1999 349 63 Gottfried
810 2011 182 51 (nimmt
1023 2006 112 56 ihn):
1177 1999 135 61 Daß
1354 1999 95 62 Sie
1489 1999 98 61 der
1627 1994 202 67 Teufel
1870 2008 177 66 röste.
2088 1999 95 62 Sie
2213 1999 365 77 Langfinger!

339 2094 240 61 Warum
621 2093 183 61 haben
844 2093 97 62 Sie
980 2093 136 61 mich
1155 2116 68 38 so
1256 2093 161 77 lange
1459 2093 373 78 hingehalten!

418 2188 391 61 Pantaleon:
851 2187 83 61 Ich
974 2187 94 61 bin
1111 2194 86 54 ein
1232 2187 293 77 Diplomat

423 2279 369 64 Gottfried:
835 2279 154 71 Geh,
1032 2279 233 78 Sophie!
1310 2279 117 61 Gib
1470 2279 167 61 ihnen
1679 2279 115 63 ihre
1835 2276 269 64 Tausend
2143 2276 171 66 Taler
2353 2279 227 63 wieder!

343 2373 96 63 Sie
477 2373 248 63 merkten
768 2397 60 37 es
867 2382 132 69 jetzt
1040 2373 154 61 doch.
1239 2381 192 62 <Sophse
1463 2381 212 62 übergibt
1707 2382 87 50 den
1829 2381 149 51 Alten
2011 2382 73 50 die
2117 2381 171 57 Kiste.)

419 2467 307 78 Jettchen:
768 2467 224 79 Heilige
1031 2467 429 79 Dreifaltigkeit!
1502 2469 113 61 Die
1663 2467 159 64 Erde
1873 2469 98 61 hat
2019 2467 105 63 sich
2165 2469 263 77 geöffnet.
2472 2469 112 61 Die

341 2584 150 37 neun
533 2560 197 61 Reifen
763 2560 126 62 sind
919 2583 367 57 gesprungen.

418 2654 321 77 Jodocus:
783 2653 123 65 öh!
956 2655 100 61 Da
1096 2664 68 52 ist
1205 2664 79 54 sie
1323 2664 56 69 ja
1418 2655 211 63 wieder
1670 2655 99 74 da,
1811 2655 91 61 die
1950 2655 383 63 verwünschte
2375 2655 208 63 Eisen*

340 2745 159 61 kiste!
539 2747 225 62 Nehmt
804 2756 80 53 sie
923 2748 203 61 zurück
1167 2748 118 61 und
1324 2757 221 53 meinen
1587 2748 187 80 Segen
1815 2749 170 61 dazu!
2028 2748 95 64 Sie
2156 2749 186 61 hätten
2385 2773 106 39 uns
2528 2758 58 69 ja

341 2839 137 61 doch
513 2839 159 63 keine
712 2841 216 61 Zinsen
969 2860 284 59 getragen,
1293 2842 250 79 Jettchen.

416 2933 305 78 Jettchen:
763 2933 100 61 Du
905 2935 205 62 hattest
1150 2937 108 60 den
1293 2937 160 60 Bann
1494 2936 329 79 gebrochen.
1855 2936 102 62 Du
1996 2932 224 81 Tölpel!

418 3027 316 78 Jodocus:
767 3026 142 62 lind
950 3029 233 62 heiratet
1230 3054 116 37 von
1397 3031 101 73 ihr,
1539 3031 199 61 sobald
1788 3031 90 60 Ihr
1926 3030 176 62 wollt!
2141 3030 140 77 Jetzt
2328 3030 156 77 fängt
2528 3040 57 67 ja

341 3120 99 62 der
478 3120 206 61 Friede
716 3120 211 61 wieder
969 3146 91 48 an,
1102 3124 118 60 und
1252 3124 90 61 die
1375 3140 133 61 gute
1549 3125 109 61 alte
1691 3124 134 62 Zeit
1863 3124 132 77 geht
2027 3133 217 52 weiter:
2461 3123 121 64 öh!

419 3214 395 61 Pantaleon:
859 3213 115 62 Mit
1014 3214 479 62 Geldverdienen!

420 3307 255 62 Sibille:
716 3307 116 62 Mit
871 3307 509 62 Haushaltführen!

419 3401 306 77 Jettchen:
767 3401 114 61 Mit
914 3401 420 79 Zeitunglesen!

421 3495 371 62 Gottfried:
833 3495 117 62 Mit
989 3495 394 62 Polterabend!

420 3589 272 78 Sophie:
734 3590 115 61 Mit
889 3589 478 62 Hochzeithalten!

419 3683 320 78 Jodocus:
779 3684 144 62 Und
962 3693 98 53 mit
1100 3683 370 62 Kindtaufen!
1512 3681 121 64 Öh!
1685 3689 314 62 (Allgemeine
2032 3689 231 57 Wonne.)

980 3793 118 56 (Der
1129 3793 231 61 Vorhang
1393 3792 99 51 fällt
1524 3791 178 62 freudig
1732 3791 215 62 bewegt.)

1326 3902 271 51 ENDE.
