3457 4323
1687 122 59 51 21

120 286 122 52 wohl
272 283 257 67 behaupten
560 278 171 58 dürfen,
761 275 101 51 dass
893 274 62 51 sie
985 272 88 52 den
1096 268 282 70 Höhepunkt
1399 266 146 51 dieser
1567 264 72 51 Sai-

120 387 86 33 son
235 367 207 51 bildeten.
475 363 128 50 Clara
620 360 257 50 Schumann
900 355 88 68 gab
1011 371 80 34 vor
1114 353 80 51 der
1209 350 203 52 Ankunft
1423 348 240 52 Joachim's

123 453 71 50 ein
223 452 210 56 Concert,
476 447 117 48 dann
635 444 44 50 in
708 439 331 54 Gemeinschaft
1081 444 78 43 mit
1197 435 91 50 ihm
1329 433 93 49 drei
1453 432 212 55 Soireen;

126 536 69 49 die
226 531 291 71 Sprödigkeit
559 543 186 35 unseres
776 523 258 51 Publicums
1075 536 147 52 gegen
1253 513 413 57 Concert-Besuch,

124 618 71 50 die
226 617 80 48 mit
329 614 148 67 jedem
508 611 137 49 Jahre
672 609 59 49 im
761 607 262 48 Zunehmen
1053 604 71 56 ist,
1154 600 160 50 wurde
1345 597 181 50 diesmal
1557 595 85 51 voll-

127 697 374 67 ständigbesiegt.
528 692 150 49 Ueber
691 691 68 48 die
773 689 276 64 Leistungen
1062 683 153 51 beider
1227 682 217 49 Künstler
1460 678 205 51 herrscht

127 783 59 49 im
202 783 181 49 Ganzen
399 776 207 68 folgende
620 773 214 65 Meinung
858 772 70 49 bei
952 787 110 32 uns:
1092 766 239 52 Joachim's
1364 763 115 51 hohe
1510 762 130 49 künst-

127 865 189 50 lerische
346 862 208 64 Stellung
594 857 111 50 wird
749 857 84 48 fast
861 852 234 67 allgemein
1122 851 79 48 mit
1230 848 329 65 Begeisterung
1589 862 51 31 an-

127 948 207 49 erkannt.
372 946 114 48 Esne
515 960 50 30 so
597 948 104 41 weit
730 936 306 68 ausgebildete
1065 935 284 53 Virtuosität,
1389 946 97 32 eine
1516 945 50 31 so
1597 945 46 30 ei-

131 1028 227 68 greifende
404 1025 208 50 sinnliche
644 1021 245 51 Schönheit
931 1018 78 50 des
1039 1018 165 54 Tones,
1248 1013 84 49 wie
1374 1012 61 48 sie
1477 1030 35 29 z.
1543 1011 52 48 B.
1625 1009 44 49 in

131 1112 104 51 dem
255 1112 224 63 Vortrage
507 1125 83 32 von
621 1105 296 49 Beethoven's
952 1098 407 51 G-dur-Romanze
1389 1093 90 50 sich
1511 1092 158 65 zeigte,

132 1195 216 65 vereinigt
377 1192 91 50 sich
498 1192 85 47 fast
611 1206 70 32 nie
706 1195 79 42 mit
809 1186 143 48 einem
970 1201 50 32 so
1039 1189 196 48 ernsten,
1266 1178 131 49 allem
1421 1173 224 54 oberfläch-

132 1279 145 48 lichen
305 1276 144 50 Effect
480 1271 203 52 feindlich
714 1266 328 70 abgewandten
1060 1262 209 51 Streben.
1300 1260 103 49 Sein
1429 1257 119 69 Spiel
1578 1256 92 49 und

134 1360 96 49 sein
259 1375 162 50 ganzes
451 1357 176 50 Wesen
669 1352 97 50 sind
804 1351 70 50 ein
905 1345 291 68 Gegenstand
1224 1343 80 50 der
1333 1340 337 68 allgemeinsten

134 1443 291 49 Theilnahme
454 1439 92 49 und
575 1436 150 50 Liebe.
768 1436 66 47 Zu
865 1431 231 51 bedauern
1128 1426 138 51 bleibt
1295 1443 47 31 es
1373 1425 162 54 indess,
1567 1421 102 49 dass

136 1526 97 49 eine
263 1524 151 51 solche
440 1524 133 47 Kraft
612 1520 129 50 einen
782 1535 50 32 so
872 1514 174 50 kleinen
1075 1514 149 47 Raum
1253 1510 90 56 hat,
1389 1507 90 50 sich
1510 1523 133 31 auszu-

134 1608 190 49 breiten.
360 1608 70 47 Da
458 1603 202 52 Joachim
689 1600 124 50 Alles
842 1595 300 56 verschmäht,
1169 1610 94 33 was
1293 1591 122 50 nicht
1443 1606 80 33 aus
1554 1587 121 50 einer

136 1691 202 50 höheren
382 1685 352 52 künstlerischen
764 1676 470 67 Anschauungsweise
1275 1675 400 63 hervorgegangen

134 1774 73 57 ist,
247 1789 51 33 so
341 1770 111 50 wird
491 1771 89 49 ihm
620 1768 69 49 ein
730 1766 206 65 häufiger
965 1760 206 51 Verkehr
1200 1757 77 50 mit
1308 1756 100 50 dem
1441 1754 234 50 Publicum

139 1855 261 50 erschwert.
437 1855 64 47 Er
532 1851 140 51 selbst
700 1848 156 50 würde
886 1846 103 50 dem
1017 1841 208 54 Verkehr
1255 1840 78 50 mit
1362 1839 81 49 der
1473 1837 171 49 Aussen-

139 1938 110 49 weit
277 1937 91 49 und
399 1935 100 50 dem
531 1933 284 52 öffentlichen
843 1929 241 51 Auftreten
1124 1923 217 52 vielleicht
1369 1920 199 66 weniger
1596 1917 53 50 ab-

142 2020 182 68 geneigt
353 2018 108 58 sein,
491 2019 64 48 als
585 2034 49 31 er
663 2034 47 32 es
739 2015 44 49 in
813 2014 80 50 der
908 2011 117 49 That
1055 2009 69 57 ist,
1153 2024 133 32 wenn
1314 2005 92 48 ihm
1430 2004 95 48 eine
1550 2004 101 63 grös-

142 2121 100 31 sere
272 2103 108 48 Zahl
410 2119 86 31 von
526 2100 146 50 seiner
702 2097 231 64 würdigen
964 2090 208 54 Werken
1213 2107 56 30 zu
1299 2086 177 50 Gebote
1505 2084 172 49 stände.

142 2187 135 48 Zwar
306 2185 109 49 lässt
444 2183 90 49 sich
564 2180 122 51 nicht
714 2180 209 65 läugnen,
954 2175 101 51 dass
1082 2173 79 48 mit
1178 2170 145 51 dieser
1340 2175 181 43 ernsten
1544 2165 107 51 Rich-

143 2277 115 57 tung
297 2267 69 48 ein
395 2268 136 64 Hang
571 2281 80 31 zur
681 2259 274 53 Einsamkeit
994 2257 92 49 sich
1128 2254 132 50 leicht
1289 2250 254 57 verbindet;
1587 2265 93 32 was

145 2349 109 50 viele
283 2349 246 50 Menschen
556 2345 288 51 unterhalten
874 2342 97 57 soll,
1013 2340 59 49 ist
1111 2338 80 49 der
1230 2335 144 50 Natur
1415 2334 78 48 der
1535 2332 146 49 Sache

146 2433 114 50 nach
301 2432 122 49 nicht
465 2432 76 48 das
571 2429 167 49 Tiefste
781 2425 93 51 und
904 2420 349 54 Bedeutendste.
1299 2417 126 49 Aber
1455 2433 102 31 man
1587 2413 102 51 darf

147 2514 122 51 nicht
293 2513 266 57 übersehen,
589 2511 102 49 dass
714 2526 163 33 unsere
896 2499 493 57 Cultur-Verhältnisse
1418 2498 92 49 sich
1534 2497 125 66 eigen-

147 2597 216 51 tümlich
393 2596 210 66 gestaltet
631 2592 161 58 haben,
833 2589 93 51 und
956 2588 99 50 dass
1087 2602 47 33 es
1166 2580 265 52 namentlich
1462 2580 41 49 in
1535 2578 149 51 Berlin

150 2699 50 31 so
230 2681 109 49 viele
369 2679 198 50 Musiker
594 2677 93 49 und
724 2672 336 53 Musikfreunde
1092 2667 109 67 gibt,
1246 2666 68 49 die
1347 2664 92 51 sich
1468 2681 86 32 von
1583 2662 101 48 dem

151 2763 353 68 gewöhnlichen,
529 2757 370 53 oberflächlichen
914 2751 280 53 Musikleben
1209 2767 110 50 ganz
1347 2744 338 59 zurückziehen,

152 2847 102 51 dass
279 2846 62 49 sie
363 2846 85 48 fast
471 2845 69 48 ein
565 2843 193 65 eigenes,
787 2857 87 32 nur
896 2838 77 50 das
998 2834 202 52 Höchste
1224 2829 318 66 verlangendes
1568 2829 88 47 Con-

152 2927 356 51 cert-Publicum
536 2925 162 49 bilden.
741 2925 61 47 Es
844 2925 122 45 wäre
1002 2920 71 48 für
1101 2914 203 53 Joachim
1343 2913 70 47 ein
1454 2911 76 48 des
1561 2912 100 47 Stre-

153 3012 113 50 bens
308 3010 224 66 würdiges
562 3007 107 59 Ziel,
712 3006 89 49 sich
844 3002 139 52 selbst
1012 3001 69 51 ein
1112 2993 487 69 Concert-Repertoire
1630 3011 58 30 zu

157 3094 248 57 schreiben,
452 3090 218 68 glänzend
701 3090 68 47 für
800 3088 91 49 sein
921 3087 293 51 Instrument,
1258 3077 257 51 bedeutend
1547 3074 139 51 durch

159 3177 86 50 den
274 3176 168 56 Inhalt;
471 3174 91 49 und
594 3172 81 50 wir
706 3170 190 58 denken,
927 3168 100 50 dass
1059 3166 79 49 der
1155 3161 227 56 Wunsch,
1412 3160 91 49 sich
1533 3158 43 50 in
1606 3157 62 50 sei-

157 3278 104 33 nem
291 3260 228 48 innersten
550 3257 175 50 Wesen
767 3254 122 49 nicht
917 3269 86 32 nur
1032 3250 94 48 rein
1155 3266 55 31 zu
1239 3243 216 58 erhalten,
1497 3241 194 51 sondern

160 3342 115 51 auch
306 3358 80 31 zur
416 3340 187 49 vollsten
632 3342 215 45 äusseren
879 3335 198 63 Geltung
1106 3349 55 32 zu
1192 3327 200 65 bringen,
1432 3326 91 48 sich
1553 3323 138 50 selbst

160 3426 81 49 der
263 3424 133 51 Welt
423 3422 111 49 nach
565 3421 114 48 allen
701 3417 189 51 Kräften
919 3414 319 54 mitzutheilen,
1269 3410 72 48 ihn
1373 3406 210 51 ebenfalls
1611 3405 53 48 be-

161 3506 150 51 seelen
340 3523 137 32 muss.
533 3506 134 46 Denn
706 3502 145 49 dieser
877 3500 158 63 Drang
1074 3513 79 33 zur
1192 3491 285 65 Mittheilung
1516 3488 56 49 ist
1615 3487 76 50 das

165 3590 310 51 Gemeinsame
515 3586 108 50 aller
667 3581 290 69 energischen
999 3579 93 49 und
1134 3574 316 53 bedeutenden
1495 3571 198 55 Geister;

164 3673 92 50 und
297 3671 80 50 auf
410 3670 70 50 die
507 3671 154 46 Dauer
701 3666 141 51 durch
872 3664 193 49 einsame
1095 3654 480 68 Zurückgezogenheit
1604 3652 90 50 sich

162 3755 238 66 befriedigt
437 3772 53 31 zu
531 3753 165 56 fühlen,
740 3748 156 50 würde
936 3763 84 33 uns
1060 3762 85 31 von
1189 3742 90 49 ihm
1309 3740 132 48 kaum
1476 3734 219 69 glaublich

165 3838 274 51 erscheinen.
580 3834 134 49 Auch
739 3833 79 49 das
848 3830 118 67 Spiel
998 3845 85 33 von
1112 3825 130 50 Clara
1271 3822 258 51 Schumann
1559 3817 139 51 findet

165 3920 173 51 überall
366 3918 356 49 entschiedenste
752 3913 353 63 Anerkennung,
1145 3908 93 48 ruft
1277 3905 108 50 aber
1422 3902 42 49 in
1496 3901 177 68 geringe-

166 4022 98 32 rem
294 4002 149 50 Grade
472 3999 343 51 Enthusiasmus
853 3996 175 49 hervor.
1086 3990 73 51 Sie
1199 3986 224 52 erscheint
1459 3984 241 49 Einzelnen

167 4088 94 49 kalt
291 4087 91 50 und
410 4085 124 55 hart;
565 4080 259 54 ausserdem
847 4078 112 52 wird
984 4076 67 50 die
1073 4071 314 68 Schnelligkeit
1411 4069 78 51 der
1517 4085 89 33 von
1634 4066 67 49 ihr

1759 260 256 69 gewählten
2062 256 159 69 Tempi
2264 254 182 52 vielfach
2490 251 210 70 getadelt.
2772 253 102 48 Von
2916 249 120 49 ihrer
3074 246 227 69 jüngeren

1756 341 347 54 Kunst-Rivalin
2127 339 83 53 W.
2229 339 157 49 Clauss
2415 335 336 52 unterscheidet
2780 334 61 49 sie
2870 333 90 50 sich
2991 331 105 51 sehr
3125 330 145 51 bedeu-

1756 428 122 51 tend.
1938 425 137 51 Beide
2116 424 144 49 fassen
2300 419 258 66 verständig
2599 418 91 52 und
2720 416 145 66 sinnig
2892 416 96 57 auf;
3029 414 109 51 aber
3167 413 135 49 Clara

1757 510 261 50 Schumann
2048 507 122 66 neigt
2201 505 106 57 sich,
2339 503 81 51 wir
2451 503 209 49 möchten
2690 500 120 50 nicht
2840 515 163 50 sagen:
3034 498 103 50 dem
3161 496 108 49 Kräf-

1759 593 134 66 tigen,
1939 590 196 50 sondern
2178 589 101 50 dem
2310 585 248 65 Markigen,
2599 581 246 68 Kernigen,
2889 579 291 66 Gediegenen
3217 595 54 32 zu
3290 597 13 38 ;

1757 675 97 49 eine
1886 673 200 67 gesunde
2117 669 275 51 Einfachheit
2423 668 137 49 bildet
2602 665 86 50 den
2719 664 237 50 Grundton
2987 661 119 50 ihres
3137 660 162 67 Spiels,

1759 758 77 50 das
1867 757 157 49 darum
2048 754 164 67 gerade
2238 754 71 47 für
2326 752 87 49 den
2436 752 200 62 Vortrag
2653 747 259 50 classischer
2933 743 369 68 Compositionen

1759 838 405 51 ausserordentlich
2194 835 207 68 geeignet
2431 834 68 48 ist.
2546 834 104 48 Man
2691 830 115 50 lühlt
2836 829 92 50 sich
2956 828 120 49 wohl
3105 825 72 51 bei
3209 827 68 48 die-

1760 941 94 32 sem
1872 921 316 55 Maasshalten,
2220 919 76 50 das
2329 917 90 49 sich
2451 917 41 48 in
2522 915 67 50 ihr
2607 932 50 32 so
2682 912 218 67 glücklich
2931 910 81 49 mit
3041 909 121 50 einer
3190 908 84 49 den-

1760 1006 116 49 noch
1893 1003 276 67 geistvollen,
2191 999 265 66 lebendigen
2476 998 276 64 Auffassung
2771 993 242 51 verbindet.
3040 992 80 50 W.
3139 990 160 51 Clauss

1757 1087 116 49 fühlt
1905 1093 161 51 zarter,
2097 1083 208 66 duftiger,
2347 1082 137 48 feiner
2526 1081 89 48 und
2645 1079 57 49 ist
2732 1078 43 48 in
2806 1095 50 31 so
2886 1077 96 48 fern
3012 1073 165 51 freilich
3207 1073 68 48 ein-

1761 1171 195 66 seitiger,
1997 1168 149 50 leistet
2189 1166 108 49 aber
2338 1166 77 49 das
2457 1162 347 51 Bedeutendere
2847 1161 43 47 in
2931 1158 152 50 diesen
3127 1155 174 50 kleinen

1764 1253 198 50 Stücken
1986 1269 88 31 von
2099 1249 187 68 Chopin,
2310 1246 320 52 Mendelssohn
2652 1244 91 50 und
2766 1243 167 56 Heller,
2964 1241 44 48 in
3039 1241 143 48 denen
3212 1255 63 33 we-

1761 1336 214 66 nigstens,
2005 1335 69 48 die
2098 1332 103 50 dem
2224 1328 318 52 Gefühlsleben
2566 1328 121 50 einer
2711 1326 214 66 sinnigen,
2944 1321 362 68 jungfräulichen

1766 1420 145 48 Natur
1935 1415 313 69 entsprechen.
2278 1411 384 66 Bedeutungsvoll
2692 1426 151 33 waren
2874 1407 70 51 die
2968 1406 222 49 Concerte
3215 1421 94 32 von

1769 1501 129 48 Clara
1928 1498 259 50 Schumann
2216 1496 93 49 und
2338 1493 202 51 Joachim
2579 1492 116 50 auch
2733 1489 141 51 durch
2912 1488 68 50 die
3011 1488 264 48 Zusammen-

1769 1583 195 65 stellung
1994 1582 78 48 der
2090 1582 309 64 Programme.
2428 1576 263 51 Beethoven
2719 1575 94 49 und
2840 1572 121 50 Bach
2992 1570 194 50 bildeten
3217 1567 86 49 den

1769 1665 315 68 Mittelpunkt;
2128 1663 137 49 daran
2305 1661 173 48 reihten
2514 1658 92 50 sich
2635 1657 179 52 Werke
2842 1674 85 31 von
2956 1652 196 56 Weber,
3181 1651 96 49 Men-

1770 1747 225 59 delssohn,
2025 1745 188 68 Chopin,
2248 1743 273 56 Schumann,
2550 1741 206 56 Brahms,
2785 1736 192 67 Bargiel.
3007 1735 107 52 Wir
3132 1732 177 51 danken

1771 1849 49 32 es
1860 1831 162 50 beiden
2051 1829 264 55 Künstlern,
2358 1826 101 50 dass
2500 1825 63 49 sie
2603 1824 69 49 die
2714 1818 291 70 Gelegenheit
3047 1817 265 56 benutzten,

1771 1915 78 49 das
1881 1911 453 52 Concert-Publicum
2362 1907 81 50 mit
2470 1906 217 51 manchen
2715 1921 201 33 neueren
2941 1898 371 70 Compositionen

1771 1996 199 48 bekannt
1999 2013 56 30 zu
2085 1992 201 51 machen.
2326 1992 93 47 Das
2448 1991 225 47 Interesse
2704 2004 54 32 an
2789 1986 80 50 der
2895 1985 154 48 Kunst
3078 1987 229 50 ermattet,

1771 2097 134 31 wenn
1947 2095 47 32 es
2034 2076 124 50 nicht
2197 2075 142 49 durch
2367 2075 150 48 Neues
2547 2076 221 61 angeregt
2798 2067 137 57 wird;
2979 2066 93 48 und
3099 2081 102 32 man
3229 2062 52 49 be-

1773 2161 125 66 ginnt
1928 2159 113 51 auch
2070 2159 43 49 in
2141 2156 165 59 Berlin,
2347 2173 73 32 wo
2451 2154 127 49 mehr
2617 2152 64 49 als
2710 2150 282 51 anderwärts
3024 2147 100 49 dem
3153 2146 159 48 Neuen

1773 2244 106 49 aller
1910 2244 189 63 Zugang
2127 2239 309 49 verschlossen
2475 2253 109 40 war,
2629 2235 91 48 dies
2763 2234 160 47 immer
2967 2227 247 54 deutlicher
3257 2244 57 32 zu

1774 2326 163 50 fühlen.
1968 2325 85 50 Die
2079 2324 159 49 beiden
2255 2323 135 48 Sätze
2414 2337 79 31 aus
2517 2319 81 49 der
2615 2319 189 48 F-moll-
2809 2316 168 49 Sonate
3005 2330 87 33 von
3109 2310 205 56 Brahms,

1778 2409 68 48 die
1877 2408 131 49 Clara
2037 2406 256 49 Schumann
2325 2401 172 69 spielte,
2541 2399 206 51 machten
2789 2396 214 66 übrigens
3043 2394 58 49 im
3133 2394 183 47 Ganzen

1774 2508 88 33 nur
1892 2490 215 66 geringen
2135 2486 254 58 Eindruck;
2434 2485 97 48 eine
2560 2483 191 66 gewisse
2781 2480 132 50 Kraft
2953 2479 78 48 der
3060 2475 251 56 Phantasie,

1778 2574 68 50 die
1877 2573 164 49 freilich
2070 2570 115 51 noch
2215 2568 311 51 bedeutender
2551 2565 239 67 Regelung
2829 2561 92 50 und
2950 2559 254 66 Reinigung
3232 2555 53 51 be-

1779 2657 108 59 darf,
1917 2657 110 48 lässt
2056 2654 91 50 sich
2178 2653 101 49 dem
2311 2650 177 51 Werke
2518 2649 120 50 nicht
2666 2645 290 70 absprechen.

1901 2737 287 64 Gleichzeitig
2216 2734 80 48 mit
2325 2733 130 49 Clara
2483 2732 259 49 Schumann
2780 2726 202 51 erschien
3010 2723 165 50 Hans
3204 2738 108 33 von

1779 2823 36 48 B
1830 2822 53 48 ü1
1897 2840 27 31 o
1937 2838 44 32 w
2008 2819 94 51 und
2132 2818 88 67 gab
2249 2815 211 51 ebenfalls
2490 2815 70 49 ein
2586 2814 207 55 Concert,
2822 2810 44 49 in
2893 2809 100 50 dem
3020 2824 49 32 er
3095 2805 70 50 die
3190 2804 99 66 glän-

1780 2903 184 50 zendste
1994 2900 199 51 Technik
2235 2899 91 48 und
2370 2898 97 49 eine
2504 2895 183 66 feurige,
2729 2892 235 66 lebendige
2994 2888 293 62 Auffassungs-

1782 2986 134 50 weise
1947 2984 247 55 bewährte,
2227 2982 70 49 die
2328 2979 162 51 freilich
2519 2978 134 49 leicht
2681 2977 66 48 ins
2777 2973 297 56 Pathetische,
3104 2968 182 52 Rhetori-

1783 3068 104 50 sche
1917 3068 93 50 fällt
2050 3066 94 49 und
2182 3063 142 51 durch
2353 3063 94 48 ihre
2476 3058 371 52 Absichtlichkeit
2878 3057 68 49 die
2977 3054 230 62 Wirkung
3237 3049 52 50 ab-

1783 3152 241 49 schwächt.
2064 3149 160 50 Bülow
2254 3153 107 59 trug
2390 3144 77 50 das
3245 3144 86 50 Es-d
2926 3156 87 33 von
3043 3134 273 56 Beethoven,

1783 3234 68 49 die
1881 3251 85 32 von
1995 3232 122 49 Liszt
2146 3231 71 49 für
2248 3228 170 48 Ciavier
2448 3226 319 66 eingerichtete
2793 3221 247 67 Orgelfuge
3069 3234 88 33 von
3181 3215 136 55 Bach,

1783 3316 260 51 ausserdem
2070 3313 234 50 Mehreres
2343 3328 88 31 von
2459 3308 123 50 Liszt
2615 3307 92 49 und
2738 3304 173 68 Chopin
2940 3318 93 33 vor.
3077 3301 67 48 Er
3176 3298 144 66 zeigte

1784 3400 90 50 sich
1905 3398 42 49 in
1977 3414 182 49 grosser
2187 3392 322 67 Vielseitigkeit
2547 3392 64 48 als
2652 3391 128 48 einen
2819 3387 112 49 nach
2959 3384 115 50 allen
3106 3382 186 49 Richtun-

1785 3500 88 49 gen
1904 3481 73 48 hin
2006 3478 265 68 geschulten
2301 3476 269 56 Virtuosen;
2611 3472 109 49 aber
2744 3471 69 49 die
2842 3467 304 56 Theilnahme,
3176 3464 67 50 die
3273 3478 48 32 er

1787 3563 155 59 findet,
1986 3561 112 49 wird
2137 3561 158 48 immer
2333 3576 89 32 von
2466 3557 79 48 der
2574 3551 471 64 Uebereinstirnmung
3074 3547 248 63 abhangen,

1788 3648 43 50 in
1862 3647 78 50 der
1971 3645 93 49 sein
2093 3645 176 49 inneres
2300 3641 208 66 geistiges
2549 3637 91 50 und
2685 3633 321 69 gemüthliches
3036 3632 173 50 Wesen
3241 3627 81 48 mit

1796 3732 85 49 den
1897 3726 344 66 Bestrebungen
2273 3723 93 51 und
2382 3722 263 66 Neigungen
2671 3718 205 50 Anderer
2906 3716 132 49 steht.
3068 3712 158 50 Bülow
3250 3709 77 49 hat

1790 3814 98 48 eine
1919 3810 326 49 Individualität
2288 3806 92 50 und
2423 3803 161 50 drückt
2625 3802 119 48 diese
2784 3801 44 48 in
2866 3798 161 50 seinem
3060 3793 120 69 Spiel
3221 3809 105 39 aus;

1793 3897 159 49 darum
1981 3892 110 49 lässt
2121 3890 90 51 sich
2241 3889 112 50 auch
2384 3886 77 50 das
2479 3883 279 53 Verhältniss
2784 3900 54 30 zu
2856 3877 232 53 derselben
3115 3892 80 33 aus
3226 3873 101 52 dem

1792 3976 199 51 Urtheile
2020 3975 113 49 über
2171 3974 73 48 ihn
2273 3971 121 50 nicht
2425 3966 362 70 wegdisputiren.
2832 3963 96 50 Aus
2960 3961 87 49 den
3077 3960 249 63 Zeitungen

1796 4063 55 47 ist
1873 4059 142 51 Ihnen
2037 4056 165 51 bereits
2226 4054 210 56 bekannt,
2466 4051 102 51 dass
2591 4050 158 49 Bülow
2775 4046 85 51 den
2875 4038 455 56 Clavier-Unterricht
