2437 3961
1170 362 115 56 110

272 513 109 60 des
416 513 357 66 ministres;
810 511 154 60 elles
999 512 333 60 affolèrent
1347 515 59 57 et
1421 513 273 78 jetèrent
1727 515 155 58 dans
1914 513 258 63 l'erreur

273 620 159 41 ceux
458 601 156 58 dont
644 600 58 58 le
729 600 225 58 mérite
988 599 348 78 s'opposait
1368 605 35 54 à
1441 619 151 42 mon
1624 601 340 60 ambition.

353 713 33 33 «
432 691 153 60 Mais
618 689 146 80 quel
802 689 228 58 labeur
1053 690 10 56 !
1114 690 288 60 L'œuvre
1460 690 283 60 d'ombre
1787 693 58 57 et
1892 691 74 59 de
2018 710 152 60 sang

272 798 77 41 ne
379 779 347 60 s'achevait
758 795 136 60 pas,
947 795 78 42 ne
1087 779 294 60 semblait
1425 797 113 59 pas
1586 779 218 60 devoir
1851 781 321 59 s'achever

273 886 77 40 en
381 869 109 56 nul
517 866 223 63 matin.

353 977 33 34 «
429 958 69 57 Je
534 955 215 78 passai
780 953 91 60 les
901 954 181 76 jours
1116 955 191 60 clairs
1338 955 75 60 de
1440 955 65 59 la
1529 957 119 68 vie,
1689 973 147 41 sans
1873 957 91 58 les
2010 957 158 59 voir.

274 1047 132 58 Une
448 1046 187 58 haine
686 1043 299 60 nouvelle
1037 1046 378 76 remplaçait
1460 1044 154 60 celle
1662 1046 75 57 de
1787 1046 62 58 la
1902 1046 183 58 veille
2136 1052 36 52 à

270 1152 249 41 mesure
552 1151 121 60 que
703 1133 451 60 s'écroulaient
1187 1134 228 59 devant
1446 1152 150 42 mon
1632 1134 291 60 envieuse
1971 1134 161 59 ambi-

268 1222 137 59 tion
433 1222 90 59 les
552 1221 288 60 fortunes
879 1222 106 59 des
1014 1222 475 78 compétiteurs.

353 1333 33 33 «
432 1312 82 57 Le
547 1310 177 59 souci
764 1310 75 58 de
881 1310 219 59 ruiner
1130 1328 130 40 mes
1286 1311 239 71 rivaux,
1559 1310 74 59 de
1666 1311 387 58 condamner
2080 1311 90 60 les

273 1399 400 66 misérables,
719 1416 99 40 me
876 1399 189 58 lassa.
1114 1399 306 77 L'épouse
1469 1405 259 53 mourut
1766 1404 37 54 à
1844 1400 65 57 la
1956 1400 208 76 peine.

273 1488 127 58 Son
426 1503 238 61 pauvre
696 1486 160 78 petit
886 1503 187 59 corps
1105 1488 75 58 de
1214 1488 312 76 squelette
1554 1505 76 41 ne
1665 1489 226 57 résista
1920 1488 183 76 point
2135 1493 35 52 à

272 1579 135 56 tant
440 1575 251 60 d'émoi.

352 1687 31 30 «
432 1667 69 54 Et
541 1683 85 39 un
672 1665 146 77 jour
870 1663 75 58 de
992 1664 259 70 défaite,
1282 1665 75 59 de
1403 1664 310 72 tristesse,
1745 1668 189 74 ayant
1977 1667 189 75 pensé

270 1757 142 54 tout
438 1771 84 39 un
553 1750 378 78 crépuscule
962 1769 82 41 au
1077 1752 439 59 déroulement
1539 1754 74 57 de
1644 1772 132 39 mes
1801 1757 233 54 années
2069 1769 68 42 en-

268 1841 287 69 sevelies,
584 1839 282 77 j'éclatai
905 1841 269 57 soudain
1219 1841 75 58 de
1327 1841 145 59 rire.
1505 1843 190 57 Toute
1726 1843 158 57 cette
1914 1839 252 60 sinistre

272 1928 252 60 activité
565 1929 62 75 je
666 1928 223 59 l'avais
929 1928 350 76 entreprise
1321 1947 161 59 pour
1522 1947 238 60 gagner
1797 1929 84 58 du
1921 1928 243 78 plaisir,

269 2018 60 59 et
353 2035 122 58 peu
517 2023 36 53 à
585 2034 121 58 peu
741 2015 119 59 elle
895 2016 250 58 m'avait
1183 2017 144 59 saisi
1376 2017 185 60 l'âme
1604 2017 256 69 entière,
1895 2035 62 41 se
2003 2017 122 59 don-

272 2110 153 54 nant
466 2105 362 59 elle-même
862 2123 75 40 en
967 2105 119 58 but
1116 2110 36 53 à
1188 2123 130 40 mes
1352 2106 242 58 efforts.
1632 2109 86 53 En
1752 2110 165 54 sorte
1950 2123 119 58 que
2104 2105 62 75 je

266 2195 267 67 m'étais,
567 2195 129 56 moi
735 2192 194 71 aussi,
964 2192 190 59 laissé
1186 2194 269 76 prendre
1484 2199 33 53 à
1552 2194 419 77 l'apparence,
2009 2196 156 55 cette

270 2300 357 61 apparence
663 2283 241 57 désirée
937 2299 117 58 par
1084 2300 150 40 mon
1270 2283 415 76 imagination
1723 2283 125 57 afin
1892 2281 72 59 de
2008 2299 118 39 cou-

272 2373 130 58 vrir
451 2370 59 59 le
562 2369 323 75 triomphe
952 2369 74 57 de
1081 2387 129 40 mes
1248 2369 321 71 instincts,
1601 2373 158 56 cette
1813 2385 351 61 apparence

273 2459 298 75 dénigrée
600 2474 113 59 par
744 2458 58 57 le
835 2457 400 76 scepticisme
1266 2458 74 57 de
1375 2476 104 40 ma
1508 2458 313 76 jeunesse.

350 2570 35 34 «
432 2549 71 56 Et
528 2545 90 60 les
645 2547 302 57 instincts
979 2545 284 60 s'étaient
1295 2545 198 60 flétris
1521 2549 189 57 avant
1747 2564 118 60 que
1907 2547 74 58 de
2014 2545 122 59 s'as-

269 2636 237 68 souvir,
534 2638 59 56 et
614 2634 64 57 la
707 2633 277 60 maladie
1018 2634 165 60 avait
1214 2637 296 57 émoussé
1538 2636 90 59 les
1661 2655 164 50 sens,
1854 2638 57 57 et
1940 2634 200 60 l'intel-

268 2726 249 76 ligence
552 2722 167 60 avait
748 2726 105 53 tué
887 2722 63 58 la
978 2723 280 75 passion.

349 2834 33 34 «
426 2815 73 57 Je
526 2811 229 76 quittai
788 2815 212 54 tout...

349 2923 33 34 «
421 2902 70 57 Je
527 2900 98 58 vis
659 2900 168 57 enfin
854 2898 63 59 la
948 2900 220 59 vérité.

348 3010 33 35 «
424 2990 71 57 Je
526 2987 142 59 vins
701 2986 103 70 ici,
842 2986 156 59 dans
1027 2987 264 61 l'Arche.

348 3099 33 34 «
426 3078 125 58 Oh!
586 3075 89 58 les
705 3074 177 58 Bêtes
927 3075 107 76 qui
1067 3093 99 40 me
1201 3076 306 59 suivirent
1539 3078 354 76 mugissant
1934 3079 227 54 autour

269 3168 75 59 de
376 3165 158 59 moi!
570 3164 176 72 Mais,
783 3164 207 76 parmi
1021 3164 151 58 elles
1310 3165 259 59 n'est-ce
1601 3183 135 58 pas,
1764 3182 131 42 mes
1925 3164 239 60 frères?

371 3255 62 77 je
463 3252 327 61 trouverai
830 3252 64 59 la
929 3252 319 73 colombe,
1282 3253 522 61 l'annonciatrice
1837 3254 75 60 de
1944 3254 64 59 la
2050 3271 74 42 na-

266 3349 138 54 ture
437 3340 336 60 nouvelle?

345 3451 33 39 «
425 3432 117 57 Car
571 3429 64 78 je
664 3429 254 70 cultive,
948 3447 148 42 sous
1126 3448 113 41 son
1270 3436 175 54 autre
1473 3432 137 61 face
1633 3432 74 60 de
1735 3431 422 77 rédemption,

266 3521 59 59 le
357 3520 199 77 péché
586 3518 244 60 d'envie
866 3518 107 78 qui
1006 3518 412 79 m'accapara.
