2437 3961
667 1287 308 107 Les
1056 1287 720 135 Paysans

345 1926 256 58 Comme
667 1941 114 41 son
835 1922 192 60 vieux
1091 1923 221 60 cheval
1378 1927 272 58 montait
1703 1926 345 61 lentement
2105 1927 61 60 la

267 2015 138 58 côte
456 2011 254 79 plantée
762 2011 75 59 de
885 2011 142 59 bois
1084 2011 262 59 couleur
1402 2012 75 60 de
1528 2012 247 71 rouille,
1831 2031 117 60 par
2004 2018 160 56 cette

265 2101 264 61 humide
559 2098 203 60 soirée
792 2100 75 58 de
902 2100 364 72 novembre,
1300 2100 59 58 le
1394 2101 188 58 vieux
1608 2102 254 60 homme
1893 2120 99 41 me
2020 2102 93 59 dit
2147 2124 14 37 :

268 2210 34 41 «
349 2191 93 60 On
491 2187 275 60 réclame
814 2189 333 75 beaucoup
1192 2206 163 59 pour
1397 2190 91 58 les
1530 2190 285 58 ouvriers
1857 2190 156 58 dans
2050 2209 113 41 vos

265 2280 347 76 journaux;
656 2275 160 60 mais
865 2276 89 59 les
1004 2293 296 59 paysans,
1347 2295 82 41 on
1481 2275 142 61 n'en
1662 2277 177 77 parle
1877 2277 234 77 jamais
2146 2298 13 40 :

267 2373 199 53 est-ce
494 2382 119 59 que
644 2380 160 41 nous
832 2380 77 41 ne
942 2364 320 57 souffrons
1288 2382 113 58 pas
1437 2364 193 72 aussi,
1660 2382 157 40 nous
1851 2368 248 56 autres?
2126 2388 33 33 »

269 2459 75 55 Et
385 2454 148 58 d'un
576 2457 112 53 ton
730 2468 196 52 amer,
964 2451 306 59 crachant
1312 2453 108 58 des
1453 2451 447 60 malédictions
1930 2472 107 39 sur
2070 2454 91 60 les

264 2549 211 70 temps
545 2542 174 70 durs,
785 2540 44 56 il
895 2544 304 55 énuméra
1257 2540 169 60 leurs
1491 2540 213 77 griefs,
1763 2542 207 58 clama
2027 2544 136 57 leur

267 2632 255 70 misère,
559 2632 59 56 et
650 2627 257 59 conclut
936 2646 11 40 ;
979 2647 34 38 «
1041 2629 170 57 Nous
1238 2646 271 40 sommes
1529 2645 244 43 comme
1796 2628 91 60 les
1912 2631 207 58 bœufs
2146 2650 12 40 :

267 2736 160 43 nous
457 2714 375 61 travaillons
865 2732 143 41 sans
1040 2733 159 41 nous
1230 2716 313 77 plaindre.
1578 2716 152 59 Mais
1763 2721 209 72 quand
2000 2736 159 42 nous

267 2825 77 41 en
381 2821 235 42 aurons
651 2820 245 40 assez...
935 2820 33 39 »
1011 2805 73 54 Et
1125 2820 113 40 son
1279 2803 197 76 poing
1515 2803 188 59 lourd
1744 2810 303 54 accentua
2076 2825 84 39 un

264 2893 212 61 brutal
505 2897 173 73 geste
707 2892 75 57 de
810 2909 334 42 menace...

341 2981 322 60 L'ouvrier
707 2998 37 40 a
791 2979 400 76 monopolisé
1241 2980 358 58 l'attention
1644 2982 59 55 et
1737 2979 62 58 la
1838 2980 156 75 pitié
2025 2981 102 75 jus-

265 3071 212 79 qu'ici,
507 3073 58 55 et
588 3069 65 57 la
675 3067 232 60 société
931 3085 63 42 se
1018 3069 78 57 fie
1124 3085 79 41 au
1227 3067 199 60 calme
1450 3073 310 72 apparent
1787 3067 73 59 de
1887 3070 273 76 Jacques

264 3160 395 61 Bonhomme
712 3175 120 59 que
886 3156 309 77 dédaigne
1253 3158 234 73 Joseph
1543 3155 470 61 Prud'homme.
2066 3159 95 57 Au

269 3250 264 59 rebours
593 3247 107 57 des
755 3247 289 58 hommes
1102 3245 84 57 du
1239 3247 190 69 Nord,
1478 3245 99 57 fils
1638 3245 107 59 des
1804 3244 223 74 forêts,
2070 3247 91 58 les

263 3337 264 80 peuples
568 3335 195 59 latins
804 3339 111 54 ont
960 3334 265 59 l'amour
1262 3333 107 58 des
1406 3333 184 60 villes
1627 3352 11 41 :
1675 3333 326 71 autrefois,
2038 3334 46 57 il
2125 3353 38 57 y

260 3447 40 42 a
344 3427 152 60 bien
543 3426 107 58 des
703 3422 243 71 siècles,
1002 3423 57 58 le
1109 3440 149 40 nom
1314 3420 75 59 de
1439 3423 432 76 campagnard
1926 3420 235 61 villicus

263 3516 153 61 était
460 3532 85 42 un
592 3520 200 53 terme
833 3512 75 58 de
949 3511 259 76 mépris,
1246 3516 61 53 et
1346 3511 57 59 le
1446 3528 150 42 nom
1629 3511 75 59 de
1737 3511 62 59 la
1829 3511 151 61 ville
2013 3516 151 56 était
