2437 3961
489 1300 583 151 Critique
1156 1300 223 115 des
1458 1300 504 115 Mœurs

311 2046 73 49 Le
426 2045 122 60 goût
590 2056 98 47 que
729 2045 275 57 marquent
1044 2041 74 48 les
1160 2055 130 47 gens
1331 2055 132 47 pour
1497 2041 42 47 la
1574 2041 277 61 splendeur
1883 2042 91 47 des
2009 2042 185 49 danses

250 2119 129 47 dites
411 2133 27 26 «
476 2116 319 60 serpentines
830 2131 26 27 »
889 2116 202 59 permet
1121 2114 64 47 de
1218 2114 168 47 croire
1417 2114 29 45 à
1482 2128 97 34 une
1620 2114 286 61 prochaine
1938 2114 257 49 élévation

250 2192 62 46 de
341 2190 327 58 l'esthétique
701 2188 269 46 courante.

311 2266 139 44 Dans
481 2261 75 48 les
589 2260 154 48 salles
776 2257 68 50 où
876 2257 244 50 évoluent
1155 2271 85 34 ces
1275 2260 263 47 créatures
1571 2258 63 47 de
1668 2258 191 60 magie,
1892 2258 75 49 les
2001 2261 169 60 specta-

246 2338 138 45 teurs
417 2332 413 50 s'immobilisent
859 2345 64 34 en
956 2345 100 34 une
1080 2335 139 43 sorte
1243 2331 62 47 de
1328 2331 273 59 religieuse
1624 2332 230 61 stupeur.
1882 2332 316 50 L'influence

249 2407 91 48 des
372 2406 246 48 lumières
651 2403 258 48 nuancées
941 2403 85 61 qui
1050 2403 235 60 diaprent
1306 2403 77 47 les
1417 2403 193 48 formes
1639 2403 347 50 exorbitantes
2010 2406 51 47 et
2081 2420 90 34 nua-

246 2493 190 46 geuses
478 2479 93 47 des
614 2477 126 48 fdles
781 2477 76 47 les
900 2476 231 60 acquiert
1163 2478 28 44 à
1229 2474 363 50 l'admiration.
1626 2476 129 48 L'on
1789 2477 194 47 obtient
2018 2478 63 47 de
2112 2491 87 35 ces

243 2552 326 63 négociants,
614 2550 63 47 de
722 2563 87 34 ces
850 2548 239 58 commis,
1126 2562 100 34 une
1258 2549 288 61 sympathie
1586 2549 366 48 intellectuelle
1993 2564 100 47 que
2137 2564 65 35 ne

243 2628 188 58 purent
459 2624 187 62 jamais
677 2623 111 47 leur
819 2622 134 47 ravir
981 2622 75 48 les
1091 2636 207 33 œuvres
1332 2620 75 50 les
1440 2624 115 59 plus
1578 2622 371 48 miraculeuses
1988 2624 61 47 de
2076 2623 94 48 Sha-

247 2696 268 61 kespeare,
555 2696 62 47 de
650 2694 202 60 Gœthe,
889 2693 221 59 d'lbsen,
1145 2695 62 46 de
1240 2693 267 49 Whistler
1538 2708 66 34 ou
1638 2695 63 47 de
1736 2695 186 48 Rodin.

307 2769 69 47 Ils
417 2768 360 48 s'intéressent
817 2766 253 49 vraiment
1113 2782 99 31 aux
1259 2766 270 47 diffusions
1563 2768 49 47 et
1646 2782 97 33 aux
1775 2769 419 47 concentrations

245 2841 258 49 alternées
534 2841 92 47 des
657 2839 187 58 lignes.
878 2839 102 47 Les
1014 2839 163 61 spires
1211 2839 64 47 de
1309 2840 259 58 couleurs,
1605 2840 63 46 de
1700 2840 208 61 teintes,
1936 2841 63 47 de
2023 2840 175 48 reflets

247 2916 87 61 qui
362 2914 174 49 virent
566 2914 184 45 autour
781 2912 91 46 des
904 2911 251 59 hanches,
1192 2912 92 46 des
1315 2911 200 61 bustes,
1554 2912 93 47 des
1679 2912 227 61 jambes,
1943 2914 91 47 des
2067 2914 132 48 têtes

243 2987 235 49 reculées
510 2989 127 44 dans
669 2986 47 47 le
749 2985 268 48 lumineux
1046 2986 231 60 mystère
1312 2985 91 47 des
1436 2985 114 47 feux
1585 2999 212 45 rouges,
1833 2989 155 55 verts,
2014 2986 156 48 bleuâ-

242 3062 106 46 tres
471 3060 110 47 cela
622 3057 74 48 les
739 3057 147 48 attire
929 3058 50 50 et
1009 3057 75 47 les
1118 3056 93 48 fixe
1243 3057 121 47 hors
1399 3057 64 47 de
1493 3057 112 47 leur
1638 3057 179 48 sottise
1858 3060 340 49 coutumière.

307 3131 85 47 Un
425 3133 76 45 art
533 3130 127 48 neuf
687 3130 350 48 évidemment
1068 3144 61 33 va
1159 3130 180 48 naître.
1378 3131 251 58 Wagner,
1662 3130 127 47 dans
1820 3130 48 47 la
1901 3131 300 49 décoration

250 3204 62 47 de
346 3217 83 33 ses
462 3204 225 56 drames,
722 3206 135 44 avait
890 3202 223 48 cherché
1145 3202 27 47 à
1206 3202 165 58 saisir,
1405 3216 92 47 par
1531 3203 92 47 des
1647 3215 218 48 moyens
1889 3203 305 61 analogues,

247 3276 50 45 la
327 3274 140 49 force
501 3273 219 48 émotive
754 3274 91 47 des
878 3273 187 50 foules.
1102 3273 132 47 Mais
1262 3288 95 33 son
1379 3274 152 59 génie
1558 3277 112 56 plus
1695 3274 329 61 conceptuel,
2049 3279 123 58 peut-

247 3348 127 58 être,
411 3359 98 47 que
541 3345 204 59 formel,
779 3345 301 50 réussissait
1110 3345 170 47 moins
1312 3345 127 47 dans
1470 3347 49 45 le
1553 3345 155 49 détail
1750 3347 92 47 des
1874 3348 327 60 adaptations

252 3419 332 48 extérieures.
619 3419 73 47 Le
723 3418 157 48 ballet
913 3419 91 48 des
1037 3419 379 60 Filles-Fleurs,
1440 3432 91 48 par
1566 3419 251 61 exemple,
1851 3422 225 58 possède
2100 3436 101 34 une

249 3493 190 45 beauté
472 3490 230 47 virtuelle
735 3490 436 50 insuffisamment
1193 3492 235 46 réalisée.

307 3563 74 48 La
415 3564 195 60 grande
645 3563 269 48 séduction
948 3564 87 62 qui
1055 3563 182 48 émane
1262 3565 62 47 de
1348 3565 135 47 cette
1513 3564 159 48 danse
1695 3564 297 49 lumineuse
2016 3579 27 34 a
2065 3580 136 46 pour
