2437 3961
1207 273 114 55 124

945 644 634 60 NOCTURNE

316 870 120 60 Sur
466 869 163 61 l'eau
662 870 179 60 noire
878 879 79 51 où
985 871 292 60 dorment
1307 870 90 60 les
1432 873 259 66 trésors,

305 962 114 57 Les
452 962 240 57 trésors
724 960 368 78 submergés
1127 962 108 58 des
1272 962 229 75 Temps
1534 964 223 68 morts,

309 1051 114 55 Les
447 1051 243 57 trésors
723 1049 75 59 de
828 1049 51 59 si
911 1049 218 60 vieille
1155 1051 330 69 mémoire,

316 1137 169 58 Nous
516 1156 162 41 nous
713 1155 272 42 sommes
1015 1138 282 76 penchés
1329 1155 108 40 sur
1466 1137 164 60 l'eau
1660 1137 197 60 noire.

313 1326 212 60 Laisse
555 1327 131 59 fuir
713 1334 109 54 ton
852 1331 138 56 âme
1024 1345 79 42 au
1136 1329 67 57 fil
1235 1329 76 58 de
1332 1327 161 58 l'eau
1510 1325 10 57 1

309 1416 132 69 Que
470 1434 206 60 vogue
703 1437 149 40 mon
884 1420 139 56 âme
1054 1424 37 52 à
1118 1416 65 60 la
1212 1416 232 60 dérive!

304 1506 85 58 La
414 1504 149 60 lune
588 1506 327 69 mouillée,
951 1524 80 40 au
1058 1506 189 59 blanc
1275 1506 169 72 halo,

300 1593 150 58 Erre
471 1593 157 60 dans
658 1594 57 60 le
747 1594 203 59 fleuve
983 1597 59 56 et
1068 1613 108 40 sur
1202 1594 62 59 la
1287 1594 152 59 rive.

310 1781 155 58 C'est
497 1799 150 42 mon
676 1785 161 69 âme,
877 1785 58 57 et
962 1783 147 59 c'est
1141 1787 111 55 ton
1288 1783 137 58 âme
1461 1780 195 69 aussi,

303 1871 168 58 Cette
498 1871 354 60 blancheur
882 1890 205 58 vague
1123 1876 58 56 et
1211 1871 331 69 balancée,

308 1959 196 59 Morte
535 1960 289 58 d'amour
854 1962 106 75 qui
995 1961 129 60 s'en
1156 1978 99 54 va,
1287 1960 230 68 lassée,

300 2050 93 56 Au
424 2050 110 74 gré
569 2049 84 58 du
686 2049 112 58 flot
826 2068 157 56 pour
1015 2049 118 59 elle
1166 2048 296 59 obscurci
1482 2068 12 48 ;

296 2235 94 70 Et,
426 2239 141 55 tout
600 2239 249 66 autour,
870 2253 101 41 ces
1001 2235 212 59 reflets
1241 2234 283 60 d'étoiles

303 2324 217 59 Semés
551 2342 124 41 aux
701 2324 126 78 plis
859 2324 106 58 des
996 2323 302 59 funèbres
1329 2323 221 69 voiles,

305 2413 161 60 C'est
496 2413 139 59 leur
667 2417 245 55 escorte
943 2412 75 58 de
1057 2430 230 59 songes
1313 2417 225 55 morts.

301 2600 93 58 Où
424 2599 266 61 vont-ils
717 2604 144 53 tous
894 2601 102 57 ?...
1033 2600 302 75 Vont-ils,
1373 2618 149 40 sous
1555 2597 161 60 l'eau
1748 2597 200 73 noire,

300 2690 159 57 Vers
484 2689 92 58 les
612 2690 243 57 trésors
883 2688 319 76 d'antique
1231 2691 307 58 mémoire

299 2779 176 58 Jadis
503 2778 446 75 submergés...
983 2794 142 42 vers
1157 2778 90 58 les
1269 2780 380 57 Trésors?...

1485 2969 184 73 ÉMILE
1716 2985 317 58 COTTINET.
