2437 3961
258 1300 169 102 LES
509 1300 546 102 HISTOIRES
1136 1300 124 102 DE
1344 1300 201 104 SEM
1634 1300 114 102 ET
1817 1300 372 104 JAPHET

554 2035 96 56 LE
694 2033 248 61 JEUNE
990 2032 287 61 HOMME
1333 2032 106 58 AU
1494 2028 366 62 MONOCLE

322 2284 144 61 Mon
526 2286 196 59 vieux
778 2284 346 61 camarade
1174 2287 216 58 James
1442 2284 61 80 (à
1552 2284 109 79 qui
1716 2284 132 61 l'on
1909 2284 119 60 fait
2095 2305 86 40 un

240 2376 197 60 crime
470 2375 196 61 d'être
698 2377 326 60 bourreau
1058 2375 76 59 de
1167 2376 319 74 Londres;
1526 2375 406 78 pourquoi?)
1964 2378 216 58 James

240 2465 342 62 s'autorisa
628 2465 76 61 de
745 2466 64 58 la
844 2465 377 61 familiarité
1265 2466 87 60 du
1391 2466 268 70 dessert,
1703 2483 216 41 verres
1959 2467 214 77 épars,

238 2556 225 61 taches
492 2556 76 60 de
605 2557 112 59 vin
751 2559 60 58 et
855 2574 241 60 propos
1142 2555 305 74 dissolus,
1505 2573 167 61 pour
1720 2556 301 60 affleurer
2081 2574 99 42 ses

238 2664 256 62 genoux
548 2665 81 41 au
678 2646 239 60 niveau
977 2646 77 60 de
1098 2645 64 60 la
1207 2646 206 72 table;
1466 2646 146 78 puis
1661 2646 354 78 balançant
2065 2664 116 42 son

234 2756 184 42 verre
489 2738 76 60 de
621 2742 191 73 porto
873 2737 167 61 ainsi
1100 2738 233 77 qu'une
1392 2738 342 71 antithèse,
1797 2737 369 77 l'incongru

234 2827 190 61 lâcha
457 2828 459 79 cyniquement
946 2845 124 41 une
1105 2827 319 59 certitude
1465 2846 10 40 :

318 2941 33 32 «
398 2918 397 71 Gentlemen,
832 2916 59 61 le
919 2917 194 79 jeune
1160 2917 261 58 homme
1465 2918 110 78 qui
1622 2935 164 42 nous
1823 2933 246 61 occupe
2098 2933 65 42 se

234 3010 317 59 nommait
583 3008 115 59 Joe
736 3008 362 69 Mœrmeks,
1155 3024 166 59 pour
1371 3010 130 66 sûr,
1556 3007 64 78 je
1673 3006 103 59 l'ai
1828 3024 216 43 connu
2092 3025 77 40 en

233 3119 322 61 personne
593 3099 339 71 naturelle,
963 3099 65 78 je
1053 3100 273 79 possède
1369 3118 126 41 une
1537 3099 274 59 damnée
1854 3096 314 62 mémoire

235 3190 76 61 de
343 3190 186 60 chien
553 3206 11 55 ;
601 3190 62 77 je
696 3206 160 42 vous
889 3187 60 61 le
983 3189 122 72 dis,
1128 3190 65 79 je
1228 3192 132 58 suis
1390 3194 130 54 sûr.

314 3279 116 60 J'ai
470 3299 85 40 vu
598 3280 78 60 de
715 3280 374 60 charmants
1133 3298 300 61 garçons,
1481 3280 230 78 depuis
1762 3297 122 61 que
1929 3276 64 79 je
2036 3278 133 59 suis

231 3372 355 71 bourreau,
625 3370 168 60 mais
844 3370 322 61 vraiment
1214 3389 70 42 ce
1334 3373 110 58 Joe
1498 3369 288 61 détenait
1818 3369 58 61 le
1908 3369 256 72 brevet;

231 3458 237 63 affable
502 3477 151 42 avec
681 3459 91 60 les
805 3459 219 61 dames
1056 3462 210 76 âgées,
1305 3460 264 63 attentif
1588 3460 58 61 le
1669 3459 158 79 long
1851 3459 109 60 des
1981 3458 157 60 vieil-

229 3551 180 59 lards
480 3549 266 74 diserts;
816 3553 58 57 et
931 3551 302 78 toujours
1283 3549 514 80 irréprochable.
1858 3551 50 58 Il
1954 3548 219 61 faisait
