2437 3961
1173 356 113 57 120

269 515 517 80 hypothécaires,
832 512 63 58 la
950 511 319 76 propriété
1347 508 92 57 est
1497 507 198 76 payée
1755 508 36 52 à
1839 503 185 59 l'Etat
2098 521 74 42 en

265 607 211 59 moins
509 605 75 58 de
617 602 185 76 vingt
834 616 134 43 ans.

341 694 180 58 Ainsi
550 697 181 54 notre
766 687 407 61 codification
1195 689 58 57 et
1281 689 182 54 notre
1493 680 383 78 répartition
1907 680 74 57 de
2010 678 130 58 l'im-

260 786 114 77 pôt
421 784 286 58 écartent
766 779 58 59 le
885 776 239 79 capital
1158 776 75 59 de
1288 775 63 57 la
1410 779 168 53 terre
1625 774 37 54 à
1705 767 273 78 laquelle
2011 767 46 57 il
2088 771 87 56 est

264 870 382 69 nécessaire,
710 870 58 57 et
827 868 132 76 qui,
997 883 150 42 sans
1178 863 113 69 lui,
1328 880 76 41 ne
1464 865 154 73 peut
1674 857 359 77 prospérer.
2086 857 88 58 La

269 960 381 79 supériorité
681 958 74 58 de
796 955 65 60 la
893 954 421 60 constitution
1351 949 279 77 agricole
1664 945 279 78 anglaise
1973 962 162 59 appa-

269 1053 126 57 raît
444 1047 405 61 visiblement
882 1062 117 60 par
1048 1062 100 41 ces
1189 1042 163 58 deux
1393 1040 211 75 signes
1639 1057 13 37 :
1691 1038 238 72 l'usage
1972 1039 37 52 à
2048 1049 121 60 peu

267 1146 149 73 près
447 1137 319 61 universel
799 1153 76 41 en
913 1133 371 78 Angleterre
1321 1132 82 57 du
1431 1128 135 60 bail
1599 1133 34 52 à
1680 1127 197 57 ferme
1906 1124 103 75 qui
2058 1122 116 58 lait

272 1231 76 58 de
374 1226 437 72 l'agriculture
839 1240 122 40 une
993 1219 315 60 industrie
1359 1214 301 79 spéciale,
1697 1217 58 56 et
1787 1213 62 57 la
1881 1211 289 77 quantité

270 1320 77 58 de
406 1316 238 79 capital
677 1331 119 60 que
855 1310 348 77 possèdent
1255 1308 90 59 les
1399 1305 292 59 fermiers
1752 1305 59 54 et
1867 1298 189 78 qu'ils
2097 1317 77 40 ne

270 1407 381 61 craindront
682 1421 113 59 pas
834 1401 337 76 d'engager
1206 1399 157 58 dans
1407 1395 61 57 la
1512 1392 267 60 culture.
1824 1391 105 67 Là,
1958 1388 185 77 l'agri-

269 1496 246 60 culture
550 1495 91 57 est
672 1509 122 41 une
838 1486 386 80 profession,
1256 1501 122 41 une
1421 1481 274 60 carrière
1737 1475 380 61 recherchée
2154 1496 12 47 ;

269 1604 83 42 on
385 1607 36 57 y
451 1584 118 58 fait
597 1583 268 57 souvent
896 1595 69 41 sa
982 1576 274 68 fortune,
1293 1574 90 57 les
1411 1570 301 77 capitaux
1754 1567 89 58 lui
1877 1566 295 59 viennent

267 1693 77 41 en
377 1670 201 78 grand
614 1668 267 59 nombre
917 1668 57 56 et
1006 1663 205 59 tandis
1257 1678 118 60 que
1408 1674 117 45 nos
1581 1655 409 60 cultivateurs
2034 1655 102 53 ton-

264 1764 152 59 dent
462 1780 108 40 sur
613 1777 85 39 un
749 1757 135 58 œuf
919 1757 59 56 et
1032 1752 350 61 cherchent
1423 1754 37 52 à
1496 1746 307 77 dépenser
1848 1743 58 58 le
1963 1740 209 57 moins

260 1849 309 82 possible,
618 1848 168 66 c'est,
835 1862 79 41 en
968 1840 393 77 Angleterre,
1417 1843 34 52 à
1495 1835 109 77 qui
1662 1837 229 54 mettra
1930 1829 59 58 le
2032 1828 140 77 plus

263 1941 291 77 d'argent
592 1955 108 40 sur
728 1936 58 58 le
822 1933 115 59 sol.

344 2032 124 56 Par
499 2027 162 59 suite
692 2025 75 57 de
810 2023 95 58 cet
941 2025 129 53 état
1106 2020 75 57 de
1222 2017 246 66 choses,
1516 2013 59 59 le
1618 2027 241 61 paysan
1904 2006 255 59 souffre.

264 2119 122 59 Nul
416 2135 77 41 ne
524 2116 80 57 l'a
658 2112 207 78 plaint
912 2106 322 79 jusqu'ici.
1298 2105 166 56 Dans
1514 2102 58 59 la
1630 2098 180 59 Terre
1820 2143 11 25 ,
1895 2094 150 58 Zola
2094 2092 80 57 l'a

268 2206 237 61 bafoué
538 2220 148 41 sans
720 2200 155 76 pitié
908 2200 57 56 et
997 2213 146 40 sans
1176 2191 405 76 intelligence
1617 2209 13 47 ;
1688 2187 155 57 dans
1888 2201 96 41 ses
2027 2182 111 75 pré-

268 2295 349 61 tentieuses
1048 2289 252 57 Pensées
912 2333 11 24 ,
964 2285 208 57 l'abbé
1214 2282 202 68 Roux,
1460 2276 210 78 prêtre
1714 2290 143 43 sans
1904 2270 261 66 charité,

268 2388 59 58 le
360 2381 223 63 définit
614 2376 162 60 ainsi
813 2394 11 40 :
857 2393 32 39 «
923 2373 307 69 Qu'est-ce
1261 2385 118 60 que
1412 2366 58 59 le
1502 2381 239 61 paysan
1759 2364 26 56 ?
1808 2379 85 39 un
1916 2360 256 57 homme

268 2473 300 61 informe.
618 2489 33 35 »
686 2467 90 58 On
802 2481 78 40 ne
909 2464 150 56 veut
1081 2458 141 59 voir
1255 2475 75 40 en
1373 2455 92 59 lui
1524 2450 528 80 qu'abaissement
2117 2446 58 55 et

272 2555 435 82 dégradation,
740 2571 80 39 on
857 2549 92 59 lui
988 2547 212 59 refuse
1238 2545 64 57 la
1341 2543 231 76 justice
1610 2544 59 56 et
1703 2539 65 57 la
1812 2530 361 85 sympathie

270 2647 370 80 auxquelles
672 2643 47 57 il
750 2661 36 39 a
818 2638 170 60 droit
1022 2652 243 43 comme
1317 2639 141 52 tout
1511 2635 153 63 etre,
1713 2647 83 41 on
1845 2642 325 61 appiouve

269 2740 164 61 ainsi
462 2737 65 57 la
562 2728 324 83 partialité
922 2726 73 58 de
1029 2726 60 57 la
1120 2724 88 59 loi
1243 2723 150 57 dont
1429 2721 45 57 il
1502 2723 92 55 est
1623 2717 281 59 victime.

348 2831 47 56 A
423 2826 174 58 force
627 2818 193 61 d'être
849 2816 333 76 dédaigné,
1220 2812 57 58 le
1319 2827 242 61 paysan
1604 2825 63 42 se
1709 2804 310 75 dédaigne
2052 2801 91 58 lui-

269 2917 206 63 même
510 2934 13 37 :
557 2911 59 57 le
648 2907 142 79 plus
829 2903 216 59 infime
1091 2898 496 79 gratte-papier,
1632 2896 58 58 le
1750 2892 254 58 dernier
2064 2889 106 59 des

267 3000 568 69 saute-ruisseaux,
884 2992 91 58 lui
1013 2992 209 77 paraît
1261 2986 335 76 supérieur
1642 2991 35 50 à
1714 2980 361 59 lui-même.
2123 2977 49 57 11

265 3097 135 60 voit
425 3090 261 80 partout
711 3080 348 71 l'autorité,
1088 3097 159 57 pour
1285 3074 278 77 laquelle
1618 3071 47 57 il
1705 3067 193 80 garde
1948 3085 84 38 un
2072 3065 67 57 in-

265 3174 499 74 vraisemblable
818 3174 269 74 respect,
1149 3165 203 60 même
1408 3160 366 77 lorsqu'elle
1831 3157 93 58 lui
1975 3152 195 80 prend

268 3293 117 44 son
415 3270 243 75 argent.
695 3265 81 56 Le
802 3278 97 41 roi
949 3260 180 66 Lear,
1187 3255 156 57 dans
1398 3254 159 56 cette
1599 3253 256 71 étrange
1907 3244 263 58 lucidité

269 3381 121 62 que
421 3364 207 55 donne
660 3353 65 58 la
755 3351 155 59 folie
942 3366 125 39 aux
1111 3358 432 64 personnages
1582 3339 75 58 de
1714 3337 454 74 Shakespeaie,

270 3450 221 64 exhale
526 3447 157 58 cette
715 3438 218 80 parole
970 3455 12 40 :
1016 3457 33 36 «
1093 3437 93 56 Tu
1216 3451 67 40 as
1323 3450 84 39 vu
1445 3447 83 41 un
1572 3428 185 60 chien
1798 3425 75 60 de
1915 3422 260 61 fermier

270 3545 239 73 aboyer
537 3536 216 58 contre
791 3546 86 41 un
922 3523 349 68 mendiant,
1322 3523 58 56 et
1437 3518 64 57 la
1564 3518 289 57 créature
1916 3509 259 64 s'enfuir
