2437 3961
1154 368 115 60 114

261 520 113 70 est,
404 536 75 41 en
515 517 212 59 bonne
761 517 229 76 partie,
1027 518 133 59 issu
1195 518 75 60 de
1301 517 62 60 la
1409 522 188 66 terre,
1636 535 108 42 car
1782 518 89 61 les
1904 522 262 78 charges

261 607 269 78 grevant
571 605 63 58 la
693 606 325 75 propriété
1066 606 173 60 bâtie
1277 609 59 55 et
1372 624 128 40 non
1523 606 172 58 bâtie
1734 612 151 55 sont
1913 609 254 63 lourdes

262 700 223 55 autant
527 710 121 60 que
693 694 269 58 variées.
997 696 83 57 Le
1119 695 245 76 budget
1423 695 246 58 devrait
1728 699 375 59 ressembler
2134 705 36 53 à

258 803 122 41 une
413 799 234 61 pompe
680 784 326 75 aspirante
1046 786 57 56 et
1133 784 286 58 foulante
1461 803 10 39 :
1508 790 316 71 pompant
1866 785 90 60 les
1987 805 147 44 reve-

259 892 122 39 nus
418 873 108 58 des
554 889 405 60 campagnes,
992 873 47 57 il
1067 873 248 58 devrait
1347 893 39 57 y
1420 873 391 79 développer
1844 893 77 41 en
1952 882 219 56 retour

258 962 65 58 la
355 960 386 78 production
778 967 58 52 et
865 960 64 59 la
955 960 299 60 richesse.
1297 960 147 59 Cela
1480 960 155 59 n'est
1687 979 113 60 pas
1836 981 11 39 :
1904 963 267 77 l'argent

261 1051 132 59 s'en
416 1068 73 41 va
519 1049 107 59 des
659 1048 238 76 poches
935 1049 84 59 du
1049 1067 244 60 paysan
1329 1067 147 42 sans
1509 1051 202 58 servir
1735 1068 114 42 son
1882 1052 234 60 intérêt
2153 1073 13 41 :

258 1157 83 42 un
375 1139 151 59 tiers
563 1156 81 41 au
679 1138 212 60 moins
934 1138 84 59 du
1054 1139 243 77 budget
1352 1138 276 76 français
1673 1157 63 41 se
1782 1141 318 59 condense
2136 1147 34 55 à

258 1230 200 67 Paris,
496 1231 61 55 et
587 1245 84 39 un
703 1230 180 54 autre
915 1227 152 59 tiers
1094 1227 155 60 dans
1282 1227 90 60 les
1404 1227 269 76 grandes
1702 1227 186 61 villes
1922 1230 74 58 de
2027 1249 108 56 pro-

258 1317 207 60 vince.
485 1317 79 57 Ce
596 1333 274 59 manque
896 1316 75 58 de
997 1316 375 77 proportion
1406 1316 258 60 n'existe
1696 1335 114 58 pas
1838 1335 76 41 en
1938 1319 195 76 Angle-

258 1413 168 52 terre
482 1413 81 50 où
616 1404 435 78 l'agriculture
1103 1409 90 54 est
1231 1424 75 41 en
1362 1409 266 73 progrès
1679 1411 297 55 constant
2011 1426 11 41 :
2081 1407 90 60 les

261 1496 157 59 trois
450 1495 220 76 quarts
705 1495 107 57 des
844 1494 311 76 dépenses
1187 1493 344 77 publiques
1568 1513 60 39 se
1669 1496 361 74 répandent
2063 1514 108 39 sur

258 1583 93 59 les
383 1598 407 60 campagnes,
830 1585 83 68 et,
950 1599 149 42 avec
1131 1581 90 59 les
1253 1599 269 41 revenus
1566 1583 107 58 des
1719 1583 449 75 propriétaires

263 1675 62 55 et
366 1670 107 59 des
522 1669 315 71 fermiers,
875 1669 412 60 contribuent
1315 1675 33 52 à
1386 1689 37 58 y
1466 1677 217 70 porter
1743 1668 430 62 l'abondance

263 1764 62 55 et
380 1758 65 60 la
484 1758 122 58 vie.
666 1759 84 57 De
783 1760 204 58 même
1027 1776 119 58 que
1193 1758 63 58 la
1297 1764 169 52 terre
1499 1759 262 75 produit
1800 1758 58 60 le
1900 1759 131 60 foin
2063 1759 108 78 qui

262 1851 248 57 revient
543 1847 246 60 ensuite
822 1847 329 58 l'enrichir
1189 1865 149 40 sous
1366 1847 203 58 forme
1602 1847 75 58 de
1722 1847 258 70 fumier,
2016 1846 124 61 l'ar-

261 1943 151 73 gent
468 1955 120 58 que
638 1936 259 76 produit
930 1937 58 58 le
1033 1954 242 58 paysan
1319 1936 249 77 anglais
1597 1943 61 51 et
1689 1936 154 76 qu'il
1899 1938 207 57 donne
2138 1941 37 54 à

262 2027 188 59 l'Etat
503 2042 243 42 comme
799 2025 226 76 impôt,
1062 2025 118 57 fait
1236 2028 219 55 retour
1509 2030 36 53 à
1593 2025 62 58 la
1692 2028 168 55 terre
1917 2025 156 59 dont
2129 2025 47 58 il

266 2114 354 76 développe
649 2114 63 57 la
746 2112 245 60 culture
1029 2133 11 39 :
1075 2114 166 58 ainsi
1300 2112 224 59 doit-il
1557 2131 78 40 en
1669 2114 155 58 être.
1886 2115 83 56 Le
2027 2131 112 41 con-

261 2204 194 59 traire
484 2206 92 56 est
606 2202 122 59 mis
761 2220 76 41 en
873 2202 291 78 pratique
1187 2224 12 36 :
1221 2204 521 75 «patience,mon
1777 2202 399 70 ami,»disait

262 2293 60 59 le
366 2293 130 58 bon
546 2291 157 74 loup
732 2295 35 52 à
803 2309 85 38 un
938 2293 115 56 âne
1103 2290 151 76 qu'il
1301 2290 291 59 dévorait
1627 2310 13 49 ;
1692 2290 165 57 ainsi
1904 2289 175 76 parle
2115 2289 57 58 le

263 2383 502 76 gouvernement
827 2397 126 40 aux
1006 2379 379 60 laboureurs
1439 2378 277 75 français
1767 2397 11 39 :
1839 2382 36 54 à
1928 2379 244 75 chaque

262 2470 245 74 budget
550 2469 92 57 les
686 2468 238 74 impôts
957 2468 75 57 de
1065 2467 64 58 la
1159 2473 169 53 terre
1374 2469 412 74 augmentent
1819 2469 58 57 et
1921 2467 57 58 le
2022 2484 116 59 pay-

265 2576 113 42 san
412 2559 91 56 est
535 2556 354 73 davantage
936 2561 319 71 pressuré.

345 2647 114 57 Les
511 2643 429 76 agriculteurs
1000 2646 374 75 composant
1420 2661 76 41 en
1541 2643 288 75 majeure
1875 2642 204 77 partie
2115 2642 61 58 la

266 2733 383 79 population
685 2732 74 57 de
784 2733 260 66 France,
1066 2731 48 58 il
1147 2731 236 59 semble
1411 2750 118 58 que
1557 2732 59 58 le
1641 2732 165 58 Code
1834 2732 153 58 civil
2017 2750 36 40 a
2088 2731 89 57 dû

265 2826 303 75 apporter
600 2839 85 39 un
728 2821 140 58 soin
897 2820 243 77 spécial
1173 2825 35 53 à
1239 2823 294 73 protéger
1568 2821 459 75 l'agriculture.
2064 2821 108 70 Or,

270 2930 148 42 sous
451 2928 122 42 une
606 2909 348 77 prétendue
986 2911 381 75 protection,
1405 2910 46 57 il
1482 2910 304 58 l'entrave
1820 2911 59 57 et
1928 2909 214 73 l'empê-

270 3000 114 60 che
419 3004 39 54 à
507 3001 144 56 tout
708 2996 232 76 jamais
974 2999 75 57 de
1109 3000 363 75 prospérer.
1501 2999 96 57 Au
1631 2996 546 60 commencement

270 3091 86 59 du
388 3088 214 67 siècle,
652 3089 178 72 gâtés
854 3103 114 60 par
999 3085 91 60 les
1134 3086 323 59 doctrines
1493 3088 106 57 des
1634 3085 443 76 Physiocrates
2120 3086 58 56 et

270 3197 116 60 par
418 3177 64 59 la
511 3177 248 58 théorie
795 3174 74 58 de
915 3174 65 58 la
1024 3180 173 54 rente
1231 3175 75 59 de
1364 3175 272 57 Ricardo
1672 3179 58 53 et
1767 3173 74 58 de
1876 3173 299 70 Malthus,

271 3268 90 58 les
393 3265 284 78 juristes,
713 3281 124 40 aux
891 3281 166 59 yeux
1094 3263 291 77 desquels
1418 3263 62 58 la
1531 3263 245 60 culture
1809 3279 76 41 ne
1942 3260 206 60 consis-

271 3356 118 59 tait
423 3372 120 61 que
578 3354 155 57 dans
771 3352 469 76 l'exploitation
1274 3353 106 58 des
1415 3352 280 76 qualités
1724 3351 348 77 premières
2097 3349 85 59 du

276 3445 114 71 sol,
411 3461 63 42 se
505 3442 349 60 refusaient
882 3445 35 55 à
940 3443 136 56 voir
1103 3442 155 58 dans
1273 3441 416 76 l'agronomie
1715 3457 121 41 une
1869 3437 313 60 industrie

277 3531 353 62 semblable
663 3537 37 54 à
729 3533 210 56 toutes
969 3528 92 61 les
1089 3530 350 58 industries
1467 3551 13 37 :
1521 3530 72 59 de
1630 3532 161 56 cette
1814 3528 138 59 idée
1974 3526 210 58 fausse
