2296 3782
155 199 77 48 284

707 213 78 26 LES
819 213 195 27 OEUVRES
1049 207 273 34 RÉCEMMENT
1357 208 254 35 EXÉCUTÉES

203 303 319 41 L'INSATIABLE
546 320 105 35 MER,
677 311 146 33 POÈME
844 318 196 33 LYRIQUE
1066 321 55 24 DE
1145 305 66 41 M.
1244 305 224 50 ROMILLY,
1501 322 200 33 MUSIQUE
1726 324 54 24 DE
1799 308 61 41 M.
1886 308 86 41 CH.
1997 309 159 42 NEVEU

149 371 166 51 (UNION
340 386 265 32 ARTISTIQUE
627 388 58 26 DU
706 388 72 25 xiv
784 381 14 19 e
821 374 424 51 ARRONDISSEMENT)

1257 407 5 5 .
1280 398 42 4 —
1340 375 208 42 Présidée
1566 392 78 37 par
1660 377 62 39 xM.
1742 377 182 51 Mauge,
1938 379 38 39 la
1999 381 162 38 société

148 442 212 37 musicale
385 443 74 49 qui
481 456 22 25 a
523 455 110 38 pour
658 445 98 37 titre
779 440 26 42 Y
816 442 143 40 Union
980 449 219 47 artistique
1221 444 55 38 du
1293 443 114 40 XIV
1408 452 10 15 e
1456 447 360 38 arrondissement
1838 456 65 30 est
1922 452 238 47 composée

148 508 52 39 de
221 510 240 39 musiciens
486 520 241 38 amateurs,
751 511 239 40 chanteurs
1017 520 40 31 et
1082 513 396 48 instrumentistes,
1505 515 75 49 qui
1604 518 229 36 exécutent
1870 515 77 40 des
1983 529 176 26 œuvres

148 574 130 42 d'une
297 579 274 49 importance
595 577 322 42 considérable.
947 577 88 42 Sur
1056 580 37 39 le
1114 581 176 39 dernier
1315 595 289 38 programme
1625 581 240 51 figuraient
1889 597 85 26 une
1987 584 172 49 grande

147 646 140 49 partie
303 647 54 38 de
377 646 9 39 1
407 649 194 38 oratorio
620 648 77 39 des
718 647 181 40 Saisons
917 649 53 38 de
996 647 175 52 Haydn,
1199 649 37 40 la
1269 651 114 39 suite
1406 651 53 39 de
1479 651 24 39 Y
1509 650 271 49 Artésienne,
1802 664 84 27 une
1911 661 174 31 cantate
2105 653 53 39 de

150 711 215 52 Rameau,
391 723 80 31 etc.
508 715 101 40 Ceci
634 724 64 31 est
745 722 87 33 très
873 715 178 41 louable
1089 726 40 31 et
1172 718 134 49 digne
1339 719 53 39 de
1430 727 99 31 tous
1574 729 416 40 encouragements.
2033 718 126 43 Cette

149 783 267 38 association
440 793 64 30 est
522 784 169 49 dirigée
712 798 80 37 par
816 799 59 25 un
900 785 127 51 jeune
1045 786 234 47 musicien,
1305 785 62 40 M.
1394 785 83 41 Ch.
1505 785 169 49 Neveu,
1700 790 75 49 qui
1799 802 39 32 a,
1870 802 174 26 comme
2071 790 85 39 l'on

148 850 78 49 dit,
262 850 37 39 le
320 849 70 41 feu
424 857 137 34 sacré.
586 852 30 40 Il
642 851 142 41 forme
815 853 77 39 des
924 853 160 46 élèves,
1105 854 27 38 il
1174 854 62 40 les
1280 854 75 40 fait
1397 859 171 48 répéter
1603 854 345 54 fréquemment,
1990 858 28 38 il
2062 858 95 40 leur

146 918 205 52 explique
369 920 38 38 la
426 919 301 51 signification
751 922 78 38 des
853 935 175 26 œuvres
1047 922 106 52 qu'il
1179 922 79 40 fait
1281 924 278 50 interpréter,
1587 933 40 31 et
1648 925 28 38 il
1721 923 97 41 finit
1854 939 80 38 par
1977 925 178 40 obtenir

147 987 76 38 des
247 990 254 38 exécutions
532 998 94 31 tout
663 995 21 33 à
710 989 77 41 fait
812 989 343 41 satisfaisantes.
1184 990 118 42 C'est
1334 995 128 49 grâce
1487 997 21 34 à
1551 993 77 39 des
1670 995 270 50 entreprises
1981 994 113 39 dans
2118 995 38 39 le

148 1068 136 36 genre
308 1056 52 39 de
381 1057 163 40 celle-ci
568 1072 84 37 que
677 1059 62 39 les
762 1060 152 50 jeunes
944 1061 288 47 générations
1276 1070 266 41 acquerront
1563 1061 38 38 le
1640 1067 110 44 goût
1770 1061 53 40 de
1867 1063 38 38 la
1950 1064 207 51 musique

146 1137 109 37 pure
277 1133 40 30 et
341 1124 241 41 fermeront
602 1126 116 40 leurs
744 1127 176 40 oreilles
941 1141 82 25 aux
1048 1127 206 49 ignobles
1280 1127 187 41 refrains
1486 1129 77 39 des
1588 1129 117 40 cafés
1731 1130 253 41 chantants.

201 1191 63 41 La
283 1198 157 35 séance
463 1195 108 38 dont
593 1195 38 51 je
655 1195 120 51 parle
802 1197 116 38 avait
943 1195 87 40 lieu
1054 1196 112 39 dans
1188 1196 38 39 la
1249 1196 109 40 salle
1381 1197 77 40 des
1482 1196 109 41 fêtes
1629 1199 58 39 du
1729 1198 150 41 Palais
1914 1198 238 42 d'Orléans

144 1258 190 53 (avenue
354 1262 57 39 du
430 1261 185 52 Maine).
640 1262 127 41 Cette
791 1264 108 39 salle
923 1273 65 31 est
1012 1277 124 27 assez
1155 1266 246 50 spacieuse,
1429 1268 112 38 mais
1577 1266 84 40 elle
1683 1272 205 46 présente
1927 1283 59 25 un
2020 1283 136 36 grave

144 1330 317 40 inconvénient
489 1343 7 26 :
525 1329 353 54 l'emplacement
903 1332 53 40 de
978 1331 255 42 l'orchestre
1256 1342 65 31 est
1355 1348 52 26 au
1443 1338 145 36 même
1625 1337 159 38 niveau
1813 1350 85 37 que
1923 1336 62 40 les
2010 1338 146 48 sièges

146 1397 77 40 des
249 1398 244 41 auditeurs.
521 1399 106 40 Cela
651 1402 94 38 nuit
781 1406 307 34 énormément
1119 1406 20 34 à
1177 1402 38 38 la
1247 1404 213 38 sonorité.
1495 1402 117 40 Mais
1651 1417 54 26 ne
1747 1417 302 27 savons-nous
2074 1419 80 37 pas

150 1479 85 37 que
256 1464 126 42 Paris
403 1476 65 32 est
494 1468 38 38 la
548 1468 103 40 ville
675 1469 56 39 du
757 1470 163 39 monde
941 1469 38 39 la
1005 1470 100 51 plus
1134 1470 258 52 dépourvue
1415 1472 54 38 de
1493 1471 133 39 salles
1647 1472 53 39 de
1721 1481 199 31 concerts
1940 1477 69 35 ?...

202 1533 63 40 M.
294 1533 82 41 Ch.
398 1534 170 51 Neveu,
593 1538 73 50 qui
691 1546 64 30 est
776 1552 59 25 un
856 1536 102 41 chef
973 1540 243 48 énergique
1256 1547 40 31 et
1317 1537 243 51 fougueux,
1587 1548 65 31 est
1674 1540 252 50 également
1968 1555 154 39 compo-

150 1604 151 38 siteur.
329 1602 31 40 Il
382 1617 114 27 nous
515 1619 21 25 a
560 1605 147 39 donné
737 1606 38 38 la
812 1607 217 49 première
1053 1607 140 50 partie
1228 1605 131 41 d'une
1382 1621 152 26 œuvre
1568 1608 172 52 lyrique
1774 1609 202 40 intitulée
2009 1607 120 42 Ylnsa-

146 1670 125 40 tiable
290 1684 88 26 mer
386 1703 7 14 ,
419 1672 106 40 dont
550 1673 38 39 le
611 1679 158 45 poème
790 1682 64 31 est
878 1674 52 39 de
955 1673 59 39 M.
1038 1673 211 53 Romilly.
1272 1673 126 42 Cette
1426 1677 217 50 première
1660 1679 141 49 partie
1826 1686 65 31 est
1910 1692 87 26 une
2020 1679 133 52 idylle

146 1738 231 40 bretonne.
403 1738 63 42 Le
499 1741 198 47 récitant,
742 1755 53 26 en
835 1757 56 24 un
928 1742 219 52 prologue
1185 1741 85 42 fort
1313 1745 225 50 poétique,
1577 1750 172 47 évoque
1792 1746 38 39 le
1869 1745 165 51 village
2076 1750 74 49 qui

143 1806 174 41 s'accote
337 1823 53 24 au
410 1823 128 25 creux
559 1810 50 38 de
630 1809 40 39 la
685 1810 164 51 falaise
856 1842 9 15 ,
891 1820 40 30 et
955 1809 29 41 il
1025 1812 187 39 termine
1235 1825 75 26 sur
1330 1826 47 25 ce
1399 1826 99 27 vers
1519 1824 7 27 :

469 1951 49 30 La
546 1963 75 19 mer
636 1951 93 42 feint
745 1953 39 31 de
805 1953 137 30 dormir
966 1965 6 20 :
998 1952 64 33 elle
1083 1965 41 19 ne
1146 1955 78 30 dort
1243 1955 144 38 jamais,

141 2131 76 26 sur
236 2119 145 52 lequel
406 2117 254 42 l'orchestre
683 2129 176 31 entame
883 2134 59 26 un
967 2120 106 51 long
1097 2122 184 49 prélude
1303 2129 56 33 où
1385 2126 203 48 apparaît
1632 2122 38 40 le
1710 2123 147 40 thème
1890 2125 236 38 caractéris-

143 2188 120 51 tique
283 2188 53 39 de
355 2188 37 38 la
415 2202 107 33 mer,
550 2188 114 40 dans
685 2189 39 39 le
750 2189 128 39 mode
899 2189 279 51 hypodorien
1203 2202 6 26 :

193 3441 127 42 Cette
342 3456 115 39 page
480 3444 348 52 symphonique,
864 3448 75 48 qui
979 3446 135 40 décrit
1153 3449 340 42 musicalement
1533 3450 62 41 les
1628 3454 265 41 sentiments
1931 3454 77 41 des
2032 3456 116 42 deux

136 3524 243 28 amoureux
398 3526 9 24 :
433 3510 285 43 Rose-Marie
741 3521 40 32 et
805 3512 174 51 lannik,
1005 3524 66 32 est
1115 3514 83 42 fort
1217 3517 296 42 adroitement
1529 3521 148 40 écrite.
1710 3520 61 42 M.
1816 3520 83 42 Ch.
1927 3521 152 42 Neveu
2121 3540 20 23 a
