2753 3975
407 3696 65 37 LA
519 3685 122 48 CITÉ

1389 3688 84 47 128

2098 3705 222 46 JANVIER
2370 3706 90 37 1920

593 404 60 42 Le
677 420 283 34 programme
985 403 193 41 d'Horta
1201 419 47 24 se
1272 402 225 41 condense
1521 418 54 25 en
1603 401 117 40 deux
1744 410 117 31 mots
1894 417 8 23 :
1930 403 330 47 enseignement
2308 402 85 38 inté-

459 475 105 50 gral.
594 476 111 41 Basé
731 491 70 25 sur
828 473 267 43 l'utilisation
1122 474 77 40 des
1225 472 223 51 aptitudes
1498 471 265 50 esthétiques
1791 471 78 40 des
1895 470 159 47 élèves,
2085 470 26 41 il
2141 471 106 41 tend
2274 474 26 37 à
2328 486 85 25 une

461 545 147 42 habile
630 545 208 42 coalition
864 545 57 40 de
945 555 145 31 toutes
1112 544 63 41 les
1197 547 190 38 sciences
1411 561 55 23 au
1491 542 135 51 profit
1651 542 56 40 de
1731 541 25 41 Y
1764 544 387 47 épanouissement
2175 544 235 47 artistique.

461 617 372 50 Judicieusement
865 617 227 48 adaptées,
1128 615 63 42 les
1224 615 192 41 diverses
1450 614 198 41 données
1679 615 210 47 positives
1924 613 57 42 de
2015 612 40 41 la
2086 615 72 38 vie
2189 623 101 30 sont
2322 628 60 23 em-

462 687 182 50 ployées
677 687 100 41 àla
813 688 239 40 formation
1087 686 276 51 particulière
1398 685 77 41 des
1509 689 152 45 jeunes
1695 686 183 44 artistes,
1918 683 56 40 de
2010 683 100 41 telle
2145 693 117 30 sorte
2330 699 84 33 que

462 758 112 41 leurs
604 758 308 50 intelligences,
949 761 145 37 mieux
1126 757 326 44 documentées,
1487 758 142 38 soient
1659 754 98 50 plus
1787 757 282 46 pénétrantes
2101 765 43 29 et
2176 754 111 40 leurs
2318 770 71 24 sen-

459 829 180 40 sibilités
666 829 97 49 plus
788 829 187 49 souples.
1005 829 264 40 Autrement
1297 827 75 45 dit,
1402 827 26 40 il
1455 829 91 37 vise
1574 843 54 23 au
1657 828 240 37 maximum
1927 826 55 39 de
2012 825 224 40 fécondité
2264 842 80 32 par
2372 824 40 41 la

460 898 204 49 synthèse
691 899 102 41 d'un
820 902 329 46 enseignement
1171 898 176 49 général
1373 900 238 47 approprié
1637 909 42 29 et
1705 897 55 40 de
1786 897 362 48 l'enseignement
2173 898 235 47 artistique.

462 970 157 48 Quelle
646 970 116 40 belle
792 970 218 40 tendance
1039 973 25 36 à
1093 969 259 41 l'harmonie
1382 968 310 49 pédagogique
1722 978 43 29 et
1794 967 179 39 sociale!
2009 967 80 39 Par
2119 983 84 23 une
2233 966 179 50 pareille

462 1040 213 41 méthode
706 1052 64 29 est
801 1040 213 41 effectuée
1045 1039 39 41 la
1119 1040 324 40 réconciliation
1478 1039 76 39 des
1584 1038 146 40 élèves
1761 1049 44 29 et
1838 1038 78 40 des
1946 1055 127 23 cours
2104 1038 303 48 scientifiques.

462 1110 68 40 De
561 1111 108 48 plus,
704 1128 111 31 pour
846 1111 171 40 donner
1046 1114 25 37 à
1104 1111 179 40 l'artiste
1313 1127 83 24 une
1429 1109 159 41 facilité
1622 1109 56 40 de
1711 1109 142 40 dessin
1886 1111 72 47 qui
1991 1109 57 40 lui
2078 1119 217 39 permette
2328 1123 84 25 une

462 1182 250 40 réalisation
747 1184 114 38 aisée
896 1182 54 39 de
984 1198 67 24 ses
1084 1180 297 50 conceptions,
1420 1180 142 40 Horta
1598 1182 228 46 préconise
1858 1196 57 24 un
1952 1182 329 46 enseignement
2316 1181 72 47 pré-

462 1269 106 23 coce
607 1269 8 23 :
647 1252 11 40 l
681 1255 80 45 âge
794 1252 286 40 d'admission
1114 1263 64 29 est
1208 1252 84 40 fixé
1324 1255 25 36 à
1389 1252 9 39 1
1416 1250 22 40 3
1474 1267 88 23 ans.
1601 1250 232 50 Pourquoi,
1868 1253 25 37 à
1925 1253 99 37 côté
2057 1251 78 39 des
2166 1249 246 41 humanités

461 1325 234 37 anciennes
717 1334 42 29 et
783 1323 247 43 modernes,
1059 1332 272 39 opportunes
1355 1321 355 49 spécialisations,
1738 1337 54 23 ne
1817 1338 78 32 pas
1921 1323 119 37 créer
2065 1321 76 40 des
2166 1321 246 39 humanités

461 1395 271 46 artistiques?
764 1393 42 40 A
829 1404 69 29 cet
920 1395 328 46 enseignement
1273 1393 58 40 du
1357 1392 156 44 dessin,
1542 1392 205 39 donnons
1770 1408 85 23 une
1879 1392 107 39 base
2010 1391 278 46 rationnelle;
2315 1391 97 50 plus

462 1462 56 40 de
542 1463 299 40 déformation
863 1463 179 40 visuelle
1065 1480 79 33 par
1169 1462 196 50 l'emploi
1389 1463 76 39 des
1488 1462 200 40 modèles
1709 1462 377 45 conventionnels,
2113 1466 109 36 mais
2247 1462 164 40 l'étude

463 1532 178 50 d'après
665 1544 155 29 nature
853 1533 145 49 (flore,
1030 1533 145 46 faune,
1204 1532 138 50 figure
1369 1532 229 50 humaine)
1633 1542 55 40 et,
1717 1549 54 24 en
1799 1549 82 29 sus,
1912 1549 114 33 pour
2053 1533 61 41 les
2140 1532 269 45 architectes,

463 1603 41 40 la
538 1606 310 42 construction,
884 1607 72 46 qui
990 1614 76 35 est,
1104 1603 122 41 selon
1262 1603 285 50 l'expression
1582 1606 247 37 évocatrice
1864 1603 205 47 d'Horta,
2107 1603 41 41 la
2183 1603 137 50 figure
2356 1603 58 40 de

460 1673 329 40 l'architecture.

596 1815 59 40 La
690 1815 204 40 nouvelle
929 1815 122 40 école
1086 1815 115 42 d'art
1234 1827 64 29 est
1333 1816 164 40 divisée
1532 1832 53 23 en
1621 1819 104 37 trois
1761 1816 155 49 degrés
1958 1833 9 23 :
2005 1816 122 40 école
2161 1816 56 41 de
2252 1817 158 45 dessin,

463 1885 124 40 école
611 1885 230 49 technique
866 1886 77 39 des
965 1896 88 30 arts
1077 1885 250 46 décoratifs,
1354 1886 228 41 académie
1605 1886 149 49 royale
1780 1887 77 39 des
1880 1886 265 41 beaux-arts.
2178 1902 22 25 «
2226 1887 160 49 Equiva-

464 1954 111 42 lents
604 1972 85 24 aux
718 1956 155 49 degrés
902 1959 215 46 primaire,
1152 1973 160 32 moyen
1343 1967 42 30 et
1413 1959 221 46 supérieur
1665 1957 56 40 de
1749 1957 362 50 l'enseignement
2140 1959 190 48 général,
2364 1958 50 40 ils

463 2025 152 41 aident
639 2028 26 37 à
689 2025 288 41 sélectionner
1004 2026 61 41 les
1089 2027 145 40 élèves
1258 2027 122 41 selon
1408 2027 89 41 leur
1522 2030 196 46 capacité
1746 2040 41 29 et
1814 2028 61 40 les
1899 2028 177 40 besoins
2102 2028 110 41 réels
2240 2029 55 40 de
2322 2029 90 40 leur

463 2095 249 49 profession
747 2111 39 24 ».
822 2095 137 41 Outre
993 2097 55 40 de
1079 2097 220 49 judicieux
1331 2115 126 23 cours
1489 2101 232 45 généraux,
1756 2099 373 48 parachèvement
2163 2100 55 39 de
2251 2100 40 40 la
2324 2100 66 40 for-

463 2169 168 38 mation
670 2167 173 45 initiale,
886 2167 40 40 la
964 2170 166 37 section
1169 2170 301 47 préparatoire
1507 2179 232 39 comporte
1774 2185 57 24 un
1873 2173 328 46 enseignement
2240 2170 143 40 métho-

467 2236 131 49 dique
626 2236 58 40 du
712 2237 155 40 dessin.
898 2236 54 42 Et
978 2254 52 24 en
1058 2238 181 45 celui-ci,
1271 2238 115 41 nulle
1413 2238 232 42 recherche
1674 2240 55 39 de
1757 2240 321 48 spécialisation
2115 2259 8 22 :
2154 2241 61 40 les
2243 2242 145 48 profes-

462 2323 119 24 seurs
607 2323 55 25 ne
688 2316 169 32 tentent
883 2307 101 49 qu'à
1011 2308 165 40 former
1204 2309 78 39 des
1309 2309 289 41 dessinateurs
1625 2310 181 40 cultivés
1832 2322 42 29 et
1901 2311 179 40 habiles.
2113 2313 141 45 Aussi,
2287 2312 125 50 qu'ils

462 2393 47 23 se
539 2377 218 40 destinent
783 2381 25 36 à
836 2377 327 46 l'architecture,
1195 2381 25 38 à
1248 2379 40 40 la
1316 2382 209 47 peinture,
1558 2383 24 36 à
1611 2381 40 40 la
1678 2381 218 49 sculpture
1925 2400 55 21 ou
2010 2382 125 49 qu'ils
2163 2400 45 22 se
2238 2382 174 42 lancent

463 2447 380 42 immédiatement
871 2448 109 41 dans
1009 2449 39 40 la
1077 2452 70 37 vie
1175 2452 153 46 active,
1359 2450 60 40 les
1448 2450 160 49 leçons,
1641 2455 71 46 qui
1742 2452 193 40 forment
1963 2470 57 23 un
2050 2454 120 47 cycle
2200 2454 207 49 complet,

464 2518 92 40 leur
587 2529 148 29 seront
766 2522 254 45 précieuses.
1059 2520 67 40 De
1157 2520 108 49 plus,
1303 2521 109 39 dans
1444 2521 359 49 l'enseignement
1835 2540 175 32 moyen,
2050 2525 57 38 de
2138 2528 145 38 même
2315 2528 72 46 spé-

463 2588 82 40 cial
578 2600 44 29 et
653 2589 189 47 général,
879 2600 113 29 cette
1025 2593 117 37 unité
1176 2607 94 24 sera
1305 2605 157 26 encore
1495 2595 251 39 maintenue
1779 2610 55 23 un
1870 2611 68 28 an,
1977 2595 76 39 des
2087 2595 212 40 éléments
2334 2596 78 40 des

464 2661 104 38 trois
598 2668 87 31 arts
715 2662 121 37 étant
865 2660 222 49 inculqués
1117 2663 24 37 à
1172 2672 108 29 tous.
1316 2661 217 42 Combien
1563 2674 113 29 cette
1705 2664 192 40 réforme
1928 2677 63 28 est
2020 2676 103 39 apte
2155 2669 25 37 à
2212 2682 200 26 ramener

463 2728 111 41 dans
605 2729 39 40 la
675 2732 296 38 construction
1003 2730 149 41 l'unité
1184 2731 252 41 décorative
1470 2734 202 48 disparue
1705 2735 154 48 depuis
1892 2746 92 30 tant
2017 2736 230 41 d'années!
2281 2736 129 41 Voici

465 2798 233 47 d'ailleurs,
728 2802 179 46 précisé,
937 2800 38 40 le
1000 2804 220 38 caractère
1244 2802 56 40 de
1324 2819 72 23 ces
1420 2803 157 40 classes
1610 2822 7 22 :
1648 2821 21 24 «
1699 2805 98 40 Plus
1822 2823 159 24 encore
2008 2807 101 49 qu'à
2135 2807 155 41 l'école
2315 2811 73 46 pré-

463 2871 234 47 paratoire,
728 2870 10 40 1
759 2873 329 46 enseignement
1112 2883 63 29 est
1199 2873 220 46 utilitaire;
1446 2874 26 40 il
1499 2886 63 29 est
1588 2875 135 50 dirigé
1749 2877 364 48 principalement
2138 2895 98 23 vers
2260 2879 130 40 l'exer-

463 2942 91 37 cice
583 2939 78 41 des
688 2941 270 49 professions
987 2942 277 42 considérées
1291 2961 55 23 au
1374 2947 125 47 point
1529 2946 55 39 de
1611 2962 85 24 vue
1725 2947 78 40 des
1829 2951 336 39 connaissances
2192 2953 222 46 pratiques

465 3010 361 49 indispensables.
860 3012 34 40 L
913 3015 328 47 enseignement
1269 3031 28 32 y
1323 3017 90 38 vise
1442 3018 25 37 à
1498 3016 164 41 former
1693 3018 76 40 des
1799 3018 291 42 dessinateurs
2119 3020 208 49 capables
2358 3021 56 39 de

465 3097 234 33 composer
727 3081 11 40 1
760 3094 242 34 ornement,
1036 3084 77 40 des
1141 3087 190 46 peintres
1358 3089 280 40 connaissant
1665 3088 40 40 la
1734 3092 200 46 pratique
1962 3101 43 29 et
2032 3090 60 41 les
2119 3090 140 50 règles
2287 3091 56 41 de
2372 3091 40 40 la

465 3155 296 46 composition
801 3154 313 46 ornementale,
1157 3155 77 40 des
1271 3155 262 47 modeleurs,
1577 3158 76 40 des
1690 3159 240 49 sculpteurs
1968 3172 44 29 et
2052 3161 76 41 des
2164 3165 250 37 céramistes

464 3233 134 37 ayant
626 3223 77 39 des
728 3226 334 38 connaissances
1088 3224 257 51 analogues;
1375 3226 76 41 des
1477 3231 182 38 artisans
1686 3242 43 29 et
1756 3230 78 40 des
1859 3231 229 49 employés
2114 3232 58 39 du
2198 3231 216 42 bâtiment

464 3303 134 38 ayant
624 3292 12 41 1
655 3294 224 42 ensemble
909 3294 76 41 des
1012 3299 334 40 connaissances
1374 3296 248 52 théoriques
1651 3301 55 40 de
1733 3301 42 40 la
1802 3305 309 43 construction,
2144 3303 77 40 des
2249 3303 81 40 lois
2358 3303 56 40 de

463 3361 40 41 la
531 3367 295 45 composition
855 3365 76 40 des
959 3365 178 42 édifices
1165 3366 58 41 du
1251 3371 140 45 passé,
1422 3369 55 40 de
1504 3369 40 41 la
1572 3374 160 46 genèse
1760 3383 43 29 et
1831 3372 56 40 de
1914 3372 210 42 l'histoire
2153 3374 77 40 des
2257 3374 151 48 styles;

463 3449 53 24 en
542 3450 57 24 un
624 3445 106 34 mot,
760 3435 10 40 1
792 3438 328 47 enseignement
1144 3455 24 23 a
1194 3455 113 32 pour
1330 3438 80 42 but
1436 3440 57 40 de
1519 3440 166 42 former
1711 3442 78 40 des
1815 3445 194 39 ouvriers
2036 3444 28 40 d
2085 3445 100 39 élite
2210 3456 134 36 ayant
2370 3443 40 44 la
