2753 3975
1356 3660 80 48 121

2054 3666 224 47 JANVIER
2331 3664 91 37 1920

357 3680 70 37 LA
475 3678 124 39 GITE

324 304 461 55 REVUE
955 300 54 45 M
1071 296 154 47 EN
1289 294 29 46 S
1380 286 445 50 UELLE
1996 278 445 50 BELGE

1079 402 170 91 LA
1358 371 330 117 CITÉ

582 547 382 49 URBANISME
1024 557 34 34 ©
1121 535 513 53 ARCHITECTURE
1693 547 35 34 B
1789 530 127 48 ART
1968 529 218 47 PUBLIC

914 651 937 78 RECONSTRUCTION

917 769 124 46 DES
1104 752 288 60 RÉGIONS
1461 743 390 64 DÉVASTÉES

2037 935 324 59 NUMÉRO
2391 945 31 45 7

436 957 260 61 ANNÉE

653 1299 675 81 L'Harmonie
1392 1290 718 87 Urbanistique

541 1624 59 39 Le
625 1620 234 42 manifeste
887 1616 53 41 de
967 1615 39 40 la
1034 1615 41 40 S.
1104 1612 52 42 U.
1188 1612 44 41 B.
1260 1626 109 34 paru
1396 1608 111 41 dans
1532 1606 38 40 le
1596 1606 185 40 numéro
1808 1603 56 40 de
1889 1599 251 51 septembre
2170 1598 55 40 de
2257 1612 22 26 «
2307 1594 62 44 La

408 1695 97 42 Cité
530 1710 22 24 »
578 1693 200 40 débutait
801 1691 105 38 -ainsi
936 1705 9 22 :

543 1780 23 24 «
600 1761 281 42 L'évolution
915 1756 161 43 sociale
1109 1756 73 48 qui
1213 1752 258 40 caractérise
1504 1763 85 26 une
1621 1748 176 47 époque
1829 1758 55 26 ne
1914 1740 154 42 réalise
2102 1739 40 41 le
2175 1737 197 50 complet

408 1837 389 49 épanouissement
844 1831 56 40 de
924 1845 67 25 ses
1016 1825 265 53 possibilités
1306 1838 85 36 que
1415 1818 250 52 lorsqu'elle
1690 1833 53 24 en
1770 1825 63 31 est
1858 1815 169 40 arrivée
2050 1815 26 37 à
2100 1813 120 39 créer
2245 1819 100 31 auto-

407 1908 319 47 matiquement
750 1917 85 25 une
859 1900 229 40 harmonie
1112 1894 188 43 sensible
1326 1894 111 39 dans
1461 1892 38 39 le
1523 1889 145 42 milieu
1696 1889 54 38 où
1775 1895 114 31 cette
1913 1883 227 42 évolution
2164 1897 49 25 se
2236 1880 108 41 déve-

408 1979 133 50 loppe
570 1992 39 25 ».

540 2048 127 40 Cette
695 2045 230 40 harmonie
952 2060 23 22 a
1006 2043 69 38 été
1105 2039 180 41 réalisée
1314 2053 85 24 aux
1426 2034 79 42 XII
1512 2038 11 12 e
1554 2044 42 29 et
1626 2031 96 42 XIII
1766 2029 151 42 siècles
1946 2044 78 33 par
2055 2026 9 40 1
2086 2026 98 39 élan
2216 2025 124 39 démo-

406 2121 195 47 cratique
629 2119 72 48 qui
728 2118 122 38 avait
877 2115 71 39 été
975 2111 40 41 le
1043 2125 150 36 germe
1223 2107 56 41 de
1309 2116 143 32 toutes
1483 2105 62 41 les
1574 2102 320 50 organisations
1922 2096 184 43 sociales
2135 2106 45 31 et
2206 2097 137 38 écono-

407 2193 169 46 miques
602 2189 56 39 de
684 2187 11 40 1
716 2190 177 46 époque
919 2184 77 40 des
1020 2196 259 26 communes
1303 2177 301 51 productrices
1629 2184 43 29 et
1696 2174 247 48 prospères.

540 2259 118 40 C'est
684 2274 49 23 ce
760 2264 288 32 mouvement
1074 2251 133 41 social
1235 2253 32 37 si
1293 2250 155 39 accusé
1476 2248 71 47 qui
1574 2262 23 23 a
1625 2243 179 51 produit
1832 2241 77 40 des
1937 2255 172 25 œuvres
2137 2237 123 41 telles
2286 2250 85 35 que

408 2333 60 39 les
493 2330 182 42 beffrois
699 2340 42 28 et
767 2328 60 40 les
852 2325 137 41 halles
1015 2325 56 40 de
1096 2321 148 45 Gand,
1274 2320 55 40 de
1356 2320 175 47 Bruges,
1564 2315 274 50 d'Ypres...;
1867 2326 172 27 œuvres
2067 2309 303 48 d'expression

406 2406 132 41 saine,
570 2401 180 40 robuste
778 2410 42 28 et
848 2394 368 44 essentiellement
1244 2408 54 24 en
1326 2391 243 43 harmonie,
1601 2404 54 23 en
1683 2386 301 42 communion,
2016 2396 107 26 avec
2152 2379 40 41 le
2220 2377 146 42 milieu

406 2477 55 37 où
486 2471 259 42 l'évolution
771 2467 160 43 sociale
953 2484 20 23 s
992 2468 105 38 était
1119 2462 258 50 accomplie.

517 2557 25 33 Il
568 2556 80 33 faut
675 2553 218 33 considérer
919 2551 31 33 le
977 2549 137 33 beffroi
1140 2548 45 32 de
1211 2547 141 39 Bruges
1378 2558 85 19 sans
1490 2543 36 32 la
1552 2544 120 40 partie
1698 2541 219 39 supérieure
1945 2539 63 39 qui
2034 2551 23 26 y
2083 2550 20 18 a
2131 2537 58 31 été
2215 2537 153 38 ajoutée

406 2631 47 19 au
484 2615 70 35 XV
559 2617 12 14 e
600 2613 128 37 siècle;
758 2612 32 32 le
820 2610 136 34 beffroi
987 2608 43 34 de
1061 2608 168 32 Tournai
1260 2619 86 19 sans
1376 2605 52 33 les
1458 2601 230 35 contreforts
1719 2602 62 38 qui
1813 2612 23 28 y
1867 2606 65 25 ont
1963 2600 57 29 été
2053 2595 198 41 appliqués
2283 2604 83 21 Vers

407 2675 32 33 le
467 2674 87 33 XIV
560 2677 11 13 e
599 2673 128 37 siècle;
755 2671 32 33 le
816 2671 137 33 beffroi
981 2668 46 33 de
1055 2666 120 38 Gand,
1204 2680 87 18 sans
1319 2664 157 34 l'œuvre
1505 2665 150 30 récente
1685 2659 45 33 de
1761 2657 332 44 parachèvement.

539 2779 63 40 La
632 2775 188 44 richesse
851 2784 44 31 et
928 2773 41 41 la
1001 2772 257 41 renommée
1292 2768 77 41 des
1402 2767 133 41 foires
1566 2776 44 31 et
1644 2764 77 41 des
1753 2760 200 43 marchés
1985 2761 197 47 acquises
2214 2774 79 33 par
2328 2755 41 43 la

407 2850 268 50 production
701 2847 333 47 démocratique
1061 2842 79 41 des
1164 2855 260 26 communes
1449 2840 178 38 avaient
1653 2835 79 41 fait
1756 2850 87 24 aux
1869 2831 95 42 XIP
1991 2841 44 30 et
2060 2829 96 42 XIII
2164 2833 11 13 e
2200 2827 165 46 siècles,

409 2921 55 40 de
491 2937 71 24 ces
588 2919 125 41 villes
738 2915 306 45 marchandes,
1075 2914 56 41 de
1156 2911 239 42 véritables
1422 2908 159 42 nœuds
1610 2907 55 41 de
1693 2904 207 43 relations
1927 2899 371 45 internationales.

540 2991 60 41 La
627 2989 253 41 circulation
908 2983 310 44 commerciale
1245 2993 119 30 avait
1390 2979 213 52 éparpille
1630 2995 66 24 ses
1724 2974 336 45 debarcaderes,
2091 2988 68 25 ses
2185 2974 184 38 stations

412 3062 287 49 d'hivernage
734 3071 43 30 et
810 3076 68 24 ses
914 3057 125 41 relais
1074 3072 142 34 parmi
1270 3054 60 40 les
1382 3068 121 33 pays.
1542 3050 177 44 Venise,
1758 3047 216 48 Limoges,
2032 3043 335 44 Valenciennes,

409 3133 156 50 Ypres,
592 3132 177 49 Bruges,
794 3128 278 49 Hambourg,
1098 3125 118 47 Baie,
1242 3136 98 34 etc.,
1366 3134 78 31 ont
1466 3124 69 39 été
1557 3120 62 42 les
1641 3118 189 52 grandes
1851 3120 153 47 étapes
2029 3115 58 41 du
2114 3130 22 25 «
2163 3116 151 39 réseau
2341 3128 24 25 »

409 3205 56 39 de
487 3213 149 31 routes
658 3210 350 40 commerçantes
1032 3198 56 41 de
1112 3198 10 40 1
1143 3200 190 47 époque.

542 3275 104 40 Aux
674 3273 197 41 endroits
901 3270 55 42 de
985 3287 71 24 ces
1083 3271 165 47 étapes,
1282 3268 228 48 désignées
1542 3280 78 34 par
1650 3262 76 41 des
1754 3276 151 25 causes
1935 3257 365 51 géographiques,
2332 3255 40 41 le

410 3345 124 41 trafic
558 3344 77 41 des
658 3342 329 42 marchandises
1009 3341 49 41 fit
1080 3342 241 39 construire
1344 3337 78 42 des
1445 3336 173 49 dépôts,
1644 3344 43 30 et
1709 3349 79 25 son
1813 3334 288 47 importance,
2127 3345 101 24 sans
2251 3344 121 24 cesse

412 3416 318 50 grandissante,
766 3414 151 42 donna
948 3429 86 25 aux
1065 3411 137 41 halles
1232 3426 86 25 une
1343 3407 206 51 ampleur
1579 3402 331 45 monumentale
1942 3412 43 30 et
2014 3417 53 26 en
2102 3400 48 42 fit
2182 3399 61 42 les
2274 3399 98 50 plus

410 3489 245 47 imposants
680 3485 180 42 édifices
885 3483 123 43 civils
1033 3483 58 41 du
1117 3499 162 33 moyen
1305 3484 96 46 âge.
