2753 3975
1383 3625 124 81 134

409 3656 65 35 LA
522 3645 119 46 CITÉ

2128 3659 221 45 JANVIER
2400 3660 90 35 1920

853 291 1186 42 ARCHITECTURE

427 466 262 64 Èchos
740 473 75 56 et
865 465 423 64 Nouvelles

296 620 70 42 LE
390 620 284 43 MOBILIER
698 620 397 50 ECONOMIQUE

362 691 61 41 La
453 692 172 41 Société
655 692 57 41 de
738 692 118 41 l'Art
882 691 209 50 appliqué
1119 708 55 25 au
1202 694 154 38 métier
1383 708 25 23 a

298 753 201 46 organisé
526 750 335 45 dernièrement,
888 767 55 23 au
968 750 339 40 Conservatoire
1333 750 78 40 des

298 819 88 30 arts
417 820 42 29 et
491 811 187 42 métiers,
714 826 85 22 une
830 808 258 49 Exposition
1122 808 56 40 de
1209 807 202 41 mobilier

296 866 106 41 d'un
427 870 220 37 caractère
672 870 302 45 économique,
1002 869 223 47 artistique
1249 877 43 30 et
1314 882 63 25 mo-

300 925 146 40 derne.
482 925 92 41 Elle
604 943 24 22 a
660 925 147 45 voulu,
842 925 56 39 de
929 925 39 39 la
1000 936 128 33 sorte,
1162 925 123 40 aider
1313 927 25 38 à
1368 924 41 40 la

298 986 275 37 renaissance
609 983 153 49 rapide
799 983 76 40 des
943 983 230 40 industries
1208 983 115 40 d'art
1357 999 52 23 en

296 1040 179 46 France,
501 1042 250 40 contribuer
772 1045 25 36 à
819 1041 40 40 la
881 1044 342 37 reconstruction
1248 1041 76 40 des
1345 1043 42 37 ré-

297 1102 126 46 gions
453 1100 183 40 libérées
665 1111 42 29 et
737 1099 215 41 remédier
981 1116 54 23 au
1065 1098 214 49 chômage
1309 1115 75 32 pro-

300 1160 148 46 voqué
484 1158 110 39 dans
627 1157 60 40 les
722 1161 141 36 usines
896 1174 80 32 par
1009 1157 40 40 la
1084 1160 214 37 cessation
1335 1157 76 39 des

300 1215 285 41 fabrications
614 1216 54 39 de
696 1232 163 32 guerre.
890 1215 79 40 Sur
997 1216 76 39 des
1100 1215 199 40 modèles
1328 1218 82 37 très

298 1273 190 49 simples,
523 1274 165 40 fournis
717 1290 78 32 par
826 1274 55 39 de
910 1276 113 37 vrais
1052 1276 168 37 artistes
1256 1291 7 21 :
1296 1273 108 40 MM.

300 1331 144 40 Pierre
513 1331 176 44 Marcel,
762 1331 59 40 M.
861 1330 187 46 Fléchet,
1089 1331 213 40 directeur
1355 1331 54 39 de

298 1388 167 42 l'Ecole
495 1389 166 45 Boulle,
697 1389 58 40 M.
792 1389 224 45 Haubold,
1051 1389 235 40 architecte
1335 1389 75 40 des

300 1458 282 29 monuments
609 1447 271 49 historiques,
911 1457 95 34 etc.,
1037 1464 52 24 en
1119 1447 158 40 faisant
1302 1447 91 40 utili-

300 1521 67 24 ser
398 1505 61 40 les
491 1508 202 37 matières
725 1516 41 29 et
795 1505 62 40 les
889 1521 242 24 ressources
1163 1505 77 40 des
1270 1508 141 37 usines

301 1563 256 45 d'aviation,
587 1580 56 23 on
669 1574 63 29 est
755 1566 140 37 arrivé
919 1566 26 37 à
970 1563 221 49 fabriquer
1217 1563 76 40 des
1318 1580 61 23 mo-

298 1620 148 41 biliers
482 1621 217 48 complets
736 1621 55 41 de
828 1620 127 41 salles
993 1623 26 38 à
1055 1637 182 33 manger
1274 1631 43 31 et
1355 1620 56 41 de

300 1678 233 41 chambres
565 1683 25 35 à
621 1679 199 45 coucher,
857 1679 109 40 dont
997 1679 40 39 le
1068 1683 103 36 coût
1201 1682 155 37 atteint
1387 1682 24 37 à

302 1740 130 46 peine
457 1737 39 40 le
522 1740 99 37 tiers
649 1736 76 41 des
750 1740 94 45 prix
871 1740 70 46 qui
966 1748 99 29 sont
1091 1737 195 40 devenus
1311 1754 75 23 cou-

300 1805 130 30 rants.

367 1853 119 40 C'est
597 1853 186 40 observe
808 1853 39 39 le
875 1853 208 48 «Journal
1110 1853 77 39 des
1213 1852 193 41 Débats»

390 1910 125 50 qu'ils
543 1921 77 29 ont
647 1914 68 36 été
742 1914 287 36 entièrement
1057 1910 221 49 fabriqués
1304 1928 107 23 avec

303 1985 49 24 ce
390 1985 83 33 que
511 1968 90 40 l'on
638 1971 196 47 pourrait
868 1968 181 49 appeler
1101 1968 61 40 les
1203 1984 22 24 «
1265 1968 146 41 laissés

303 2043 112 33 pour
451 2037 179 38 compte
671 2042 22 25 »
738 2027 76 40 des
851 2030 142 36 usines
1032 2027 56 40 de
1125 2043 163 33 guerre.
1332 2026 80 41 Les

301 2085 98 40 bois
426 2088 71 46 qui
525 2088 216 36 servaient
768 2102 53 22 au
849 2084 194 49 fuselage
1072 2084 77 40 des
1175 2087 153 37 avions
1357 2101 54 23 ou

301 2145 26 38 à
362 2142 91 41 leur
503 2145 256 37 carrosserie
809 2159 45 23 se
888 2153 99 29 sont
1038 2142 286 41 transformés
1359 2159 52 23 en

301 2201 127 49 pieds
453 2201 55 39 de
533 2201 152 44 tables,
713 2218 53 23 en
791 2200 79 46 lits,
900 2217 52 24 en
976 2200 171 45 bahuts,
1177 2217 52 23 en
1254 2204 131 36 armoi-

303 2276 85 28 res;
414 2258 26 40 il
467 2276 24 22 a
515 2258 99 40 suffi
642 2258 54 40 de
719 2262 141 36 varier
884 2258 197 49 l'emploi
1108 2258 58 40 du
1191 2258 133 45 hêtre,
1355 2258 57 40 du

301 2316 280 49 châtaignier,
609 2316 57 40 du
691 2319 74 46 pin
791 2316 55 40 de
869 2316 226 49 l'Orégon,
1124 2316 56 40 de
1202 2316 210 40 l'okoubé

304 2375 110 40 dont
439 2392 57 23 on
523 2375 78 40 fait
626 2375 60 39 les
710 2375 145 39 boîtes
879 2377 25 37 à
929 2377 177 47 cigares,
1136 2375 56 39 de
1218 2375 61 39 les
1303 2377 88 46 pâti-

303 2450 76 23 ner
401 2432 280 49 légèrement,
709 2432 55 40 de
787 2432 61 40 les
870 2436 145 36 vernir
1038 2450 56 22 ou
1118 2432 57 40 de
1198 2432 90 40 leur
1311 2450 75 22 con-

302 2507 147 24 server
486 2490 89 40 leur
628 2493 133 37 teinte
813 2490 212 40 naturelle
1077 2507 112 32 pour
1242 2494 171 45 ajouter

303 2548 260 49 l'agrément
597 2549 55 39 de
685 2548 39 39 la
758 2548 177 40 couleur
969 2552 24 36 à
1027 2549 39 39 la
1101 2549 199 39 fantaisie
1335 2551 58 37 rai-

302 2606 215 40 sonnable
540 2607 58 39 du
623 2606 155 40 dessin.

367 2664 348 49 L'organisation
741 2665 56 39 de
818 2674 114 30 cette
956 2667 246 46 exposition
1227 2681 55 23 ne
1305 2681 108 31 pose

302 2739 79 32 pas
418 2722 241 40 seulement
694 2739 58 23 un
788 2722 232 49 problème
1058 2721 231 50 technique
1326 2723 87 39 fort

302 2783 270 41 intéressant,
601 2791 168 29 surtout
794 2783 24 37 à
843 2790 113 30 cette
982 2780 130 40 heure
1140 2783 68 43 où,
1238 2780 109 40 dans
1373 2780 38 40 la

302 2841 141 37 rareté
477 2838 54 40 de
564 2838 40 40 la
636 2841 181 37 matière
849 2841 216 45 première
1098 2848 43 30 et
1173 2855 45 23 sa
1249 2837 159 44 cherté,

301 2896 108 40 c'est
439 2913 80 32 par
550 2913 85 23 une
668 2896 230 49 technique
931 2896 171 40 adroite
1136 2906 42 29 et
1211 2895 202 40 réfléchie

303 2954 135 49 qu'on
469 2954 208 40 résoudra
708 2954 40 40 la
782 2954 184 40 délicate
997 2956 200 47 question
1229 2953 59 40 du
1317 2956 96 45 prix

305 3012 56 40 de
398 3015 178 37 revient.
616 3012 92 40 Elle
747 3029 108 32 pose
892 3029 160 23 encore
1088 3029 57 23 un
1183 3012 230 48 problème

303 3070 132 40 social
475 3070 397 48 particulièrement
910 3081 199 38 pressant
1147 3081 42 29 et
1228 3073 71 46 qui
1339 3069 48 40 dé-

302 3144 128 33 passe
458 3128 57 40 de
542 3128 231 49 beaucoup
803 3128 61 40 les
893 3131 309 46 contingences
1233 3128 58 39 du
1319 3144 62 23 mo-

302 3197 122 29 ment
457 3196 43 30 et
535 3186 55 40 de
641 3186 241 40 l'industrie
935 3186 57 40 du
1043 3185 177 41 meuble
1262 3203 7 22 :
1307 3186 106 40 c'est

302 3243 299 49 l'importante
634 3247 196 46 question
867 3244 56 40 de
955 3244 40 40 la
1028 3247 275 37 renaissance
1336 3243 77 41 des

303 3301 230 40 industries
559 3302 124 39 d'art.

368 3417 271 49 PLAQUES
709 3417 586 42 COMMEMORATIVES.

303 3475 64 42 En
402 3475 174 45 France,
613 3480 124 40 aussi,
774 3494 46 23 se
852 3487 281 30 rencontrent
1167 3476 56 40 de
1255 3476 158 40 braves

1486 470 107 33 gens
1631 455 72 47 qui
1743 454 169 38 croient
1949 467 97 34 que,
2089 466 113 34 pour
2241 465 233 24 conserver
2512 465 87 24 aux

1486 513 278 48 générations
1791 510 165 40 futures
1982 508 41 40 le
2048 511 205 38 souvenir
2279 508 56 40 de
2361 507 42 40 la
2429 524 165 32 guerre,

1486 570 27 40 il
1548 580 65 29 est
1644 571 242 38 nécessaire
1920 567 57 40 de
2010 569 172 38 couvrir
2215 583 81 23 nos
2330 565 178 41 édifices
2542 565 56 39 de

1485 627 182 50 plaques
1731 627 418 40 commémoratives
2196 624 128 41 faites
2356 627 24 36 à
2415 623 39 40 la
2488 623 82 39 dou-

1486 689 135 38 zaine.

1555 759 21 25 «
1617 742 227 50 L'Europe
1880 741 205 40 nouvelle
2121 755 23 26 »
2185 757 45 23 se
2265 755 163 33 moque
2462 741 108 37 aima-

1485 802 197 41 blement
1711 801 133 40 d'une
1874 800 171 40 d'entre
2074 799 103 40 elles
2207 815 53 23 en
2290 814 71 23 ces
2391 808 159 29 termes
2586 813 9 24 :

1555 875 21 25 «
1612 860 58 40 M.
1708 859 176 39 Pacaud
1916 858 205 47 s'occupe
2154 856 78 40 des
2263 856 182 49 plaques
2477 871 90 23 com-

1490 921 311 38 mémoratives
1837 919 84 46 qui,
1958 914 349 44 naturellement,
2342 924 111 29 vont
2486 912 92 40 s'im-

1490 993 130 33 poser
1660 976 176 40 demain
1876 991 69 23 sur
1985 985 97 28 tous
2123 973 60 39 les
2223 981 281 30 monuments
2545 970 56 39 de

1489 1046 141 29 toutes
1658 1034 61 40 les
1746 1033 159 49 places.
1937 1031 64 46 Et,
2034 1032 131 39 hanté
2195 1030 55 39 de
2278 1030 195 48 glorieux
2500 1044 74 24 sou-

1488 1096 143 37 venirs
1667 1095 56 36 où
1757 1108 46 23 se
1839 1090 164 40 mêlent
2038 1088 180 41 Danton
2254 1099 42 29 et
2332 1087 40 40 la
2408 1086 190 40 colonne

1488 1150 251 45 Vendôme,
1782 1149 26 39 il
1850 1167 24 21 a
1914 1148 150 48 rédigé
2103 1163 84 24 une
2226 1147 277 47 proposition
2542 1143 57 40 de

1490 1210 55 39 loi
1578 1225 69 23 sur
1679 1208 40 39 la
1752 1208 124 39 fonte
1909 1206 55 40 de
1998 1215 142 30 toutes
2171 1221 71 23 ces
2274 1203 183 49 plaques
2489 1218 109 23 avec

1490 1268 60 39 les
1587 1282 165 24 canons
1788 1268 87 46 pris
1913 1267 25 36 à
1976 1263 218 40 l'ennemi.
2236 1262 111 40 Mais
2385 1260 59 40 M.
2487 1259 84 40 Lou-

1489 1326 130 39 cheur
1686 1324 56 39 l'a
1811 1322 204 40 dissuadé
2084 1321 105 40 d'un
2241 1319 56 40 tel
2349 1322 158 44 projet.
2546 1316 54 41 Et

1489 1399 173 24 comme
1695 1382 58 40 M.
1791 1380 175 40 Pacaud
1999 1379 251 48 s'indignait
2283 1377 104 39 d'un
2420 1376 57 39 tel
2509 1378 60 37 mé-

1490 1446 86 45 pris
1604 1441 54 40 de
1684 1440 41 40 la
1752 1439 208 40 tradition
1985 1437 239 48 historique
2258 1453 7 21 :
2299 1451 22 24 «
2350 1434 50 49 Je
2427 1450 55 23 ne
2509 1436 60 36 mé-

1489 1503 113 46 prise
1637 1501 126 47 point
1797 1497 40 39 la
1906 1496 220 43 tradition,
2165 1494 57 39 lui
2258 1493 63 40 dit
2387 1492 59 41 M.
2486 1491 84 40 Lou-

1489 1558 142 44 cheur,
1663 1559 120 41 mais,
1815 1553 292 50 aujourd'hui,
2140 1552 60 40 les
2227 1567 165 24 canons
2418 1560 100 29 sont
2545 1565 53 23 en

1489 1619 131 37 acier!
1651 1631 21 24 »
1724 1624 8 12 *

1489 1743 67 42 LE
1583 1742 136 42 PRIX
1746 1740 107 42 DES
1879 1736 362 46 MATERIAUX

1556 1812 74 43 DE
1662 1807 456 45 CONSTRUCTION

1555 1884 28 40 Il
1625 1883 92 40 fera
1758 1881 101 40 cher
1899 1880 112 41 bâtir
2052 1888 113 31 cette
2204 1880 153 42 année,
2401 1885 198 31 constate

1490 1943 24 41 r
1548 1959 22 24 «
1599 1942 238 40 Economie
1864 1940 235 40 financière
2126 1952 39 26 ».
2196 1937 80 40 Les
2302 1934 174 51 briques
2504 1944 97 31 uOnt

1490 2006 24 37 à
1547 2001 56 41 50
1635 2002 142 39 francs
1808 2000 39 39 le
1876 1998 137 45 mille;
2045 1997 60 40 les
2135 1995 238 51 poutrelles
2404 1994 55 40 de
2489 1992 88 42 bâti-

1491 2072 141 30 ments
1672 2063 209 36 viennent
1923 2056 264 41 d'atteindre
2231 2055 57 39 90
2335 2054 162 44 francs;
2540 2051 61 44 les

1491 2123 161 47 pierres
1684 2129 99 29 sont
1815 2121 25 36 à
1875 2116 90 41 800
2002 2114 162 46 francs;
2199 2114 40 39 le
2272 2114 96 39 bois
2404 2113 55 39 de
2494 2128 79 24 con-

1490 2182 207 37 struction
1731 2189 62 28 est
1825 2180 25 36 à
1883 2175 87 40 325
2008 2175 162 44 francs;
2205 2171 60 43 les
2298 2172 123 40 tuiles
2453 2181 147 30 seront

1487 2239 170 39 bientôt
1680 2240 25 36 à
1731 2236 91 40 450
1849 2235 144 41 francs
2017 2244 43 30 et
2084 2236 107 37 ainsi
2216 2232 56 40 de
2296 2234 119 38 suite.

1557 2297 122 40 Dans
1722 2295 60 40 les
1823 2294 221 48 fabriques
2088 2292 55 40 de
2185 2295 162 36 ciment
2389 2288 211 42 Portland

1489 2354 206 46 artificiel,
1724 2354 40 40 la
1789 2355 263 48 production
2077 2368 18 23 s
2114 2354 175 41 accroît,
2318 2352 109 37 mais
2448 2349 63 40 les
2537 2348 41 40 fa-

1488 2416 190 39 bricants
1710 2417 244 45 éprouvent
1986 2412 54 39 de
2071 2414 206 37 sérieuses
2309 2409 235 41 difficultés
2576 2410 23 38 à

1490 2474 401 49 s'approvisionner
1932 2488 54 23 en
2026 2470 219 41 charbons
2287 2479 43 30 et
2370 2468 226 44 souffrent,

1493 2533 54 40 de
1578 2532 94 52 plus
1705 2532 54 40 de
1791 2531 39 41 la
1862 2534 104 37 crise
1999 2530 75 40 des
2107 2539 252 40 transports.
2396 2526 78 43 Les
2507 2528 94 50 prix

1490 2609 111 32 pour
1630 2592 24 39 T
1663 2594 202 37 intérieur
1894 2606 110 33 pour
2034 2588 118 40 mille
2182 2588 111 40 kilos
2325 2604 54 24 en
2408 2603 94 24 sacs
2533 2599 68 30 fur

1490 2668 158 32 wagon
1680 2650 156 49 départ
1865 2660 99 29 sont
1996 2649 55 39 de
2088 2647 99 46 135,
2230 2646 81 41 145
2349 2658 42 28 et
2427 2645 85 41 150
2547 2645 49 43 fr.

1492 2710 113 39 Pour
1641 2709 325 49 l'exportation,
2008 2707 39 40 le
2084 2710 95 46 prix
2231 2709 159 46 unique
2444 2716 63 30 est
2543 2704 58 40 de

1496 2768 11 41 1
1524 2768 21 41 5
1556 2769 25 40 0
1610 2769 153 41 francs.

1554 2828 59 39 Le
1639 2826 176 42 marché
1844 2827 77 39 des
1951 2829 241 38 matériaux
2220 2825 56 40 de
2305 2825 294 39 construction

1490 2898 110 29 reste
1625 2887 138 39 ferme
1787 2897 42 29 et
1853 2886 101 40 bien
1980 2888 178 42 orienté,
2187 2884 40 40 la
2253 2883 222 41 demande
2501 2900 17 23 s
2538 2885 40 39 in-

1490 2946 218 40 tensifiant
1738 2947 411 48 progressivement,
2183 2954 277 30 notamment
2491 2954 108 39 pour

1491 3005 59 40 les
1576 3008 172 45 régions
1776 3005 229 39 dévastées
2032 3003 58 40 du
2116 3003 124 40 Nord
2269 3003 56 39 de
2351 3003 40 39 la
2419 3001 177 42 France.

1556 3064 80 40 Les
1673 3067 96 46 prix
1807 3074 77 30 ont
1919 3080 84 23 une
2043 3062 216 41 tendance
2297 3065 85 37 très
2419 3071 119 32 nette
2577 3063 23 39 à

1489 3123 175 40 hausser
1689 3134 43 29 et
1757 3123 60 39 les
1843 3121 132 42 offres
1998 3132 246 39 engageant
2268 3121 40 40 la
2335 3121 264 51 production

1491 3182 55 40 de
1582 3182 116 40 1920
1727 3193 100 29 sont
1856 3182 125 40 faites
2008 3184 25 36 à
2063 3181 76 40 des
2166 3184 96 45 prix
2290 3180 309 40 sensiblement

1488 3243 242 48 supérieurs
1756 3244 25 36 à
1808 3257 108 23 ceux
1942 3243 121 37 cotés
2089 3239 319 41 actuellement.

1556 3300 33 40 Il
1617 3317 29 32 y
1675 3318 25 22 a
1731 3300 84 40 lieu
1847 3300 56 40 de
1933 3302 177 46 prévoir
2140 3315 84 33 que
2257 3299 61 40 les
2346 3299 127 40 hauts
2505 3301 95 50 prix

1492 3359 77 40 des
1604 3362 242 38 matériaux
1881 3361 176 38 nuiront
2091 3358 230 50 beaucoup
2357 3361 25 37 à
2419 3357 40 41 la
2497 3374 77 24 con-

1488 3421 208 38 struction
1727 3418 314 41 d'habitations
2069 3417 294 51 particulières
2391 3434 54 23 au
2469 3433 131 28 .cours

1493 3477 53 39 de
1577 3488 109 30 cette
1718 3480 118 39 anée.
