2753 3975
393 3691 64 36 LA
506 3680 120 46 CITÉ

1374 3681 84 46 124

2081 3699 222 44 JANVIER
2353 3700 90 35 1920

442 449 113 30 cette
578 438 208 40 chambre
811 440 23 37 à
858 435 187 42 coucher
1068 435 223 41 surélevée
1317 434 56 40 de
1394 433 210 51 quelques
1628 430 198 41 marches
1850 432 85 47 qui,
1963 445 77 33 par
2069 430 36 39 la
2131 429 261 48 disposition

445 509 56 41 de
526 526 46 24 sa
598 509 180 43 fenêtre,
807 508 148 40 donne
981 518 94 30 tant
1101 506 56 40 de
1183 506 178 40 charme
1385 508 26 37 à
1436 503 316 42 l'architecture
1780 502 56 39 de
1862 517 81 24 nos
1968 503 292 46 pittoresques
2288 500 78 38 mai-

447 597 102 24 sons
574 580 255 41 flamandes.

579 650 165 41 Contre
772 649 112 41 l'eau
914 649 59 40 du
999 648 78 44 sol,
1110 648 37 40 le
1176 648 103 49 pied
1309 647 58 40 du
1396 663 95 23 mur
1519 655 63 30 est
1610 644 152 40 enduit
1792 643 56 40 de
1877 642 203 50 goudron
2109 658 174 23 comme
2312 656 84 24 une

447 722 166 49 barque
638 733 42 30 et
706 731 113 29 cette
845 720 113 49 ligne
985 719 177 40 sombre
1187 721 71 46 qui
1287 719 148 39 donne
1462 719 38 38 si
1520 717 99 39 bien
1647 714 40 40 la
1714 717 219 37 sensation
1963 713 27 40 d
2011 729 84 23 une
2121 713 106 39 base
2246 712 148 39 Solide

449 793 89 44 fait,
561 809 107 24 avec
690 792 38 40 la
748 790 239 42 blancheur
1008 790 55 40 de
1084 790 40 40 la
1148 789 169 49 façade,
1343 788 39 40 la
1404 790 132 38 teinte
1557 803 100 23 crue
1679 786 76 39 des
1777 784 142 40 volets
1940 795 43 29 et
2008 783 37 40 la
2068 800 136 32 rouge
2225 783 144 40 colora-

451 865 88 38 tion
575 863 76 39 des
685 861 134 44 tuiles,
855 879 55 22 un
944 860 225 41 ensemble
1202 863 150 37 vivant
1386 860 70 48 qui
1489 873 129 33 perce
1650 855 331 50 agréablement
2015 854 61 40 les
2109 854 174 40 brumes
2319 853 77 39 des

447 933 167 48 plaines
639 932 57 40 du
720 932 134 40 Nord.

579 1003 61 41 En
672 1004 204 43 Brabant,
908 1002 38 40 le
973 1002 63 40 sol
1065 1013 42 29 et
1136 1000 312 49 l'atmosphère
1475 999 94 49 plus
1597 997 275 49 hospitaliers
1900 1006 264 40 permettent
2193 996 76 39 des
2299 995 72 39 fon-

452 1075 173 40 dations
660 1074 94 49 plus
788 1073 245 50 profondes
1068 1084 42 28 et
1145 1072 38 39 la
1218 1073 294 38 construction
1550 1070 26 38 d
1599 1072 159 45 étages.
1797 1068 134 40 Alors
1968 1084 55 32 qu
2045 1084 52 22 en
2135 1066 185 40 Flandre
2357 1066 37 40 la

448 1148 168 37 maison
640 1147 84 38 très
746 1145 126 39 basse
893 1153 62 30 est
976 1159 185 33 presque
1185 1143 55 38 de
1261 1141 245 49 plein-pied
1528 1156 107 24 avec
1658 1140 38 38 la
1721 1148 135 34 route,
1881 1141 50 37 ici
1955 1139 39 38 le
2016 1136 379 42 rez-de-chaussée

449 1232 45 23 se
519 1216 194 39 surélève
741 1215 54 39 de
823 1214 207 49 quelques
1056 1213 197 40 marches
1279 1213 87 39 afin
1394 1211 226 40 d'éclairer
1648 1210 59 39 les
1732 1225 129 24 caves
1888 1225 83 33 que
1999 1208 42 40 la
2067 1219 152 30 nature
2247 1208 57 39 du
2331 1207 62 40 sol

451 1304 22 23 a
501 1289 159 46 permis
686 1286 54 39 de
765 1287 248 38 construire.

583 1355 59 41 La
673 1358 167 37 maison
873 1366 62 29 est
966 1355 94 48 plus
1089 1354 291 40 confortable.
1415 1353 41 40 Si
1490 1352 230 40 l'habitant
1750 1367 45 24 se
1825 1354 184 45 protège
2041 1354 197 45 toujours
2270 1350 55 38 de
2358 1349 37 40 la

448 1427 270 48 bourrasque
743 1426 56 39 du
823 1425 263 44 Sud-Ouest,
1114 1424 38 39 le
1173 1436 104 28 vent
1301 1425 56 38 du
1381 1423 137 44 Nord,
1546 1425 141 37 moins
1712 1421 151 49 glacial
1889 1421 129 49 qu'en
2044 1420 200 45 Flandre,
2273 1431 98 29 auto-

449 1500 80 37 rise
554 1496 76 40 des
656 1496 187 40 fenêtres
870 1496 54 39 de
948 1513 48 22 ce
1020 1498 109 37 côté.
1159 1494 59 40 La
1245 1498 155 37 toiture
1425 1493 161 40 s'élève
1611 1509 111 32 pour
1746 1509 27 31 y
1797 1494 237 46 aménager
2063 1492 76 39 des
2165 1491 231 40 chambres

451 1585 55 32 qu
528 1566 205 41 éclairent
763 1567 76 39 des
868 1566 196 40 lucarnes
1092 1569 23 36 à
1147 1568 163 46 pignon
1364 1566 55 38 de
1448 1565 174 48 briques
1651 1564 263 39 solidement
1944 1565 238 46 maçonnés
2213 1579 52 23 en
2296 1578 75 33 pro-

451 1637 253 49 longement
728 1637 55 39 de
806 1637 37 40 la
870 1636 167 48 façade.
1067 1636 190 48 Pignons
1281 1639 22 36 à
1328 1635 175 49 simples
1528 1644 153 39 pentes
1705 1651 55 22 ou
1784 1637 24 36 à
1833 1634 176 48 gradins
2034 1634 55 38 de
2112 1636 284 46 proportions

452 1712 198 44 toujours
673 1711 32 36 si
730 1712 133 43 justes
889 1710 70 46 qui
986 1707 251 40 rehaussent
1264 1706 37 39 la
1329 1705 305 50 physionomie
1658 1704 207 49 agréable
1893 1704 77 39 des
1997 1707 202 36 maisons.
2230 1703 59 40 La
2317 1706 60 37 toi-

451 1788 104 33 ture,
586 1778 131 39 d'une
743 1788 130 38 pente
898 1794 119 22 assez
1043 1777 132 44 raide,
1203 1777 176 39 s'arrête
1404 1780 23 35 à
1454 1776 39 39 la
1519 1779 223 36 naissance
1768 1775 57 40 du
1850 1778 165 45 pignon
2044 1786 41 29 et
2110 1792 46 23 sa
2183 1777 214 46 gouttière

452 1849 27 39 d
501 1865 82 23 une
611 1848 118 39 seule
756 1863 140 24 venue
923 1864 77 31 par
1030 1849 240 42 économie,
1302 1864 43 22 se
1373 1846 214 49 prolonge
1615 1849 22 37 à
1668 1846 38 40 la
1735 1846 103 40 base
1869 1847 53 39 de
1952 1846 37 39 la
2020 1846 184 39 lucarne.

585 1918 57 40 La
677 1919 153 49 brique
866 1918 95 49 plus
996 1918 175 39 colorée
1209 1918 129 48 qu'en
1375 1916 187 41 Flandre
1597 1933 78 32 par
1711 1916 194 40 endroits
1941 1928 103 37 peut
2079 1933 44 23 se
2158 1933 148 32 passer
2340 1916 58 39 de

453 1989 234 48 badigeon,
726 1992 107 36 mais
867 1989 59 39 les
960 1989 141 39 volets
1135 1988 132 39 d'une
1300 1990 294 37 construction
1630 1990 140 37 moins
1806 1987 132 40 fruste
1971 1997 160 30 restent
2165 1990 141 45 peints
2342 1987 56 39 de

451 2059 198 39 couleurs
667 2061 142 37 <vives.
844 2058 59 40 La
934 2062 181 40 maison,
1148 2058 223 40 surélevée
1400 2058 102 40 d'un
1535 2061 137 45 étage,
1708 2068 171 29 montre
1909 2075 52 22 en
1992 2057 133 40 saillie
2156 2058 59 40 les
2246 2074 150 24 ancres

454 2129 54 40 de
541 2146 78 23 son
652 2132 142 46 gitage
827 2140 41 28 et
902 2129 88 39 leur
1025 2129 147 40 donne
1206 2129 36 39 le
1275 2129 95 47 plus
1402 2140 185 29 souvent
1620 2128 37 40 la
1691 2128 141 40 forme
1866 2129 55 39 de
1954 2128 172 40 chiffres
2158 2145 111 32 pour
2301 2143 71 35 per-

451 2209 155 30 mettre
633 2199 100 40 d'en
761 2199 106 40 fixer
893 2199 38 40 la
959 2199 101 40 date
1086 2199 54 39 de
1164 2202 236 37 naissance.

583 2269 40 40 Si
652 2286 52 23 en
733 2269 186 40 Flandre
948 2270 38 39 le
1014 2269 145 41 climat
1189 2281 41 29 et
1259 2270 38 39 la
1326 2281 150 28 nature
1506 2270 56 39 du
1592 2270 63 39 sol
1686 2286 52 23 ne
1766 2281 265 36 permettent
2060 2286 78 32 pas
2171 2270 53 39 de
2254 2273 143 46 garnir

451 2340 61 40 les
545 2340 177 49 façades
757 2340 256 44 d'arbustes,
1051 2343 49 37 ici
1135 2341 76 39 des
1242 2340 203 49 espaliers
1480 2340 183 40 fruitiers
1696 2343 218 46 grimpent
1946 2357 53 23 au
2033 2340 105 49 long
2170 2341 76 39 des
2280 2357 116 24 murs

451 2421 240 38 apportant
724 2410 88 40 leur
846 2422 95 37 part
975 2411 54 39 de
1061 2414 87 45 joie
1183 2414 23 36 à
1239 2428 83 22 une
1355 2413 216 37 existence
1605 2411 100 49 déjà
1740 2414 141 36 moins
1914 2411 117 40 rude.
2068 2411 164 40 Tandis
2266 2412 128 48 qu'en

452 2479 187 41 Flandre
668 2480 60 40 les
755 2484 192 36 maisons
973 2492 98 29 sont
1098 2484 205 45 espacées
1331 2493 40 27 et
1400 2498 81 32 que
1510 2481 38 40 le
1575 2481 158 49 village
1761 2481 110 41 n'est
1899 2485 213 36 constitué
2142 2498 82 32 que
2251 2499 79 32 par
2357 2480 40 44 le

449 2561 291 38 groupement
763 2550 161 40 central
952 2550 54 39 de
1030 2550 37 40 la
1093 2551 316 45 Grand-Place,
1437 2569 51 22 en
1514 2552 193 40 Brabant
1732 2552 60 40 les
1816 2555 190 37 maisons
2030 2570 44 22 se
2100 2552 296 49 rapprochent

454 2620 58 40 les
536 2637 107 24 unes
668 2621 76 39 des
768 2632 142 29 autres
936 2632 40 29 et
1001 2622 194 40 finissent
1218 2639 79 31 par
1320 2622 162 40 former
1508 2623 76 39 des
1609 2639 94 23 rues
1728 2626 24 36 à
1778 2639 167 24 mesure
1971 2640 83 32 que
2081 2624 9 39 I
2112 2641 55 21 on
2193 2625 204 38 s'avance

449 2707 98 24 vers
573 2690 233 41 l'intérieur
834 2691 55 40 du
917 2709 120 31 pays,
1067 2708 98 23 vers
1189 2690 62 41 les
1278 2693 370 48 agglomérations
1674 2694 96 48 plus
1800 2694 167 39 denses.

585 2761 79 40 Les
696 2764 190 38 maisons
915 2762 198 40 accolées
1144 2766 201 45 séparent
1378 2764 247 47 cependant
1658 2764 110 39 leurs
1801 2767 177 37 toitures
2009 2782 79 31 par
2119 2764 59 40 les
2210 2768 187 46 pignons

451 2834 217 45 mitoyens
693 2834 70 57 cjui
788 2843 273 29 surmontent
1086 2833 54 39 de
1164 2833 207 49 quelques
1396 2837 274 38 centimètres
1697 2851 111 32 pour
1834 2835 162 40 former
2022 2836 194 48 parafeu.

583 2901 120 40 Dans
732 2902 37 39 la
797 2905 137 45 partie
960 2904 201 48 agricole,
1194 2904 36 38 le
1256 2904 103 48 plan
1388 2905 53 39 de
1471 2905 37 39 la
1538 2909 167 36 maison
1735 2918 62 27 est
1824 2909 278 38 étroitement
2130 2907 267 39 commandé

451 2989 78 31 par
557 2989 44 22 sa
630 2971 212 40 fonction.
872 2972 241 41 L'élément
1139 2974 209 48 principal
1379 2985 62 29 est
1468 2975 38 39 la
1536 2993 173 31 grange.
1740 2976 92 40 Elle
1860 2988 63 28 est
1949 2980 234 45 spacieuse,
2215 2995 71 22 car
2316 2977 81 40 elle

452 3058 53 23 ne
526 3053 85 28 sert
634 3059 76 31 pas
733 3042 240 41 seulement
995 3047 23 36 à
1041 3043 386 48 l'engrangement,
1455 3049 106 37 mais
1584 3064 52 22 au
1663 3048 177 47 battage
1865 3048 75 38 des
1962 3048 195 40 récoltes.
2187 3048 58 39 La
2269 3059 127 38 porte

451 3128 52 24 en
532 3123 63 29 est
623 3112 115 49 large
767 3124 40 29 et
833 3113 142 45 haute,
1007 3131 71 23 car
1106 3114 59 40 les
1192 3125 156 34 routes,
1380 3132 83 24 aux
1490 3128 152 37 pentes
1669 3118 304 40 relativement
2001 3118 174 45 douces,
2208 3129 161 41 permet-

451 3192 90 30 tent
569 3182 294 41 d'accumuler
891 3184 108 39 dans
1027 3184 58 40 les
1112 3184 186 40 chariots
1324 3185 60 40 les
1411 3186 153 48 gerbes
1590 3205 68 22 sur
1686 3188 59 39 les
1772 3187 166 49 gerbes.

583 3253 120 40 Dans
731 3253 59 40 les
818 3255 170 43 fermes,
1020 3255 36 39 le
1084 3272 94 23 mur
1206 3259 224 43 extérieur,
1461 3258 107 40 celui
1597 3262 70 45 qui
1695 3259 179 49 s'aligne
1903 3260 37 39 le
1969 3260 105 49 long
2103 3260 55 40 de
2186 3260 39 40 la
2255 3271 136 32 route,

451 3333 62 30 est
538 3326 23 37 à
586 3326 127 46 peine
736 3328 129 44 percé
892 3325 54 40 de
971 3325 200 41 fenêtres.
1201 3325 33 41 L
1253 3326 242 42 habitation
1521 3339 154 30 trouve
1699 3347 46 23 sa
1769 3330 126 49 place
1923 3330 173 50 logique
2121 3348 55 23 au
2202 3331 110 40 fond
2340 3332 56 39 de

451 3393 40 40 la
522 3410 104 23 cour
658 3394 28 40 d
708 3398 54 36 où
795 3395 80 39 elle
907 3396 199 40 surveille
1138 3397 9 39 1
1170 3397 222 41 ensemble
1427 3399 75 40 des
1531 3400 236 40 bâtiments
1799 3401 165 40 devant
1994 3413 42 28 et
2069 3401 218 41 l'étendue
2320 3402 77 39 des

451 3466 231 47 pâturages
710 3465 197 41 derrière.
938 3466 79 40 Les
1044 3469 162 38 écuries
1232 3478 42 30 et
1302 3468 58 40 les
1387 3469 165 40 étables
1578 3481 101 30 sont
1703 3471 199 40 accolées
1927 3474 25 37 à
1980 3471 38 42 la
2044 3475 183 43 maison,
2257 3490 72 23 car
2357 3470 37 46 le
