2753 3975
304 3683 67 36 LA
420 3671 121 48 CITÉ

1314 3674 83 47 145

2027 3691 221 46 JANVIER
2301 3695 89 35 1920

948 287 781 44 CONCOURS

249 600 533 78 Concours
846 598 715 78 d'Habitations
1626 603 61 70 à
1748 598 205 77 bon
2020 598 427 75 marché

244 938 267 34 CONCOURS
557 939 170 34 PUBLIC
757 938 132 33 POUR
918 938 65 33 LA
1027 936 248 34 CONSTRUC-

191 998 119 34 TION
330 998 115 33 D'UN
468 998 197 34 GROUPE
685 998 63 33 DE
769 997 216 35 MAISONS
1007 997 34 33 A
1063 995 97 34 BON
1185 996 92 35 MAR-

190 1058 98 33 CHE
321 1059 34 32 A
390 1057 391 34 APPARTEMENTS
816 1056 278 37 MULTIPLES,
1132 1057 173 39 organisé

190 1132 68 27 par
286 1115 328 35 l'administration
642 1116 241 33 communale
909 1115 46 33 de
983 1115 161 33 Laeken.

247 1189 221 32 Conditions
493 1189 48 32 du
565 1201 199 20 concours.
866 1188 82 32 Art.
983 1188 8 31 ler.1
1004 1189 26 13 er
1037 1213 6 7 .
1148 1186 136 34 L'admi-

193 1250 197 31 nistration
424 1248 43 32 de
501 1248 32 32 la
567 1262 201 18 commune
802 1248 43 31 de
879 1246 148 33 Laeken
1061 1260 128 22 ouvre,
1223 1249 19 28 à
1277 1244 30 37 îa

193 1307 85 33 date
313 1307 47 33 du
416 1308 7 32 ler1
436 1310 27 12 er
497 1310 147 38 janvier
686 1307 107 36 1920,
830 1314 104 25 entre
983 1306 51 32 les
1081 1306 225 32 architectes

195 1366 125 41 belges
358 1367 195 40 d'origine,
595 1381 49 18 un
684 1380 187 19 concours
912 1379 95 27 pour
1046 1364 261 34 l'élaboration

193 1426 64 32 des
283 1425 107 42 plans
417 1437 18 21 «
462 1426 87 32 d'un
578 1439 144 27 groupe
746 1425 46 33 de
818 1427 165 31 maisons
1007 1440 19 17 a
1054 1425 72 33 bon
1155 1426 152 32 marché

192 1488 20 29 à
241 1494 284 32 appartements
556 1484 189 41 multiples

247 1556 70 33 Par
339 1556 266 40 l'acceptation
630 1556 43 33 de
698 1556 98 32 leurs
819 1555 200 37 fonctions,
1045 1556 51 33 les
1120 1556 186 32 membres

193 1615 43 33 de
273 1616 33 32 la
340 1613 253 35 Commission
630 1625 34 22 et
699 1615 47 33 du
780 1615 91 40 Jury
907 1624 206 24 renoncent
1148 1619 19 28 à
1204 1622 102 25 toute

195 1677 264 39 participation
485 1674 140 33 directe
651 1688 48 19 ou
724 1675 181 32 indirecte
931 1688 46 19 au
1004 1689 198 18 concours.

245 1747 61 31 Au
332 1749 151 36 présent
509 1759 244 27 programme
779 1754 54 24 est
858 1748 95 39 joint
986 1760 7 18 :

316 1817 58 32 Un
397 1817 87 40 plan
508 1817 48 33 du
579 1819 141 30 terrain
742 1817 199 40 indiquant
970 1831 7 18 :

245 1876 42 41 a)
325 1877 48 32 Le
398 1878 202 39 périmètre
626 1890 91 19 avec
741 1876 52 33 les
818 1876 153 38 abords;

246 1935 42 41 b)
327 1935 67 33 Les
417 1938 178 35 niveaux;

247 1995 40 40 c)
325 1996 48 31 Le
399 1997 136 30 niveau
564 1996 44 31 de
635 1995 34 32 la
696 2009 124 27 nappe
847 1996 171 40 aquifère
1044 2010 47 18 au
1127 1996 7 33 lerI
1148 1998 27 13 er
1204 2003 82 25 octo-

193 2053 63 33 bre
290 2055 13 31 I*
311 2054 40 32 91
365 2054 19 32 9
397 2069 7 22 ;

246 2114 43 40 d)
327 2111 67 35 Les
419 2116 132 38 égouts
576 2114 240 37 collecteurs;

248 2173 39 39 e)
325 2173 26 33 L
369 2175 226 31 orientation
607 2187 7 24 ;

249 2243 31 41 112)
318 2244 67 32 Les
409 2245 222 31 immeubles
657 2244 42 32 de
727 2244 32 32 la
786 2258 64 19 rue
876 2245 197 33 Claessens
1099 2245 161 33 destinés
1286 2248 20 29 à

197 2304 31 31 la
258 2303 236 37 ilémoiition;

248 2373 41 41 g)
327 2374 249 33 L'indication
607 2375 47 31 du
684 2378 102 29 tracé
816 2378 208 37 provisoire
1054 2375 43 33 de
1128 2375 32 33 la
1192 2390 63 18 rue
1287 2378 19 29 à

193 2438 106 28 créer
335 2443 104 22 entre
475 2434 33 31 la
543 2448 64 18 rue
644 2434 198 33 Claessens
874 2445 35 22 et
944 2434 31 33 le
1011 2435 196 32 carrefour
1243 2435 63 32 des

194 2507 84 18 rues
305 2494 45 31 de
377 2493 179 37 Wautier,
586 2493 44 32 de
657 2493 225 33 Molenbeek
911 2503 34 23 et
973 2495 44 32 de
1044 2494 235 39 Drootbeek;

248 2564 38 32 2°
318 2565 80 31 Une
431 2573 87 23 note
551 2573 233 24 concernant
815 2565 51 33 les
898 2566 240 40 dispositions
1171 2568 116 39 princi-

195 2624 102 40 pales
326 2627 18 28 à
372 2626 151 38 prévoir
550 2638 97 26 pour
673 2639 72 18 une
772 2625 172 32 nouvelle
972 2625 103 34 école
1103 2626 203 40 gardienne

196 2697 65 18 rue
296 2683 117 32 Tivoli
456 2697 6 17 :
499 2683 49 32 les
584 2693 248 25 concurrents
868 2685 158 33 devront
1062 2686 179 32 concilier
1276 2684 30 36 îa

193 2742 221 40 disposition
441 2742 44 32 de
511 2742 32 33 la
570 2757 91 18 cour
687 2744 44 31 de
758 2752 96 24 cette
880 2744 103 33 école
1009 2759 90 18 avec
1126 2745 51 32 les
1202 2759 84 26 espa-

193 2815 60 19 ces
278 2802 111 32 libres
414 2801 63 33 des
502 2803 221 31 immeubles
748 2806 19 29 à
793 2812 284 32 appartements
1103 2805 204 40 multiples;

322 2861 80 32 Une
447 2870 86 23 note
574 2862 21 32 d
614 2862 261 33 observations
917 2864 194 40 générales
1155 2878 131 18 concer-

192 2930 91 23 nant
311 2921 51 32 les
390 2920 217 33 différentes
634 2925 138 36 parties
799 2923 64 32 des
889 2923 233 33 immeubles.

249 2993 82 31 Art.
368 2992 34 32 2.
520 2991 49 33 Le
603 3007 186 20 concours
824 3002 54 24 est
910 2998 20 28 à
964 2994 96 33 deux
1094 2994 145 41 degrés,
1275 2993 31 37 }a

192 3054 188 38 première
408 3054 163 37 épreuve
598 3055 102 30 étant
727 3052 261 34 éliminatoire.
1017 3053 53 34 Ne
1098 3054 209 41 prendront

195 3120 83 31 part
308 3114 19 28 à
358 3111 32 31 la
420 3111 161 32 seconde
611 3114 163 37 épreuve
804 3127 72 26 que
905 3113 59 32 les.
986 3121 246 25 concurrents
1265 3114 41 33 de

195 3170 33 32 la
255 3172 185 38 première
467 3172 62 38 qui
555 3180 127 23 seront
706 3172 171 40 désignés
904 3187 69 27 par
997 3173 32 32 le
1054 3174 100 40 Jury.

251 3241 99 32 Pour
389 3250 96 23 cette
527 3243 185 38 première
753 3246 175 38 épreuve,
969 3244 52 32 les
1061 3253 246 24 concurrents

194 3301 225 41 produiront
450 3314 6 18 :

249 3372 55 40 A)
340 3372 58 31 Un
424 3370 86 42 plan
538 3373 150 39 général
716 3376 18 29 à
761 3373 168 34 l'échelle
956 3375 44 32 de
1027 3375 19 32 2
1077 3375 230 33 millimètres

193 3445 70 26 par
290 3434 129 34 mètre,
446 3431 198 40 indiquant
671 3432 218 34 l'ensemble
917 3434 63 32 des
1005 3434 241 40 dispositions
1273 3445 34 23 et

195 3491 150 40 d'après
369 3492 31 31 le
424 3490 79 32 levé
527 3490 47 33 du
596 3493 142 30 terrain
760 3495 96 37 joint
879 3507 48 18 au
949 3508 255 25 programme.

1443 936 48 33 Le
1521 941 104 29 tracé
1655 936 45 34 de
1732 952 65 19 rue
1826 937 153 41 indiqué
2010 951 48 20 au
2089 936 88 42 pian
2209 940 95 38 joint
2337 951 46 18 au
2416 951 63 27 pro-

1385 1010 169 25 gramme
1579 1000 102 30 étant
1705 997 124 33 donné
1853 1000 21 29 à
1897 999 86 31 titre
2005 997 246 33 d'indication
2276 998 222 39 provisoire,

1385 1055 50 31 les
1461 1065 247 24 concurrents
1736 1065 163 31 peuvent
1926 1056 31 33 le
1985 1056 172 33 modifier
2183 1058 148 31 suivant
2359 1056 51 32 les
2436 1060 41 31 né-

1386 1117 150 30 cessités
1561 1115 43 32 de
1629 1115 81 32 leur
1733 1115 86 40 plan
1843 1115 246 38 d'ensemble;

1444 1185 54 41 B)'
1526 1185 68 33 Les
1625 1185 107 41 plans
1763 1186 64 32 des
1858 1186 191 37 sous-sols,
2081 1187 48 32 du
2176 1187 327 33 rez-de-chaussée

1391 1258 90 18 avec
1514 1256 57 20 ses
1603 1245 149 37 abords,
1787 1254 34 23 et
1852 1246 44 33 de
1929 1260 49 19 ou
2009 1246 65 33 des
2107 1249 137 38 étages,
2279 1249 20 29 à
2334 1246 168 33 l'échelle

1388 1302 44 34 de
1467 1303 113 37 0,005
1616 1318 69 27 par
1717 1307 117 30 mètre
1866 1319 91 19 avec
1992 1305 230 33 l'indication
2255 1305 45 33 de
2333 1305 147 41 l'empla-

1388 1373 150 22 cement
1564 1363 49 33 du
1640 1362 187 39 mobilier;

1442 1433 49 40 C)
1530 1434 81 32 Une
1638 1434 129 40 façade
1793 1443 34 23 et
1853 1449 71 18 une
1950 1449 120 27 coupe
2095 1449 46 20 au
2169 1438 120 30 moins
2315 1450 68 26 par
2408 1436 73 33 bâti-

1389 1501 101 23 ment
1518 1496 19 28 à
1564 1493 9 31 1
1591 1493 142 32 échelle
1761 1493 44 33 de
1834 1494 81 33 0.01
1950 1509 69 26 par
2048 1498 134 34 mètre;

1439 1563 52 40 D)
1528 1563 81 33 Une
1637 1576 70 20 vue
1737 1566 234 38 perspective
1999 1565 44 32 de
2071 1565 217 33 l'ensemble
2317 1566 64 33 des
2409 1580 66 18 con-

1385 1625 203 30 structions
1613 1637 90 18 avec
1729 1622 51 33 les
1805 1622 153 40 abords;

1439 1693 47 40 E)
1524 1693 80 33 Une
1654 1693 213 34 évaluation
1918 1697 202 30 sommaire
2157 1695 43 32 de
2251 1696 34 32 la
2319 1696 176 41 dépense,

1385 1756 282 37 accompagnée
1695 1753 88 32 d'un
1811 1754 149 32 tableau
1986 1754 198 40 indiquant
2211 1755 31 32 le
2270 1756 157 31 nombre
2453 1756 45 32 de

1390 1815 137 29 mètres
1552 1816 135 32 carrés,
1714 1816 249 37 séparément,
1989 1814 241 37 c'est-à-dire,
2256 1829 46 18 en
2327 1814 173 37 sous-sol,

1389 1885 44 19 en
1468 1871 337 38 rez-de-chaussée,
1841 1886 44 19 en
1919 1876 118 37 étage,
2072 1888 43 17 en
2150 1887 93 19 cour
2274 1874 228 33 découverte

1383 1938 35 24 et
1446 1933 185 35 trottoirs;
1657 1930 32 33 le
1717 1931 158 33 nombre
1901 1932 45 33 de
1973 1935 137 30 mètres
2137 1941 179 25 courants
2340 1933 45 33 de
2413 1948 85 19 mur

1386 1989 44 33 de
1458 1990 136 40 jardin,
1625 2004 48 20 ou
1701 1997 105 27 toute
1833 1999 107 25 autre
1968 1992 206 33 indication
2203 1993 221 36 essentielle,
2456 1993 44 33 de

1389 2048 111 41 façon
1526 2053 19 28 à
1569 2064 41 18 ce
1634 2064 73 26 que
1730 2050 32 33 le
1783 2050 92 41 Jury
1894 2053 124 38 puisse
2044 2051 235 40 rapidement
2302 2053 201 40 appliquer

1387 2122 62 18 sur
1471 2108 32 32 le
1524 2109 151 33 tableau
1699 2112 121 31 même
1842 2110 64 32 des
1927 2112 82 39 prix
2034 2112 178 32 unitaires
2234 2112 209 33 uniformes
2466 2121 34 24 et

1387 2166 51 33 les
1465 2175 139 25 îotaux.

1441 2239 82 32 Art.
1557 2238 31 33 3.
1698 2239 101 33 Tous
1828 2240 51 32 les
1906 2239 141 34 dessins
2076 2251 137 23 auront
2242 2242 33 32 le
2304 2246 195 30 caractère

1385 2297 21 33 d
1425 2300 177 37 esquisse,
1631 2301 92 30 mais
1750 2308 126 24 seront
1902 2297 89 34 fixés
2015 2314 63 19 sur
2104 2300 141 34 châssis
2269 2311 35 23 et
2330 2302 168 40 disposés

1387 2357 45 32 de
1468 2360 166 30 manière
1668 2361 19 28 à
1723 2373 45 17 ne
1802 2361 207 31 constituer
2044 2374 70 25 que
2150 2363 92 30 trois
2276 2362 140 32 châssis
2453 2375 43 21 lu

1387 2416 94 40 plus.
1519 2415 67 34 Les
1620 2425 154 25 auteurs
1809 2417 264 34 s'efforceront
2108 2420 44 32 de
2190 2420 132 33 rendre
2361 2421 32 32 la
2429 2421 52 33 lec-

1385 2483 84 25 ture
1493 2475 62 32 des
1579 2479 143 38 projets
1746 2476 107 35 facile
1879 2486 34 23 et
1937 2480 184 31 éviteront
2146 2479 266 34 d'entremêler
2436 2495 64 19 sur

1386 2549 48 17 un
1468 2539 120 28 même
1621 2535 112 33 cadre
1764 2536 64 32 des
1859 2537 128 32 études
2020 2540 20 30 à
2073 2539 159 32 échelles
2265 2540 228 33 différentes.

1385 2594 68 32 Les
1478 2592 141 35 dessins
1644 2610 73 17 non
1744 2595 203 34 demandés
1971 2611 44 18 ne
2041 2606 127 23 seront
2192 2612 66 26 pas
2284 2601 141 31 soumis
2451 2613 45 21 nu

1390 2653 99 41 Jury.

1440 2725 82 32 Art.
1557 2725 32 32 4.
1699 2725 67 33 Les
1795 2728 127 30 envois
1950 2737 127 22 seront
2108 2740 208 28 anonymes
2348 2737 34 24 et
2412 2742 63 28 por-

1387 2792 124 24 teront
1543 2799 70 17 une
1643 2784 123 33 devise
1796 2799 48 18 ou
1875 2799 155 27 marque
2063 2787 213 40 reproduite
2307 2803 64 17 sur
2401 2789 97 33 deux

1388 2843 228 40 enveloppes
1644 2843 175 39 fermées;
1845 2845 34 31 la
1905 2848 185 37 première
2118 2855 204 25 contenant
2350 2847 32 33 le
2410 2862 88 19 nom

1387 2911 34 23 et
1447 2902 176 33 l'adresse
1648 2903 48 32 du
1722 2913 242 29 concurrent;
1989 2905 33 32 la
2047 2906 161 33 seconde
2234 2916 205 23 contenant
2465 2908 32 32 le

1389 2975 88 19 nom
1502 2961 46 33 du
1578 2962 166 32 membre
1769 2963 47 33 du
1839 2963 91 40 Jury
1952 2966 20 29 à
1995 2964 87 32 élire
2108 2979 67 26 par
2200 2965 31 33 le
2256 2975 240 25 concurrent.

1388 3021 106 32 Cette
1520 3022 161 31 seconde
1708 3022 207 41 enveloppe
1941 3032 164 31 portera,
2133 3040 43 16 en
2202 3034 119 28 outre,
2350 3040 148 20 comme

1387 3083 226 37 suscription
1649 3095 6 18 :
1687 3092 18 21 «
1734 3081 197 33 Concours
1960 3083 124 40 public
2114 3097 96 27 pour
2239 3085 33 32 la
2302 3094 172 24 construc-

1387 3142 77 30 tion
1499 3140 87 32 d'un
1621 3154 144 28 groupe
1812 3140 44 33 de
1891 3144 162 30 maisons
2087 3146 19 28 à
2154 3143 74 33 bon
2277 3145 152 32 marché
2477 3149 20 29 à

1387 3208 283 31 appartements
1700 3200 187 40 multiples
1912 3204 19 28 à
1959 3203 122 38 ériger
2108 3205 19 28 à
2155 3202 137 42 l'angle
2321 3205 63 32 des
2415 3219 83 19 rues

1388 3257 44 33 de
1458 3258 118 33 Tivoli
1605 3267 35 24 et
1670 3259 40 32 rie
1738 3257 178 35 Wautier.

1439 3328 19 22 »
1490 3318 167 32 Election
1683 3318 48 34 du
1755 3318 165 42 Délégué
1945 3320 64 32 des
2034 3331 259 25 concurrents.
2319 3333 19 25 »

1451 3376 90 33 Tous
1584 3377 50 32 les
1674 3377 222 34 documents
1936 3389 126 23 seront
2102 3381 158 40 déposés
2297 3386 20 29 à
2359 3384 139 33 l'Hôtel

1389 3436 215 32 communal
1639 3436 43 32 de
1715 3436 161 38 Laeken,
1913 3438 142 33 bureau
2090 3440 48 33 du
2172 3441 149 34 Service
2355 3443 123 33 techni-

1388 3509 82 26 que,
1499 3509 46 18 au
1572 3495 81 40 plus
1679 3496 83 33 tard
1788 3496 32 32 le
1854 3497 6 32 ler1
1874 3500 27 13 er
1927 3499 91 32 avril
2053 3499 108 37 1920,
2190 3504 19 28 à
2238 3502 98 36 midi,
2366 3513 131 24 contre
