4919 6696
4700 6604 69 42 101

41 77 183 52 Musik.
290 77 143 50 Viele
466 77 164 58 Dinge
666 78 99 49 und
800 77 193 51 Wesen
1025 79 108 58 gibt
1168 93 55 36 es
1259 81 85 49 auf
1377 80 167 51 Erden

42 149 98 50 und
174 150 45 46 in
252 149 90 47 der
375 147 133 58 Luft,
542 149 80 47 die
655 152 169 54 tönen,
858 165 62 32 zu
956 149 148 49 ihnen
1138 150 151 49 senkt
1323 152 108 49 sich
1467 154 78 49 die

42 217 168 51 Musik
236 218 100 47 und
362 217 172 49 macht
561 218 75 48 ihr
660 217 177 49 Tönen
863 234 62 34 zu
953 220 303 56 Gedanken;
1288 222 100 48 und
1417 225 128 46 auch

42 294 253 44 stummen
330 286 198 58 Dingen
596 288 99 48 und
731 287 369 59 Bewegungen
1138 291 181 49 schaut
1356 294 73 47 sie
1466 308 78 41 zu,

42 357 207 49 verliert
283 357 107 49 sich
426 371 63 34 an
523 356 148 50 ihnen
706 358 152 56 nicht,
925 360 148 48 sucht
1108 360 141 49 ihren
1284 361 163 59 Klang
1483 378 61 33 zu

41 425 200 52 locken:
340 440 59 35 so
462 427 220 56 glauben
776 429 231 48 manche.
1102 430 114 49 Und
1279 431 138 49 wohl
1482 434 64 47 ist

41 496 255 50 zweierlei
359 511 63 34 an
456 497 95 49 ihr:
653 498 79 48 die
765 497 247 60 Ordnung
1077 501 89 47 der
1231 501 157 57 Töne,
1454 502 90 49 das

42 566 344 57 Himmlische,
424 567 91 50 das
552 567 123 49 aber
710 568 165 50 nichts
913 569 74 49 als
1024 569 172 59 Liebe,
1232 570 314 59 Umfassung

43 636 97 48 und
165 635 318 58 Umarmung
511 639 84 54 ist;
627 639 100 47 und
755 639 92 49 das
876 639 247 58 Geliebte,
1151 641 106 49 sich
1285 641 260 57 Hebende,

43 705 291 58 Gehobene,
367 706 78 50 die
476 705 151 51 Welt.

42 774 319 57 Kalypso
389 790 11 35 :

42 846 68 48 So
145 847 65 48 ist
244 847 258 50 zweierlei
538 863 62 34 an
634 850 90 57 ihr,
760 863 125 43 sage
921 851 99 49 ich:
1060 852 107 48 ihre
1201 851 313 58 Eigenschön-

42 916 114 56 heit,
188 916 80 49 die
297 916 227 59 behängt
555 921 74 46 sie
660 922 91 47 mit
781 921 229 49 fremden
1042 920 180 59 Pomp,
1254 925 90 46 mit
1377 923 135 54 Raub-

42 983 204 60 schöne,
267 1016 64 5 —
353 988 100 48 und
478 992 104 46 satt
606 989 244 50 schreitet
875 993 72 46 sie
973 991 172 58 heran,
1170 992 240 58 mächtig,
1437 996 110 46 eine

44 1055 263 59 Barbarin,
357 1059 90 47 mit
496 1056 308 53 klirrendem
855 1060 273 58 Schmuck,
1181 1064 110 46 eine
1339 1064 179 56 laubge-

42 1126 315 58 schmückte,
433 1129 337 58 stampfende,
843 1130 216 49 lallende
1100 1131 315 50 Bacchantin
1459 1135 88 47 der

43 1196 181 57 Berge.
253 1226 65 6 —
346 1196 66 51 Es
445 1199 64 49 ist
542 1201 76 46 ein
650 1199 165 50 leeres
847 1199 212 57 Klingen
1091 1202 80 48 die
1202 1201 313 57 Eigenschön-

42 1266 101 48 heit
174 1266 89 48 der
294 1266 187 59 Musik,
513 1283 55 35 es
600 1271 63 47 ist
693 1271 111 46 eine
834 1270 255 55 qualvolle
1119 1270 291 52 Ohnmacht
1443 1274 105 48 ihre

45 1335 355 55 Raubschöne.
471 1337 145 49 Denn
654 1339 78 48 die
769 1338 163 59 Dinge
1000 1341 170 49 lassen
1209 1341 107 50 sich
1384 1344 165 49 nichts

46 1404 205 59 rauben,
291 1408 138 49 nicht
469 1408 141 49 ihren
650 1411 274 55 ureigenen
965 1410 193 58 Schrei,
1230 1412 137 50 nicht
1407 1413 140 50 ihren

46 1474 152 58 Tanz,
233 1477 138 49 nicht
405 1477 106 50 ihre
546 1477 263 59 Schwere,
844 1479 107 50 ihre
983 1479 175 59 Härte,
1195 1482 139 48 ihren
1373 1483 176 49 Glanz.

45 1546 124 48 Dich
200 1545 228 57 begreife
492 1548 78 48 ich
600 1548 158 57 nicht;
826 1549 79 49 ich
938 1551 92 48 sah
1062 1551 164 49 nichts
1259 1567 103 34 von
1395 1553 155 49 Liebe

46 1616 97 47 und
180 1616 287 57 Geliebten;
507 1619 94 47 mir
637 1622 165 45 treten
838 1622 47 45 in
922 1621 89 47 der
1045 1621 297 50 wirklichen
1378 1623 171 50 Musik

44 1687 130 46 zwei
213 1685 210 51 Mächte
462 1691 267 55 entgegen,
801 1689 79 49 die
917 1690 107 49 sich
1060 1690 203 59 hassen,
1334 1694 99 47 und
1471 1695 79 48 ich

44 1755 144 50 heiße
213 1757 74 48 sie
307 1755 128 50 Dieb
460 1758 99 47 und
580 1757 179 59 Beute,
786 1759 122 48 aber
936 1762 143 47 einen
1100 1761 144 57 Dieb,
1272 1763 88 48 der
1384 1766 167 46 seiner

45 1826 162 48 Beute
243 1827 138 49 nicht
416 1828 313 55 gewachsen
767 1831 79 47 ist.
913 1860 64 6 —
1044 1831 168 50 Schau
1251 1832 105 50 hin:
1462 1835 88 47 der

44 1895 174 58 große,
260 1896 294 57 ungeheure
594 1898 270 55 Reichtum
907 1901 89 48 der
1035 1899 152 60 Welt,
1230 1903 88 48 der
1361 1903 162 50 furcht-

45 1966 122 49 bare
210 1965 218 50 Wandel
505 1969 89 49 der
638 1969 303 58 Geschicke,
1017 1972 78 48 die
1169 1972 216 56 Kämpfe
1462 1976 88 46 der

44 2036 209 57 Helden,
284 2036 300 59 Untergang
649 2040 89 47 der
770 2039 205 59 Reiche,
1039 2043 244 48 seltsame
1313 2043 237 58 Fahrten,

46 2105 245 56 Sprießen
323 2108 90 48 der
444 2107 213 59 Bäume,
719 2109 165 50 Feuer
916 2111 99 48 und
1045 2110 276 60 Flammen,
1353 2113 197 53 Felsen,

45 2175 151 50 Täler
225 2177 98 48 und
355 2176 221 60 Ströme,
603 2208 64 6 —
693 2180 61 47 all
787 2181 106 49 dies
924 2181 155 49 bleibt
1111 2182 88 48 der
1229 2181 172 51 Musik
1431 2199 89 32 ver-

45 2246 154 57 loren,
260 2277 63 5 —
385 2248 99 48 und
516 2262 112 35 was
660 2248 156 50 bleibt
846 2250 89 58 ihr,
1000 2252 73 48 als
1107 2252 88 47 der
1225 2251 230 51 Wunsch
1488 2269 61 33 zu

46 2316 228 49 rauben?
340 2316 113 51 Und
489 2319 79 48 die
602 2318 306 60 Ohnmacht,
976 2335 54 35 es
1065 2322 136 49 nicht
1235 2338 61 33 zu
1333 2323 215 49 können.

45 2386 362 51 Musiker:

42 2488 60 5 —
141 2457 216 50 Glaubst
395 2457 94 59 Du,
527 2458 244 59 Kalypso,
811 2462 96 47 daß
949 2464 110 46 eine
1097 2462 161 55 Katze
1299 2466 74 46 ein
1416 2464 134 49 Stier

45 2530 77 55 ist,
158 2528 125 50 oder
319 2531 111 47 eine
465 2529 366 51 Heuschrecke
869 2534 75 46 ein
981 2533 281 49 Veilchen?

45 2598 320 55 Kalypso
393 2614 10 34 :

45 2668 135 49 Mein
213 2668 215 59 Freund,
463 2670 77 49 ich
572 2672 101 48 will
706 2671 127 49 Dich
867 2672 129 49 doch
1029 2673 393 50 heimschicken.

46 2738 360 50 Musiker:

43 2809 67 49 So
136 2811 64 48 ist
223 2810 108 49 also
358 2810 79 49 die
459 2809 366 51 Heuschrecke
848 2812 114 49 kein
987 2813 258 50 Veilchen.
1302 2816 135 48 Aber
1462 2817 87 48 der

46 2879 185 49 Schluß
262 2880 181 50 lautet:
509 2880 146 50 Dann
687 2884 64 48 ist
783 2882 128 49 auch
944 2884 78 48 die
1052 2883 171 50 Musik
1254 2885 113 49 kein
1400 2886 148 49 Stier.

46 2943 208 60 (Ernst.)
324 2949 106 50 Das
467 2951 160 56 große
666 2952 292 51 Geheimnis
997 2954 88 48 der
1123 2954 172 49 Musik
1332 2957 100 47 will
1472 2957 76 47 ich

46 3021 361 56 ausplaudern;
452 3021 78 49 ich
567 3022 101 48 will
708 3023 85 47 auf
831 3023 95 48 den
965 3023 209 49 Dreifuß
1214 3027 196 54 steigen
1451 3028 98 47 und

44 3090 130 49 ohne
203 3090 177 49 Falten
410 3092 99 48 und
541 3090 182 59 Qualm
755 3107 181 41 sagen:
970 3094 93 47 Die
1093 3093 170 51 Musik
1293 3096 132 47 kann
1457 3112 92 33 nur

45 3163 168 46 tönen.
242 3192 65 5 —
333 3160 84 49 Ich
448 3175 124 43 sage
743 3179 61 32 zu
836 3163 162 54 allem,
1030 3180 112 34 was
1175 3164 78 49 Du
1285 3168 259 50 meintest;

47 3232 73 47 sie
148 3230 126 49 fühlt
301 3231 105 49 sich
435 3233 80 46 nie
544 3231 113 49 hart
685 3247 77 39 an,
790 3232 112 48 kein
936 3233 300 50 Sonnstrahl
1268 3236 127 48 wird
1425 3239 47 51 je
1504 3239 44 46 in

48 3301 73 47 ihr
150 3301 335 55 aufleuchten,
517 3302 210 56 sie'fegt
756 3302 113 49 kein
901 3303 139 48 Blatt
1069 3318 120 34 vom
1223 3305 216 53 Baume;
1476 3309 73 46 sie

48 3371 63 47 ist
139 3369 204 57 unfähig
373 3385 61 33 zu
465 3372 236 49 alledem:
737 3373 130 48 denn
897 3376 73 47 sie
999 3373 132 49 kann
1163 3389 92 34 nur
1285 3379 169 46 tönen.

47 3439 318 56 Kalypso
393 3456 10 33 :

47 3510 83 48 Sie
172 3510 186 54 gleicht
404 3513 162 47 einem
608 3510 244 56 Priester,
895 3514 90 47 der
1030 3515 254 58 tiefsinnig
1328 3517 99 48 und
1472 3532 52 34 er-

47 3581 217 48 müdend
311 3583 144 48 redet
500 3583 98 47 und
644 3584 95 47 mir
783 3599 93 33 nur
923 3584 289 50 Sehnsucht
1258 3587 127 47 nach
1434 3588 112 47 dem

46 3649 168 50 Leben
256 3651 186 49 weckt.
481 3683 63 5 —
581 3652 179 50 Hinter
802 3656 161 47 einem
1007 3655 242 53 Schleier,
1290 3656 231 49 schatten-

47 3720 103 50 haft
187 3720 218 50 tauchen
443 3723 46 47 in
528 3721 74 50 ihr
636 3754 63 5 —
734 3725 79 47 die
849 3724 246 49 lebenden
1136 3726 164 55 Dinge
1337 3727 97 53 auf,
1472 3727 77 48 ich

47 3791 120 48 höre
202 3792 90 48 das
323 3791 242 56 Wispern
598 3794 98 48 und
732 3794 89 49 das
856 3794 235 49 Aechzen
1128 3795 133 49 ihrer
1295 3798 254 48 Atemnot.

47 3860 102 51 Das
177 3860 216 51 Wasser
422 3864 78 54 da,
526 3865 132 47 mein
688 3863 160 54 Meer,
876 3865 174 52 schau,
1079 3868 99 46 wie
1207 3882 54 34 es
1290 3868 106 48 sich
1422 3873 127 47 regt,

47 3934 96 47 wie
174 3947 53 34 es
259 3933 212 55 stampft
500 3934 99 47 und
630 3938 159 45 rennt.
853 3934 136 52 Hier,
1019 3937 155 47 nimm
1207 3937 78 48 die
1317 3937 232 51 Muschel

47 4002 94 53 auf,
170 4003 79 48 die
274 4003 165 55 blaue,
468 4005 110 47 eine
605 4003 254 50 Handvoll
887 4005 193 49 kleiner
1107 4006 190 51 Kiesel:
1331 4008 92 48 ach
1450 4013 99 45 wie

46 4077 86 51 gut
167 4075 64 47 ist
266 4088 70 42 es,
405 4077 146 46 unter
588 4075 146 48 ihnen
802 4091 62 33 zu
900 4078 123 55 sein,
1092 4078 78 47 die
1207 4077 213 51 Salzluft
1488 4096 61 33 zu

45 4142 219 50 trinken!

47 4233 116 49 Sieh
202 4234 145 56 doch,
387 4235 79 48 die
504 4234 172 50 Musik
715 4237 64 48 ist
818 4251 123 39 arm,
981 4237 122 48 aber
1144 4238 291 49 schlimmer
1476 4240 73 49 als

47 4306 73 46 ein
156 4305 182 48 Armer
373 4304 157 50 dünkt
564 4306 132 49 mich
733 4308 76 46 ein
844 4306 210 50 Bettler.
1153 4307 127 51 Was
1317 4310 116 48 muß
1472 4311 78 47 die

46 4373 168 50 Musik
248 4373 231 50 betteln?
550 4375 75 54 Ja,
661 4377 79 49 die
775 4376 171 50 Musik
981 4381 125 51 tönt,
1142 4382 110 46 tönt
1284 4395 108 38 nur,
1428 4380 122 48 aber

46 4445 94 48 daß
169 4446 73 48 sie
269 4446 107 48 sich
403 4446 136 49 nicht
569 4447 141 48 darin
738 4450 193 55 sättigt,
961 4448 95 48 daß
1087 4450 73 48 sie
1189 4450 167 49 dieses

45 4516 270 51 wimmert,
357 4515 215 57 hungrig
615 4518 78 48 die
733 4518 176 51 Augen
983 4520 246 47 verdreht
1303 4522 97 47 und
1444 4522 106 47 ihre

45 4584 244 50 trockene
316 4585 173 58 Zunge
516 4590 148 49 zeigt,
691 4589 185 49 widert
903 4589 130 49 mich
1064 4605 77 33 an.
1202 4590 69 48 So
1301 4595 74 45 tut
1404 4590 146 50 keine

45 4654 174 51 Kunst.
291 4655 519 60 Unverwechselbar,
853 4660 426 50 unvergleichbar
1319 4662 109 48 sind
1472 4663 78 47 die

46 4726 155 53 Töne,
241 4726 147 50 keine
428 4728 156 48 andre
622 4728 163 49 Kunst
822 4731 172 48 macht
1033 4729 75 49 ihr
1148 4732 173 48 diesen
1362 4732 188 49 Schatz

45 4799 202 51 strittig.
344 4798 69 48 So
444 4798 150 48 blühe
625 4801 73 47 sie
729 4814 107 37 aus,
900 4815 58 33 so
990 4802 177 47 werde
1198 4803 74 48 sie
1334 4803 138 47 reich
1505 4806 43 45 in

46 4868 132 48 ihrer
209 4868 194 48 Armut.
463 4866 128 49 Wär
621 4869 77 47 ich
727 4870 137 48 nicht
896 4871 109 47 eine
1034 4870 196 57 Närrin,
1262 4873 179 49 suchte
1472 4873 78 48 ich

46 4938 93 48 den
182 4937 175 49 Tönen
401 4939 77 47 ein
522 4937 296 51 Gleichnis?
924 4940 121 48 Sind
1088 4943 74 46 sie
1235 4942 104 49 sich
1414 4944 137 47 nicht

44 5022 181 41 genug,
259 5008 144 49 mehr
436 5008 74 50 als
543 5023 184 42 genug,
761 5011 111 46 eine
907 5010 172 54 runde,
1112 5011 160 54 glatte
1303 5011 137 51 Welt
1473 5015 78 47 für

46 5078 144 48 sich?
263 5079 127 49 Jede
428 5079 163 50 Kunst
660 5080 93 49 soll
794 5080 106 48 ihre
940 5079 164 54 Wege
1141 5081 180 55 gehen,
1391 5083 158 49 ihrem

46 5148 177 54 Stoffe,
260 5150 113 47 dem
413 5149 125 53 Ton,
577 5151 89 47 der
703 5149 179 52 Farbe,
922 5151 113 47 dem
1074 5151 141 49 Stein
1253 5154 296 47 nachgehen

46 5221 95 46 und
177 5221 74 47 sie
282 5220 333 52 belauschen;
686 5222 79 47 die
797 5220 492 54 Eigentümlichkeit,
1356 5223 167 50 Selbst-

46 5289 260 53 willigkeit
338 5292 97 46 und
467 5289 221 50 Freiheit
720 5292 89 48 des
842 5290 193 50 Stoffes
1069 5292 229 50 erfassen
1333 5295 95 45 und
1463 5310 88 33 zur

44 5360 161 53 Kunst
276 5361 248 55 gedeihen
596 5361 186 49 lassen.
887 5361 77 49 Du
1007 5366 166 50 sagst:
1281 5362 94 49 Die
1415 5363 101 49 Heu-

47 5431 246 48 schrecke
334 5433 63 47 ist
439 5431 112 49 kein
594 5432 265 54 Veilchen;
906 5433 79 47 die
1026 5433 173 48 Musik
1239 5433 132 49 kann
1415 5436 136 47 nicht

47 5501 178 51 malen,
261 5501 136 49 nicht
434 5502 265 52 sprechen,
736 5517 92 33 nur
865 5506 168 45 tönen.
1101 5503 122 51 Dies
1260 5519 125 38 sage
1422 5506 128 48 auch

47 5572 73 48 ich
149 5572 97 47 und
274 5571 165 48 höhne
465 5572 75 49 ihr
566 5572 206 49 doppelt
799 5573 97 48 und
927 5574 240 58 dreifach,
1196 5576 114 48 weil
1339 5577 74 48 sie
1441 5590 108 35 arm

47 5642 75 57 ist,
153 5642 297 50 bettlerhaft
482 5643 99 49 und
611 5642 335 57 wahnsinnig.

238 5724 240 38 Fortsetzung
500 5723 66 34 des
591 5723 186 34 siebenten
804 5723 232 41 Gespräches
1062 5724 34 33 in
1122 5726 175 32 Nummer
1323 5728 38 31 14

49 5921 450 115 Geistige
573 5921 656 115 Landschaft

44 6077 115 71 mit
210 6077 442 73 vereinzelter
696 6077 196 73 Figur
943 6079 88 69 im
1077 6079 476 88 Vordergrund

44 6187 125 57 Von
210 6188 244 58 Richard
493 6190 286 54 Schaukal

169 6309 149 51 Wien
356 6313 65 48 ist
459 6312 79 48 die
576 6311 150 49 Stadt
763 6312 90 48 des
889 6310 464 57 liebenswürdigen
1392 6311 131 50 Dilet-

47 6382 285 49 tantismus.
406 6381 79 48 Da
526 6382 90 49 der
660 6380 390 50 Oesterreicher
1091 6396 93 35 aus
1229 6382 96 48 den
1369 6382 144 48 Trüm-

47 6463 142 35 mern
235 6453 168 46 seiner
448 6451 340 49 historischen
834 6450 370 55 Kultureinheit
1251 6445 112 61 (der
1411 6451 104 48 Dok-

47 6521 318 48 trinarismus
409 6521 140 48 hatte
594 6522 78 47 die
715 6520 350 49 Fundamente
1109 6522 90 47 des
1276 6521 273 48 Gebäudes

1698 75 330 63 unterwühlt)
2062 82 96 49 den
2190 82 325 50 Geschmack
2543 88 223 52 gerettet
2795 83 102 59 hat,
2927 87 137 54 trägt
3095 85 106 48 hier

1698 153 138 56 alles,
1872 153 161 48 selbst
2068 154 91 48 das
2193 153 384 58 Verwerfliche,
2645 155 338 56 gewinnende
3048 154 153 57 Züge.

1698 221 174 49 Neben
1912 222 312 50 marklosem
2262 223 309 58 Leichtsinn,
2612 225 428 48 unbedenklicher
3081 224 90 48 Hin-

1698 292 133 55 gabe
1859 306 63 34 an
1951 292 209 50 Launen
2190 294 99 48 und
2320 292 289 58 Stimmung
2636 294 167 49 fristet
2833 294 108 50 sich
2972 297 110 45 eine
3114 309 58 33 un-

1700 362 119 48 tiefe
1858 362 254 58 Nörgelei,
2155 364 79 48 die
2274 364 339 49 verblassend
2687 378 60 34 an
2825 365 78 48 die
2979 366 223 48 einstens

1701 432 235 55 typische
1979 432 436 56 Grillparzersche
2457 433 286 55 Raunzerei
2784 435 257 56 gemahnt.
3118 434 85 48 Sie

1698 502 195 49 fordert
1925 503 95 48 den
2051 502 301 59 Mutwillen,
2383 506 316 55 gutmütigen
2731 504 151 55 Spott
2911 505 201 48 heraus.

1825 574 94 49 Die
1954 575 329 48 wechselnde
2317 574 164 50 Farbe
2516 576 90 47 des
2641 575 324 48 öffentlichen
3001 576 201 48 Lebens

1703 646 61 46 ist
1837 645 207 55 bedingt
2118 645 158 48 durch
2350 645 287 49 zahlreiche
2712 645 491 50 unkontrollierbare

1701 714 359 57 Strömungen,
2103 713 354 58 Stimmungen
2499 719 145 44 unter
2717 716 88 47 der
2880 715 323 49 Oberfläche.

1701 784 108 48 Alle
1846 784 365 56 Gegenstände
2247 785 192 48 ordnen
2477 785 105 50 sich
2620 785 367 55 symphonisch
3024 788 45 45 in
3109 787 92 46 den

1702 854 366 56 nachgiebigen
2118 854 231 55 Rahmen
2400 857 93 47 ein.
2576 855 172 49 Selbst
2799 856 89 47 der
2939 855 266 56 politische

1704 924 97 47 und
1833 925 191 48 soziale
2052 924 110 48 Haß
2197 927 167 48 enträt
2394 925 137 49 nicht
2564 927 88 46 der
2681 955 63 5 —
2773 939 57 34 so
2863 925 151 49 leicht
3046 927 44 46 in
3127 927 78 46 die

1705 993 180 54 Roheit
1923 994 398 58 umzuschlagen
2388 998 270 53 geneigten
2696 1026 63 4 —
2797 994 407 49 Gemütlichkeit.

1702 1063 112 48 Und
1850 1065 138 55 alles,
2023 1065 76 48 bis
2135 1065 83 48 auf
2252 1065 91 50 das
2379 1065 311 49 Schlendern
2728 1065 87 47 der
2851 1065 261 48 Bummler
3145 1095 61 5 —

1701 1147 117 34 man
1847 1134 131 48 sieht
2005 1133 106 48 hier
2141 1135 162 48 selten
2330 1134 298 53 Menschen,
2660 1135 77 46 die
2767 1135 124 47 eilen
2921 1164 63 6 —
3012 1133 85 49 hat
3128 1137 77 45 ein

1703 1203 150 48 leicht
1889 1202 400 51 künstlerisches
2325 1204 251 55 Gepräge.

1828 1272 50 48 In
1922 1274 167 47 dieser
2130 1275 308 55 anmutigen,
2479 1274 162 48 hellen
2682 1274 148 49 Stadt
2869 1274 206 56 gedeiht
3117 1275 89 47 der

1704 1342 317 49 Snobismus.
2097 1341 66 51 Es
2209 1346 64 46 ist
2315 1343 137 49 nicht
2495 1345 88 46 der
2628 1343 313 58 kaltherzige
2985 1346 89 46 des
3118 1344 58 48 be-

1704 1412 320 50 rechnenden
2065 1413 256 57 Strebers,
2363 1414 185 49 dessen
2587 1413 133 56 Weg
2792 1414 123 49 über
2985 1413 219 49 Leichen

1702 1482 140 57 geht;
1879 1496 53 34 es
1964 1485 64 46 ist
2058 1483 88 47 der
2176 1483 358 57 warmblütige
2564 1485 89 48 des
2683 1484 353 56 Neugierigen.

1830 1573 107 48 Alle
1981 1572 139 50 Welt
2163 1576 76 47 tut
2284 1573 106 49 hier
2435 1574 321 57 bereitwillig
2803 1575 189 48 überall

1704 1643 121 48 Man
1862 1645 336 48 versammelt
2235 1645 107 48 sich
2381 1646 178 47 immer
2598 1646 193 47 wieder
2830 1660 61 33 zu
2929 1645 277 55 Komitees,

1704 1716 134 53 zeigt
1874 1714 106 48 sich
2019 1714 97 48 und
2152 1717 135 54 zeigt
2355 1714 108 49 sich
2532 1716 254 47 einander.
2856 1714 93 49 Die
3016 1713 190 51 Presse

1704 1783 199 56 schlägt
1932 1797 125 42 gern
2092 1784 96 49 den
2220 1784 333 49 Familienton
2589 1800 76 33 an.
2731 1784 103 49 Der
2867 1784 308 55 Lokalrepor-

1704 1857 77 44 ter
1828 1854 252 56 schwelgt
2128 1856 45 45 in
2221 1855 305 55 geduldeten
2575 1854 416 50 Indiskretionen.
3103 1855 103 49 Der

1704 1922 389 58 Personenkult,
2138 1923 283 49 besonders
2467 1924 88 47 der
2600 1924 116 53 Kult
2760 1926 89 45 der
2893 1924 283 49 Bretterhel-

1704 1993 110 55 den,
1845 1993 111 48 erbt
1985 1993 106 48 sich
2123 1993 72 48 als
2227 1994 165 55 ewige
2425 1993 486 50 Gemütskrankheit
2940 1994 114 49 fort.
3084 1993 119 49 Man

1704 2062 151 48 neckt
1893 2063 255 56 einander,
2184 2062 105 49 läßt
2326 2063 107 49 sich
2472 2064 121 47 aber
2632 2063 128 49 auch
2799 2065 178 46 immer
3013 2065 193 47 wieder

1706 2132 261 55 düpieren;
2016 2132 130 48 denn
2189 2146 117 34 man
2350 2136 172 45 staunt
2565 2146 141 42 gern,
2750 2134 98 47 und
2892 2147 96 34 vor
3033 2134 169 48 allem:

1704 2216 114 33 man
1858 2202 194 49 erzählt
2085 2215 126 43 gern
2245 2201 396 50 Erstaunliches.

1828 2293 147 48 Wien
2011 2297 63 46 ist
2107 2296 78 47 die
2217 2294 149 49 Stadt
2396 2295 88 48 der
2516 2296 407 57 Bestrebungen,
2957 2291 157 60 (nicht
3148 2311 58 34 so

1704 2363 117 48 sehr
1855 2393 63 5 —
1953 2365 73 48 als
2097 2365 540 56 Gesamtorganismus
2673 2396 63 5 —
2773 2367 88 47 der
2932 2366 274 55 Streberei,

1704 2434 78 47 die
1822 2436 45 45 in
1905 2434 216 54 Klassen
2158 2435 99 48 und
2296 2435 270 49 Schichten
2606 2435 191 49 freilich
2838 2451 81 33 um
2959 2451 58 34 so
3056 2440 150 53 ärger

1704 2496 199 60 wütet).
1964 2503 120 49 Hier
2114 2504 208 50 haben's
2355 2506 78 47 die
2461 2505 161 48 Leute
2652 2509 102 53 gut,
2786 2506 78 48 die
3080 2507 124 48 sind.

1708 2573 103 48 Alle
1850 2573 138 49 Welt
2028 2573 310 60 beschäftigt
2378 2575 105 48 sich
2525 2578 89 45 mit
2655 2576 160 48 ihnen.
2888 2575 147 49 Nicht
3077 2577 127 48 allzu

1704 2643 147 56 lange
1891 2644 207 48 freilich.
2171 2644 122 48 Man
2363 2644 253 49 hätschelt
2690 2646 90 47 das

1706 2713 133 47 Aber
1913 2715 138 47 eines
2122 2716 235 54 verträgt
2429 2728 116 34 man
2620 2715 156 49 nicht:
2852 2716 353 54 Konsequenz,

1704 2782 234 56 Strenge,
1975 2784 79 47 die
2093 2783 330 49 unbeirrbare
2461 2783 517 58 Entwicklungslinie.
3082 2785 124 48 Wer

1704 2851 106 49 sich
1838 2853 136 48 nicht
2001 2854 201 47 modeln
2228 2854 172 49 lassen
2427 2867 132 43 mag,
2587 2869 60 33 an
2677 2855 113 47 dem
2819 2854 271 50 schwankt
3118 2856 88 48 der

1703 2921 244 49 fröhliche
1987 2921 269 49 Schwärm
2296 2924 88 47 der
2422 2923 396 57 Bereitwilligen
2859 2925 194 48 vorbei.
3093 2925 111 48 Und

1704 3006 108 33 wer
1842 3005 91 42 gar
1963 3007 61 33 zu
2057 2992 233 49 erziehen
2324 2996 342 52 unternimmt,
2730 2994 134 48 steht
2895 2995 115 47 bald
3045 2996 160 47 allein.

1703 3060 267 49 Publikum
2007 3064 63 48 ist
2104 3062 107 49 hier
2245 3064 179 47 immer
2457 3079 61 32 zu
2554 3064 167 48 finden
2758 3064 97 48 und
2923 3065 76 48 für
3066 3065 139 50 alles,

1704 3131 127 48 auch
1870 3131 77 49 für
1985 3133 147 53 jeden
2170 3132 244 49 Blödsinn
2455 3134 98 47 und
2594 3133 265 49 G'schnas.
2932 3134 105 49 Das
3079 3135 124 49 Geld

1703 3202 118 47 sitzt
1859 3200 137 50 nicht
2035 3202 114 48 fest.
2222 3202 121 48 Man
2414 3202 113 49 hört
2600 3203 349 54 taktwiegend
3022 3204 183 48 leichte

1702 3269 171 49 Musik
1908 3271 99 47 und
2043 3270 155 49 trinkt
2234 3273 129 46 dazu
2400 3272 158 54 mehr,
2595 3273 74 48 als
2736 3287 116 34 man
2923 3274 161 49 sollte.
3154 3274 48 48 In

1703 3340 167 49 dieser
1897 3341 146 48 lauen
2074 3341 344 55 Atmosphäre
2447 3344 63 46 ist
2538 3343 91 49 das
2659 3343 260 54 heimisch,
2946 3359 113 33 was
3090 3358 113 34 man

1703 3410 73 48 als
1801 3409 193 49 falsche
2382 3412 156 48 kennt
2562 3413 96 47 und
2685 3413 128 48 nach
2840 3413 206 49 Gebühr
3071 3413 134 49 haßt.

2090 3480 138 49 heißt
2277 3483 96 46 seit
2421 3483 193 55 einigen
2668 3483 185 47 Jahren
2906 3484 138 51 alles,
3095 3499 111 33 was

1704 3551 226 54 modern,
1999 3550 418 57 halbschlächtig,
2487 3552 272 57 äußerlich,
2795 3554 114 46 hohl
2948 3556 78 45 ist.
3095 3553 110 47 Daß

1704 3622 110 45 eine
1846 3620 206 55 Gruppe
2083 3635 102 34 von
2217 3622 405 55 unabhängigen,
2656 3637 111 33 zum
2803 3622 105 49 Teil
2941 3623 264 48 sicherlich

1704 3689 412 57 merkwürdigen
2153 3690 288 54 Künstlern,
2478 3693 78 47 die
2593 3693 121 48 heut
2781 3707 58 34 so
2908 3694 111 48 übel
3089 3709 88 33 ver-

1704 3760 176 48 rufene
1924 3760 315 59 Benennung
2284 3764 45 46 in
2376 3764 136 46 einer
2558 3761 205 56 Epoche
2808 3764 88 46 der
2940 3763 266 57 behaglich

1704 3832 302 47 starrenden
2049 3830 328 57 Unfähigkeit
2421 3834 45 46 in
2511 3832 261 55 Schwung
2815 3833 246 56 gebracht
3106 3834 100 52 hat,

1704 3900 131 48 kann
1876 3914 60 34 an
1979 3902 88 47 der
2105 3902 216 56 leidigen
2361 3902 257 49 Tatsache
2657 3903 162 49 nichts
2863 3903 206 50 ändern,
3111 3904 94 48 daß

1704 3971 77 48 die
1824 3970 465 51 Talmi-Sezession
2332 3973 143 47 einen
2518 3975 123 51 jetzt
2713 3975 99 46 wie
2885 3975 90 48 das
3049 3974 126 49 Marl-

1700 4041 514 50 borough-Liedchen
2244 4043 127 56 „den
2392 4044 264 48 reisenden
2913 4044 84 48 auf
3016 4044 190 49 Schritt

1704 4112 97 47 und
1832 4112 130 48 Tritt
2022 4112 255 56 belästigt.
2342 4112 152 49 Jeder
2527 4113 307 49 Schmarren
2899 4115 88 47 der
3021 4115 155 48 Galan-

1704 4182 537 55 teriewarenhändler,
2279 4183 89 48 der
2407 4184 105 48 sich
2549 4198 104 33 von
2693 4185 112 47 dem
2877 4184 171 49 früher
3117 4185 59 48 üb-

1703 4251 158 49 lichen
1894 4251 174 54 Kitsch
2102 4252 157 49 durch
2290 4252 439 55 Schlangenlinien
2764 4255 123 47 oder
2919 4259 145 45 sonst
3097 4257 109 46 eine

1705 4325 207 45 rezente
1959 4321 198 51 Faselei
2206 4323 393 53 unterscheidet,
2648 4324 129 48 wird
2829 4327 160 46 einem
3037 4323 141 50 Publi-

1704 4390 134 56 kum,
1883 4393 91 48 das
2018 4407 117 33 man
2180 4395 45 46 in
2270 4395 95 46 den
2408 4396 215 47 meisten
2668 4394 170 49 Fällen
2885 4398 89 45 mit
3017 4396 188 48 vollem

1705 4462 162 54 Recht
1911 4463 256 49 urteilslos
2212 4463 191 56 wähnt,
2449 4463 72 51 als
3119 4480 58 32 an-

1703 4535 283 51 gepriesen.
2044 4533 115 48 Wie
2186 4534 119 49 sehr
2332 4534 122 49 alles
2482 4535 146 48 echte
3109 4536 65 47 Be-

1701 4604 205 48 streben
1930 4608 147 44 unter
2101 4605 193 48 diesem
2317 4603 169 58 Unfug
2510 4605 167 53 leidet,
2702 4605 215 49 braucht
2942 4606 135 48 nicht
3103 4610 103 44 erst

1704 4674 177 48 betont
1911 4689 62 33 zu
2004 4675 225 47 werden.

1829 4765 170 49 Ueber
2030 4765 106 56 das,
2196 4780 112 35 was
2341 4765 85 49 auf
2454 4767 89 47 der
2572 4765 146 49 Hand
2945 4767 91 47 soll
3100 4766 106 48 hier

1703 4836 136 47 nicht
1864 4836 79 47 die
1969 4836 270 53 Rügerede
2266 4837 236 55 ergehen.
2562 4837 134 48 Aber
2724 4839 109 45 eine
2858 4837 348 55 Erscheinung

1704 4905 259 48 innerhalb
1997 4906 89 49 des
2120 4906 252 56 größeren
2411 4907 205 48 Ganzen
2685 4907 116 47 muß
2871 4907 180 47 einmal
3119 4921 58 38 ge-

1702 4975 333 49 brandmarkt
2066 4977 226 49 werden,
2324 4977 78 48 die
2433 4976 265 48 sicherlich
2729 4977 190 47 bereits
2952 4991 90 33 aus
3077 4977 126 47 allen

1704 5046 325 50 soiegelnden
2079 5046 218 48 Flächen
2379 5047 88 48 der
2516 5046 274 51 „besseren

1705 5118 180 45 erinst:
1925 5117 77 45 die
2037 5116 247 52 Komödie
2321 5118 88 46 der
2444 5121 349 46 sogenannten
2831 5118 372 50 angewandten

1703 5185 176 49 Kunst.
1947 5185 147 49 Wien
2131 5189 64 45 ist
2232 5190 74 45 ein
2345 5186 315 49 wahrhafter
2696 5186 305 48 Nährboden
3039 5187 167 48 dieser

1704 5256 214 48 Seuche.
1985 5256 121 49 Eine
2140 5257 279 48 Gemeinde
2449 5273 102 32 von
2587 5257 398 50 aufdringlichen
3020 5257 154 48 „höhe-

1704 5341 84 31 ren
2083 5327 495 48 nüsternblähenden
2617 5327 431 51 Kunstwitterern
3088 5343 87 32 ver-

1704 5396 188 48 kündet
1933 5397 250 47 stündlich
2225 5399 90 46 das
2355 5397 238 50 Neueste.
2667 5398 295 50 Beweglich
3006 5397 171 48 schlän-

1704 5466 181 48 gelnde
1930 5466 345 50 Begabungen
2322 5468 175 48 liefern
2546 5469 91 47 das
2682 5468 195 52 jeweils

1703 5536 250 48 Material.
2031 5537 94 48 Die
2171 5537 166 49 Sache
2413 5542 144 45 wäre
2632 5538 256 48 vielleicht
2964 5538 242 52 harmlos,

1704 5606 209 50 schlüge
1957 5607 78 47 die
2079 5607 285 49 künstliche
2812 5609 136 47 nicht
2993 5622 58 34 so
3097 5609 81 47 auf-

1703 5677 346 49 schäumende
2084 5676 213 50 Wellen.
2372 5678 116 48 Man
2527 5679 117 47 muß
2683 5681 48 50 ja
2769 5681 62 45 im
2903 5682 145 44 sonst
3116 5678 59 48 be-

1703 5747 239 48 wohnten
1982 5747 203 52 Europa
2223 5748 228 49 wirklich
2489 5749 235 52 glauben,
2762 5751 96 45 wir
2897 5748 95 48 alle
3029 5752 45 44 in
3117 5750 89 47 der

1703 5819 246 47 geistigen
1988 5818 204 49 Heimat
2230 5819 89 48 der
2358 5817 286 51 Canaletto.
2681 5818 219 55 Mozart,
2939 5818 266 52 Faimund,

1702 5887 351 53 Dannhauser,
2079 5888 240 50 Nestrov.
2349 5888 257 51 Schwind.
2631 5890 317 51 Beethoven,
2975 5889 196 48 Bauern-

1702 5959 114 50 feld,
1856 5959 323 52 Grillnarzer,
2216 5960 211 48 Hebbel,
2463 5961 95 46 wir
2596 5960 95 47 alle
2726 5959 169 48 lebten
2932 5974 93 33 nur
3062 5961 144 47 mehr

1701 6044 100 33 von
1841 6030 89 48 der
1965 6030 236 48 Kinderei
2239 6031 89 47 des
2366 6029 336 49 dekorativen
2740 6029 273 49 Elements.
3084 6030 122 48 Hier

1702 6115 59 32 zu
1790 6101 413 48 widersprechen
2234 6102 62 47 im
2326 6100 194 48 Namen
2551 6103 137 45 einer
2717 6100 186 48 ehrlich
2934 6100 241 51 angeekel-

1703 6174 80 43 ten
1829 6170 255 49 Mehrheit
2127 6173 64 46 ist
2233 6172 112 47 dem
2393 6171 161 49 stillen
2599 6170 325 49 Beobachter
2968 6171 90 49 des
3105 6172 66 47 Ge-

1701 6240 188 48 triebes
1928 6240 285 50 Bedürfnis.

1828 6310 109 49 Wir
1972 6311 165 49 haben
2175 6326 92 35 uns
2304 6313 46 47 in
2385 6310 149 50 Wien
2572 6313 96 48 seit
2703 6313 47 52 je
2817 6311 205 56 gefügig
3090 6311 116 48 dem

1702 6381 329 54 Experiment
2056 6381 333 56 hingegeben.
2449 6381 285 49 Ausliefern
2763 6381 123 49 aber
2912 6381 171 49 lassen
3111 6383 95 46 wir

1704 6466 92 34 uns
1838 6452 130 47 denn
2010 6452 130 47 doch
2180 6450 150 50 nicht.
2435 6451 53 48 In
2529 6450 322 50 widerlicher
2890 6449 316 60 Erinnerung

1703 6521 155 49 bleibt
1899 6521 88 49 der
2029 6521 73 50 als
2144 6521 173 49 Sturm
2360 6523 67 47 im
2466 6520 363 56 Wasserglase
2902 6521 304 49 inszenierte

3359 83 233 55 Rummel
3639 84 89 48 der
3773 82 659 61 Reinhardtbegeisterung.
4509 88 122 48 Man
4675 89 184 57 glaube

3358 154 89 48 der
3492 154 377 56 Versicherung
3917 156 138 48 eines
4100 155 414 49 klarblickenden
4561 157 267 58 Zeitgenos-

3359 237 90 34 sen
3488 224 99 47 und
3624 223 329 57 Mitbürgers,
3994 224 95 47 daß
4127 226 79 47 die
4244 226 388 49 wirkliche

3357 294 90 48 des
3479 293 413 56 schöngeistigen
3924 292 150 50 Wien
4107 295 174 48 diesen
4313 295 235 54 Rummel
4578 297 136 50 nicht
4746 301 84 46 mit-

3357 363 240 56 gemacht
3632 363 101 48 hat.
3800 363 122 57 Das,
3957 378 113 36 was
4106 364 108 49 sich
4248 378 58 36 so
4343 364 242 50 beflissen
4620 368 100 47 und
4755 368 104 48 laut

3358 435 179 45 immer
3574 433 193 47 wieder
3802 433 161 49 selbst
4032 434 90 48 das
4160 436 246 55 „geistige
4690 442 169 53 nennt,

3358 502 205 50 täuscht
3601 502 108 49 sich
3751 503 99 48 und
3892 503 190 49 andere
4122 508 130 44 stets
4294 517 125 43 gern
4461 505 233 58 darüber,
4735 508 93 48 wel-

3358 572 127 49 chen
3521 571 399 50 kümmerlichen
3957 572 445 57 Zusammenhang
4469 588 55 35 es
4594 576 266 57 eigentlich

3358 644 89 46 mit
3482 643 96 47 den
3615 642 273 48 Schichten
3924 643 89 47 der
4051 642 342 50 Gesellschaft
4428 644 102 57 hat,
4598 645 79 47 die
4745 646 115 48 dem

3359 712 258 49 diskreten
4159 714 162 55 einzig
4349 714 99 48 und
4478 714 147 48 allein
4653 715 79 48 die
4761 715 66 54 Re-

3359 784 307 52 präsentanz
3696 783 88 48 der
3812 782 338 57 organischen
4179 782 178 55 Kultur
4385 783 268 49 bedeuten.
4713 784 148 49 Nicht

3359 851 89 48 der
3474 850 207 50 Wiener
3920 854 98 47 und
4045 855 107 46 sein
4180 852 461 56 Stammpublikum
4668 857 192 54 prägen

3360 921 122 48 Gott
3519 922 73 47 sei
3628 921 147 48 Dank
3813 922 89 49 der
3938 922 149 49 Stadt
4123 923 89 48 der
4247 922 196 58 großen
4479 922 380 59 Erinnerungen

3360 991 98 47 und
3498 991 88 47 der
3621 992 317 55 glänzenden
3976 992 364 58 Begabungen,
4380 993 114 49 dem
4534 993 328 56 Mittelpunkt

3360 1061 137 47 einer
3536 1060 292 49 erlauchten
3865 1060 264 51 höfischen
4167 1062 276 58 Tradition,
4482 1064 89 47 der
4608 1063 253 54 Residenz

3358 1129 90 48 der
3497 1128 336 50 historischen
3882 1130 257 59 Familien,
4189 1133 115 48 dem
4353 1132 241 50 Zentrum
4647 1137 213 54 ernster,

3358 1198 251 56 tüchtiger
3639 1201 244 54 geistiger
3916 1201 190 57 Arbeit,
4140 1203 89 48 der
4263 1203 169 49 Stätte
4466 1205 137 48 eines
4639 1205 222 48 eminent

3358 1267 521 58 kunstverständigen
3919 1271 98 48 und
4056 1271 334 50 kunstfrohen
4427 1271 315 59 Publikums,
4782 1274 79 48 die

3359 1338 317 55 angenehme
3722 1336 416 61 Physiognomie.
4220 1341 71 48 Im
4370 1342 196 49 breiten
4649 1342 180 58 Schlag-

3359 1408 233 48 schatten
3641 1408 167 49 dieser
3855 1409 137 48 reich
4040 1410 348 50 konturierten
4466 1411 198 51 Potenz
4741 1428 90 33 ver-

3359 1478 287 49 schwindet
3686 1479 89 47 der
3816 1479 164 48 dünne
4023 1481 137 47 einer
4200 1496 143 33 zwar
4383 1480 314 60 zählebigen,
4739 1483 122 48 aber

3358 1546 136 49 nicht
3528 1547 543 49 wurzelverankerten
4105 1547 241 52 Partikel.

3484 1618 136 49 Aber
3662 1621 137 47 eines
3841 1622 63 46 ist
3943 1620 157 48 leider
4140 1621 167 49 wahr:
4349 1636 110 34 wer
4500 1624 106 48 sich
4647 1623 184 50 zurück-

3360 1689 132 48 zieht
3521 1703 91 36 aus
3643 1689 88 48 der
3763 1689 226 58 Gegend,
4018 1705 84 34 wo
4133 1692 78 47 die
4241 1691 318 57 „öffentliche

3357 1760 232 56 gebraut,
3625 1760 78 48 die
3736 1759 247 55 Reklame
4017 1765 232 51 gerüstet
4280 1763 144 56 wird,
4459 1777 102 34 von
4597 1765 115 47 dem
4746 1764 116 49 hört

3360 1830 78 47 die
3476 1829 84 48 auf
3597 1829 177 53 Kunde
3843 1833 362 53 angewiesene
4241 1831 222 50 Mitwelt
4531 1836 169 54 wenig
4739 1835 123 48 oder

3359 1899 178 49 nichts.
3595 1899 113 49 Und
3734 1915 110 33 wer
3868 1914 92 43 gar
3987 1904 342 55 unternimmt,
4355 1905 47 45 in
4427 1903 286 50 tollkühner
4735 1905 96 49 Ver-

3363 1962 320 51 messenheit
3721 1965 110 48 sich
3872 1977 164 50 gegen
4079 1965 82 50 die
4200 1968 313 48 rumorende
4553 1963 206 54 Cöterie
4802 1982 60 36 zu

3360 2040 195 56 stellen,
3592 2040 89 49 der
3716 2040 133 48 kann
3885 2056 89 32 zur
4010 2040 231 50 Eissäule
4277 2042 252 56 gefrieren
4565 2046 65 46 im
4667 2043 162 51 Todes-

3360 2109 310 59 schweigeri,
3705 2111 91 48 das
3829 2111 181 56 frostig
4045 2125 83 34 um
4163 2113 79 46 ihn
4277 2113 106 49 sich
4417 2114 226 49 schließt.

3483 2200 112 49 Von
3622 2214 58 35 so
3708 2203 163 47 einem
3930 2202 202 49 offiziell
4189 2206 260 46 vereisten
4509 2205 186 49 wollen
4724 2206 138 50 diese

3359 2269 168 50 Zeilen
3563 2271 265 58 sprechen,
3866 2274 162 46 einem
4063 2272 172 58 Mann,
4304 2274 87 48 der
4425 2274 211 49 berufen
4703 2279 158 51 wäre,

3355 2341 210 54 Ratlose
3591 2356 90 34 aus
3708 2342 88 48 der
3819 2342 316 49 Afterkultur
4159 2344 450 50 herauszuführen.
4652 2346 210 49 Adolf

3358 2410 40 47 L
3417 2425 28 33 o
3468 2425 28 33 o
3518 2426 23 34 s
3574 2410 135 50 heißt
3741 2413 89 47 der
3859 2413 175 48 starke
4065 2412 252 50 Einsame.
4382 2413 65 49 Er
4478 2417 64 46 ist
4575 2417 77 46 ein
4686 2417 146 49 Archi-

3359 2480 122 56 tekt,
3520 2481 89 47 der
3646 2481 146 48 keine
3828 2481 201 50 Häuser
4066 2498 60 32 zu
4166 2483 165 48 bauen
4368 2484 101 57 hat,
4508 2486 77 47 ein
4622 2485 240 50 beredter

3352 2550 207 56 Lehrer,
3581 2551 114 48 dem
3717 2551 89 49 die
3806 2551 209 49 Schüler
4035 2553 250 57 mangeln,
4309 2556 76 46 ein
4408 2554 454 51 enthusiastischer

3360 2619 256 57 Kämpfer,
3650 2622 113 47 dem
3797 2622 88 47 der
3915 2621 155 49 Feind
4104 2624 178 47 immer
4313 2623 85 49 auf
4426 2623 280 58 Tagreisen
4739 2628 123 46 weit

3360 2692 299 47 ausweicht.
3722 2690 122 50 Eine
3874 2692 128 49 helle
4034 2692 227 58 Stimme,
4294 2694 89 48 der
4415 2694 90 50 das
4536 2694 138 50 Echo
4708 2695 123 57 abge-

3359 2760 192 56 graben
3589 2762 213 47 worden
3841 2764 77 46 ist.
3989 2761 88 49 Ein
4114 2763 196 48 reicher
4347 2762 247 60 Erfinder,
4635 2766 95 48 den
4769 2767 92 48 das

3359 2831 269 49 behutsam
3665 2832 410 56 Fertiggestellte
4142 2848 102 34 von
4312 2834 121 48 flink
4501 2835 361 56 zugreifenden

3359 2901 212 49 Händen
3603 2902 194 49 alsbald
3829 2917 89 33 zur
3948 2903 298 53 Karrikatur
4277 2904 254 50 verhunzt
4560 2907 144 47 wird.

3484 2972 152 57 Loos,
3708 2977 76 47 ein
3822 2976 293 56 gebürtiger
4151 2977 247 55 Brünner,
4470 2980 89 47 der
4629 2981 106 48 sich
4774 2983 88 46 mit

3360 3046 235 48 scharfen
3623 3046 171 49 kalten
3822 3048 176 54 Augen
4029 3050 44 46 in
4104 3049 190 47 andern
4322 3048 236 49 Ländern
4586 3053 139 45 seine
4755 3049 107 51 Zeit

3360 3116 290 55 angesehen
3688 3116 101 55 hat,
3827 3117 182 50 richtet
4045 3116 340 58 Wohnungen
4425 3120 98 48 und
4563 3120 269 50 Geschäfts-

3361 3189 190 45 stätten
3592 3189 92 46 ein.
3754 3186 106 50 Das
3901 3191 86 44 tun
4024 3188 81 48 bei
4144 3202 92 35 uns
4275 3204 92 33 nur
4407 3204 60 34 zu
4507 3191 146 49 viele.
4724 3191 137 49 Loos

3360 3256 122 48 aber
3515 3271 111 33 war
3693 3258 137 47 einer
3865 3258 88 48 der
4021 3263 184 44 ersten.
4271 3258 189 49 Ferner
4495 3259 86 49 hat
4650 3274 52 34 er
4737 3262 125 48 über

3360 3325 198 54 Fragen
3594 3327 89 48 der
3715 3326 178 55 Kultur
3926 3328 351 56 geschrieben.
4345 3329 142 49 Auch
4524 3330 90 49 das
4650 3335 85 44 tun
4773 3346 60 33 un-

3361 3398 212 54 zählige.
3637 3397 137 49 Loos
3808 3397 122 48 aber
3962 3412 112 33 war
4109 3400 136 46 einer
4279 3399 90 48 der
4404 3405 184 43 ersten.
4655 3400 207 50 Endlich

3360 3467 195 54 kämpft
3618 3467 168 49 dieser
3849 3467 409 58 unbeschäftigte
4289 3469 264 49 Architekt
4585 3484 164 43 gegen
4785 3473 77 47 die

3360 3535 291 56 Präpotenz
3699 3538 89 47 des
3834 3536 365 58 „dekorativen
4634 3540 105 50 Das
4787 3545 75 45 tut

3360 3606 78 49 bei
3463 3622 91 33 uns
3580 3607 135 48 wohl
3741 3606 150 49 kaum
3918 3610 217 51 jemand.
4192 3608 65 48 Er
4282 3611 64 46 ist
4368 3609 159 49 hierin
4553 3611 89 48 der
4669 3612 193 56 einzige

3359 3677 265 55 geblieben
3652 3694 10 38 ;
3703 3677 129 48 denn
3870 3678 79 49 die
3984 3678 269 49 scheinbar
4291 3679 447 56 Gleichgesinnten
4775 3686 84 45 tun

3361 3749 64 46 im
3457 3748 179 48 besten
3671 3747 104 49 Fall
3811 3749 125 47 eben
3971 3750 104 55 mit,
4111 3749 122 49 aber
4266 3749 131 49 ohne
4432 3749 303 60 Charakter,
4772 3753 90 48 das

3360 3816 136 49 heißt
3522 3818 137 48 nicht
3687 3833 90 34 aus
3803 3816 176 56 Natur,
4008 3820 220 47 sondern

3487 3887 150 49 Seine
3670 3886 339 53 Wohnungen
4045 3890 97 47 und
4180 3889 471 51 Geschäftsstätten
4685 3892 87 50 hat
4809 3907 53 35 er

3360 3957 225 50 kürzlich
3653 3960 46 47 in
4265 3961 162 48 denen
4496 3964 217 55 gezeigt,
4783 3964 79 48 die

3362 4029 179 47 darauf
3565 4028 265 57 halbwegs
3856 4031 262 55 neugierig
4143 4045 192 35 waren.
4394 4030 106 50 Das
4527 4035 145 45 wäre
4697 4033 165 49 nichts

3360 4100 329 48 besonderes.
3752 4099 134 49 Aber
3916 4100 283 51 besonders
4230 4102 65 48 ist
4327 4101 87 49 der
4447 4102 158 52 Geist,
4637 4103 88 49 der
4755 4103 106 50 sich

3360 4170 114 48 dem
3514 4170 365 55 verständigen
3919 4169 287 50 Wanderer
4274 4172 108 48 hier
4422 4172 255 50 enthüllte.
4747 4173 115 49 Und

3361 4240 124 48 über
3527 4241 96 47 den
3668 4240 144 49 Geist
3855 4242 167 48 dieser
4063 4240 476 58 Wohnungskultur
4581 4245 130 47 wird
4755 4245 107 48 hier

3361 4314 165 45 etwas
3559 4326 61 33 zu
3652 4325 157 42 sagen
3843 4313 121 47 sein.

3486 4401 106 49 Seit
3622 4404 195 54 einigen
3846 4401 188 49 Jahren
4064 4403 121 56 geht
4213 4417 116 34 man
4357 4403 81 49 bei
4466 4419 93 35 uns
4763 4406 98 48 und

3360 4472 322 49 anderwärts
3906 4475 44 46 in
3987 4473 526 56 Ausstattungsnöten
4548 4475 137 49 nicht
4719 4476 143 48 mehr

3359 4557 115 34 zum
3511 4543 383 50 Möbeltischler
3962 4545 99 47 und
4097 4544 324 55 Tapezierer,
4489 4546 221 49 sondern
4746 4561 112 34 zum

3773 4613 104 48 Der
3913 4614 238 51 Künstler
4189 4618 63 46 ist
4289 4616 85 48 auf
4408 4616 140 49 diese
4585 4617 90 48 Art
4713 4617 146 49 rasch

3360 4699 112 33 zum
3508 4683 188 49 Orakel
3729 4686 282 54 gesteigert
4043 4686 228 47 worden.

3483 4764 104 49 Der
3621 4765 293 56 Gegensatz
3947 4766 90 49 des
4070 4765 267 55 Künstlers
4371 4766 198 49 scheint
4602 4780 57 36 so
4696 4770 164 45 etwas

3358 4837 100 46 wie
3492 4834 471 58 „unkünstlerische
4473 4837 243 49 Aehnlich
4750 4851 111 34 war

3356 4903 207 50 Makart
3592 4919 96 34 vor
3715 4907 196 54 vierzig
3941 4905 189 49 Jahren
4159 4907 90 47 der
4278 4906 221 57 „Herold
4530 4907 89 47 der

3357 4975 122 47 Man
3520 4975 133 48 weiß
3696 4975 90 49 das
3830 4975 336 49 erbärmliche
4207 4975 186 49 Fiasko
4437 4978 167 47 seiner
4645 4977 214 48 Atelier-

3356 5044 551 58 Kitschphraseologie.
3969 5045 167 50 Heute
4167 5048 65 48 ist
4633 5046 226 56 Trumpf.

3357 5115 124 54 Kein
3514 5114 356 49 Handwerker
3902 5117 47 46 in
3982 5114 572 58 Wohnungsutensilien
4590 5116 111 48 darf
4730 5116 131 48 nach

3358 5185 95 48 den
3481 5187 172 46 reinen
3675 5184 288 56 Prinzipien
3990 5188 169 46 seines
4184 5184 325 50 Handwerks
4538 5186 212 48 Gebilde
4774 5201 57 33 zu-

3359 5255 401 56 sammenfügen.
3828 5255 104 49 Der
3966 5255 238 55 Künstler
4240 5256 136 49 steht
4410 5256 164 49 hinter
4610 5256 114 48 dem
4761 5256 66 48 Be-

3358 5326 251 56 fangenen
3650 5327 98 46 und
3790 5326 183 48 richtet
4012 5326 99 48 ihm
4154 5327 79 46 die
4271 5325 163 49 Hand.
4507 5324 127 50 Was
4673 5327 187 47 heraus

3358 5395 211 57 kommt,
3642 5398 64 46 ist
3779 5396 372 56 „angewandte
4506 5396 355 56 Angewandte

3356 5466 177 55 Kunst,
3570 5466 90 48 das
3696 5466 111 49 sind
3841 5465 188 49 Nacht-
4064 5467 99 47 und
4197 5465 376 50 Nähtischchen
4608 5467 91 47 mit
4732 5465 96 48 Por-

3358 5535 325 56 phyrplatten
3734 5536 98 48 und
3881 5537 499 48 schmiedeeisernen
4426 5536 337 56 Beschlägen,
4813 5537 44 46 in

3357 5607 130 47 allen
3509 5605 200 49 Farben
3736 5606 234 57 gebeizte
3988 5606 193 53 Kasten
4206 5608 91 46 mit
4321 5605 248 49 Intarsien
4595 5605 100 49 und
4715 5605 116 55 Spie-

3355 5676 132 58 geln,
3533 5676 200 50 Büffets
3780 5679 91 47 mit
3915 5676 532 56 messinggerahmten
4494 5675 364 49 kassettierten

3355 5746 250 50 Fenstern
3641 5748 99 47 und
3775 5747 444 56 angeschraubten
4253 5745 607 56 Beleuchtungskörpern

3358 5819 99 47 und
3485 5816 273 50 ähnliches.
3800 5817 123 48 Man
3949 5816 156 49 kennt
4132 5817 95 47 den
4252 5815 234 54 Klimbim
4514 5829 89 34 zur
4632 5815 227 57 Genüge.

3356 5887 66 50 Es
3453 5889 65 48 ist
3546 5902 58 34 so
3633 5887 100 58 fad,
3764 5886 96 49 daß
3890 5902 117 33 man
4039 5886 157 49 schon
4225 5886 133 48 beim
4390 5883 279 51 Gedanken
4702 5886 157 48 daran

3356 5957 170 56 gähnt.
3556 5988 65 6 —
3646 5956 138 51 Loos
3814 5957 136 56 fragt
3979 5955 261 58 höhnisch,
4271 5969 199 34 warum
4503 5956 89 47 der
4621 5954 240 56 Künstler

3355 6029 138 48 nicht
3528 6028 128 48 auch
3693 6029 115 46 dem
3842 6026 261 53 Schuster,
4140 6026 114 47 dem
4292 6024 205 59 Sattler,
4536 6026 115 47 dem
4686 6025 138 49 Hand-

3356 6097 373 49 schuhmacher
3770 6101 146 44 unter
3957 6098 78 47 die
4076 6096 155 48 Arme
4268 6096 193 55 greifen
4505 6096 167 49 wolle.
4746 6096 113 48 Und

3357 6169 64 47 da
3449 6168 235 49 niemand
3716 6169 293 54 antwortet,
4036 6165 136 49 fährt
4202 6180 68 43 er,
4299 6166 89 48 der
4418 6166 158 50 schon
4605 6181 97 34 vor
4731 6167 128 48 zehn

3356 6238 191 50 Jahren
3582 6232 69 61 (in
3688 6238 89 49 der
3812 6235 205 59 „Neuen
4051 6234 181 50 Freien
4548 6237 99 48 und
4686 6239 174 53 später

3356 6311 47 46 in
3439 6311 163 47 einem
3636 6306 165 59 gleich
3835 6306 194 49 wieder
4065 6308 416 55 eingegangenen
4517 6306 170 49 Blatte
4723 6306 135 58 „Das

3963 6377 411 56 Anschauungen
4420 6376 293 50 entwickelt
4757 6377 102 56 hat,

3355 6449 123 49 fort:
3544 6447 200 50 Unsere
3774 6446 109 51 Zeit
3912 6447 216 50 braucht
4161 6447 90 50 das
4286 6446 284 50 Ornament
4600 6446 152 57 nicht,
4786 6449 74 47 sie

3353 6518 286 49 verzichtet
3664 6517 193 50 darauf.
3912 6516 85 50 Sie
4020 6517 104 50 lebt
4145 6532 124 34 vom
4294 6516 347 51 ästhetischen
4665 6515 193 51 Wesen
