4894 6698
152 6605 76 44 100

48 128 471 59 langvergessenen
556 129 99 48 und
688 127 333 49 verhaltenen
1055 126 176 57 Kunst,
1267 125 78 48 die
1382 125 163 47 einem

49 198 285 50 Urinstinkt
381 199 88 48 der
516 197 322 50 Menschheit
888 201 358 51 entsprungen,
1291 192 255 50 vielleicht

51 269 79 47 die
170 273 137 44 erste
343 267 305 58 Aeußerung
688 269 89 48 des
846 267 353 56 gestaltenden
1269 263 249 55 schöpferi-

53 338 156 48 schen
256 337 212 51 Willens
516 352 110 34 war
675 339 98 47 und
820 339 100 46 wie
967 336 95 48 alle
1109 335 296 49 treibenden
1451 331 64 48 Ur-

54 407 239 49 instinkte
334 411 46 45 in
420 409 96 48 den
557 407 493 57 gesellschaftlichen
1092 404 306 49 Mißformen
1441 405 80 45 ent-

55 478 151 56 stellt,
248 480 49 52 ja
337 478 323 49 verschüttet
700 477 149 57 blieb,
891 489 83 35 um
1018 489 62 34 zu
1123 473 174 50 Zeiten
1340 471 179 50 allmäh-

58 547 112 57 lich,
221 547 351 48 unversehens
623 547 100 47 und
774 545 338 55 unbesiegbar
1164 541 382 50 aufzuwachen.

56 616 258 49 Zuweilen
353 616 240 56 schlagen
629 630 91 35 aus
759 616 114 47 dem
908 614 328 56 geordneten,
1273 611 249 55 langweili-

55 699 99 43 gen
190 686 217 48 Treiben
443 699 210 35 unserer
688 684 139 57 Tage
862 685 78 47 die
976 683 149 55 alten,
1159 681 193 57 großen
1385 679 132 48 Flam-

56 769 117 34 men
208 756 89 48 des
331 754 450 49 Urmenschlichen
816 753 98 57 auf,
949 751 225 51 welches
1209 752 178 47 immer
1423 748 128 49 auch

58 825 91 49 das
181 824 287 49 wahrhafte
498 823 287 48 Urwunder
817 821 169 56 bleibt,
1019 821 129 47 denn
1181 833 110 35 was
1324 821 94 45 wir
1452 817 66 49 Ge-

60 893 262 49 sellschaft
363 908 212 41 nennen,
618 894 66 47 ist
726 891 129 48 doch
899 889 115 49 bloß
1058 891 77 46 ein
1179 887 372 50 wunderliches

60 962 519 50 untermenschliches
621 961 262 55 Gemenge
919 959 359 49 beherrschter
1316 956 235 49 Tierheit.

60 1032 94 48 Die
188 1032 260 48 Flammen
482 1030 222 50 brechen
739 1029 249 48 zuweilen
1023 1028 104 48 auf:
1170 1030 77 45 ein
1280 1026 127 57 Bild,
1444 1027 108 47 eine

61 1101 186 57 Musik,
294 1103 78 46 ein
420 1099 214 49 Gedicht
680 1099 99 47 und
827 1098 89 48 der
962 1097 260 49 Flammen
1269 1095 252 49 brennend-

60 1174 100 44 ste:
198 1172 77 46 ein
308 1169 152 49 Tanz.

187 1240 70 48 So
303 1239 260 57 empfängt
608 1238 156 48 Grete
807 1236 315 50 Wiesenthal
1168 1237 140 48 ihren
1352 1235 201 55 Impuls,

63 1323 58 34 so
164 1312 244 44 entatmet
448 1310 74 47 sie
561 1307 96 57 ihn,
695 1321 123 34 vom
856 1307 162 56 Klang
1059 1306 177 56 erfaßt,
1276 1307 46 46 in
1363 1307 191 46 seinem

62 1378 288 55 Rhythmus
381 1377 222 57 bewegt,
634 1389 104 35 von
770 1378 191 46 seinem
994 1373 132 51 Takt
1158 1375 99 48 und
1291 1374 144 55 Gang
1467 1386 58 42 ge-

62 1448 201 47 bunden
293 1447 99 47 und
423 1445 202 49 befreit:
662 1445 299 49 innerliches
993 1446 100 47 wie
1126 1445 77 47 die
1237 1443 148 49 Seele
1418 1445 137 45 eines

64 1516 321 49 Tonstückes
435 1515 254 50 erscheint
736 1513 353 58 gleichnishaft
1136 1512 306 55 verkörpert
1491 1513 65 46 im

65 1586 282 49 sinnvollen
387 1584 137 56 Spiel
563 1584 133 49 ihrer
737 1584 203 48 Glieder
980 1584 99 48 und
1120 1583 166 49 dieses
1329 1580 227 50 erweckt

65 1655 192 49 wieder
289 1655 79 49 die
396 1653 195 49 Unzahl
623 1654 89 48 der
740 1653 241 50 Visionen
1011 1652 80 48 bei
1122 1652 88 48 der
1241 1650 194 49 Einheit
1468 1650 88 47 der

65 1723 276 50 schönsten
380 1722 362 57 Erscheinung.

190 1794 94 48 Am
317 1793 334 49 deutlichsten
683 1793 128 49 wird
844 1793 166 49 dieses
1043 1788 513 51 Ineinandertauchen

68 1864 88 48 der
202 1863 403 56 empfangenden
679 1863 99 47 und
822 1859 487 51 weiterreichenden
1383 1858 176 54 Kräfte

67 1947 62 33 an
177 1933 115 47 dem
898 1930 270 56 Langsam,
1214 1929 210 56 fragend
1470 1927 58 48 be-

67 2004 184 54 ginnen
286 2002 78 48 die
400 2005 169 45 ersten
602 2000 178 57 Takte,
816 2001 64 46 da
912 1999 137 48 kniet
1081 2001 73 47 sie
1189 2000 46 47 in
1301 1997 107 50 sich
1473 2011 56 33 zu-

72 2070 498 58 sammengekauert,
621 2070 90 48 das
762 2069 199 57 blonde,
1014 2067 385 56 dunkelkupfrig
1451 2065 80 49 auf-

69 2140 301 50 leuchtende
414 2140 137 48 Haar
595 2139 219 49 verhüllt
858 2139 74 48 ihr
979 2138 208 49 Gesicht
1232 2137 98 48 und
1378 2139 182 46 strömt

71 2211 122 47 über
233 2211 77 47 die
348 2210 282 48 Schultern.
699 2208 95 49 Mit
833 2208 113 48 dem
1015 2207 331 56 bewegteren
1416 2205 115 48 Fort-

71 2293 133 43 gang
244 2280 89 48 des
372 2278 195 50 Motivs
607 2278 176 49 erhebt
822 2279 72 47 sie
935 2277 107 49 sich
1080 2277 245 57 langsam,
1367 2274 195 49 scheint

71 2349 276 50 lauschend
378 2351 104 46 erst
513 2347 132 48 ihrer
676 2350 113 45 inne
821 2361 60 34 zu
911 2347 226 56 werden,
1167 2345 75 49 bis
1276 2346 77 47 die
1385 2357 176 43 ganze,

71 2433 103 34 von
203 2421 161 46 einem
394 2416 438 57 anschließenden,
861 2416 190 55 stumpf
1078 2419 191 53 grünen
1300 2414 262 48 Gewände

71 2492 272 45 verratene
383 2489 141 45 zarte
564 2486 199 48 Gestalt
802 2485 350 56 aufgerichtet,
1192 2486 99 46 wie
1331 2498 102 34 von
1474 2483 88 47 der

71 2556 171 51 Musik
286 2560 104 44 erst
430 2559 233 54 gezeugt,
705 2555 216 56 dasteht,
964 2555 158 48 schon
1165 2554 121 47 aber
1330 2553 127 48 auch
1501 2567 60 33 zu

71 2626 179 57 beben,
281 2641 60 33 zu
372 2629 185 53 atmen,
589 2639 61 34 zu
681 2625 296 55 schwingen
1007 2624 227 55 beginnt;
1270 2624 78 46 die
1379 2621 183 55 Miene,

75 2698 76 46 ein
183 2695 268 56 schmales,
483 2707 251 43 mageres,
767 2697 192 45 starres
992 2692 399 56 Kindergesicht,
1422 2692 141 55 fängt

75 2766 121 48 leise
226 2780 61 33 zu
316 2764 231 50 leuchten
579 2778 76 42 an,
685 2763 79 48 die
793 2762 346 57 goldbraunen
1171 2762 175 56 Augen
1380 2760 152 49 schim-

75 2849 142 33 mern
252 2835 98 47 und
384 2834 209 55 lächeln,
625 2831 177 49 lachen
837 2832 99 48 und
971 2831 223 49 strahlen
1231 2831 209 55 endlich,
1476 2831 87 46 der

76 2902 500 59 scharfgezeichnete
612 2901 158 49 Mund
810 2901 123 48 über
1004 2902 114 47 dem
1186 2901 181 55 langen
1437 2899 126 53 Kinn

76 2973 160 49 öffnet
264 2973 106 48 sich
398 2974 90 46 mit
518 2972 87 47 der
636 2971 406 49 schimmernden
1073 2969 157 55 Reihe
1262 2970 88 48 der
1381 2968 184 57 Zähne,

79 3044 109 46 eine
229 3040 278 57 siegreiche
546 3040 279 50 Heiterkeit
863 3040 223 48 leuchtet
1125 3039 122 49 über
1291 3039 111 47 dem
1442 3037 122 49 Fluß

78 3112 89 47 der
203 3110 379 50 fortziehenden
619 3109 184 57 Musik,
841 3109 283 48 allmählich
1159 3108 118 49 hebt
1315 3109 87 47 der
1439 3107 94 54 Kör-

76 3195 90 40 per
193 3180 107 48 sich
330 3194 174 40 empor
532 3180 97 47 und
658 3194 53 33 er
738 3178 85 50 hat
849 3179 100 49 fast
975 3178 142 48 mehr
1144 3178 130 48 noch
1304 3193 59 33 zu
1393 3191 172 43 sagen,

78 3251 73 48 als
187 3250 90 49 das
312 3249 208 49 Gesicht
584 3249 161 56 allein,
811 3262 53 34 er
898 3248 158 48 erlebt
1121 3248 90 48 das
1276 3247 135 55 Spiel
1479 3248 88 46 der

77 3318 198 50 Wellen
311 3319 99 48 und
446 3321 133 53 zeigt
613 3333 70 42 es,
718 3320 177 46 immer
932 3320 65 46 im
1032 3317 232 49 Dreitakt
1302 3317 88 49 des
1428 3315 104 50 Wal-

80 3403 136 35 zers:
263 3388 78 48 die
382 3390 150 46 naive
576 3388 232 47 Geberde
851 3388 89 47 des
1015 3387 387 56 Schwimmens,
1478 3387 89 47 des

79 3456 263 56 Trinkens,
375 3457 88 48 des
496 3456 218 57 Badens,
749 3456 121 48 alles
903 3455 244 49 Treibens
1182 3458 137 46 eines
1352 3455 189 56 beselig-

82 3531 83 44 ten
204 3526 331 56 Geschöpfes,
573 3528 135 46 einer
741 3525 126 48 Nixe
904 3527 64 46 im
1005 3525 283 48 wallenden
1324 3524 244 56 Element,

82 3596 121 47 aber
237 3596 113 52 jede
386 3595 156 49 Geste
577 3609 91 34 nur
702 3597 109 46 eine
844 3609 103 34 von
983 3594 365 55 untrüglichem
1386 3594 156 54 Stilge-

82 3664 99 49 fühl
220 3664 275 57 gleichsam
564 3666 332 54 vergeistigte
935 3664 97 48 und
1069 3664 261 48 verklärte
1369 3664 166 47 Andeu-

82 3739 121 50 tung
242 3735 87 48 des
368 3734 209 56 Realen;
650 3736 45 46 in
734 3734 88 48 der
889 3733 342 49 wachsenden
1271 3734 299 55 Bewegung

83 3806 210 55 steigert
335 3804 105 48 sich
485 3804 87 48 der
611 3804 232 54 jubelnde
885 3803 207 49 Taumel
1137 3819 61 32 zu
1244 3805 136 46 einer
1422 3803 118 49 über-

82 3874 325 48 strömenden
448 3873 140 56 Lust,
632 3889 60 32 zu
737 3876 161 45 einem
942 3873 240 55 Triumph
1226 3874 345 50 körperlicher

82 3942 223 49 Melodik
338 3943 97 48 und
472 3945 136 46 eines
642 3941 280 50 herrlichen
957 3941 530 58 Augenwohlklanges
1524 3945 46 45 in

82 4013 98 48 und
213 4012 123 49 über
369 4013 112 47 dem
515 4012 87 48 der
634 4012 156 49 Töne.

207 4080 115 50 Else
359 4081 330 57 Wiesenthal,
761 4083 77 47 die
876 4082 202 57 stillere,
1120 4082 224 49 sanftere
1383 4082 101 48 lebt
1525 4084 45 45 in

84 4154 136 45 einer
268 4152 274 48 zärtlichen
622 4152 401 48 träumerischen
1103 4151 293 55 Romantik;
1482 4152 90 48 das

83 4220 418 57 Bacchantische,
531 4221 156 54 völlig
717 4220 283 56 aufgelöste
1031 4222 98 47 und
1159 4221 259 48 brennend
1446 4221 96 48 Ver-

86 4289 267 54 zehrende,
389 4290 89 48 das
517 4290 88 48 der
638 4289 357 50 Leidenschaft
1031 4291 87 49 der
1154 4290 297 49 Schwester
1487 4304 58 42 ge-

85 4359 116 48 mäß
235 4360 78 55 ist,
344 4359 119 56 liegt
496 4359 72 48 ihr
600 4359 155 56 ferne,
786 4360 79 48 die
896 4362 226 54 weniger
1156 4361 94 48 den
1285 4360 289 50 tragischen

89 4429 204 55 Genius,
341 4429 72 49 als
463 4430 77 46 die
588 4429 155 56 selige
790 4429 274 49 Harmonie
1112 4431 98 47 und
1257 4429 318 57 Verklärung

89 4498 88 47 der
220 4498 171 49 Musik
432 4498 318 56 verkörpert,
794 4499 157 49 schon
996 4500 155 48 durch
1196 4500 105 48 ihre
1342 4498 203 50 Erschei-

88 4581 135 42 nung
267 4568 160 55 allein,
472 4582 101 33 von
622 4568 355 53 ebenmäßiger
1054 4570 342 54 Schlankheit,
1473 4584 100 33 von

91 4640 136 46 einer
269 4637 328 54 knospenden
640 4638 204 53 Anmut;
892 4638 72 48 ihr
1008 4639 208 48 Gesicht
1291 4642 133 52 zeigt
1499 4641 78 45 die

92 4709 220 46 reinsten
355 4706 189 57 Linien,
589 4708 94 46 den
728 4708 278 48 sanftesten
1051 4709 190 55 Umriß,
1287 4709 89 48 der
1420 4708 157 49 Mund

92 4779 88 45 mit
228 4778 161 46 einem
436 4776 490 56 unvergleichlichen
974 4778 185 48 Sinnen
1210 4780 98 46 und
1356 4778 222 48 Lächeln

93 4845 178 49 drückt
306 4846 92 47 den
434 4860 194 41 ganzen
663 4845 196 49 Zauber
893 4846 131 50 ihres
1061 4848 365 49 Geschlechtes
1462 4863 111 40 aus;

93 4918 44 44 in
172 4916 113 46 dem
319 4914 259 57 Schwung
612 4917 165 46 dieser
810 4916 204 57 Lippen,
1048 4918 87 47 der
1170 4918 408 56 schweigenden,

93 4986 88 46 der
216 4985 210 54 fragend
463 4984 115 48 halb
613 4985 304 53 geöffneten,
954 4987 89 47 der
1079 4988 210 46 lachend
1328 4988 223 48 erschlos-

93 5068 171 39 senen,
309 5054 195 48 scheint
548 5055 122 46 alles
717 5055 263 47 weibliche
1056 5056 260 49 Schicksal
1393 5070 155 38 vorge-

93 5125 187 52 deutet,
311 5123 126 49 Lust
468 5124 98 47 und
598 5122 137 50 Leid.
768 5124 300 55 Sehnsucht,
1101 5123 168 54 Liebe,
1305 5127 146 55 Güte,
1485 5128 95 46 alle

94 5195 186 47 reinen,
329 5194 93 45 den
468 5193 209 47 wahren
724 5193 319 55 Wohlklang,
1092 5196 78 47 die
1218 5195 217 49 sittliche
1482 5197 98 47 und

94 5262 242 49 sinnliche
369 5261 275 49 Harmonie
682 5263 88 47 des
807 5261 404 52 Frauenwesens
1247 5265 302 48 bezeichnen-

95 5332 95 47 den
235 5330 136 55 Züge
416 5331 191 54 spricht
651 5332 165 47 dieser
861 5335 218 45 stumme
1123 5332 157 49 Mund
1326 5337 99 45 wie
1473 5337 108 45 eine

93 5399 324 55 Verheißung
461 5401 98 47 und
607 5399 255 56 Erfüllung
910 5415 105 33 aus.
1092 5401 112 48 Und
1253 5407 145 43 unter
1446 5406 136 44 einer

95 5471 316 50 schwarzen,
456 5470 405 48 schimmernden
903 5470 232 50 Haarflut
1208 5471 221 49 leuchtet
1505 5474 77 46 die

95 5540 164 49 weiße
308 5540 182 52 Stirne,
536 5539 223 48 strahlen
838 5542 131 45 zwei
1048 5544 185 50 ernste,
1313 5541 269 56 feierliche,

95 5610 149 48 milde
281 5610 171 53 Augen
488 5610 109 47 eine
630 5609 141 48 klare
803 5608 140 49 Tiefe
978 5625 105 33 aus.
1149 5610 139 48 Auch
1323 5613 73 45 sie
1429 5614 154 54 tanzt,

95 5694 110 34 was
252 5679 73 49 ihr
370 5678 183 52 gemäß
601 5680 77 51 ist,
726 5677 184 50 Musik,
956 5679 78 46 die
1080 5693 101 33 von
1227 5680 355 48 verwandtem

94 5749 188 48 Wesen
325 5748 325 54 eingegeben,
689 5749 78 47 die
835 5748 256 51 zärtliche,
1161 5750 131 49 innig
1362 5752 190 44 träume-

95 5819 164 48 rische
298 5818 273 55 Romantik
609 5818 494 54 vergegenwärtigt:
1144 5817 279 49 Mondlicht
1462 5818 122 48 über

93 5888 206 50 Wiesen
361 5889 233 52 wallend,
656 5889 93 47 den
782 5888 221 48 schönen
1033 5887 156 47 Harm
1252 5888 88 46 der
1370 5888 184 48 sehnen-

96 5959 111 50 den,
251 5959 78 47 die
373 5958 325 50 Schwermut
741 5958 89 48 der
874 5957 319 54 verlorenen,
1238 5958 79 46 die
1362 5956 223 49 keusche

94 6028 197 48 Freude
321 6028 87 47 der
436 6041 350 41 gewonnenen
816 6026 168 49 Liebe.
1047 6026 318 49 Schumanns
1395 6025 158 48 Karne-

94 6098 99 47 val.
260 6096 138 48 Eben
434 6111 180 35 wegfen
685 6098 88 47 der
839 6096 388 49 harmonischen
1297 6094 288 50 Gefaßtheit

96 6168 134 48 ihres
269 6166 143 51 rnhig
448 6166 394 51 geschlossenen
883 6166 235 53 Wesens,
1188 6165 133 48 ihrer
1391 6166 166 48 seelen-

94 6237 168 48 vollen
295 6235 182 48 Einfalt
507 6236 97 47 und
637 6236 281 48 Sicherheit
949 6249 215 41 vermag
1197 6237 72 46 sie
1302 6238 62 44 im
1399 6233 186 56 Tanze,

94 6320 112 35 was
241 6306 89 47 der
359 6305 338 47 flammenden
730 6304 403 49 Persönlichkeit
1168 6305 88 48 der
1289 6304 297 49 Schwester

95 6380 213 45 versagt
347 6377 85 47 ist:
479 6375 263 50 deutliche,
783 6374 256 48 obiektive
1113 6375 303 50 Gestaltung
1488 6374 98 47 und

96 6446 526 51 Charakterisierung,
665 6446 73 46 sie
778 6444 120 48 hebt
939 6444 234 54 typische
1214 6444 214 51 Figuren
1473 6443 84 48 her-

95 6532 106 37 aus,
241 6517 95 47 den
375 6514 337 51 stürmischen
750 6514 281 55 Florestan,
1071 6515 94 48 den
1205 6512 381 57 unglücklichen

1695 119 215 49 Pierrot.
1985 116 113 49 Wie
2142 113 315 51 entzückend
2499 114 64 46 ist
2605 111 78 47 die
2728 108 198 55 Grazie,
2971 105 80 48 die
3094 103 96 48 den

1695 187 331 59 ungelenken,
2097 184 425 55 schwerfälligen,
2592 177 437 56 mondsüchtigen,
3101 186 60 34 un-

1697 259 191 56 seligen
1932 257 309 48 Hanswurst
2283 253 110 49 aufs
2440 252 309 53 anmutigste
2793 246 271 56 ungraziös
3113 255 52 34 er-

1697 329 238 48 scheinen
1966 326 118 56 läßt,
2116 326 79 47 die
2228 325 89 47 mit
2350 324 88 46 der
2472 315 514 53 charakteristischen
3020 310 171 50 Musik

1698 397 226 55 taumelt,
1967 394 153 57 hinkt,
2164 394 129 47 nach
2335 391 118 49 Halt
2496 388 162 54 sucht,
2704 386 252 53 indessen,
3001 383 100 46 wie
3145 381 46 46 in

1699 467 95 47 den
1821 466 175 48 Tönen
2026 464 88 47 der
2143 463 124 48 leise
2296 461 150 56 Spott
2475 460 90 46 des
2593 453 366 52 beherrschten
2989 451 170 47 harmo-

1698 535 207 49 nischen
1954 531 427 58 Gleichgewichts
2429 531 47 46 in
2521 527 140 49 ihren
2709 523 237 49 Gliedern
2992 518 201 55 lächelt,

1700 605 245 48 während
1987 602 178 49 darauf
2205 601 87 49 der
2332 594 428 59 triumphierende
2832 588 241 50 Harlekin
3147 589 47 45 in

1700 677 165 48 seiner
1895 673 198 48 Freude
2125 672 77 48 die
2234 668 333 49 kindlichsten
2600 664 248 56 Sprünge,
2881 661 78 47 ein
2989 657 205 49 Lachen

1701 760 81 33 am
1825 756 195 44 ganzen
2064 740 155 48 Leibe
2263 737 266 50 offenbart.
2606 732 184 59 „Valse
3149 727 45 46 in

1702 816 163 46 einem
1940 809 406 52 schimmernden
2420 802 354 52 Seidenkleide
2849 801 89 46 mit
3012 796 184 49 bloßen

1703 882 267 49 Schultern
1999 881 78 47 die
2103 878 191 50 schöne
2318 876 148 55 Frau,
2495 874 79 47 die
2600 870 107 50 sich
2734 872 65 46 im
2828 870 209 55 eigenen
3067 865 96 48 Zau-

1701 953 105 55 ber,
1843 951 115 47 halb
1995 947 298 56 schamvoll,
2330 944 116 49 halb
2483 940 209 51 bewußt
2728 941 137 53 neigt
2904 937 99 48 und
3041 936 156 54 beugt

1705 1022 98 47 und
1840 1020 168 55 badet,
2046 1019 95 47 den
2180 1016 123 53 Reiz
2341 1013 132 50 ihrer
2509 1009 349 55 verhaltenen,
2897 1004 267 51 schweben-

1705 1091 95 47 den
1833 1089 300 55 Bewegung
2164 1083 204 59 genießt
2400 1082 99 48 und
2533 1080 106 50 sich
2672 1080 66 47 im
2771 1076 260 48 Wohllaut
3064 1074 133 48 ihres

1702 1158 183 49 Leibes
1916 1157 277 57 gleichsam
2224 1152 296 56 bespiegelt.

1829 1226 142 49 Auch
2014 1224 117 50 Else
2174 1221 315 51 Wiesenthal
2564 1221 141 47 tanzt
2779 1218 145 47 einen
2967 1213 228 48 Walzer:

1705 1297 202 58 „Rosen
1951 1308 100 36 aus*
2088 1295 114 48 dem
2510 1291 46 47 in
2603 1290 162 46 einem
2810 1283 389 51 feuerfarbenen

1708 1366 278 56 Gewände,
2030 1364 90 49 das
2164 1365 99 46 wie
2307 1363 77 46 ein
2428 1360 210 54 üppiger
2711 1352 333 52 Blütenkelch
3123 1351 78 49 die

1706 1434 242 50 schlanke
1981 1433 199 49 Gestalt
2213 1430 207 56 umgibt,
2455 1429 79 48 die
2567 1428 185 47 daraus
2785 1422 416 51 hervorleuchtet

1707 1505 98 49 und
1844 1503 193 48 wieder
2076 1500 107 50 sich
2223 1500 173 47 darein
2434 1498 136 55 hüllt,
2643 1498 144 46 einen
2859 1494 167 53 Kranz
3097 1504 104 35 von

1709 1574 170 53 Rosen
1920 1585 83 36 um
2044 1572 90 47 das
2174 1569 183 55 Haupt,
2401 1568 77 47 die
2517 1566 193 55 Lippen
2748 1561 312 51 verheißend
3102 1561 100 47 wie

1709 1643 169 54 Rosen
1912 1640 158 49 selbst
2104 1639 99 49 und
2237 1638 80 48 die
2350 1638 136 54 rings
2522 1649 82 34 um
2639 1636 73 46 sie
2745 1632 252 50 blühende
3031 1627 171 50 Musik

1707 1726 122 34 vom
1865 1710 199 49 sanften
2100 1708 259 55 Schwung
2395 1706 89 48 des
2519 1704 256 55 Beginnes
2810 1703 77 47 bis
2922 1715 90 33 zur
3046 1699 125 48 höch-

1709 1785 111 45 sten
1850 1779 126 49 Lust
2008 1779 88 48 des
2129 1776 270 50 Schlusses
2429 1776 46 47 in
2509 1775 90 48 das
2630 1772 136 48 volle
2799 1770 161 50 Glück
2993 1770 89 47 der
3112 1767 60 48 Er-

1710 1849 276 55 scheinung
2022 1846 292 50 wandelnd:
2358 1847 76 46 ein
2473 1842 125 58 Bild,
2637 1842 90 48 das
2766 1839 106 51 sich
2910 1838 168 51 selber
3115 1851 58 42 ge-

1710 1920 187 55 staltet,
1941 1920 76 45 ein
2063 1914 272 58 Geschöpf,
2380 1914 91 49 das
2515 1913 63 49 all
2622 1913 173 48 seinen
2841 1909 99 49 und
2984 1921 218 36 unseren

1710 1987 186 48 Traum
1937 1986 177 49 erfüllt.

1833 2056 148 49 Nicht
2018 2056 129 49 ohne
2187 2057 76 46 ein
2302 2052 329 57 zwingendes
2672 2050 166 50 Gebot
2876 2049 132 48 ihrer
3045 2047 160 49 Natur

1711 2129 287 46 antworten
2041 2125 139 49 diese
2219 2124 351 48 Tänzerinnen
2611 2135 81 33 am
2766 2121 249 54 innigsten
3090 2118 114 47 dem

1711 2196 129 55 Rufe
1882 2196 88 48 der
2009 2193 385 50 Wienerischen
2436 2190 185 58 Musik,
2664 2189 222 50 drücken
2930 2190 73 47 sie
3047 2187 159 49 selbst

1713 2267 128 48 doch
1880 2266 95 47 den
2015 2265 121 53 Reiz
2177 2262 132 50 ihrer
2347 2262 203 48 Heimat
2620 2261 90 47 mit
2779 2256 427 51 unwillkürlicher

1711 2335 143 54 Kraft
1893 2348 107 44 aus,
2038 2334 73 49 als
2148 2334 142 47 hätte
2328 2332 139 48 diese
2503 2329 174 57 Natur,
2717 2329 88 48 der
2843 2326 363 57 Wienerwald,

1713 2405 224 48 welcher
1986 2404 78 47 die
2112 2400 367 50 allerschönste
2528 2399 149 50 Stadt
2724 2397 263 53 bekränzt,
3039 2397 167 47 dieses

1711 2474 156 53 Land,
1912 2473 90 48 das
2047 2474 45 46 in
2135 2469 458 57 unversieglichem
2668 2466 266 55 Reichtum
2979 2465 227 50 Wunder

1714 2544 87 47 der
1841 2541 411 57 Erscheinungen
2293 2539 373 56 hervorbringt,
2709 2537 128 49 auch
2880 2538 139 48 diese
3059 2535 111 48 Mäd-

1714 2613 124 47 chen
1880 2610 301 57 erschaffen,
2220 2625 58 34 so
2318 2609 143 50 recht
2499 2622 83 35 um
2655 2608 78 47 die
2804 2606 402 49 innewohnende

1714 2681 183 57 Musik,
1926 2682 94 47 den
2048 2694 211 43 ganzen,
2289 2682 166 46 steten
2483 2677 306 57 Wohlklang
2819 2678 165 48 seiner
3014 2675 160 49 Schön-

1714 2751 101 47 heit
1854 2752 64 46 im
1959 2749 170 48 Tanze
2168 2764 60 33 zu
2267 2747 372 50 versinnlichen
2680 2747 97 49 und
2818 2761 61 33 zu
2919 2745 287 48 verklären.

1715 2995 596 130 Gespräche
2389 2992 193 111 mit
2653 2992 459 133 Kalypso

1705 3154 213 71 Ueber
1962 3154 105 70 die
2116 3154 222 70 Musik

1706 3265 122 56 Von
1881 3265 195 54 Alfred
2126 3263 209 56 Döblin

1715 3363 303 53 Siebentes
2064 3363 320 58 Gespräch:
2431 3363 197 55 Giesst
2668 3363 158 55 Wein
2873 3363 56 55 in
2985 3363 229 56 meinen

1717 3431 203 70 Becher
1954 3431 34 70 /
2022 3431 101 70 Von
2164 3433 108 54 den
2314 3436 241 51 unteren
2594 3431 474 70 Tonordnungen

1716 3554 189 49 Abend.
1960 3554 220 49 Violette
2204 3554 98 49 und
2325 3555 148 55 gelbe
2497 3553 351 59 Wolkenzüge
2873 3571 80 33 am
2980 3556 233 49 Himmel.

1721 3622 102 50 Das
1848 3623 144 49 Meer
2017 3625 119 55 liegt
2160 3637 130 43 ganz
2313 3625 127 56 glatt
2467 3626 76 47 da.

1722 3720 357 49 Musiker:

1721 3788 163 49 Unser
1920 3789 322 58 Nachmittag
2307 3805 111 34 war
2454 3807 58 34 so
2548 3791 112 51 still.
2759 3791 174 59 Magst
2970 3793 76 50 Du
3115 3809 98 34 nun

1722 3860 189 47 wieder
1941 3859 279 55 plaudern?

1721 3927 223 57 Kalyp
1965 3943 24 35 s
2009 3943 29 35 o
2065 3944 11 35 :
2998 3939 20 20 *

1723 3997 81 48 Ich
1840 3998 97 48 hab
1974 3999 125 48 Dich
2136 4014 142 34 zwar
2315 4002 180 48 einmal
2532 4002 233 58 gebeten,
2804 4006 107 55 mir,
2949 4019 150 34 wenn
3137 4006 79 49 ich

1722 4069 96 47 still
1852 4068 97 57 bin,
2015 4084 102 33 von
2151 4069 74 48 ihr
2259 4085 61 33 zu
2385 4072 259 57 plaudern,
2707 4087 103 35 von
2877 4075 88 48 der
3029 4074 187 51 Musik.

1725 4138 221 56 Gesteh',
1981 4140 127 47 auch
2140 4139 126 50 Dich
2298 4139 177 51 ekelt's
2506 4144 124 51 jetzt
2661 4157 96 34 vor
2788 4144 88 48 ihr.
2942 4143 66 51 Es
3042 4146 63 48 ist
3139 4148 76 46 ein

1723 4207 347 59 langweiliges
2103 4209 130 57 Ding
2266 4225 82 34 um
2382 4211 79 49 die
2492 4211 185 50 Musik.

1727 4277 357 51 Musiker:

1725 4344 163 50 Wenn
1926 4347 78 48 Du
2043 4349 93 47 mir
2176 4349 238 58 erlaubst,
2469 4350 241 59 Kalypso,
2782 4367 57 35 so
2911 4355 157 49 schau
3141 4357 77 47 ich

1725 4414 150 51 heute
1910 4417 95 48 den
2041 4417 191 50 Möven
2269 4421 114 48 dort
2418 4436 76 33 zu.
2561 4421 83 50 Ich
2682 4421 163 50 denke
2880 4426 94 47 mir
3011 4426 110 48 eine
3157 4442 61 33 zu

1724 4485 161 50 holen.

1725 4554 318 57 Kalypso
2070 4571 11 35 :

1727 4626 84 48 Sie
1846 4628 64 47 ist
1945 4627 302 56 langweilig.
2346 4629 160 53 Käme
2540 4633 124 52 jetzt
2732 4635 150 55 einer,
2953 4637 177 48 womit
3168 4652 51 33 er

1728 4697 186 55 wollte,
1959 4699 89 46 mit
2092 4698 113 47 dem
2249 4697 275 51 schönsten
2568 4699 155 52 Liede
2769 4702 223 60 Apollos,
3037 4706 77 47 ich
3160 4736 63 6 —

1728 4766 161 47 würfe
1919 4767 80 47 ihn
2032 4769 186 47 nieder.

1729 4835 358 50 Musiker:

1728 4898 296 61 (Lachend.)
2092 4907 69 48 So
2197 4907 312 56 kriegerisch
2544 4909 287 52 ketzerisch
2866 4913 157 51 flucht
3057 4919 165 46 meine

1728 4974 129 49 hohe
1899 4976 270 57 Gönnerin,
2241 4979 77 46 die
2357 4978 354 57 Schutzgöttin
2783 4985 192 47 meiner
3047 5001 174 33 armen

1729 5044 162 56 Seele,
1928 5045 78 48 die
2042 5046 349 56 Vorgängerin
2431 5050 87 46 der
2556 5050 211 56 heiligen
2806 5051 204 52 Cäcilie.
3079 5056 144 50 Doch

1729 5115 64 48 ist
1826 5129 53 35 es
1910 5117 137 48 nicht
2079 5117 146 55 lange
2258 5117 104 53 her,
2396 5119 64 47 da
2492 5118 238 52 kanntest
2763 5122 78 49 Du
2874 5123 89 49 Dir
2997 5127 97 47 und
3130 5128 92 47 mir

1729 5183 179 50 keinen
1936 5185 152 50 Trost
2114 5188 73 48 als
2216 5188 77 47 die
2318 5187 186 50 Musik.

1730 5252 318 56 Kalypso
2075 5269 11 35 :

1731 5321 86 50 Ein
1851 5324 164 49 leeres
2052 5324 313 50 Gestammel
2401 5329 64 47 ist
2497 5330 88 46 sie.
2653 5329 82 49 Ich
2769 5332 121 48 rede
2925 5333 136 51 nicht
3094 5335 131 48 ohne

1731 5390 97 50 Not
1854 5408 101 33 von
1983 5393 88 49 ihr.
2130 5394 134 48 Aber
2291 5398 109 45 eine
2425 5396 352 52 Bettlerkunst
2802 5403 63 46 ist
2891 5403 87 47 sie.
3002 5434 62 5 —
3091 5404 133 54 Sieh,

1733 5459 104 50 hier
1867 5463 97 56 lieg
1997 5464 91 56 ich,
2121 5464 134 49 nicht
2289 5466 162 56 müde,
2485 5467 121 47 aber
2640 5469 130 48 ohne
2804 5470 118 50 Glut
2954 5474 98 46 und
3084 5473 140 58 Lust,

1733 5533 202 56 stumpf,
1969 5533 155 55 völlig
2159 5534 302 57 ausgeleert,
2496 5536 182 50 blöden
2714 5538 244 51 Herzens.
3027 5542 199 50 Haucht

1733 5603 71 46 sie
1830 5603 45 46 in
1903 5605 163 46 meine
2091 5603 112 56 Not,
2230 5618 57 34 so
2314 5605 140 48 häuft
2480 5608 72 46 sie
2578 5606 155 50 Elend
2759 5609 317 50 klafterhoch
3103 5614 123 47 über

1733 5671 145 55 mich,
1918 5674 129 46 denn
2085 5673 77 48 ich
2199 5674 122 47 sehe
2359 5677 87 53 sie,
2486 5676 78 48 die
2603 5679 363 54 ungeschickte
3005 5682 221 56 Aerztin,

1733 5741 77 48 die
1839 5742 78 47 die
1944 5742 187 49 Leiden
2159 5742 180 57 mehrt,
2368 5757 83 34 wo
2480 5746 73 48 sie
2582 5746 190 49 lindern
2804 5750 100 46 will
2935 5751 97 46 und
3062 5752 163 55 gleich

1735 5812 134 46 einer
1900 5810 177 58 Qualle
2107 5815 78 53 ist,
2214 5812 261 58 schleimig
2504 5816 97 46 und
2631 5816 130 47 ohne
2788 5817 193 49 Hände.

1734 5879 358 50 Musiker:

1733 5947 127 58 Und,
1889 5949 135 49 nicht
2053 5950 160 58 wahr,
2242 5951 194 58 Hände,
2467 5951 199 50 Hände!
2698 5984 63 5 —
2789 5955 147 52 Reißt
2965 5957 131 48 mich
3128 5959 98 57 auf,

1733 6017 120 55 gebt
1886 6022 93 44 mir
2046 6023 178 54 etwas,
2292 6023 76 46 ein
2403 6022 245 56 Anderes,
2716 6025 75 47 ein
2826 6024 401 59 Schäumendes,

1734 6088 135 54 gießt
1898 6092 163 45 meine
2091 6090 183 48 Schale
2302 6091 118 48 voll.

1735 6157 356 56 Kalypso:

1735 6226 111 49 Und
1888 6228 190 56 darum,
2120 6232 132 44 trotz
2290 6227 187 51 Deines
2517 6229 225 58 Spottes,
2782 6232 214 50 veracht
3036 6234 78 48 ich
3156 6238 72 46 sie

1736 6297 73 49 als
1884 6298 109 46 eine
2034 6297 337 50 Bettelkunst.
2445 6298 123 49 Stell
2642 6302 94 45 mir
2811 6304 142 44 einen
3028 6303 200 50 blinden

1738 6366 477 48 Märchenerzähler
2283 6367 89 48 her
2409 6369 97 46 und
2573 6368 122 48 flöte
2730 6368 94 57 Du,
2892 6370 77 48 ich
3004 6373 101 47 will
3141 6373 87 49 Dir

1734 6449 172 43 sagen,
1934 6450 111 34 was
2073 6436 78 48 Du
2178 6436 156 49 flöten
2360 6441 190 52 magst:
2613 6437 78 48 ich
2718 6438 145 48 lache
2891 6438 88 49 Dir
3007 6441 90 50 in's
3128 6442 66 48 Ge-

1739 6505 129 50 sicht
1898 6506 98 47 und
2024 6504 142 57 frage
2194 6505 125 49 kalt:
2383 6520 112 34 was
2524 6506 182 49 schafft
2734 6508 89 47 der
2850 6507 167 50 Narr?

3344 92 363 54 Musiker:

3343 179 98 49 Mir
3469 179 152 54 ginge
3653 174 91 47 das
3776 186 63 33 zu
3871 169 217 50 Herzen.

3345 267 321 56 Kalypso
3694 277 10 34 :

3346 324 416 68 (Aufbrausend.)
3831 329 105 49 Laß
3978 328 91 48 das
4107 325 237 49 Höhnen!
4417 326 83 48 Ich
4537 329 140 49 werf'
4716 331 118 53 Dich

3345 407 92 48 in's
3472 404 147 48 Meer
3683 415 98 35 vor
3816 401 80 47 die
3929 397 197 49 Fische.
4159 425 64 6 —
4256 395 127 49 Was
4450 400 139 45 nützt
4623 397 76 51 Du
4734 407 102 55 mir,

3348 490 110 34 was
3501 477 187 45 nützen
3728 472 94 46 mir
3866 469 96 48 alle
4003 466 225 49 Prächte
4270 466 100 46 und
4411 464 241 61 Wunder,
4693 484 140 39 wenn

3347 548 73 46 sie
3460 555 273 44 versagen,
3774 553 85 34 wo
3902 538 79 48 ich
4022 539 74 46 sie
4135 534 223 49 brauch'.
4433 534 83 49 Ich
4558 539 124 46 sitze
4722 540 113 61 hier,

3347 616 98 47 wie
3476 616 81 45 nie
3587 614 113 47 eine
3733 608 272 56 Göttliche,
4037 605 267 57 gefesselt;
4339 605 64 56 ja,
4436 605 121 48 sieh'
4592 608 127 48 mich
4749 625 87 36 nur

3349 699 76 34 an.
3533 682 94 48 Die
3669 678 360 55 schlechteste,
4105 677 209 54 ärmste,
4390 674 321 52 schwächste
4755 682 81 48 der

3349 751 363 52 Himmlischen
3743 748 132 49 blieb
3909 760 63 35 an
4006 747 89 47 der
4127 744 172 49 Sonne
4331 743 99 49 und
4464 744 114 48 muß
4612 747 76 47 die
4719 749 88 50 Bar-

3346 825 142 48 barei
3516 822 89 48 des
3636 821 183 48 Gottes
3849 818 89 47 der
3966 815 177 49 Neuen
4174 813 305 49 anschauen.
4538 813 107 50 Wir
4673 817 163 53 hatten

3350 894 95 48 den
3486 892 153 55 Krieg
3681 889 99 49 und
3822 888 79 49 die
3940 883 370 57 Frömmigkeit
4351 883 99 48 und
4490 884 139 52 jedes
4672 887 165 61 Glück,

3351 977 53 34 er
3439 963 87 47 hat
3562 962 78 47 die
3678 958 204 50 Gewalt
3949 955 100 49 und
4088 955 80 48 die
4203 952 291 57 Heuchelei,
4562 955 96 47 und
4695 963 141 45 unten

3351 1033 174 48 lodern
3562 1031 80 48 die
3677 1028 262 50 Flammen
3977 1039 84 36 um
4099 1025 97 47 den
4235 1021 280 57 Olympier.
4584 1023 81 49 Ich
4702 1031 136 49 quäle

3351 1100 303 56 Menschen;
3688 1098 79 50 ich
3798 1097 103 49 will
3932 1097 76 49 sie
4037 1093 139 50 nicht
4207 1092 174 57 sehen,
4414 1092 79 48 die
4524 1092 313 65 betrogenen,

3351 1171 253 49 seellosen
3646 1183 104 35 von
3795 1167 167 48 heute.
4004 1195 64 6 —
4111 1163 85 49 Ich
4239 1163 83 47 bin
4367 1162 320 50 unsterblich.
4762 1167 74 51 Ich

3351 1241 141 49 hatte
3587 1238 330 56 verstanden,
4015 1248 114 36 was
4228 1233 79 48 die
4373 1231 193 54 Künste
4660 1235 173 60 gaben;

3352 1310 307 50 knirschend
3726 1307 173 49 mußte
3935 1305 78 49 ich
4050 1318 55 35 es
4141 1305 125 52 jetzt
4330 1315 131 45 ganz
4496 1301 191 58 lernen;
4753 1311 83 45 mir

3353 1380 206 49 mußten
3594 1381 73 47 sie
3699 1377 145 49 mehr
3876 1375 228 56 werden,
4139 1373 74 50 als
4246 1373 74 48 sie
4355 1373 161 47 einem
4552 1373 122 48 sind.
4737 1374 99 54 Und

3351 1451 95 49 mir
3476 1449 166 48 haben
3672 1478 63 5 —
3765 1448 74 48 sie
3871 1446 108 48 ihre
4010 1445 181 48 Armut
4223 1442 216 57 gezeigt.

3358 1532 358 50 Musiker:

3356 1602 83 49 Ich
3474 1600 263 57 schweige
3771 1614 97 35 vor
3905 1599 131 57 dem,
4073 1611 112 35 was
4221 1595 79 49 Du
4367 1594 171 59 fühlst,
4604 1596 231 61 Kalypso;

3355 1671 151 49 kaum
3534 1671 149 50 sollte
3710 1670 77 49 ich
3815 1684 55 36 es
3897 1682 202 43 wagen,
4124 1666 127 49 Dich
4279 1681 61 34 zu
4366 1666 254 48 belehren.
4644 1698 61 5 —
4728 1668 111 52 Darf

3356 1742 78 48 ich
3476 1738 289 58 sprechen?
3840 1733 250 60 (Kalypso
4130 1736 158 50 bleibt
4329 1729 226 61 stumm.)
4630 1737 79 48 Ich
4748 1743 90 47 will

3355 1811 128 49 Dich
3516 1813 234 46 erinnern
3813 1823 62 34 an
3909 1808 161 49 Deine
4135 1808 211 55 eigenen
4379 1804 196 49 Worte.
4639 1806 80 49 Ich
4749 1812 89 48 will

3356 1882 127 49 Dein
3520 1881 236 48 Liebstes
3793 1879 335 55 verteidigen.
4198 1875 112 49 Daß
4349 1890 184 35 unsere
4571 1875 156 55 Kunst
4763 1881 78 48 der

3356 1950 122 50 Duft
3502 1952 137 46 einer
3665 1949 148 48 Blüte
3839 1950 89 55 sei,
3952 1978 63 5 —
4039 1947 165 49 nichts
4230 1947 75 48 als
4333 1947 106 55 das,
4464 1976 62 4 —
4549 1946 94 47 daß
4670 1949 68 46 sie
4763 1950 78 47 der

3357 2021 149 48 Atem
3544 2020 89 49 des
3667 2019 203 49 Lebens
3908 2019 89 55 sei,
4030 2047 64 5 —
4126 2017 165 48 nichts
4328 2016 73 48 als
4441 2016 105 47 das.
4615 2014 116 51 Eine
4764 2033 51 41 ge-

3356 2091 215 56 hobene,
3643 2088 262 50 fürstliche
3947 2086 177 58 Kunst,
4199 2086 79 49 die
4350 2085 280 57 Tonkunst,
4702 2088 137 50 deren

3357 2160 269 58 Eigenstes
3665 2161 89 46 mit
3793 2160 80 56 ist,
3945 2157 96 49 daß
4083 2158 74 49 sie
4196 2155 295 57 schweigen
4564 2155 129 49 kann
4732 2158 110 49 über

3356 2226 177 62 vieles,
3565 2231 78 47 die
3674 2229 108 50 sich
3812 2229 90 49 des
3931 2227 325 54 Kleinlichen,
4287 2225 290 50 Peinlichen
4611 2227 230 50 entheben

3359 2301 124 48 darf.
3514 2330 63 6 —
3607 2298 112 50 Nun
3752 2299 155 49 willst
3940 2297 79 49 Du
4053 2300 73 47 sie
4160 2297 185 48 anders
4381 2295 178 52 sehen;
4595 2297 120 52 jetzt
4748 2304 71 43 ent-

3359 2371 176 48 behrst
3570 2369 79 49 Du
3686 2370 90 49 des
3812 2367 326 57 Kleinlichen,
4205 2367 138 49 nicht
4378 2367 143 47 mehr
4556 2364 287 58 Peinlichen,

3359 2444 123 50 jetzt
3508 2440 155 49 willst
3688 2439 79 49 Du
3795 2439 78 49 die
3901 2439 150 48 Blüte
4078 2437 99 49 und
4204 2437 135 49 bläst
4365 2436 95 48 den
4488 2435 121 49 Duft
4636 2436 95 48 fort
4757 2439 85 47 und

3361 2510 170 50 mühst
3567 2509 127 50 Dich
3733 2524 82 34 um
3855 2510 78 47 die
3970 2511 157 51 toten,
4166 2507 180 48 harten
4383 2505 164 57 Dinge
4587 2507 85 47 der
4708 2505 135 51 Welt.

3361 2581 243 56 Kalypso,
3647 2581 88 47 der
3776 2578 160 49 Uebel
3980 2577 210 56 größtes
4232 2578 65 48 ist
4371 2577 79 47 die
4522 2576 322 56 Langeweile.

3362 2645 249 61 (Kalypso
3676 2649 122 56 liegt
3863 2650 65 47 im
3964 2648 170 49 Sande
4199 2645 359 58 ausgestreckt
4623 2648 86 46 mit
4769 2662 50 42 ge-

3362 2721 331 50 schlossenen
3726 2711 216 63 Augen.)
4006 2717 125 49 Wer
4163 2716 235 56 schöpfte
4429 2718 99 46 wie
4560 2718 61 46 im
4657 2719 164 45 zittern-

3363 2792 95 47 den
3490 2790 206 55 Rausch
3729 2789 217 49 atemlos
3979 2789 95 47 den
4107 2787 164 53 Rahm
4334 2801 104 34 von
4472 2786 87 48 der
4592 2785 132 49 Welt
4755 2786 89 49 ab?

3361 2860 125 49 Wer
3523 2859 151 49 raffte
3744 2858 307 56 ungeduldig
4121 2858 123 49 alles
4285 2856 177 54 Glück,
4532 2856 154 55 Stolz,
4722 2855 123 51 Leid,

3363 2931 177 55 Angst,
3610 2928 128 59 Qual
3778 2942 299 36 zusammen
4148 2928 99 48 und
4284 2925 166 58 genoß
4524 2941 53 33 es
4615 2928 43 46 in
4699 2929 145 45 einem

3362 3001 177 48 Heben
3573 3001 89 48 der
3692 2999 167 58 Lider,
3892 3001 78 46 ein
4004 2996 176 50 achter
4212 2996 149 57 Tag?

3362 3070 323 55 Kalypso
3712 3085 11 33 :

3544 3140 66 50 Es
3644 3140 246 49 schleicht
3924 3153 83 34 um
4042 3138 132 49 mich
4207 3137 194 57 herum,
4469 3137 89 48 das
4595 3136 252 55 Gespenst.

3363 3211 68 50 Es
3467 3211 238 49 murmelt
3740 3207 368 59 Totengebete,
4146 3208 77 48 für
4260 3208 147 54 mich,
4445 3206 77 50 für
4560 3207 142 48 mich.
4766 3206 81 48 Die

3363 3282 228 57 glasigen
3625 3282 192 56 Augen,
3851 3281 90 47 der
3971 3283 268 45 verzerrte
4273 3277 171 50 Mund.
4512 3275 65 52 Es
4610 3277 121 49 lupft
4764 3278 81 46 den

3362 3351 122 57 Fuß,
3549 3366 55 34 es
3636 3350 167 55 zuckt,
3869 3364 55 35 es
3958 3349 243 50 schreitet
4235 3362 83 41 an;
4387 3349 183 47 wirres
4605 3346 240 49 Geschrei.

3364 3421 180 54 Bringt
3577 3419 327 56 Totenopfer.
3973 3419 177 55 Gegen
4185 3420 166 46 meine
4382 3416 156 50 Brust
4573 3417 175 55 drängt
4781 3416 66 48 die

3367 3491 268 57 Schlange,
3663 3489 308 55 entschlüpft
3997 3492 108 52 mir,
4131 3503 85 34 wo
4244 3488 78 49 ich
4350 3489 73 48 sie
4448 3488 173 49 fassen
4648 3486 199 49 möchte,

3367 3561 191 49 windet
3588 3560 107 50 sich
3725 3575 79 34 um
3837 3559 133 50 mich
3998 3559 194 53 herum,
4222 3559 104 54 legt
4356 3558 107 49 sich
4492 3558 101 47 voll
4626 3558 94 47 und
4752 3555 95 49 ekel

3367 3631 123 49 über
3533 3632 201 47 meinen
3778 3630 174 48 Mund.
4029 3629 106 48 Laß
4181 3629 132 48 mich
4356 3628 99 55 los;
4507 3627 75 48 ab.
4659 3626 188 49 Laufen,

3367 3700 244 57 keuchen,
3677 3715 91 35 ans
3803 3699 161 55 Meer,
4030 3698 95 49 daß
4161 3700 131 47 mein
4327 3698 175 49 blauer
4535 3696 187 49 Mantel
4756 3695 91 49 sich

3364 3771 191 48 bäumt.
3624 3769 267 58 Fischlein,
3930 3769 78 49 ich
4047 3769 114 49 hab'
4201 3771 131 47 zwei
4370 3768 137 49 kalte
4544 3766 201 57 Lippen,
4780 3764 66 49 ich

3366 3840 117 49 muß
3515 3841 160 49 Deine
3704 3840 212 55 Kiemen
3947 3840 206 50 küssen.

3367 3910 363 50 Musiker:

3368 3975 275 59 (Schüttelt
3681 3996 59 33 an
3780 3981 138 48 ihren
3957 3979 229 58 Händen,
4226 3979 218 56 schlingt
4481 3979 77 48 die
4598 3979 145 46 Arme
4779 3988 68 35 um

3368 4051 140 49 ihren
3599 4044 162 58 Hals.)
3888 4050 251 56 Kalypso!
4286 4050 104 49 Soll
4486 4049 76 48 ich
4655 4046 193 49 Wasser

3367 4121 249 57 bringen?
3680 4120 128 52 Was
3840 4122 138 54 quält
4008 4119 167 51 Dich?
4240 4119 101 50 Du!
4409 4113 246 62 (Kalypso
4687 4117 161 49 richtet

3367 4193 105 48 sich
3505 4193 286 48 murmelnd
3826 4185 120 62 auf).
4010 4189 112 52 Wir
4154 4191 178 49 fahren
4364 4191 149 48 heim.

3368 4262 360 55 Kalypso:

3370 4327 230 61 (Wieder
3645 4325 346 62 erwachend.)
4068 4331 121 50 Hier
4234 4331 108 50 ist's
4387 4335 101 50 gut.
4566 4329 130 49 Heut
4737 4324 110 50 wird

3370 4405 75 47 ein
3480 4404 219 49 schöner
3730 4403 192 49 Abend.
3953 4434 63 6 —
4046 4402 127 50 Was
4207 4402 250 56 sprachen
4491 4399 131 50 wir?
4656 4430 59 5 —
4745 4395 103 50 Ach,

3369 4474 91 49 das
3504 4475 221 48 tönende
3765 4472 324 58 Ungeheuer.
4163 4504 63 5 —
4297 4471 179 49 Welch
4521 4467 327 53 scheußliches

3369 4543 138 50 Tier:
3574 4543 93 49 Die
3698 4545 156 47 Brust
3885 4543 144 49 reckt
4062 4544 104 49 sich
4199 4544 122 48 weit
4350 4542 125 49 über
4506 4542 79 48 die
4615 4540 139 48 Erde,
4784 4537 65 45 die

3368 4614 219 49 Nüstern
3621 4614 282 49 schnüffeln
3934 4616 45 47 in
4013 4615 80 47 die
4124 4613 146 49 Höhe
4302 4614 100 48 und
4434 4617 149 44 unten
4619 4606 228 54 schlürfen

3371 4686 78 47 die
3489 4684 179 49 dicken
3709 4684 153 57 Füße,
3933 4684 158 49 wälzt
4131 4684 106 49 sich
4312 4684 88 48 der
4441 4675 408 61 grünschillernde

3370 4755 240 52 Schweif,
3637 4755 222 57 wulstig,
3886 4756 262 53 schupoig,
4175 4754 114 48 dick
4314 4754 149 49 besät
4489 4755 88 47 mit
4601 4751 246 47 Würmern

3372 4825 97 48 und
3496 4824 322 58 Ungeziefer,
3848 4826 158 48 durch
4036 4827 78 47 die
4142 4824 219 50 Straßen
4392 4824 96 49 und
4521 4824 92 48 den
4643 4820 127 50 Mist.

3373 4895 362 49 Musiker:

3371 4962 333 51 Entsetzlich!
3780 4964 213 50 Welche
4033 4966 191 47 Leiden
4266 4964 160 50 siehst
4465 4962 117 50 Du?
4654 4960 74 48 Du
4767 4956 84 48 bist

3374 5038 183 51 erregt.
3629 5034 121 49 Dies
3792 5038 63 46 ist
3892 5036 137 48 nicht
4065 5034 187 58 Musik,
4291 5047 189 36 wovon
4524 5033 75 48 Du
4641 5026 209 60 sprichst.

3369 5134 63 5 —
3461 5103 78 49 Du
3570 5102 184 53 denkst
3784 5105 390 57 Fehlgeburten.

3375 5172 358 57 Kalypso:

3375 5237 169 61 (Still.)
3617 5244 170 50 Vieles
3826 5244 133 49 kann
4032 5259 117 34 man
4220 5259 93 34 nur
4353 5247 89 46 mit
4484 5242 230 51 Abscheu
4779 5234 48 48 be-

3375 5314 246 49 trachten.
3693 5314 105 51 Das
3836 5315 86 49 hat
3959 5315 90 48 der
4085 5313 199 51 Walter
4320 5314 124 49 über
4483 5328 92 34 uns
4613 5304 239 66 gerichtet,

3375 5384 156 47 damit
3571 5386 95 45 wir
3704 5384 137 49 nicht
3881 5384 284 56 übermütig
4204 5384 226 48 werden.
4503 5383 133 47 Aber
4676 5393 50 34 es
4763 5371 89 57 gibt

3377 5453 176 56 Dinge,
3619 5469 58 33 so
3714 5454 406 49 beschämender
4157 5455 104 48 Art.
4361 5453 105 49 Das
4503 5452 210 47 Wollen,
4776 5443 76 46 das

3377 5522 245 49 kraftlose
3649 5523 199 49 Wollen
3877 5525 208 55 ergreift
4111 5525 130 47 mich
4268 5538 73 34 so.
4401 5524 79 47 Ihr
4507 5522 122 47 wißt
4653 5522 45 51 ja
4724 5512 129 52 nicht,

3378 5593 97 46 wie
3506 5607 109 33 arm
3649 5593 79 48 Ihr
3760 5595 123 47 seid.
3950 5595 120 47 Man
4105 5595 147 48 sollte
4284 5608 92 33 nur
4410 5596 196 45 weinen
4639 5587 92 51 und
4763 5578 89 53 sich

3377 5660 158 48 Eurer
3577 5663 284 50 erbarmen.
3964 5663 113 49 Und
4118 5665 163 48 nichts
4321 5663 170 49 ähnelt
4530 5660 135 49 Euch
4704 5669 52 36 so
4792 5650 60 47 als

3376 5730 132 49 Eure
3535 5731 186 50 Musik.
3780 5733 165 48 Wenn
3975 5735 80 47 Ihr
4082 5734 211 56 wüßtet,
4322 5736 98 45 wie
4448 5732 106 49 sich
4582 5731 77 47 die
4683 5726 136 48 Himm-

3376 5801 190 47 lischen
3602 5803 96 47 den
3730 5802 123 49 Leib
3886 5804 169 48 halten
4091 5805 96 47 und
4224 5805 78 46 die
4337 5801 251 50 Schenkel
4622 5796 231 51 schlagen,

3378 5884 149 33 wenn
3563 5872 79 47 Ihr
3709 5873 89 48 das
3833 5873 318 49 Schluchzen
4219 5874 98 47 und
4384 5871 271 50 Gelächter
4717 5865 135 47 hören

3377 5941 215 50 würdet,
3625 5956 84 33 wo
3743 5947 150 45 unten
3930 5944 90 48 das
4052 5943 130 48 Volk
4216 5945 162 46 einem
4411 5939 302 58 prahlenden
4745 5924 108 56 Held

3377 6009 235 52 zujubelt.
3676 6011 115 49 Wie
3822 6015 72 46 sie
3926 6015 114 46 dem
4074 6012 265 55 Olympier
4372 6013 76 47 die
4477 6011 155 53 Kniee
4664 6007 188 47 küssen:

3378 6078 208 58 „bravo,
3614 6085 90 51 gut
4085 6083 111 48 Und
4229 6084 89 47 das
4347 6084 153 47 weite
4528 6081 137 48 Haus
4694 6066 161 56 dröhnt

3378 6162 94 33 vor
3506 6148 162 50 Dank.

3378 6237 361 52 Musiker:

3379 6300 161 58 (Nach
3580 6311 139 48 einer
3756 6315 255 46 stummen
4052 6307 199 60 Weile.)
4356 6313 93 48 Die
4518 6298 336 61 Himmlischen

3378 6379 197 53 steigen
3609 6379 72 48 oft
3714 6395 62 33 zu
3809 6382 96 47 den
3939 6381 283 50 Menschen
4256 6383 172 53 herab,
4463 6383 72 48 sei
4569 6393 52 34 es
4655 6387 76 38 um
4765 6362 89 55 sich

3378 6460 62 32 zu
3475 6449 325 57 verstecken,
3836 6453 73 46 sei
3946 6467 54 34 es
4036 6467 82 33 um
4157 6455 189 53 einiger
4380 6450 279 50 Menschen
4693 6438 160 53 willen.

3378 6514 298 51 Himmlisch
3748 6520 98 47 und
3885 6520 292 54 beispiellos
4247 6524 197 47 scheint
4514 6516 239 52 manchen
4790 6504 65 49 die
