2570 4094
1052 260 67 36 LF
1156 261 130 36 MOIS

2227 333 0 0 1097

102 415 362 60 substantiel
489 431 102 40 sur
616 431 68 39 sa
708 410 424 76 signification,
1161 430 102 38 sur
1287 412 54 58 le
1369 416 204 57 milieu
1600 419 333 76 historique
1960 430 60 51 et
2048 430 181 57 social

102 501 76 56 où
212 499 108 56 elle
351 504 91 51 est
475 514 267 57 apparue
774 501 61 51 et
866 513 101 38 sur
997 513 68 37 sa
1095 495 170 72 place
1298 498 151 55 dans
1480 499 53 56 le
1566 501 502 78 développement
2100 531 86 39 mu-

103 581 160 57 sical.

219 665 150 55 L'an
398 663 253 69 dernier,
677 663 85 56 les
789 660 309 57 auditions
1124 660 245 57 avaient
1399 663 95 54 été
1522 664 134 72 plus
1682 669 548 71 particulièrement

104 748 345 57 consacrées
496 748 35 53 à
574 746 64 72 /.
1275 745 63 56 S.
1524 743 163 56 Bach
1018 748 61 51 et
1126 743 35 54 à
1650 754 158 53 cette
1853 758 188 56 année
2087 759 145 59 c'est

108 832 173 55 César
308 829 233 56 Franck
571 834 59 50 et
659 829 265 69 Debussy
952 824 104 75 qui
1085 830 108 50 ont
1222 826 97 55 été
1346 833 243 51 surtout
1622 830 257 61 étudiés.

220 913 133 56 Une
390 912 403 54 intéressante
831 908 419 56 introduction
1287 926 103 38 sur
1425 909 60 55 la
1523 909 95 57 vie
1658 918 61 51 et
1755 914 54 57 le
1847 923 301 57 caractère
2186 926 48 54 si

107 997 206 56 nobles
338 997 73 54 de
438 994 177 57 César
638 993 255 70 Franck,
912 1011 37 36 a
964 992 98 54 été
1085 990 193 57 suivie
1302 992 75 57 de
1400 992 364 61 l'exécution
1782 999 71 56 de
1879 1000 57 58 la
1960 1019 35 54 4
1995 1016 22 24 e
2040 1007 161 57 Béati-

118 1080 232 69 tude,
351 1078 167 71 hymne
551 1075 257 56 sublime
842 1075 36 55 à
910 1074 59 55 la
1001 1072 239 73 justice,

111 1163 57 69 (à
196 1178 32 40 2
256 1159 261 75 pianos),
549 1159 81 56 du
658 1158 272 70 Prélude,
962 1155 218 59 Choral
1206 1162 49 49 et
1282 1157 230 73 Fugue,
1540 1159 271 74 Prélude,
1841 1166 151 71 aria,
2031 1171 201 72 finale,

111 1246 71 57 de
212 1244 59 56 la
504 1244 136 69 Sonate,
641 1247 97 52 etc.

223 1327 158 56 C'est
426 1342 147 39 avec
615 1342 118 38 une
776 1323 212 56 finesse
1032 1327 62 52 et
1136 1341 118 38 une
1297 1323 296 74 précision
1635 1332 446 70 remarquables
2122 1354 115 53 que

111 1412 155 56 Mme
294 1408 332 57 Marchand
653 1426 36 38 a
714 1407 283 74 expliqué
1023 1406 54 55 le
1104 1406 242 57 charme
1373 1407 376 57 enchanteur
1776 1416 59 49 et
1863 1414 122 55 très
2012 1420 186 69 mysté-

110 1493 166 57 rieux
311 1493 74 56 de
417 1491 60 56 la
510 1489 276 74 musique
822 1491 74 56 de
1763 1491 286 71 Debussy,
1251 1489 55 56 le
1341 1494 191 51 secret
1569 1491 72 56 de
1677 1508 109 40 son
1820 1497 248 71 exquise
2102 1517 100 38 sou-

111 1576 186 75 plesse
328 1596 11 34 :
372 1592 66 38 sa
466 1572 257 58 mélodie
753 1591 209 55 repose
991 1591 100 37 sur
1119 1572 85 56 les
1232 1572 302 74 principes
1569 1574 81 55 du
1679 1592 113 55 pur
1821 1577 185 56 chant
2035 1582 170 72 grégo-

112 1658 121 56 rien
270 1663 60 50 et
366 1675 62 37 se
464 1656 278 56 rattache
779 1654 152 56 ainsi
968 1674 121 36 aux
1126 1654 290 56 mélodies
1452 1654 85 56 les
1574 1654 134 73 plus
1747 1657 278 74 antiques
2053 1684 12 47 ;
2103 1665 36 52 à
2173 1682 65 37 ce

112 1741 169 74 point
327 1740 72 55 de
442 1757 117 38 vue
602 1738 283 74 Debussy
927 1755 36 37 a
1005 1755 75 38 eu
1123 1755 154 57 pour
1320 1738 353 73 précurseur
1715 1738 54 56 le
1813 1742 215 56 maître
2073 1762 164 39 russe

126 1821 428 75 Moussorgski,
577 1827 217 50 auteur
819 1822 73 56 de
917 1826 160 51 cette
1104 1839 207 38 œuvre
1335 1820 48 55 si
1409 1820 287 73 originale
1721 1827 60 50 et
1805 1822 48 55 si
1877 1841 364 42 savoureuse

113 1907 195 73 qu'est
332 1906 59 55 la
417 1906 279 57 Chambre
720 1905 291 70 d'enfants
1040 1926 25 43 ;
1087 1903 41 55 il
1152 1921 36 37 a
1212 1903 96 56 été
1335 1905 198 54 donné
1557 1921 117 40 une
1700 1905 275 56 audition
1994 1908 71 55 de
2083 1915 159 51 cette

116 2009 202 38 œuvre
353 1989 49 55 si
438 1987 186 70 vraie,
662 1987 49 56 si
746 1987 183 74 juste,
968 1989 152 54 dont
1157 1987 59 56 la
1251 1989 176 71 grâce
1462 1992 179 51 naïve
1678 2005 37 37 a
1752 1989 241 57 charmé
2030 1991 183 57 l'audi-

115 2072 167 57 toire.
315 2072 159 55 Mme
503 2077 61 50 et
592 2070 139 56 Mlle
761 2070 334 57 Marchand
1123 2075 108 51 ont
1261 2071 252 55 exécuté
1543 2071 35 53 à
1607 2086 33 41 2
1669 2069 213 74 pianos
1910 2070 54 57 le

115 2161 31 55 à
187 2154 391 75 Vaprès-midi
614 2154 143 54 d'un
792 2154 181 71 faune
1009 2155 78 53 où
1123 2152 55 56 le
1213 2151 292 57 musicien
1541 2154 233 71 évoque
1813 2171 146 38 avec
1994 2161 139 50 tant
2171 2157 72 55 de

116 2243 237 53 charme
395 2239 60 54 la
496 2244 217 49 nature
756 2243 277 67 païenne,
1077 2236 253 56 vivante
1374 2241 60 51 et
1479 2236 421 73 voluptueuse,
1946 2237 138 56 telle
2129 2258 115 53 que

116 2321 208 57 l'avait
360 2321 268 71 évoquée
662 2319 331 71 Mallarmé,
1030 2336 79 37 ou
1143 2319 205 56 mieux
1382 2319 140 56 telle
1557 2317 216 74 qu'elle
1794 2320 279 72 apparaît
2095 2321 149 55 dans

115 2405 80 56 les
233 2403 492 59 Eblouissements
766 2403 74 55 de
877 2403 59 54 la
974 2406 296 51 comtesse
1310 2403 73 54 de
1423 2401 284 56 Noailles.

228 2488 245 55 Comme
515 2485 123 56 l'an
681 2486 194 73 passé,
925 2485 232 56 l'œuvre
1202 2485 66 56 de
1313 2484 233 75 Chopin
1590 2503 36 37 a
1668 2484 96 56 été
1806 2483 212 73 l'objet
2064 2485 180 56 d'une

116 2571 208 56 séance
355 2569 381 75 particulière
766 2569 287 74 précédée
1085 2569 147 56 d'un
1263 2569 222 72 exposé
1515 2585 102 39 sur
1647 2566 232 75 Chopin
1909 2568 337 72 professeur

117 2659 57 50 et
207 2672 101 37 sur
338 2653 60 54 la
428 2651 179 72 façon
640 2651 150 58 dont
823 2651 42 55 il
897 2650 235 57 voulait
1166 2651 188 73 qu'on
1387 2650 367 74 interprétât
1787 2667 67 38 sa
1886 2648 277 73 musique
2196 2650 50 54 si

117 2740 257 52 souvent
408 2734 166 57 hélas
601 2735 11 56 !
653 2735 333 56 massacrée
1021 2753 112 55 par
1169 2735 104 56 des
1307 2734 362 74 interprètes
1702 2731 431 74 inintelligents
2168 2751 76 36 ou

120 2815 384 59 fantaisistes.
551 2819 159 55 Mme
755 2818 332 56 Marchand
1131 2836 36 36 a
1208 2815 211 57 insisté
1462 2833 102 38 sur
1604 2815 55 56 le
1701 2814 246 56 fameux
1989 2834 23 30 «
2039 2819 205 67 tempo

120 2902 214 56 rubato
361 2922 22 29 »
424 2900 152 58 dont
616 2900 267 73 l'emploi
925 2900 281 73 fréquent
1247 2898 427 73 communique
1716 2898 36 54 à
1791 2897 60 54 la
1867 2895 275 74 musique
2173 2897 70 54 de

121 2984 227 74 Chopin
375 3003 82 37 un
485 2985 243 55 charme
756 2983 48 57 si
831 2983 367 75 particulier.
1230 2983 138 56 Mlle
1397 2980 332 58 Marchand
1755 2998 36 37 a
1818 2979 251 56 exécuté
2098 2997 146 38 avec

121 3065 49 58 le
196 3067 193 56 même
413 3068 149 72 goût
588 3072 61 51 et
676 3067 53 56 le
755 3067 195 57 même
976 3068 205 55 succès
1207 3085 118 54 que
1349 3065 124 56 l'an
1500 3063 234 57 dernier
1761 3062 104 57 des

122 3151 275 69 ballades,
435 3156 326 64 nocturnes,
800 3156 115 50 etc.

231 3233 91 56 De
348 3250 94 39 ses
468 3233 213 56 études
705 3232 50 56 si
783 3232 428 75 approfondies
1237 3250 102 38 sur
1364 3232 252 54 l'œuvre
1627 3228 104 57 des
1743 3227 222 73 grands
1981 3225 267 70 maîtres,

121 3314 152 58 Mme
311 3316 333 56 Marchand
681 3316 113 54 tire
832 3316 74 56 de
943 3317 122 53 très
1103 3316 433 54 intéressantes
1573 3309 378 60 conclusions
1981 3331 11 34 :
2020 3309 85 55 La
2122 3325 84 38 mu-

121 3398 179 74 sique,
343 3398 221 56 a-t-elle
606 3398 103 71 dit,
751 3403 80 51 est
870 3416 85 38 un
1000 3399 249 73 langage
1288 3397 210 75 précis,
1542 3394 135 56 dont
1721 3392 335 57 l'évolution
2096 3389 153 60 subit

125 3479 73 56 les
234 3482 207 56 mêmes
475 3482 508 71 transformations
1025 3501 106 56 que
1165 3481 311 73 n'importe
1515 3478 134 75 quel
1687 3477 248 72 langage
1964 3497 24 45 ;
2026 3474 49 55 le
2108 3472 142 71 fond

144 3570 75 48 est
358 3565 228 71 éternel,
878 3563 255 77 puisque
1453 3566 131 54 c'est
1786 3563 171 57 l'âme
2195 3563 55 56 hu

121 3650 143 68 pour
297 3648 50 55 le
376 3647 278 74 traduire,
686 3648 97 56 des
812 3648 211 72 formes
1058 3646 102 76 qui
1194 3646 89 56 lui
1313 3651 129 51 sont
1471 3650 263 70 propres.
1766 3641 64 56 Il
1856 3641 131 71 faut
2018 3638 143 56 donc
2191 3653 59 41 se

2044 3768 21 19 n

2042 3789 13 16 /
