2570 4094
1089 267 67 34 LE
1192 268 130 36 MOIS

264 414 79 54 M.
377 412 192 56 Ravel
597 411 333 74 interpréta
958 414 307 57 lui-même
1294 435 96 38 ces
1420 419 194 72 pièces
1645 442 145 38 avec
1819 444 116 38 une
1965 430 288 70 précision

150 500 60 51 et
245 513 119 37 une
399 494 301 72 souplesse
738 496 71 54 de
846 495 100 71 jeu
983 495 104 72 qui
1124 498 374 72 témoignent
1534 503 149 71 qu'il
1719 508 104 53 eût
1861 525 81 54 pu
1979 510 143 71 être,
2161 514 92 53 s'il

150 578 211 54 l'avait
388 576 203 70 voulu,
620 595 81 37 un
751 576 293 57 excellent
1071 579 286 57 virtuose.

266 660 111 53 Les
408 659 159 56 deux
596 658 284 57 mélodies
912 659 103 72 qui
1048 660 319 72 figuraient
1397 680 79 39 au
1507 682 377 56 programme
1914 679 137 50 sont
2079 677 142 71 sépa-

151 743 125 54 rées
301 758 111 56 par
438 740 103 57 dix
568 741 220 55 années
814 741 150 55 dans
991 741 57 55 la
1075 744 362 70 production
1465 746 82 55 du
1574 752 401 69 compositeur
2007 777 9 32 :
2046 774 175 55 cepen-

153 825 165 67 dant,
562 824 108 55 Sainte
671 828 94 51 reste
771 842 117 37 une
919 824 152 55 belle
1101 825 466 71 interprétation
1601 830 72 56 de
1703 833 372 59 l'admirable
2107 858 150 55 page

153 908 71 54 de
259 905 327 70 Mallarmé,
620 905 465 73 interprétation
1119 909 377 70 pénétrante,
1532 910 328 76 liturgique
1895 918 36 53 à
1962 919 58 55 la
2053 919 113 56 fois
2199 927 61 49 et

153 988 271 68 délicate,
449 992 59 49 et
534 989 147 53 dont
704 986 288 73 l'exquise
1015 989 216 71 phrase
1249 1011 20 28 «
1288 989 112 55 Sur
1421 990 54 56 le
1496 993 278 76 plumage
1797 997 423 61 instrumental
2237 1023 21 28 »

151 1074 91 51 est
278 1070 35 54 à
347 1069 240 55 souhait
623 1069 356 70 évocatrice,
1016 1075 294 66 pourtant
1347 1072 57 72 je
1439 1092 74 37 ne
1547 1075 173 58 laisse
1755 1079 169 71 point
1960 1088 188 51 certes
2185 1084 73 55 de

150 1152 83 54 lui
254 1152 259 72 préférer
529 1152 82 54 les
629 1152 229 55 Grands
875 1158 159 49 vents
1052 1172 176 35 venus
1246 1155 363 58 d'outre-mer
1626 1159 147 56 dont
1792 1162 258 58 Maurice
2070 1167 191 54 Ravel

153 1233 165 56 avait
351 1234 232 55 réservé
616 1252 78 37 au
728 1234 197 56 Cercle
959 1235 73 55 de
1065 1235 139 55 l'art
1239 1237 283 56 moderne
1552 1239 59 55 la
1642 1243 289 70 première
1962 1246 295 55 audition.

153 1318 158 55 C'est
351 1317 58 54 là
447 1334 117 37 une
604 1317 255 56 mélodie
899 1322 138 51 tout
1079 1319 35 54 à
1155 1318 111 55 fait
1308 1323 436 70 remarquable,
1786 1326 102 71 qui
1929 1328 331 56 confondra

151 1417 150 37 ceux
322 1398 102 71 qui
444 1397 264 57 refusent
729 1399 35 54 à
784 1399 211 69 Ravel,
1015 1399 58 55 la
1093 1400 314 72 puissance
1428 1404 339 70 expressive
1800 1427 10 33 :
1832 1413 157 50 cette
2008 1409 250 55 mélodie

151 1498 72 37 en
258 1484 90 50 est
397 1484 172 50 toute
618 1481 214 71 pleine,
972 1486 60 50 et
1081 1483 146 55 c'est
1275 1501 73 37 en
1397 1484 190 56 vérité
1635 1487 212 71 qu'ont
1895 1491 172 70 passé
2116 1492 147 53 dans

151 1567 158 49 cette
344 1580 150 54 page
530 1562 84 54 les
1152 1563 226 55 Grands
1689 1569 157 49 vents
2081 1582 177 37 venus
1327 1566 381 57 d'outre-mer.

270 1644 156 54 C'est
446 1644 201 71 plutôt
668 1647 35 52 à
725 1647 105 53 des
852 1663 234 38 œuvres
1109 1647 471 74 symphoniques
1602 1668 114 53 que
1736 1651 242 56 Florent
2006 1653 255 56 Schmitt

153 1743 33 37 a
226 1726 188 54 confié
456 1726 389 72 l'expression
888 1728 72 55 de
1002 1746 111 37 son
1165 1731 442 71 tempérament
1649 1733 213 55 ardent
1904 1738 60 50 et
2004 1741 261 48 contenu

153 1813 134 50 tout
342 1809 298 55 ensemble
692 1831 11 33 :
761 1811 338 71 cependant
1155 1830 92 38 ses
1301 1830 235 39 oeuvres
1584 1831 152 55 pour
1782 1816 179 70 piano
2007 1821 61 51 et
2114 1834 149 54 pour

151 1891 183 53 chant
369 1910 72 35 ne
475 1897 137 48 sont
647 1910 108 53 pas
790 1893 73 55 de
897 1893 175 55 celles
1106 1895 105 71 qui
1244 1912 62 37 se
1339 1900 267 67 peuvent
1631 1897 278 71 négliger.
1938 1898 80 54 Le
2050 1897 216 56 recueil

151 1973 105 55 des
412 1972 313 74 Musiques
1110 1973 244 56 Intimes
910 1976 149 54 dont
1104 1976 244 56 Florent
1377 1977 262 56 Schmitt
1679 1995 150 38 nous
1868 1980 72 53 fit
1980 1980 286 55 entendre

151 2053 303 56 lui-même
496 2055 147 54 trois
682 2056 196 71 pièces
919 2062 90 50 est
1062 2075 83 39 un
1189 2058 104 55 des
1347 2060 332 54 ensembles
1720 2060 84 56 les
1860 2061 294 56 meilleurs
2195 2061 71 56 de

150 2136 56 53 la
239 2137 232 55 récente
503 2138 361 70 production
889 2140 385 71 pianistique.
1576 2147 60 50 et
1856 2149 240 49 surtout
2128 2147 138 50 sont

151 2222 138 50 tout
327 2218 359 74 enveloppés
739 2221 182 55 d'une
972 2222 359 71 pénétrante
1368 2223 268 56 émotion
1688 2225 301 72 exprimée
2039 2243 72 36 en
2162 2226 105 53 des

151 2300 337 56 harmonies
538 2302 251 56 subtiles
840 2309 59 49 et
949 2303 244 73 pleines.
1247 2306 87 53 La
1383 2306 245 56 couleur
1669 2312 61 50 et
1768 2307 53 55 le
1877 2311 389 52 mouvement

153 2382 103 54 des
319 2383 207 67 Reflets
585 2385 427 71 d'Allemagne,
1082 2387 590 71 remarquablement
1738 2389 357 71 interprétés
2158 2405 109 55 par

153 2463 76 55 M.
284 2466 191 55 Ravel
526 2471 60 50 et
631 2467 280 69 l'auteur,
972 2474 137 49 sont
1186 2470 135 71 plus
1390 2470 348 56 accessibles
1794 2489 76 37 au
1940 2471 202 72 public
2206 2475 61 49 et

153 2546 388 56 terminèrent
618 2549 321 55 l'audition
1012 2550 573 71 chaleureusement,
1663 2570 100 37 sur
1847 2552 104 56 des
2017 2551 211 73 applau-

153 2627 355 56 dissements
550 2631 384 55 convaincus.

267 2711 399 73 L'interprète
704 2715 101 53 des
841 2714 286 56 mélodies
1174 2715 152 56 était
1381 2716 137 55 Mlle
1557 2717 226 55 Hélène
1827 2719 80 53 M.
1961 2716 302 73 Luquiens

154 2792 91 55 On
285 2792 117 54 sait
442 2810 145 38 avec
628 2795 193 71 quelle
874 2796 239 55 ferveur
1165 2801 160 51 cette
1378 2797 178 72 jeune
1608 2797 330 55 cantatrice
1989 2813 276 39 consacre

153 2893 114 35 une
290 2876 223 70 grande
536 2883 139 64 part
699 2879 72 53 de
794 2897 108 36 son
925 2880 419 71 remarquable
1368 2881 192 54 talent
1585 2881 35 52 à
1640 2880 58 53 la
1721 2880 239 55 défense
1984 2878 103 57 des
2109 2878 123 55 véri-

154 2956 192 55 tables
374 2975 235 37 œuvres
635 2960 333 55 modernes.
988 2961 130 55 Elle
1146 2966 90 50 est
1254 2961 372 71 l'interprète
1653 2960 370 74 intelligente
2041 2964 60 51 et
2129 2961 134 54 sûre

155 3039 101 54 des
284 3039 208 71 jeunes
520 3043 454 71 compositeurs,
1005 3044 53 54 le
1089 3044 241 54 charme
1359 3049 61 49 et
1448 3044 302 54 l'étendue
1781 3044 180 56 d'une
1989 3041 144 56 voix
2162 3041 104 73 qui

153 3119 115 54 sait
303 3125 137 50 tour
474 3123 34 52 à
541 3126 139 51 tour
712 3142 60 36 se
805 3125 149 53 faire
986 3125 314 71 puissante
1333 3143 78 37 ou
1446 3125 252 55 discrète
1733 3125 334 55 donnèrent
2098 3124 59 53 là
2191 3123 72 54 de

153 3218 321 39 nouveaux
517 3205 407 74 témoignages
967 3208 72 54 de
1081 3208 127 54 leur
1250 3208 231 71 pureté,
1526 3206 548 72 particulièrement
2117 3205 150 56 dans

154 3281 81 56 les
399 3284 227 56 Grands
929 3292 155 49 vents
1315 3307 178 37 venus
1744 3290 384 69 d'outre-mer,
1368 3288 299 72 exprimés
1703 3307 146 37 avec
1886 3307 116 37 une
2040 3305 129 37 rare
2206 3292 61 49 et

153 3366 307 70 puissante
494 3369 342 72 éloquence.

267 3449 83 53 Le
376 3449 92 70 28,
496 3469 116 36 une
638 3454 255 55 seconde
921 3453 279 56 audition
1223 3452 322 55 réunissait
1570 3453 85 54 les
1679 3471 173 38 noms
1877 3454 74 56 de
1975 3469 108 38 nos
2110 3452 159 57 deux

154 3529 295 57 meilleurs
492 3533 320 58 musiciens
856 3535 320 73 rustiques,
1225 3537 242 54 Déodat
1513 3537 72 54 de
1631 3535 253 56 Séverac
1946 3539 61 52 et
2056 3534 210 56 Albert

157 3610 265 61 Roussel.
441 3614 116 56 Les
587 3617 527 72 compréhensions
1133 3617 50 56 si
1214 3617 348 57 différentes
1593 3618 74 55 de
1697 3617 58 56 la
1786 3622 217 51 nature
2034 3633 109 56 par
2173 3631 96 39 ces

2125 276 126 61 1085
