2570 4094
861 251 180 38 ECHOS
1074 251 70 35 ET
1180 248 325 38 NOUVELLES

2250 302 0 0 1107

224 418 259 48 Smetana.

221 527 75 50 La
318 525 327 49 renaissance
670 520 64 49 de
755 517 52 50 la
828 512 313 55 nationalité
1165 510 227 63 tchèque
1414 524 67 33 au
1508 521 101 36 XIX
1610 518 17 23 E
1647 507 152 51 siècle
1821 513 79 44 est
1920 525 75 33 un
2017 510 91 47 des
2130 508 122 49 faits

121 602 72 49 les
247 596 116 65 plus
414 593 342 63 surprenants
808 585 166 66 qu'ait
1026 578 312 66 enregistrés
1386 577 255 49 l'histoire
1689 578 266 50 moderne.
2006 577 250 49 Smetana

126 665 329 68 (1824-1884)
483 677 33 35 a
544 659 84 55 été
654 659 50 49 le
734 657 220 49 chantre
981 651 212 63 inspiré,
1223 647 362 51 enthousiaste
1614 647 68 49 de
1711 652 138 43 cette
1877 648 342 50 résurrection
2244 663 12 32 :

125 741 34 48 il
186 752 30 33 a
242 733 166 51 rendu
433 732 32 48 à
489 731 54 48 la
569 728 247 55 Bohème,
845 724 131 48 dont
1001 720 74 50 les
1101 719 212 50 artistes
1339 717 317 63 jusqu'alors
1682 731 53 34 se
1760 715 340 64 dispersaient
2127 715 130 49 dans

125 812 72 48 les
225 819 132 50 pays
384 799 212 57 voisins,
625 813 57 33 sa
713 793 296 51 conscience
1037 797 52 43 et
1118 804 94 35 son
1240 786 308 50 autonomie
1573 785 290 57 musicales,
1891 790 52 43 et
1973 785 156 48 fondé
2154 799 104 33 une

129 875 135 54 école
316 873 225 61 tchèque
591 863 338 67 aujourd'hui
981 861 122 50 bien
1152 859 219 48 vivante
1420 859 52 46 et
1523 854 408 63 indépendante.
1984 854 273 56 Pourtant,

130 948 250 48 Smetana
423 940 100 56 fut,
569 938 64 48 de
676 950 94 35 son
813 934 205 54 vivant,
1062 929 260 48 méconnu
1365 940 94 48 par
1501 939 80 34 ses
1625 922 370 64 compatriotes
2037 921 130 48 dont
2209 920 51 48 la

130 1014 251 51 méfiance
426 1014 50 44 et
521 1004 363 67 l'ingratitude
927 999 456 66 empoisonnèrent
1429 1011 57 33 sa
1529 995 101 57 vie,
1675 997 290 59 aggravant
2009 992 73 47 les
2125 988 108 50 souf-

131 1087 203 47 frances
363 1095 102 48 que
492 1077 73 50 lui
595 1075 273 48 causèrent
896 1071 50 48 la
974 1067 201 51 surdité
1203 1071 53 43 et
1284 1080 104 33 une
1415 1062 227 51 maladie
1670 1076 268 34 nerveuse.
1952 1060 137 48 C'est
2122 1058 118 49 l'his-

132 1153 132 53 toire
304 1148 241 65 tragique
586 1151 51 44 et
678 1141 289 52 admirable
1006 1155 102 48 que
1147 1140 215 45 raconte
1419 1133 48 50 le
1792 1131 64 48 de
1903 1131 67 47 M.
2011 1128 254 48 WILLIAM

135 1225 227 52 RITTER,
399 1216 178 66 publié
611 1228 95 50 par
738 1212 52 49 la
822 1208 231 52 librairie
1087 1204 148 52 Félix
1269 1203 165 50 Alcan
1468 1203 131 50 dans
1632 1200 54 50 la
1719 1199 242 50 brillante
1998 1197 267 49 collection

135 1293 90 50 des
380 1289 218 50 Maîtres
860 1286 58 48 de
1024 1284 52 50 la
647 1280 247 65 musique.
908 1278 92 51 Cet
1024 1274 303 65 ouvrage,le
1350 1273 223 63 premier
1595 1287 66 33 en
1684 1269 226 62 français
1934 1265 240 51 consacré
2199 1280 67 32 au

135 1361 282 50 fondateur
441 1352 284 54 désormais
748 1347 264 53 immortel
1037 1347 64 49 de
1124 1345 54 49 la
1202 1344 240 62 musique
1466 1341 242 63 tchèque,
1734 1354 67 34 ne
1824 1354 113 34 sera
1962 1352 93 48 pas
2078 1336 53 47 lu
2157 1349 83 33 seu-

136 1433 196 49 lement
357 1441 130 36 avec
510 1424 125 51 fruit
659 1438 96 48 par
775 1420 75 50 les
883 1423 268 45 amateurs
1175 1415 63 50 de
1269 1413 244 63 musique
1536 1429 11 32 :
1570 1410 36 50 il
1628 1411 182 63 ajoute
1837 1424 104 32 une
1969 1421 139 49 page
2131 1404 110 63 capi-

137 1500 106 50 tale
275 1499 31 48 à
334 1512 75 33 un
440 1494 236 63 chapitre
706 1488 240 53 essentiel
978 1488 65 49 de
1072 1484 252 50 l'histoire
1357 1481 266 64 d'Europe
1655 1494 69 33 au
1757 1490 100 37 xix
1858 1488 18 21 e
1904 1475 164 49 siècle.

144 1803 67 9 —
247 1775 94 48 Les
380 1766 427 55 anachronismes.

244 1882 45 48 A
308 1879 279 51 l'occasion
610 1877 63 48 de
693 1877 50 47 la
766 1873 195 66 reprise
982 1870 283 66 prochaine
1288 1868 64 48 de
1555 1866 32 49 à
1606 1863 226 64 l'Opéra,
1855 1875 127 35 avec
2001 1873 278 34 nouveaux

144 1954 195 55 décors,
372 1950 68 49 M.
473 1945 310 52 Combarieu
812 1960 30 32 a
873 1941 126 50 écrit
1028 1957 68 31 au
1126 1939 274 49 Directeur
1429 1936 71 49 du
1529 1933 206 66 journal
1763 1933 46 48 le
2051 1929 50 47 la
2128 1927 152 49 lettre

144 2024 248 51 suivante
417 2037 10 31 :
1780 2071 7 8 .
2168 2065 12 16 ,

1676 2072 161 57 Paris,
1869 2082 62 36 21
1963 2068 316 64 septembre.

417 2175 23 29 «
459 2157 123 49 Mon
611 2155 121 49 cher
761 2154 278 54 directeur,

247 2250 113 48 «Le
620 2249 110 59 Temps
731 2241 175 62 annonçait
934 2242 35 47 il
1007 2256 37 49 y
1079 2255 31 33 a
1148 2237 253 66 quelques
1438 2235 160 62 jours,
1637 2246 103 50 que
1775 2231 75 48 les
1886 2240 284 37 nouveaux
2208 2222 52 48 di-

148 2326 230 46 recteurs
411 2317 66 49 de
526 2315 227 63 l'Opéra,
790 2312 124 47 MM.
949 2312 258 61 Messager
1239 2314 52 41 et
1325 2306 283 55 Broussan,
1641 2302 215 48 avaient
1885 2296 296 51 l'intention
2222 2292 62 48 de

148 2387 306 54 renouveler
477 2385 75 48 les
578 2383 181 49 décors
785 2382 64 48 de
875 2381 141 48 deux
1042 2377 406 51 chefs-d'œuvre
1472 2388 10 35 :
2027 2366 64 48 de
2116 2362 169 49 Saint-

150 2462 178 56 Saëns,
357 2462 52 43 et
440 2456 161 48 Faust
628 2453 63 50 de
719 2451 240 49 Gounod.

251 2546 21 30 «
292 2528 82 48 Au
406 2524 138 64 sujet
577 2524 65 49 de
673 2522 177 57 Faust,
884 2521 343 48 voulez-vous
1258 2532 84 34 me
1373 2515 285 63 permettre
1679 2526 103 31 une
1814 2508 331 48 observation
2178 2515 105 49 qui,

152 2598 129 50 faite
310 2611 145 33 assez
484 2593 101 58 tôt,
618 2606 129 34 aura
779 2589 265 64 peut-être
1075 2602 94 33 son
1199 2584 191 50 utilité.
1596 2650 7 8 _
1644 2649 7 6 .
2073 2640 28 8 „
2255 2636 26 27 A

253 2683 20 31 «
294 2664 136 51 C'est
460 2663 133 49 dans
619 2675 72 35 un
719 2659 155 50 décor
903 2656 351 53 Renaistance
1281 2669 102 50 que
1411 2648 243 69 jusqu'ici
1679 2648 266 61 l'ouvrage
1973 2644 63 47 de
2064 2641 221 47 Gounod

153 2755 30 32 a
209 2738 83 49 été
319 2733 243 67 présenté
587 2747 67 34 au
681 2728 194 66 public.
906 2729 43 48 Il
974 2744 37 48 y
1034 2743 34 33 a
1090 2728 52 50 là
1166 2740 104 36 une
1298 2722 244 53 fâcheuse
1565 2715 376 54 inexactitude.
1969 2714 76 48 La
2069 2710 217 61 critique

153 2805 259 62 française
439 2802 90 49 n'a
555 2799 191 66 jamais
773 2796 252 66 protesté,
1054 2796 35 48 à
1115 2810 91 34 ma
1240 2791 386 56 connaissance,
1659 2792 52 45 et
1739 2786 53 62 je
1824 2800 67 34 ne
1927 2782 140 47 m'en
2100 2778 188 49 étonne

155 2876 124 65 qu'à
308 2871 180 50 moitié
513 2888 9 31 :
554 2871 36 48 il
620 2874 78 44 est
731 2867 196 50 certain
959 2866 162 65 qu'on
1148 2880 67 33 ne
1244 2879 68 31 va
1342 2876 95 50 pas
1467 2861 31 48 à
1524 2858 212 63 l'Opéra
1764 2869 132 48 pour
1926 2851 125 49 faire
2083 2849 62 47 de
2173 2848 16 45 I
2211 2860 52 31 ar-

155 2942 262 65 chéologie
430 2959 11 40 ;
472 2940 133 49 mais
630 2938 42 50 si
700 2952 122 36 sans
851 2937 130 65 qu'il
1007 2952 65 35 en
1101 2936 154 48 coûte
1284 2935 300 59 davantage
1612 2943 69 33 on
1707 2928 126 61 peut
1858 2923 164 48 éviter
2049 2932 101 36 une
2177 2916 113 47 idee

157 3016 170 49 fausse
345 3016 52 44 et
414 3011 201 48 donner
637 3008 31 48 à
691 3023 103 35 une
818 3021 183 35 œuvre
1020 3004 206 65 lyrique
1248 3002 52 49 la
1326 3001 210 49 couleur
1559 2994 236 68 générale
1819 2992 89 66 qui
1931 2989 72 51 lui
2029 2989 260 52 convient,

158 3079 255 69 pourquoi
439 3095 68 34 ne
529 3095 95 48 pas
648 3077 207 66 ajouter
879 3092 68 33 au
972 3074 178 66 plaisir
1169 3074 90 50 des
1278 3087 142 49 yeux
1444 3074 52 46 et
1522 3068 90 49 des
1629 3063 196 52 oreilles
1839 3062 370 49 l'observation
2231 3068 62 34 ae

155 3156 52 48 la
235 3150 168 50 vérité
428 3149 18 48 ?
479 3148 69 52 Ce
576 3148 90 65 qui
693 3147 113 49 sied
832 3147 33 47 à
1644 3147 180 57 Faust,
1101 3144 158 65 opéra
1288 3157 67 33 ou
1385 3140 183 50 drame
1592 3131 269 58 littéraire,
1890 3130 125 48 c'est
2043 3142 72 33 un
2144 3125 151 47 décor

163 3220 243 66 gothique.
421 3219 62 62 Je
499 3217 307 49 m'abstiens
822 3215 328 48 d'énumérer
1165 3213 63 48 ici
1256 3213 74 48 les
1345 3210 200 48 raisons
1560 3205 105 48 très
1687 3200 334 51 nombreuses
2041 3200 50 46 et
2121 3195 177 46 faciles

160 3293 32 48 à
230 3297 215 43 trouver
484 3288 90 63 qui
601 3302 71 34 au
710 3285 183 51 besoin
930 3283 373 66 justifieraient
1343 3284 141 46 cette
1513 3272 375 56 observation;
1932 3270 51 63 je
2030 3280 82 33 me
2134 3263 163 47 borne

160 3361 33 49 à
219 3361 51 50 la
298 3357 224 68 signaler
552 3371 106 35 aux
685 3357 108 49 très
822 3354 293 67 distingués
1141 3352 287 50 directeurs
1455 3346 91 66 qui
1574 3344 213 49 veulent
1815 3336 230 67 rajeunir
2072 3335 47 49 le
2148 3335 151 44 cadie

165 3429 161 50 d'une
361 3440 184 37 œuvre
573 3425 288 65 populaire.

275 3515 21 30 «
314 3497 144 48 Avec
486 3496 317 48 l'assurance
835 3493 65 50 de
929 3509 110 34 mes
1068 3491 261 51 meilleurs
1359 3487 325 50 sentiments.

1582 3552 176 63 JULES
1787 3547 322 49 COMBARIEU
2133 3554 35 32 ».
