2570 4094
764 269 134 37 VOIX
932 271 218 37 MORTES
1182 278 9 32 :
1230 274 286 48 MUSIQUES
1553 274 166 37 MAORI

2318 326 0 0 1007

176 424 164 57 tions
365 424 308 65 savantes,
698 416 85 57 les
807 435 144 37 sons
975 417 344 59 mélodieux
1343 440 118 54 que
1484 420 341 75 produisait
1850 421 234 55 chacun
2110 421 75 56 de
2210 440 108 37 nos

175 506 404 56 instruments
607 518 76 39 en
712 499 371 73 particulier,
1116 504 380 70 approchant
1528 504 345 72 davantage
1903 504 73 56 de
2004 501 61 56 la
2093 501 193 74 simpli-

176 589 121 57 cité
322 588 104 57 des
447 585 180 69 leurs,
651 583 85 55 les
759 581 365 57 ravissaient
1149 584 72 56 de
1246 585 223 71 plaisir.
1493 621 22 29 «
1545 586 52 56 Il
1634 586 301 74 complète
1966 585 120 56 lors
2112 585 72 57 de
2208 603 110 39 son

178 670 304 59 troisième
520 683 253 57 passage
813 665 35 55 à
885 664 206 56 Tahiti
1121 685 10 35 :
1173 687 22 29 «
1220 668 169 54 Nous
1427 670 351 55 trouvâmes
1815 687 118 38 une
1969 668 349 56 habitation

176 753 250 75 remplie
462 750 146 59 d'un
641 748 234 57 certain
906 749 253 55 nombre
1194 749 73 56 de
1299 751 269 56 naturels
1597 774 13 49 ;
1644 753 42 53 il
1718 770 41 54 y
1792 751 167 56 avait
1995 770 77 37 au
2112 750 205 57 milieu

179 838 82 58 du
292 837 187 57 cercle
510 833 160 58 deux
701 831 252 56 femmes
981 852 14 49 ;
1028 829 257 58 derrière
1314 833 268 57 chacune
1611 834 153 56 était
1792 853 85 37 un
1905 833 278 57 vieillard
2211 834 105 72 qui

175 919 272 75 frappait
491 917 362 57 doucement
896 931 103 36 sur
1041 931 84 36 un
1167 915 303 55 tambour.
1516 917 114 54 Les
1671 917 250 55 femmes
1964 917 352 57 chantaient

178 1021 110 56 par
324 999 369 70 intervalles,
733 1002 62 52 et
832 997 125 54 l'on
994 997 103 54 n'a
1133 995 218 73 jamais
1389 999 267 56 entendu
1695 998 74 56 de
1806 999 185 55 chant
2029 998 51 56 si
2131 998 180 57 doux.

176 1084 403 57 L'assemblée
599 1082 85 56 les
703 1079 271 57 écoutait
995 1096 148 38 avec
1163 1096 119 38 une
1304 1080 306 55 attention
1630 1080 267 55 extrême
1925 1102 14 49 ;
1961 1079 109 57 elle
2090 1080 194 74 parais-

178 1168 119 57 sait
325 1167 291 57 absorbée
645 1163 151 57 dans
823 1181 66 37 ce
915 1160 209 75 plaisir
1152 1179 116 54 que
1294 1160 86 56 lui
1407 1160 204 58 faisait
1637 1162 59 54 la
1723 1162 293 72 musique.
2046 1185 21 27 »

296 1251 302 74 Quelques
635 1245 230 59 indices
904 1262 213 39 encore
1149 1265 10 34 :
1202 1244 298 56 certaines
1539 1251 215 49 tenues
1794 1245 104 55 des
1939 1244 144 55 voix
2235 1247 79 54 où

178 1333 124 59 l'on
330 1333 217 57 devine
574 1348 119 40 une
720 1327 386 58 satisfaction
1233 1327 175 56 n'ont
1435 1345 110 54 pas
1573 1327 239 56 d'autre
1837 1327 115 56 but
1980 1345 115 54 que
2122 1327 54 56 le
2203 1345 111 38 son

178 1436 76 38 en
293 1416 311 58 lui-même
646 1418 61 52 et
749 1430 155 57 pour
945 1409 105 56 lui.
1097 1409 109 56 Ces
1246 1409 250 73 longues
1538 1414 213 51 tenues
1794 1409 311 56 abondent
2147 1413 61 51 et
2250 1427 62 38 se

178 1502 279 72 répètent
479 1503 62 51 et
562 1494 405 59 s'éternisent.
993 1492 80 57 Ni
1093 1492 55 56 le
1171 1491 242 73 rythme
1436 1491 62 54 ni
1519 1492 85 54 les
1624 1491 236 72 paroles
1882 1508 74 37 ne
1978 1491 276 55 suffisent
2278 1491 37 54 à

176 1586 87 56 les
285 1582 315 75 expliquer
630 1601 11 34 :
669 1597 79 38 on
772 1576 248 71 entend,
1044 1593 81 39 on
1148 1581 136 51 sent
1310 1592 117 55 que
1451 1574 54 58 le
1529 1572 194 60 Maori
1745 1572 86 57 les
1856 1572 158 56 aime
2038 1591 75 37 en
2140 1572 169 74 dépit

179 1667 75 59 de
288 1672 174 50 toute
498 1661 405 76 signification
936 1657 329 75 liturgique
1300 1662 61 51 et
1398 1657 83 56 du
1515 1656 391 73 symbolisme
1940 1654 261 73 guerrier
2235 1673 80 37 ou

178 1751 309 70 festoyeur
510 1746 104 74 qui
637 1746 85 54 les
745 1742 229 57 suscita
995 1741 326 75 peut-être.
1348 1737 378 74 Cependant,
1749 1737 59 56 la
2079 1736 82 56 du
2184 1753 128 54 son,

178 1851 74 38 en
277 1830 336 75 Polynésie,
639 1845 153 38 nous
815 1827 222 55 étonne
1061 1828 61 52 et
1145 1840 153 38 nous
1323 1822 376 56 déconcerte.

296 1916 114 56 Les
438 1927 251 58 moyens
717 1913 140 51 sont
877 1925 285 57 pauvres.
1182 1906 53 54 Il
1256 1905 106 73 n'y
1390 1924 37 36 a
1455 1902 127 57 rien
1611 1902 188 72 qu'on
1826 1900 201 73 puisse
2043 1917 272 38 nommer

178 1999 303 55 vraiment
527 2016 23 30 «
574 1995 306 56 orchestre
923 1990 212 57 Maori.
1164 2011 23 29 »
1233 1990 113 54 Les
1390 1986 159 57 seuls
1594 1985 401 54 instruments
2025 1981 289 57 familiers

176 2081 234 57 étaient
435 2080 61 54 la
520 2079 171 69 flûte,
717 2076 60 55 la
804 2093 235 54 conque
1065 2079 61 50 et
1153 2072 54 56 le
1234 2071 306 56 tambour.

294 2164 88 54 La
415 2161 212 56 «flûte»
659 2157 193 59 Maori
992 2152 628 75 immanquablement
1656 2147 226 59 décrite
1916 2165 109 56 par
2060 2152 139 49 tous
2231 2145 85 56 les

178 2261 359 59 voyageurs,
580 2260 76 37 ne
699 2237 233 78 répond
973 2239 144 73 qu'à
1158 2242 175 51 notre
1375 2234 278 73 flageolet
1696 2230 289 73 vulgaire.
2030 2228 159 56 C'est
2231 2248 84 35 un

176 2329 214 73 simple
409 2328 268 55 bambou
696 2322 169 59 muni
886 2322 147 58 d'un
1053 2321 184 57 sifflet
1257 2326 61 51 et
1338 2319 178 73 percé
1538 2316 73 56 de
1633 2314 179 69 deux,
1832 2312 150 57 trois
2001 2331 78 36 ou
2100 2316 215 67 quatre

176 2418 189 49 trous.
415 2409 373 57 Néanmoins
819 2428 10 34 :
880 2428 21 28 «
928 2405 83 56 Ils
1056 2409 110 51 ont
1211 2421 85 37 un
1342 2399 325 75 expédient
1695 2420 22 29 »
1765 2396 90 57 dit
1903 2395 164 56 Cook
2116 2414 21 29 «
2163 2410 152 56 pour

178 2499 220 51 mettre
432 2494 35 54 à
496 2491 294 57 l'unisson
821 2489 85 56 les
937 2489 180 56 flûtes
1150 2485 104 74 qui
1285 2485 213 72 jouent
1530 2480 304 57 ensemble
1865 2502 13 48 ;
1912 2477 71 55 ils
2015 2480 299 68 prennent

178 2594 116 38 une
321 2574 199 58 feuille
548 2573 179 73 qu'ils
754 2570 238 57 roulent
1020 2574 60 51 et
1107 2566 180 75 qu'ils
1314 2565 361 72 appliquent
1703 2564 34 53 à
1764 2557 366 60 l'extrémité
2157 2556 73 56 de
2257 2556 57 55 la

175 2660 150 55 flûte
363 2658 60 57 la
463 2658 136 73 plus
640 2662 230 63 courte,
899 2660 62 50 et
992 2653 71 54 ils
1101 2651 59 56 la
1200 2648 471 57 raccourcissent
1710 2663 80 37 ou
1829 2644 71 54 ils
1938 2640 373 72 l'allongent,

176 2759 234 38 comme
439 2759 78 37 on
545 2740 113 56 tire
684 2739 85 56 les
796 2743 239 66 tuyaux
1063 2733 104 57 des
1195 2731 352 71 télescopes,
1575 2728 245 72 jusqu'à
1846 2744 65 37 ce
1939 2722 179 74 qu'ils
2146 2721 164 55 aient

176 2824 217 56 trouvé
424 2824 55 56 le
509 2828 110 49 ton
650 2820 180 74 qu'ils
861 2818 346 67 cherchent,
1242 2833 65 37 ce
1340 2811 149 58 dont
1520 2810 157 55 leurs
1709 2806 233 57 oreilles
1972 2802 339 75 paraissent

178 2907 170 73 juger
371 2923 147 40 avec
539 2907 318 67 beaucoup
881 2900 74 57 de
973 2899 369 57 délicatesse.
1364 2917 21 29 »
1409 2893 139 56 Cela
1569 2891 134 70 fait,
1726 2909 78 36 on
1827 2908 74 37 en
1922 2888 136 72 joue
2080 2903 229 37 comme

178 3010 22 30 «
227 2990 180 56 d'une
443 2989 150 56 flûte
630 2984 357 57 traversière
1013 3003 42 48 »,
1093 2979 153 56 mais
1282 2996 74 38 en
1399 2994 61 37 se
1497 2978 246 52 servant
1771 2971 82 58 du
1881 2988 128 38 nez.
2042 2969 81 54 Le
2149 2973 163 67 geste

172 3079 97 50 est
308 3091 320 54 saugrenu.
672 3070 82 55 Le
793 3086 111 38 son
943 3064 301 57 résultant
1284 3079 75 37 ne
1412 3059 136 55 l'est
1609 3074 110 55 pas
1760 3054 196 56 moins
1987 3073 10 33 :
2042 3069 29 36 c
2099 3056 90 50 est
2230 3068 84 35 un

174 3156 327 57 sifflement
545 3152 245 73 maigre.
838 3149 52 56 Il
933 3166 36 38 a
1012 3144 298 59 enchanté
1355 3140 104 57 des
1500 3139 392 56 littérateurs.
1912 3135 83 55 Le
2037 3130 278 75 flageolet

176 3238 192 70 nasal,
397 3238 51 56 si
476 3256 80 37 on
583 3236 86 55 lui
694 3237 202 56 donne
926 3250 109 38 son
1063 3230 157 55 beau
1249 3243 144 38 nom
1417 3222 194 59 Maori
1637 3220 72 57 de
1727 3219 223 56 «vivo»
1967 3213 344 59 s'ennoblit.

179 3321 151 56 Mais
368 3324 243 51 surtout
650 3318 42 55 il
731 3316 248 57 devient
1018 3312 163 72 sujet
1221 3308 73 57 de
1332 3305 265 74 lyrisme,
1641 3303 102 57 dès
1783 3319 138 55 que,
1961 3303 240 52 cessant
2241 3297 71 54 de

178 3403 288 56 l'écouter
490 3418 154 58 pour
668 3398 329 67 lui-même,
1026 3413 77 37 on
1127 3391 272 57 l'entend
1425 3389 35 55 à
1484 3393 234 50 travers
1743 3385 21 55 1
1788 3383 282 57 indicible
2096 3380 216 55 silence

178 3486 104 57 des
318 3491 188 51 terres
542 3482 395 57 Tahitiennes
966 3500 10 33 :
1017 3477 157 56 alors
1211 3474 41 55 il
1301 3492 64 37 se
1414 3490 145 54 pare
1611 3469 40 56 d
1675 3467 428 71 harmoniques
2154 3462 124 56 inat-

175 3571 241 68 tendus,
451 3586 121 37 non
604 3566 136 73 plus
771 3580 245 40 sonores
1046 3558 353 57 seulement.
1421 3556 81 53 Et
1520 3553 157 56 voici
1694 3552 55 56 le
1766 3549 257 75 premier
2041 3544 271 73 exemple

176 3651 76 56 de
278 3669 65 38 ce
368 3650 105 73 qui
498 3648 274 75 pourrait
797 3665 61 37 se
884 3645 236 72 répéter
1144 3657 102 40 sur
1271 3639 234 70 chaque
1530 3636 222 54 timbre
1774 3631 193 59 Maori
2000 3651 10 34 :
2037 3629 54 55 le
2118 3633 194 50 reten-
