2570 4094
872 343 264 36 MERCURE
1174 339 245 37 MUSICAL
1456 337 69 36 ET
1565 337 44 36 S.
1649 337 35 35 1.
1724 335 59 37 M.

261 352 128 50 1052

264 524 78 35 au
389 502 157 71 sujet
596 501 100 54 des
744 493 237 58 affaires
1030 487 361 76 hongroises,
1442 488 36 55 à
1525 492 160 52 cette
1732 487 234 72 époque
2012 503 123 38 non
2182 483 220 75 réglées

263 602 224 40 encore.

377 663 158 56 Liszt
570 659 149 56 était
756 676 140 38 sous
931 676 64 37 ce
1030 658 249 70 rapport
1315 652 407 57 évidemment
1758 670 123 38 non
1913 649 333 59 seulement
2282 649 120 56 très

263 746 119 57 mal
412 742 320 74 renseigné,
763 758 177 56 parce
972 757 134 55 que,
1141 755 73 39 ne
1246 736 253 56 sachant
1531 753 109 55 pas
1669 734 55 58 le
1754 733 300 75 hongrois,
2087 732 42 57 il
2159 753 73 37 ne
2265 752 103 37 con-

262 826 244 58 naissait
540 825 58 54 la
630 821 291 58 situation
955 840 116 54 que
1106 822 103 56 des
1241 819 303 73 journaux
1578 818 323 73 étrangers,
1939 816 152 57 mais
2125 817 121 55 très
2281 817 122 55 mal

263 908 232 74 disposé
534 906 158 57 aussi
730 924 176 55 parce
945 902 145 75 qu'il
1130 901 205 59 devait
1373 921 75 37 en
1486 899 234 58 vouloir
1757 898 571 59 involontairement
2367 899 36 55 à

261 1009 90 38 ses
379 988 429 73 compatriotes
837 988 37 54 à
904 1004 176 39 cause
1111 987 74 57 de
1216 986 299 70 l'attaque
1546 982 241 57 terrible
1818 1001 118 55 que
1966 983 212 73 Henry
2210 982 192 57 Heine

262 1071 164 57 avait
460 1071 217 72 dirigée
710 1076 206 51 contre
948 1068 83 56 lui
1064 1070 36 53 à
1130 1086 221 55 propos
1400 1068 73 56 de
1504 1066 60 54 la
1594 1085 208 54 guerre
1848 1065 554 57 constitutionnelle

262 1156 72 56 de
368 1155 145 70 1848
545 1160 62 51 et
643 1155 165 71 1849.
843 1156 97 53 En
972 1153 209 55 octobre
1216 1153 63 55 de
1316 1152 146 73 1849
1495 1156 91 51 est
1618 1150 53 56 le
1703 1150 144 56 titre
1881 1150 72 57 de
1986 1153 159 53 cette
2178 1147 188 59 incom-

259 1237 244 73 parable
535 1236 180 57 satire
749 1239 148 54 dans
929 1233 254 75 laquelle
1214 1233 54 58 le
1299 1233 178 74 poète
1506 1232 308 57 allemand
1845 1231 211 57 exhale
2074 1247 93 40 ses
2199 1230 203 75 peines

259 1319 398 74 patriotiques
696 1319 53 55 le
789 1317 340 59 lendemain
1171 1320 83 54 du
1294 1315 338 58 centenaire
1675 1317 73 56 de
1791 1315 237 71 Goethe,
2072 1315 120 56 fêté
2233 1334 127 54 pom-

259 1407 348 69 peusement
643 1404 35 53 à
714 1400 278 71 Weimar,
1029 1419 146 38 avec
1209 1400 54 57 le
1297 1416 289 40 concours
1622 1399 83 55 du
1738 1420 22 29 «
1785 1396 87 58 roi
1908 1400 104 56 des
2045 1396 288 76 pianistes
2357 1419 42 34 ».

261 1485 50 55 Il
338 1484 85 73 l'y
450 1503 222 54 nargue
702 1482 232 59 d'avoir
960 1482 174 56 laissé
1163 1500 108 38 son
1299 1482 173 56 sabre
1504 1482 150 58 dans
1683 1480 53 58 le
1765 1480 190 70 tiroir,
1984 1482 272 72 pendant
2286 1500 117 54 que

258 1569 85 54 les
370 1566 297 75 Hongrois
682 1565 450 58 succombaient
1148 1583 99 39 sur
1274 1565 84 56 les
1374 1564 250 75 champs
1654 1566 72 56 de
1753 1561 261 66 bataille,
2036 1569 61 52 et
2121 1564 41 53 il
2177 1564 84 54 lui
2289 1564 113 56 fait

258 1649 154 57 tenir
452 1649 102 56 des
592 1649 232 72 paroles
862 1647 275 60 ridicules
1176 1649 300 56 adressées
1517 1647 36 55 à
1591 1664 92 39 ses
1721 1645 188 75 petits
1947 1645 262 70 enfants,
2252 1649 151 54 dans

255 1733 308 72 lesquelles
600 1733 40 54 il
680 1752 35 35 a
751 1733 131 55 l'air
922 1733 73 57 de
1033 1750 62 38 se
1133 1738 216 50 vanter
1390 1730 72 58 de
1501 1749 66 39 ce
1607 1730 147 74 qu'il
1795 1729 197 58 aurait
2035 1733 82 55 dû
2157 1729 146 58 faire
2341 1735 61 51 et

259 1814 145 72 qu'il
433 1816 102 55 n'a
567 1833 106 56 pas
705 1814 112 56 fait
843 1815 9 55 !

379 1896 94 55 En
502 1898 282 71 ajoutant
817 1898 37 54 à
884 1901 159 53 cette
1076 1895 348 71 correction,
1458 1914 173 54 reçue
1665 1896 226 58 devant
1923 1895 55 57 le
2011 1896 219 58 monde
2265 1901 135 51 tout

262 1978 207 70 entier,
507 1979 82 56 les
626 1979 111 55 cris
775 1978 441 75 d'indignation
1252 1997 117 56 que
1402 1978 61 57 la
1497 1998 199 55 presse
1734 1978 313 73 hongroise
2086 1998 35 37 a
2157 1980 245 73 poussés

259 2060 120 56 lors
403 2062 71 55 de
495 2060 59 57 la
575 2060 373 74 publication
972 2063 71 56 de
1064 2081 111 38 son
1194 2060 168 73 livre,
1386 2060 172 59 niant
1581 2060 346 60 l'existence
1952 2065 71 55 de
2046 2062 59 55 la
2127 2063 275 73 musique

263 2142 329 73 hongroise,
622 2162 78 38 on
728 2144 396 74 comprendra
1150 2143 321 57 l'aversion
1499 2163 115 55 que
1642 2143 256 75 pouvait
1927 2143 282 58 ressentir
2238 2145 162 56 Liszt

262 2230 203 51 contre
494 2224 83 57 les
606 2225 357 74 aspirations
992 2225 333 59 nationales
1358 2229 71 56 de
1458 2244 92 40 ses
1580 2228 450 74 compatriotes.
2065 2227 139 73 J'en
2233 2227 167 58 avais

258 2307 273 72 toujours
560 2307 60 57 la
649 2308 295 58 certitude
973 2314 62 52 et
1068 2310 149 56 dans
1249 2327 143 41 mon
1424 2309 155 59 désir
1612 2310 72 56 de
1716 2308 256 75 pouvoir
2003 2309 396 75 l'approcher,

255 2389 238 74 l'espoir
528 2393 72 55 de
631 2390 54 58 le
716 2412 220 55 gagner
970 2396 207 69 quand
1209 2393 193 58 même
1437 2394 35 54 à
1501 2393 63 57 la
1597 2412 176 39 cause
1806 2392 334 75 hongroise,
2178 2394 222 56 entrait

258 2489 151 56 pour
459 2491 115 38 une
626 2479 137 68 part
816 2473 424 60 considérable.
1293 2477 192 72 Après
1537 2476 170 57 avoir
1758 2497 84 36 vu
1891 2495 62 38 se
2007 2476 393 57 transformer

259 2552 214 57 Michel
508 2556 207 58 Brand
749 2575 74 38 en
861 2556 369 74 Mosonyi,je
1265 2557 257 72 pouvais
1547 2557 184 59 croire
1757 2559 35 54 à
1830 2558 59 56 la
1925 2559 357 57 conversion
2318 2562 82 56 du

257 2658 21 30 «
302 2637 87 56 roi
438 2638 102 57 des
589 2637 286 77 pianistes
899 2662 22 29 »
1095 2639 135 59 chef
1279 2643 72 56 de
1398 2642 205 58 l'école
1654 2643 496 71 néo-allemande,
2327 2663 72 37 en

255 2718 320 60 fondateur
615 2723 71 56 de
722 2721 203 59 l'école
963 2723 314 74 hongroise
1303 2726 10 53 !

371 2804 204 74 Ayant
620 2822 189 54 conçu
852 2825 83 38 un
979 2807 197 74 projet
1219 2807 350 74 semblable,
1614 2808 59 74 je
1718 2808 305 59 cherchais
2068 2815 204 52 toutes
2315 2810 83 57 les

258 2887 301 55 occasions
589 2905 152 56 pour
769 2884 82 59 lui
882 2886 309 76 inculquer
1224 2891 102 56 des
1357 2890 356 58 sentiments
1745 2891 418 73 patriotiques.
2199 2893 199 55 Tâche

258 2964 102 73 qui
396 2968 150 56 était
584 2968 407 60 évidemment
1031 2973 313 58 au-dessus
1384 2976 103 56 des
1525 2975 191 57 forces
1758 2975 143 57 d'un
1939 2975 178 72 jeune
2157 2975 240 57 homme

261 3048 69 55 de
357 3050 170 74 vingt
558 3056 59 51 et
648 3071 82 37 un
756 3071 127 52 ans,
909 3053 253 75 n'ayant
1189 3056 61 57 ni
1277 3055 410 76 l'expérience,
1715 3057 62 57 ni
1801 3056 307 58 l'habileté
2135 3056 262 75 requises

259 3145 149 53 pour
442 3150 200 39 mener
676 3135 35 53 à
743 3135 198 57 bonne
977 3137 81 56 fin
1092 3156 117 38 une
1245 3140 326 75 entreprise
1607 3141 158 56 aussi
1801 3140 429 58 considérable.
2268 3140 129 57 Elle

259 3212 193 56 aurait
484 3213 166 74 exigé
681 3216 311 76 beaucoup
1025 3222 72 55 de
1129 3221 275 74 patience
1435 3229 61 53 et
1528 3225 37 54 à
1593 3224 153 74 l'âge
1778 3243 117 54 que
1927 3224 236 73 j'avais,
2196 3244 80 37 on
2305 3227 90 55 est

262 3296 287 69 persuadé
592 3314 77 38 au
710 3300 313 72 contraire,
1070 3323 114 53 que
1227 3310 137 52 tout
1407 3324 66 39 ce
1517 3306 104 74 qui
1664 3306 193 59 arrive
1900 3312 92 53 est
2037 3306 258 59 définitif
2333 3310 61 53 et

254 3372 384 61 irrévocable.
663 3380 159 57 Telle
845 3387 90 51 est
959 3385 258 58 l'excuse
1242 3389 74 56 de
1341 3406 143 40 mon
1506 3389 479 73 intransigeance
2011 3391 35 55 à
2070 3396 96 51 cet
2193 3390 200 74 égard,

259 3456 148 55 dans
445 3456 53 57 le
539 3457 203 57 conflit
782 3462 103 71 qui
926 3481 36 37 a
1000 3466 189 57 éclaté
1230 3474 138 52 tout
1410 3471 35 56 à
1485 3489 156 57 coup
1682 3479 169 51 entre
1892 3471 163 57 Liszt
2097 3479 60 51 et
2200 3471 119 57 moi
2359 3471 35 55 à

258 3555 216 55 propos
507 3541 71 55 de
607 3539 60 57 la
696 3542 288 75 politique
1016 3549 329 73 hongroise.

372 3620 82 57 Le
478 3620 133 72 jour
636 3622 73 57 de
732 3622 59 59 la
813 3626 159 59 saint
997 3630 324 74 Sylvestre,
1346 3634 58 73 je
1429 3654 95 39 me
1548 3636 122 59 suis
1694 3639 192 58 rendu
1910 3639 36 56 à
1969 3634 424 62 Monte-Mario

258 3718 150 53 pour
433 3702 83 56 lui
539 3705 307 58 souhaiter
871 3709 60 56 la
955 3711 198 60 bonne
1183 3719 207 56 année.
1421 3719 52 56 Il
1497 3738 101 41 me
1624 3728 169 66 reçut
1819 3721 56 58 le
1901 3721 136 74 plus
2065 3721 327 59 affectueu-
