2570 4094
500 270 37 35 A
572 269 206 36 PROPOS
817 258 173 48 D'UNE
1027 271 143 37 ROBE
1209 276 72 35 DE
1319 277 246 38 CHARLES
1604 267 304 48 D'ORLÉANS

2150 280 126 51 1035

734 418 161 52 Quant
922 420 135 40 n'ont
1084 434 127 29 assez
1239 425 88 40 fait
1356 428 123 40 dodo

735 480 83 40 Ces
854 481 155 53 petity
1044 483 359 52 enfanchonnés,

735 541 63 40 Ils
826 545 192 50 portent
1044 546 144 39 soubz
1216 548 121 40 leurs
1359 550 177 41 bonnés

731 603 189 53 Visages
946 604 150 52 plains
1124 607 55 39 de
1204 609 137 42 bobo.

735 666 125 41 C'est
880 665 128 53 pitié,
1033 666 99 40 s'ilz
1153 667 105 41 font
1278 670 96 52 jojo

734 727 125 54 Trop
884 727 163 49 matin,
1075 728 64 40 les
1168 730 236 42 doulcinés

736 789 161 53 Quant
919 790 136 40 n'ont
1079 802 126 28 assez
1229 792 88 40 fait
1341 794 122 41 dodo

736 852 83 41 Ces
852 851 147 53 petitz
1032 851 358 53 enfanchonnés,

736 913 156 40 Mieux
918 917 237 36 amassent
1179 913 28 40 à
1232 926 116 41 gogo

738 975 131 40 Gésir
895 987 78 28 sur
999 976 121 38 molz
1146 976 216 40 coissinés

738 1039 88 38 Car
861 1037 59 39 ilz
957 1040 109 37 sont
1103 1040 109 37 tant
1248 1039 227 52 poupinés
1499 1044 8 36 !

738 1099 157 49 Hélas,
927 1099 115 40 c'est
1085 1111 197 40 gnogno,
1328 1112 196 40 gnogno,

737 1161 161 52 Quant
931 1161 135 40 n'ont
1100 1173 127 27 assez
1262 1160 90 41 fait
1385 1163 135 48 dodo,

259 1259 193 75 Après
503 1277 119 39 une
675 1258 299 75 captivité
1028 1259 74 56 de
1155 1259 299 74 vingt-six
1507 1261 221 55 années
1780 1279 74 38 en
1906 1261 369 74 Angleterre,

144 1341 244 59 Charles
443 1341 336 72 d'Orléans,
835 1341 201 56 rentré
1092 1341 35 55 à
1182 1340 187 71 Blois,
1425 1358 63 38 se
1540 1347 239 50 montre
1831 1343 320 72 passionné
2204 1344 74 55 de

143 1424 297 75 musique.
468 1424 247 57 Comme
738 1443 111 37 son
872 1424 161 72 père,
1060 1424 55 57 le
1141 1424 117 56 duc
1284 1423 203 72 Louis,
1512 1423 43 56 il
1578 1428 93 52 est
1693 1424 61 56 la
1778 1424 370 57 Providence
2174 1425 103 56 des

144 1508 301 70 chantres,
491 1505 354 74 organistes,
892 1505 244 57 enfants
1179 1507 75 54 de
1298 1505 210 55 chœur
1550 1510 63 51 et
1656 1507 350 55 ménestrels
2048 1510 233 52 errants

146 1589 151 74 qu'il
326 1589 235 57 comble
593 1589 73 56 de
698 1589 273 56 cadeaux
1003 1594 61 51 et
1096 1588 331 57 entretient
1458 1587 481 57 fastueusement

261 1672 97 56 Au
377 1669 207 59 milieu
604 1672 74 56 de
698 1675 161 51 cette
881 1670 158 58 Cour
1058 1670 73 58 de
1153 1669 166 57 Blois
1338 1674 258 51 savante
1607 1673 61 52 et
1680 1669 268 70 raffinée,
1959 1668 184 57 Louis
2152 1668 129 56 XII

144 1755 55 56 le
245 1754 171 56 futur
461 1753 90 57 roi
597 1754 74 56 de
717 1754 252 71 France,
1016 1754 264 73 prendra
1324 1753 56 56 le
1426 1753 148 72 goût
1620 1752 106 56 des
1771 1752 384 56 Beaux-Arts
2201 1754 81 66 et,

143 1842 366 68 partageant
548 1835 56 56 le
645 1837 308 72 penchant
997 1837 73 56 de
1113 1855 110 36 son
1263 1835 162 73 père,
1469 1834 244 56 Charles
1755 1833 335 70 d'Orléans,
2132 1847 154 56 pour

144 1919 61 56 la
246 1918 297 74 musique,
586 1917 44 56 il
670 1923 245 69 portera
956 1937 119 38 une
1119 1917 290 58 affection
1451 1914 384 76 particulière
1878 1932 77 38 au
1996 1912 291 57 musicien

147 1999 260 75 Josquin
437 2001 104 55 des
571 2001 161 54 Près.

263 2082 273 57 Entouré
572 2082 74 57 de
682 2083 230 73 poètes,
950 2084 75 56 de
1061 2081 322 58 musiciens
1420 2098 193 40 venus
1648 2078 437 74 d'Angleterre,
2123 2074 132 59 d'Al-

146 2166 294 72 lemagne,
468 2164 243 58 d'ltalie
734 2171 62 51 et
834 2167 104 55 des
976 2166 311 70 Flandres,
1327 2164 244 56 Charles
1606 2161 258 58 essaiera
1901 2161 74 55 de
2011 2157 277 57 distraire

146 2266 68 38 sa
252 2247 294 57 vieillesse
584 2248 441 74 mélancolique
1064 2253 62 51 et
1167 2248 147 56 c'est
1355 2247 306 72 peut-être
1701 2244 153 56 dans
1893 2261 84 38 un
2015 2243 272 53 moment

148 2330 75 57 de
260 2330 213 73 gaieté,
497 2349 86 38 un
604 2330 236 55 instant
866 2331 336 62 retrouvée,
1242 2330 150 73 qu'il
1428 2328 155 56 rima
1619 2343 103 40 sur
1756 2326 60 56 la
1851 2342 239 56 gamme
2127 2326 161 52 cette

147 2412 316 57 délicieuse
509 2412 284 57 fantaisie
820 2432 14 37 :

678 2523 126 52 Trop
837 2521 130 40 entré
1001 2535 58 26 en
1092 2521 45 41 la
1169 2521 161 40 haulte
1363 2532 147 41 game,

680 2585 111 39 Mon
824 2596 154 36 cueur,
1001 2584 118 50 d'ut,
1141 2584 61 48 ré,
1226 2583 76 49 mi,
1326 2582 60 50 fa,
1409 2582 79 42 sol.
1513 2582 58 48 la,

682 2645 94 40 Fut
799 2644 48 53 jà
870 2645 132 53 pieça
1025 2648 152 50 quant
1198 2645 159 40 l'afola

683 2707 64 40 Le
777 2707 116 40 trait
924 2709 62 39 du
1017 2708 165 52 regard
1213 2708 57 39 de
1301 2720 78 27 ma
1410 2708 163 44 Dame,

683 2769 112 39 Fors
817 2769 77 49 lui,
920 2782 61 28 on
1002 2770 107 40 n'en
1131 2769 101 41 doit
1253 2769 202 39 blasmer
1476 2778 116 37 ame,

681 2830 109 40 Puis
820 2831 199 53 qu'ainsi
1048 2832 100 48 fait,
1181 2843 180 28 comme
1391 2829 76 41 fol'
1500 2829 75 48 l'a,

681 2891 124 55 Trop
827 2893 129 40 entré
979 2906 57 28 en
1056 2894 46 39 la
1122 2894 161 40 haulte
1305 2904 148 40 game,

682 2955 111 39 Mon
817 2968 140 27 cueur
981 2955 116 49 d'ut,
1123 2956 61 49 ré,
1212 2956 77 48 mi,
1316 2954 62 47 fa,
1403 2952 82 47 sol,
1512 2952 58 48 la,

682 3016 158 40 Mieux
862 3017 138 40 l'eust
1023 3018 109 40 valu
1157 3020 121 38 estre
1301 3017 145 40 soubz
1467 3015 135 47 lame,

684 3078 88 41 Car
794 3081 257 38 sottement
1072 3079 99 40 s'en
1195 3079 125 40 afola
1341 3093 11 33 ;

686 3139 46 41 Si
758 3140 78 49 lui,
869 3140 136 53 dis-je
1025 3158 9 24 :
1066 3154 111 28 mon
1204 3152 140 37 cœur,
1375 3138 109 41 holà
1505 3142 8 36 !

683 3202 118 40 Mais
824 3206 136 37 conte
982 3203 107 40 n'en
1110 3204 110 49 tint,
1245 3215 77 27 sur
1345 3213 109 28 mon
1476 3198 118 51 âme,

688 3263 122 54 Trop
832 3265 131 40 entré
985 3278 57 27 en
1062 3266 46 40 la
1128 3265 160 40 haulte
1310 3276 148 40 game,

946 3418 546 61 SUPPLEMENT

270 3544 247 57 Comme
560 3563 152 38 nous
755 3544 237 56 l'avons
1037 3545 139 72 déjà
1219 3542 225 74 répété,
1468 3540 85 56 les
1594 3536 304 58 mentions
1921 3538 367 52 concernant

156 3626 105 55 des
296 3626 322 58 musiciens
655 3632 140 52 sont
833 3627 468 56 extrêmements
1338 3624 347 71 fréquentes
1722 3620 150 56 dans
1895 3619 84 54 les
2004 3617 283 70 Comptes
