2570 4094
919 237 263 40 MERCURE
1218 232 242 39 MUSICAL
1496 230 68 35 ET
1605 228 41 37 S.
1686 226 33 36 I.
1760 225 55 34 M.

435 290 0 0 1088

308 423 76 37 lie
417 402 195 74 parler
645 419 115 54 que
795 401 73 56 de
903 399 157 55 deux
1096 388 444 78 organisations
1576 387 150 55 dont
1761 383 60 55 la
1854 381 98 54 vie
1992 397 35 36 a
2053 378 254 70 dépassé
2343 374 98 56 dix

312 503 126 38 ans.
468 484 149 56 Mais
642 484 56 72 je
726 481 149 56 crois
903 498 114 54 que
1044 477 59 55 la
1974 473 213 58 Schola
1370 472 74 56 de
1470 466 407 74 Montpellier,
1919 460 222 58 fondée
2185 475 108 54 par
2338 456 99 58 Ch.

313 569 226 56 Bordes
579 584 73 38 en
696 579 165 58 1905,
901 562 129 56 fera
1069 557 220 56 mentir
1331 560 161 51 cette
1531 552 82 56 loi
1653 547 367 74 biologique.
2074 543 161 55 C'est
2286 546 155 52 cette

341 647 210 59 Schola
557 647 103 73 qui
694 646 284 56 alimente
1013 639 380 73 Montpellier
1430 637 73 56 de
1539 634 279 71 musique
1855 627 215 74 depuis
2108 626 161 55 deux
2316 641 123 53 ans,

312 736 61 51 et
400 730 106 56 elle
534 730 262 56 abreuve
812 739 108 46 èon
948 724 301 58 auditoire
1267 739 121 38 aux
1414 736 240 40 sources
1682 717 85 55 les
1795 715 139 72 plus
1962 727 180 58 pures
2173 707 72 56 de
2282 706 19 55 1
2329 714 109 49 art.

313 811 61 56 Si
403 829 108 55 par
542 810 270 56 malheur
843 810 58 55 la
931 806 210 59 Schola
1176 804 208 57 venait
1418 804 34 53 à
1474 799 246 69 mourir,
1755 796 109 57 elle
1887 791 297 58 mourrait
2211 806 227 38 comme

311 893 310 55 l'hermine
651 914 10 33 :
1063 891 118 74 impolluta.
1182 889 116 57 Mais
1299 888 108 55 elle
1408 885 150 56 vivra
1588 885 329 53 sûrement.
1953 879 171 54 Dans
2156 890 97 38 ces
2287 872 155 57 deux

313 990 107 38 ans
450 974 385 70 d'existence,
868 974 108 56 elle
1007 992 35 35 a
1073 971 113 55 mis
1215 989 79 36 au
1323 970 136 71 jour
1488 968 137 72 plus
1657 965 74 56 de
1761 961 168 57 vraie
1960 959 303 71 musique,
2296 974 82 53 qu
2402 955 39 56 il

311 1072 73 38 ne
405 1056 123 55 s'en
551 1056 148 55 était
721 1055 113 55 fait
870 1074 73 37 en
965 1056 103 55 dix
1103 1072 108 36 ans
1242 1054 35 53 à
1310 1050 403 72 Montpellier.
1751 1046 93 56 Ne
1877 1042 287 58 serait-ce
2199 1039 146 73 qu'à
2380 1058 62 38 ce

309 1135 171 74 point
511 1138 73 56 de
612 1155 136 51 vue,
778 1136 377 73 Montpellier
1200 1135 133 56 doit
1372 1152 119 37 une
1532 1133 140 54 vive
1714 1125 500 61 reconnaissance
2259 1122 35 55 à
2338 1122 101 56 Ch.

309 1218 246 71 Bordes,
591 1220 103 73 qui
721 1238 34 37 a
781 1220 207 73 planté
1013 1238 66 37 sa
1106 1224 167 51 tente
1300 1234 140 38 sous
1465 1233 93 38 ses
1583 1232 184 38 murs.

424 1302 85 54 La
541 1302 158 55 seule
734 1302 416 55 énumération
1185 1302 102 54 des
1322 1317 237 38 œuvres
1593 1296 408 73 importantes
2035 1291 270 59 données
2338 1308 101 54 par

306 1383 58 54 la
494 1383 209 56 Schola
707 1384 25 56 àe
733 1384 351 72 Montpellier
1102 1383 213 71 depuis
1341 1399 66 37 sa
1432 1379 327 57 fondation
1784 1378 213 56 suffira
2025 1378 36 53 à
2087 1392 265 57 prouver
2378 1392 63 38 ce

306 1482 114 54 que
458 1465 274 71 j'avance
764 1486 10 34 :
816 1467 73 56 de
928 1465 213 70 Gluck,
1181 1464 54 59 le
1275 1477 31 57 5
1310 1476 22 24 e
1364 1469 134 50 acte
1539 1464 39 55 d
1583 1460 286 71 'Armide,
1902 1460 55 56 le
2000 1476 28 38 lerI
2032 1470 43 25 er
2108 1456 293 58 à'Alceste
2418 1479 23 45 ;

306 1548 72 57 de
406 1547 173 71 Lulli,
609 1548 54 56 le
692 1564 32 54 3
726 1559 22 24 e
777 1554 133 50 acte
939 1548 315 57 d'Amadis
1285 1548 126 66 ;de
1442 1548 296 67 Rameau,
1770 1545 53 56 le
1856 1561 28 38 lerI
1888 1556 45 25 er
1963 1548 135 51 acte
2129 1543 74 56 de
2242 1542 201 55 Castor

325 1633 81 50 et.
483 1628 208 71 Pollux,
692 1630 28 56 le
734 1646 35 54 4
769 1642 22 24 e
1361 1630 390 73 d'Hippolyte
2203 1636 48 48 et
2361 1629 82 55 Av
1606 1629 74 56 de
1712 1628 191 70 Bach,
1938 1628 162 55 deux
2132 1625 310 70 Cantates,

327 1712 51 67 (a
425 1710 69 55 les
616 1710 309 73 Elections,
1295 1713 105 55 Ihr
1178 1712 631 70 werdetWeinen),
2084 1713 61 51 et
2175 1709 74 55 de
2277 1724 124 37 nom-

302 1792 189 57 breux
514 1794 350 73 Concertos;
889 1797 72 54 de
983 1797 235 54 Mozart
1239 1813 84 37 un
1343 1796 339 72 important
1706 1794 304 73 fragment
2035 1794 40 55 d
2082 1790 361 67 'ldoménée;

304 1873 73 56 de
406 1874 424 73 Clérambault,
863 1878 102 55 des
997 1878 288 55 Cantates
1314 1900 13 48 ;
1360 1878 73 55 de
1464 1878 179 55 César
1675 1878 260 69 Franck,
2305 1890 136 38 sans

302 1962 267 67 compter
614 1958 74 56 de
726 1959 389 56 nombreuses
1153 1961 217 71 pièces,
1413 1959 338 70 (Chansons
1792 1966 59 49 et
1891 1959 251 69 Motets)
2187 1959 83 55 du
2310 1971 109 40 xvi
2420 1967 21 25 e

301 2037 191 71 siècle,
534 2043 113 66 etc,
688 2044 114 53 etc.

419 2121 72 72 Je
530 2140 74 38 ne
645 2123 254 71 parlerai
941 2142 146 38 avec
1127 2126 261 72 quelque
1432 2126 189 56 détail
1662 2145 118 53 que
1822 2127 105 56 des
1969 2127 164 56 deux
2176 2124 265 58 derniers

301 2208 271 50 concerts
604 2205 73 54 de
706 2205 58 54 la
793 2206 200 56 saison
1024 2229 9 33 :
1069 2207 52 56 le
1153 2208 256 71 premier
1442 2210 200 54 donné
1675 2210 153 55 dans
1858 2210 59 54 la
1949 2208 160 57 Salle
2143 2210 75 55 de
2249 2207 159 57 l'Uni-

301 2285 236 69 versité,
563 2287 35 53 à
618 2287 321 57 l'occasion
962 2290 82 55 du
1068 2291 260 72 Congrès
1351 2293 104 55 des
1479 2292 267 56 Sociétés
1770 2293 304 56 Savantes
2104 2315 13 48 ;
2141 2293 54 56 le
2218 2292 221 57 second

299 2365 103 69 qui
435 2384 36 35 a
503 2386 73 37 eu
608 2368 118 56 lieu
759 2371 53 53 le
845 2371 362 72 lendemain,
1245 2375 152 54 dans
1430 2373 246 74 l'Eglise
1712 2375 416 71 Saint-Denis,
2166 2392 150 40 avec
2355 2375 82 56 les

298 2447 207 56 chœur
541 2451 72 56 de
647 2452 57 55 la
740 2453 210 55 Schola
986 2455 74 56 de
1097 2456 404 72 Montpellier.

415 2530 166 57 Dans
621 2533 52 55 le
713 2535 275 71 premier,
1031 2555 77 37 on
1150 2540 278 56 entendit
1460 2561 9 33 :
1515 2541 144 55 MM.
1706 2542 333 71 Raymond
2082 2544 253 68 Bérard,
2380 2541 55 74 J.

297 2610 277 59 Bouillon
608 2621 60 50 et
703 2619 253 68 Bonafé,
993 2624 438 69 accompagnés
1466 2625 148 53 d'un
1649 2625 158 71 petit
1842 2626 329 70 orchestre,
2209 2627 228 55 donner

296 2710 114 39 une
456 2697 325 57 excellente
826 2701 279 56 audition
1150 2704 82 54 du
1280 2705 294 56 Concerto
1621 2709 590 73 Brandebourgeois,
2261 2729 74 37 en
2381 2709 56 56 ré

296 2776 231 72 majeur
555 2780 72 54 de
655 2781 57 71 J.
744 2781 58 56 S.
834 2784 187 69 Bach,
1050 2803 152 53 pour
1230 2786 203 71 piano,
1464 2790 149 55 flûte
1642 2795 61 50 et
1732 2791 226 56 violon.
1990 2795 118 53 Les
2136 2794 299 54 chansons

296 2856 36 55 à
359 2865 212 63 quatre
600 2862 144 55 voix
774 2864 80 56 du
885 2880 110 40 xvi
998 2878 20 22 e
1049 2866 194 71 siècle,
1276 2869 203 54 furent
1510 2871 289 57 chantées
1830 2893 150 37 avec
2009 2876 325 73 beaucoup
2364 2875 70 56 de

294 2940 154 70 style
472 2947 61 47 et
558 2944 179 71 d'art,
763 2964 109 53 par
895 2947 84 55 les
1004 2949 239 54 chœurs
1270 2951 72 55 de
1367 2953 59 53 la
1451 2954 214 56 Schola
1694 2956 73 56 de
1793 2958 408 73 Montpellier.
2231 2960 199 69 Enfin,

297 3026 59 51 et
383 3040 64 37 ce
472 3024 94 54 fut
591 3026 54 54 le
1059 3027 129 55 clou
828 3030 71 55 de
924 3030 60 55 la
1007 3031 208 71 soirée,
1244 3034 258 57 l'ancien
1529 3045 266 64 quatuor
1822 3041 177 55 vocal
2027 3043 73 56 de
2127 3043 61 56 la

308 3102 65 54 de
409 3104 195 71 Paris,
628 3110 357 71 reconstiué,
1024 3130 60 37 se
1121 3114 70 54 fit
1229 3119 311 68 entendre,
1578 3127 389 52 notamment
2006 3125 155 57 dans
2197 3127 54 55 le

307 3182 194 74 drigal
519 3187 71 55 de
619 3189 70 54 G.
722 3191 193 56 Fauré
944 3198 61 50 et
1033 3195 54 55 le
1925 3198 65 72 Madrigal
1991 3208 82 56 de
2074 3208 133 57 Ch.
2208 3210 220 69 Bordes,

294 3270 113 50 etc.
445 3267 111 55 Les
588 3278 214 62 quatre
837 3275 261 73 artistes,
1126 3280 137 55 Mlle
1289 3283 185 56 Marie
1508 3285 73 55 de
1614 3285 58 56 la
1708 3288 325 72 Rouvière,
2071 3294 160 55 Mme
2265 3294 57 73 J.
2362 3293 70 56 de

292 3346 58 56 la
386 3350 181 70 Mare,
605 3353 141 55 MM.
787 3355 191 57 Boulo
1014 3364 61 51 et
1113 3361 252 58 Gébelin
1402 3368 376 58 constituent
1814 3372 355 59 l'ensemble
2206 3375 55 59 le
2298 3377 134 73 plus

290 3431 301 56 ravissant
621 3436 103 70 qui
745 3455 60 37 se
825 3440 199 71 puisse
1049 3443 186 57 rêver.
1262 3448 95 54 On
1379 3467 73 38 ne
1475 3458 148 65 peut
1647 3457 322 56 concevoir
1992 3459 74 56 de
2089 3461 138 72 plus
2249 3461 181 57 belles

292 3514 142 54 voix
462 3515 168 57 unies
657 3519 150 55 dans
848 3539 83 37 un
958 3523 181 58 effort
1168 3528 136 72 plus
1331 3533 301 65 généreux
1661 3542 59 49 et
1751 3538 137 72 plus
1915 3541 203 58 habile
2148 3542 254 60 d'intelli-

289 3613 179 55 gence
506 3604 60 50 et
604 3600 546 75 d'interprétation.
