2570 4094
388 1512 523 112 VOIX
1081 1512 995 120 MORTES:

390 1705 955 137 MUSIQUES
1475 1708 601 109 MAORI

1500 2016 36 37 A
1585 2016 240 38 CLAUDE
1871 2016 289 38 DEBUSSY.

547 2168 78 39 ES
652 2155 142 55 voix
821 2161 109 50 ont
948 2158 222 54 chanté
1187 2156 273 71 pendant
1476 2173 83 37 un
1575 2154 219 54 millier
1812 2152 451 73 d'années,peut-

585 2235 144 71 être,
742 2254 101 38 sur
854 2238 102 55 des
977 2239 243 56 milliers
1239 2238 189 68 d'îles,
1439 2254 139 38 sans
1589 2254 117 53 que
1728 2236 122 54 l'on
1871 2235 178 55 sache
2059 2241 204 49 exacte-

583 2324 168 49 ment
788 2338 110 54 par
933 2321 139 71 quel
1099 2321 238 56 chemin
1353 2319 141 56 elles
1517 2324 108 49 ont
1650 2337 83 53 pu
1768 2316 165 56 voler
1969 2323 61 49 et
2059 2316 236 56 couvrir

583 2419 83 36 un
695 2419 212 55 espace
935 2403 50 54 si
1014 2404 260 56 énorme.
1302 2403 108 54 Ces
1427 2401 143 55 voix
1679 2399 103 57 des
1800 2399 189 56 Maori
2015 2399 73 56 de
2118 2399 141 72 Poly-

583 2484 160 55 nésie
907 2486 341 72 répandues
1295 2486 35 54 à
1358 2490 234 49 travers
1618 2483 55 56 le
1709 2481 325 71 Pacifique,
2064 2480 228 56 étaient

162 2575 192 40 sœurs
381 2580 110 54 par
517 2564 55 56 le
600 2565 270 74 langage,
902 2587 111 53 par
1039 2569 84 55 les
1154 2574 287 50 contours
1470 2568 74 54 de
1571 2566 159 55 leurs
1761 2564 305 70 mélodies,
2096 2582 109 53 par
2233 2564 57 55 le

162 2641 261 73 rythme,
463 2664 110 54 par
609 2648 61 56 la
705 2667 136 38 race
881 2652 180 54 enfin.
1104 2652 76 54 Ce
1220 2650 117 69 fut,
1380 2649 223 56 durant
1644 2667 82 37 un
1763 2646 142 73 long
1944 2652 218 66 temps,
2203 2664 82 37 un

162 2723 400 61 bruissement
609 2729 72 57 de
724 2732 201 54 beaux
968 2749 140 38 sons
1152 2749 261 56 rauques
1457 2749 79 37 ou
1580 2730 136 73 plus
1761 2730 183 68 doux,
1991 2726 72 56 de
2106 2726 179 56 rudes

162 2805 289 60 cadences
492 2829 79 38 ou
592 2814 258 72 souples,
876 2820 60 50 et
959 2834 117 37 une
1098 2817 340 54 incessante
1461 2814 268 71 mélopée
1759 2834 11 33 :
1798 2812 231 71 chaque
2050 2809 234 56 instant

162 2886 72 56 de
256 2889 59 55 la
338 2889 96 57 vie
456 2892 248 73 joyeuse
728 2895 168 56 avait
919 2914 109 37 son
1052 2898 185 55 chant
1262 2897 255 68 réservé,
1541 2913 110 38 son
1674 2894 177 56 mode
1876 2892 73 57 de
1975 2890 218 74 parler,
2217 2908 67 37 sa

161 2968 184 59 danse
378 2974 284 74 originale
693 3000 10 33 :
740 2997 78 37 on
850 2979 423 70 s'assemblait,
1309 2997 77 38 on
1419 2978 291 72 festoyait
1743 2974 193 75 parmi
1969 2989 95 40 ces
2097 2972 144 55 voix
2270 2993 11 34 :

158 3053 193 57 même
375 3073 78 37 on
477 3076 61 38 se
559 3060 231 55 battait
816 3080 146 36 avec
986 3080 253 52 mesure,
1287 3080 102 36 car
1437 3066 189 50 avant
1649 3060 60 55 la
1732 3058 186 56 mêlée
1942 3057 103 56 des
2069 3053 215 75 poings

158 3139 61 51 et
257 3135 53 55 le
347 3137 89 72 jet
475 3139 239 59 furieux
754 3143 104 56 des
895 3144 222 70 lances,
1155 3144 85 55 les
1281 3144 185 69 chefs,
1507 3161 101 37 sur
1645 3161 84 37 un
1767 3147 109 49 ton
1914 3135 370 77 particulier,

157 3215 401 75 s'injuriaient
611 3231 61 49 et
724 3226 473 73 s'exaspéraient
1249 3227 127 54 l'un
1429 3227 236 54 l'autre.
1846 3222 302 57 Viennent
2200 3218 84 56 les

158 3298 270 61 hommes
459 3306 208 57 blancs
698 3330 10 33 :
743 3314 138 50 tout
914 3327 61 38 se
1008 3309 283 73 défigure,
1325 3314 141 50 tout
1498 3326 61 38 se
1591 3308 221 69 fausse,
1845 3311 60 49 et
1940 3302 256 58 d'abord
2226 3301 59 55 la

157 3397 136 41 race
327 3384 352 61 elle-même.
717 3392 134 55 Une
886 3410 110 53 par
1030 3410 139 51 une,
1206 3391 86 56 les
1328 3391 144 54 voix
1507 3408 62 37 se
1605 3389 246 56 taisent.
1892 3386 99 55 Pis
2025 3401 213 38 encore
2269 3402 10 34 :

157 3464 172 56 celles
371 3468 106 73 qui
519 3472 332 57 subsistent
893 3492 75 37 ne
1010 3473 239 74 parlent
1292 3473 136 71 plus
1469 3475 182 69 qu'en
1692 3471 240 56 reniant
1974 3472 139 49 tout
2154 3464 130 55 leur

154 3549 193 68 passé.
380 3551 54 54 A
463 3552 226 74 Tahiti,
722 3575 122 37 aux
876 3557 234 67 Hawaï,
1145 3574 120 36 aux
1297 3556 240 67 Samoa,
1570 3574 75 35 en
1677 3547 603 67 Nouvelle-Zélande,

154 3629 140 58 elles
342 3633 352 61 s'affublent
745 3645 61 49 et
856 3656 61 38 se
967 3637 293 74 guindent
1311 3638 74 55 de
1457 3636 363 75 psalmodies
1870 3629 411 74 catégoriques
