2570 4094
732 340 133 36 VOIX
902 341 218 39 MORTES
1147 349 9 32 :
1197 345 285 48 MUSIQUES
1520 353 167 35 MAORI

2156 358 129 50 1017

265 493 65 54 L'
369 513 22 28 «
418 491 310 73 agrément
755 512 22 29 »
810 491 158 55 n'est
1004 510 119 55 que
1157 496 123 55 mal
1313 500 234 59 traduit
1582 523 111 53 par
1726 505 59 56 la
1817 507 301 55 notation.
2158 507 50 54 Il
2241 527 39 53 y

148 574 168 57 avait
348 574 58 54 là
437 592 64 38 ce
533 590 155 55 coup
721 571 73 57 de
824 571 194 74 glotte
1049 593 118 53 peu
1197 580 370 70 exprimable
1600 604 74 37 en
1703 606 109 36 nos
1849 588 196 73 signes
2075 611 10 42 ;
2125 594 61 50 et
2222 588 58 57 la

150 655 258 57 sensible
455 674 74 38 ne
575 654 324 74 répondait
946 673 109 55 pas
1102 658 36 53 à
1182 659 60 55 la
1288 664 191 56 nôtre.
1530 668 135 56 Ceci
1711 675 92 50 est
1848 689 84 37 un
1977 670 303 56 troisième

151 739 304 57 caractère
481 738 137 72 plus
645 738 326 72 spécifique
998 740 306 70 peut-être
1331 762 117 53 que
1474 747 84 55 les
1586 750 159 56 deux
1771 753 285 72 premiers
2088 759 59 51 et
2175 753 104 74 qui

150 825 259 66 montre,
429 820 194 56 même
653 821 151 55 dans
834 837 97 38 ces
954 820 288 57 mélodies
1258 825 359 75 adultérées,
1633 830 58 58 la
1708 835 199 55 sûreté
1929 834 103 57 des
2050 837 229 56 oreilles

152 904 483 74 Polynésiennes.
669 904 173 55 Cette
886 903 259 56 sensible
1183 910 92 50 est
1318 912 172 53 toute
1521 914 220 69 proche
1788 918 72 55 de
1905 918 58 55 la
2006 919 270 73 tonique.

151 985 392 56 L'intervalle
562 990 93 51 est
674 987 35 53 à
725 985 175 73 peine
933 985 145 55 d'un
1107 992 184 66 quart
1326 989 72 55 de
1429 994 125 54 ton.
1581 993 51 55 Il
1656 1001 295 68 surprend
1982 1004 139 51 tout
2158 999 90 59 d'a-

147 1068 172 58 bord.
326 1068 343 57 Volontiers
689 1068 124 56 l'on
830 1068 266 56 taxerait
1115 1067 74 58 de
1209 1070 343 74 négligence
1570 1082 59 49 et
1647 1077 74 56 de
1740 1078 237 60 discord
1992 1100 94 39 ces
2104 1084 175 55 «voix

148 1169 334 55 sauvages»
508 1150 103 73 qui
636 1152 295 53 étonnent
956 1167 109 37 nos
1092 1149 232 57 oreilles
1349 1152 240 59 lourdes
1614 1163 61 50 et
1699 1159 236 59 latines.
1963 1166 150 54 Mais
2150 1166 101 54 l'in-

148 1234 261 56 sistance
447 1232 74 57 de
559 1238 160 51 cette
755 1237 145 51 note
938 1237 92 51 est
1069 1232 50 54 si
1156 1233 360 72 volontaire,
1556 1256 67 37 sa
1639 1242 326 71 répétition
1981 1246 50 53 si
2047 1251 231 67 tenace,

148 1594 218 71 qu'elle
400 1594 303 74 s'impose,
747 1601 62 50 et
852 1594 271 74 qu'enfin
1147 1595 127 56 l'on
1316 1597 94 73 s'y
1435 1599 309 73 complaît.
1771 1602 94 56 On
1907 1621 61 38 se
1992 1606 287 72 complaît

148 1675 346 75 davantage
528 1678 36 55 à
599 1678 264 56 l'accord
912 1678 226 72 parfait
1194 1678 108 74 qui
1354 1679 61 56 la
1476 1682 122 53 suit
1650 1691 280 63 souvent,
1971 1692 61 49 et
2067 1688 215 70 qu'elle

150 1759 254 73 appelle,
434 1764 61 51 et
526 1759 218 74 qu'elle
772 1759 171 73 exige
973 1759 136 74 plus
1144 1761 382 55 strictement
1563 1768 61 50 et
1661 1764 136 71 plus
1840 1767 442 72 angoissément

148 1860 116 53 que
292 1847 206 51 toutes
531 1860 108 36 nos
673 1841 383 57 dissonances
1090 1861 73 37 en
1195 1843 122 56 mal
1350 1842 74 58 de
1454 1844 349 56 résolution.

265 1924 94 56 On
387 1926 268 54 donnera
681 1929 138 50 tout
846 1943 78 37 au
955 1924 141 74 long
1120 1926 319 72 l'exemple
1463 1927 272 71 suivant,
1765 1928 117 56 cité
1909 1948 111 54 par
2046 1932 77 53 M.
2155 1933 85 54 Hu-

150 2007 221 74 guenin
394 2006 149 57 dans
565 2025 109 37 son
696 2006 181 57 étude
1656 2008 246 56 Raïatéa
2201 2008 58 55 la
1500 2027 181 55 parce
1704 2029 116 53 que
1840 2011 150 56 ledit
2012 2013 273 73 exemple

150 2089 198 73 paraît
367 2089 121 56 fort
505 2089 428 73 représentatif
951 2089 72 58 de
1043 2096 138 51 tout
1200 2111 65 37 ce
1284 2092 104 72 qui
1398 2092 170 55 vient
1581 2091 190 57 d'être
1784 2092 262 72 détaillé,
2060 2101 59 49 et
2139 2096 146 71 qu'il

148 2172 225 56 semble
390 2171 188 71 offrir,
597 2171 137 56 sauf
749 2191 75 37 en
855 2190 67 38 sa
954 2173 198 71 finale,
1186 2192 118 38 une
1338 2192 166 37 assez
1537 2175 201 55 bonne
1771 2175 187 57 allure
1985 2176 296 73 indigène.
