2570 4094
1070 289 179 35 FRANZ
1285 290 154 35 LISZT

2313 356 0 0 1053

184 457 230 53 sement
437 451 255 74 possible
715 457 59 51 et
797 451 41 55 il
860 451 298 57 consentit
1181 454 35 53 à
1238 454 232 56 revenir
1492 456 36 54 à
1552 456 190 57 Rome
1765 460 150 56 dans
1938 479 99 37 ma
2057 464 254 72 voiture,

184 551 151 55 pour
354 534 145 57 faire
520 553 91 38 ses
631 535 206 57 visites
858 535 80 57 du
957 535 136 72 jour
1116 536 71 56 de
1208 535 139 56 l'an.
1371 537 54 54 A
1448 536 344 61 mi-chemin
1811 541 58 74 je
1890 541 82 56 lui
1994 545 318 58 demandai

185 619 78 54 où
297 617 259 58 fallait-il
589 617 53 58 le
679 617 281 59 conduire
992 625 24 50 ?

298 722 24 29 «
345 701 52 55 A
439 700 396 58 l'ambassade
881 700 368 70 d'Autriche,
1295 701 142 56 chez
1479 700 55 58 le
1576 701 189 61 baron
1808 706 168 56 Bach
2001 709 10 55 !
2042 730 22 30 »
2105 708 96 58 fut
2245 729 66 38 sa

184 781 264 73 réponse.

300 865 99 70 Or,
433 865 42 55 il
508 865 132 56 faut
674 865 197 57 savoir
905 884 116 55 que
1055 864 205 57 c'était
1294 865 53 57 le
1380 884 369 59 personnage
1784 871 100 73 qui
1917 877 392 71 représentait

183 948 266 76 pendant
501 948 102 57 dix
653 967 125 52 ans,
832 950 35 54 à
915 948 59 56 la
1022 949 125 55 tête
1199 949 81 56 du
1328 959 470 62 gouvernement
1849 957 347 64 autrichien,
2227 959 84 57 les

181 1030 322 57 tendances
552 1030 84 57 les
684 1031 135 74 plus
856 1030 443 75 antimagyares
1336 1038 60 49 et
1435 1031 123 74 qui,
1596 1035 170 70 après
1803 1038 168 56 avoir
2004 1040 303 73 supprimé

179 1111 62 56 la
279 1111 396 59 constitution
716 1113 311 75 hongroise
1070 1120 60 50 et
1175 1111 110 58 mis
1327 1113 60 54 la
1429 1114 162 57 main
1634 1134 99 38 sur
1774 1118 317 75 l'intégrité
2136 1125 71 55 de
2249 1124 58 56 la

181 1195 284 74 Hongrie,
501 1195 327 57 travaillait
863 1202 418 52 ouvertement
1319 1197 35 54 à
1388 1197 549 61 l'anéantissement
1973 1205 71 56 de
2079 1204 57 56 la
2170 1223 134 40 race

180 1294 281 58 magyare
487 1279 12 55 !
540 1279 87 55 La
660 1297 205 55 guerre
901 1278 241 58 d'ltalie
1176 1279 72 56 de
1286 1278 146 74 1859
1470 1285 187 67 ayant
1694 1280 307 61 démontré
2037 1287 267 57 l'inanité

180 1359 74 57 de
291 1377 109 38 son
437 1362 279 72 système,
758 1360 538 74 François-Joseph
1335 1362 83 56 lui
1458 1363 180 57 retira
1676 1382 68 38 sa
1782 1367 304 57 confiance
2123 1374 62 51 et
2221 1369 85 56 lui

180 1440 200 59 donna
404 1443 397 58 l'ambassade
828 1444 213 73 auprès
1068 1443 81 57 du
1176 1443 367 75 Saint-Siège
1570 1465 231 39 comme
1826 1449 147 57 fiche
2001 1449 73 59 de
2100 1468 171 40 conso-

178 1524 205 59 lation.
413 1527 138 56 Aux
576 1546 159 54 yeux
763 1528 103 57 des
894 1527 316 76 Hongrois,
1238 1527 42 56 il
1307 1528 148 57 était
1483 1528 418 60 l'incarnation
1929 1534 72 56 de
2028 1533 246 57 l'absolu-

179 1606 174 59 tisme
388 1609 482 74 pangermaniste
907 1617 61 49 et
1008 1609 149 57 dans
1195 1628 142 38 mon
1375 1611 252 57 enfance
1661 1612 42 56 il
1738 1613 108 75 n'y
1881 1614 165 58 avait
2085 1635 108 54 pas
2231 1617 73 56 de

176 1688 137 75 jour
338 1693 78 56 où
442 1692 57 72 je
527 1692 154 57 n'aie
707 1691 267 59 entendu
999 1693 54 57 le
1081 1693 269 57 maudire
1380 1712 108 55 par
1517 1712 143 38 mon
1686 1697 157 72 père.

409 1773 148 57 Mais
598 1793 151 39 vous
791 1795 74 38 ne
907 1795 176 38 savez
1126 1777 154 57 donc
1322 1795 110 54 pas
1474 1777 146 74 qu'il
1663 1796 36 37 a
1740 1778 111 57 fait
1896 1780 319 57 assassiner
2254 1781 53 56 le

176 1862 198 51 comte
416 1858 324 74 Széchenyi
767 1860 10 54 !
810 1858 84 57 lui
936 1860 228 73 criai-je
1194 1860 200 73 plutôt
1426 1879 117 55 que
1570 1860 58 73 je
1657 1880 74 37 ne
1759 1861 82 54 lui
1872 1861 90 58 dis
1989 1880 100 38 sur
2116 1862 54 56 le
2198 1867 108 51 ton

179 1940 72 55 de
291 1940 58 54 la
390 1940 132 72 plus
562 1940 291 73 profonde
894 1941 396 75 indignation.
1336 1942 488 72 Effectivement,
1867 1962 78 38 on
1987 1942 319 57 attribuait

176 2022 52 55 le
269 2020 222 59 suicide
536 2022 80 57 du
659 2044 22 28 «
706 2022 133 75 plus
881 2025 220 71 grands
1144 2025 102 57 des
1289 2025 279 73 Magyars
1592 2045 22 29 »
1695 2042 262 40 survenu
2000 2026 150 57 dans
2191 2044 116 38 une

178 2103 228 56 maison
439 2105 73 57 de
542 2106 172 56 santé
747 2108 72 56 de
852 2106 279 75 Dôbling,
1166 2108 133 73 près
1333 2110 73 54 de
1439 2107 245 71 Vienne,
1721 2110 34 53 à
1785 2107 60 57 la
1877 2107 430 73 malveillance,

176 2204 73 38 en
278 2186 197 57 raison
504 2188 81 56 du
616 2187 310 75 pamphlet
957 2190 145 72 qu'il
1133 2190 166 57 avait
1329 2190 147 56 écrit
1507 2197 207 51 contre
1740 2191 53 57 le
1822 2192 191 55 baron
2043 2191 184 56 Bach.

404 2270 11 78 «
426 2270 11 78 J
447 2289 30 37 e
510 2289 73 38 ne
617 2271 272 56 tolérerai
922 2290 108 56 pas
1064 2290 116 55 que
1214 2291 151 38 vous
1398 2272 220 76 parliez
1653 2275 73 57 de
1757 2274 84 55 lui
1874 2291 231 38 comme
2138 2274 125 55 cela
2290 2274 10 54 !

176 2352 155 56 C'est
360 2373 83 36 un
472 2356 73 56 de
574 2373 124 38 mes
728 2354 149 57 amis
904 2356 10 53 !
945 2378 21 29 »
995 2356 230 74 riposta
1255 2356 153 56 alors
1440 2355 182 72 Liszt,
1652 2375 121 38 non
1802 2356 192 56 moins
2024 2357 137 55 ému
2187 2357 12 54 f

289 2436 87 53 La
406 2435 229 71 foudre,
668 2437 280 56 tombant
983 2439 34 54 à
1049 2456 123 39 mes
1204 2437 167 75 pieds
1403 2456 75 37 ne
1509 2439 280 56 m'aurait
1821 2456 108 56 pas
1959 2437 346 58 bouleversé

174 2517 340 74 davantage
560 2536 115 55 que
719 2524 158 51 cette
923 2520 401 57 exclamation
1392 2521 195 74 partie
1629 2522 83 56 du
1757 2539 181 38 cœur.
1986 2520 128 70 Lui,
2163 2538 141 37 mon

173 2599 174 71 idéal,
371 2600 179 56 serait
573 2601 163 56 l'ami
763 2604 71 57 de
857 2602 319 60 l'individu
1201 2624 116 53 que
1341 2604 57 72 je
1422 2604 249 56 haïssais
1694 2602 55 59 le
1770 2604 134 72 plus
1929 2623 76 37 au
2031 2601 215 57 monde
2278 2608 23 49 ?

175 2680 50 55 Il
251 2700 59 37 se
338 2682 266 73 pourrait
632 2686 154 56 donc
814 2704 114 53 que
955 2704 109 38 son
1089 2685 149 57 livre
1263 2685 117 56 soit
1407 2684 220 76 inspiré
1653 2703 110 54 par
1787 2682 277 59 l'ennemi
2089 2684 53 54 le
2169 2682 133 74 plus

174 2764 254 57 acharné
472 2766 71 56 de
588 2785 140 38 mon
771 2785 169 56 pays,
985 2769 146 72 qu'il
1173 2768 117 57 soit
1333 2768 145 57 écrit
1523 2787 149 54 pour
1714 2766 83 56 lui
1840 2768 122 55 être
2005 2765 293 72 agréable,

173 2865 149 54 pour
349 2848 184 55 servir
561 2865 90 40 ses
682 2849 225 57 dessins
933 2851 84 56 les
1048 2850 132 75 plus
1210 2850 244 57 hostiles
1484 2851 36 54 à
1547 2850 58 55 la
1633 2868 132 38 race
1794 2848 309 73 hongroise
2132 2849 12 53 î

288 2930 79 55 Le
410 2930 253 75 premier
706 2939 268 51 moment
1021 2934 72 56 de
1138 2952 100 37 ma
1282 2933 390 58 douloureuse
1717 2936 247 68 stupeur
2008 2929 190 72 passé,
2243 2928 58 72 je

170 3011 264 58 réfléchis
457 3015 335 71 cependant
818 3034 114 54 que
954 3015 224 57 l'heure
1202 3023 60 49 et
1285 3013 277 58 l'endroit
1587 3013 291 56 n'étaient
1900 3030 106 55 pas
2031 3009 269 76 propices

170 3113 150 53 pour
350 3095 168 57 vider
548 3116 115 38 une
694 3098 280 73 question
1004 3099 159 56 aussi
1194 3117 199 54 grave.
1429 3097 254 55 M'étant
1713 3094 222 75 promis
1968 3095 70 56 de
2069 3091 231 59 revenir

171 3178 123 54 àla
324 3180 213 73 charge
567 3179 54 57 le
653 3179 133 75 plus
818 3182 92 55 tôt
945 3182 275 72 possible,
1255 3182 57 71 je
1342 3179 83 56 lui
1459 3177 316 59 demandai
1808 3178 173 70 alors,
2017 3177 171 73 après
2218 3193 83 39 un

169 3259 139 74 long
349 3260 232 70 silence,
626 3262 91 55 s'il
759 3263 253 74 pouvait
1059 3282 94 38 me
1196 3260 262 59 recevoir
1500 3260 54 56 le
1596 3260 135 71 jour
1775 3262 71 54 de
1890 3259 120 56 l'an
2041 3264 24 50 ?
2112 3258 51 56 Il
2207 3274 93 38 me

167 3344 276 71 répondit
482 3344 144 73 qu'il
663 3345 165 56 allait
865 3353 185 51 rester
1087 3347 35 53 à
1161 3345 189 55 Rome
1387 3349 59 50 et
1486 3342 144 72 qu'il
1666 3342 179 55 serait
1883 3343 34 54 à
1952 3342 58 55 la
2047 3340 250 69 maison,

167 3425 141 55 chez
336 3425 413 75 Monseigneur
781 3428 207 63 Nardi,
1007 3425 269 75 pendant
1304 3431 170 49 toute
1501 3424 58 55 la
1587 3423 280 57 matinée.
1886 3424 76 56 Ce
1990 3423 199 56 furent
2217 3422 83 56 les

166 3507 188 57 seules
381 3508 230 72 paroles
639 3528 115 55 que
780 3528 152 38 nous
959 3509 430 73 échangeâmes
1415 3512 188 51 avant
1633 3505 284 59 d'arriver
1945 3526 78 37 au
2048 3505 248 56 Palazzo

166 3589 61 57 di
265 3592 243 56 Venezia
537 3594 80 55 où
645 3612 60 38 se
735 3593 269 57 trouvait
1034 3591 401 57 l'ambassade
1465 3589 367 57 d'Autriche.

282 3673 346 74 Cependant
653 3676 57 72 je
736 3696 73 37 ne
838 3673 363 75 désespérais
1227 3691 108 56 pas
1360 3690 227 38 encore.
1619 3672 50 54 Il
1695 3690 93 38 me
1813 3669 278 59 semblait
2118 3669 182 74 qu'en
