2570 4094
910 312 264 35 MERCURE
1214 308 243 37 MUSICAL
1494 308 69 35 ET
1605 310 44 34 S.
1689 308 34 36 I.
1762 308 59 36 M.

290 315 130 46 1030

289 468 273 48 au-dessus
602 466 64 50 de
705 465 52 48 la
795 464 160 57 fente,
998 462 141 49 deux
1178 461 339 51 arbreseaulx
1557 478 70 33 ou
1666 461 133 65 tiges
1840 461 208 65 d'ortye
2090 462 74 61 (1)
2204 461 226 61 feuilluz,

289 540 120 46 tous
439 550 215 34 couvers
683 537 52 45 et
763 546 189 36 nervez
980 531 65 48 de
1060 530 183 65 perles,
1262 545 259 51 avecques
1536 531 49 50 le
1614 531 79 51 dit
1722 535 122 44 tout
1873 548 70 33 au
1969 531 140 66 long,
2142 548 65 33 en
2235 548 195 49 grosses

288 603 180 50 lettres
495 605 65 48 de
585 601 169 49 vieille
781 601 155 62 façon
962 603 54 46 et
1042 600 259 58 nouvelle,
1331 600 50 49 la
1408 600 141 50 dicte
1578 601 234 49 chanson
1840 600 245 52 Madame
2102 602 48 65 je
2180 601 109 51 suis
2314 605 116 63 plus

291 673 217 64 joyeulx.
541 672 100 48 Par
674 671 211 48 marché
920 671 32 48 à
984 669 75 49 lui
1092 669 99 50 fait
1227 669 204 50 LXVII
1436 680 48 22 xx
1533 671 127 49 Xs.
1710 676 40 44 t.
1914 671 275 64 lesquelles
2239 675 191 62 parties

288 741 116 48 font
428 739 49 49 la
517 739 134 49 ditte
691 753 198 35 somme
928 739 65 49 de
1032 738 114 50 111I
1152 747 47 23 XX
1239 738 83 48 IX
1324 747 47 23 xx
1420 739 116 51 Xs.
1578 744 40 46 t.
1660 739 313 66 Lesquelles,
2015 756 65 33 en
2117 746 313 59 rapportant

289 824 83 33 ces
398 809 267 62 présentes
694 812 52 44 et
776 808 489 65 recongnaissances
1294 824 87 35 sur
1411 826 72 43 ce,
1514 826 134 34 nous
1676 810 224 50 voulons
1928 814 53 46 et
2009 810 261 51 mandons
2300 817 130 47 estre

288 876 159 50 alloée
478 882 266 59 escompte
776 878 63 48 de
870 882 153 44 notre
1054 878 109 49 dict
1193 878 258 61 trésorier,
1484 880 64 50 de
1578 879 206 50 l'année
1813 880 137 49 fenie
1982 896 67 33 au
2081 880 207 50 derrain
2317 882 113 63 jour

288 945 63 48 de
387 946 296 63 septembre
719 946 205 50 derrain
961 949 151 62 passé
1146 951 54 46 et
1234 949 239 49 rabattre
1510 950 64 50 de
1610 965 58 33 sa
1703 955 209 59 recepte
1948 965 121 35 sans
2105 965 174 35 aucun
2314 967 89 35 con-

288 1014 175 49 tredit.
505 1016 83 48 En
623 1020 315 58 rapportant
979 1033 82 33 ces
1100 1017 267 64 présentes
1404 1024 54 44 et
1494 1020 491 63 recongnoissances
2023 1035 87 33 sur
2150 1035 57 34 ce
2245 1020 74 49 du
2354 1021 75 50 dit

289 1082 197 65 Clarcy,
532 1089 119 44 tant
694 1085 289 51 seulement
1026 1090 53 44 et
1122 1103 107 33 non
1273 1087 219 50 obstans
1535 1089 379 59 ordonnances,
1957 1089 362 59 mandemens,
2366 1106 64 35 ou

288 1151 257 53 deffences
581 1155 31 48 à
650 1170 56 34 ce
744 1156 300 49 contraires.
1086 1156 186 49 Donné
1309 1158 32 49 à
1379 1157 367 51 Sainct-Denis
1784 1175 65 33 en
1886 1160 217 58 France,
2140 1158 49 51 le
2227 1158 54 50 X
2315 1160 115 64 jour

288 1221 279 61 d'ottobre,
600 1223 107 48 l'an
739 1224 65 49 de
834 1227 151 61 grâce
1016 1223 92 50 mil
1141 1224 163 51 CCCC
1334 1231 54 46 et
1420 1232 268 58 quatorze.
1726 1228 100 49 Par
1841 1228 366 65 monseigneur
2237 1228 49 50 le
2317 1228 113 51 Duc

287 1307 64 33 en
378 1307 95 33 son
501 1293 191 48 conseil
720 1296 68 47 où
815 1310 132 33 vous
973 1311 10 32 :
1011 1294 266 65 l'évesque
1305 1297 65 49 de
1399 1296 253 61 Soissons,
1680 1297 49 51 le
1757 1298 103 50 duc
1889 1298 65 50 de
1983 1297 209 61 Gaules,
2221 1299 209 50 messire

289 1360 231 49 Mansart
552 1360 234 61 d'Aisne,
812 1362 49 49 le
877 1363 102 48 duc
1011 1363 64 49 de
1107 1363 151 66 Saisy
1289 1369 52 45 et
1373 1365 214 50 maistre
1620 1365 182 51 Nicole
1835 1367 71 49 Le
1938 1367 119 59 duc,
2077 1370 80 46 est

2060 1457 245 65 Sauvage

424 1555 413 49 ïpne—Charles
859 1556 102 49 duc
985 1556 275 51 d'Orléans
1284 1562 52 45 et
1360 1558 66 50 de
1449 1558 193 60 Valois,
1668 1565 155 44 conte
1848 1560 64 49 de
1938 1560 136 66 Bloy
2095 1565 54 44 et
2174 1561 65 50 de
2264 1561 133 52 Beau-

289 1627 150 46 mont
470 1628 53 45 et
555 1624 236 64 seigneur
823 1626 64 48 de
919 1624 192 65 Coucy,
1145 1627 32 48 à
1207 1642 96 35 nos
1334 1630 144 48 amés
1508 1632 54 46 et
1594 1630 180 48 féaulx
1803 1645 127 49 gens
1961 1631 66 48 de
2056 1646 96 33 nos
2176 1636 251 60 comptes,

289 1692 139 49 salut
457 1697 53 46 et
539 1693 263 51 dilection.
833 1694 147 51 Nous
997 1696 222 49 voulons
1247 1702 53 44 et
1328 1698 262 50 mandons
1619 1715 103 48 que
1748 1699 53 49 la
1830 1713 200 37 somme
2060 1701 66 49 de
2150 1703 143 50 deux
2309 1717 118 37 cens

291 1763 242 49 soixante
565 1763 133 49 seize
725 1763 173 57 livres,
932 1769 112 59 sept
1078 1764 118 61 sols,
1252 1768 80 48 six
1376 1768 204 50 deniers
1611 1767 256 62 tournois,
1897 1768 226 65 laquelle
2152 1786 149 44 nous,
2334 1788 94 47 par

288 1835 151 45 notre
470 1830 116 50 amé
616 1837 50 44 et
697 1833 103 49 féal
829 1834 239 48 trésorier
1083 1835 208 64 général
1314 1837 173 49 Pierre
1510 1838 207 60 Renier,
1740 1854 166 33 avons
1926 1839 98 50 fait
2046 1856 179 48 payer,
2248 1840 180 51 bailler

291 1903 52 44 et
383 1899 221 49 délivrer
644 1901 90 49 des
768 1901 202 50 deniers
1003 1903 65 48 de
1086 1919 95 33 nos
1221 1904 246 60 finances,
1516 1906 31 49 à
1587 1906 177 64 Julien
1797 1908 65 49 de
1908 1908 197 59 Simon,
2149 1910 278 50 marchant

289 1966 322 51 demourant
638 1970 31 48 à
696 1970 161 58 Paris,
886 1975 52 44 et
978 1988 64 31 en
1074 1971 222 65 laquelle
1320 1990 134 33 nous
1483 1975 74 50 lui
1588 1976 196 50 estions
1816 1981 160 45 tenuz
2005 1994 135 47 pour
2170 1979 258 65 plusieurs

291 2036 182 63 perles,
505 2037 286 64 lesquelles,
825 2055 165 33 avons
1019 2040 100 49 fait
1157 2042 223 64 prendre
1412 2049 52 43 et
1503 2045 216 49 achater
1752 2046 65 50 de
1848 2046 91 60 lui,
1972 2047 91 49 dès
2098 2046 49 50 le
2175 2049 252 63 septième

302 2108 108 49 [our
443 2107 65 48 de
537 2108 293 63 septembre
861 2108 233 50 derenier
1125 2111 168 62 passé,
1327 2127 132 49 pour
1492 2129 56 33 ce
1581 2113 91 64 qui
1701 2116 220 48 s'ensuit
1968 2116 127 50 c'est
2143 2119 235 48 assavoir
2413 2135 10 33 :

293 2176 137 48 Pour
482 2176 281 50 vint-deux
812 2192 201 50 grosses
1064 2179 182 64 perles,
1295 2197 132 49 pour
1481 2183 162 49 servir
1690 2200 108 35 aux
1835 2186 143 49 deux
2018 2186 133 65 tiges
2193 2188 65 49 de
2286 2188 139 51 deux

292 2244 333 49 arbreseaulx
672 2261 67 33 ou
791 2246 300 52 rainseaulx
1133 2248 222 65 d'ortye,
1404 2251 129 49 faitz
1582 2256 52 45 et
1676 2254 132 50 assiz
1846 2254 66 50 de
1948 2254 239 51 broderie
2226 2271 88 34 sur
2349 2256 73 49 les

294 2314 245 48 manches
576 2314 158 50 d'une
787 2315 130 51 robe
951 2315 65 50 de
1053 2318 279 48 vert-brun
1380 2320 32 49 à
1459 2326 183 58 grants
1690 2323 250 50 manches
1981 2329 245 45 ouvertes
2286 2327 71 62 (2)
2395 2326 30 49 à

292 2383 325 49 chevaucher
658 2385 276 65 pompions
978 2384 86 63 (?),
1120 2403 89 33 sur
1247 2388 274 66 lesquelles
1561 2393 251 48 manches
1853 2398 80 44 est
1977 2395 194 64 escript
2213 2397 66 49 de
2307 2397 89 48 bro-

292 2451 155 59 derie,
477 2456 118 45 tout
618 2468 69 33 au
707 2453 137 64 long,
868 2454 47 48 le
937 2454 108 49 dict
1068 2455 66 48 de
1153 2455 51 50 la
1227 2456 236 65 chançon
1500 2483 38 15 =
1571 2458 245 52 Madame
1850 2461 48 65 je
1920 2463 109 48 suis
2058 2464 124 65 plus
2202 2464 220 63 joyeulx,

292 2525 53 44 et
386 2521 125 48 noté
553 2526 120 45 tout
722 2539 70 33 au
839 2522 139 65 long,
1022 2540 89 32 sur
1141 2526 234 50 chacune
1417 2529 93 48 des
1547 2529 166 51 dictes
1755 2533 267 59 manches,
2067 2549 70 33 au
2197 2534 115 61 prix
2363 2534 64 52 de

292 2588 226 50 XXIVs.
550 2606 50 48 p.
631 2591 52 48 la
713 2592 159 64 pièce,
904 2592 179 50 valent
1126 2616 41 18 =
1206 2593 222 51 XXXII
1469 2596 61 51 11.
1559 2602 41 45 t.

424 2658 46 50 A
489 2660 73 48 lui
581 2676 132 48 pour
732 2661 332 65 vint-quatre
1098 2668 177 46 autres
1295 2666 166 65 perles
1496 2682 132 50 pour
1662 2670 164 49 servir
1855 2685 108 34 aux
1982 2671 167 51 dictes
2187 2671 148 69 tiges,
2358 2689 66 34 au

291 2728 118 64 prix
430 2729 64 49 de
524 2729 116 50 vint
660 2745 39 34 s.
730 2746 51 48 p.
810 2731 52 48 la
889 2731 160 63 pièce,
1078 2733 180 50 valent
1301 2759 39 16 =
1380 2734 165 50 XXX
1580 2736 33 49 1.
1643 2742 41 45 t.

423 2795 47 50 A
485 2797 89 59 lui,
590 2813 134 50 pour
757 2799 282 50 vint-deux
1072 2806 175 45 autres
1280 2803 167 64 perles
1481 2820 133 49 pour
1647 2807 162 49 servir
1844 2823 108 35 aux
1985 2809 256 50 susdictes
2274 2811 148 64 tiges,

292 2879 67 33 au
374 2865 118 64 prix
519 2867 64 49 de
609 2868 164 49 douze
800 2883 39 45 s,
868 2884 52 49 p.
948 2869 52 48 la
1026 2869 145 65 pièce
1196 2870 180 51 valent
1420 2897 38 15 =
1497 2873 130 51 XVI
1654 2877 36 48 1.
1721 2874 53 50 X
1799 2891 41 34 s.
1869 2881 41 45 t.

412 3043 64 50 (1)
506 3043 139 41 Louis
672 3044 240 41 d'Orléans
938 3046 177 54 adopta
1139 3060 179 29 comme
1345 3049 224 42 emblème
1595 3051 150 43 l'ortie
1773 3065 113 29 avec
1911 3055 47 39 la
1985 3055 185 41 devise:

302 3101 183 51 chemin,
503 3105 118 40 alors
642 3118 89 39 que
753 3118 84 29 son
857 3107 129 49 frère,
1011 3109 42 39 le
1073 3109 68 39 roi
1182 3110 183 42 Charles
1388 3112 80 49 VI,
1494 3113 131 41 avait
1644 3114 144 41 choisi
1808 3127 92 29 une
1921 3128 127 29 cosse
2071 3118 58 39 de
2151 3119 138 51 genêt
2312 3131 110 28 avec

293 3162 47 40 la
364 3164 151 40 devise
533 3180 10 26 :
571 3166 179 51 Jamais

414 3226 63 49 (2)
509 3226 283 52 QUICHERAT
838 3230 117 43 Hist.
986 3231 60 39 du
1074 3231 201 42 Costume
1296 3249 12 33 ;
1334 3235 41 39 A
1400 3236 147 52 partir
1572 3236 57 41 de
1660 3249 111 40 1400
1795 3239 64 40 les
1902 3240 217 41 manches
2146 3241 278 41 deviennent

296 3282 217 44 énormes.
547 3286 72 40 On
646 3288 108 41 fend
782 3291 117 39 alors
926 3292 45 39 la
998 3293 193 41 manche
1219 3295 57 40 de
1303 3296 45 39 la
1374 3296 110 40 robe
1511 3310 118 40 pour
1656 3298 113 41 faire
1795 3300 103 40 voir
1925 3301 110 41 celle
2063 3302 63 41 du
2171 3303 251 54 pourpoint

294 3348 51 39 et
373 3348 108 38 celle
509 3348 61 39 du
599 3350 249 52 pourpoint
875 3366 117 39 pour
1018 3354 113 41 faire
1159 3357 102 39 voir
1287 3358 110 39 celle
1426 3358 57 41 de
1510 3359 47 40 la
1583 3361 200 41 chemise
1812 3363 80 53 qui
1938 3363 118 42 était
2082 3364 210 42 safranée
2338 3364 85 41 Sur

297 3406 15 40 1
329 3406 109 41 effet
466 3408 56 39 de
550 3420 72 27 ces
650 3411 213 41 manches
908 3414 100 39 voir
1051 3415 115 41 dans
1196 3416 189 55 Jubinal
1404 3434 9 27 :
1446 3419 277 55 Tapisseries
1752 3427 87 39 etc.
1870 3424 65 41 les
1963 3427 352 52 reproductions
2344 3427 78 40 des

297 3467 256 54 tapisseries
585 3470 61 38 du
677 3471 195 41 château
903 3475 30 39 d
952 3475 177 42 Aulhac
1158 3481 48 37 et
1234 3482 188 40 surtout
1450 3482 133 41 celles
1601 3482 57 41 de
1676 3484 147 40 Berne
1854 3489 48 37 et
1933 3486 57 41 de
2019 3488 47 39 la
2099 3488 317 40 Chaise-Dieu.

297 3528 128 41 Dans
453 3529 42 41 le
523 3529 121 42 Dict.
678 3532 57 39 de
767 3532 371 46 l'ameublement
1164 3540 256 52 d'Havard,
1453 3543 102 41 voir
1583 3543 30 41 à
1639 3545 47 40 la
1714 3546 219 53 rubrique
1952 3564 10 25 :
2140 3561 91 28 une
2260 3550 134 39 minia-

297 3593 101 37 ture
421 3592 79 51 qui
523 3596 179 38 montie
724 3606 88 28 une
837 3596 133 40 dame
993 3598 213 43 devisant
1228 3615 112 29 avec
1362 3617 65 28 un
1447 3604 138 54 jeune
1620 3607 186 42 homme
1845 3609 116 42 dont
1982 3611 46 40 la
2051 3613 195 40 manche
2291 3616 131 49 porte

297 3654 122 37 cette
437 3651 268 55 inscription
724 3669 8 26 :
757 3656 115 42 Mon
892 3672 116 29 cœur
1030 3664 160 50 espère.
