2570 4094
276 940 1051 117 CORRESPONDANCE
1447 960 690 138 D'AMÉRIQUE

477 1355 127 43 ANS
642 1363 96 38 ces
775 1348 152 55 mois
965 1349 162 58 d'été
1164 1355 80 55 où
1279 1355 87 57 les
1402 1372 277 52 concerts
1702 1372 236 59 sérieux
1960 1396 108 39 son
2091 1388 144 52 trem-

518 1426 204 71 placés
752 1448 112 54 par
897 1433 105 55 des
1033 1444 279 51 concerts
1343 1445 348 71 populaires
1722 1472 74 37 en
1829 1458 161 71 plein
2007 1463 90 55 air
2115 1472 60 50 et
2192 1469 78 55 où

517 1514 175 52 toute
732 1514 256 57 activité
1030 1518 324 76 artistique
1399 1528 161 67 (sauf
1583 1549 152 55 pour
1757 1535 54 58 le
1837 1546 426 71 compositeur)

515 1598 91 49 est
663 1600 438 71 interrompue,
1157 1603 56 56 le
1270 1617 273 49 moment
1588 1618 200 69 paraît
1829 1626 244 71 propice
2115 1649 152 52 pour

512 1674 149 58 faire
694 1682 315 55 connaître
1043 1684 85 56 les
1151 1692 246 69 progrès
1423 1693 104 57 des
1550 1697 373 64 Américains
1945 1708 147 53 dans
2124 1713 139 48 l'art

135 1772 246 40 musical
423 1772 295 44 créateur.

240 1836 346 74 J'aimerais
624 1844 155 56 dans
817 1852 160 51 cette
1018 1847 182 61 lettre
1236 1854 201 71 parler
1477 1859 74 56 de
1592 1862 322 63 Frederick
1952 1872 191 53 Avres
2186 1877 74 48 de

134 1920 284 59 Colorado
479 1925 252 74 Springs
792 1928 365 79 (Colorado),
1218 1956 84 38 un
1363 1948 221 51 auteur
1645 1948 147 59 dont
1853 1951 87 58 les
2001 1920 256 97 œuv4e7

131 2005 255 73 quoique
428 2026 117 54 peu
586 2012 391 58 nombreuses
1018 2036 235 56 encore,
1294 2027 301 57 semblent
1637 2049 154 39 nous
1832 2054 301 42 annoncer
2173 2063 82 35 un

131 2096 413 64 caractère,un
568 2093 241 57 homme
836 2097 123 72 qui,
982 2108 191 50 avant
1193 2104 267 77 d'écrire,
1482 2129 37 36 a
1541 2116 184 68 pensé
1750 2122 61 51 et
1829 2121 159 55 senti
2011 2125 207 70 profon-

129 2168 257 74 dément,
418 2179 61 49 et
510 2192 36 37 a
574 2179 218 54 trouvé
821 2197 85 37 un
934 2200 223 56 moyen
1188 2187 414 75 d'expression
1630 2196 259 75 logique,
1919 2207 61 51 et
2008 2212 241 51 surtout

127 2256 381 67 personnelle.
562 2259 80 55 M.
694 2259 213 74 Ayres,
958 2267 122 55 très
1129 2267 179 74 jeune
1358 2292 236 55 encore,
1644 2284 251 67 possède
1947 2286 101 56 des
2100 2290 149 56 dons

125 2338 440 71 exceptionnels
605 2343 39 55 d
667 2343 363 74 inspiration
1068 2356 61 51 et
1171 2353 73 56 de
1282 2358 150 70 goût
1470 2361 339 74 artistique.

233 2421 315 57 Hermann
584 2424 233 58 Grimm
854 2430 90 55 dit
982 2451 85 37 un
1100 2433 139 74 jour
1274 2457 118 54 que
1427 2441 60 56 la
1520 2442 219 76 langue
1776 2450 264 72 anglaise
2075 2456 167 55 avait

123 2502 51 52 la
202 2502 348 60 délicatesse
579 2508 75 56 de
682 2508 61 56 la
780 2510 221 76 langue
1028 2516 301 75 française
1369 2525 315 59 combinée
1712 2548 146 39 avec
1886 2532 60 56 la
1979 2534 161 58 force
2168 2539 71 56 de

121 2581 51 56 la
197 2583 216 75 langue
444 2588 359 61 allemande.

230 2666 268 59 Certains
527 2672 374 61 Américains
930 2680 197 58 disent
1160 2685 72 56 de
1261 2687 197 58 même
1486 2709 120 55 que
1631 2694 58 57 la
1720 2695 274 74 musique
2025 2701 175 55 améri-

118 2747 158 57 caine
310 2751 175 70 (ainsi
517 2772 117 54 que
663 2757 55 56 le
748 2771 305 60 prouvent
1087 2769 437 73 quelques-uns
1555 2776 72 55 de
1658 2795 92 38 ses
1780 2780 298 57 meilleurs
2106 2802 84 39 mo-

120 2831 170 71 dèles)
324 2835 128 56 doit
483 2837 166 57 allier
680 2841 37 53 à
746 2842 58 55 la
835 2844 189 59 clarté
1052 2855 61 50 et
1145 2850 36 56 à
1208 2851 60 56 la
1296 2854 252 58 fermeté
1580 2860 73 55 de
1683 2863 221 56 touche
1933 2882 116 53 que
2078 2883 151 41 nous

117 2913 295 60 admirons
438 2920 155 58 dans
616 2922 59 57 la
701 2926 278 74 musique
1007 2931 319 76 française,
1353 2938 60 55 la
1438 2939 241 75 logique
1705 2950 59 50 et
1792 2944 60 57 la
1877 2945 155 59 forte
2059 2967 135 39 cons-

115 3000 252 56 truction
421 3004 390 61 allemandes.
864 3011 129 59 Elle
1047 3033 178 40 saura
1275 3020 193 57 éviter
1518 3024 61 55 la
1627 3025 258 74 légèreté
1932 3029 293 74 française

113 3095 146 42 aussi
289 3082 139 57 bien
457 3105 117 54 que
602 3089 60 56 la
689 3090 287 61 lourdeur
1002 3098 360 61 allemande.
1395 3105 89 56 La
1513 3108 278 73 musique
1820 3112 74 54 de
1924 3113 79 54 M.
2034 3114 193 74 Ayres

110 3176 34 37 n
165 3170 85 49 est
280 3166 407 61 évidemment
715 3192 111 54 pas
855 3178 121 55 très
1004 3180 264 75 éloignée
1298 3186 146 56 d'un
1471 3190 187 71 pareil
1686 3192 176 71 idéal,
1893 3195 152 56 mais
2070 3216 155 38 nous

110 3259 262 53 pouvons
405 3255 285 57 attendre
720 3275 149 40 avec
903 3264 309 58 confiance
1244 3269 86 55 les
1363 3274 243 70 progrès
1641 3275 74 56 de
1748 3294 109 39 son
1891 3284 113 65 art,
2041 3298 101 38 car
2177 3282 43 53 il

108 3326 103 56 sait
238 3333 134 54 unir
400 3353 35 35 a
460 3354 118 37 une
604 3355 132 40 rare
764 3340 420 80 imagination,
1212 3369 119 38 une
1358 3353 192 57 forme
1579 3357 34 54 à
1639 3357 58 56 la
1722 3357 115 57 fois
1863 3367 262 51 correcte
2155 3369 61 50 et

106 3416 371 61 personnelle.
531 3419 330 62 Harmonie
908 3428 310 75 originale,
1266 3437 214 71 pureté
1531 3439 72 55 de
1650 3440 158 73 ligne
1854 3443 359 74 mélodique,

104 3500 397 56 construction
532 3503 139 57 bien
704 3509 303 58 ordonnée
1037 3534 11 35 :
1082 3514 173 59 telles
1283 3526 140 49 sont
1454 3520 84 56 les
1571 3523 258 72 qualités
1861 3527 352 71 techniques

103 3578 62 49 de
186 3578 56 53 la
264 3581 274 75 musique
563 3587 72 55 de
661 3589 77 56 M.
765 3590 211 74 Ayres.
