3497 4330
1676 187 124 53 274

211 338 161 64 polcro,
416 336 169 48 welche
628 336 74 47 für
744 333 69 48 die
854 329 855 52 Tonkünstler-Witwen-Gesellschaft

211 418 57 45 im
288 412 297 65 Burgtheater
607 428 70 32 am
698 409 46 50 3.
767 409 89 49 und
875 409 46 47 4.
938 409 126 64 April
1088 407 139 49 1803
1252 407 264 63 aufgeführt
1536 404 172 47 wurde.

211 491 232 47 Vielleicht
466 489 100 46 kam
590 505 50 30 er
664 487 67 47 bei
758 486 142 47 dieser
924 486 294 62 Gelegenheit
1246 484 78 46 mit
1349 483 254 48 Beethoven
1634 498 50 29 zu-

211 582 199 32 sammen
453 563 173 64 (dessen
669 562 262 48 Oratorium
973 561 228 55 „Christus
1242 576 72 31 am
1637 572 71 34 am

232 642 83 47 21.
316 642 117 46 März
461 638 141 50 1803
632 638 59 47 im
714 638 195 46 Theater
937 652 55 30 an
1022 635 79 47 der
1122 635 140 49 Wien
1291 634 204 64 gegeben
1526 630 184 50 worden

212 715 109 65 war)
353 715 90 50 und
471 715 192 50 erzählte
691 714 92 47 ihm
811 713 85 47 den
919 713 109 53 Plan
1058 712 80 47 der
1161 713 125 62 Oper
1633 708 51 47 de-

213 808 78 32 ren
321 790 304 65 Composition
667 806 48 30 er
755 788 171 48 damals
964 788 90 46 sich
1100 787 137 47 schon
1279 792 246 57 vorgesetzt
1562 783 148 48 haben

214 868 190 47 mochte.
446 867 157 45 Dieser
631 865 109 47 Plan
783 864 117 47 kann
938 864 256 46 Beethoven
1237 861 339 64 angesprochen
1620 859 90 47 und

213 952 118 40 etwa
357 961 53 29 zu
439 943 80 45 der
541 943 289 61 Aeusserung
853 940 242 47 veranlasst
1124 938 165 57 haben,
1318 938 99 47 dass
1445 938 90 47 ihm
1566 936 144 47 dieser

212 1019 121 47 Stoff'
353 1018 174 63 gefalle,
565 1015 89 48 und
691 1015 99 52 dass
828 1032 49 31 er
914 1015 114 47 auch
1055 1016 111 46 Lust
1202 1015 138 54 hätte,
1378 1011 238 49 denselben
1648 1011 62 46 als

216 1095 125 62 Oper
368 1110 52 30 zu
448 1091 305 65 componiren.
807 1091 97 47 Auf
933 1091 149 47 solche
1110 1090 109 48 oder
1247 1089 203 47 ähnliche
1478 1090 85 46 Art
1592 1091 120 44 wäre

216 1173 128 52 Paer,
381 1169 80 48 der
487 1169 93 47 sich
608 1168 70 48 die
707 1168 144 50 Sache
877 1171 148 60 später
1051 1168 42 45 in
1125 1166 79 47 der
1232 1165 289 64 Erinnerung
1550 1164 162 48 anders

214 1245 235 55 ausmalte,
477 1244 115 48 noch
621 1260 82 31 von
726 1242 101 49 dem
849 1242 239 47 Vorwurfe
1111 1240 314 49 absichtlicher
1444 1239 240 49 Aufschnei-

213 1321 121 48 derei
364 1320 57 63 [?]
449 1338 51 29 zu
531 1328 157 39 retten.

338 1396 102 55 „Bei
479 1395 144 48 dieser
653 1394 293 63 Gelegenheit
985 1395 87 47 will
1115 1394 68 48 ich
1222 1394 113 48 noch
1373 1391 232 53 nebenher
1634 1390 51 48 be-

213 1472 197 55 merken,
439 1471 99 48 dass
560 1471 292 47 Beethoven's
875 1471 126 64 Oper
1030 1471 40 47 in
1096 1471 137 48 Wien
1265 1470 96 47 auf
1383 1469 118 49 dem
1531 1467 143 49 Thea-

209 1547 261 49 terzettel
498 1547 186 47 niemals
707 1547 78 46 mit
806 1546 79 52 der
907 1549 280 61 Benennung
1510 1543 175 47 bezeich-

211 1631 72 41 net
311 1622 171 57 wurde,
522 1622 194 47 sondern
752 1621 139 49 1805
934 1621 89 48 und
1067 1621 139 48 1806
1248 1621 215 55 „Fidelio,
1502 1618 111 49 oder
1641 1618 69 47 die

209 1698 259 49 eheliche
780 1698 81 47 seit
907 1697 139 48 1814
1089 1697 111 48 aber
1242 1697 173 47 einfach

209 1776 129 47 hiess.
368 1776 93 47 Das
489 1773 316 64 gedruckte
834 1773 234 49 Textbuch
1092 1791 84 31 von
1204 1772 139 50 1806
1370 1773 76 47 hat
1474 1772 118 47 wohl
1624 1771 85 48 den

209 1852 139 47 Titel:
382 1852 300 55 „Leonora,
712 1850 134 48 oder
874 1850 153 49 der
1041 1851 220 63 Triumph
1291 1850 94 47 der
1415 1848 294 49 ehelichen

465 1926 80 49 der
569 1927 141 48 Zettel
739 1926 109 48 aber
875 1927 138 48 kennt
1048 1926 118 48 diese
1195 1926 315 63 Bezeichnung

320 2002 362 48 Nachschrift
721 2002 94 48 der
854 2002 323 49 Redaction.
1229 2003 106 47 Wir
1361 2001 98 48 sind
1488 2001 221 48 natürlich

207 2078 152 47 Herrn
388 2079 50 47 L.
466 2095 38 31 v.
534 2078 318 47 Sonnleithner
893 2079 76 46 für
1008 2079 120 47 seine
1157 2078 291 62 Aufklärung
1488 2076 222 57 dankbar,

208 2154 155 47 hätten
391 2153 110 48 aber
528 2154 279 63 gewünscht,
849 2154 99 47 dass
984 2171 48 30 er
1059 2156 90 45 sich
1178 2153 130 48 dabei
1338 2153 77 48 des
1442 2154 105 46 sehr
1575 2152 108 48 über-

209 2229 209 64 flüssigen
448 2229 90 47 und
567 2229 329 64 unüberlegten
917 2229 230 49 Beiwerks
1171 2246 81 30 von
1277 2228 309 48 Bedensarten
1615 2236 71 40 ent-

207 2304 150 48 halten
386 2305 136 56 hätte,
557 2304 71 48 die
656 2305 83 47 auf
761 2304 69 48 die
858 2304 285 65 vorliegende
1172 2304 146 48 Sache
1346 2321 83 48 gar
1456 2304 122 48 nicht
1606 2319 76 49 pas-

206 2397 91 32 sen.
327 2382 122 45 Herr
470 2398 35 31 v.
528 2380 319 50 Sonnleithner
867 2380 241 49 versichert
1130 2397 85 32 von
1242 2380 118 49 oben
1383 2380 159 56 herab,
1583 2379 127 56 „dass

206 2473 48 31 er
275 2455 85 50 den
385 2457 306 48 betreffenden
712 2457 536 64 Zeitungs-Artikel
1279 2457 195 48 keiner
1502 2455 172 49 Beach-

208 2540 131 58 tung
366 2534 322 64 gewürdigt
716 2534 179 48 haben
926 2534 172 56 würde,
1129 2551 129 30 wenn
1289 2551 44 31 es
1361 2534 90 47 sich
1483 2533 120 49 nicht
1634 2551 73 29 um

208 2608 84 48 den
324 2610 190 47 Fürsten
543 2609 80 48 der
651 2610 238 49 Tonkunst
1192 2627 42 30 u.
1265 2626 31 31 s.
1327 2627 74 38 w.,
1436 2609 92 48 und
1557 2609 152 55 meint,

221 2702 129 37 „man
377 2686 61 46 sei
467 2685 137 48 leider
632 2703 85 29 nur
745 2703 51 29 zu
827 2685 195 65 geneigt,
1051 2702 79 31 aus
1158 2702 47 31 so
1235 2685 163 48 trüben
1423 2685 193 57 Quellen
1641 2685 69 47 die

212 2761 538 65 Charakterschilderung
795 2763 265 48 berühmter
1098 2763 216 48 Künstler
1359 2779 259 32 zusammen
1656 2778 52 32 zu

324 2914 83 47 Die
434 2915 469 64 Zusammenstellung
929 2914 145 48 dieser
1102 2914 160 48 beiden
1291 2915 126 47 Sätze
1456 2915 54 47 ist
1539 2914 142 48 minde-

211 2996 116 40 stens
372 2990 273 57 unbedacht,
688 2991 128 47 mehr
857 2990 111 50 aber
1008 2991 114 47 noch
1168 2991 259 64 ungerecht.
1482 2993 115 47 Dass
1639 2991 71 47 ein

208 3066 138 47 Mann
388 3067 84 47 wie
509 3069 121 47 Herr
658 3084 35 30 v.
724 3067 318 49 Sonnleithner
1081 3066 302 65 wegwerfend
1426 3067 114 47 über
1582 3067 128 47 einen

721 3144 184 63 spricht,
934 3144 81 48 der
1042 3142 168 65 gerade
1239 3142 233 49 derselben
1495 3144 215 56 Ursache,

212 3217 85 47 wie
319 3216 154 48 dessen
495 3220 321 63 Berichtigung
839 3220 140 47 durch
1004 3220 75 47 ihn
1102 3220 153 53 selbst,
1282 3220 122 47 seine
1426 3220 286 63 Entstehung

211 3292 232 56 verdankt,
472 3296 189 47 nämlich
689 3295 102 48 dem
821 3296 228 48 Forschen
1079 3296 112 48 nach
1225 3296 247 48 Wahrheit
1498 3311 82 32 aus
1608 3295 101 48 dem

209 3368 157 49 Leben
396 3370 119 48 eines
546 3386 180 47 grossen
755 3372 251 55 Künstlers,
1044 3371 77 48 das
1149 3372 102 49 thut
1277 3389 83 30 uns
1390 3374 77 45 für
1493 3374 151 45 Herrn
1674 3388 36 31 v.

211 3445 317 48 Sonnleithner
566 3447 108 55 leid;
717 3464 49 30 er
806 3448 115 47 stellt
959 3448 91 47 sich
1092 3448 201 49 dadurch
1335 3448 215 49 wahrlich
1592 3448 120 47 nicht

212 3521 132 54 hoch,
383 3522 195 48 sondern
618 3531 108 39 setzt
766 3523 90 49 sich
894 3525 42 45 in
979 3523 70 50 die
1078 3525 150 48 Classe
1265 3525 260 64 derjenigen
1556 3525 154 56 hinab,

213 3597 168 48 welche
420 3597 71 48 die
528 3615 133 32 saure
703 3598 91 47 und
833 3598 295 50 undankbare
1157 3601 158 47 Arbeit
1343 3600 370 64 gewissenhafter

214 3672 305 50 Redactionen
547 3691 84 32 von
663 3676 250 62 Zeitungen
941 3676 120 49 nicht
1088 3692 52 31 zu
1169 3677 234 64 würdigen
1434 3677 158 47 wissen
1622 3676 90 48 und

218 3748 76 46 mit
322 3749 141 49 einem
493 3751 104 48 sehr
625 3752 62 47 oft
726 3751 221 63 geradezu
978 3752 296 48 lächerlichen
1303 3753 145 49 Stolze
1476 3752 144 48 durch
1648 3753 43 47 af-

219 3823 166 48 fective
414 3826 108 48 oder
550 3827 228 48 wirkliche
807 3827 394 65 Nichtbeachtung
1235 3845 83 31 von
1360 3829 327 64 „Zeitungs-Ar-

421 3902 89 48 und
1116 3922 52 31 zu
1196 3907 306 47 renommiren
1531 3906 183 48 suchen.

334 3977 133 47 Hätte
504 3979 118 47 Herr
656 3996 37 30 v.
722 3981 315 47 Sonnleithner
1459 3981 81 49 der
1581 3982 99 48 Ver-

221 4052 298 65 anlassung
556 4053 75 50 des
660 4056 192 47 Artikels
877 4057 45 46 in
954 4072 185 33 unserer
1166 4057 90 48 Nr.
1286 4057 71 48 24
1393 4058 321 64 nachzugehen

1837 252 1 18 '
1860 252 2 18 ,
1916 262 10 8 *
1950 259 13 11 k
2088 259 30 11 nK:
2144 256 26 14 J*
2217 252 1 18 '
2244 258 26 12 iOf
2302 258 15 12 .4.
2333 256 14 12 &
2438 252 4 18 .
2529 252 4 18 '■
2542 258 7 7 ■'
2569 264 8 6 M
2579 252 2 18 .
2613 254 21 14 -i'
2706 252 15 17 >
2880 252 9 13 »'
2900 252 14 14 V
3064 252 3 18 '

2003 260 24 32 ¥
2031 271 40 44 jßi
2086 259 33 54 |p
2138 261 33 51 jjp
2185 259 34 48 ip
2859 272 15 33 i.
2903 263 14 47 f
2921 297 9 7 v
3005 259 2 56 ~
3017 275 47 35 ss£

1785 327 110 65 (was
1923 343 48 32 er
1999 326 120 48 nicht
2154 326 184 64 gethan,
2381 326 208 50 wiewohl
2627 326 83 48 auf
2746 324 194 50 dieselbe
2982 324 276 50 ausdrück-

1784 403 107 47 lich
1921 402 242 47 verwiesen
2192 400 110 65 ist!),
2330 417 50 33 so
2409 400 157 49 würde
2594 418 50 31 er
2667 402 44 48 in
2740 417 187 32 unserer
2953 402 90 47 Nr.
3072 400 190 65 22gele-

1783 496 76 30 sen
1890 478 170 48 haben:
2100 479 237 54 „Berlioz's
2359 478 293 63 Aeusserung
2679 494 106 46 mag
2814 478 118 47 wohl
2963 494 53 31 zu
3045 477 85 48 den
3162 494 96 31 man-

1783 554 237 65 nigfachen
2050 553 269 49 Anekdoten
2348 554 218 64 gehören,
2602 553 71 48 die
2714 553 80 48 auf
2817 553 254 63 Rechnung
3109 569 179 47 grosser

1783 632 189 45 Männer
2011 635 167 58 gesetzt
2220 628 198 49 werden.
2469 629 101 47 Von
2612 628 342 48 französischem
3201 628 91 47 und

1785 707 298 48 Witzworten
2131 721 95 34 war
2264 705 295 50 Beethoven's
2599 705 148 49 Natur
2787 704 119 47 wohl
2947 704 201 47 ziemlich
3191 704 104 47 weit

1769 757 28 24 U.
1808 757 3 24 '
1851 757 10 21 /
1940 762 15 4 -
2073 773 8 8 .
2128 763 7 13 '■
2145 757 849 24 ••

2038 783 164 45 —Das
2231 780 202 48 beweis't
2460 780 118 48 denn
2607 780 113 48 doch
2751 780 120 47 wohl
2900 779 196 48 deutlich
3125 797 169 48 genug,

1783 874 86 31 nur
1896 858 44 47 in
1970 865 137 42 etwas
2137 855 193 50 anderer
2357 858 157 54 Form,
2554 855 100 48 dass
2695 856 82 47 wir
2819 855 114 47 eben
2974 869 50 33 so
3062 856 105 47 sehr
3210 855 85 47 wie

1783 934 122 47 Herr
1945 949 36 32 v.
2020 933 318 47 Sonnleithner
2386 931 71 50 die
2500 930 638 65 Charakter-Schilderungen
3179 930 114 48 nach

1783 1009 268 48 Anekdoten
2080 1008 306 49 verdammen.

1896 1086 146 47 Hiller
2071 1085 78 47 hat
2177 1085 222 48 natürlich
2436 1100 111 49 ganz
2837 1082 116 49 über
2978 1082 122 49 seine
3129 1082 137 49 Unter-

1784 1162 188 64 haltung
2001 1161 79 47 mit
2107 1162 117 47 Paer
2265 1161 237 55 berichtet,
2544 1160 90 48 und
2669 1175 46 32 es
2744 1160 55 47 ist
2833 1157 310 50 selbstredend
3174 1157 120 49 nicht

1783 1237 140 49 daran
1950 1255 53 31 zu
2032 1236 217 59 zweifeln,
2285 1237 100 47 dass
2413 1239 117 45 Paer
2564 1253 65 39 so,
2672 1236 84 47 wie
2793 1235 146 47 Hiller
2973 1235 184 56 erzählt,
3199 1234 91 47 sich

1783 1319 231 59 geäussert
2036 1314 88 47 hat.
2155 1314 156 48 Wenn
2335 1312 141 49 daher
2498 1314 123 47 Herr
2649 1329 38 32 v.
2711 1311 318 48 Sonnleithner
3058 1311 79 47 mit
3166 1325 101 50 gros-

1782 1406 77 32 sen
1887 1392 184 46 Lettern
2100 1389 200 53 drucken
2331 1390 125 47 lässt:

1906 1461 105 60 „An
2053 1465 98 48 der
2189 1481 210 49 ganzen
2442 1463 325 64 Erzählung
2805 1463 68 47 ist
2917 1463 123 47 kein
3078 1461 216 49 wahres

1782 1634 47 31 so
1855 1618 56 47 ist
1938 1635 46 30 es
2013 1617 258 48 hoffentlich
2307 1616 169 48 wieder
2516 1632 86 31 nur
2643 1615 80 48 der
2744 1616 137 47 Form
2926 1612 367 55 zuzuschreiben,

1780 1693 101 49 dass
1923 1711 48 31 er
2011 1693 200 65 vergisst,
2254 1711 52 29 zu
2348 1709 164 47 sagen:
2570 1693 99 55 „An
2712 1691 82 48 der
2832 1707 169 49 ganzen
3030 1690 260 63 Erzählung

1780 1767 160 53 Paer's
1968 1772 55 46 ist
2052 1771 99 47 kein
2182 1771 176 47 wahres

1895 1847 278 48 Schliesslich
2203 1864 85 31 nur
2316 1846 113 48 noch
2460 1844 155 49 dieses.
2649 1844 107 49 Wir
2785 1843 164 48 hielten
2979 1860 46 31 es
3057 1843 75 47 für
3154 1841 112 48 wich-

1780 1922 79 66 tig,
1882 1922 70 49 die
1973 1924 294 63 Aeusserung
2288 1922 121 48 eines
2431 1921 337 48 Schriftstellers
2785 1921 85 47 wie
2886 1919 173 49 Berlioz
3081 1919 44 47 in
3148 1918 146 48 einem

1782 2016 48 30 so
1858 2001 237 63 gelesenen
2118 1999 189 49 Journal
2337 1998 85 47 wie
2445 1997 71 48 die
2740 2015 54 29 zu
2824 1996 221 48 beachten
3074 1994 92 49 und
3196 2010 66 31 un-

1783 2092 161 32 seren
1972 2076 234 47 Zweifel
2243 2091 62 32 an
2344 2074 98 49 der
2469 2073 349 64 Richtigkeit
2860 2072 93 48 der
2982 2069 314 50 Thatsache

1784 2152 357 62 auszusprechen
2171 2149 97 65 (Nr.
2298 2151 89 54 22,
2415 2151 45 47 S.
2497 2148 137 64 173).
2676 2149 127 47 Nach
2833 2147 221 48 Abdruck
3081 2163 85 31 von
3195 2145 80 47 Ilil-

1783 2229 100 46 ler's
1925 2227 287 63 Mittheilung
2253 2234 160 56 sagten
2451 2225 84 47 wir
2578 2224 147 48 ferner
2766 2223 60 65 (in
2856 2225 79 46 Nr.
2965 2224 89 55 24,
3090 2224 44 46 S.
3170 2222 124 63 191)

1783 2321 112 47 ganz
1924 2303 198 48 einfach:
2182 2304 87 55 „Es
2312 2303 117 63 fragt
2469 2302 91 47 sich
2602 2318 116 31 nun:
2765 2300 155 49 Wann
2951 2298 158 49 wurde
3146 2300 149 46 Paer's

1784 2382 210 47 Leonora
2023 2378 293 66 geschrieben
2347 2378 90 48 und
2474 2378 56 48 in
2560 2378 160 48 Wien
2762 2377 86 48 bei
2889 2375 407 50 Anwesenheit

1783 2458 185 47 Paer's

1895 2533 114 47 Jetzt
2050 2532 156 63 fragen
2241 2532 107 47 wir:
2391 2530 202 49 Warum
2632 2529 80 47 hat
2748 2529 122 47 Herr
2908 2544 34 32 v.
2978 2526 318 50 Sonnleithner

1783 2626 80 31 aus
1891 2609 166 47 seinem
2081 2608 291 48 schätzbaren
2394 2606 165 49 Archiv
2589 2622 163 31 unsere
2773 2606 152 65 Frage
2953 2605 123 48 nicht
3102 2603 117 49 eben
3246 2618 48 33 so

1782 2685 191 56 einfach,
2004 2685 84 47 wie
2116 2685 83 46 wir
2225 2685 62 47 sie
2316 2684 187 64 gethan,
2531 2683 329 48 beantwortet?

2318 2955 439 54 Beurtheilungen.

1898 3111 177 48 Ernst
2103 3109 212 56 Reiter,
2343 3109 112 47 Das
2483 3126 137 32 neue
2649 3108 287 50 Paradies.
2966 3108 326 50 Oratorium

2014 3186 116 48 nach
2164 3184 194 49 Worten
2387 3184 80 49 der
2498 3184 193 65 heiligen
2720 3184 179 49 Schrift.
2942 3186 70 47 Sr.
3040 3186 59 47 K.
3128 3186 170 47 Hoheit

2014 3262 102 48 dem
2141 3261 307 66 Grossherzog
2474 3261 232 48 Friedrich
2732 3278 83 31 von
2838 3261 155 48 Baden
3017 3262 280 63 zugeeignet.

2015 3339 89 64 Op.
2140 3338 81 48 12.
2250 3339 148 55 Basel,
2427 3339 56 47 A.
2512 3337 203 51 Hunold.
2753 3338 198 65 Leipzig,
2982 3338 174 48 Friedr.
3184 3337 86 48 Hof-

2015 3415 193 47 meister.
2251 3414 385 65 Ciavier-Auszug
2666 3414 124 47 Preis
2820 3414 30 48 8
2883 3414 123 48 Thlr.
3050 3414 221 48 Chorstim-

2015 3508 102 33 men
2147 3492 125 50 Preis
2301 3492 32 47 2
2365 3492 125 48 Thlr.

1902 3601 155 47 Dieses
2089 3600 147 48 Werk
2273 3600 53 47 ist
2362 3600 99 47 eine
2500 3597 337 65 merkwürdige
2866 3596 315 63 Erscheinung
3224 3596 74 48 auf

1784 3676 102 49 dem
1930 3676 188 49 Gebiete
2159 3676 79 48 der
2279 3676 338 48 musicalischen
2659 3676 247 57 Literatur,
2949 3673 123 47 nicht
3113 3672 99 48 weil
3255 3689 46 31 es

1785 3761 119 41 etwa
1931 3753 86 47 den
2041 3753 123 47 Geist
2192 3752 80 48 der
2300 3752 98 47 Zeit
2424 3751 92 48 und
2547 3751 84 48 den
2664 3751 254 48 Charakter
2946 3749 81 47 der
3050 3747 224 66 jungdeut-

1785 3829 135 49 schen
1948 3829 166 49 Schule
2144 3828 373 65 wiederspiegelt,
2558 3827 111 49 oder
2697 3843 99 47 gar,
2839 3826 100 48 weil
2975 3842 46 31 es
3058 3826 98 48 eine
3184 3841 117 32 neue

1787 3907 128 48 Bahn
1957 3907 147 47 bricht
2147 3904 110 50 oder
2300 3906 273 63 umgekehrt
2613 3904 122 49 Bach
2785 3903 90 48 und
2920 3901 176 50 Händel
3138 3902 160 63 copirt,

1785 3983 195 50 sondern
2022 3983 99 47 weil
2163 3998 45 31 es
2250 3981 71 49 die
2367 3981 272 48 melodische
2688 3979 328 50 Schreibweise
3059 3978 240 66 populärer

1787 4058 527 64 Lieder-Componisten,
2362 4058 152 47 Herrn
2558 4057 339 63 Capellmeistcr
2932 4054 148 49 Proch
3124 4070 56 33 an
3220 4052 81 49 der
