2898 3048
1547 2472 46 35 50

730 617 406 44 Monumentalbaues,
1161 619 71 35 wie
1258 620 52 34 sie
1334 618 127 38 diesen
1482 621 220 39 Gerüchten
1726 622 148 50 zufolge
1897 622 250 51 beabsichtigt
2172 621 105 44 wird,
2297 630 109 29 unter

728 667 139 38 keinen
890 668 244 38 Umständen
1153 683 46 22 zu
1219 679 199 40 gestatten.

832 719 72 37 Die
917 719 129 44 Stelle,
1062 720 57 37 die
1130 720 182 37 zunächst
1327 720 156 39 berufen
1494 727 110 40 wäre,
1621 726 125 34 einem
1758 723 154 38 solchen
1926 725 265 38 barbarischen
2199 723 208 40 Vorhaben

732 770 157 37 Einhalt
908 785 45 22 zu
972 781 82 33 tun,
1079 770 57 38 die
1157 770 267 39 Kommission
1447 787 64 22 zur
1532 774 218 49 Erhaltung
1770 775 62 37 der
1852 775 300 45 Baudenkmale,
2176 776 116 37 bietet
2310 774 97 37 ihrer

731 836 145 34 ganzen
899 820 197 50 Tätigkeit
1124 821 98 37 nach
1249 820 112 38 leider
1388 821 111 39 keine
1522 823 168 39 Gewähr
1717 825 59 37 für
1803 825 73 38 den
1903 825 141 39 Schutz
2074 827 118 37 dieses
2218 825 188 39 Kleinods

730 886 119 34 gegen
872 870 318 38 kunstfeindliche
1215 871 222 40 Absichten.
1464 874 148 38 Beweis
1641 875 150 44 dessen,
1816 875 72 39 daß
1918 878 69 36 seit
2010 892 196 34 geraumer
2230 878 87 36 Zeit
2341 875 67 39 alle

731 922 497 50 Restaurierungsarbeiten,
1247 937 78 23 von
1341 923 123 38 denen
1483 926 53 36 sie
1554 929 35 44 ja
1608 925 197 38 Kenntnis
1825 926 125 38 haben
1969 926 105 44 muß,
2095 930 39 34 in
2155 927 253 38 Neuherstel'

729 972 143 50 lungen
897 983 188 28 ausarten.

835 1024 74 36 Die
929 1024 172 38 Freunde
1124 1024 63 37 der
1209 1024 298 50 Umgestaltung
1531 1026 63 37 des
1621 1026 148 38 Portals
1787 1028 154 37 werden
1963 1027 181 44 betonen,
2169 1028 73 38 daß
2267 1044 38 22 es
2330 1029 78 37 sich

729 1075 55 36 im
804 1074 267 50 vorliegenden
1093 1074 103 38 Falle
1215 1077 35 45 ja
1270 1074 133 50 gerade
1422 1090 66 22 um
1508 1076 58 38 die
1586 1077 246 50 Entfernung
1856 1079 101 36 einer
1981 1077 154 38 solchen
2156 1079 252 38 Neuherstel'

730 1124 103 50 lung,
848 1140 116 22 wenn
985 1126 95 36 auch
1100 1127 101 35 einer
1217 1124 119 38 schon
1352 1125 84 37 sehr
1451 1126 112 45 alten,
1579 1143 68 22 um
1663 1128 57 38 die
1737 1128 246 50 Beseitigung
1998 1128 64 37 des
2077 1143 46 22 zu
2139 1129 86 37 dem
2240 1132 144 36 romani-

732 1175 115 37 schen
854 1176 129 38 Portal
995 1180 125 45 später
1130 1175 403 50 hinzugekommenen
1543 1179 217 38 vordersten
1772 1179 197 49 gotischen
1980 1178 155 50 Bogens
2145 1179 177 45 nämlich,
2330 1181 78 37 und

732 1241 67 22 um
828 1227 57 37 die
914 1226 390 50 Wiederherstellung
1335 1227 65 37 des
1433 1228 196 50 angeblich
1660 1228 314 50 ursprünglichen
2009 1228 216 39 Zustandes
2258 1230 150 39 handle.

732 1277 83 37 Wir
831 1278 194 43 erwidern,
1041 1277 72 38 daß
1130 1278 116 37 dieser
1262 1287 96 27 erste
1373 1279 167 48 gotische
1556 1279 135 51 Bogen
1706 1295 46 22 zu
1768 1279 185 51 gotischer
1970 1279 87 38 Zeit
2073 1280 239 44 entstanden,
2328 1281 79 38 also

733 1328 84 36 echt
843 1330 60 42 ist,
932 1328 79 38 und
1038 1328 130 37 halten
1196 1328 121 44 dafür,
1347 1328 72 37 daß
1452 1330 94 36 auch
1578 1346 49 21 an
1656 1331 117 37 dieser
1804 1330 118 39 Stelle
1955 1332 61 34 ein
2048 1329 145 37 echter
2227 1331 182 49 gotischer

734 1378 136 49 Bogen
889 1380 125 36 einem
1029 1378 114 38 heute
1157 1378 337 45 herzustellenden,
1515 1383 116 35 somit
1650 1381 275 50 gefälschten
1944 1380 312 44 „romanischen”
2274 1381 135 50 Bogen

732 1429 249 37 vorzuziehen
1002 1432 61 34 sei.

834 1480 84 36 Wir
942 1481 84 36 sind
1054 1482 39 35 in
1119 1480 61 38 der
1210 1480 112 50 Lage,
1349 1480 118 37 Eurer
1493 1481 202 37 Exzellenz
1726 1481 356 37 Aufmerksamkeit
2110 1481 68 37 auf
2205 1483 111 35 einen
2349 1498 60 34 ge'

732 1530 203 50 wichtigen
956 1531 312 38 Gewährsmann
1291 1531 58 37 für
1369 1531 59 37 die
1448 1531 229 49 Richtigkeit
1697 1546 152 22 unserer
1874 1532 313 50 Anschauungen
2206 1531 138 39 lenken
2364 1548 45 22 zu

732 1581 171 45 können,
923 1582 68 38 auf
1000 1582 117 50 John
1138 1581 184 45 Ruskin,
1342 1586 63 33 der
1423 1582 40 36 in
1479 1582 63 36 der
1552 1581 67 38 VI.
1631 1581 259 51 Betrachtung
1905 1584 121 36 seiner
2042 1582 167 44 „Sieben
2225 1582 185 38 Leuchter

733 1633 62 37 der
815 1632 226 38 Baukunst”
1062 1632 176 51 folgende
1257 1632 180 38 herrliche
1455 1632 136 38 Worte
1611 1632 157 49 spricht:

837 1684 99 43 „Die
951 1694 238 40 sogenannte
1205 1685 295 47 Restaurierung
1514 1684 48 36 ist
1578 1682 58 38 die
1652 1681 235 39 schlimmste
1902 1683 72 37 Art
1993 1683 63 38 der
2076 1684 238 52 Zerstörung
2333 1701 77 24 von

733 1734 250 39 Bauwerken.
1003 1736 138 37 Weder
1165 1751 92 22 vom
1276 1734 220 44 Publikum,
1519 1733 102 38 noch
1639 1749 77 23 von
1737 1735 134 44 denen,
1897 1735 113 37 deren
2031 1735 140 40 Obhut
2194 1736 57 40 die
2275 1738 135 38 öffent'

732 1784 122 38 liehen
874 1786 307 38 Baudenkmäler
1205 1796 217 28 anvertraut
1450 1785 95 44 sind,
1569 1786 93 37 wird
1692 1786 56 37 die
1774 1785 128 38 wahre
1920 1786 228 53 Bedeutung
2172 1788 64 39 des
2255 1789 155 39 Wortes

732 1836 409 51 ,Wiederherstellung'
1167 1837 332 49 (Restaurierung)
1523 1836 238 38 verstanden.
1795 1836 130 38 Heute
1952 1837 176 40 bedeutet
2156 1842 52 36 sie
2236 1841 58 38 die
2317 1839 93 40 voll'

733 1887 208 50 ständigste
969 1888 249 49 Zerstörung,
1247 1890 82 34 eine
1360 1887 252 50 Zerstörung,
1641 1903 67 22 aus
1737 1888 62 38 der
1826 1887 111 39 keine
1965 1888 259 41 Bruchstücke
2253 1901 157 40 gerettet

732 1939 152 36 werden
898 1938 171 45 können,
1089 1954 77 23 von
1182 1941 101 35 einer
1297 1938 169 38 falschen
1475 1938 248 51 Vorstellung
1737 1939 65 38 des
1820 1944 208 34 zerstörten
2038 1941 161 38 Werkes
2218 1941 191 49 begleitet;

732 1988 118 38 falsch
865 1989 96 37 auch
975 1991 40 36 in
1027 1992 100 35 einer
1138 1989 302 50 parodistischen
1450 1990 139 44 Weise,
1602 1990 58 38 die
1669 1990 476 40 verabscheuenswerteste
2157 1992 87 38 aller
2256 1991 154 39 Falsch'

732 2040 138 39 heiten.
891 2040 207 38 Täuschen
1117 2043 68 35 wir
1205 2056 73 22 uns
1298 2040 97 39 doch
1413 2040 104 38 nicht
1537 2040 90 39 über
1647 2041 128 38 diesen
1792 2042 204 51 wichtigen
2015 2043 147 39 Punkt;
2187 2059 38 22 es
2245 2046 49 35 ist
2315 2058 94 35 ganz

732 2090 268 50 unmöglich,
1025 2106 43 23 so
1088 2091 222 50 unmöglich
1329 2094 71 34 wie
1424 2092 58 37 die
1500 2092 133 38 Toten
1659 2108 45 22 zu
1729 2093 207 46 erwecken,
1958 2095 132 50 irgend
2114 2105 118 28 etwas
2256 2095 154 37 wieder'

732 2140 260 46 herzustellen,
1022 2142 64 38 das
1114 2142 133 48 jemals
1276 2142 93 50 groß
1397 2143 89 38 oder
1511 2143 118 38 schön
1656 2145 41 36 in
1726 2144 62 38 der
1812 2144 203 39 Baukunst
2043 2161 175 34 gewesen
2240 2147 60 37 ist.
2328 2145 81 37 Das

734 2192 129 37 Leben
880 2194 63 36 des
961 2193 173 45 Ganzen,
1154 2194 63 37 der
1234 2193 121 46 Geist,
1375 2194 63 38 der
1451 2210 71 22 nur
1538 2195 115 38 durch
1673 2196 57 37 die
1746 2195 121 39 Hand
1886 2196 79 37 und
1985 2196 65 37 das
2066 2197 112 49 Auge
2197 2196 64 37 des
2276 2195 133 38 Arbei'

731 2253 74 28 ters
826 2244 224 50 übertragen
1069 2244 105 45 wird,
1193 2244 106 39 kann
1317 2244 160 39 niemals
1497 2246 137 38 wieder
1653 2246 297 51 zurückgerufen
1969 2247 164 38 werden.
2154 2247 76 36 Ein
2255 2247 154 36 anderer

733 2294 111 39 Geist
866 2311 91 35 mag
981 2295 115 38 durch
1119 2298 82 35 eine
1225 2297 137 38 andere
1387 2297 86 37 Zeit
1498 2297 167 50 gegeben
1684 2298 152 38 werden
1860 2299 79 36 und
1963 2298 104 37 dann
2085 2300 50 35 ist
2154 2312 38 22 es
2212 2299 61 34 ein
2293 2311 116 22 neues
