2376 3805
1190 3281 92 45 121

434 317 276 72 KEEP
757 323 293 72 YOUR
1095 328 269 74 FACE
1407 334 136 70 TO
1587 337 219 71 THE
1853 341 204 71 SUN

376 497 197 80 Keep
613 518 181 59 your
835 504 155 64 face
1031 511 75 58 to
1148 511 119 61 the
1310 531 152 43 sun.
1552 517 101 59 As
1696 518 120 61 the
1862 521 137 79 day
2041 541 159 59 goes

289 584 205 63 down
540 588 101 63 let
687 609 179 58 your
914 595 202 62 cheer
1166 616 86 59 go
1299 619 116 59 up.
1512 605 145 62 The
1707 609 493 64 reminiscence

287 673 73 59 of
399 675 119 62 the
556 676 184 77 light
776 680 148 61 will
962 684 143 61 last
1141 686 309 80 through
1487 691 121 62 the
1648 694 355 64 darkness.
2091 701 109 60 Do

286 766 125 56 not
454 765 163 61 lean
659 785 192 60 upon
893 772 191 60 what
1126 793 140 57 you
1310 779 270 61 absorb.
1672 784 296 77 Depend
2011 805 189 61 upon

286 850 193 62 what
513 872 140 55 you
687 855 279 63 bestow.
1051 860 188 62 Meet
1275 864 120 62 the
1432 869 348 62 sufficient
1818 877 382 75 noonglare

284 938 176 61 with
513 959 42 42 a
606 943 377 77 haughtier
1035 946 503 69 illumination.
1641 958 110 61 Do
1804 964 126 57 not
1985 964 215 78 reject

287 1044 279 46 sorrow.
653 1032 111 59 Do
799 1037 125 57 not
964 1035 165 61 shut
1163 1056 179 57 your
1380 1042 170 61 door
1585 1043 77 61 in
1698 1045 96 61 its
1832 1049 171 63 face.
2090 1053 74 60 In-

283 1114 145 64 vite
467 1117 61 61 it
567 1118 94 62 in.
749 1122 210 62 Make
997 1123 61 62 it
1097 1126 136 62 feel
1275 1132 75 57 at
1392 1131 217 62 home.
1700 1136 143 62 The
1882 1138 203 62 heart
2123 1141 76 61 in

283 1203 230 61 which
552 1225 264 44 sorrow
852 1209 62 61 is
956 1230 90 42 an
1087 1213 187 62 alien
1314 1217 244 62 misses
1597 1219 97 63 its
1735 1228 182 58 most
1957 1231 242 58 sacred

284 1296 268 59 tenant.
646 1298 160 61 You
848 1298 150 62 will
1045 1306 124 57 not
1218 1307 198 60 make
1464 1326 264 46 sorrow
1771 1313 120 61 the
1938 1321 262 57 master

286 1382 74 60 of
383 1382 121 62 the
528 1385 234 62 house.
835 1388 148 61 But
1008 1409 140 57 you
1172 1392 147 61 will
1345 1393 283 65 include
1657 1416 264 47 sorrow
1947 1421 252 63 among

283 1487 179 59 your
510 1476 256 72 guests.
863 1477 144 61 The
1054 1486 301 71 purport
1403 1485 74 58 of
1521 1486 120 61 the
1686 1487 216 65 house
1949 1491 62 61 is
2057 1495 137 78 joy.

286 1559 143 62 The
472 1566 302 73 purport
818 1565 75 60 of
932 1566 119 61 the
1095 1569 215 62 house
1352 1570 64 61 is
1458 1573 260 63 health.
1811 1580 143 61 The
1997 1584 201 60 earth

284 1665 164 59 may
485 1667 166 58 pass
689 1650 155 64 into
885 1670 42 42 a
966 1655 224 62 cloud.
1280 1659 147 61 But
1468 1661 119 61 the
1624 1670 304 73 purport
1968 1669 74 60 of
2080 1672 118 59 the

284 1736 203 60 earth
526 1736 62 61 is
627 1743 127 57 not
794 1740 118 62 the
955 1743 223 62 cloud.
1270 1745 264 80 Things
1575 1768 86 59 go
1700 1769 261 63 wrong.
2051 1758 146 62 But

282 1824 119 61 the
425 1832 304 72 purport
755 1830 74 59 of
851 1830 241 78 things
1115 1833 62 60 is
1205 1833 207 79 right.
1489 1839 157 61 You
1672 1858 110 45 see
1804 1842 389 80 injustices.

286 1914 156 60 You
481 1932 111 44 see
628 1915 298 64 victims.
1013 1922 159 61 You
1211 1941 110 43 see
1360 1926 442 77 shipwrecks.
1892 1933 149 61 But
2080 1936 118 61 the

282 2006 303 72 purport
632 2004 74 60 of
752 2006 407 77 experience
1205 2009 62 60 is
1318 2011 542 85 righteousness,
1914 2021 248 62 deliver-

283 2107 189 60 ance,
515 2092 369 63 salvation.
971 2096 111 61 No
1122 2102 260 59 matter
1418 2102 230 61 which
1686 2122 158 61 way
1882 2108 37 59 I
1958 2108 163 63 look
2161 2112 37 59 I

280 2178 172 79 keep
482 2181 121 61 the
636 2201 132 42 sun
799 2183 76 61 in
905 2204 117 58 my
1051 2187 171 61 face.
1304 2190 169 61 Just
1505 2209 76 43 as
1611 2194 270 78 though
1911 2197 287 80 looking

279 2267 155 62 into
460 2270 143 61 hell
628 2272 37 57 I
692 2274 170 76 keep
890 2274 263 61 heaven
1178 2276 78 60 in
1282 2296 117 59 my
1423 2280 171 61 face.
1627 2281 170 62 Just
1825 2302 77 43 as
1929 2286 268 79 though

280 2357 287 78 looking
614 2364 77 56 at
736 2362 275 77 cruelty
1055 2365 37 57 I
1139 2365 171 77 keep
1356 2366 335 65 kindness
1736 2370 79 62 in
1860 2392 116 59 my
2020 2375 172 62 face.

283 2445 169 61 Just
484 2464 77 42 as
590 2448 270 77 though
889 2450 286 79 looking
1206 2456 75 58 at
1310 2454 120 62 the
1462 2458 313 77 struggle
1806 2460 38 60 I
1874 2462 172 78 keep
2076 2464 121 61 the

280 2534 276 79 victory
604 2535 78 61 in
734 2556 117 58 my
900 2539 170 61 face.
1169 2543 39 58 I
1261 2561 114 43 am
1423 2544 315 66 haunted
1787 2549 175 62 with
2011 2571 148 59 pres-

282 2639 200 45 ences
522 2623 230 61 which
795 2643 152 43 arm
989 2646 107 43 me
1135 2629 174 61 with
1350 2651 227 58 peace.
1670 2637 220 62 There
1931 2638 64 61 is
2036 2641 155 59 evil.

279 2709 130 62 We
437 2713 166 58 cant
632 2713 283 76 explain
941 2714 77 61 it.
1097 2717 147 61 But
1272 2718 198 64 there
1496 2721 62 61 is
1589 2724 198 79 good,
1818 2728 136 60 too.
2030 2730 164 62 And

279 2815 104 44 we
434 2802 169 57 cant
651 2801 285 76 explain
987 2806 194 75 good.
1282 2807 39 60 I
1374 2808 88 61 do
1512 2813 127 59 not
1688 2812 171 62 wait
1910 2815 113 62 for
2075 2817 119 61 the

283 2886 323 62 universe
640 2891 75 58 to
752 2890 283 77 explain
1070 2891 215 63 itself.
1370 2897 144 60 For
1548 2898 154 63 love
1735 2904 76 58 to
1849 2920 216 60 argue
2100 2905 96 61 its

284 2992 176 45 case.
566 2977 253 76 Maybe
876 2980 119 61 the
1054 2981 324 63 universe
1435 2990 168 57 cant
1658 2989 84 61 be
1801 2991 391 78 explained.

279 3064 253 76 Maybe
571 3065 153 62 love
764 3071 165 57 cant
968 3070 82 61 be
1091 3074 264 73 argued
1397 3075 230 61 about.
1714 3079 187 79 Why
1942 3080 252 65 should

282 3152 35 58 I
367 3155 131 74 put
547 3154 324 76 question
921 3158 236 60 marks
1204 3159 153 62 into
1406 3163 119 59 the
1575 3164 128 77 sky
1749 3164 76 61 in
1873 3168 199 76 place
2122 3171 74 60 of
