2376 3805
388 232 620 122 CHANTS
1105 232 904 122 COMMUNAL

849 393 71 49 By
951 393 267 41 HORACE
1247 395 301 42 TRAUBEL

199 460 189 48 Boards,
427 459 125 49 $l.OO
588 465 91 34 net.
1514 461 158 47 Paper,
1714 474 52 36 30
1806 466 129 35 cents
1973 461 225 47 postpaid.

311 524 328 47 Inspirational
685 535 134 35 prose
865 523 150 48 pieces
1061 523 112 41 fired
1220 526 61 47 by
1325 526 341 50 revolutionary
1712 526 207 40 idealism
1966 527 88 39 and
2100 538 99 35 pro-

194 574 247 47 phetically
487 573 148 40 subtle
678 574 47 37 in
770 573 118 40 their
931 572 161 41 vision.
1169 574 95 40 The
1307 574 110 48 high
1460 582 171 33 esteem
1676 575 47 39 in
1768 576 149 39 which
1960 575 241 40 Traubel's

193 624 126 39 work
352 623 39 40 is
425 623 105 39 held
559 622 39 39 is
632 622 198 40 attested
865 622 59 48 by
960 622 76 39 the
1070 622 233 50 following
1337 626 194 39 unusual
1569 625 418 40 commendations:

308 688 199 39 Mildred
547 687 141 39 Bain:
884 686 190 41 'Chants
1118 687 281 42 Communal'
1443 703 64 26 we
1548 691 114 38 have
1705 702 123 28 some
1871 690 47 40 of
1960 690 76 41 the
2078 697 122 33 most

194 737 296 48 magnificent
530 743 162 41 poetry
732 736 149 40 which
921 737 82 39 has
1045 749 106 27 ever
1190 738 322 47 accompanied
1554 752 26 27 a
1620 737 190 41 historic
1851 747 260 33 movement
2152 739 47 39 of

195 787 207 47 thought.
467 786 147 40 These
648 797 139 35 songs
817 798 105 34 may
955 786 100 39 well
1089 786 54 40 be
1177 788 173 39 termed
1386 787 255 47 scriptural.
1707 788 127 46 They
1870 800 74 27 are
1979 789 75 39 the
2088 800 110 34 very

192 838 131 37 heart
357 835 105 40 beat
495 835 46 39 of
576 834 251 47 humanity.
895 834 120 40 Such
1051 835 218 47 powerful
1305 835 329 49 exhortations,
1673 837 112 38 such
1819 836 182 47 fiercely
2039 837 160 40 tender

193 884 238 48 pleadings
466 896 74 28 are
572 883 48 39 in
654 884 136 39 them.
855 884 127 47 They
1015 896 75 27 are
1126 884 215 47 religious
1373 886 46 38 in
1453 886 74 40 the
1563 886 200 47 deepest,
1800 884 215 40 broadest
2050 898 143 26 sense.

197 934 150 47 Every
384 945 84 27 one
507 933 47 38 of
590 933 124 40 them
749 933 39 39 is
826 945 25 28 a
888 933 85 40 call
1010 940 46 33 to
1095 933 74 40 the
1207 933 161 47 higher
1406 934 83 39 self
1527 934 46 39 in
1611 947 130 33 man;
1782 933 39 39 is
1858 931 192 42 instinct
2088 933 109 40 with

193 983 75 40 the
297 982 351 41 consciousness
675 981 47 40 of
749 981 76 40 the
855 981 267 40 sacredness
1153 983 46 38 of
1226 982 75 41 life
1331 983 47 38 in
1405 983 60 40 its
1493 984 171 39 human
1691 982 247 47 every-day

319 1048 120 38 Jack
486 1047 212 39 London:
934 1046 39 40 is
1021 1047 75 40 the
1144 1048 149 40 vision
1341 1048 46 39 of
1434 1048 75 40 the
1558 1054 107 40 poet
1711 1047 89 40 and
1850 1047 76 40 the
1975 1045 128 41 voice
2152 1045 46 40 of

192 1097 75 40 the

307 1162 191 46 Eugene
533 1161 53 40 V.
620 1161 147 39 Debs:
1098 1161 39 40 is
1174 1176 25 26 a
1232 1161 306 47 philosopher,
1575 1175 24 26 a
1633 1168 119 40 poet,
1791 1160 88 39 and
1916 1174 24 27 a
1975 1159 220 49 prophet;

192 1212 55 39 he
289 1211 82 39 has
409 1210 232 47 produced
681 1223 24 27 a
745 1211 180 39 volume
967 1209 46 40 of
1052 1211 243 55 literature;
1295 1211 128 40 —the
1463 1210 237 40 literature
1742 1209 47 40 of
1829 1209 77 40 life
1947 1209 90 40 and
2080 1211 116 42 love,

192 1260 47 40 of
270 1260 202 40 freedom
503 1260 88 38 and
622 1258 90 48 joy,
747 1260 87 40 and
867 1259 47 39 of
943 1258 229 41 universal
1205 1258 140 40 social

305 1310 223 37 Clarence
559 1309 214 38 Darrow:
1088 1308 196 39 Traubel
1313 1310 37 37 is
1383 1309 110 39 both
1523 1322 24 25 a
1577 1314 106 41 poet
1713 1307 88 41 and
1832 1321 24 26 a
1886 1306 307 48 philosopher.

193 1359 73 38 No
308 1370 85 27 one
437 1370 85 27 can
564 1370 80 34 say
686 1356 223 49 anything
952 1364 76 33 too
1072 1357 120 47 good
1234 1357 139 40 about
1414 1357 92 38 him
1549 1370 50 25 or
1640 1356 71 39 his

319 1422 179 45 George
534 1423 53 38 D.
626 1423 199 37 Herron:
1010 1422 39 38 is
1088 1434 25 26 a
1151 1422 120 38 book
1310 1421 46 40 of
1394 1421 75 39 the
1509 1420 183 47 highest
1728 1420 131 39 value
1902 1418 87 41 and
2027 1418 168 45 beauty

190 1472 100 40 that
330 1472 183 38 Horace
555 1470 197 40 Traubel
792 1482 220 36 proposes
1052 1476 46 34 to
1114 1518 7 7 #
1140 1470 101 46 give
1280 1482 68 33 us,
1391 1469 88 39 and
1521 1470 23 37 I
1587 1481 85 26 can
1715 1469 106 45 only
1862 1468 115 46 hope
2018 1467 100 40 that
2159 1466 37 40 it

189 1521 90 39 will
313 1521 54 38 be
400 1521 106 40 read
541 1533 50 26 as
623 1519 163 47 widely
820 1519 88 39 and
942 1518 353 47 appreciatively
1330 1531 48 26 as
1411 1519 36 38 it
1479 1529 125 28 more
1639 1517 110 40 than
1784 1517 212 39 deserves
2029 1522 47 33 to
2110 1515 81 44 be;

187 1570 71 39 for
293 1569 36 40 it
364 1569 39 39 is
439 1569 108 39 with
585 1581 26 27 a
646 1568 78 47 joy
761 1568 98 40 that
896 1568 149 38 would
1082 1580 120 26 seem
1239 1573 315 43 extravagant,
1593 1566 34 39 if
1665 1567 21 37 I
1725 1565 246 46 expressed
2005 1564 49 47 it,
2095 1565 99 38 that

192 1620 22 37 I
254 1619 214 39 welcome
508 1617 191 39 'Chants
740 1616 297 40 Communal.'

467 1698 379 66 ALBERT
902 1698 215 63 AND
1178 1698 432 66 CHARLES
1669 1695 241 66 BONI

180 1817 79 46 96
302 1812 259 51 FIFTH
607 1812 51 48 A
678 1812 297 48 VENUE
1082 1837 30 11 -
1239 1837 28 11 -
1397 1837 25 11 -
1552 1837 28 11 -
1699 1807 206 51 NEW
1953 1807 244 51 YORK

354 1983 315 117 THE
765 1980 1260 117 INTERNATIONAL

320 2149 52 50 A
410 2147 297 62 magazine
745 2144 93 52 for
873 2145 262 51 matured
1173 2144 203 51 minds.

320 2230 52 50 A
410 2228 296 62 magazine
746 2227 91 50 for
858 2227 167 50 those
1061 2227 131 50 who
1233 2227 132 49 dare
1406 2233 59 43 to
1505 2224 177 52 think.

318 2312 54 49 A
410 2309 296 62 magazine
745 2308 92 51 for
873 2307 74 52 all
985 2315 125 42 true
1149 2305 428 64 cosmopolites.

317 2392 52 49 A
407 2390 297 63 magazine
741 2389 139 51 with
920 2406 32 33 a
990 2404 247 45 courage
1276 2404 62 35 so
1380 2387 238 50 fearless
1657 2388 126 58 that
1822 2387 42 49 it
1898 2385 294 64 publishes

184 2473 95 51 the
323 2473 143 51 best.

321 2553 225 60 Brieux,
588 2549 332 61 Schnitzler,
964 2549 339 61 Strindberg
1339 2564 96 35 are
1474 2548 136 61 only
1649 2566 33 33 a
1718 2549 110 50 few
1867 2548 59 51 of
1961 2548 95 49 the
2098 2549 94 48 ad-

181 2634 219 52 vanced
444 2633 258 51 thinkers
749 2632 131 51 who
928 2630 142 51 have
1119 2630 281 63 appeared
1450 2629 55 50 in
1550 2629 94 52 the
1691 2646 178 47 pages
1916 2629 61 51 of
2025 2628 167 51 THE

185 2713 693 53 INTERNATIONAL.

320 2797 106 51 We
468 2796 145 50 have
655 2796 142 49 been
843 2793 55 50 in
942 2793 95 51 the
1078 2792 295 61 vanguard
1417 2792 61 51 of
1520 2790 349 53 intellectual
1916 2790 273 53 freedom.

318 2878 107 50 We
461 2874 143 54 shall
636 2874 212 61 always
878 2874 69 51 be
984 2873 85 51 far
1102 2872 180 52 ahead
1317 2872 61 52 of
1411 2890 104 34 our
1548 2873 181 51 times.

318 2957 130 51 You
487 2972 131 45 may
660 2954 243 63 glimpse
946 2953 94 51 the
1084 2953 187 51 future
1313 2953 75 61 by
1430 2953 236 61 reading
1705 2952 168 51 THE
1916 2952 274 51 INTER-

185 3037 436 51 NATIONAL.

626 3117 225 61 George
892 3116 294 61 Sylvester
1225 3114 259 61 Viereck,
1527 3114 219 52 Editor.

183 3201 262 50 Leonard
481 3199 67 50 D.
581 3198 238 60 Abbott,
854 3197 248 51 Richard
1136 3197 79 51 Le
1253 3196 310 62 Gallienne,
1596 3197 305 51 Associate
1938 3197 249 51 Editors.

542 3292 58 53 15
640 3293 252 52 CENTS
928 3293 52 50 A
1018 3292 226 52 COPY.
1315 3291 150 63 $1.50
1498 3293 54 50 A
1590 3293 231 51 YEAR.

392 3408 346 64 MOODS
801 3406 605 65 PUBLISHING
1466 3406 507 65 COMPANY

176 3527 65 47 29
274 3522 226 51 WEST
530 3522 181 48 42ND
748 3519 307 53 STREET
1193 3549 23 10 -
1355 3549 21 10 -
1517 3519 187 50 NEW
1740 3518 224 51 YORK
1999 3517 185 51 CITY
