2376 3805
953 266 292 64 WHAT
1281 264 195 63 ARB
1514 264 198 63 YOU
1748 264 399 63 DOING—

1156 3488 66 55 66

226 438 157 61 You
430 454 126 59 say
599 435 79 63 it.
773 438 161 60 You
980 438 172 60 dont
1199 437 127 59 ask
1373 435 325 78 anybody
1743 437 75 58 to
1865 438 118 75 try
2027 435 120 61 the

224 528 221 58 water
485 528 76 57 to
604 542 111 44 see
754 524 61 61 if
853 524 118 61 it's
1014 524 176 62 cold.
1281 527 160 58 You
1478 527 119 73 try
1638 523 77 61 it.
1804 524 168 60 And
2009 541 141 59 you

227 613 171 60 dont
431 630 162 44 care
622 612 62 60 if
715 611 61 62 it
807 612 63 61 is
904 613 174 61 cold.
1162 612 259 61 You're
1454 630 77 43 as
1568 612 216 76 ready
1816 614 76 58 to
1929 612 221 77 spend

223 719 181 59 your
434 701 143 61 last
611 719 77 43 as
721 720 179 58 your
932 702 159 60 first
1122 703 177 59 cent.
1386 701 205 61 Some
1620 700 249 78 people
1901 716 122 44 are
2057 700 61 59 al-

224 807 192 60 ways
477 790 413 77 wondering
951 791 193 60 what
1209 791 202 61 other
1473 788 247 80 people
1783 787 151 62 will
1997 787 155 79 give

224 879 211 61 them.
525 879 205 62 Some
765 880 248 77 people
1051 898 120 43 are
1210 880 264 76 always
1512 876 412 79 wondering
1959 877 193 60 what

223 966 247 78 they'll
504 965 155 79 give
693 967 201 61 other
924 967 264 78 people.
1272 969 148 59 But
1454 966 120 61 the
1609 965 193 62 lover
1839 966 171 60 dont
2046 983 68 42 ar-

227 1073 132 58 gue
396 1055 216 61 about
645 1054 302 63 himself.
1032 1058 112 59 He
1177 1056 207 61 loves.
1469 1055 151 61 Nor
1658 1055 87 60 do
1781 1053 229 78 givers
2048 1072 69 42 ar-

226 1161 133 59 gue
386 1143 216 62 about
624 1144 435 62 themselves.
1136 1145 191 76 They
1352 1143 170 78 give.
1600 1143 190 77 They
1816 1161 119 43 are
1961 1140 152 79 niag-

227 1249 163 44 aras
437 1233 74 61 of
553 1233 466 62 benefaction.
1119 1234 190 76 They
1357 1234 174 61 dont
1576 1233 208 61 know
1828 1232 61 61 it
1935 1233 171 60 them-

228 1321 238 60 selves.
558 1322 191 76 They
787 1322 175 61 have
1002 1324 75 59 to
1119 1322 83 61 be
1247 1321 363 62 reminded
1651 1321 75 59 of
1764 1319 77 61 it.
1933 1318 174 62 Noth-

226 1408 124 79 ing
387 1427 76 43 so
500 1409 351 79 surprises
890 1428 41 44 a
967 1413 200 75 great
1204 1428 165 42 man
1406 1428 77 42 as
1519 1409 120 61 the
1674 1408 160 62 idea
1869 1408 161 61 that
2066 1409 82 61 he

228 1501 328 58 amounts
604 1502 76 57 to
731 1498 365 78 anything.
1192 1497 323 79 Nothing
1564 1515 75 44 so
1693 1497 288 61 startles
2032 1498 119 60 the

233 1604 341 58 generous
633 1605 165 42 man
858 1605 76 42 as
993 1587 120 60 the
1171 1586 161 61 idea
1388 1586 161 60 that
1607 1586 87 60 he
1752 1583 64 61 is
1877 1585 270 61 liberal.

227 1674 321 78 Nothing
591 1693 219 43 seems
853 1693 76 43 so
971 1674 408 80 impossible
1421 1677 76 59 to
1539 1675 121 61 the
1699 1675 169 61 hero
1912 1691 78 44 as
2033 1675 119 60 the

227 1761 160 62 idea
437 1761 161 62 that
647 1762 88 61 he
783 1761 64 61 is
899 1780 449 59 courageous.
1450 1762 123 78 My
1624 1762 204 61 heart
1881 1762 128 60 has
2061 1780 91 42 110

230 1850 182 61 shall
448 1853 152 58 lor
637 1851 183 60 shall
857 1853 37 58 I
931 1854 142 58 not.
1159 1853 188 59 lam
1381 1855 126 57 not
1544 1851 297 63 allowed
1874 1854 75 58 to
1985 1851 168 78 play

230 1956 138 59 any
417 1957 121 58 yes
591 1940 145 60 and
783 1958 92 42 no
928 1958 199 58 game
1179 1938 177 63 with
1408 1939 271 77 myself.
1780 1938 245 62 Listen
2076 1942 76 58 to

227 2025 193 61 what
475 2027 36 58 I
571 2044 141 59 say.
816 2028 229 61 Down
1098 2027 79 61 in
1232 2047 106 42 me
1394 2029 231 61 where
1681 2028 133 60 I'm
1873 2028 280 77 deepest

228 2114 257 63 there's
542 2135 91 42 no
688 2116 276 77 hissing
1022 2117 458 62 snake's-nest
1539 2118 75 60 of
1671 2117 479 61 alternatives.

227 2202 164 61 Run
415 2221 180 58 your
619 2203 244 62 knives
891 2204 188 61 clear
1103 2204 310 78 through
1440 2224 108 43 me
1577 2206 143 61 and
1746 2207 37 58 I
1808 2204 345 63 wouldn't

230 2291 87 61 do
358 2291 129 61 but
528 2292 121 61 the
691 2311 129 43 one
861 2292 223 79 thing.
1176 2295 233 76 Every
1451 2295 174 77 drop
1671 2295 74 61 of
1787 2312 116 59 my
1943 2293 210 61 blood

227 2380 194 61 flows
466 2381 119 61 the
631 2400 129 42 one
802 2400 174 58 way.
1072 2384 227 59 Down
1346 2401 164 43 over
1553 2384 161 60 that
1761 2386 193 75 steep
2002 2382 151 61 cliff

228 2486 162 59 goes
435 2469 98 59 all
576 2489 117 58 my
731 2470 174 77 love,
948 2471 231 61 which
1220 2471 62 61 is
1328 2471 99 61 all
1469 2490 118 60 my
1627 2471 144 62 life.
1863 2472 37 59 I
1943 2489 210 43 never

228 2558 222 74 spend
486 2575 41 42 a
562 2556 272 64 minute
867 2558 243 80 trying
1141 2563 77 57 to
1253 2560 149 62 find
1436 2563 126 58 out
1595 2560 193 61 what
1823 2579 117 59 my
1978 2560 175 76 duty

226 2643 80 62 is.
405 2645 219 62 There
666 2646 64 60 is
773 2667 92 42 no
913 2649 192 76 duty.
1199 2649 133 60 I'm
1374 2649 152 77 just
1572 2648 264 62 driven.
1931 2649 222 61 There

226 2732 63 60 is
330 2752 91 43 no
464 2734 192 78 duty.
746 2738 37 57 I
823 2737 151 76 just
1014 2738 173 76 keep
1230 2756 108 42 on.
1427 2738 230 61 When
1698 2738 36 60 I
1778 2756 127 59 say
1944 2756 208 43 cause

227 2823 38 57 I
304 2839 125 60 say
466 2841 133 43 sun
637 2825 142 61 and
816 2828 186 57 stars
1041 2827 142 61 and
1216 2827 205 61 earth
1459 2828 142 60 and
1639 2825 108 61 air
1787 2827 143 61 and
1964 2825 184 63 food.

228 2913 37 57 I
313 2928 126 60 say
481 2912 154 62 love
682 2916 143 61 and
867 2916 202 59 those
1113 2916 37 58 I
1195 2916 171 61 love.
1464 2917 37 58 I
1549 2933 126 60 say
1718 2916 163 61 that
1922 2914 230 63 which

228 2999 236 61 makes
496 2999 127 64 life
656 3003 144 61 amd
828 3002 62 61 is
923 3005 201 61 made
1154 3005 93 76 by
1275 3003 146 64 life.
1502 3006 72 58 If
1605 3006 38 58 I
1675 3003 355 63 hesitated
2062 3021 91 42 an

224 3085 280 64 instant
550 3090 198 62 there
792 3091 239 61 would
1074 3092 85 60 be
1206 3110 92 42 no
1346 3110 208 43 cause
1604 3092 228 78 again.
1931 3092 221 61 There

224 3177 239 61 would
508 3177 83 64 be
641 3180 168 77 only
856 3182 238 77 empty
1145 3198 207 61 space
1400 3182 144 61 and
1588 3182 323 61 hourless
1959 3180 188 62 time.

224 3264 74 58 If
343 3265 38 58 I
426 3265 190 62 drew
658 3269 179 61 back
882 3286 131 44 one
1056 3267 168 63 inch
1267 3271 208 60 order
1519 3270 238 61 would
1802 3271 231 60 revert
2076 3273 76 54 to

223 3351 230 65 chaos.
556 3355 185 64 That
793 3355 232 67 which
1078 3356 63 61 is
1195 3361 125 58 not
1373 3359 231 62 worth
1658 3358 98 62 all
1807 3359 63 61 is
1922 3356 230 63 worth
