2376 3805
227 273 475 63 COLLECTS

1160 3489 63 46 65

226 446 321 58 treasure
597 460 76 42 as
722 441 60 61 if
828 441 59 61 it
934 459 145 43 was
1129 440 378 78 righteous.
1604 440 158 59 You
1808 437 100 61 let
1954 437 189 61 them

226 531 195 60 work
461 531 111 60 for
614 531 99 60 all
753 530 209 62 while
999 549 141 58 you
1178 530 197 61 work
1414 530 113 60 for
1567 526 331 80 yourself.
1990 527 157 59 You

228 637 120 44 are
383 619 121 61 the
541 623 261 58 master
842 620 180 61 scab.
1107 621 160 59 You
1303 635 119 43 are
1456 618 121 59 the
1616 616 162 61 scab
1814 615 134 61 left
1986 630 162 45 over

228 709 187 61 after
452 709 98 60 all
584 709 120 62 the
741 708 201 63 other
979 708 199 62 scabs
1212 708 177 61 have
1422 708 174 59 been
1630 706 268 61 beaten.
1983 703 165 61 And

222 817 142 58 you
397 800 126 59 not
558 798 169 77 only
760 799 163 60 scab
956 816 93 43 on
1079 814 179 61 your
1293 791 612 83 contemporaries.
1987 794 159 58 You

228 888 165 61 scab
442 906 91 43 on
577 906 181 58 your
804 885 566 80 grandchildren.
1466 887 161 58 You
1675 883 162 61 scab
1888 901 90 42 on
2025 882 120 61 the

228 977 261 61 future.
567 978 162 59 You
758 993 120 44 are
912 974 154 63 sold
1096 977 141 58 out.
1315 974 162 60 You
1506 990 121 43 are
1656 969 485 82 pinkertoned.

228 1067 160 60 You
412 1066 177 61 have
614 1066 338 75 betrayed
978 1065 120 59 the
1126 1063 249 61 crowd.
1451 1063 159 59 You
1638 1079 119 43 are
1785 1079 130 43 one
1941 1058 207 78 thing

228 1153 203 61 when
485 1171 142 59 you
678 1151 208 62 think
942 1152 142 61 and
1140 1151 296 61 another
1492 1148 207 78 thing
1751 1148 204 60 when
2009 1164 139 59 you

228 1241 156 61 live.
461 1244 158 58 You
649 1259 118 43 are
795 1259 129 42 one
950 1240 205 76 thing
1182 1239 77 59 in
1286 1239 193 59 what
1506 1239 121 59 the
1654 1236 225 61 world
1905 1237 242 59 knows

228 1349 140 58 you
421 1330 113 60 for
585 1330 144 61 and
778 1329 296 61 another
1125 1326 206 78 thing
1379 1326 79 60 in
1507 1326 193 60 what
1748 1343 143 59 you
1940 1325 207 58 know

228 1419 316 77 yourself
591 1419 130 58 for.
818 1418 158 59 You
1023 1435 118 42 are
1187 1416 121 60 the
1357 1415 159 61 shot
1563 1415 188 60 from
1797 1414 120 61 the
1964 1429 177 44 rear.

232 1507 147 60 Our
414 1504 298 63 enemies
750 1505 362 75 challenge
1146 1522 84 43 us
1267 1504 155 60 face
1456 1507 75 57 to
1569 1503 171 61 face.
1825 1503 148 58 But
2006 1518 141 61 you

228 1594 197 62 knife
473 1612 84 43 us
607 1593 78 61 in
734 1594 119 60 the
905 1594 194 61 dark.
1197 1594 158 59 You
1406 1609 119 44 are
1573 1590 121 61 the
1743 1589 278 78 margin
2072 1589 75 61 of

231 1682 326 62 faithless
597 1682 414 62 revolution.
1099 1683 159 60 You
1299 1698 119 45 are
1456 1682 121 61 the
1616 1679 300 61 interior
1955 1679 192 60 force

230 1771 231 62 which
497 1771 210 77 flings
745 1790 84 42 us
867 1769 154 63 into
1059 1772 120 58 the
1219 1769 314 63 clutches
1573 1769 74 60 of
1687 1767 333 62 reaction.
2110 1767 37 60 I

233 1863 181 59 meet
453 1877 141 60 you
633 1877 207 60 every
882 1860 137 77 day
1059 1861 37 57 I
1136 1858 157 61 live.
1383 1860 158 59 You
1580 1860 128 76 pat
1748 1875 108 43 me
1897 1875 90 42 011
2028 1856 120 61 the

231 1948 195 61 back.
506 1950 160 59 You
697 1948 490 77 congratulate
1219 1966 124 42 me.
1423 1948 160 59 You
1616 1947 87 60 do
1737 1943 413 79 everything

228 2036 130 61 but
388 2053 196 44 avow
611 2054 124 43 me.
809 2037 157 60 You
993 2054 119 42 are
1138 2035 156 62 half
1320 2054 42 41 a
1389 2032 497 64 revolutionist
1912 2031 235 62 minus

232 2143 43 42 a
312 2125 225 61 whole
576 2122 512 64 revolutionist.
1176 2125 158 60 You
1374 2125 171 61 dont
1586 2124 162 59 scab
1789 2122 121 61 the
1947 2122 201 60 labor

232 2214 292 60 market.
624 2214 159 58 You
837 2214 161 60 scab
1050 2210 451 62 civilization.
1602 2213 159 58 You
1814 2210 162 60 scab
2029 2209 121 61 the

232 2318 199 58 army
484 2318 90 42 on
624 2300 121 61 the
796 2300 258 61 march.
1152 2302 158 59 You
1361 2303 232 58 create
1642 2299 122 61 the
1812 2296 213 79 panic
2075 2298 75 59 of

230 2389 242 61 battle.
569 2390 157 60 You
772 2392 132 75 put
950 2389 119 61 the
1113 2388 251 79 poison
1411 2388 77 60 in
1534 2388 120 60 the
1704 2404 192 60 soup.
1991 2388 159 57 You

231 2479 166 60 take
444 2478 98 60 all
591 2478 141 61 and
781 2477 153 77 give
979 2477 316 77 nothing.
1392 2479 158 57 You
1595 2477 132 76 beg
1771 2476 193 59 what
2010 2492 141 60 you

233 2569 168 59 cant
439 2566 292 61 borrow.
819 2568 159 60 You
1013 2567 277 61 borrow
1328 2566 193 61 what
1559 2583 141 58 you
1742 2566 173 59 dont
1955 2566 195 58 want

231 2658 76 58 to
340 2655 197 61 steal.
617 2656 160 58 You
807 2655 179 59 steal
1014 2655 193 59 what
1235 2671 143 59 you
1408 2653 177 63 dont
1613 2671 203 42 mean
1846 2655 76 58 to
1954 2652 196 60 work

232 2745 131 59 for.
457 2745 160 58 You
663 2760 119 43 are
825 2742 121 61 the
993 2743 161 60 scab
1200 2743 73 59 of
1318 2742 119 60 the
1484 2738 414 64 revolution.
1991 2741 159 58 You

233 2835 89 60 do
355 2831 301 78 nothing
688 2832 113 60 for
831 2831 121 61 the
986 2849 225 43 cause.

320 2920 219 61 What
585 2935 119 45 are
749 2935 141 59 you
937 2916 212 79 doing
1192 2919 113 59 for
1348 2916 121 61 the
1515 2916 250 61 cause?
1856 2917 160 60 You
2063 2916 87 60 do

238 3006 413 79 everything
708 3006 115 61 for
877 3006 121 61 the
1058 3023 224 43 cause.
1389 3006 160 59 You
1604 3005 197 60 work
1860 3005 113 60 for
2030 3004 121 60 the

235 3114 208 44 cause
495 3112 77 44 as
623 3094 121 62 the
795 3112 133 44 sun
981 3095 204 61 sheds
1237 3094 199 76 light.
1535 3094 160 61 You
1748 3094 172 60 dont
1969 3093 182 61 hunt

231 3187 237 77 places
496 3184 78 60 in
599 3183 231 61 which
856 3187 75 57 to
958 3183 163 62 hide
1146 3183 317 76 yourself
1492 3199 215 60 away.
1787 3183 157 58 You
1969 3182 182 59 hunt

232 3276 121 61 the
402 3292 179 60 open
632 3273 142 61 and
819 3273 198 61 there
1064 3273 155 60 face
1266 3272 120 61 the
1432 3272 242 61 world.
1771 3272 159 59 You
1980 3272 171 59 dont

231 3362 173 62 wait
457 3365 75 60 to
584 3361 171 63 hear
809 3377 318 48 someone
1181 3359 141 61 else
1378 3377 125 60 say
1553 3358 121 61 the
1724 3358 197 61 word
1974 3358 174 60 first.
