2376 3805
224 1351 119 48 And
377 1352 130 47 then
541 1352 27 46 I
602 1352 128 47 hear
765 1369 134 47 your
935 1355 146 45 voice
1115 1353 179 47 raised
1329 1355 163 45 above
1525 1353 79 46 all
1636 1353 93 46 the
1763 1352 391 47 uncertainties

358 1433 57 46 of
455 1433 174 46 itself:
675 1449 135 47 your
846 1435 170 45 voice:
1064 1435 47 47 it
1150 1435 172 61 sings:

224 1513 311 49 Comrades:
596 1529 76 31 we
725 1517 148 45 must
926 1515 126 47 hold
1104 1516 272 61 together:
1438 1515 44 47 if
1534 1530 79 32 we
1668 1515 76 47 let
1796 1530 66 48 go
1915 1516 57 46 of
2027 1516 126 46 each

358 1596 154 46 other
551 1596 84 46 for
675 1611 71 31 an
784 1596 213 48 instant
1035 1596 92 47 the
1167 1597 145 46 stars
1350 1597 114 45 will
1505 1597 132 61 drop
1678 1597 96 46 out
1812 1597 58 46 of
1908 1597 92 46 the
2040 1597 114 61 sky,

222 1676 108 47 The
363 1691 174 47 power
572 1677 56 46 of
659 1676 92 47 the
781 1676 158 48 heart
973 1677 46 47 is
1054 1677 270 47 resistless
1358 1677 44 46 if
1437 1677 47 49 it
1518 1677 119 47 lifts
1670 1677 135 47 with
1837 1694 71 30 an
1942 1679 212 47 infinite

357 1757 150 63 hope,

221 1837 108 47 The
367 1854 174 46 power
581 1840 54 46 of
673 1839 92 47 the
803 1854 91 48 eye
932 1840 46 47 is
1016 1841 358 47 unmeasured
1412 1840 46 47 if
1498 1841 47 47 it
1581 1840 150 48 looks
1771 1841 135 47 with
1946 1841 207 47 endless

360 1920 363 61 expectation:

222 2000 121 47 And
380 2000 128 47 then
545 2001 28 45 I
611 2001 128 46 hear
776 2016 136 47 your
950 2001 146 47 voice
1136 2001 130 47 offer
1306 2001 332 64 everything,
1677 2002 287 49 withdraw
2002 2000 136 65 nothing:

221 2000 215 47 for
508 2000 358 47 cause
938 2000 143 47 or
1153 2000 214 47 not
1439 2000 215 47 for
1726 2000 429 47 cause:

222 2162 119 46 You
379 2162 66 46 do
483 2164 96 45 not
616 2162 248 61 question
901 2178 89 31 us:
1035 2179 107 47 you
1180 2164 116 47 love
1332 2180 89 31 us:
1468 2180 107 48 you
1613 2165 66 47 do
1716 2166 98 46 not
1851 2165 167 48 doubt
2055 2180 90 32 us:

356 2258 108 47 you
502 2242 114 49 love
652 2256 90 35 us:

224 2322 117 50 You
385 2325 66 47 do
497 2328 95 44 not
634 2326 159 62 bring
838 2326 168 47 scales
1052 2328 58 45 to
1155 2341 85 32 see
1283 2326 147 47 what
1473 2341 78 34 we
1595 2326 196 65 weigh:
1844 2343 107 47 you
1997 2329 158 62 bring

358 2406 116 48 love
507 2408 58 46 to
600 2420 85 33 see
716 2406 149 48 what
898 2422 79 32 we
1011 2408 121 46 live.
