2376 3805
836 273 370 66 LOVING
1245 278 93 61 IS
1385 278 194 62 THE
1626 281 254 60 ONLY
1922 282 224 60 LIFE

1140 3484 94 47 118

230 455 151 43 sun.
469 439 160 61 You
665 439 163 62 look
868 446 76 57 at
985 461 175 43 men.
1249 447 159 61 You
1449 465 124 59 say
1611 468 160 42 men
1811 468 121 44 are
1971 470 178 58 your

228 526 341 63 brothers.
658 529 74 60 Is
771 531 162 61 that
973 550 78 42 as
1091 532 61 61 if
1189 552 104 43 we
1334 535 188 63 said:
1565 538 177 61 Now
1782 540 101 61 let
1923 559 84 42 us
2050 541 99 60 all

230 615 168 60 melt
428 634 202 58 away
657 617 77 61 in
765 620 169 59 each
966 621 243 61 other?
1287 626 98 58 To
1416 644 126 59 say
1570 627 288 62 brother
1886 628 63 60 is
1983 630 166 77 only

225 706 76 58 to
331 721 125 59 say
482 705 156 62 law.
717 707 99 61 To
846 725 125 60 say
999 709 287 63 brother
1312 711 63 61 is
1405 715 166 77 only
1598 719 76 57 to
1706 734 126 60 say
1857 719 161 59 that
2044 736 105 42 we

226 790 177 63 have
433 791 403 66 discovered
867 814 41 43 a
939 814 470 63 consequence
1441 820 76 43 as
1547 804 159 61 well
1738 822 77 41 as
1847 823 41 40 a
1919 823 225 44 cause.

229 880 98 61 To
364 896 125 60 say
520 882 161 60 that
714 884 154 61 love
901 885 150 61 will
1082 888 195 62 leave
1311 891 298 77 nothing
1644 895 75 57 to
1754 894 83 58 be
1875 894 178 61 done
2086 894 63 61 is

228 984 77 43 as
339 966 61 60 if
436 987 130 44 one
602 970 157 64 said
789 973 121 61 the
943 974 273 79 loyalty
1251 979 73 58 of
1362 997 39 42 a
1437 980 245 76 planet
1717 984 75 57 to
1828 980 96 61 its
1963 983 186 61 orbit

230 1053 226 66 leaves
497 1060 301 78 nothing
836 1065 75 58 to
953 1064 82 61 be
1077 1067 193 59 done.
1361 1069 182 60 Love
1583 1068 62 60 is
1689 1073 126 57 not
1858 1088 91 42 an
1992 1073 152 60 end.

232 1143 67 63 It
339 1145 63 60 is
446 1147 168 77 only
656 1167 42 42 a
738 1150 399 79 beginning.
1228 1157 129 58 We
1400 1156 207 77 begin
1648 1162 74 56 to
1767 1158 138 61 live
1947 1161 202 59 when

229 1248 100 47 we
372 1236 209 76 begin
621 1239 77 59 to
741 1238 170 61 love.
1002 1242 167 61 And
1212 1261 77 41 as
1335 1244 168 77 long
1547 1263 76 41 as
1669 1265 102 42 we
1815 1247 334 62 continue

230 1326 71 56 to
343 1322 154 62 love
538 1342 104 45 we
684 1324 148 63 will
877 1328 332 62 continue
1251 1333 75 57 to
1371 1332 224 76 begin.
1691 1335 183 61 Love
1916 1335 63 61 is
2022 1341 126 56 not

230 1410 117 62 the
399 1411 346 62 violation
799 1415 75 61 of
925 1416 155 61 law.
1184 1418 72 59 It
1308 1418 63 60 is
1425 1421 121 60 the
1601 1422 420 62 observance
2076 1426 73 60 of

229 1496 151 63 law.
465 1500 158 62 Life
660 1502 269 62 derives
963 1504 98 60 its
1095 1505 189 76 joint
1320 1509 142 59 and
1498 1509 216 62 sinew
1752 1511 185 61 from
1973 1512 171 63 love.

233 1587 180 61 Love
469 1589 64 61 is
592 1591 276 78 getting
927 1594 211 76 along
1195 1596 340 76 together.
1644 1600 340 61 Whether
2041 1603 71 61 be-

229 1678 222 58 tween
496 1679 240 59 earths
783 1697 80 43 or
907 1681 268 78 people,
1226 1683 274 78 getting
1549 1686 210 79 along
1804 1691 339 75 together.

228 1764 183 76 Why
440 1765 254 62 should
722 1766 274 80 getting
1023 1770 212 79 along
1260 1774 323 76 together
1611 1775 82 61 be
1721 1794 224 45 worse
1971 1780 178 59 than

228 1852 274 78 getting
554 1854 211 79 along
816 1859 251 75 apart?
1164 1860 188 78 Why
1402 1862 257 63 should
1707 1882 104 43 we
1867 1872 282 73 suspect

225 1940 160 61 that
427 1943 259 61 worlds
729 1945 162 60 that
936 1965 118 43 are
1099 1948 190 75 loyal
1333 1953 76 57 to
1453 1952 187 61 their
1686 1954 462 63 foundations

226 2046 119 43 are
370 2029 137 60 less
531 2029 219 78 likely
773 2036 74 57 to
874 2033 210 61 resist
1107 2037 120 60 the
1251 2038 409 64 northwind
1684 2042 178 60 than
1888 2045 260 61 worlds

225 2117 159 61 that
422 2136 119 44 are
574 2119 186 61 built
794 2140 191 59 upon
1020 2123 471 78 quicksands?
1575 2131 99 60 To
1710 2147 127 61 say
1870 2151 90 43 no
1994 2133 154 63 love

225 2203 61 61 is
315 2208 75 58 to
419 2224 126 58 say
571 2225 91 43 no
689 2208 144 63 life.
910 2212 143 59 For
1081 2212 208 79 being
1317 2215 182 62 alive
1526 2216 62 61 is
1617 2222 126 57 not
1771 2220 145 63 life.
1976 2222 129 60 Sim-

225 2293 123 77 ply
399 2295 212 77 going
662 2297 215 61 about
926 2318 177 57 your
1152 2302 343 79 business,
1551 2305 259 80 simply
1861 2310 288 79 making

226 2399 267 61 money,
538 2382 259 80 simply
836 2386 240 79 eating
1117 2391 143 60 and
1301 2390 354 83 drinking,
1700 2414 170 43 even
1909 2396 61 61 if
2008 2417 141 59 you

226 2488 120 44 are
394 2489 42 42 a
479 2473 225 60 whole
752 2474 286 77 animal,
1086 2476 62 61 is
1195 2483 126 57 not
1367 2479 145 63 life.
1611 2485 98 60 To
1756 2485 170 62 hold
1970 2488 179 61 back

225 2558 153 61 love
417 2561 389 78 supposing
841 2563 61 61 it
940 2583 163 60 may
1141 2584 85 60 go
1263 2570 119 60 too
1420 2570 116 60 far
1574 2570 62 61 is
1676 2572 143 63 like
1856 2574 293 81 holding

225 2647 178 60 back
440 2648 128 62 life
610 2652 387 78 supposing
1035 2654 199 62 there
1273 2674 161 61 may
1471 2659 84 61 be
1593 2663 121 58 too
1753 2664 208 60 much
1999 2664 146 63 life.

232 2734 121 62 We
404 2735 146 60 will
607 2738 280 62 achieve
941 2742 98 58 all
1090 2743 160 60 that
1301 2744 154 63 love
1508 2765 162 59 may
1722 2766 129 46 see.
1955 2753 194 61 Then

228 2823 150 61 love
408 2824 149 60 will
590 2843 109 44 see
732 2846 206 43 more.
1018 2831 129 61 We
1175 2831 151 62 will
1357 2851 85 60 go
1474 2834 176 63 with
1679 2838 155 61 love
1865 2843 75 59 to
1973 2860 132 43 com-

225 2911 188 76 plete
450 2912 170 62 love.
712 2916 193 59 Then
940 2935 104 43 we
1080 2918 150 61 will
1268 2937 86 60 go
1394 2922 293 64 farther.
1776 2927 373 81 Eternally

226 3000 291 62 farther.
611 3003 102 59 As
759 3003 174 61 with
977 3005 144 62 life.
1214 3007 256 80 Living
1513 3011 128 64 life
1684 3015 155 62 into
1885 3017 121 61 the
2051 3036 65 44 re-

225 3091 255 58 motest
515 3088 353 64 distances
901 3094 166 76 only
1095 3097 76 59 to
1203 3097 361 79 recognize
1594 3105 386 79 unceasing
2011 3108 103 59 far-

225 3175 159 61 ther
426 3177 443 77 obligations.
963 3182 221 64 There
1223 3184 150 62 will
1415 3188 264 78 always
1720 3191 83 61 be
1844 3212 190 44 more
2074 3199 74 58 to

228 3265 87 60 do
353 3265 177 60 than
569 3284 159 43 ever
767 3269 127 60 has
934 3270 173 62 been
1148 3273 195 62 done.
1433 3276 222 64 There
1693 3280 149 61 will
1884 3283 264 77 always

228 3353 80 61 be
337 3370 189 45 more
550 3355 127 61 life
704 3358 277 77 coming
1006 3360 178 61 than
1211 3381 158 43 ever
1396 3364 128 62 has
1552 3367 299 64 arrived.
1928 3373 220 61 There
