2376 3805
287 1271 26 45 I
365 1284 157 32 never
576 1270 166 47 found
794 1285 107 47 any
952 1285 92 32 use
1096 1271 84 46 for
1231 1270 149 47 birth
1432 1284 59 33 or
1541 1270 301 62 birthdays,
1895 1270 129 46 dear
2077 1270 118 62 comrades,

286 1270 240 46 till
586 1270 60 46 I
706 1270 240 46 knew
1006 1270 240 46 what
1306 1270 120 46 it
1486 1270 181 46 was
1727 1270 120 46 to
1907 1270 301 46 love:

287 1433 26 44 I
353 1433 155 45 could
547 1434 95 44 not
681 1433 98 45 tell
817 1431 117 47 how
972 1433 292 45 successful
1302 1448 89 47 my
1433 1431 95 47 life
1569 1433 46 45 is
1655 1431 69 63 by
1762 1431 91 47 the
1893 1431 222 46 number
2154 1431 54 46 of

422 1511 152 47 those
606 1513 117 45 who
759 1513 113 45 love
907 1528 107 32 me:
1057 1513 27 45 I
1119 1513 154 47 could
1309 1513 125 62 only
1467 1513 98 47 tell
1601 1511 124 49 that
1759 1511 70 63 by
1862 1513 92 47 the
1989 1511 219 47 number

422 1594 57 44 of
521 1593 153 47 those
717 1594 25 44 I
789 1594 139 46 love:

286 1674 27 46 I
352 1688 87 32 am
477 1673 292 47 victorious
809 1674 126 62 only
971 1674 150 46 when
1160 1674 25 46 I
1225 1674 133 46 have
1395 1689 118 32 won
1551 1689 90 47 my
1679 1674 115 46 love
1833 1673 56 47 of
1926 1688 105 47 you
2071 1674 137 44 from

422 1754 218 61 myself:
681 1754 239 62 winning
949 1769 135 49 your
1115 1755 115 46 love
1259 1757 56 44 of
1345 1771 82 30 me
1458 1754 140 47 from
1629 1769 105 47 you
1766 1755 47 45 is
1843 1757 95 44 not
1970 1754 230 61 enough:

287 1835 121 47 And
451 1851 59 30 so
554 1835 112 46 this
712 1837 105 62 day
861 1837 204 61 though
1110 1851 106 47 you
1259 1852 123 47 may
1427 1839 96 43 not
1566 1837 191 61 gather
1803 1851 82 31 me
1931 1838 57 44 to
2031 1851 104 47 you
2182 1835 26 45 I

421 1917 192 59 gather
651 1931 105 47 you
798 1918 57 46 to
896 1932 96 42 me,
1032 1918 138 61 body
1211 1918 105 46 and
1358 1918 188 61 spirit:

286 1997 120 45 And
453 2011 58 31 so
555 1995 112 47 this
713 1997 104 63 day
863 1997 25 45 I
935 1999 161 43 count
1143 1998 195 61 myself
1382 2012 89 47 up,
1518 1999 95 45 not
1660 1998 57 46 in
1766 1997 195 62 figures
2007 1998 98 46 but
2153 1998 55 44 in

423 2077 130 57 love,
597 2078 106 46 and
747 2092 95 48 say
887 2078 272 61 forgiving
1199 2079 108 46 and
1350 2078 240 61 jubilant
1632 2078 185 62 things
1860 2080 58 45 to
1960 2093 89 47 my
2092 2078 116 46 soul

422 2158 165 47 about
623 2173 64 32 us
722 2158 92 47 all.
