2376 3805
936 267 139 61 I'M;
1115 266 112 62 SO
1265 265 258 63 GLAD
1562 265 39 58 I
1636 262 211 64 WAS
1884 262 259 62 BORN

1168 3493 27 46 8

229 441 142 61 and
395 440 402 61 Beethoven
823 437 143 61 and
996 436 326 61 Socrates
1352 434 142 61 and
1519 431 299 62 Lincoln
1843 449 180 43 were
2051 431 97 60 all

229 529 211 77 right.
534 529 147 60 Bnt
727 528 157 59 how
931 525 214 61 about
1194 524 150 61 me?
1433 524 140 59 Am
1618 523 37 58 I
1702 523 127 58 not
1875 520 151 77 just
2070 538 78 42 as

228 618 208 59 much
465 618 98 58 all
595 615 233 78 right?
906 615 319 76 Suppose
1254 630 93 42 an
1373 608 523 82 impossibility.
1979 609 128 77 Sup-

226 726 168 59 pose
441 708 37 58 I
522 707 144 61 had
709 708 126 57 not
877 705 175 60 been
1095 704 196 60 born.
1390 702 319 77 Suppose
1756 697 393 78 something

226 797 144 60 had
398 794 446 63 sidetracked
870 811 125 42 me.
1071 792 220 61 What
1316 790 238 61 would
1579 789 175 59 have
1781 787 369 77 happened

225 888 75 57 to
348 882 351 76 eternity?
792 883 36 59 I
879 882 172 61 dont
1099 898 110 44 see
1254 881 157 61 how
1457 878 212 61 Jesus
1717 876 211 62 could
1974 876 174 58 have

228 976 172 60 been
454 972 256 78 passed
760 971 109 76 by.
973 970 151 59 Nor
1178 970 87 61 do
1321 968 37 59 I
1414 985 112 43 see
1578 966 158 61 how
1790 966 37 58 I
1881 981 135 43 can
2067 964 83 60 be

228 1064 255 77 passed
526 1062 107 76 by.
729 1061 158 61 God
930 1060 144 61 had
1114 1062 76 57 to
1237 1058 88 61 do
1368 1057 79 61 it.
1540 1056 229 61 When
1814 1053 121 61 the
1979 1052 171 61 time

229 1169 192 43 came
451 1151 115 60 for
597 1168 108 43 me
737 1150 152 61 God
916 1149 144 61 had
1087 1166 92 42 no
1212 1144 442 64 alternative.
1734 1145 160 58 You
1926 1141 226 77 might

229 1259 77 41 as
338 1240 160 61 well
533 1243 130 73 put
698 1239 96 61 off
826 1240 402 60 to-morrow
1263 1253 77 43 as
1373 1238 134 74 put
1540 1235 99 60 off
1673 1250 42 42 a
1750 1249 166 43 man
1949 1231 201 61 when

226 1328 112 61 his
370 1329 136 75 day
533 1328 128 59 has
693 1343 207 44 come.
980 1325 92 61 So
1100 1326 37 58 I
1166 1328 121 73 got
1316 1342 117 59 my
1462 1321 139 61 size
1630 1321 145 61 and
1803 1320 232 78 shape.
2114 1319 36 58 I

229 1437 116 42 am
394 1436 78 42 as
519 1417 120 76 big
687 1434 78 42 as
816 1413 348 80 anything
1211 1414 296 61 because
1554 1409 301 79 nothing
1902 1408 120 78 big
2072 1425 78 44 or

226 1507 191 61 little
450 1505 211 61 could
690 1509 116 71 get
840 1504 209 76 along
1079 1502 303 61 without
1414 1518 126 43 me.
1621 1500 187 59 lam
1839 1516 78 42 as
1947 1497 163 61 beau-

226 1597 173 60 tiful
428 1613 78 42 as
536 1593 347 78 anything
908 1593 295 61 because
1232 1589 301 78 nothing
1560 1587 354 63 beautiful
1943 1586 209 62 could

226 1686 83 60 be
341 1682 354 62 beautiful
728 1681 302 61 without
1065 1697 124 43 me.
1270 1679 112 60 Do
1414 1695 141 59 you
1587 1676 139 61 call
1758 1674 318 79 yourself
2110 1691 42 43 a

226 1773 263 61 worm?
585 1771 241 61 That's
874 1771 99 60 all
1021 1768 192 77 right
1259 1767 61 61 if
1366 1785 142 60 you
1554 1784 204 43 mean
1804 1768 76 58 to
1926 1763 226 63 honor

226 1864 121 59 the
392 1879 237 43 worm.
724 1860 148 60 But
917 1857 60 60 if
1020 1875 140 58 you
1208 1873 205 44 mean
1455 1859 77 57 to
1579 1855 210 61 abase
1834 1851 318 80 yourself

225 1951 172 61 then
437 1968 142 58 you
621 1967 120 41 are
784 1947 253 77 unjust
1077 1949 75 57 to
1194 1945 121 61 the
1357 1961 237 45 worm.
1687 1942 38 60 I
1768 1958 211 44 never
2025 1940 127 61 ask

230 2039 287 77 myself:
596 2039 112 58 Do
737 2054 141 59 you
907 2036 207 60 know
1145 2034 157 61 how
1330 2031 192 63 little
1551 2049 142 60 you
1726 2031 164 61 are?
1968 2030 184 60 lam

230 2130 264 75 always
539 2127 320 76 nudging
903 2123 252 78 myself
1197 2121 78 61 in
1317 2123 121 59 the
1484 2119 146 63 ribs
1676 2120 143 61 and
1862 2118 287 78 asking:

229 2219 110 59 Do
376 2234 143 59 you
557 2214 254 62 realize
849 2214 157 60 how
1043 2212 121 77 big
1199 2229 141 60 you
1381 2210 162 61 are?
1626 2209 152 61 Nor
1816 2209 160 61 how
2013 2208 139 62 bad

229 2308 37 57 I
304 2323 131 42 am.
521 2304 128 60 No.
734 2304 148 59 But
916 2302 159 59 how
1112 2301 180 76 good
1328 2301 38 58 I
1404 2316 132 43 am.
1621 2298 151 61 Nor
1806 2298 160 60 how
1999 2313 114 62 pos-

230 2394 176 63 sible
458 2392 62 62 it
569 2392 64 60 is
685 2392 113 60 for
851 2407 108 43 me
1009 2392 76 58 to
1137 2387 151 61 fail.
1390 2387 128 61 No.
1620 2387 149 60 But
1820 2386 159 61 how
2030 2384 80 61 im-

226 2483 308 78 possible
568 2481 62 61 it
665 2480 63 62 is
766 2481 113 60 for
917 2497 108 44 me
1061 2481 126 58 not
1222 2481 76 57 to
1338 2476 306 62 succeed.
1734 2475 93 62 So
1861 2492 142 61 you
2041 2492 111 43 see

226 2574 158 59 how
407 2571 62 61 it
492 2570 62 61 is
582 2571 179 60 lam
785 2568 168 77 glad
978 2568 37 59 I
1039 2584 148 44 was
1212 2567 196 61 born.
1482 2566 160 60 You
1669 2582 163 61 may
1860 2581 111 45 see
1994 2563 158 61 how

228 2662 115 59 far
381 2661 179 61 back
602 2678 117 57 my
759 2674 287 44 reasons
1089 2674 104 60 go.
1284 2656 159 60 You
1485 2671 163 61 may
1688 2671 112 44 see
1838 2654 159 61 how
2036 2652 116 60 far

230 2751 226 60 ahead
502 2767 117 58 my
666 2764 287 45 reasons
1004 2763 101 59 go.
1202 2745 38 60 I
1287 2744 176 61 have
1509 2741 266 64 trailed
1819 2760 93 43 no
1961 2740 191 62 sable

230 2840 244 60 clouds
517 2839 74 60 of
632 2840 231 73 regret
906 2852 237 44 across
1184 2852 117 59 my
1339 2835 183 76 past.
1613 2833 38 59 I
1693 2833 177 76 drag
1909 2849 92 43 no
2043 2830 73 61 ob-

230 2927 320 77 strucing
592 2925 273 63 burden
907 2924 75 61 of
1024 2923 218 62 doubt
1284 2939 97 61 up
1423 2924 76 59 to
1538 2920 122 61 the
1705 2920 171 61 door
1917 2919 75 62 of
2032 2919 120 61 the

229 3019 260 59 future.
573 3018 36 57 I
646 3017 171 75 keep
854 3014 99 60 all
985 3031 193 59 ways
1214 3029 180 60 open
1427 3013 76 58 to
1538 3010 99 61 all
1672 3010 146 61 life.
1903 3010 38 59 I
1975 3008 177 61 have

229 3106 314 62 received
581 3123 91 42 an
709 3102 460 63 inheritance.
1258 3102 73 60 It
1368 3099 271 63 crowds
1677 3117 108 43 me
1823 3102 76 57 to
1937 3097 177 79 reple-

226 3197 155 60 tion
430 3195 175 61 with
656 3193 245 60 riches.
999 3193 73 59 It
1119 3190 238 63 builds
1408 3207 91 43 on
1550 3188 186 61 after
1787 3187 99 61 all
1935 3184 180 64 tradi-

226 3285 229 61 tional
492 3282 315 62 builders
849 3297 119 44 are
1009 3281 194 61 done.
1291 3280 72 59 It
1400 3277 63 61 is
1503 3277 173 78 fiery
1710 3275 176 63 with
1924 3277 187 59 extra-

228 3374 259 62 mortal
513 3370 487 79 inspirations.
1074 3367 254 64 Which
1361 3367 96 61 all
1485 3384 227 44 comes
1739 3365 174 62 with
1942 3362 207 76 being
