2376 3805
223 942 35 64 I
292 942 132 46 have
463 946 109 43 met
613 959 118 33 men
773 946 105 46 and
920 959 197 31 women
1158 945 105 47 and
1304 959 119 33 men
1464 945 105 45 and
1610 959 225 31 women:
1886 942 128 64 they
2055 956 92 33 are

360 1023 77 47 all
476 1025 159 45 sizes:
680 1027 92 60 yet
807 1026 129 62 they
971 1040 93 32 are
1102 1026 77 46 all
1216 1040 97 32 one
1352 1026 131 46 size:

226 1103 24 46 I
298 1103 132 47 have
476 1119 157 33 never
678 1120 58 32 so
782 1106 86 46 far
914 1109 109 44 met
1068 1121 31 32 a
1144 1121 126 32 man
1314 1121 59 31 or
1420 1120 31 32 a
1497 1120 206 32 woman
1750 1105 144 45 little
1941 1102 206 62 enough

362 1186 83 46 for
490 1201 82 32 me
616 1189 55 44 to
715 1187 61 46 be
820 1190 259 58 arrogant
1120 1187 157 47 with:

226 1267 25 45 I
293 1267 132 46 have
464 1283 158 30 never
661 1284 59 30 so
759 1269 88 45 far
886 1270 109 44 met
1033 1284 32 32 a
1105 1284 124 30 man
1270 1284 59 29 or
1369 1283 31 31 a
1440 1283 207 31 woman
1686 1269 92 61 big
1816 1267 207 61 enough
2065 1267 82 45 for

362 1364 81 30 me
482 1351 56 45 to
577 1349 213 47 humble
828 1350 193 61 myself
1058 1351 82 45 to:

227 1429 122 45 Men
391 1430 104 46 and
534 1444 200 32 women
774 1430 130 46 dont
946 1444 137 32 seem
1122 1432 56 44 to
1219 1445 81 31 me
1339 1430 153 46 made
1533 1431 55 45 to
1628 1430 61 46 be
1729 1429 204 62 figured
1972 1443 168 47 upon:

363 1510 127 62 they
537 1525 90 32 are
674 1511 152 46 made
872 1512 57 45 to
976 1511 63 46 be
1085 1509 432 47 immeasurable:

228 1591 144 61 They
406 1591 131 46 dont
574 1605 137 32 seem
746 1594 58 43 to
840 1606 82 31 me
957 1591 153 46 made
1148 1594 56 43 to
1239 1592 61 45 be
1337 1591 248 61 accepted
1621 1606 59 30 or
1720 1590 256 60 rejected:
2023 1590 127 61 they

363 1685 91 32 are
494 1671 153 46 made
687 1674 56 44 to
782 1672 61 45 be
882 1686 89 46 my
1012 1671 296 46 comrades:

231 1752 92 46 We
377 1768 91 30 are
523 1752 76 46 all
654 1768 57 30 so
765 1752 155 46 much
975 1752 144 46 alike
1173 1752 27 45 I
1254 1752 131 46 dont
1441 1766 84 32 see
1578 1751 117 47 how
1747 1766 78 36 we
1878 1752 156 46 could
2089 1752 61 46 be

364 1834 273 47 different:

232 1912 90 46 We
363 1926 91 32 are
495 1912 76 46 all
612 1928 57 30 so
710 1912 250 47 different
1000 1912 26 46 I
1066 1912 148 47 don't
1256 1928 85 31 see
1380 1912 117 47 how
1535 1928 78 31 we
1652 1912 156 47 could
1850 1912 100 47 fail
1991 1915 58 44 to
2090 1914 61 45 be

363 1994 168 45 alike:

230 2074 45 44 A
317 2074 100 45 few
456 2074 245 47 horizons
741 2075 171 47 added
951 2078 57 44 to
1047 2090 33 32 a
1120 2075 170 47 man's
1331 2076 208 47 dream:
1588 2076 68 46 do
1695 2075 127 64 they
1861 2075 155 47 make
2057 2090 96 31 one

362 2170 124 32 man
523 2155 174 47 better
732 2155 135 47 than
903 2156 259 47 another?

230 2236 44 45 A
320 2235 101 47 few
470 2236 177 46 inches
697 2238 170 45 added
915 2239 57 44 to
1022 2252 32 31 a
1102 2238 170 45 man's
1319 2238 184 47 waist:
1562 2238 66 47 do
1676 2238 128 62 they
1851 2238 155 45 make
2055 2252 97 31 one

360 2332 125 31 man
529 2318 244 59 superior
815 2319 58 44 to
915 2318 259 47 another?

230 2398 156 45 From
421 2410 120 49 way
576 2413 73 46 up
685 2398 149 47 these
871 2413 91 32 are
999 2398 130 47 such
1166 2399 175 46 minor
1378 2400 252 46 matters:
1679 2399 91 46 the
1807 2413 146 32 wave
1991 2399 160 61 drops

362 2492 152 48 away
553 2479 56 46 in
650 2478 91 47 the
781 2493 114 32 sea:

232 2559 155 46 From
439 2574 119 47 way
608 2574 72 47 up
734 2574 97 32 our
885 2561 173 46 castes
1111 2561 107 47 and
1268 2561 329 46 borderlines
1652 2575 91 32 are
1797 2561 128 46 such
1978 2561 174 46 minor

363 2641 253 45 matters:
669 2640 127 62 they
838 2640 147 62 lapse
1027 2655 154 49 away
1223 2643 56 44 in
1318 2641 93 47 the
1451 2641 144 47 soul:

236 2720 98 47 For
374 2735 78 31 we
495 2735 91 32 are
630 2721 53 46 in
729 2721 91 46 the
863 2723 99 45 end
1004 2724 95 44 not
1140 2723 230 45 masters
1413 2723 107 45 and
1563 2721 189 58 slaves,
1795 2724 96 44 not
1934 2737 71 47 up
2051 2723 102 45 and

365 2801 178 46 down:
586 2817 77 30 we
698 2817 92 30 are
824 2803 126 61 only
983 2803 245 47 brothers
1263 2804 107 46 and
1404 2804 206 46 sisters.
