2376 3805
654 285 260 60 KEEP
955 284 259 62 YOUR
1255 286 250 61 PACE
1550 288 117 61 TO
1709 290 193 59 THE
1950 288 187 62 SUN

1152 3477 93 45 128

233 469 139 60 pay
416 452 72 59 of
529 452 120 60 the
694 468 132 43 sun
869 452 61 59 is
972 452 119 60 the
1131 469 141 61 pay
1314 454 73 60 of
1429 455 118 60 the
1592 474 218 60 crops.
1904 458 74 58 Is
2021 457 121 59 the

233 558 138 57 pay
411 540 73 60 of
522 540 268 60 houses.
878 542 72 57 Is
990 542 119 59 the
1147 559 139 60 pay
1325 544 71 59 of
1438 543 380 63 dividends.
1909 547 74 57 Is
2020 546 120 58 the

225 643 137 61 pay
386 627 74 59 of
483 627 213 77 profit
722 629 142 59 and
886 628 158 61 loss.
1076 631 142 59 The
1241 648 139 60 pay
1402 632 74 60 of
1500 651 115 60 my
1641 634 273 60 dreams
1937 632 64 58 is
2025 631 119 61 the

235 732 139 60 pay
409 717 74 58 of
519 716 170 61 love.
775 718 72 59 Is
884 717 118 61 the
1037 736 141 60 pay
1213 717 74 62 of
1324 739 157 43 men
1519 723 140 60 and
1695 739 268 43 women
2002 721 142 59 and

237 803 334 61 children.
646 806 73 58 Is
746 806 118 60 the
889 824 140 58 pay
1054 807 74 60 of
1154 806 480 80 immortality.
1711 810 37 58 I
1776 812 118 56 too
1924 807 58 59 O
2011 825 132 43 sun

237 895 114 73 get
383 893 203 60 down
616 911 90 42 on
737 913 116 57 my
882 895 208 61 knees
1119 899 74 57 to
1223 915 154 59 you.
1458 900 36 57 I
1526 901 116 57 too
1677 897 56 60 O
1767 915 135 42 sun
1933 897 211 59 stand

235 985 186 57 erect
451 981 347 78 honoring
828 1001 155 58 you.
1063 985 37 58 I
1131 987 117 59 too
1284 985 55 60 O
1373 1004 132 42 sun
1537 986 248 78 gather
1816 984 177 61 with
2023 985 120 60 the

235 1070 267 60 crowds
549 1070 573 79 acknowledging
1166 1092 177 58 your
1387 1074 155 60 first
1585 1090 262 44 causes.
1942 1073 37 58 I
2023 1075 119 57 too

240 1158 56 59 O
343 1175 134 44 sun
519 1159 100 61 let
662 1178 90 42 no
797 1159 180 61 rival
1023 1161 235 61 shame
1303 1181 113 43 mv
1461 1161 283 61 tribute.
1838 1161 37 59 I
1919 1163 120 58 too
2086 1159 57 61 O

238 1263 132 43 sun
398 1247 137 59 call
562 1266 139 57 you
729 1248 171 62 God.
974 1250 167 61 And
1164 1268 157 60 you,
1354 1250 56 60 O
1442 1268 151 60 sun,
1625 1250 86 61 do
1738 1267 141 60 you
1907 1248 203 62 realiz-

235 1332 124 78 ing
392 1335 314 75 yourself
742 1337 222 61 admit
1001 1356 107 42 me
1121 1338 29 60 ?
1230 1339 157 59 You
1419 1341 118 58 too
1579 1337 56 59 O
1674 1355 168 43 sun:
1883 1337 86 59 do
2006 1353 139 60 you

238 1426 114 73 get
394 1424 202 60 down
637 1442 90 42 on
766 1442 177 57 your
983 1426 209 59 knees
1231 1426 345 77 honoring
1618 1426 149 59 me?
1853 1426 112 59 Do
2006 1442 139 60 you

240 1511 56 59 O
325 1528 133 44 sun
484 1512 370 77 gathering
878 1512 173 61 with
1076 1515 119 59 the
1222 1517 184 56 stars
1435 1515 141 59 and
1601 1515 119 59 the
1745 1513 231 60 wheat
2004 1513 141 59 and

237 1600 119 61 the
398 1600 331 62 factories
774 1602 486 75 acknowledge
1303 1621 116 57 my
1461 1603 155 59 first
1660 1602 287 60 causes?
2034 1601 111 60 Do

238 1706 137 59 you
419 1687 56 60 O
521 1708 133 40 sun
695 1689 332 77 bringing
1067 1689 267 62 tribute
1380 1691 85 60 do
1510 1709 77 40 as
1632 1690 207 61 much
1881 1690 113 59 for
2039 1706 108 43 me

240 1794 75 41 as
357 1793 139 58 any
535 1776 199 61 other
773 1779 141 58 and
952 1777 231 60 more?
1267 1779 109 58 Do
1414 1795 140 59 you
1593 1777 56 59 O
1691 1794 132 43 sun
1862 1776 139 61 call
2040 1794 108 43 me

238 1864 198 61 God?
525 1866 37 57 I
606 1865 174 60 have
826 1865 155 61 said
1027 1866 72 59 of
1142 1883 140 57 you
1328 1865 57 60 O
1432 1884 166 41 sun:
1644 1883 141 60 you
1829 1865 159 60 feed
2031 1882 116 59 my

237 1954 199 75 body.
533 1954 109 60 Do
687 1972 140 57 you
877 1970 124 59 say
1047 1954 74 58 of
1168 1972 107 42 me
1324 1953 57 59 O
1429 1970 166 44 sun:
1642 1972 140 58 you
1827 1953 160 61 feed
2030 1969 117 60 my

240 2043 196 60 soul?
525 2044 37 57 I
605 2043 174 60 have
825 2043 155 61 said
1020 2045 75 58 to
1140 2061 115 57 my
1301 2042 281 77 darling
1626 2043 358 60 comrades
2027 2043 120 60 the

237 2129 205 60 lands
478 2130 140 60 and
652 2148 150 42 seas
837 2148 160 42 over
1030 2129 298 78 gasping
1361 2130 111 61 for
1505 2129 160 61 life:
1744 2130 194 77 Keep
1970 2147 179 60 your

239 2218 153 60 face
418 2222 75 56 to
520 2219 118 60 the
668 2236 149 42 sun.
896 2221 35 56 I
958 2219 175 60 have
1165 2219 154 60 said
1345 2222 75 56 to
1448 2219 226 60 them:
1750 2218 110 60 No
1891 2221 258 57 matter

238 2307 190 60 what
458 2307 334 77 happens,
822 2326 92 41 110
944 2310 259 58 matter
1234 2308 110 59 for
1373 2306 395 61 barbarism
1799 2307 141 60 and
1970 2324 135 41 mur-

242 2396 139 75 der,
436 2414 90 42 no
578 2398 258 58 matter
887 2397 112 59 for
1049 2396 295 75 robbery
1397 2396 141 60 and
1592 2393 414 78 starvation,
2059 2412 91 42 no

240 2487 259 57 matter
549 2485 112 59 for
708 2484 331 77 yawning
1086 2484 413 78 perditions,
1551 2485 170 76 keep
1773 2501 176 59 your
1998 2485 152 58 face

238 2575 75 57 to
347 2572 119 61 the
502 2589 149 43 sun.
732 2572 166 61 And
934 2574 35 57 I
1005 2590 124 59 say
1161 2575 75 57 to
1268 2590 140 59 you
1444 2571 56 60 O
1537 2590 133 42 sun
1707 2570 444 77 subtracting

238 2680 91 42 no
385 2664 192 58 atom
630 2661 186 60 from
868 2661 119 61 the
1044 2678 155 43 sum
1253 2661 73 60 of
1380 2678 177 60 your
1612 2658 536 78 illimitability:

239 2752 194 74 Keep
465 2768 178 58 your
676 2750 154 61 face
860 2753 75 57 to
967 2768 124 42 me.
1175 2749 410 61 Comrades:
1625 2748 241 61 Come:
1902 2764 206 43 assem-

239 2839 109 60 ble
378 2839 400 75 yourselves
812 2839 215 60 about
1060 2857 123 42 me.
1267 2839 142 60 The
1442 2839 155 59 first
1626 2837 196 61 word
1853 2835 182 60 shall
2067 2837 83 59 be

239 2929 120 61 the
400 2929 143 59 last
586 2929 197 60 word
827 2929 141 60 and
1007 2928 121 61 the
1170 2928 142 60 last
1355 2928 197 60 word
1594 2927 118 59 the
1757 2925 156 60 first
1954 2925 195 60 word

243 3017 244 77 again:
571 3017 195 76 Keep
803 3035 179 58 your
1021 3017 153 60 face
1209 3019 75 58 to
1321 3017 120 58 the
1480 3033 150 42 sun.
