2376 3805
631 276 119 61 TO
788 276 320 61 LEAVE
1148 275 132 61 NO
1318 275 262 62 DOOR
1619 272 530 65 UNOPENED

1148 3484 69 47 84

231 445 76 61 in
358 445 213 61 holes.
674 444 149 61 Our
875 444 393 62 eminences
1322 442 164 64 hide
1538 461 83 44 ns
1677 460 216 60 away.
1997 440 119 63 Get-

230 533 157 77 ting
416 533 225 62 ahead
670 534 74 59 of
773 531 456 79 competitors
1258 533 200 59 hides
1488 550 84 42 lis
1602 550 216 60 away.
1898 531 37 60 I
1968 533 117 76 get
2115 548 40 42 a

230 620 189 62 little
466 639 190 42 more
702 638 250 58 money
994 620 178 61 than
1218 620 119 61 the
1384 624 168 57 next
1597 639 182 41 man.
1875 620 195 61 Then
2119 619 36 58 I

230 708 162 62 hide
447 727 200 57 away
699 710 187 60 from
937 708 164 62 him.
1204 709 194 61 Then
1450 710 37 59 I
1538 708 163 63 hide
1754 708 148 61 him
1955 726 200 58 away

230 797 185 59 from
459 816 125 42 me.
677 797 64 59 A
782 797 281 77 private
1105 797 275 78 victory
1420 797 62 62 is
1527 802 125 57 not
1694 794 456 80 integration.

231 886 72 59 It
346 884 63 61 is
456 884 443 63 dissolution.
999 886 233 61 Social
1276 884 259 64 wealth
1583 887 247 60 stands
1877 886 114 59 for
2034 883 121 61 the

230 992 179 59 open
452 974 188 61 door.
730 974 343 61 Personal
1116 974 428 78 acquisition
1587 973 249 62 stands
1879 973 113 60 for
2034 972 121 61 the

230 1061 355 77 frowning
611 1062 184 61 wall.
873 1065 37 57 I
937 1062 229 62 indict
1190 1063 120 61 the
1341 1066 296 75 systems
1665 1063 297 59 because
1987 1060 168 76 they

231 1148 195 64 drive
454 1168 159 44 men
644 1154 226 73 apart.
950 1152 232 76 Every
1210 1148 418 64 institution
1657 1148 284 61 created
1969 1148 115 60 for
2114 1165 41 42 a

230 1241 190 59 caste
458 1237 130 63 sits
622 1237 176 63 with
833 1239 236 62 closed
1105 1241 223 60 doors.
1413 1240 73 60 It
1520 1237 245 61 thinks
1801 1236 200 61 itself
2034 1236 121 61 the

230 1325 374 62 custodian
636 1328 75 60 of
741 1345 42 43 a
812 1330 338 60 treasure.
1232 1329 72 59 It
1333 1326 62 62 is
1428 1326 169 76 only
1627 1326 120 61 the
1779 1328 272 58 trustee
2081 1325 74 61 of

233 1434 92 41 an
383 1415 460 78 assumption.
948 1416 145 60 For
1149 1415 61 61 it
1268 1414 265 79 always
1592 1414 221 61 closes
1874 1416 125 58 out
2055 1411 67 61 in-

230 1502 275 77 finitely
541 1522 189 43 more
764 1504 179 61 than
976 1503 63 61 it
1077 1503 221 62 closes
1334 1503 94 59 in.
1517 1504 37 58 I
1590 1500 230 64 indict
1856 1502 121 60 the
2016 1518 104 61 sys-

228 1594 179 59 tems
453 1592 297 61 because
796 1592 168 75 they
1011 1589 185 62 close
1240 1589 190 62 their
1478 1593 314 58 creators
1837 1589 96 61 in.
2028 1589 83 61 Be-

230 1695 209 45 cause
494 1678 170 78 they
720 1679 200 61 make
976 1678 417 62 themselves
1450 1678 283 61 useless.
1841 1678 314 60 Because

227 1767 168 76 they
431 1785 120 43 are
588 1768 301 76 arrayed
927 1767 282 77 against
1244 1768 123 61 the
1404 1768 177 60 mob.
1668 1766 281 62 There's
1987 1766 168 77 only

228 1874 129 42 one
388 1856 179 75 good
597 1853 148 64 side
772 1858 76 58 to
876 1856 121 60 the
1026 1856 175 60 mob.
1281 1855 241 61 That's
1553 1855 121 61 the
1701 1853 249 63 inside.
2010 1853 144 61 The

230 1945 175 59 mob.
506 1943 141 61 All.
754 1943 281 63 There's
1089 1943 169 77 only
1312 1961 130 43 one
1498 1943 183 79 good
1737 1942 149 62 side
1939 1946 76 58 to
2071 1941 77 62 it.

224 2031 320 78 Nothing
570 2030 62 62 is
664 2049 75 43 so
764 2030 192 63 little
985 2049 76 43 as
1091 2049 41 42 a
1158 2030 119 79 big
1303 2031 207 78 thing
1535 2030 78 61 in
1642 2049 42 42 a
1708 2030 150 80 jail.
1934 2031 174 61 Noth-

226 2119 123 77 ing
388 2119 62 61 is
492 2138 77 42 so
608 2119 121 77 big
771 2138 77 43 as
891 2139 42 42 a
971 2119 192 63 little
1201 2119 208 78 thing
1450 2121 147 61 free
1639 2124 127 57 out
1806 2120 75 61 of
1922 2121 225 61 doors.

230 2206 147 61 Our
417 2206 435 63 civilization
890 2206 63 61 is
993 2227 42 42 a
1072 2208 120 77 big
1229 2208 224 78 thing.
1541 2210 148 60 But
1727 2208 119 62 it's
1884 2208 79 61 in
1999 2208 149 78 jail.

224 2297 235 61 We've
492 2298 121 75 got
645 2299 76 59 to
755 2299 116 74 get
901 2295 61 63 it
995 2300 125 58 out
1153 2297 76 61 of
1262 2298 225 61 doors.
1571 2298 184 60 That
1788 2297 84 78 is,
1906 2297 248 78 you've

224 2387 135 73 put
393 2402 131 43 our
558 2383 436 63 civilization
1025 2384 78 61 in
1135 2385 238 61 vaults
1408 2385 145 61 and
1582 2385 177 61 used
1788 2384 62 62 it
1884 2385 115 61 for
2032 2385 122 61 the

227 2473 136 61 few
407 2471 284 78 against
734 2473 120 61 the
901 2473 251 61 crowd.
1243 2472 236 62 We've
1525 2476 121 75 got
1689 2477 76 57 to
1808 2473 180 61 level
2032 2474 120 60 the

224 2561 254 61 vaults.
565 2558 236 64 We've
840 2563 120 75 got
997 2563 77 59 to
1113 2563 116 75 get
1268 2580 130 42 our
1439 2559 435 64 civilization
1914 2565 125 58 out
2079 2563 75 60 of

227 2651 225 60 doors.
539 2650 235 61 We've
816 2652 121 74 got
975 2653 76 58 to
1091 2650 194 62 hand
1323 2648 62 63 it
1426 2651 292 61 around.
1813 2648 197 80 Open
2055 2650 97 61 all

223 2737 121 61 the
374 2737 224 61 doors.
674 2737 130 61 Let
833 2739 392 76 everybody
1251 2737 95 61 in.
1423 2740 159 75 Yes,
1616 2755 171 44 even
1816 2739 120 60 the
1967 2739 147 60 dere-

223 2825 182 62 licts.
490 2826 220 61 Hand
745 2825 434 62 civilization
1218 2827 290 61 around.
1593 2829 130 59 Let
1760 2827 392 78 everybody

222 2914 164 77 help
416 2912 304 63 himself.
800 2914 241 61 That's
1073 2914 249 76 crazy?
1400 2914 92 61 So
1524 2914 59 61 it
1614 2914 80 61 is.
1773 2916 148 60 But
1950 2915 160 60 noth-

223 3001 123 78 ing
382 3001 79 61 in
497 3000 147 64 this
680 3003 228 61 world
945 3020 158 44 ever
1141 3006 121 74 got
1299 3003 96 61 its
1436 3004 274 77 growth
1750 3004 117 60 till
1906 3003 61 62 it
2005 3022 145 42 was

224 3108 224 58 crazy.
527 3090 111 63 No
671 3109 158 42 man
867 3108 160 45 ever
1058 3090 123 64 did
1211 3092 348 77 anything
1587 3095 78 58 to
1693 3093 186 77 push
1906 3092 244 78 things

224 3179 211 76 along
463 3179 276 76 beyond
765 3178 119 61 till
912 3179 86 61 he
1028 3179 225 76 began
1282 3183 75 57 to
1386 3180 86 61 be
1501 3180 228 61 called
1760 3198 42 42 a
1832 3182 145 59 fool
2010 3182 138 59 and

224 3286 41 42 a
297 3271 283 75 suspect
611 3269 142 61 and
779 3286 148 43 was
958 3268 298 62 avoided
1281 3269 93 77 by
1402 3268 111 61 his
1545 3268 291 62 friends.
1897 3271 254 59 Throw

223 3356 414 78 everything
688 3356 180 63 wide
923 3375 198 61 open.
1223 3358 197 61 Dont
1472 3376 236 60 worry
1761 3360 216 59 about
2029 3358 119 61 the
