2376 3805
215 268 480 65 COLLECTS

1168 3491 58 45 19

218 439 156 62 law.
485 440 195 65 She's
735 442 412 64 inveterate.
1254 443 138 61 She
1449 444 284 75 asserts,
1793 440 121 63 she
1972 458 134 43 sum-

219 547 223 59 mons,
487 531 122 63 she
656 532 355 62 demands.
1106 534 135 60 Yet
1288 532 177 62 she's
1511 532 201 61 calm.
1811 531 170 62 She:
2029 529 121 61 the

222 620 274 62 mother
528 618 390 65 incarnate.
1004 621 195 62 She's
1233 622 119 61 the
1388 621 350 62 maternal
1771 620 204 60 made
2008 636 106 43 rev-

222 707 296 62 olution.
611 710 196 62 She's
849 729 136 43 sex.
1073 712 291 60 Women
1411 710 194 62 don't
1647 710 99 59 all
1789 707 361 79 recognize

219 795 144 62 her.
459 797 192 78 They
694 816 121 45 are
862 797 318 64 dubious.
1272 800 148 60 But
1465 799 121 61 she
1629 799 333 77 proceeds
2009 796 142 61 and

223 901 163 61 says
412 885 319 79 nothing.
813 887 135 61 She
978 887 162 60 asks
1168 905 90 43 no
1288 887 238 60 favors
1555 886 144 61 and
1727 885 190 79 gives
1948 903 199 43 none.

225 974 137 62 She
405 975 174 61 dont
621 975 378 79 apologize.
1092 975 137 64 She
1272 976 163 60 asks
1475 975 336 78 nobody's
1853 974 258 79 forgive-

223 1081 179 44 ness.
489 1065 137 63 She
659 1067 237 61 makes
928 1084 92 44 no
1050 1064 331 80 palsying
1413 1063 515 81 explanations.
2016 1063 138 61 She

225 1169 162 60 goes
421 1171 92 43 on
545 1154 142 62 and
717 1172 108 43 on.
905 1154 172 61 Just
1110 1172 77 42 as
1221 1153 435 77 gravitation
1689 1171 161 59 goes
1886 1171 91 42 on
2013 1152 139 59 and

226 1260 109 41 on.
416 1242 172 62 Just
619 1260 78 44 as
726 1242 170 62 time
927 1260 160 59 goes
1119 1261 90 43 on
1241 1243 142 61 and
1412 1260 107 43 on.
1600 1242 123 77 My
1755 1258 157 61 eyes
1943 1258 211 43 never

228 1332 159 76 stop
429 1329 177 61 with
646 1331 120 62 the
805 1348 293 44 woman.
1190 1332 35 57 I
1267 1347 165 61 pass
1474 1333 75 57 to
1590 1329 160 61 that
1790 1331 93 76 by
1923 1327 231 62 which

228 1418 122 61 she
397 1417 64 62 is
510 1418 330 64 fortified.
937 1418 244 61 Listen
1229 1422 75 57 to
1352 1417 193 61 what
1595 1417 120 62 she
1765 1434 178 61 says.
2042 1418 110 59 Do

227 1525 140 58 you
397 1507 277 62 belittle
708 1509 126 60 her
870 1524 310 59 message
1194 1507 30 60 ?
1305 1509 310 59 Return:
1652 1505 215 62 listen
1905 1505 246 78 again:

227 1594 226 80 weigh
503 1596 127 62 her
679 1613 211 61 grave
943 1594 454 63 confessions.
1498 1596 234 76 Every
1782 1595 198 61 word
2033 1594 121 61 she

227 1702 161 59 says
426 1682 61 61 is
524 1685 121 61 the
682 1685 197 61 word
915 1685 74 61 of
1027 1682 415 64 revolution.
1531 1684 197 61 Dont
1764 1702 142 58 you
1944 1681 210 64 think

225 1773 246 76 you've
498 1775 172 60 been
697 1774 288 61 warned
1012 1773 319 77 enough?
1407 1771 137 63 Get
1572 1789 179 60 your
1779 1771 372 79 impudent

231 1865 339 74 property
597 1865 124 60 out
749 1863 74 61 of
847 1863 119 61 the
990 1881 174 58 way.
1243 1862 184 61 That
1454 1860 314 63 infernal
1793 1864 358 75 property.

231 1952 71 59 It
358 1948 399 80 interrupts
813 1950 120 61 the
988 1948 247 62 vision.
1343 1950 149 60 But
1548 1950 113 60 for
1717 1948 61 61 it
1834 1949 177 61 we'd
2069 1967 85 60 go

231 2037 308 79 straight
588 2042 76 58 to
713 2057 131 42 our
893 2039 152 61 end.
1143 2038 432 61 Pankhurst.
1674 2039 35 59 I
1760 2038 221 61 heard
2029 2038 126 60 her

230 2128 215 75 speak
482 2127 121 62 the
641 2127 201 61 other
880 2126 221 78 night.
1188 2128 73 60 It
1295 2145 146 43 was
1478 2126 77 61 in
1596 2145 42 42 a
1675 2127 167 60 hall.
1931 2127 177 61 Thou-

232 2215 215 62 sands
484 2216 75 61 of
592 2216 246 77 people
875 2234 181 44 were
1092 2216 216 61 there.
1398 2216 137 61 She
1569 2232 146 44 was
1754 2234 91 43 on
1881 2215 120 61 the
2037 2215 120 77 big

232 2306 197 74 stage
472 2301 79 62 in
594 2304 119 60 the
758 2304 155 59 half
959 2304 193 60 dark.
1251 2304 136 60 She
1434 2304 213 77 spoke
1690 2305 75 59 to
1812 2321 102 43 us.
2011 2304 144 59 The

235 2395 202 74 great
491 2390 327 80 building
879 2390 480 80 disappeared.
1469 2392 144 61 The
1667 2409 278 44 woman
2001 2392 156 60 who

233 2480 214 76 spoke
476 2480 142 61 and
645 2479 199 62 those
873 2480 155 61 who
1056 2498 182 43 were
1270 2480 263 78 spoken
1562 2483 75 58 to
1669 2479 483 80 disappeared.

235 2571 35 58 I
320 2587 146 42 was
517 2569 132 61 left
699 2568 205 62 alone
953 2568 176 61 with
1178 2587 92 42 an
1318 2568 178 62 idea.
1596 2569 144 61 The
1789 2587 197 59 pure,
2038 2570 121 60 the

240 2655 374 75 uiidefiled,
675 2655 176 63 idea.
962 2657 442 61 Revolution.
1512 2657 144 61 Are
1714 2674 144 60 you
1919 2657 238 61 afraid

233 2745 201 60 now?
548 2745 74 59 Is
688 2744 119 61 the
875 2744 272 61 mother
1213 2744 78 61 in
1356 2763 141 57 you
1564 2744 239 61 afraid
1803 2763 169 42 —or
2038 2745 121 61 the

235 2833 279 61 father?
600 2832 98 61 Or
734 2833 63 60 is
833 2833 119 61 the
990 2833 193 62 child
1218 2833 77 60 in
1329 2852 141 57 you
1507 2832 281 63 afraid?
1870 2836 112 59 Do
2019 2852 141 60 you

232 2921 248 61 shrink
522 2922 179 61 back
743 2919 174 63 with
961 2922 253 61 horror
1258 2922 186 61 from
1487 2922 146 61 this
1675 2921 234 62 issue?
1999 2925 158 58 You

228 3010 169 61 dare
421 3012 77 59 to
524 3010 492 76 acknowledge
1041 3010 327 61 mothers.
1440 3011 148 60 But
1616 3029 119 42 are
1757 3027 141 60 you
1924 3008 237 64 afraid

235 3099 73 59 of
341 3097 121 63 the
496 3099 394 61 maternal?
970 3100 157 60 You
1164 3099 168 61 dare
1365 3102 75 58 to
1478 3116 124 59 say
1634 3116 294 44 woman.
2013 3100 148 60 But

233 3205 121 43 are
406 3205 142 59 you
602 3186 238 62 afraid
891 3191 76 57 to
1025 3204 125 61 say
1204 3187 440 61 revolution?
1741 3190 303 60 Woman
2096 3189 63 59 is

233 3275 303 79 offering
598 3294 93 43 no
754 3274 323 80 petition.
1196 3276 137 63 She
1397 3275 63 61 is
1526 3280 126 57 not
1721 3276 250 79 saying
2034 3278 127 61 her

232 3382 313 61 prayers.
632 3364 139 62 She
804 3363 63 62 is
903 3368 125 58 not
1061 3364 294 79 humbly
1388 3364 413 80 beseeching
1836 3367 325 77 anybody
