2441 4017
257 319 210 52 ERNA
515 319 230 52 VITEK

1182 3646 67 50 98

356 491 228 75 "Let's
613 511 107 69 get
751 494 107 72 the
890 496 281 71 minister
1478 492 81 74 he
1593 494 373 73 concluded
2000 495 167 88 quiet-

255 607 89 87 ly.

351 721 136 74 She
514 724 306 72 removed
847 724 94 72 his
967 724 212 73 hands
1210 724 169 73 from
1403 724 114 73 her
1545 724 356 73 shoulders.

702 838 80 72 he
810 839 328 87 repeated.

641 1002 39 42 a
1135 971 110 74 she
1296 988 109 56 cut
1449 970 133 74 him
1632 970 195 80 short,
1883 969 317 89 although

251 1086 64 68 in
348 1115 38 40 a
416 1084 231 73 milder
679 1103 170 54 tone.

614 1234 65 55 to
711 1247 164 56 your
1324 1216 83 73 he
1435 1216 137 73 had
1606 1215 272 72 advised
1907 1215 135 74 her.
2081 1215 117 72 He

249 1360 137 42 was
424 1361 70 41 so
528 1331 244 72 human
810 1331 137 72 that
981 1332 83 72 he
1102 1331 399 73 understood
1539 1331 397 87 everything.
2027 1329 171 75 And

250 1463 131 68 yet,
438 1444 397 89 Jimmy—if
885 1446 110 73 she
1047 1477 171 43 were
1270 1464 111 53 not
1436 1445 230 72 forced
1720 1463 65 56 to
1839 1445 235 72 decide
2127 1475 70 42 so

250 1566 192 67 soon!

349 1674 150 73 Her
528 1676 283 86 strength
840 1707 186 41 came
1054 1676 171 72 back
1253 1676 206 72 under
1487 1676 108 71 the
1624 1676 317 72 influence
1971 1675 76 73 of
2076 1674 121 73 this

251 1792 192 69 tonic.
546 1790 78 73 A
675 1790 162 73 little
887 1790 74 71 of
1011 1792 113 71 her
1174 1793 216 68 innate
1444 1789 439 72 cheerfulness
1934 1789 263 72 revived

250 1935 68 42 as
350 1906 173 71 well.
605 1905 136 73 She
769 1906 242 72 looked
1040 1936 86 56 up
1162 1924 64 53 at
1257 1906 263 86 Jimmy.
1609 1905 130 72 His
1770 1905 287 87 puzzled
2089 1935 71 42 ex-

247 2022 286 85 pression
584 2019 456 88 disappeared,
1093 2020 133 73 and
1275 2020 82 73 he
1407 2019 230 74 smiled
1686 2022 64 69 in
1800 2049 356 58 encourage-

246 2152 196 56 ment.
523 2135 134 72 She
689 2136 228 71 smiled
947 2154 131 53 too.

570 2265 336 73 somethin'
947 2283 65 55 to
1276 2265 81 73 he
1395 2265 178 73 read.
1966 2267 50 71 is

348 2378 464 89 "Marriage'd
867 2380 83 73 be
1012 2380 188 81 Hell,
1635 2380 110 73 she
1804 2378 390 74 announced

245 2495 274 74 without
548 2498 301 71 emotion.

718 2627 84 73 he
840 2626 378 72 demanded
1254 2626 328 88 abruptly,
1623 2627 116 71 but
1778 2626 415 86 recollecting

243 2748 281 80 himself,
557 2747 296 89 stopped.
937 2747 255 87 Dimly,
1223 2747 83 73 he
1336 2778 163 42 once
1529 2778 177 42 more
1737 2747 287 72 realized
2054 2747 139 72 that

249 2867 181 73 Erna
478 2898 139 42 was
671 2899 37 41 a
758 2898 282 43 woman.
1144 2869 170 71 And
1364 2869 108 72 the
1522 2869 209 72 man's
1781 2869 411 86 psychology

246 2991 267 71 assisted
541 2989 163 73 him:
791 2989 258 73 Nature
1080 2989 132 73 and
1240 2989 96 73 his
1365 2991 155 86 long
1549 2989 315 88 enduring
1894 3020 259 57 exasper-

246 3112 174 70 ation
447 3110 137 72 had
610 3110 167 72 been
805 3109 299 73 satisfied.
1186 3109 194 89 Why
1407 3140 216 58 worry
1649 3110 98 74 his
1774 3111 176 73 head
1978 3112 212 86 trying

245 3250 64 54 to
350 3232 401 72 understand
795 3231 226 73 Erna?
1113 3232 126 72 Let
1276 3232 114 73 her
1431 3233 150 71 take
1623 3264 148 40 care
1812 3232 75 72 of
1926 3232 258 72 herself.

243 3352 136 73 She
425 3352 227 74 would
701 3370 299 69 outgrow
1050 3352 113 73 her
1214 3370 254 70 present
1516 3352 220 74 mood.
1846 3354 116 72 He
2014 3383 175 58 grew

241 3473 203 81 blase,
486 3474 132 72 and
655 3474 310 87 repeated
1003 3474 279 88 quietly:
