2441 4017
1676 312 213 52 ERNA
1939 312 231 53 VITEK

1162 3651 67 52 95

214 481 216 75 Breen
464 484 140 75 had
640 504 113 55 not
787 486 165 73 been
990 489 175 86 quite
1200 517 147 43 new
1383 505 66 56 to
1483 488 137 81 her,
1661 518 70 43 so
1765 489 115 73 her
1914 507 257 71 present

209 608 381 87 experience
633 639 140 43 was
817 626 114 56 not
974 611 176 86 quite
1193 639 167 43 new.
1458 609 480 83 Furthermore,
1988 611 182 73 Erna

210 731 338 85 possessed
585 731 339 74 unlimited
961 762 358 57 gameness.
1409 731 157 75 Life
1600 733 138 73 had
1775 763 193 43 never
2005 733 165 73 been

216 852 149 72 able
414 871 64 56 to
524 853 211 74 throw
778 855 113 73 her
941 853 103 74 for
1087 886 38 41 a
1171 853 156 89 long
1375 855 144 72 fall.
1618 855 392 82 Therefore,
2057 855 113 73 her

212 970 308 78 boldness
566 976 321 73 returned.
988 975 245 89 Jimmy
1281 976 291 88 laughed
1620 1008 70 42 as
1734 976 252 83 before,
2038 976 133 74 and

212 1097 111 73 she
356 1098 228 87 joined
616 1098 133 73 him
784 1130 163 41 once
981 1129 200 43 more.

819 1222 82 72 he
937 1220 361 89 requested.

315 1451 118 73 He
481 1470 112 70 got
641 1483 107 57 up.
849 1453 135 73 She
1031 1451 308 75 watched
1386 1453 134 73 him
1567 1453 198 73 dress.
1872 1454 114 72 He
2033 1484 138 44 was

216 1573 162 73 slow
424 1573 134 73 and
597 1575 276 72 careless
914 1577 64 70 in
1021 1575 106 72 the
1169 1575 477 87 performance.
1745 1577 135 73 But
1920 1575 114 73 her
2079 1594 62 56 at-

216 1714 245 54 tention
511 1727 139 42 was
701 1697 325 72 absorbed
1074 1698 89 86 by
1214 1698 106 72 the
1369 1699 327 72 muscular
1745 1699 160 86 play
1954 1698 76 75 of
2075 1699 97 72 his

213 1817 306 88 splendid
551 1818 203 87 body.

682 1934 83 72 he
797 1934 205 72 asked
1036 1935 273 87 smiling.

895 2050 112 72 she
1040 2048 412 89 challenged.

619 2165 224 73 makes
882 2196 134 56 you

537 2395 26 72 I
593 2395 344 74 nothin'?"

316 2627 117 75 He
468 2627 290 88 laughed
791 2629 156 72 with
979 2629 98 72 his
1111 2629 185 73 usual
1333 2629 348 82 readiness,
1719 2629 135 73 and
1884 2647 285 63 content,

218 2748 234 74 turned
496 2749 98 73 his
636 2748 171 74 back
851 2780 85 42 on
978 2749 115 73 her
1134 2749 160 74 with
1336 2751 155 86 lazy
1536 2781 148 42 ease
1729 2751 134 72 and
1903 2751 269 72 walked

213 2902 155 42 over
409 2888 64 54 to
515 2870 107 74 the
661 2874 244 70 mirror.
1002 2871 180 74 Erna
1225 2871 301 74 frowned
1568 2871 282 89 slightly.
1943 2873 184 72 Some-

213 2993 177 80 how,
440 2992 98 72 his
764 2993 136 73 had
946 3012 118 69 put
1111 2994 114 73 her
1272 3025 87 42 on
1406 2993 113 74 her
1567 2994 115 73 old
1733 2993 230 89 guard.
2114 2993 58 74 It

216 3114 261 74 seemed
522 3132 66 54 to
635 3115 161 87 spell
840 3134 329 69 property,
1220 3147 70 42 as
1331 3116 118 72 did
1488 3116 98 73 his
1630 3115 320 74 care-free
1994 3118 148 71 satis-

217 3237 247 72 faction
533 3237 157 72 with
759 3236 279 73 himself.
1164 3237 182 72 Erna
1412 3238 308 73 watched
1789 3237 131 74 him
2014 3240 157 71 with

214 3360 264 85 glances
518 3360 366 85 sharpened
922 3359 89 89 by
1050 3362 283 71 caution.

316 3482 136 73 But
480 3483 48 70 it
558 3511 139 42 was
727 3511 341 57 necessary
1101 3500 66 56 to
1197 3482 198 73 dress.
1483 3482 136 74 She
1651 3513 138 42 was
1821 3482 351 86 beginning
