2441 4017
344 241 211 50 ERNA
604 241 228 50 VITEK

1281 3566 66 50 54

900 410 271 72 Nielsen
1229 409 318 73 admitted
1600 410 156 72 with
1812 409 290 73 cheerful
2156 412 93 86 sly-

341 554 162 41 ness.
842 523 25 73 I
905 526 206 85 really
1144 525 168 71 need
1348 523 180 73 Erna
1562 541 65 55 to
1656 523 153 88 help
1841 555 103 41 me
1976 525 156 72 with

701 640 320 71 Carstairs
1063 642 133 71 will
1239 640 168 73 have
1451 657 65 54 to
1561 639 359 72 contribute
1961 640 96 71 his
2099 640 182 73 share

343 753 75 73 of
459 752 106 72 the
608 772 311 63 contract,
966 755 211 72 unless
1219 753 81 73 he
1341 756 253 85 persists
1635 756 64 70 in
1742 753 140 73 that
1924 753 218 73 'count
2180 784 101 42 me

341 868 135 72 out*
515 871 94 69 air
644 869 75 72 of

678 983 155 73 he'll
881 1015 184 41 come
1112 983 273 80 around,
1432 986 64 68 in
1540 982 95 72 his
1681 1012 151 42 own
2149 1012 135 42 was

345 1098 328 72 Nielsen's
738 1099 327 72 confident
1134 1129 360 42 assurance.
1764 1128 136 42 saw
1966 1098 132 72 him
2165 1099 119 72 this

340 1216 318 82 morning,
693 1213 89 86 by
815 1213 107 72 the
953 1213 362 86 way—the
1351 1212 128 72 first
1514 1214 149 70 time
1701 1212 136 72 I've
1872 1242 148 42 seen
2052 1212 133 72 him
2220 1231 63 53 at

343 1327 481 73 Landsmann's
859 1331 63 69 in
957 1329 243 72 several

713 1445 51 69 is

912 1557 235 87 cheery
1193 1557 133 71 and

442 1670 240 73 "He'll
719 1701 259 42 recover
1016 1672 166 71 from
1220 1670 139 73 that

556 1786 179 72 think
769 1816 68 42 so
871 1804 131 63 too,
1037 1786 116 72 but

731 1918 107 69 get
1107 1901 213 72 Breen
1356 1899 439 74 commanded
1831 1931 38 40 a
1906 1900 170 73 third
2112 1901 167 70 time.

346 2014 281 73 "You'll
670 2016 82 71 be
795 2017 369 85 gossipping
1202 2016 150 72 here

443 2130 272 71 Nielsen
752 2129 156 72 took
942 2130 161 72 hold
1140 2129 75 72 of
1253 2130 106 71 the
1397 2130 162 72 door
1597 2129 196 81 knob,
1834 2130 229 72 smiled
2099 2133 65 68 in
2202 2160 82 42 an

344 2246 428 85 aggravating
820 2274 287 49 manner,
1162 2243 256 86 opened
1469 2243 107 72 the
1627 2243 185 81 door,
1863 2243 241 72 bowed
2155 2243 129 72 low

343 2359 133 72 and
539 2357 141 74 said
744 2361 61 69 in
870 2389 38 41 a
970 2357 170 73 droll
1205 2375 182 55 tone:
1828 2389 74 42 or
1963 2357 319 82 unmoral,

340 2473 118 74 but

442 2590 214 72 Breen
689 2587 318 74 followed
1036 2587 152 81 him,
1221 2587 116 73 but
1371 2587 273 73 Nielsen
1676 2587 304 88 escaped,
2015 2587 132 74 and
2179 2587 107 73 the

343 2705 250 85 painter
636 2703 316 72 slammed
995 2702 107 72 the
1143 2702 184 73 door.
1427 2703 130 72 His
1601 2703 202 72 mood
1846 2702 304 87 changed
2194 2705 62 70 in-

343 2818 259 87 stantly.
707 2817 116 72 He
870 2817 257 72 bustled
1177 2817 251 72 around
1478 2817 107 72 the
1635 2817 234 81 studio,
1921 2818 196 87 fixing
2164 2818 122 73 this

344 2933 132 71 and
525 2934 416 85 rearranging
986 2931 140 73 that
1172 2930 221 88 object
1440 2931 133 73 and
1621 2931 374 88 eventually
2044 2929 243 75 looked

343 3047 202 74 about
570 3048 157 73 with
754 3047 420 72 satisfaction.
1260 3047 114 71 He
1404 3047 151 72 then
1587 3047 422 88 approached
2039 3077 38 42 a
2104 3046 146 73 look-

343 3165 109 84 ing
492 3161 191 88 glass,
727 3160 378 88 readjusted
1144 3163 96 71 his
1282 3164 105 79 tie,
1432 3160 341 75 smoothed
1809 3161 98 73 his
1948 3160 140 74 hair
2128 3159 155 75 with

340 3277 97 72 his
465 3277 181 72 hand
679 3277 132 72 and
843 3277 338 72 otherwise
1213 3276 339 87 subjected
1581 3276 263 73 himself
1873 3293 66 55 to
1972 3306 39 42 a
2039 3274 245 74 critical

341 3391 116 74 but
503 3391 435 74 self-satisfied
985 3394 457 78 examination,
1491 3390 236 82 which,
1776 3390 326 82 however,
2147 3419 139 45 was
