2441 4017
250 310 213 53 ERNA
512 310 231 52 VITEK

1172 3659 97 47 122

252 517 38 42 a
334 487 337 87 prophecy
716 487 244 87 Jimmy
1007 485 474 74 substantiated
1528 485 89 88 by
1666 484 341 88 defeating

526 607 251 89 Young
836 609 308 72 Walcott
1204 607 135 73 and
1397 609 108 71 the
1562 625 344 53 westerner
1965 638 70 40 so
2094 606 76 72 de-

247 732 285 86 cisively.
633 731 134 73 But
809 731 81 73 he
932 761 139 42 was
1114 733 65 69 in
1223 731 250 85 danger
1519 760 173 51 now,
1739 760 71 42 as
1849 729 98 73 his
1992 746 216 54 recent

247 852 237 73 battles
520 854 133 71 and
686 854 99 72 his
821 854 130 72 late
988 855 250 85 mutiny
1278 851 294 73 testified.
1663 850 261 74 Should
1962 850 245 88 Jimmy

252 974 120 74 fall
423 974 170 74 from
639 1006 194 56 grace
880 1007 38 41 a
965 974 244 74 second
1255 977 174 77 time,
1477 977 47 67 it
1570 973 229 73 would
1844 973 82 71 be
1970 974 204 70 irrevo-

247 1096 218 88 cably.
555 1095 393 84 Therefore,
987 1096 232 73 Nolan
1252 1126 140 41 was
1425 1096 186 85 using
1646 1095 381 86 eloquence,
2065 1123 106 57 per-

248 1219 279 81 suasion,
574 1217 261 83 threats,
883 1218 336 88 anything,
1268 1236 64 53 to
1377 1247 151 42 save
1571 1217 154 72 him.

347 1340 223 88 Many
635 1340 75 73 of
772 1340 163 73 their
1000 1340 289 89 quarrels
1354 1339 158 72 took
1576 1339 192 88 place
1834 1340 65 70 in
1969 1336 237 74 Erna's

242 1491 326 59 presence.
654 1461 207 73 After
892 1493 39 41 a
963 1462 217 81 while,
1217 1461 265 89 Jimmy,
1518 1460 197 73 much
1748 1477 65 55 to
1847 1460 114 72 her
1995 1489 169 58 grow-

244 1585 111 85 ing
386 1583 286 81 distaste,
711 1583 258 72 formed
1001 1584 108 71 the
1142 1583 183 72 habit
1359 1581 75 74 of
1466 1583 300 86 bringing
1802 1581 233 73 Nolan
2072 1580 134 74 and

516 1705 62 71 o'
626 1703 107 74 the
1034 1722 66 55 to
1146 1703 105 74 the
1296 1705 134 72 flat.
1528 1705 278 72 Custom
1849 1702 355 89 gradually

245 1827 254 72 trained
546 1827 174 72 them
769 1844 64 54 to
880 1825 249 73 believe
1178 1825 138 73 that
1364 1825 111 73 she
1522 1856 138 42 was
1707 1825 272 88 nothing
2025 1854 180 44 more

245 1947 158 73 than
454 1965 146 70 part
649 1946 75 72 of
774 1946 108 72 the
935 1946 335 81 furniture,
1327 1946 135 72 and
1513 1946 153 89 they
1721 1945 320 89 accepted
2089 1946 115 72 her

244 2070 367 79 attentions,
677 2068 130 72 due
870 2068 175 72 them
1110 2098 70 42 as
1245 2068 300 87 Jimmy's
1608 2086 236 69 guests,
1912 2070 130 85 just
2108 2098 91 42 so.

242 2189 199 90 They
488 2190 232 87 stayed
763 2191 153 71 well
963 2222 86 41 on
1094 2192 134 70 into
1274 2189 108 73 the
1426 2190 204 87 night,
1680 2191 273 72 amused
1999 2191 163 72 them-

240 2313 225 80 selves,
497 2312 249 89 played
774 2310 264 89 pranks,
1072 2310 203 74 broke
1307 2312 234 81 dishes,
1578 2312 395 89 quarrelled,
2006 2312 196 73 made

242 2463 87 58 up
334 2432 234 73 —and
615 2463 187 46 came
850 2435 214 84 again.
1166 2432 172 73 And
1383 2464 181 42 more
1614 2434 135 72 and
1795 2464 200 51 more,
2047 2434 154 87 they

243 2554 242 73 looked
521 2585 178 57 upon
737 2553 181 74 Erna
951 2553 159 74 with
1146 2572 352 70 contempt.
1588 2554 118 74 On
1740 2554 113 74 her
1890 2556 159 81 side,
2091 2556 110 73 she

240 2676 202 73 hated
479 2677 133 73 and
649 2676 304 88 despised
991 2676 193 73 them.

339 2792 263 86 During
635 2792 107 72 the
776 2790 158 88 day,
970 2790 244 89 Jimmy
1249 2822 138 42 was
1421 2793 262 86 usually
1721 2793 248 80 absent,
2008 2794 160 70 train-

240 2910 109 85 ing
395 2925 65 55 at
504 2909 106 71 the
659 2907 231 73 Nolan
932 2906 472 89 headquarters
1447 2911 63 69 in
1559 2907 359 74 Fordham.
2020 2907 181 73 Erna

240 3053 135 42 saw
423 3023 133 72 him
610 3023 103 72 for
765 3053 38 42 a
854 3041 287 54 moment
1190 3025 65 70 in
1308 3024 108 73 the
1468 3027 319 85 morning,
1842 3024 194 73 when
2089 3024 112 73 she

234 3138 326 89 prepared
611 3138 98 74 his
761 3138 359 82 breakfast,
1180 3140 133 72 and
1369 3158 66 54 at
1489 3142 296 85 evening,
1839 3140 194 73 when
2088 3140 112 73 she

234 3255 325 88 prepared
595 3255 96 73 his
727 3286 255 57 supper,
1024 3273 113 55 not
1175 3273 65 56 to
1279 3286 104 42 see
1420 3257 133 72 him
1592 3259 217 85 again,
1851 3287 71 42 as
1961 3287 39 42 a
2039 3257 158 80 rule,

239 3371 161 72 until
456 3371 197 89 fairly
706 3371 131 72 late
888 3390 67 53 at
1006 3371 203 88 night,
1263 3390 231 70 except
1541 3372 195 73 when
1783 3372 84 74 he
1918 3371 282 89 brought

761 3485 113 75 To
913 3486 83 73 be
1037 3517 163 52 sure,
1242 3486 113 75 she
1393 3486 166 88 slept
1595 3485 160 75 with
1791 3486 135 74 him
1966 3486 135 74 and
2102 3531 98 9 —
