2441 4017
1681 303 215 55 ERNA
1945 304 232 54 VITEK

1149 3664 66 50 93

214 507 173 46 were
432 479 322 75 different.
851 480 136 75 She
1031 482 140 73 had
1214 499 114 56 not
1374 480 122 75 felt
1540 512 71 43 as
1655 482 232 75 drawn
1931 499 68 56 to
2041 482 134 73 him

213 595 153 75 then
400 628 71 42 as
503 597 110 74 she
644 599 139 73 had
815 601 173 71 since
1018 599 97 74 his
1148 615 235 56 return.
1473 597 131 74 His
1637 599 162 73 offer
1832 597 75 75 of
1934 628 241 58 money

212 712 141 73 that
415 713 414 89 day—well,
893 717 47 70 it
998 714 138 74 had
1197 714 168 73 been
1427 745 85 42 an
1571 714 233 74 honest
1865 743 159 45 one:
2089 713 86 75 he

212 827 138 75 had
390 831 200 72 cared
634 831 104 74 for
773 832 137 80 her,
954 831 134 72 and
1122 830 83 73 he
1242 831 140 74 had
1421 831 166 74 been
1625 831 115 74 her
1778 831 141 72 best
1959 828 216 75 friend

211 947 63 71 in
316 945 182 74 those
537 947 189 87 days.
818 947 136 73 She
992 964 170 56 must
1201 947 89 74 do
1329 947 135 73 him
1503 948 143 72 that
1683 947 195 73 much
1919 948 250 86 justice.

208 1062 173 74 And
402 1062 85 74 he
513 1094 138 42 was
677 1063 277 89 offering
980 1062 115 74 her
1120 1063 197 74 much
1343 1094 181 43 more
1552 1093 170 43 now.
1804 1063 138 74 She
1968 1062 206 75 hated

211 1178 490 75 Landsmann's
727 1211 181 42 more
938 1180 134 73 and
1100 1209 200 44 more.
1384 1180 137 73 She
1552 1179 202 74 could
1784 1197 113 56 not
1926 1178 247 73 endure

211 1293 108 74 the
348 1295 193 87 place
569 1326 202 57 many
802 1296 168 86 days
1002 1296 244 86 longer.
1329 1295 172 73 And
1534 1293 121 74 this
1685 1293 231 75 would
1945 1293 83 74 be
2057 1293 117 75 her

207 1409 131 73 first
372 1410 215 75 home.
682 1413 134 72 But
852 1442 279 57 suppose
1169 1413 112 73 she
1319 1411 239 74 should
1595 1428 183 56 want
1813 1428 68 57 to
1916 1410 257 89 change

207 1557 171 41 —as
410 1527 112 72 she
551 1527 138 72 had
721 1527 174 74 done
926 1559 69 40 so
1028 1527 185 74 often
1244 1527 251 81 before,
1531 1526 131 73 due
1694 1545 66 54 to
1792 1527 115 74 her
1935 1524 236 77 hatred

206 1641 77 74 of
316 1673 132 58 any
484 1642 232 89 steady
752 1646 367 70 existence?
1209 1644 147 72 Her
1388 1642 216 74 hands
1634 1642 230 74 would
1895 1642 83 74 be
2011 1641 155 74 tied.

211 1757 345 89 Marriage
608 1777 222 55 meant
885 1759 127 73 loss
1065 1758 77 74 of
1196 1759 318 73 freedom.
1620 1758 136 74 She
1808 1758 202 74 cared
2065 1757 105 75 for

207 1874 268 87 Jimmy,
512 1904 134 59 yes,
683 1875 117 72 but
833 1893 115 54 not
980 1877 177 86 quite
1191 1875 281 88 enough.
1563 1874 66 73 If
1662 1875 112 72 she
1806 1904 174 43 were
2010 1875 159 86 only

207 1992 190 85 given
426 2020 181 43 more
637 1992 153 71 time
821 1989 105 74 for
957 2021 40 42 a
1028 1989 322 74 decision!
1442 1989 322 89 Perhaps,
1802 1989 138 73 Mr.
1981 1988 152 74 Niel-

206 2135 111 42 sen
359 2105 231 73 would
632 2105 155 89 help
828 2105 115 73 her
987 2123 66 55 to
1096 2105 255 73 decide.
1451 2107 135 73 But
1630 2105 112 72 she
1783 2105 230 73 would
2056 2121 114 56 not

206 2222 115 72 ask
358 2222 150 72 him.

308 2336 320 75 "What's
692 2336 108 74 the
1253 2337 245 89 Jimmy
1561 2336 379 75 demanded
2003 2368 165 42 once

203 2483 180 43 more
419 2453 133 72 and
584 2453 159 73 with
774 2455 328 85 returning
1138 2455 283 85 anxiety.
1515 2453 117 73 He
1666 2483 187 45 came
1887 2453 226 73 closer.

306 2567 183 74 Erna
522 2568 233 73 turned
791 2568 257 73 toward
1079 2568 153 74 him.
1321 2568 135 74 She
1491 2586 139 56 cast
1665 2568 180 74 aside
1879 2568 108 74 the
2020 2585 148 72 part

204 2684 111 74 she
354 2685 262 88 usually
654 2685 249 88 played
941 2685 159 73 with
1135 2685 156 81 him,
1336 2685 133 74 and
1509 2716 167 57 gave
1714 2685 134 74 him
1888 2684 108 75 the
2034 2684 134 74 first

203 2799 232 74 honest
485 2799 234 88 glance
766 2798 81 74 he
890 2799 138 74 had
1075 2801 299 72 received
1425 2799 170 75 from
1641 2799 115 75 her
1802 2802 66 71 in
1917 2798 248 75 several

202 2916 188 88 days.
485 2915 115 72 He
641 2916 267 88 quickly
946 2934 115 70 put
1097 2916 98 74 his
1233 2947 138 43 arm
1411 2916 203 74 about
1647 2916 117 74 her
1802 2915 358 75 shoulders.

306 3031 183 73 Erna
517 3031 233 73 turned
776 3031 115 73 her
915 3031 177 73 head
1121 3061 197 58 away
1347 3032 135 72 and
1509 3031 166 73 tried
1703 3048 66 56 to
1797 3032 140 87 pull
1966 3029 195 83 back,

200 3149 117 72 but
346 3147 97 74 his
471 3147 184 74 other
684 3178 136 43 arm
853 3146 211 75 found
1095 3150 77 71 its
1201 3178 156 58 way
1389 3147 202 74 about
1619 3147 136 74 her.

198 3264 85 74 he
319 3263 262 89 begged
620 3263 102 74 for
759 3263 107 74 the
903 3264 124 73 last
1063 3266 171 72 time.

297 3380 137 74 She
468 3379 427 73 commenced
929 3396 66 56 to
1031 3380 304 87 struggle.
1429 3379 129 73 His
1591 3381 288 71 instincts
1911 3377 78 75 of
2019 3379 108 73 bat-

200 3495 88 87 jle
320 3526 174 44 were
529 3494 312 84 aroused;
880 3495 133 74 and
1041 3495 99 74 his
1172 3497 453 86 exasperation
1658 3494 77 75 of
1766 3494 229 89 nearly
2028 3512 133 56 two
