2441 4017
1707 392 211 53 ERNA
1968 393 229 52 VITEK

1186 3720 63 55 17

351 562 283 84 "Don't,
679 564 270 73 don't!"
993 565 111 72 she
1145 564 259 87 begged
1443 566 64 70 in
1547 566 174 87 pain.

352 678 117 74 He
507 679 90 73 let
633 710 85 57 go
759 681 132 72 and
930 679 248 73 smiled.
1272 678 134 74 She
1444 710 136 42 was
1620 697 113 55 not
1769 710 225 57 angry.
2092 679 69 73 In-

249 794 206 80 stead,
491 794 110 72 she
632 795 238 87 placed
899 795 115 72 her
1043 794 182 72 hand
1256 824 85 42 on
1374 794 97 72 his
1503 794 238 87 biceps.
1832 794 117 73 He
1983 794 212 72 raised

247 909 97 73 his
398 909 281 74 forearm
731 910 130 72 and
911 909 392 87 imprisoned
1353 909 113 73 her
1515 910 202 73 hand.

249 1023 111 73 she
394 1023 227 88 sighed
648 1026 65 70 in
745 1025 224 85 happy
1001 1023 304 87 homage,
1345 1025 132 71 and
1510 1023 112 73 her
1656 1054 153 57 eyes
1843 1023 217 73 shone.

347 1138 196 73 Once
582 1169 198 49 more,
823 1138 82 73 he
946 1138 182 72 freed
1173 1139 114 71 her
1325 1138 202 72 hand.

822 1252 111 74 she
969 1253 385 88 whispered.
1449 1253 338 74 "What'll
1827 1253 261 89 happen
2126 1272 66 54 to

249 1369 108 71 the
408 1399 161 58 poor
624 1368 282 72 'Kid'?"

750 1512 136 42 was
922 1483 98 71 his
1058 1483 202 87 jovial
1297 1483 344 87 rejoinder.

350 1597 113 73 He
494 1597 240 87 caught
764 1599 113 71 her
906 1599 181 71 hand
1120 1628 163 43 once
1316 1628 197 42 more.
1602 1597 280 82 "Don't,
1919 1597 271 73 don't!"

249 1713 111 71 she
399 1713 271 72 warned
708 1714 152 71 him.
958 1713 115 72 He
1114 1714 88 71 let
1242 1744 83 57 go
1367 1745 71 40 as
1476 1713 249 81 before,
1768 1714 116 71 but
1923 1714 112 73 she
2074 1714 117 71 did

245 1845 113 55 not
398 1827 345 73 withdraw
786 1831 46 69 it
874 1829 464 86 immediately.

347 1942 130 72 His
517 1943 233 85 glance
792 1972 176 57 grew
1007 1943 232 71 bolder
1282 1943 133 72 and
1456 1943 252 80 bolder,
1750 1943 117 72 but
1907 1942 80 72 he
2026 1943 132 72 hesi-

247 2057 199 73 tated.
546 2055 116 75 He
705 2058 229 72 busied
976 2057 261 74 himself
1280 2058 158 73 with
1480 2058 98 73 his
1620 2057 337 73 breakfast
2003 2057 103 73 for
2152 2089 38 41 a

244 2191 306 61 moment,
590 2173 271 86 shaking
896 2173 123 71 salt
1048 2175 133 71 into
1217 2173 97 71 his
1345 2203 125 56 egg
1505 2173 132 71 and
1672 2174 249 84 stirring
1954 2174 45 69 it
2031 2172 159 72 with

245 2319 39 39 a
317 2318 226 57 spoon.
628 2287 117 72 He
776 2288 243 71 looked
1052 2319 88 56 up
1174 2288 132 71 and
1338 2287 318 72 hesitated
1692 2291 212 84 again.
1969 2286 185 72 Final-

245 2403 89 86 ly,
375 2401 81 73 he
493 2401 248 88 began:
1096 2403 118 73 it'll
1256 2403 82 72 be
1380 2403 87 72 all
1510 2403 167 86 right

649 2633 159 71 You
847 2634 143 70 said
1028 2633 207 86 you'd
1273 2634 109 71 tell
1423 2663 103 42 me

343 2744 78 24 «(T
478 2747 15 28 1
701 2746 41 22 »»

393 2760 28 58 1
477 2760 213 58 know.

344 2859 180 73 "It'll
559 2861 81 71 be
679 2864 87 70 all
1095 2862 81 72 he
1212 2861 307 88 pleaded.

342 2974 135 74 She
531 2975 169 87 eyed
750 2977 132 71 him
936 3008 38 40 a
1026 2996 307 61 moment,
1388 2977 301 72 softened
1745 3008 38 41 a
1838 2975 161 73 little
2054 2975 132 73 and

244 3090 151 72 then
436 3119 165 57 gave
640 3094 97 67 in:
1030 3091 217 72 where
1287 3121 123 42 can
1448 3121 103 42 we

563 3236 123 40 can
723 3205 149 71 take
907 3209 64 69 in
1006 3237 37 41 a
1369 3205 84 71 he
1489 3205 363 87 suggested.
