2441 4017
1704 225 214 54 ERNA
1967 225 229 54 VITEK

1194 3574 66 48 23

687 397 231 73 When
959 398 136 72 will
1139 397 141 73 that

729 629 171 74 And
938 628 207 90 you'll
1185 628 82 74 be

594 745 55 73 if
683 775 133 59 you
852 745 207 89 really
1095 762 180 56 want
1309 776 104 44 me
1450 762 87 58 to.
1631 747 135 74 But
1806 746 26 72 I
1873 746 205 74 won't
2114 746 83 72 be

345 975 287 73 "That's
677 978 89 71 all
1090 977 83 72 he
1215 977 419 88 interrupted.
2038 1009 120 57 any-

241 1091 188 72 how!
526 1090 233 75 You'll
801 1093 80 71 be
919 1094 305 71 immense
1262 1095 129 84 just
1427 1091 107 74 the
1573 1123 196 42 same.
1862 1093 162 72 You
2061 1093 135 72 will

245 1226 216 53 create

678 1324 197 86 pooh,
942 1323 132 72 and
1142 1323 284 72 likewise
1490 1342 115 62 tut,
1925 1323 275 72 Nielsen

246 1438 203 72 broke
488 1441 83 69 in.
984 1469 107 43 are
1131 1469 102 41 we
1274 1457 64 55 to
1378 1439 157 73 hear
1577 1470 83 42 an
1700 1439 130 73 end
1872 1457 65 55 to

347 1554 222 72 "He's
973 1554 141 72 said
1159 1554 201 72 Erna.

870 1669 273 73 Nielsen
1181 1669 339 73 admitted.
1808 1671 107 72 the
1948 1673 252 85 painter

248 1815 83 56 go
378 1785 89 72 all
513 1785 108 72 the
665 1786 214 86 spoils.
979 1785 116 72 No
1139 1817 125 40 one
1307 1815 147 42 ever
1498 1815 187 57 poses
1732 1785 102 73 for
1879 1817 39 41 a
1961 1787 233 71 writer.

249 1900 57 73 It
340 1900 325 74 wouldn't
700 1900 81 75 be

731 2017 111 71 she
884 2016 413 88 challenged.

348 2132 275 72 Nielsen
678 2151 112 68 got
844 2162 88 57 up
987 2134 63 70 in
1106 2163 38 41 a
1197 2133 219 86 hurry.
1946 2132 83 73 he
2086 2130 76 73 de-

246 2247 294 74 manded
578 2252 63 67 in
679 2247 193 72 mock
912 2250 401 69 seriousness.

1025 2363 110 73 she
1189 2363 142 72 said
1384 2363 332 89 roguishly
1769 2363 135 73 and
1956 2361 244 74 looked

246 2509 217 57 away.

1031 2711 215 72 Breen
1302 2709 271 74 echoed.
1935 2708 162 88 lady
2151 2712 49 70 is

245 2825 188 88 right.
531 2825 141 72 We
715 2844 166 53 must
922 2825 169 74 have
1135 2825 210 74 order.
1448 2825 293 82 Besides,
1787 2855 103 42 we
1935 2824 265 75 haven't

348 3056 274 72 Nielsen
669 3056 116 71 fell
828 3056 171 72 back
1039 3056 158 72 with
1239 3089 38 41 a
1319 3056 411 89 philosophic
1770 3056 159 88 sigh.

244 3177 51 67 is
331 3173 219 72 unfair
587 3172 191 72 when
815 3172 136 72 bad
990 3203 162 56 puns
1189 3174 191 71 make
1418 3172 160 72 their

348 3286 56 74 It
439 3287 117 73 did
592 3305 111 55 not
740 3286 150 72 take
927 3287 107 73 the
1070 3318 223 57 young
1327 3318 149 42 men
1512 3288 155 86 long
1705 3305 67 55 to
1808 3286 193 74 make
2041 3286 159 72 their

245 3405 225 73 choice
499 3404 76 72 of
601 3403 355 72 breakfast.
1044 3403 180 72 Erna
1252 3422 175 53 went
1457 3433 214 55 away.
