2441 4017
1707 307 214 54 ERNA
1972 307 231 54 VITEK

1196 3659 64 49 91

238 475 118 74 He
399 476 301 89 grabbed
741 478 115 75 her
902 509 156 44 arm.
1160 476 320 77 "What's
1527 479 108 74 the
1678 498 232 56 matter

234 592 82 72 he
355 593 402 75 demanded.

339 709 404 75 "Nothin'."

593 827 143 74 said
774 827 208 89 you'd
1020 827 197 75 made
1255 857 89 59 up
1381 857 166 59 your
1876 828 83 74 he
1997 831 164 71 main-

240 943 225 72 tained
496 944 361 87 anxiously.

466 1058 176 74 said:
691 1077 114 55 not
1139 1059 111 74 she
1292 1059 336 74 corrected
1669 1059 155 75 him.

564 1174 117 73 but
713 1204 133 59 you
878 1175 192 81 have,
1398 1175 84 74 he
1514 1174 312 90 pleaded.
1917 1174 285 76 "You'll

240 1291 137 85 join
416 1289 214 74 hands
668 1291 158 73 with
866 1297 150 67 me?
1111 1291 258 73 You're
1409 1291 136 73 sick
1583 1294 63 70 o'
1691 1291 509 74 Landsmann's.

244 1404 164 74 You
409 1406 296 72 —we're
751 1406 184 74 stuck
974 1437 88 43 on
1105 1407 165 73 each
1311 1405 206 82 other,
1564 1406 105 74 an'
1716 1406 108 75 the
1866 1406 338 74 minister's

243 1522 315 82 —Well,
617 1523 232 72 wait'll
907 1553 135 58 you
1099 1553 104 44 see
1260 1523 109 74 the
1687 1524 84 74 he
1828 1523 204 74 broke
2088 1523 112 74 off.

244 1636 310 75 "That'll
595 1637 184 75 settle
817 1641 67 70 it.
978 1637 269 75 Wait'll
1288 1669 135 58 you
1463 1669 104 42 see
1609 1638 108 74 the

347 1867 171 75 "I'm
560 1870 202 72 takin'
803 1899 133 58 you
1265 1870 85 73 he
1390 1868 329 75 informed
1759 1868 113 75 her
1913 1870 287 89 eagerly.

934 2101 82 72 he
1072 2101 267 87 cajoled
1396 2101 133 73 her.
1646 2099 285 75 "You'll
1993 2131 209 51 come,

244 2215 206 72 won't
741 2216 134 73 and
901 2215 85 76 he
1016 2216 328 89 squeezed
1373 2216 114 74 her
1519 2247 158 43 arm.
1764 2215 327 75 "There's
2120 2247 85 43 no

245 2329 188 75 harm
474 2334 63 69 in
579 2333 66 70 it.
742 2331 164 75 You
945 2331 189 73 don't
1172 2331 169 75 have
1385 2350 66 56 to
1495 2332 128 74 like
1665 2333 108 75 the
1816 2332 238 89 place?
2149 2332 57 74 It

247 2446 189 74 don't
473 2446 148 74 hurt
657 2465 66 56 to
763 2477 106 43 see

624 2679 178 72 we'll

348 2794 183 74 Erna
569 2825 140 43 was
750 2794 165 90 busy
955 2798 234 86 eyeing
1230 2827 39 42 a
1307 2797 321 87 millinery
1670 2795 182 74 show
1891 2794 311 75 window.

620 2910 202 73 about
1025 2912 84 74 he
1142 2911 401 90 questioned.

554 3025 240 89 right-

351 3143 115 77 He
497 3142 230 89 sighed
756 3142 157 75 with
945 3143 187 74 relief
1161 3145 133 72 and
1326 3142 426 76 satisfaction.

346 3366 224 76 There
605 3397 172 44 were
813 3385 132 58 two
981 3399 214 43 rooms
1231 3368 134 74 and
1402 3401 38 42 a
1475 3368 179 74 bath.
1744 3367 154 75 The
1933 3367 241 74 furnish-

244 3488 141 84 ings
424 3514 173 43 were
643 3484 197 87 fairly
884 3488 338 69 attractive
1223 3483 316 89 —garish
1579 3488 65 69 in
1686 3514 175 43 some
1903 3500 301 71 respects,
