2441 4017
242 301 212 53 ERNA
505 301 231 53 VITEK

1206 3664 33 50 6

241 478 66 72 in
363 476 173 76 droll
593 496 184 56 tones
834 478 133 75 and
1025 478 245 75 looked
1328 499 67 54 at
1451 481 347 81 Carstairs,
1856 480 153 76 who
2067 510 138 46 was

245 591 346 91 frowning.

348 707 326 76 "There's
715 740 158 58 very
917 711 161 74 little
1120 729 68 57 to
1228 713 66 72 it.
1395 712 26 74 I
1467 743 124 43 can
1630 712 148 74 dish
1816 715 47 71 it
1903 730 115 56 out
2057 715 66 71 in
2166 744 39 42 a

244 824 133 75 few
421 825 240 75 words.
763 826 112 74 It's
920 829 235 89 simply
1202 829 153 74 this:
1411 829 141 74 that
1594 859 104 44 we
1743 847 118 71 put
1908 829 183 74 Erna
2138 847 66 54 to

242 939 107 75 the

644 1058 90 73 do
768 1088 135 58 you
1266 1091 138 43 was
1442 1059 345 75 Carstairs'
1827 1059 377 75 immediate

240 1172 367 90 challenge.

341 1289 262 73 "Don't
979 1293 217 73 Breen
1232 1293 370 88 responded
1638 1291 302 90 blandly.
2032 1291 172 75 "I'm

241 1422 114 55 not
393 1407 200 86 going
633 1423 66 57 to
739 1408 209 85 injure
989 1407 107 73 the

646 1520 180 75 what
867 1522 119 74 did
1026 1554 134 57 you
1200 1555 194 42 mean

926 1638 106 74 the
1065 1642 253 85 painter
1351 1639 401 89 interrupted
1788 1639 269 90 quietly.

240 1751 189 74 don't
477 1752 252 74 believe
777 1754 141 73 that
970 1785 131 59 any
1153 1755 76 73 of
1276 1785 74 43 us
1403 1755 198 73 know
1648 1756 117 74 her
1815 1785 158 59 very
2024 1755 177 75 well.

238 1868 192 73 She's
490 1869 160 88 only
708 1869 168 74 been
934 1869 298 89 working
1293 1888 64 56 at
1418 1870 489 75 Landsmann's
1968 1902 40 43 a
2071 1870 133 74 few

237 1985 278 73 months.
607 1983 109 75 Of
750 2016 248 51 course,
1039 1986 344 82 Carstairs,
1423 1986 242 88 you've
1703 1987 198 73 taken
1935 1986 117 75 her
2089 2004 115 57 out

240 2131 86 43 on
372 2132 126 42 one
542 2132 75 43 or
661 2119 134 57 two
840 2104 359 80 occasions,
1249 2133 70 43 so
1365 2103 241 89 you've
1649 2103 140 73 had
1837 2133 85 45 an
1966 2133 199 60 oppor-

240 2220 209 85 tunity
485 2217 76 74 of
597 2217 308 89 studying
938 2218 115 74 her
1087 2236 67 56 at
1187 2220 207 72 closer

567 2333 77 73 of
674 2333 309 89 studying

611 2448 188 75 don't
862 2448 194 90 study
1117 2448 136 84 her,
1317 2451 337 89 certainly.
1773 2449 163 77 You
1939 2481 168 43 —er
2107 2496 98 9 —

238 2563 181 74 what
451 2565 229 74 would
713 2596 135 57 you
882 2565 130 75 call
1047 2568 69 80 it,

651 2681 177 90 John
867 2681 121 75 has
1028 2682 169 74 been
1237 2682 255 75 burned
1535 2714 39 43 a
1618 2683 162 74 little
1822 2683 92 89 by
1955 2683 110 75 the
2107 2682 65 75 di-

238 2799 148 71 vine

339 2912 324 75 Carstairs
715 2913 282 74 blushed
1053 2913 275 89 angrily.
1607 2945 135 58 you
1797 2913 259 76 fellows
2109 2916 64 72 in-

240 3030 157 72 tend
430 3046 66 58 to
532 3030 82 72 be

679 3144 205 84 mind,
1270 3145 275 74 Nielsen
1611 3164 111 56 cut
1787 3148 83 71 in.

238 3279 169 56 must
448 3261 202 74 allow
688 3293 74 42 us
800 3262 109 74 the
947 3262 375 74 occasional
1364 3293 236 58 escape
1638 3262 75 74 of
1755 3293 176 43 some
1972 3262 75 74 of
2085 3294 120 42 our

238 3377 253 88 surplus
528 3377 201 73 wind.
825 3378 205 81 Now,
1073 3378 142 74 let's
1253 3378 168 89 drop
1461 3377 176 75 these
1676 3378 300 74 bravado
2015 3408 189 59 poses

242 3493 135 74 and
423 3511 106 70 get
575 3493 201 75 down
819 3512 67 56 to
933 3495 310 75 business.
1346 3493 28 74 I
1422 3512 180 56 want
1649 3493 108 74 the
1803 3512 126 56 rest
1973 3495 76 73 of
2095 3493 108 74 the
