<?xml version="1.0" encoding="UTF-8"?>
<alto xmlns:xsi="http://www.w3.org/2001/XMLSchema-instance" xmlns="http://www.loc.gov/standards/alto/ns-v2#" xsi:schemaLocation="http://www.loc.gov/standards/alto/ns-v2# http://www.loc.gov/standards/alto/alto-v2.0.xsd" xmlns:xlink="http://www.w3.org/1999/xlink">
	<Description>
		<MeasurementUnit>mm10</MeasurementUnit>
		<sourceImageInformation>
			<fileName>//fileserver7/IN2-2/Princeton/Batch7/bmtnaat/1914/03_01/00000034.tif</fileName>
		</sourceImageInformation>
		<OCRProcessing ID="OCRPROCESSING_1">
			<preProcessingStep>
				<processingSoftware>
					<softwareCreator>CCS Content Conversion Specialists GmbH, Germany</softwareCreator>
					<softwareName>CCS docWorks</softwareName>
					<softwareVersion>6.7-1.24</softwareVersion>
				</processingSoftware>
			</preProcessingStep>
			<ocrProcessingStep>
				<processingSoftware>
					<softwareCreator>ABBYY (BIT Software), Russia</softwareCreator>
					<softwareName>FineReader</softwareName>
					<softwareVersion>10.0</softwareVersion>
				</processingSoftware>
			</ocrProcessingStep>
		</OCRProcessing>
	</Description>
	<Styles>
		<TextStyle ID="TXT_0" FONTSIZE="21" FONTFAMILY="Times New Roman"/>
		<TextStyle ID="TXT_1" FONTSIZE="26" FONTFAMILY="Arial"/>
		<TextStyle ID="TXT_2" FONTSIZE="24" FONTFAMILY="Times New Roman"/>
		<ParagraphStyle ID="PAR_LEFT" ALIGN="Left"/>
		<ParagraphStyle ID="PAR_CENTER" ALIGN="Center"/>
		<ParagraphStyle ID="PAR_BLOCK" ALIGN="Block"/>
	</Styles>
	<Layout>
		<Page ID="P34" PHYSICAL_IMG_NR="34" HEIGHT="4017" WIDTH="2441" PRINTED_IMG_NR="32" PC="0.946">
			<TopMargin ID="P34_TM00001" HPOS="0" VPOS="0" WIDTH="2441" HEIGHT="351">
				<TextBlock ID="P34_TB00001" HPOS="243" VPOS="296" WIDTH="493" HEIGHT="53" STYLEREFS="TXT_0 PAR_LEFT">
					<TextLine ID="P34_TL00001" HPOS="243" VPOS="296" WIDTH="493" HEIGHT="52">
						<String ID="P34_ST00001" HPOS="243" VPOS="297" WIDTH="211" HEIGHT="51" CONTENT="ERNA" WC="0.77" CC="5300"/>
						<SP ID="P34_SP00001" HPOS="454" VPOS="348" WIDTH="52"/>
						<String ID="P34_ST00002" HPOS="506" VPOS="296" WIDTH="230" HEIGHT="52" CONTENT="VITEK" WC="0.78" CC="06040"/>
					</TextLine>
				</TextBlock>
			</TopMargin>
			<LeftMargin ID="P34_LM00001" HPOS="0" VPOS="351" WIDTH="232" HEIGHT="3317"/>
			<RightMargin ID="P34_RM00001" HPOS="2207" VPOS="351" WIDTH="234" HEIGHT="3317"/>
			<BottomMargin ID="P34_BM00001" HPOS="0" VPOS="3668" WIDTH="2441" HEIGHT="349">
				<TextBlock ID="P34_TB00002" HPOS="1186" VPOS="3670" WIDTH="68" HEIGHT="50" STYLEREFS="TXT_1 PAR_CENTER">
					<TextLine ID="P34_TL00002" HPOS="1186" VPOS="3670" WIDTH="68" HEIGHT="50">
						<String ID="P34_ST00003" HPOS="1186" VPOS="3670" WIDTH="68" HEIGHT="50" CONTENT="32" WC="1.00" CC="00"/>
					</TextLine>
				</TextBlock>
			</BottomMargin>
			<PrintSpace ID="P34_PS00001" HPOS="232" VPOS="351" WIDTH="1975" HEIGHT="3317">
				<TextBlock ID="P34_TB00003" HPOS="232" VPOS="474" WIDTH="1975" HEIGHT="3105" STYLEREFS="TXT_2 PAR_BLOCK">
					<TextLine ID="P34_TL00003" HPOS="240" VPOS="474" WIDTH="1967" HEIGHT="89">
						<String ID="P34_ST00004" HPOS="240" VPOS="502" WIDTH="139" HEIGHT="42" CONTENT="was" WC="0.98" CC="050"/>
						<SP ID="P34_SP00002" HPOS="379" VPOS="544" WIDTH="50"/>
						<String ID="P34_ST00005" HPOS="429" VPOS="503" WIDTH="160" HEIGHT="42" CONTENT="soon" WC="0.98" CC="0305"/>
						<SP ID="P34_SP00003" HPOS="589" VPOS="545" WIDTH="53"/>
						<String ID="P34_ST00006" HPOS="642" VPOS="474" WIDTH="319" HEIGHT="88" CONTENT="engulfed" WC="0.99" CC="03206507"/>
						<SP ID="P34_SP00004" HPOS="961" VPOS="562" WIDTH="52"/>
						<String ID="P34_ST00007" HPOS="1013" VPOS="477" WIDTH="64" HEIGHT="70" CONTENT="in" WC="1.00" CC="00"/>
						<SP ID="P34_SP00005" HPOS="1077" VPOS="562" WIDTH="51"/>
						<String ID="P34_ST00008" HPOS="1128" VPOS="475" WIDTH="181" HEIGHT="74" CONTENT="what" WC="0.98" CC="0700"/>
						<SP ID="P34_SP00006" HPOS="1309" VPOS="562" WIDTH="50"/>
						<String ID="P34_ST00009" HPOS="1359" VPOS="475" WIDTH="81" HEIGHT="73" CONTENT="he" WC="0.64" CC="70"/>
						<SP ID="P34_SP00007" HPOS="1440" VPOS="562" WIDTH="55"/>
						<String ID="P34_ST00010" HPOS="1495" VPOS="506" WIDTH="138" HEIGHT="42" CONTENT="was" WC="1.00" CC="000"/>
						<SP ID="P34_SP00008" HPOS="1633" VPOS="562" WIDTH="56"/>
						<String ID="P34_ST00011" HPOS="1689" VPOS="475" WIDTH="518" HEIGHT="88" CONTENT="rendering—so" WC="0.99" CC="600904205800"/>
					</TextLine>
					<TextLine ID="P34_TL00004" HPOS="241" VPOS="588" WIDTH="1966" HEIGHT="91">
						<String ID="P34_ST00012" HPOS="241" VPOS="588" WIDTH="194" HEIGHT="74" CONTENT="much" WC="0.98" CC="0430"/>
						<SP ID="P34_SP00009" HPOS="435" VPOS="662" WIDTH="38"/>
						<String ID="P34_ST00013" HPOS="473" VPOS="619" WIDTH="93" HEIGHT="51" CONTENT="so," WC="0.97" CC="025"/>
						<SP ID="P34_SP00010" HPOS="566" VPOS="670" WIDTH="42"/>
						<String ID="P34_ST00014" HPOS="608" VPOS="588" WIDTH="142" HEIGHT="74" CONTENT="that" WC="0.99" CC="0003"/>
						<SP ID="P34_SP00011" HPOS="750" VPOS="670" WIDTH="32"/>
						<String ID="P34_ST00015" HPOS="782" VPOS="590" WIDTH="84" HEIGHT="73" CONTENT="he" WC="1.00" CC="00"/>
						<SP ID="P34_SP00012" HPOS="866" VPOS="670" WIDTH="37"/>
						<String ID="P34_ST00016" HPOS="903" VPOS="590" WIDTH="118" HEIGHT="72" CONTENT="did" WC="1.00" CC="000"/>
						<SP ID="P34_SP00013" HPOS="1021" VPOS="670" WIDTH="39"/>
						<String ID="P34_ST00017" HPOS="1060" VPOS="609" WIDTH="113" HEIGHT="54" CONTENT="not" WC="0.99" CC="010"/>
						<SP ID="P34_SP00014" HPOS="1173" VPOS="670" WIDTH="37"/>
						<String ID="P34_ST00018" HPOS="1210" VPOS="609" WIDTH="145" HEIGHT="54" CONTENT="turn" WC="0.99" CC="0500"/>
						<SP ID="P34_SP00015" HPOS="1355" VPOS="670" WIDTH="37"/>
						<String ID="P34_ST00019" HPOS="1392" VPOS="609" WIDTH="67" HEIGHT="54" CONTENT="to" WC="0.88" CC="02"/>
						<SP ID="P34_SP00016" HPOS="1459" VPOS="670" WIDTH="42"/>
						<String ID="P34_ST00020" HPOS="1501" VPOS="590" WIDTH="165" HEIGHT="89" CONTENT="keep" WC="0.99" CC="4001"/>
						<SP ID="P34_SP00017" HPOS="1666" VPOS="679" WIDTH="39"/>
						<String ID="P34_ST00021" HPOS="1705" VPOS="592" WIDTH="65" HEIGHT="71" CONTENT="in" WC="1.00" CC="00"/>
						<SP ID="P34_SP00018" HPOS="1770" VPOS="679" WIDTH="40"/>
						<String ID="P34_ST00022" HPOS="1810" VPOS="591" WIDTH="198" HEIGHT="74" CONTENT="touch" WC="0.99" CC="03330"/>
						<SP ID="P34_SP00019" HPOS="2008" VPOS="679" WIDTH="39"/>
						<String ID="P34_ST00023" HPOS="2047" VPOS="591" WIDTH="160" HEIGHT="72" CONTENT="with" WC="1.00" CC="0000"/>
					</TextLine>
					<TextLine ID="P34_TL00005" HPOS="241" VPOS="704" WIDTH="1966" HEIGHT="91">
						<String ID="P34_ST00024" HPOS="241" VPOS="704" WIDTH="108" HEIGHT="74" CONTENT="the" WC="0.99" CC="200"/>
						<SP ID="P34_SP00020" HPOS="349" VPOS="778" WIDTH="39"/>
						<String ID="P34_ST00025" HPOS="388" VPOS="708" WIDTH="301" HEIGHT="85" CONTENT="pictures," WC="1.00" CC="000004002"/>
						<SP ID="P34_SP00021" HPOS="689" VPOS="793" WIDTH="46"/>
						<String ID="P34_ST00026" HPOS="735" VPOS="736" WIDTH="70" HEIGHT="43" CONTENT="as" WC="1.00" CC="00"/>
						<SP ID="P34_SP00022" HPOS="805" VPOS="793" WIDTH="39"/>
						<String ID="P34_ST00027" HPOS="844" VPOS="736" WIDTH="140" HEIGHT="43" CONTENT="was" WC="1.00" CC="000"/>
						<SP ID="P34_SP00023" HPOS="984" VPOS="793" WIDTH="39"/>
						<String ID="P34_ST00028" HPOS="1023" VPOS="708" WIDTH="98" HEIGHT="72" CONTENT="his" WC="1.00" CC="000"/>
						<SP ID="P34_SP00024" HPOS="1121" VPOS="793" WIDTH="41"/>
						<String ID="P34_ST00029" HPOS="1162" VPOS="707" WIDTH="202" HEIGHT="73" CONTENT="habit." WC="0.98" CC="008503"/>
						<SP ID="P34_SP00025" HPOS="1364" VPOS="793" WIDTH="96"/>
						<String ID="P34_ST00030" HPOS="1460" VPOS="707" WIDTH="155" HEIGHT="73" CONTENT="The" WC="1.00" CC="000"/>
						<SP ID="P34_SP00026" HPOS="1615" VPOS="793" WIDTH="42"/>
						<String ID="P34_ST00031" HPOS="1657" VPOS="710" WIDTH="318" HEIGHT="85" CONTENT="yearning" WC="1.00" CC="00006200"/>
						<SP ID="P34_SP00027" HPOS="1975" VPOS="795" WIDTH="44"/>
						<String ID="P34_ST00032" HPOS="2019" VPOS="709" WIDTH="157" HEIGHT="71" CONTENT="senti" SUBS_TYPE="HypPart1" SUBS_CONTENT="sentimental" WC="1.00" CC="00000"/>
						<HYP HPOS="2176" VPOS="709" WIDTH="31" CONTENT="-"/>
					</TextLine>
					<TextLine ID="P34_TL00006" HPOS="240" VPOS="822" WIDTH="1632" HEIGHT="89">
						<String ID="P34_ST00033" HPOS="240" VPOS="822" WIDTH="244" HEIGHT="73" CONTENT="mental" SUBS_TYPE="HypPart2" SUBS_CONTENT="sentimental" WC="1.00" CC="000303"/>
						<SP ID="P34_SP00028" HPOS="484" VPOS="895" WIDTH="44"/>
						<String ID="P34_ST00034" HPOS="528" VPOS="825" WIDTH="428" HEIGHT="85" CONTENT="composition" WC="1.00" CC="00000000000"/>
						<SP ID="P34_SP00029" HPOS="956" VPOS="910" WIDTH="42"/>
						<String ID="P34_ST00035" HPOS="998" VPOS="823" WIDTH="137" HEIGHT="73" CONTENT="had" WC="1.00" CC="000"/>
						<SP ID="P34_SP00030" HPOS="1135" VPOS="910" WIDTH="42"/>
						<String ID="P34_ST00036" HPOS="1177" VPOS="823" WIDTH="198" HEIGHT="74" CONTENT="made" WC="1.00" CC="0000"/>
						<SP ID="P34_SP00031" HPOS="1375" VPOS="910" WIDTH="42"/>
						<String ID="P34_ST00037" HPOS="1417" VPOS="823" WIDTH="133" HEIGHT="73" CONTENT="him" WC="1.00" CC="000"/>
						<SP ID="P34_SP00032" HPOS="1550" VPOS="910" WIDTH="45"/>
						<String ID="P34_ST00038" HPOS="1595" VPOS="825" WIDTH="277" HEIGHT="86" CONTENT="captive." WC="1.00" CC="00000004"/>
					</TextLine>
					<TextLine ID="P34_TL00007" HPOS="339" VPOS="935" WIDTH="1867" HEIGHT="90">
						<String ID="P34_ST00039" HPOS="339" VPOS="935" WIDTH="128" HEIGHT="75" CONTENT="Let" WC="0.99" CC="003"/>
						<SP ID="P34_SP00033" HPOS="467" VPOS="1010" WIDTH="39"/>
						<String ID="P34_ST00040" HPOS="506" VPOS="936" WIDTH="214" HEIGHT="74" CONTENT="others" WC="1.00" CC="000030"/>
						<SP ID="P34_SP00034" HPOS="720" VPOS="1010" WIDTH="42"/>
						<String ID="P34_ST00041" HPOS="762" VPOS="938" WIDTH="139" HEIGHT="72" CONTENT="talk" WC="0.99" CC="0030"/>
						<SP ID="P34_SP00035" HPOS="901" VPOS="1010" WIDTH="41"/>
						<String ID="P34_ST00042" HPOS="942" VPOS="942" WIDTH="254" HEIGHT="83" CONTENT="against" WC="0.99" CC="0805700"/>
						<SP ID="P34_SP00036" HPOS="1196" VPOS="1025" WIDTH="42"/>
						<String ID="P34_ST00043" HPOS="1238" VPOS="939" WIDTH="203" HEIGHT="80" CONTENT="Erna," WC="0.85" CC="40003"/>
						<SP ID="P34_SP00037" HPOS="1441" VPOS="1025" WIDTH="43"/>
						<String ID="P34_ST00044" HPOS="1484" VPOS="939" WIDTH="82" HEIGHT="72" CONTENT="he" WC="1.00" CC="00"/>
						<SP ID="P34_SP00038" HPOS="1566" VPOS="1025" WIDTH="40"/>
						<String ID="P34_ST00045" HPOS="1606" VPOS="938" WIDTH="230" HEIGHT="73" CONTENT="would" WC="0.98" CC="03440"/>
						<SP ID="P34_SP00039" HPOS="1836" VPOS="1025" WIDTH="40"/>
						<String ID="P34_ST00046" HPOS="1876" VPOS="939" WIDTH="125" HEIGHT="72" CONTENT="still" WC="0.98" CC="00563"/>
						<SP ID="P34_SP00040" HPOS="2001" VPOS="1025" WIDTH="41"/>
						<String ID="P34_ST00047" HPOS="2042" VPOS="938" WIDTH="164" HEIGHT="73" CONTENT="hold" WC="0.99" CC="0210"/>
					</TextLine>
					<TextLine ID="P34_TL00008" HPOS="241" VPOS="1052" WIDTH="1966" HEIGHT="90">
						<String ID="P34_ST00048" HPOS="241" VPOS="1052" WIDTH="131" HEIGHT="74" CONTENT="fast" WC="1.00" CC="2000"/>
						<SP ID="P34_SP00041" HPOS="372" VPOS="1126" WIDTH="48"/>
						<String ID="P34_ST00049" HPOS="420" VPOS="1071" WIDTH="66" HEIGHT="55" CONTENT="to" WC="0.75" CC="04"/>
						<SP ID="P34_SP00042" HPOS="486" VPOS="1126" WIDTH="51"/>
						<String ID="P34_ST00050" HPOS="537" VPOS="1052" WIDTH="96" HEIGHT="74" CONTENT="his" WC="0.99" CC="030"/>
						<SP ID="P34_SP00043" HPOS="633" VPOS="1126" WIDTH="54"/>
						<String ID="P34_ST00051" HPOS="687" VPOS="1052" WIDTH="167" HEIGHT="74" CONTENT="faith" WC="0.98" CC="40440"/>
						<SP ID="P34_SP00044" HPOS="854" VPOS="1126" WIDTH="49"/>
						<String ID="P34_ST00052" HPOS="903" VPOS="1057" WIDTH="63" HEIGHT="69" CONTENT="in" WC="0.40" CC="56"/>
						<SP ID="P34_SP00045" HPOS="966" VPOS="1126" WIDTH="48"/>
						<String ID="P34_ST00053" HPOS="1014" VPOS="1055" WIDTH="135" HEIGHT="72" CONTENT="her." WC="0.98" CC="0063"/>
						<SP ID="P34_SP00046" HPOS="1149" VPOS="1127" WIDTH="111"/>
						<String ID="P34_ST00054" HPOS="1260" VPOS="1057" WIDTH="214" HEIGHT="71" CONTENT="Breen" WC="0.89" CC="50000"/>
						<SP ID="P34_SP00047" HPOS="1474" VPOS="1128" WIDTH="50"/>
						<String ID="P34_ST00055" HPOS="1524" VPOS="1084" WIDTH="139" HEIGHT="43" CONTENT="was" WC="1.00" CC="000"/>
						<SP ID="P34_SP00048" HPOS="1663" VPOS="1128" WIDTH="53"/>
						<String ID="P34_ST00056" HPOS="1716" VPOS="1085" WIDTH="39" HEIGHT="42" CONTENT="a" WC="1.00" CC="0"/>
						<SP ID="P34_SP00049" HPOS="1755" VPOS="1128" WIDTH="49"/>
						<String ID="P34_ST00057" HPOS="1804" VPOS="1056" WIDTH="213" HEIGHT="86" CONTENT="cynic," WC="0.99" CC="100303"/>
						<SP ID="P34_SP00050" HPOS="2017" VPOS="1142" WIDTH="55"/>
						<String ID="P34_ST00058" HPOS="2072" VPOS="1053" WIDTH="135" HEIGHT="74" CONTENT="and" WC="0.99" CC="030"/>
					</TextLine>
					<TextLine ID="P34_TL00009" HPOS="241" VPOS="1169" WIDTH="1965" HEIGHT="89">
						<String ID="P34_ST00059" HPOS="241" VPOS="1169" WIDTH="276" HEIGHT="74" CONTENT="Nielsen" WC="0.99" CC="4102000"/>
						<SP ID="P34_SP00051" HPOS="517" VPOS="1243" WIDTH="56"/>
						<String ID="P34_ST00060" HPOS="573" VPOS="1188" WIDTH="130" HEIGHT="56" CONTENT="too." WC="0.98" CC="9001"/>
						<SP ID="P34_SP00052" HPOS="703" VPOS="1244" WIDTH="107"/>
						<String ID="P34_ST00061" HPOS="810" VPOS="1169" WIDTH="201" HEIGHT="89" CONTENT="They" WC="0.99" CC="0050"/>
						<SP ID="P34_SP00053" HPOS="1011" VPOS="1258" WIDTH="53"/>
						<String ID="P34_ST00062" HPOS="1064" VPOS="1171" WIDTH="302" HEIGHT="73" CONTENT="flattered" WC="1.00" CC="000700600"/>
						<SP ID="P34_SP00054" HPOS="1366" VPOS="1258" WIDTH="52"/>
						<String ID="P34_ST00063" HPOS="1418" VPOS="1170" WIDTH="386" HEIGHT="74" CONTENT="themselves" WC="1.00" CC="0000006000"/>
						<SP ID="P34_SP00055" HPOS="1804" VPOS="1258" WIDTH="54"/>
						<String ID="P34_ST00064" HPOS="1858" VPOS="1170" WIDTH="141" HEIGHT="74" CONTENT="that" WC="1.00" CC="0000"/>
						<SP ID="P34_SP00056" HPOS="1999" VPOS="1258" WIDTH="52"/>
						<String ID="P34_ST00065" HPOS="2051" VPOS="1170" WIDTH="155" HEIGHT="88" CONTENT="they" WC="1.00" CC="0000"/>
					</TextLine>
					<TextLine ID="P34_TL00010" HPOS="239" VPOS="1286" WIDTH="1967" HEIGHT="89">
						<String ID="P34_ST00066" HPOS="239" VPOS="1286" WIDTH="193" HEIGHT="72" CONTENT="knew" WC="0.99" CC="0600"/>
						<SP ID="P34_SP00057" HPOS="432" VPOS="1358" WIDTH="30"/>
						<String ID="P34_ST00067" HPOS="462" VPOS="1286" WIDTH="248" HEIGHT="73" CONTENT="human" WC="0.99" CC="04004"/>
						<SP ID="P34_SP00058" HPOS="710" VPOS="1359" WIDTH="35"/>
						<String ID="P34_ST00068" HPOS="745" VPOS="1305" WIDTH="248" HEIGHT="63" CONTENT="nature," WC="0.99" CC="6004321"/>
						<SP ID="P34_SP00059" HPOS="993" VPOS="1368" WIDTH="38"/>
						<String ID="P34_ST00069" HPOS="1031" VPOS="1287" WIDTH="117" HEIGHT="72" CONTENT="but" WC="0.97" CC="700"/>
						<SP ID="P34_SP00060" HPOS="1148" VPOS="1368" WIDTH="34"/>
						<String ID="P34_ST00070" HPOS="1182" VPOS="1288" WIDTH="154" HEIGHT="87" CONTENT="they" WC="0.98" CC="0700"/>
						<SP ID="P34_SP00061" HPOS="1336" VPOS="1375" WIDTH="37"/>
						<String ID="P34_ST00071" HPOS="1373" VPOS="1287" WIDTH="116" HEIGHT="72" CONTENT="did" WC="1.00" CC="000"/>
						<SP ID="P34_SP00062" HPOS="1489" VPOS="1375" WIDTH="36"/>
						<String ID="P34_ST00072" HPOS="1525" VPOS="1305" WIDTH="133" HEIGHT="62" CONTENT="not," WC="0.97" CC="7403"/>
						<SP ID="P34_SP00063" HPOS="1658" VPOS="1375" WIDTH="42"/>
						<String ID="P34_ST00073" HPOS="1700" VPOS="1286" WIDTH="106" HEIGHT="73" CONTENT="for" WC="0.96" CC="404"/>
						<SP ID="P34_SP00064" HPOS="1806" VPOS="1375" WIDTH="35"/>
						<String ID="P34_ST00074" HPOS="1841" VPOS="1287" WIDTH="156" HEIGHT="88" CONTENT="they" WC="1.00" CC="0000"/>
						<SP ID="P34_SP00065" HPOS="1997" VPOS="1375" WIDTH="35"/>
						<String ID="P34_ST00075" HPOS="2032" VPOS="1316" WIDTH="174" HEIGHT="43" CONTENT="were" WC="1.00" CC="0000"/>
					</TextLine>
					<TextLine ID="P34_TL00011" HPOS="239" VPOS="1401" WIDTH="1967" HEIGHT="89">
						<String ID="P34_ST00076" HPOS="239" VPOS="1401" WIDTH="264" HEIGHT="89" CONTENT="lacking" WC="1.00" CC="5000100"/>
						<SP ID="P34_SP00066" HPOS="503" VPOS="1490" WIDTH="33"/>
						<String ID="P34_ST00077" HPOS="536" VPOS="1404" WIDTH="64" HEIGHT="70" CONTENT="in" WC="0.81" CC="30"/>
						<SP ID="P34_SP00067" HPOS="600" VPOS="1490" WIDTH="37"/>
						<String ID="P34_ST00078" HPOS="637" VPOS="1403" WIDTH="371" HEIGHT="87" CONTENT="sympathy." WC="1.00" CC="000000004"/>
						<SP ID="P34_SP00068" HPOS="1008" VPOS="1490" WIDTH="95"/>
						<String ID="P34_ST00079" HPOS="1103" VPOS="1403" WIDTH="116" HEIGHT="72" CONTENT="He" WC="1.00" CC="00"/>
						<SP ID="P34_SP00069" HPOS="1219" VPOS="1490" WIDTH="36"/>
						<String ID="P34_ST00080" HPOS="1255" VPOS="1403" WIDTH="137" HEIGHT="72" CONTENT="had" WC="1.00" CC="000"/>
						<SP ID="P34_SP00070" HPOS="1392" VPOS="1490" WIDTH="38"/>
						<String ID="P34_ST00081" HPOS="1430" VPOS="1403" WIDTH="166" HEIGHT="72" CONTENT="been" WC="0.98" CC="7040"/>
						<SP ID="P34_SP00071" HPOS="1596" VPOS="1490" WIDTH="40"/>
						<String ID="P34_ST00082" HPOS="1636" VPOS="1401" WIDTH="240" HEIGHT="74" CONTENT="foolish" WC="0.98" CC="6204307"/>
						<SP ID="P34_SP00072" HPOS="1876" VPOS="1490" WIDTH="38"/>
						<String ID="P34_ST00083" HPOS="1914" VPOS="1420" WIDTH="66" HEIGHT="55" CONTENT="to" WC="1.00" CC="00"/>
						<SP ID="P34_SP00073" HPOS="1980" VPOS="1490" WIDTH="39"/>
						<String ID="P34_ST00084" HPOS="2019" VPOS="1403" WIDTH="187" HEIGHT="71" CONTENT="listen" WC="1.00" CC="200000"/>
					</TextLine>
					<TextLine ID="P34_TL00012" HPOS="237" VPOS="1517" WIDTH="1967" HEIGHT="89">
						<String ID="P34_ST00085" HPOS="237" VPOS="1536" WIDTH="66" HEIGHT="56" CONTENT="to" WC="1.00" CC="00"/>
						<SP ID="P34_SP00074" HPOS="303" VPOS="1592" WIDTH="37"/>
						<String ID="P34_ST00086" HPOS="340" VPOS="1518" WIDTH="163" HEIGHT="72" CONTENT="their" WC="0.99" CC="00032"/>
						<SP ID="P34_SP00075" HPOS="503" VPOS="1592" WIDTH="34"/>
						<String ID="P34_ST00087" HPOS="537" VPOS="1519" WIDTH="237" HEIGHT="87" CONTENT="prattle" WC="1.00" CC="0100051"/>
						<SP ID="P34_SP00076" HPOS="774" VPOS="1606" WIDTH="36"/>
						<String ID="P34_ST00088" HPOS="810" VPOS="1522" WIDTH="392" HEIGHT="84" CONTENT="concerning" WC="0.99" CC="0360017079"/>
						<SP ID="P34_SP00077" HPOS="1202" VPOS="1606" WIDTH="41"/>
						<String ID="P34_ST00089" HPOS="1243" VPOS="1518" WIDTH="202" HEIGHT="72" CONTENT="Erna." WC="0.57" CC="43534"/>
						<SP ID="P34_SP00078" HPOS="1445" VPOS="1606" WIDTH="97"/>
						<String ID="P34_ST00090" HPOS="1542" VPOS="1518" WIDTH="116" HEIGHT="72" CONTENT="He" WC="0.96" CC="00"/>
						<SP ID="P34_SP00079" HPOS="1658" VPOS="1606" WIDTH="36"/>
						<String ID="P34_ST00091" HPOS="1694" VPOS="1518" WIDTH="231" HEIGHT="72" CONTENT="would" WC="0.98" CC="01550"/>
						<SP ID="P34_SP00080" HPOS="1925" VPOS="1606" WIDTH="39"/>
						<String ID="P34_ST00092" HPOS="1964" VPOS="1536" WIDTH="113" HEIGHT="54" CONTENT="not" WC="0.99" CC="200"/>
						<SP ID="P34_SP00081" HPOS="2077" VPOS="1606" WIDTH="39"/>
						<String ID="P34_ST00093" HPOS="2116" VPOS="1517" WIDTH="88" HEIGHT="73" CONTENT="do" WC="0.96" CC="00"/>
					</TextLine>
					<TextLine ID="P34_TL00013" HPOS="239" VPOS="1632" WIDTH="1967" HEIGHT="89">
						<String ID="P34_ST00094" HPOS="239" VPOS="1664" WIDTH="69" HEIGHT="43" CONTENT="so" WC="0.77" CC="12"/>
						<SP ID="P34_SP00082" HPOS="308" VPOS="1707" WIDTH="36"/>
						<String ID="P34_ST00095" HPOS="344" VPOS="1636" WIDTH="65" HEIGHT="70" CONTENT="in" WC="0.59" CC="43"/>
						<SP ID="P34_SP00083" HPOS="409" VPOS="1707" WIDTH="37"/>
						<String ID="P34_ST00096" HPOS="446" VPOS="1634" WIDTH="109" HEIGHT="73" CONTENT="the" WC="1.00" CC="000"/>
						<SP ID="P34_SP00084" HPOS="555" VPOS="1707" WIDTH="37"/>
						<String ID="P34_ST00097" HPOS="592" VPOS="1634" WIDTH="235" HEIGHT="73" CONTENT="future." WC="0.99" CC="0000503"/>
						<SP ID="P34_SP00085" HPOS="827" VPOS="1707" WIDTH="92"/>
						<String ID="P34_ST00098" HPOS="919" VPOS="1634" WIDTH="73" HEIGHT="72" CONTENT="In" WC="0.31" CC="66"/>
						<SP ID="P34_SP00086" HPOS="992" VPOS="1707" WIDTH="39"/>
						<String ID="P34_ST00099" HPOS="1031" VPOS="1635" WIDTH="159" HEIGHT="80" CONTENT="fact," WC="0.99" CC="50004"/>
						<SP ID="P34_SP00087" HPOS="1190" VPOS="1715" WIDTH="37"/>
						<String ID="P34_ST00100" HPOS="1227" VPOS="1635" WIDTH="83" HEIGHT="72" CONTENT="he" WC="1.00" CC="00"/>
						<SP ID="P34_SP00088" HPOS="1310" VPOS="1715" WIDTH="35"/>
						<String ID="P34_ST00101" HPOS="1345" VPOS="1635" WIDTH="207" HEIGHT="86" CONTENT="ought" WC="0.99" CC="25000"/>
						<SP ID="P34_SP00089" HPOS="1552" VPOS="1721" WIDTH="34"/>
						<String ID="P34_ST00102" HPOS="1586" VPOS="1653" WIDTH="66" HEIGHT="54" CONTENT="to" WC="0.87" CC="02"/>
						<SP ID="P34_SP00090" HPOS="1652" VPOS="1721" WIDTH="38"/>
						<String ID="P34_ST00103" HPOS="1690" VPOS="1635" WIDTH="169" HEIGHT="86" CONTENT="drop" WC="0.99" CC="0030"/>
						<SP ID="P34_SP00091" HPOS="1859" VPOS="1721" WIDTH="38"/>
						<String ID="P34_ST00104" HPOS="1897" VPOS="1632" WIDTH="164" HEIGHT="74" CONTENT="their" WC="1.00" CC="00002"/>
						<SP ID="P34_SP00092" HPOS="2061" VPOS="1721" WIDTH="38"/>
						<String ID="P34_ST00105" HPOS="2099" VPOS="1665" WIDTH="72" HEIGHT="41" CONTENT="ac" SUBS_TYPE="HypPart1" SUBS_CONTENT="acquaintance" WC="0.98" CC="01"/>
						<HYP HPOS="2171" VPOS="1665" WIDTH="35" CONTENT="-"/>
					</TextLine>
					<TextLine ID="P34_TL00014" HPOS="237" VPOS="1748" WIDTH="1969" HEIGHT="90">
						<String ID="P34_ST00106" HPOS="237" VPOS="1752" WIDTH="395" HEIGHT="86" CONTENT="quaintance" SUBS_TYPE="HypPart2" SUBS_CONTENT="acquaintance" WC="1.00" CC="3003400001"/>
						<SP ID="P34_SP00093" HPOS="632" VPOS="1838" WIDTH="37"/>
						<String ID="P34_ST00107" HPOS="669" VPOS="1781" WIDTH="72" HEIGHT="41" CONTENT="or" WC="0.48" CC="54"/>
						<SP ID="P34_SP00094" HPOS="741" VPOS="1838" WIDTH="36"/>
						<String ID="P34_ST00108" HPOS="777" VPOS="1768" WIDTH="65" HEIGHT="54" CONTENT="to" WC="0.79" CC="04"/>
						<SP ID="P34_SP00095" HPOS="842" VPOS="1838" WIDTH="39"/>
						<String ID="P34_ST00109" HPOS="881" VPOS="1751" WIDTH="197" HEIGHT="71" CONTENT="avoid" WC="1.00" CC="00000"/>
						<SP ID="P34_SP00096" HPOS="1078" VPOS="1838" WIDTH="38"/>
						<String ID="P34_ST00110" HPOS="1116" VPOS="1751" WIDTH="160" HEIGHT="72" CONTENT="their" WC="0.98" CC="40552"/>
						<SP ID="P34_SP00097" HPOS="1276" VPOS="1838" WIDTH="36"/>
						<String ID="P34_ST00111" HPOS="1312" VPOS="1780" WIDTH="353" HEIGHT="57" CONTENT="company," WC="1.00" CC="00006002"/>
						<SP ID="P34_SP00098" HPOS="1665" VPOS="1838" WIDTH="40"/>
						<String ID="P34_ST00112" HPOS="1705" VPOS="1767" WIDTH="66" HEIGHT="55" CONTENT="at" WC="1.00" CC="00"/>
						<SP ID="P34_SP00099" HPOS="1771" VPOS="1838" WIDTH="40"/>
						<String ID="P34_ST00113" HPOS="1811" VPOS="1749" WIDTH="183" HEIGHT="73" CONTENT="least." WC="0.99" CC="500003"/>
						<SP ID="P34_SP00100" HPOS="1994" VPOS="1838" WIDTH="94"/>
						<String ID="P34_ST00114" HPOS="2088" VPOS="1748" WIDTH="118" HEIGHT="72" CONTENT="He" WC="0.95" CC="00"/>
					</TextLine>
					<TextLine ID="P34_TL00015" HPOS="236" VPOS="1864" WIDTH="1970" HEIGHT="88">
						<String ID="P34_ST00115" HPOS="236" VPOS="1866" WIDTH="231" HEIGHT="72" CONTENT="would" WC="1.00" CC="00020"/>
						<SP ID="P34_SP00101" HPOS="467" VPOS="1938" WIDTH="50"/>
						<String ID="P34_ST00116" HPOS="517" VPOS="1865" WIDTH="89" HEIGHT="73" CONTENT="do" WC="0.77" CC="04"/>
						<SP ID="P34_SP00102" HPOS="606" VPOS="1938" WIDTH="49"/>
						<String ID="P34_ST00117" HPOS="655" VPOS="1866" WIDTH="160" HEIGHT="72" CONTENT="that." WC="1.00" CC="00004"/>
						<SP ID="P34_SP00103" HPOS="815" VPOS="1938" WIDTH="107"/>
						<String ID="P34_ST00118" HPOS="922" VPOS="1866" WIDTH="204" HEIGHT="80" CONTENT="Now," WC="0.99" CC="3101"/>
						<SP ID="P34_SP00104" HPOS="1126" VPOS="1946" WIDTH="50"/>
						<String ID="P34_ST00119" HPOS="1176" VPOS="1866" WIDTH="84" HEIGHT="72" CONTENT="he" WC="1.00" CC="00"/>
						<SP ID="P34_SP00105" HPOS="1260" VPOS="1946" WIDTH="49"/>
						<String ID="P34_ST00120" HPOS="1309" VPOS="1866" WIDTH="201" HEIGHT="71" CONTENT="could" WC="0.99" CC="31030"/>
						<SP ID="P34_SP00106" HPOS="1510" VPOS="1946" WIDTH="53"/>
						<String ID="P34_ST00121" HPOS="1563" VPOS="1866" WIDTH="165" HEIGHT="86" CONTENT="keep" WC="1.00" CC="0000"/>
						<SP ID="P34_SP00107" HPOS="1728" VPOS="1952" WIDTH="50"/>
						<String ID="P34_ST00122" HPOS="1778" VPOS="1864" WIDTH="98" HEIGHT="73" CONTENT="his" WC="1.00" CC="000"/>
						<SP ID="P34_SP00108" HPOS="1876" VPOS="1952" WIDTH="52"/>
						<String ID="P34_ST00123" HPOS="1928" VPOS="1864" WIDTH="278" HEIGHT="87" CONTENT="thought" WC="1.00" CC="0020400"/>
					</TextLine>
					<TextLine ID="P34_TL00016" HPOS="236" VPOS="1980" WIDTH="1967" HEIGHT="91">
						<String ID="P34_ST00124" HPOS="236" VPOS="1982" WIDTH="76" HEIGHT="75" CONTENT="of" WC="0.80" CC="04"/>
						<SP ID="P34_SP00109" HPOS="312" VPOS="2057" WIDTH="28"/>
						<String ID="P34_ST00125" HPOS="340" VPOS="1983" WIDTH="137" HEIGHT="80" CONTENT="her," WC="0.99" CC="0003"/>
						<SP ID="P34_SP00110" HPOS="477" VPOS="2063" WIDTH="37"/>
						<String ID="P34_ST00126" HPOS="514" VPOS="2013" WIDTH="70" HEIGHT="42" CONTENT="so" WC="1.00" CC="00"/>
						<SP ID="P34_SP00111" HPOS="584" VPOS="2063" WIDTH="33"/>
						<String ID="P34_ST00127" HPOS="617" VPOS="2013" WIDTH="180" HEIGHT="58" CONTENT="pure," WC="0.99" CC="00203"/>
						<SP ID="P34_SP00112" HPOS="797" VPOS="2071" WIDTH="38"/>
						<String ID="P34_ST00128" HPOS="835" VPOS="2001" WIDTH="66" HEIGHT="54" CONTENT="to" WC="0.69" CC="06"/>
						<SP ID="P34_SP00113" HPOS="901" VPOS="2071" WIDTH="33"/>
						<String ID="P34_ST00129" HPOS="934" VPOS="1982" WIDTH="263" HEIGHT="72" CONTENT="himself" WC="0.99" CC="0400031"/>
						<String ID="P34_ST00130" HPOS="1199" VPOS="1982" WIDTH="195" HEIGHT="72" CONTENT="—his" WC="0.98" CC="8030"/>
						<SP ID="P34_SP00114" HPOS="1394" VPOS="2071" WIDTH="35"/>
						<String ID="P34_ST00131" HPOS="1429" VPOS="1982" WIDTH="278" HEIGHT="87" CONTENT="thought" WC="1.00" CC="0000000"/>
						<SP ID="P34_SP00115" HPOS="1707" VPOS="2071" WIDTH="35"/>
						<String ID="P34_ST00132" HPOS="1742" VPOS="1982" WIDTH="76" HEIGHT="72" CONTENT="of" WC="0.60" CC="16"/>
						<SP ID="P34_SP00116" HPOS="1818" VPOS="2071" WIDTH="32"/>
						<String ID="P34_ST00133" HPOS="1850" VPOS="1982" WIDTH="139" HEIGHT="80" CONTENT="her," WC="0.99" CC="0011"/>
						<SP ID="P34_SP00117" HPOS="1989" VPOS="2071" WIDTH="36"/>
						<String ID="P34_ST00134" HPOS="2025" VPOS="1980" WIDTH="178" HEIGHT="83" CONTENT="who," WC="1.00" CC="0001"/>
					</TextLine>
					<TextLine ID="P34_TL00017" HPOS="236" VPOS="2097" WIDTH="1966" HEIGHT="89">
						<String ID="P34_ST00135" HPOS="236" VPOS="2101" WIDTH="63" HEIGHT="70" CONTENT="in" WC="0.78" CC="40"/>
						<SP ID="P34_SP00118" HPOS="299" VPOS="2171" WIDTH="42"/>
						<String ID="P34_ST00136" HPOS="341" VPOS="2101" WIDTH="162" HEIGHT="85" CONTENT="spite" WC="1.00" CC="00200"/>
						<SP ID="P34_SP00119" HPOS="503" VPOS="2186" WIDTH="38"/>
						<String ID="P34_ST00137" HPOS="541" VPOS="2098" WIDTH="76" HEIGHT="73" CONTENT="of" WC="0.60" CC="16"/>
						<SP ID="P34_SP00120" HPOS="617" VPOS="2186" WIDTH="34"/>
						<String ID="P34_ST00138" HPOS="651" VPOS="2097" WIDTH="115" HEIGHT="73" CONTENT="her" WC="0.99" CC="002"/>
						<SP ID="P34_SP00121" HPOS="766" VPOS="2186" WIDTH="40"/>
						<String ID="P34_ST00139" HPOS="806" VPOS="2097" WIDTH="374" HEIGHT="88" CONTENT="fun-loving" WC="0.99" CC="2004630350"/>
						<SP ID="P34_SP00122" HPOS="1180" VPOS="2186" WIDTH="40"/>
						<String ID="P34_ST00140" HPOS="1220" VPOS="2098" WIDTH="134" HEIGHT="72" CONTENT="and" WC="0.99" CC="030"/>
						<SP ID="P34_SP00123" HPOS="1354" VPOS="2186" WIDTH="39"/>
						<String ID="P34_ST00141" HPOS="1393" VPOS="2097" WIDTH="516" HEIGHT="88" CONTENT="prank-playing" WC="1.00" CC="0000040400050"/>
						<SP ID="P34_SP00124" HPOS="1909" VPOS="2186" WIDTH="41"/>
						<String ID="P34_ST00142" HPOS="1950" VPOS="2114" WIDTH="252" HEIGHT="63" CONTENT="nature," WC="1.00" CC="0004003"/>
					</TextLine>
					<TextLine ID="P34_TL00018" HPOS="235" VPOS="2212" WIDTH="1969" HEIGHT="90">
						<String ID="P34_ST00143" HPOS="235" VPOS="2243" WIDTH="139" HEIGHT="43" CONTENT="was" WC="1.00" CC="000"/>
						<SP ID="P34_SP00125" HPOS="374" VPOS="2286" WIDTH="39"/>
						<String ID="P34_ST00144" HPOS="413" VPOS="2245" WIDTH="68" HEIGHT="41" CONTENT="as" WC="1.00" CC="00"/>
						<SP ID="P34_SP00126" HPOS="481" VPOS="2286" WIDTH="37"/>
						<String ID="P34_ST00145" HPOS="518" VPOS="2245" WIDTH="160" HEIGHT="57" CONTENT="pure" WC="0.99" CC="0120"/>
						<SP ID="P34_SP00127" HPOS="678" VPOS="2302" WIDTH="37"/>
						<String ID="P34_ST00146" HPOS="715" VPOS="2245" WIDTH="70" HEIGHT="41" CONTENT="as" WC="1.00" CC="00"/>
						<SP ID="P34_SP00128" HPOS="785" VPOS="2302" WIDTH="35"/>
						<String ID="P34_ST00147" HPOS="820" VPOS="2213" WIDTH="107" HEIGHT="73" CONTENT="the" WC="1.00" CC="000"/>
						<SP ID="P34_SP00129" HPOS="927" VPOS="2302" WIDTH="35"/>
						<String ID="P34_ST00148" HPOS="962" VPOS="2231" WIDTH="219" HEIGHT="69" CONTENT="purest" WC="0.99" CC="043000"/>
						<SP ID="P34_SP00130" HPOS="1181" VPOS="2302" WIDTH="37"/>
						<String ID="P34_ST00149" HPOS="1218" VPOS="2213" WIDTH="133" HEIGHT="72" CONTENT="and" WC="1.00" CC="000"/>
						<SP ID="P34_SP00131" HPOS="1351" VPOS="2302" WIDTH="36"/>
						<String ID="P34_ST00150" HPOS="1387" VPOS="2213" WIDTH="256" HEIGHT="72" CONTENT="whitest" WC="1.00" CC="0030000"/>
						<SP ID="P34_SP00132" HPOS="1643" VPOS="2302" WIDTH="37"/>
						<String ID="P34_ST00151" HPOS="1680" VPOS="2212" WIDTH="175" HEIGHT="73" CONTENT="of—" WC="0.95" CC="048"/>
						<SP ID="P34_SP00133" HPOS="1855" VPOS="2302" WIDTH="60"/>
						<String ID="P34_ST00152" HPOS="1915" VPOS="2212" WIDTH="168" HEIGHT="82" CONTENT="Yes," WC="0.99" CC="0103"/>
						<SP ID="P34_SP00134" HPOS="2083" VPOS="2302" WIDTH="38"/>
						<String ID="P34_ST00153" HPOS="2121" VPOS="2213" WIDTH="83" HEIGHT="72" CONTENT="he" WC="1.00" CC="00"/>
					</TextLine>
					<TextLine ID="P34_TL00019" HPOS="235" VPOS="2328" WIDTH="1969" HEIGHT="89">
						<String ID="P34_ST00154" HPOS="235" VPOS="2330" WIDTH="230" HEIGHT="73" CONTENT="would" WC="0.99" CC="02530"/>
						<SP ID="P34_SP00135" HPOS="465" VPOS="2403" WIDTH="40"/>
						<String ID="P34_ST00155" HPOS="505" VPOS="2330" WIDTH="167" HEIGHT="87" CONTENT="keep" WC="1.00" CC="0000"/>
						<SP ID="P34_SP00136" HPOS="672" VPOS="2417" WIDTH="35"/>
						<String ID="P34_ST00156" HPOS="707" VPOS="2330" WIDTH="116" HEIGHT="73" CONTENT="her" WC="1.00" CC="000"/>
						<SP ID="P34_SP00137" HPOS="823" VPOS="2417" WIDTH="34"/>
						<String ID="P34_ST00157" HPOS="857" VPOS="2359" WIDTH="182" HEIGHT="58" CONTENT="pure." WC="0.99" CC="00113"/>
						<SP ID="P34_SP00138" HPOS="1039" VPOS="2417" WIDTH="91"/>
						<String ID="P34_ST00158" HPOS="1130" VPOS="2328" WIDTH="170" HEIGHT="74" CONTENT="And" WC="0.96" CC="360"/>
						<SP ID="P34_SP00139" HPOS="1300" VPOS="2417" WIDTH="41"/>
						<String ID="P34_ST00159" HPOS="1341" VPOS="2328" WIDTH="246" HEIGHT="88" CONTENT="Jimmy" WC="1.00" CC="02000"/>
						<SP ID="P34_SP00140" HPOS="1587" VPOS="2417" WIDTH="38"/>
						<String ID="P34_ST00160" HPOS="1625" VPOS="2328" WIDTH="235" HEIGHT="82" CONTENT="Allen," WC="0.98" CC="145024"/>
						<SP ID="P34_SP00141" HPOS="1860" VPOS="2417" WIDTH="41"/>
						<String ID="P34_ST00161" HPOS="1901" VPOS="2328" WIDTH="176" HEIGHT="82" CONTENT="well," WC="0.99" CC="00423"/>
						<SP ID="P34_SP00142" HPOS="2077" VPOS="2417" WIDTH="44"/>
						<String ID="P34_ST00162" HPOS="2121" VPOS="2328" WIDTH="83" HEIGHT="73" CONTENT="he" WC="1.00" CC="00"/>
					</TextLine>
					<TextLine ID="P34_TL00020" HPOS="233" VPOS="2444" WIDTH="1969" HEIGHT="82">
						<String ID="P34_ST00163" HPOS="233" VPOS="2446" WIDTH="139" HEIGHT="75" CONTENT="had" WC="1.00" CC="000"/>
						<SP ID="P34_SP00143" HPOS="372" VPOS="2521" WIDTH="33"/>
						<String ID="P34_ST00164" HPOS="405" VPOS="2477" WIDTH="187" HEIGHT="43" CONTENT="come" WC="1.00" CC="0000"/>
						<SP ID="P34_SP00144" HPOS="592" VPOS="2521" WIDTH="31"/>
						<String ID="P34_ST00165" HPOS="623" VPOS="2446" WIDTH="196" HEIGHT="80" CONTENT="back," WC="0.98" CC="75002"/>
						<SP ID="P34_SP00145" HPOS="819" VPOS="2526" WIDTH="35"/>
						<String ID="P34_ST00166" HPOS="854" VPOS="2445" WIDTH="119" HEIGHT="73" CONTENT="but" WC="0.99" CC="030"/>
						<SP ID="P34_SP00146" HPOS="973" VPOS="2526" WIDTH="30"/>
						<String ID="P34_ST00167" HPOS="1003" VPOS="2446" WIDTH="97" HEIGHT="73" CONTENT="his" WC="0.97" CC="700"/>
						<SP ID="P34_SP00147" HPOS="1100" VPOS="2526" WIDTH="33"/>
						<String ID="P34_ST00168" HPOS="1133" VPOS="2445" WIDTH="320" HEIGHT="73" CONTENT="influence" WC="1.00" CC="000000000"/>
						<SP ID="P34_SP00148" HPOS="1453" VPOS="2526" WIDTH="36"/>
						<String ID="P34_ST00169" HPOS="1489" VPOS="2476" WIDTH="155" HEIGHT="42" CONTENT="over" WC="0.98" CC="4014"/>
						<SP ID="P34_SP00149" HPOS="1644" VPOS="2526" WIDTH="32"/>
						<String ID="P34_ST00170" HPOS="1676" VPOS="2445" WIDTH="116" HEIGHT="74" CONTENT="her" WC="1.00" CC="000"/>
						<SP ID="P34_SP00150" HPOS="1792" VPOS="2526" WIDTH="33"/>
						<String ID="P34_ST00171" HPOS="1825" VPOS="2476" WIDTH="141" HEIGHT="42" CONTENT="was" WC="1.00" CC="000"/>
						<SP ID="P34_SP00151" HPOS="1966" VPOS="2526" WIDTH="34"/>
						<String ID="P34_ST00172" HPOS="2000" VPOS="2444" WIDTH="202" HEIGHT="81" CONTENT="dead," WC="1.00" CC="00003"/>
					</TextLine>
					<TextLine ID="P34_TL00021" HPOS="236" VPOS="2560" WIDTH="1970" HEIGHT="88">
						<String ID="P34_ST00173" HPOS="236" VPOS="2562" WIDTH="180" HEIGHT="74" CONTENT="dead" WC="1.00" CC="0000"/>
						<SP ID="P34_SP00152" HPOS="416" VPOS="2636" WIDTH="38"/>
						<String ID="P34_ST00174" HPOS="454" VPOS="2565" WIDTH="173" HEIGHT="71" CONTENT="since" WC="1.00" CC="20000"/>
						<SP ID="P34_SP00153" HPOS="627" VPOS="2636" WIDTH="38"/>
						<String ID="P34_ST00175" HPOS="665" VPOS="2561" WIDTH="108" HEIGHT="73" CONTENT="the" WC="1.00" CC="000"/>
						<SP ID="P34_SP00154" HPOS="773" VPOS="2636" WIDTH="38"/>
						<String ID="P34_ST00176" HPOS="811" VPOS="2561" WIDTH="137" HEIGHT="87" CONTENT="day" WC="1.00" CC="000"/>
						<SP ID="P34_SP00155" HPOS="948" VPOS="2648" WIDTH="37"/>
						<String ID="P34_ST00177" HPOS="985" VPOS="2560" WIDTH="111" HEIGHT="73" CONTENT="she" WC="0.99" CC="300"/>
						<SP ID="P34_SP00156" HPOS="1096" VPOS="2648" WIDTH="37"/>
						<String ID="P34_ST00178" HPOS="1133" VPOS="2561" WIDTH="139" HEIGHT="73" CONTENT="had" WC="1.00" CC="000"/>
						<SP ID="P34_SP00157" HPOS="1272" VPOS="2648" WIDTH="41"/>
						<String ID="P34_ST00179" HPOS="1313" VPOS="2561" WIDTH="229" HEIGHT="72" CONTENT="shown" WC="0.99" CC="00300"/>
						<SP ID="P34_SP00158" HPOS="1542" VPOS="2648" WIDTH="38"/>
						<String ID="P34_ST00180" HPOS="1580" VPOS="2561" WIDTH="136" HEIGHT="73" CONTENT="him" WC="1.00" CC="000"/>
						<SP ID="P34_SP00159" HPOS="1716" VPOS="2648" WIDTH="40"/>
						<String ID="P34_ST00181" HPOS="1756" VPOS="2560" WIDTH="108" HEIGHT="73" CONTENT="the" WC="1.00" CC="000"/>
						<SP ID="P34_SP00160" HPOS="1864" VPOS="2648" WIDTH="39"/>
						<String ID="P34_ST00182" HPOS="1903" VPOS="2561" WIDTH="187" HEIGHT="81" CONTENT="door," WC="0.99" CC="01014"/>
						<SP ID="P34_SP00161" HPOS="2090" VPOS="2648" WIDTH="43"/>
						<String ID="P34_ST00183" HPOS="2133" VPOS="2591" WIDTH="73" HEIGHT="42" CONTENT="as" WC="1.00" CC="00"/>
					</TextLine>
					<TextLine ID="P34_TL00022" HPOS="236" VPOS="2676" WIDTH="1971" HEIGHT="77">
						<String ID="P34_ST00184" HPOS="236" VPOS="2679" WIDTH="112" HEIGHT="74" CONTENT="she" WC="1.00" CC="000"/>
						<SP ID="P34_SP00162" HPOS="348" VPOS="2753" WIDTH="38"/>
						<String ID="P34_ST00185" HPOS="386" VPOS="2679" WIDTH="140" HEIGHT="72" CONTENT="had" WC="1.00" CC="000"/>
						<SP ID="P34_SP00163" HPOS="526" VPOS="2753" WIDTH="40"/>
						<String ID="P34_ST00186" HPOS="566" VPOS="2678" WIDTH="309" HEIGHT="73" CONTENT="confided" WC="1.00" CC="00044000"/>
						<SP ID="P34_SP00164" HPOS="875" VPOS="2753" WIDTH="42"/>
						<String ID="P34_ST00187" HPOS="917" VPOS="2697" WIDTH="66" HEIGHT="53" CONTENT="to" WC="0.78" CC="22"/>
						<SP ID="P34_SP00165" HPOS="983" VPOS="2753" WIDTH="38"/>
						<String ID="P34_ST00188" HPOS="1021" VPOS="2676" WIDTH="132" HEIGHT="74" CONTENT="him" WC="1.00" CC="000"/>
						<SP ID="P34_SP00166" HPOS="1153" VPOS="2753" WIDTH="41"/>
						<String ID="P34_ST00189" HPOS="1194" VPOS="2676" WIDTH="141" HEIGHT="74" CONTENT="that" WC="0.99" CC="0004"/>
						<SP ID="P34_SP00167" HPOS="1335" VPOS="2753" WIDTH="41"/>
						<String ID="P34_ST00190" HPOS="1376" VPOS="2679" WIDTH="172" HEIGHT="70" CONTENT="time." WC="0.99" CC="20003"/>
						<SP ID="P34_SP00168" HPOS="1548" VPOS="2753" WIDTH="98"/>
						<String ID="P34_ST00191" HPOS="1646" VPOS="2676" WIDTH="118" HEIGHT="74" CONTENT="He" WC="1.00" CC="00"/>
						<SP ID="P34_SP00169" HPOS="1764" VPOS="2753" WIDTH="39"/>
						<String ID="P34_ST00192" HPOS="1803" VPOS="2676" WIDTH="202" HEIGHT="74" CONTENT="could" WC="0.99" CC="02030"/>
						<SP ID="P34_SP00170" HPOS="2005" VPOS="2753" WIDTH="42"/>
						<String ID="P34_ST00193" HPOS="2047" VPOS="2693" WIDTH="160" HEIGHT="56" CONTENT="trust" WC="1.00" CC="00000"/>
					</TextLine>
					<TextLine ID="P34_TL00023" HPOS="232" VPOS="2793" WIDTH="1971" HEIGHT="88">
						<String ID="P34_ST00194" HPOS="232" VPOS="2794" WIDTH="137" HEIGHT="74" CONTENT="her." WC="0.99" CC="0003"/>
						<SP ID="P34_SP00171" HPOS="369" VPOS="2868" WIDTH="102"/>
						<String ID="P34_ST00195" HPOS="471" VPOS="2793" WIDTH="136" HEIGHT="75" CONTENT="She" WC="0.96" CC="504"/>
						<SP ID="P34_SP00172" HPOS="607" VPOS="2868" WIDTH="48"/>
						<String ID="P34_ST00196" HPOS="655" VPOS="2825" WIDTH="139" HEIGHT="42" CONTENT="was" WC="1.00" CC="000"/>
						<SP ID="P34_SP00173" HPOS="794" VPOS="2868" WIDTH="50"/>
						<String ID="P34_ST00197" HPOS="844" VPOS="2812" WIDTH="221" HEIGHT="69" CONTENT="strong" WC="0.99" CC="030220"/>
						<SP ID="P34_SP00174" HPOS="1065" VPOS="2881" WIDTH="49"/>
						<String ID="P34_ST00198" HPOS="1114" VPOS="2793" WIDTH="261" HEIGHT="88" CONTENT="enough" WC="0.99" CC="340300"/>
						<SP ID="P34_SP00175" HPOS="1375" VPOS="2881" WIDTH="54"/>
						<String ID="P34_ST00199" HPOS="1429" VPOS="2793" WIDTH="134" HEIGHT="73" CONTENT="and" WC="0.98" CC="050"/>
						<SP ID="P34_SP00176" HPOS="1563" VPOS="2881" WIDTH="48"/>
						<String ID="P34_ST00200" HPOS="1611" VPOS="2824" WIDTH="160" HEIGHT="57" CONTENT="pure" WC="0.99" CC="0040"/>
						<SP ID="P34_SP00177" HPOS="1771" VPOS="2881" WIDTH="51"/>
						<String ID="P34_ST00201" HPOS="1822" VPOS="2793" WIDTH="262" HEIGHT="88" CONTENT="enough" WC="0.99" CC="051000"/>
						<SP ID="P34_SP00178" HPOS="2084" VPOS="2881" WIDTH="52"/>
						<String ID="P34_ST00202" HPOS="2136" VPOS="2812" WIDTH="67" HEIGHT="54" CONTENT="to" WC="1.00" CC="00"/>
					</TextLine>
					<TextLine ID="P34_TL00024" HPOS="236" VPOS="2910" WIDTH="757" HEIGHT="75">
						<String ID="P34_ST00203" HPOS="236" VPOS="2911" WIDTH="152" HEIGHT="74" CONTENT="take" WC="1.00" CC="0000"/>
						<SP ID="P34_SP00179" HPOS="388" VPOS="2985" WIDTH="40"/>
						<String ID="P34_ST00204" HPOS="428" VPOS="2942" WIDTH="150" HEIGHT="43" CONTENT="care" WC="0.99" CC="0410"/>
						<SP ID="P34_SP00180" HPOS="578" VPOS="2985" WIDTH="39"/>
						<String ID="P34_ST00205" HPOS="617" VPOS="2913" WIDTH="76" HEIGHT="71" CONTENT="of" WC="0.41" CC="46"/>
						<SP ID="P34_SP00181" HPOS="693" VPOS="2985" WIDTH="36"/>
						<String ID="P34_ST00206" HPOS="729" VPOS="2910" WIDTH="264" HEIGHT="74" CONTENT="herself." WC="1.00" CC="00200043"/>
					</TextLine>
					<TextLine ID="P34_TL00025" HPOS="332" VPOS="3024" WIDTH="1870" HEIGHT="89">
						<String ID="P34_ST00207" HPOS="332" VPOS="3026" WIDTH="169" HEIGHT="75" CONTENT="This" WC="0.98" CC="0043"/>
						<SP ID="P34_SP00182" HPOS="501" VPOS="3101" WIDTH="35"/>
						<String ID="P34_ST00208" HPOS="536" VPOS="3057" WIDTH="139" HEIGHT="44" CONTENT="was" WC="0.99" CC="020"/>
						<SP ID="P34_SP00183" HPOS="675" VPOS="3101" WIDTH="38"/>
						<String ID="P34_ST00209" HPOS="713" VPOS="3026" WIDTH="284" HEIGHT="87" CONTENT="Friday;" WC="0.99" CC="4000005"/>
						<SP ID="P34_SP00184" HPOS="997" VPOS="3113" WIDTH="42"/>
						<String ID="P34_ST00210" HPOS="1039" VPOS="3043" WIDTH="381" HEIGHT="56" CONTENT="to-morrow" WC="0.99" CC="000043330"/>
						<SP ID="P34_SP00185" HPOS="1420" VPOS="3113" WIDTH="34"/>
						<String ID="P34_ST00211" HPOS="1454" VPOS="3026" WIDTH="230" HEIGHT="72" CONTENT="would" WC="0.99" CC="02060"/>
						<SP ID="P34_SP00186" HPOS="1684" VPOS="3113" WIDTH="35"/>
						<String ID="P34_ST00212" HPOS="1719" VPOS="3027" WIDTH="83" HEIGHT="71" CONTENT="be" WC="0.64" CC="70"/>
						<SP ID="P34_SP00187" HPOS="1802" VPOS="3113" WIDTH="35"/>
						<String ID="P34_ST00213" HPOS="1837" VPOS="3024" WIDTH="365" HEIGHT="89" CONTENT="Saturday," WC="1.00" CC="000000002"/>
					</TextLine>
					<TextLine ID="P34_TL00026" HPOS="236" VPOS="3141" WIDTH="1968" HEIGHT="89">
						<String ID="P34_ST00214" HPOS="236" VPOS="3145" WIDTH="133" HEIGHT="71" CONTENT="and" WC="1.00" CC="000"/>
						<SP ID="P34_SP00188" HPOS="369" VPOS="3216" WIDTH="36"/>
						<String ID="P34_ST00215" HPOS="405" VPOS="3142" WIDTH="152" HEIGHT="74" CONTENT="then" WC="0.98" CC="0702"/>
						<SP ID="P34_SP00189" HPOS="557" VPOS="3216" WIDTH="32"/>
						<String ID="P34_ST00216" HPOS="589" VPOS="3142" WIDTH="305" HEIGHT="88" CONTENT="Sunday," WC="1.00" CC="2020000"/>
						<SP ID="P34_SP00190" HPOS="894" VPOS="3230" WIDTH="37"/>
						<String ID="P34_ST00217" HPOS="931" VPOS="3174" WIDTH="39" HEIGHT="41" CONTENT="a" WC="1.00" CC="0"/>
						<SP ID="P34_SP00191" HPOS="970" VPOS="3230" WIDTH="37"/>
						<String ID="P34_ST00218" HPOS="1007" VPOS="3144" WIDTH="178" HEIGHT="86" CONTENT="long," WC="0.98" CC="55002"/>
						<SP ID="P34_SP00192" HPOS="1185" VPOS="3230" WIDTH="36"/>
						<String ID="P34_ST00219" HPOS="1221" VPOS="3142" WIDTH="157" HEIGHT="88" CONTENT="long" WC="0.99" CC="3000"/>
						<SP ID="P34_SP00193" HPOS="1378" VPOS="3230" WIDTH="34"/>
						<String ID="P34_ST00220" HPOS="1412" VPOS="3141" WIDTH="305" HEIGHT="89" CONTENT="Sunday," WC="0.99" CC="0600003"/>
						<SP ID="P34_SP00194" HPOS="1717" VPOS="3230" WIDTH="34"/>
						<String ID="P34_ST00221" HPOS="1751" VPOS="3142" WIDTH="231" HEIGHT="72" CONTENT="would" WC="0.99" CC="03040"/>
						<SP ID="P34_SP00195" HPOS="1982" VPOS="3230" WIDTH="36"/>
						<String ID="P34_ST00222" HPOS="2018" VPOS="3172" WIDTH="186" HEIGHT="43" CONTENT="come" WC="1.00" CC="0000"/>
					</TextLine>
					<TextLine ID="P34_TL00027" HPOS="237" VPOS="3258" WIDTH="1969" HEIGHT="91">
						<String ID="P34_ST00223" HPOS="237" VPOS="3262" WIDTH="134" HEIGHT="72" CONTENT="and" WC="1.00" CC="000"/>
						<SP ID="P34_SP00196" HPOS="371" VPOS="3334" WIDTH="30"/>
						<String ID="P34_ST00224" HPOS="401" VPOS="3261" WIDTH="173" HEIGHT="73" CONTENT="have" WC="1.00" CC="0002"/>
						<SP ID="P34_SP00197" HPOS="574" VPOS="3334" WIDTH="34"/>
						<String ID="P34_ST00225" HPOS="608" VPOS="3278" WIDTH="66" HEIGHT="55" CONTENT="to" WC="0.81" CC="03"/>
						<SP ID="P34_SP00198" HPOS="674" VPOS="3334" WIDTH="34"/>
						<String ID="P34_ST00226" HPOS="708" VPOS="3291" WIDTH="153" HEIGHT="58" CONTENT="pass" WC="1.00" CC="0000"/>
						<SP ID="P34_SP00199" HPOS="861" VPOS="3349" WIDTH="32"/>
						<String ID="P34_ST00227" HPOS="893" VPOS="3259" WIDTH="232" HEIGHT="74" CONTENT="before" WC="0.98" CC="607210"/>
						<SP ID="P34_SP00200" HPOS="1125" VPOS="3349" WIDTH="33"/>
						<String ID="P34_ST00228" HPOS="1158" VPOS="3259" WIDTH="113" HEIGHT="75" CONTENT="she" WC="0.97" CC="070"/>
						<SP ID="P34_SP00201" HPOS="1271" VPOS="3349" WIDTH="33"/>
						<String ID="P34_ST00229" HPOS="1304" VPOS="3261" WIDTH="229" HEIGHT="72" CONTENT="would" WC="1.00" CC="00000"/>
						<SP ID="P34_SP00202" HPOS="1533" VPOS="3349" WIDTH="33"/>
						<String ID="P34_ST00230" HPOS="1566" VPOS="3259" WIDTH="82" HEIGHT="73" CONTENT="be" WC="0.56" CC="61"/>
						<SP ID="P34_SP00203" HPOS="1648" VPOS="3349" WIDTH="35"/>
						<String ID="P34_ST00231" HPOS="1683" VPOS="3259" WIDTH="158" HEIGHT="73" CONTENT="with" WC="0.98" CC="0007"/>
						<SP ID="P34_SP00204" HPOS="1841" VPOS="3349" WIDTH="36"/>
						<String ID="P34_ST00232" HPOS="1877" VPOS="3258" WIDTH="153" HEIGHT="74" CONTENT="him." WC="0.99" CC="0103"/>
						<SP ID="P34_SP00205" HPOS="2030" VPOS="3349" WIDTH="67"/>
						<String ID="P34_ST00233" HPOS="2097" VPOS="3258" WIDTH="109" HEIGHT="72" CONTENT="Of" WC="1.00" CC="00"/>
					</TextLine>
					<TextLine ID="P34_TL00028" HPOS="233" VPOS="3375" WIDTH="1971" HEIGHT="87">
						<String ID="P34_ST00234" HPOS="233" VPOS="3408" WIDTH="249" HEIGHT="51" CONTENT="course," WC="0.99" CC="0075002"/>
						<SP ID="P34_SP00206" HPOS="482" VPOS="3459" WIDTH="30"/>
						<String ID="P34_ST00235" HPOS="512" VPOS="3377" WIDTH="85" HEIGHT="74" CONTENT="he" WC="1.00" CC="00"/>
						<SP ID="P34_SP00207" HPOS="597" VPOS="3459" WIDTH="26"/>
						<String ID="P34_ST00236" HPOS="623" VPOS="3375" WIDTH="229" HEIGHT="76" CONTENT="would" WC="1.00" CC="01010"/>
						<SP ID="P34_SP00208" HPOS="852" VPOS="3459" WIDTH="30"/>
						<String ID="P34_ST00237" HPOS="882" VPOS="3408" WIDTH="105" HEIGHT="42" CONTENT="see" WC="1.00" CC="000"/>
						<SP ID="P34_SP00209" HPOS="987" VPOS="3459" WIDTH="29"/>
						<String ID="P34_ST00238" HPOS="1016" VPOS="3376" WIDTH="115" HEIGHT="75" CONTENT="her" WC="1.00" CC="000"/>
						<SP ID="P34_SP00210" HPOS="1131" VPOS="3459" WIDTH="30"/>
						<String ID="P34_ST00239" HPOS="1161" VPOS="3394" WIDTH="353" HEIGHT="56" CONTENT="tomorrow" WC="0.99" CC="01023430"/>
						<SP ID="P34_SP00211" HPOS="1514" VPOS="3459" WIDTH="29"/>
						<String ID="P34_ST00240" HPOS="1543" VPOS="3379" WIDTH="300" HEIGHT="83" CONTENT="morning" WC="0.99" CC="0311120"/>
						<SP ID="P34_SP00212" HPOS="1843" VPOS="3462" WIDTH="31"/>
						<String ID="P34_ST00241" HPOS="1874" VPOS="3393" WIDTH="68" HEIGHT="56" CONTENT="at" WC="1.00" CC="00"/>
						<SP ID="P34_SP00213" HPOS="1942" VPOS="3462" WIDTH="28"/>
						<String ID="P34_ST00242" HPOS="1970" VPOS="3375" WIDTH="195" HEIGHT="74" CONTENT="break" SUBS_TYPE="HypPart1" SUBS_CONTENT="breakfast," WC="0.99" CC="74000"/>
						<HYP HPOS="2165" VPOS="3375" WIDTH="39" CONTENT="-"/>
					</TextLine>
					<TextLine ID="P34_TL00029" HPOS="239" VPOS="3490" WIDTH="1960" HEIGHT="89">
						<String ID="P34_ST00243" HPOS="239" VPOS="3493" WIDTH="151" HEIGHT="83" CONTENT="fast," SUBS_TYPE="HypPart2" SUBS_CONTENT="breakfast," WC="0.99" CC="60001"/>
						<SP ID="P34_SP00214" HPOS="390" VPOS="3576" WIDTH="54"/>
						<String ID="P34_ST00244" HPOS="444" VPOS="3494" WIDTH="118" HEIGHT="74" CONTENT="but" WC="0.97" CC="060"/>
						<SP ID="P34_SP00215" HPOS="562" VPOS="3576" WIDTH="49"/>
						<String ID="P34_ST00245" HPOS="611" VPOS="3493" WIDTH="85" HEIGHT="75" CONTENT="he" WC="0.64" CC="70"/>
						<SP ID="P34_SP00216" HPOS="696" VPOS="3576" WIDTH="51"/>
						<String ID="P34_ST00246" HPOS="747" VPOS="3511" WIDTH="170" HEIGHT="57" CONTENT="must" WC="1.00" CC="0000"/>
						<SP ID="P34_SP00217" HPOS="917" VPOS="3576" WIDTH="50"/>
						<String ID="P34_ST00247" HPOS="967" VPOS="3493" WIDTH="84" HEIGHT="74" CONTENT="be" WC="0.65" CC="60"/>
						<SP ID="P34_SP00218" HPOS="1051" VPOS="3576" WIDTH="56"/>
						<String ID="P34_ST00248" HPOS="1107" VPOS="3492" WIDTH="254" HEIGHT="75" CONTENT="careful" WC="0.99" CC="0050603"/>
						<SP ID="P34_SP00219" HPOS="1361" VPOS="3576" WIDTH="55"/>
						<String ID="P34_ST00249" HPOS="1416" VPOS="3511" WIDTH="67" HEIGHT="56" CONTENT="to" WC="0.71" CC="05"/>
						<SP ID="P34_SP00220" HPOS="1483" VPOS="3576" WIDTH="57"/>
						<String ID="P34_ST00250" HPOS="1540" VPOS="3492" WIDTH="200" HEIGHT="75" CONTENT="avoid" WC="0.99" CC="00070"/>
						<SP ID="P34_SP00221" HPOS="1740" VPOS="3576" WIDTH="56"/>
						<String ID="P34_ST00251" HPOS="1796" VPOS="3490" WIDTH="107" HEIGHT="75" CONTENT="the" WC="0.97" CC="070"/>
						<SP ID="P34_SP00222" HPOS="1903" VPOS="3576" WIDTH="54"/>
						<String ID="P34_ST00252" HPOS="1957" VPOS="3493" WIDTH="242" HEIGHT="86" CONTENT="cynics." WC="1.00" CC="0000002"/>
					</TextLine>
				</TextBlock>
			</PrintSpace>
		</Page>
	</Layout>
</alto>
