2441 4017
1719 312 214 52 ERNA
1982 313 230 52 VITEK

1165 3659 93 49 113

249 483 390 89 doubtedly.
730 483 152 75 The
921 485 268 88 chapter
1225 515 140 43 was
1398 485 246 74 closed.
1740 487 115 72 He
1893 504 168 56 must
2099 504 113 55 not

245 600 208 72 desire
495 631 200 41 more.

345 715 276 73 Nielsen
679 717 337 87 tightened
1072 718 95 71 his
1224 718 268 71 resolve.
1608 717 76 72 In
1742 718 271 74 another
2067 750 92 42 mo-

241 850 197 62 ment,
479 831 81 74 he
594 863 139 42 was
771 836 194 84 again
1003 833 188 87 busy,
1230 835 276 85 writing.

343 945 225 75 There
620 978 139 42 was
813 979 38 41 a
905 948 218 73 knock
1177 965 66 55 at
1293 948 108 73 the
1454 948 185 73 door.
1750 949 115 72 He
1920 949 117 72 did
2090 967 113 54 not

240 1063 159 71 hear
428 1066 67 68 it.
581 1063 155 73 The
769 1063 215 73 knock
1015 1094 138 42 was
1186 1065 311 86 repeated
1529 1095 179 44 more
1742 1065 253 87 loudly.
2085 1063 117 74 He

242 1179 244 72 looked
532 1180 253 71 around
829 1180 390 86 petulantly,
1265 1197 113 68 got
1417 1211 111 55 up,
1572 1198 175 53 went
1788 1211 154 42 over
1985 1199 65 54 to
2093 1180 108 73 the

240 1294 165 73 door
438 1294 132 73 and
598 1294 259 88 opened
888 1297 64 69 it.
1261 1294 100 73 it's
1629 1296 80 72 he
1744 1296 162 81 said,
1940 1296 116 72 but
2089 1315 112 53 not

236 1411 158 71 with
432 1410 368 88 cordiality.

339 1526 183 72 Erna
561 1557 186 41 came
787 1529 85 69 in.

470 1672 137 43 was
658 1642 200 73 down
909 1645 64 69 in
1025 1642 106 74 the
1807 1644 111 71 she
1971 1644 189 86 apolo-

237 1757 214 87 gized.

590 1903 173 42 were
806 1874 168 86 right
1016 1891 66 54 to
1126 1904 187 41 come
1557 1872 80 73 he
1680 1874 338 71 reassured
2056 1872 136 80 her,

236 2020 179 57 sorry
452 2007 65 53 to
551 1989 169 71 have
758 1988 253 74 treated
1044 1988 113 72 her
1192 1989 538 86 discourteously.
2102 1989 92 73 off

234 2135 165 56 your

561 2218 228 87 you're
1115 2219 110 72 she
1267 2218 350 87 protested.

581 2352 67 54 at
696 2335 109 71 all.
907 2335 190 86 Only
1145 2365 37 41 a
1229 2335 161 71 little
1436 2335 197 72 touch
1678 2366 72 41 or
1797 2352 131 55 two
1978 2335 27 71 I
2053 2365 138 42 was

232 2450 300 86 working
575 2481 106 40 on.
780 2449 200 87 They
1026 2481 122 42 can

335 2564 457 87 Reluctantly,
843 2564 180 73 Erna
1065 2566 347 86 permitted
1455 2566 134 72 him
1633 2583 65 55 to
1738 2566 155 86 help
1937 2567 114 71 her
2097 2596 63 41 re-

232 2710 191 42 move
460 2680 114 71 her
609 2698 172 54 coat.
870 2680 134 72 She
1044 2681 117 70 did
1199 2699 111 53 not
1349 2680 151 72 take
1537 2680 91 74 off
1666 2680 113 72 her
1816 2681 133 71 hat.

538 2797 83 71 he
656 2796 273 72 advised
964 2796 133 80 her,
1134 2796 98 72 his
1267 2815 209 68 regret
1514 2797 101 72 for
1648 2797 98 72 his
1783 2815 405 68 momentary

230 2912 183 70 show
452 2910 75 72 of
565 2911 413 71 self-interest
1017 2911 414 86 developing.

330 3028 137 71 She
509 3044 99 54 sat
649 3027 199 71 down
888 3057 85 42 on
1017 3058 38 42 a
1097 3027 198 72 chair.
1394 3028 117 71 He
1554 3028 225 71 seated
1817 3028 264 72 himself
2125 3047 64 52 at

228 3144 98 71 his
367 3142 183 80 desk,
590 3144 117 69 but
750 3142 199 73 faced
985 3144 135 71 her.
1215 3142 319 73 "What's
1859 3145 83 71 he
1985 3142 204 74 asked

230 3258 392 86 pleasantly.

327 3375 329 71 "Nothin'
1049 3375 109 71 she
1218 3376 303 70 returned
1586 3375 132 71 and
1778 3375 282 86 glanced
2123 3394 65 53 at

228 3492 152 68 him.
