2441 4017
1709 308 211 51 ERNA
1970 308 233 51 VITEK

1186 3656 66 53 57

900 482 111 72 she
1049 482 289 72 warned.

343 597 217 74 Breen
608 616 175 54 went
834 629 152 42 over
1041 615 62 55 to
1158 596 107 72 the
1317 597 221 73 model
1591 597 227 73 throne
1874 597 135 73 and
2061 628 106 57 pre-

242 713 247 72 tended
539 733 65 54 to
654 715 190 87 place
894 715 106 72 the
1049 714 179 73 chair
1280 713 100 72 for
1430 713 132 72 her.
1670 714 115 71 He
1834 745 138 42 was
2023 743 176 57 sorry

244 830 139 72 that
424 831 82 72 he
548 831 136 72 had
725 832 136 73 had
904 849 66 54 to
1013 847 259 70 suggest
1314 860 160 41 even
1520 861 38 41 a
1601 831 212 86 pencil
1861 830 224 73 sketch
2127 830 75 73 of

238 947 138 80 her,
415 947 116 72 but
565 948 82 71 he
683 978 137 41 was
859 945 229 74 forced
1122 963 64 55 to
1226 963 272 70 attempt
1534 976 176 42 some
1747 964 146 69 part
1929 945 75 73 of
2039 947 162 71 their

240 1063 275 85 original
571 1080 389 68 agreement.
1066 1060 219 72 What
1333 1063 52 69 is
1436 1091 199 50 more,
1689 1062 84 71 he
1826 1061 137 71 had
2014 1091 148 57 prac-

242 1178 228 86 tically
518 1197 137 54 cast
703 1208 195 57 away
947 1179 88 71 all
1087 1178 277 86 thought
1411 1176 76 73 of
1995 1175 203 81 Erna,

241 1293 164 71 later
440 1311 65 55 to
542 1295 192 72 make
768 1295 97 69 his
900 1310 213 70 report
1150 1292 229 72 before
1413 1292 108 75 the
1558 1295 415 69 triumvirate.
2065 1292 136 72 She

240 1438 138 43 was
415 1428 109 54 too
560 1411 367 84 interesting
964 1409 132 71 and
1133 1411 326 84 magnetic
1494 1439 83 41 an
1614 1408 364 72 individual
2016 1425 65 56 to
2117 1408 82 72 be

240 1524 161 71 used
443 1524 103 73 for
581 1524 157 73 such
777 1556 38 39 a
852 1523 275 74 childish
1166 1554 298 55 purpose.
1855 1554 155 41 over
2044 1523 155 72 here

241 1640 135 71 and
407 1642 75 69 sit
814 1640 81 74 he
928 1639 342 87 requested
1300 1639 266 87 calmly.

343 1757 246 86 Giving
626 1756 240 72 herself
905 1786 83 42 an
1026 1756 409 86 unexpected
1477 1757 91 70 air
1606 1754 76 73 of
1718 1754 324 88 modesty,
2088 1754 110 73 she

244 1871 351 88 complied,
644 1890 66 52 at
750 1871 107 72 the
900 1902 174 40 same
1119 1874 149 68 time
1314 1870 250 86 adding
1606 1900 40 41 a
1689 1869 268 87 prudish
2000 1869 198 72 touch

241 1988 90 86 by
367 1987 197 87 fixing
593 1988 113 71 her
739 1987 151 71 skirt
924 1987 325 86 carefully
1286 2017 70 41 as
1389 1985 111 73 she
1536 2004 97 53 sat
1670 1987 219 71 down.
1982 1985 216 73 Breen

238 2133 139 42 was
410 2102 308 88 puzzled,
754 2102 114 71 but
901 2102 181 71 drew
1116 2133 88 56 up
1242 2134 38 41 a
1314 2102 198 79 chair,
1550 2102 158 71 took
1743 2134 38 39 a
1816 2101 212 88 pencil
2065 2100 132 73 and

241 2219 225 71 sketch
495 2218 175 72 book
702 2218 132 71 and
865 2218 222 71 seated
1117 2217 281 72 himself.
1484 2215 172 74 "I'm
1686 2219 198 85 going
1914 2234 67 55 ta
2011 2215 186 74 draw

240 2364 133 57 you
418 2352 64 54 at
522 2335 175 71 close
1046 2333 83 73 he
1173 2332 415 86 apologized.
1684 2332 136 72 She
1861 2331 232 72 smiled
2132 2333 65 70 in

240 2467 564 68 encouragement.

344 2565 216 71 Breen
605 2563 425 73 commenced
1073 2563 320 87 drawing,
1440 2592 156 58 very
1641 2561 369 89 carelessly,
2055 2563 48 70 it
2147 2563 50 70 is

241 2698 157 53 true.
494 2679 181 71 Erna
712 2679 307 71 watched
1056 2679 134 72 him
1224 2679 156 72 with
1421 2681 305 69 innocent
1764 2707 171 58 eyes.

244 2796 25 71 I
308 2826 158 56 pose
807 2794 111 71 she
959 2793 200 72 asked
1199 2812 64 53 at
1301 2793 244 88 length.

637 2911 84 71 he
758 2909 263 72 assured
1055 2910 133 71 her.

337 3027 136 73 She
515 3056 139 42 was
693 3027 206 70 silent.

335 3144 76 72 A
449 3141 162 74 little
649 3141 184 79 later,
875 3140 109 71 she
1025 3140 233 73 asked:
1533 3170 166 57 your
1734 3139 254 74 models
2027 3137 166 75 have

237 3278 65 54 to
343 3259 165 87 keep

570 3391 66 54 at
674 3372 123 73 all!
895 3371 276 72 Chatter

337 3492 138 72 But
520 3489 111 72 she
674 3487 337 87 preferred
1058 3506 64 54 to
1169 3490 244 70 remain
1461 3487 206 72 silent.
1766 3485 111 75 To
1925 3487 110 72 tell
2085 3485 108 74 the
