2441 4017
243 329 211 52 ERNA
504 326 229 54 VITEK

1185 3646 98 50 106

248 504 115 71 He
413 501 138 74 had
600 499 283 75 decided
933 515 65 55 to
1050 495 182 74 finish
1281 494 96 72 his
1429 491 425 88 composition
1906 490 125 84 just
2082 486 107 71 the

244 649 195 43 same.
554 616 154 73 The
771 616 182 86 dirge
1015 608 351 78 continued
1429 609 290 83 intoning
1782 607 77 68 its
1923 603 267 86 gloomy

244 763 346 50 measures,
642 731 116 73 but
810 762 39 40 a
900 747 150 54 note
1099 726 75 74 of
1224 724 445 90 prophecying
1720 719 304 88 gladness
2078 747 75 57 ap-

244 847 263 89 peared.
596 846 200 73 From
829 847 149 70 time
1012 861 66 54 to
1112 844 171 77 time,
1320 857 131 61 too,
1517 837 107 72 the
1657 863 336 59 composer
2030 830 160 73 stole

246 964 117 86 shy
399 962 265 88 glances
698 979 65 53 at
799 960 106 72 the
939 955 434 93 photograph.

348 1293 73 73 In
476 1323 39 42 a
566 1322 156 57 cosy
773 1321 181 43 room
1004 1291 64 69 in
1122 1318 40 42 a
1211 1285 299 86 building
1562 1300 113 55 not
1728 1281 102 73 far
1882 1309 217 57 away,
2156 1309 38 41 a

246 1408 300 74 different
580 1437 189 42 scene
805 1435 138 43 was
981 1403 225 86 taking
1244 1402 211 87 place.
1552 1398 155 72 Eric
1747 1395 273 73 Nielsen
2061 1392 135 75 and

250 1524 182 72 Erna
472 1522 210 73 Vitek
722 1550 173 44 were
940 1521 212 85 sitting
1196 1517 172 73 close
1413 1514 294 87 together
1749 1543 86 42 on
1879 1542 38 41 a
1962 1508 232 81 couch,

246 1639 290 85 chatting
567 1634 491 87 confidentially
1092 1633 133 72 and
1257 1632 342 85 bantering
1633 1628 164 72 each
1831 1625 203 74 other.

350 1754 181 72 Erna
564 1752 136 73 had
730 1768 113 55 not
874 1749 246 73 broken
1152 1747 90 73 off
1274 1747 114 73 her
1420 1746 448 86 appointment
1897 1740 159 73 with
2090 1738 107 73 the

251 1898 224 59 young
531 1869 214 71 writer
804 1895 161 43 even
1025 1862 249 87 though
1333 1892 38 42 a
1434 1859 254 74 sudden
1749 1858 254 85 change
2060 1854 138 72 had

251 2014 186 43 come
479 1986 133 69 into
654 1982 115 73 her
813 1980 134 73 life.
1046 1977 306 86 Luckily,
1399 1975 244 88 Jimmy
1686 2003 139 41 was
1867 2000 194 57 away
2108 1968 88 74 all

253 2099 367 79 afternoon,
668 2098 277 84 training
988 2123 90 59 up
1124 2095 63 69 in
1235 2090 357 80 Fordham,
1644 2086 155 82 and,
1849 2085 234 74 thanks
2132 2102 66 53 to

250 2213 96 74 his
376 2210 351 76 continued
758 2210 297 78 absence,
1089 2206 111 73 she
1229 2236 139 42 was
1399 2204 150 73 able
1581 2221 65 55 to
1677 2203 187 71 leave
1897 2201 160 72 their
2085 2199 116 73 flat

253 2328 246 87 shortly
541 2326 169 73 after
752 2326 92 70 six
884 2321 277 76 o'clock.
1256 2320 134 74 She
1430 2317 230 75 would
1700 2317 158 87 only
1902 2333 144 70 stay
2086 2330 115 56 out

255 2475 83 42 an
381 2443 165 74 hour
589 2472 74 42 or
707 2471 70 42 so
824 2438 152 81 and,
1027 2437 235 74 should
1327 2437 82 71 he
1482 2452 213 55 return
1764 2432 230 72 before
2061 2429 137 80 her,

251 2558 226 74 would
509 2556 112 74 tell
651 2556 135 74 him
818 2554 141 73 that
989 2552 111 73 she
1130 2551 137 73 had
1300 2568 65 54 to
1399 2551 145 70 visit
1577 2545 485 77 Landsmann's
2098 2544 103 72 for

253 2705 175 42 some
458 2673 187 72 small
678 2671 253 73 articles
961 2668 112 72 she
1100 2665 138 75 had
1269 2664 119 74 left
1416 2663 264 74 behind.
1765 2662 117 71 On
1911 2660 107 73 the
2047 2688 154 57 way

253 2809 66 55 to
357 2787 349 82 Nielsen's,
745 2786 109 73 she
889 2784 251 87 bought
1175 2800 130 53 two
1342 2812 73 40 or
1451 2780 177 72 three
1666 2778 213 72 trifles.
1971 2776 192 72 Fortu-

254 2904 244 87 nately,
531 2903 109 72 she
668 2900 136 73 had
835 2898 211 74 found
1074 2897 134 72 him
1237 2913 66 56 at
1329 2895 216 80 home,
1577 2892 315 87 although
1926 2892 110 73 she
2065 2919 137 42 was

254 3039 131 53 two
420 3020 197 72 hours
653 3012 433 78 beforehand.

357 3134 115 72 He
520 3132 138 73 had
706 3130 207 74 heard
962 3128 74 73 of
1086 3126 106 74 the
1242 3124 350 88 morning's
1643 3139 188 56 event
1882 3120 133 74 and
2064 3149 139 44 was

254 3250 277 86 heartily
560 3276 198 57 sorry.
846 3246 134 72 But
1013 3243 181 73 Erna
1225 3241 267 89 quickly
1524 3237 335 75 reassured
1886 3237 155 74 him.
2097 3233 108 74 Of

255 3394 246 50 course,
534 3363 83 73 he
651 3361 117 73 did
800 3378 112 55 not
943 3359 249 72 believe
1227 3356 108 73 the
1364 3355 178 89 hazy
1575 3370 147 71 part
1752 3351 75 74 of
1857 3351 116 74 her
2005 3368 197 70 story,

254 3480 239 72 —that
527 3478 109 74 she
669 3506 140 43 was
842 3473 279 87 "stayin'
1158 3472 158 74 with
1351 3501 177 42 some
1860 3466 216 72 —but
2108 3464 97 74 his
