5161 6975
185 6758 78 40 198

176 167 467 123 Schöne
721 192 433 95 Künste

179 403 222 52 Arladne
440 420 83 34 auf
558 404 176 48 Naxos

275 546 122 47 Also
435 545 191 47 wieder
660 545 181 47 einmal
879 543 177 49 stehen
1099 544 91 45 wir
1227 544 76 47 bei
1340 543 118 47 dem
1497 543 194 56 Anfang

180 631 140 47 einer
372 642 162 34 neuen
586 626 375 57 Entwicklung.
1091 625 141 50 Oder
1283 626 250 49 vielmehr
1591 630 91 45 wir

181 715 230 46 standen.
475 711 145 49 Denn
652 710 132 49 Herr
816 711 199 48 Doktor
1044 710 232 57 Leopold
1304 710 232 53 Schmidt
1570 726 123 35 vom

178 797 249 60 ,Berliner
459 795 308 59 Tageblatt',
821 797 88 48 der
964 797 88 48 der
1106 795 358 59 Entwicklung
1517 801 174 53 eigens

179 884 77 46 bis
296 880 257 57 Stuttgart
593 883 430 54 entgegenreiste,
1067 884 177 47 nimmt
1288 884 76 47 die
1407 896 130 36 neue
1575 882 89 47 Ent-

178 967 257 55 wicklung
477 967 195 47 wieder
714 965 208 49 zurück.
996 965 94 48 Die
1134 965 291 60 Stimmung
1465 981 94 34 vor
1602 967 88 46 der

177 1051 320 55 Aufführung
533 1050 197 50 scheint
767 1050 258 50 festlicher
1063 1065 245 42 gewesen
1352 1067 58 33 zu
1452 1053 123 55 sein,
1615 1051 75 45 als

178 1135 81 47 bei
303 1135 91 48 ihr.
467 1134 147 49 Zwar
663 1150 111 32 war
819 1135 125 49 alles
988 1140 296 54 anwesend,
1345 1150 154 43 sogar
1558 1133 133 48 Herr

177 1218 274 49 Professor
484 1218 92 49 Bie
607 1222 98 45 und
738 1221 86 46 der
858 1219 230 58 „Roland
1120 1235 104 34 von
1523 1216 134 49 Nach-

180 1305 114 47 dem
344 1305 125 47 aber
518 1305 78 47 die
648 1305 303 55 eigentliche
1001 1305 273 49 Sensation
1326 1306 89 46 des
1465 1303 224 56 Abends,

165 1419 5 9 •
181 1389 87 47 der
311 1388 146 52 Preis
506 1390 89 47 des
640 1388 208 50 Platzes
894 1390 78 48 für
1017 1390 188 55 fünfzig
1249 1387 166 54 Mark,
1462 1388 224 47 vorüber

345 1473 197 48 scheint
582 1489 114 32 man
742 1477 77 47 die
860 1476 168 55 billige
1067 1473 138 55 Oper
1246 1472 136 48 nicht
1421 1471 144 49 mehr
1607 1486 56 41 ge-

178 1557 180 48 nießen
400 1573 60 33 zu
504 1559 200 49 v/ollen.
780 1559 92 48 Die
912 1558 157 56 große
1111 1557 181 48 Baisse
1335 1559 64 46 ist
1439 1559 47 46 in
1526 1556 135 48 Stutt-

165 1641 127 56 gart
339 1643 407 58 ausgebrochen,
810 1645 97 46 und
958 1658 115 33 man
1125 1642 235 49 verkauft
1410 1656 121 41 gern
1581 1643 106 47 sein

175 1725 405 58 Theaterpapier
616 1730 77 47 für
730 1729 105 47 fünf
871 1726 165 58 Mark,
1076 1740 152 34 wenn
1268 1740 116 34 man
1429 1725 141 49 dafür
1611 1727 78 46 die

179 1808 140 58 Oper
362 1812 138 49 nicht
544 1827 60 34 zu
649 1813 156 47 hören
850 1810 228 49 braucht.
1156 1809 174 52 Selbst
1371 1809 134 50 Herr
1550 1809 105 48 Dok-

179 1901 80 44 tor
295 1896 229 55 Leopold
562 1896 229 49 Schmidt
824 1896 78 48 als
941 1894 378 49 Oberhaussier
1358 1895 171 48 macht
1564 1896 126 51 jetzt

178 1981 119 48 flau.
365 1982 135 47 Aber
536 1980 189 48 vorher
762 1981 117 55 ging
918 1994 54 34 es
1011 1981 86 47 toll
1133 1994 86 34 zu:
1272 1979 175 60 „Auch
1481 1994 113 34 wer
1634 1994 56 34 es

178 2067 178 45 noch
392 2064 195 48 nicht
618 2064 300 58 kannte,
952 2064 151 48 ahnte
1141 2064 139 48 darin
1316 2067 145 46 einen
1497 2062 193 50 Schritt

179 2154 266 48 vorwärts
479 2152 47 47 in
563 2150 88 49 der
682 2149 177 58 Kunst,
892 2149 258 50 vielleicht
1187 2150 93 47 den
1316 2148 201 57 Anfang
1552 2150 139 47 einer

179 2249 165 34 neuen
871 2232 113 50 Von
1018 2232 167 50 Herrn
1219 2233 233 49 Dräseke
1488 2232 202 50 schrieb

178 2317 133 50 Herr
357 2318 199 48 Doktor
604 2317 231 49 Schmidt
883 2332 97 34 vor
1029 2319 197 56 einigen
1276 2316 265 60 Monaten,
1594 2317 96 49 daß

182 2404 89 48 der
323 2418 55 35 es
430 2402 273 56 abgelehnt
767 2402 131 50 habe
969 2404 76 47 die
1097 2402 359 57 Entwicklung
1507 2405 151 47 mitzu-

179 2487 215 49 machen
437 2488 98 47 und
582 2500 55 36 so
684 2489 46 46 in
778 2489 78 47 die
902 2486 191 55 Reihen
1143 2490 87 46 der
1272 2488 417 54 Konservativen

178 2571 307 56 gekommen
531 2574 86 46 sei.
697 2572 138 47 Aber
883 2571 221 54 Richard
1152 2572 186 48 Strauß
1388 2572 135 48 steht
1567 2573 101 46 fort-

178 2660 200 53 gesetzt
414 2657 82 47 auf
531 2658 115 46 dem
680 2655 178 49 Boden
897 2658 88 48 der
1020 2656 451 50 fortschrittlichen
1509 2656 154 48 Volks-

178 2741 179 54 partei.
432 2740 92 49 Die
565 2754 129 35 neue
738 2740 358 56 Entwicklung
1139 2741 220 49 bestand
1405 2740 110 50 also
1560 2738 131 50 nach

175 2823 167 50 Herrn
379 2824 230 49 Schmidt
646 2828 156 55 darin,
836 2826 110 57 „die
984 2823 139 58 Oper
1158 2827 100 46 und
1295 2825 231 57 zugleich
1561 2826 129 47 auch

181 2909 95 47 den
322 2908 142 49 Tanz
516 2912 88 46 mit
658 2911 112 47 dem
821 2909 300 55 Schauspiel
1193 2924 61 34 zu

178 2992 94 50 Die
318 2994 117 47 Idee
481 2998 62 45 ist
588 3009 60 34 so
693 2995 244 57 originell,
1001 2994 95 49 daß
1156 3009 117 34 man
1338 2994 74 49 ihr
1458 2994 232 48 wirklich

180 3079 122 57 „mit
356 3077 275 56 Spannung
683 3079 100 48 und
1222 3079 316 55 wenigstens
1608 3078 78 49 bis

178 3163 128 48 nach
348 3162 257 56 Stuttgart
646 3164 498 57 entgegenkommen
1184 3163 208 49 konnte.
1463 3165 71 48 Ist
1573 3177 117 34 man

178 3248 116 48 dort
326 3248 289 57 angelangt,
649 3262 58 35 so
741 3249 135 49 stellt
908 3248 110 49 sich
1051 3250 116 47 dem
1197 3248 494 49 Fortschrittsmann

179 3335 168 45 etwas
397 3334 45 45 in
493 3333 94 47 den
637 3331 158 57 Weg:
858 3332 125 58 „Die
1029 3331 165 60 Frage
1260 3332 260 49 erhebt
1568 3331 123 57 sich,

178 3416 183 58 liegt
410 3417 139 47 darin
599 3419 76 45 ein
722 3416 331 59 Bekenntnis,
1102 3420 78 47 ein
1226 3415 245 57 Prinzip?
1550 3415 142 49 Oder

178 3501 107 55 galt
322 3514 55 34 es
413 3515 105 43 nur,
552 3502 181 47 einmal
769 3502 78 48 ein
885 3504 370 48 interessantes
1288 3501 405 50 künstlerisches

176 3582 245 51 Problem
466 3600 60 33 zu
863 3586 137 48 Aber
1040 3585 132 50 Herr
1217 3585 199 50 Doktor
1460 3585 234 49 Schmidt

175 3668 108 50 läßt
332 3670 78 48 die
460 3669 258 50 erhobene
765 3669 165 57 Frage
979 3671 138 47 nicht
1164 3672 149 55 lange
1362 3673 197 47 einsam
1609 3670 84 49 auf

180 3753 116 48 dem
329 3752 181 51 Platze
544 3754 205 48 stehen:
804 3754 125 58 „Die
967 3754 189 49 äußere
1189 3755 386 57 Veranlassung
1613 3756 77 46 für

176 3839 83 47 die
308 3839 182 47 beiden
539 3839 230 48 Autoren
817 3853 112 34 war
980 3842 76 45 ein
1106 3838 544 56 Gefälligkeits-

178 3937 30 34 a
226 3922 32 47 k
278 3927 17 45 t
323 3936 165 42 gegen
520 3922 293 61 Reinhardt,
848 3927 113 45 dem
990 3923 174 49 Helfer
1193 3925 80 47 bei
1303 3925 161 47 ihrem
1493 3923 166 54 Rosen-

527 4007 93 49 Die
658 4007 166 57 Frage
862 4008 134 49 kann
1031 4009 108 47 sich
1178 4007 145 58 ruhig
1360 4010 195 47 wieder
1593 4011 76 45 set-

178 4105 111 43 zen,
326 4092 131 49 denn
491 4108 58 35 es
580 4093 121 55 liegt
735 4092 113 50 kein
885 4091 210 50 Zweifel
1132 4108 113 44 vor,
1283 4092 94 50 daß
1415 4093 160 50 schon
1614 4094 78 47 die

177 4176 190 48 äußere
401 4176 385 58 Veranlassung
824 4179 140 47 eines
1004 4176 506 58 Gefälligkeitsaktes
1548 4177 145 49 mehr

178 4261 86 47 auf
309 4262 79 47 ein
430 4259 320 53 Bekenntnis
812 4264 74 47 als
952 4263 83 47 auf
1100 4265 79 47 ein
1226 4261 206 56 Prinzip
1479 4262 212 50 hinfällt.

176 4342 218 51 Moliere
428 4344 94 49 ließ
557 4348 43 45 in
637 4347 193 46 seinem
865 4345 135 57 Spiel
1036 4345 136 58 „Der
1205 4346 199 57 Bürger
1437 4347 74 50 als
1542 4345 120 49 Edel-

411 4430 360 49 musikalische
819 4430 243 57 Einlagen
1117 4431 156 49 durch
1324 4431 149 56 Lully
1521 4432 145 48 hinzu-

178 4513 170 56 fügen.
418 4513 92 50 Die
548 4513 199 50 Herren
786 4514 392 51 Hofmannsthal
1216 4518 100 47 und
1355 4515 187 50 Strauß
1582 4518 83 54 füg-

180 4601 86 46 ten
296 4598 91 48 der
415 4596 359 60 Entwicklung
803 4600 198 49 zuliebe
1034 4604 110 47 eine
1178 4601 211 56 richtige
1425 4599 139 58 Oper
1598 4603 94 47 ein.

178 4679 158 52 Diese
405 4680 544 61 Entwicklung,
1020 4684 78 48 die
1167 4699 62 34 zu
1300 4686 139 48 einer
1510 4684 132 48 Ver-

177 4765 376 60 knüpfung
614 4781 104 35 von
781 4766 138 58 Oper
984 4772 97 46 und
1145 4769 303 56 Schauspiel
1509 4769 183 58 führte,

181 4851 199 50 scheint
416 4866 93 35 nur
543 4866 306 35 verworren
887 4867 60 35 zu
986 4855 122 47 sein.
1177 4854 109 48 Daß
1322 4854 134 49 Herr
1493 4854 201 49 Doktor

178 4934 233 52 Schmidt
454 4938 91 49 mit
587 4938 177 50 seinen
808 4938 237 55 plumpen
1093 4937 215 51 Händen
1357 4944 95 46 den
1498 4939 193 55 Knäuel

182 5021 132 49 noch
351 5024 185 47 weiter
575 5021 331 59 verheddert,
941 5024 122 56 liegt
1102 5025 46 46 in
1191 5024 91 48 der
1319 5023 165 51 Sache
1526 5026 168 48 seiner

178 5102 177 52 Natur.
421 5104 241 52 Einzelne
699 5106 173 50 Fäden
916 5109 167 47 dieser
1119 5106 410 57 Nähgeschichte
1569 5110 99 48 blei-

178 5190 99 49 ben
313 5191 101 48 ihm
450 5192 44 47 in
532 5192 91 48 der
656 5191 150 50 Hand
843 5193 98 48 und
975 5208 116 34 man
1126 5192 135 50 kann
1296 5208 61 34 an
1394 5192 148 50 ihnen
1577 5209 88 34 ver-

178 5279 159 52 gnügt
384 5275 366 59 konstatieren,
799 5276 94 49 daß
940 5280 111 46 eine
1099 5276 422 58 geheimnisvolle
1567 5278 96 49 Ver-

179 5361 231 54 wirrung
449 5361 89 47 des
580 5361 292 50 schlechten
913 5360 269 53 Materials
1222 5376 104 34 von
1366 5361 187 54 Kunst-
1590 5364 103 48 und

178 5441 420 52 Musikkritikern
662 5446 139 49 nicht
861 5449 78 46 ein
1003 5446 294 50 Geheimnis
1343 5448 348 49 vortäuschen

181 5527 152 49 kann.
399 5527 89 50 Ein
522 5529 197 50 Faden:
775 5529 127 61 „Mit
937 5531 186 49 feinem
1156 5530 270 59 Stilgefühl
1463 5532 231 50 überläßt

175 5613 97 49 der
321 5612 210 51 Dichter
581 5616 121 47 der
747 5615 343 51 heiteren
1144 5615 194 52 Muse
1393 5617 91 49 das
1537 5617 153 50 letzte

459 5696 134 50 Herr
636 5713 103 36 von
786 5699 392 51 Hofmannsthal
1228 5701 173 50 macht
1446 5701 108 49 sich
1602 5703 91 47 das

180 5782 131 49 liebe
361 5782 171 50 Leben
586 5783 117 49 sehr
754 5785 214 58 einfach,
1019 5787 169 48 indem
1241 5801 53 33 er
1349 5787 199 49 einfach
1602 5788 91 47 das

185 5866 144 49 recht
377 5868 289 55 verstopfte
718 5869 129 48 liebe
896 5870 171 49 Leben
1140 5871 88 49 der
1291 5871 199 50 heitren
1543 5869 151 51 Muse

183 5951 272 50 aufbürdet
490 5954 98 46 und
627 5953 169 49 dieses
836 5954 142 50 recht
1014 5956 98 48 alte
1149 5954 255 50 Mädchen
1443 5958 76 48 als
1557 5955 102 54 Kön-

181 6038 140 46 nerin
361 6039 169 48 seines
566 6037 293 56 Versagens
899 6043 268 52 anpreisen
1207 6040 119 50 läßt.
1398 6041 93 50 Die
1530 6041 161 50 heitre

178 6117 154 52 Muse
377 6116 131 59 (also
553 6122 136 50 nicht
731 6121 135 49 Herr
912 6136 101 35 von
1061 6120 415 60 Hofmannsthal)
1524 6127 169 49 leistet

181 6204 107 51 sich
333 6205 268 57 folgendes
644 6206 283 49 Liedchen:

433 6374 205 60 Lieben,
686 6375 205 60 hassen,
938 6376 188 58 hoffen,
1175 6393 175 44 zagen,

433 6459 94 48 alle
565 6459 127 52 Lust
730 6463 98 48 und
866 6461 94 50 alle
999 6457 146 63 Qual,

435 6545 126 49 alles
604 6545 134 49 kann
784 6550 79 46 ein
907 6546 138 49 Herz
1090 6550 237 54 ertragen

150 6643 65 39 vQi
435 6633 183 47 einmal
664 6645 83 34 um
789 6632 96 50 das
933 6633 158 49 andre
1139 6630 120 51 Mal.

2080 189 137 49 Aber
2251 188 177 48 weder
2456 187 129 48 Lust
2614 186 131 48 noch
2774 186 331 56 Schmerzen,

2078 272 348 59 abgestorben
2459 271 132 51 auch
2621 272 90 48 der
2741 270 143 62 Pein,

2082 358 90 51 das
2210 360 63 46 ist
2311 356 176 51 tötlich
2524 357 199 48 deinem
2757 355 205 50 Herzen

2079 443 101 48 und
2209 456 58 35 so
2303 441 161 50 darfst
2499 443 64 47 du
2595 443 94 46 mir
2724 440 135 51 nicht
2894 444 106 47 sein

2075 611 147 52 Mußt
2249 613 111 47 dich
2385 626 96 35 aus
2509 613 116 47 dem
2649 610 200 50 Dunkel
2873 611 181 59 heben,

2078 711 111 35 war
2230 712 57 35 es
2326 696 129 49 auch
2496 710 85 34 um
2622 709 130 36 neue
2793 692 154 64 Qual;

2077 782 148 48 leben
2266 780 142 51 mußt
2450 782 81 57 du,
2571 781 164 49 liebes
2769 780 174 50 Leben

2078 868 113 48 lebe
2225 867 132 48 noch
2393 868 108 48 dies
2536 868 111 47 eine
2682 863 130 50 Mal!

1920 1036 106 50 Das
2055 1037 122 56 geht
2204 1039 101 47 wie
2336 1040 90 45 mit
2453 1039 88 46 der
2569 1034 269 50 Maschine
2867 1036 239 56 gemacht
3143 1073 10 10 .
3181 1035 68 53 Es
3276 1036 66 46 ist

1824 1135 146 36 zwar
2006 1124 81 48 ein
2132 1122 345 57 Archaismus,
2520 1122 125 48 aber
2685 1120 129 50 auch
2857 1119 254 59 „Richard
3154 1118 184 52 Strauß

1829 1208 173 49 deutet
2039 1210 89 45 mit
2166 1209 177 46 leisem
2381 1206 336 49 Archaismen
2755 1204 108 50 Zeit
2902 1209 101 46 und
3040 1205 174 50 Milieu
3252 1207 89 48 der

1821 1291 275 58 Handlung
2128 1292 111 48 an/'
2304 1290 155 50 Diese
2492 1290 358 58 Entwicklung
2880 1291 132 48 nach
3047 1290 293 50 rückwärts

1824 1377 134 49 kann
1990 1375 186 51 Strauß
2210 1391 83 34 um
2326 1377 294 55 soweniger
2652 1377 428 55 übelgenommen
3110 1377 226 56 werden,

1825 1463 98 59 „da
1954 1476 54 34 er
2039 1461 107 49 sich
2178 1461 137 49 nicht
2343 1465 138 45 etwa
2512 1461 85 48 auf
2628 1462 94 47 den
2753 1459 450 50 Musikhistoriker
3231 1460 79 49 hin-

2188 1545 108 50 Das
2336 1550 75 47 tut
2450 1547 193 47 bereits
2681 1544 132 49 Herr
2852 1544 202 49 Doktor
3093 1544 242 49 Schmidt.

1823 1630 116 50 Und
1966 1645 115 35 man
2111 1631 112 49 darf
2252 1632 165 48 einem
2445 1629 391 51 Musikkritiker
2866 1631 138 48 nicht
3033 1631 47 46 in
3111 1632 78 47 ein
3221 1643 86 34 ver-

1824 1716 265 57 pfuschtes
2112 1714 301 51 Handwerk
2435 1716 167 48 fallen.
2629 1714 71 49 So
2726 1720 170 46 etwas
2917 1713 134 50 weiß
3078 1715 78 48 ein
3182 1713 157 50 Mann

1824 1802 88 47 der
1951 1801 164 48 Taten
2157 1803 101 46 wie
2301 1800 222 53 Richard
2569 1800 201 49 Strauß.
2847 1799 280 48 Andrer
3149 1811 26 35 s
3193 1812 28 33 e
3242 1801 11 45 i
3273 1803 18 43 t
3314 1811 23 35 s

1823 1886 152 48 fallen
2002 1887 79 47 die
2107 1885 153 49 Ideen
2285 1887 124 51 jetzt
2431 1886 89 48 auf
2548 1886 96 48 den
2669 1883 215 58 Magen:
2942 1884 119 57 „Bis
3088 1898 116 34 zum
3228 1882 82 50 Ein-

1824 1975 177 48 setzen
2039 1972 89 47 der
2161 1969 139 55 Oper
2333 1970 160 48 bietet
2528 1968 188 50 Strauß
2749 1972 112 49 eine
2891 1968 298 59 leichte,
3224 1982 117 35 zum

1822 2054 108 51 Teil
1983 2056 117 48 sehr
2152 2057 236 54 graziöse
2440 2055 428 56 Lustspielmusik
2920 2056 103 48 und
3073 2052 269 59 gefällt

1824 2140 155 49 sich
2026 2141 82 48 bei
2143 2142 88 46 der
2266 2140 333 58 Dinerscene,
2632 2143 48 45 in
2714 2141 87 48 der
2837 2141 79 47 die
2950 2139 389 49 einzelnen

1824 2225 243 57 Gänge
2120 2225 491 50 musikalisch
2685 2226 417 48 illustriert
3158 2236 136 36 wer-

1826 2310 75 49 de
1920 2325 44 43 n,
2036 2314 44 45 in
2152 2310 356 49 humorvollen
2580 2311 377 55 Anspielungen
3029 2309 312 49 mancherlei

2031 2395 93 49 Die
2160 2396 264 48 einzelnen
2458 2394 179 56 Gänge
2671 2396 114 47 sind
2818 2393 138 49 nicht
2989 2397 139 45 etwa
3160 2393 180 55 Gänge

1825 2481 88 48 der
1949 2479 184 58 Musik,
2163 2482 101 46 wie
2296 2480 261 48 vielleicht
2590 2481 178 54 irgend
2803 2481 76 46 ein
2915 2478 274 55 hungriger
3223 2475 76 48 Mu-

1826 2564 136 49 siker
2003 2564 216 55 glauben
2261 2564 208 56 könnte,
2511 2564 224 49 sondern
2781 2562 178 57 Gänge
3006 2564 90 47 des
3139 2561 187 49 Diners

1819 2647 149 50 Nicht
1995 2663 107 42 nur,
2132 2647 95 49 daß
2259 2650 78 46 die
2367 2647 357 57 Entwicklung
2755 2649 90 47 des
2873 2647 337 49 Fortschritts
3238 2647 100 47 und

1826 2734 89 48 der
1953 2733 337 49 neuzeitliche
2329 2732 237 53 Komfort
2606 2734 78 47 die
2725 2733 263 48 einzelnen
3031 2732 180 56 Gänge
3251 2731 90 49 mit

1826 2819 96 48 den
1947 2818 219 49 leichten
2192 2817 210 50 Weisen
2431 2832 213 35 unserer
2672 2816 479 57 Operettenheroen
3178 2809 163 60 (siehe

1824 2901 173 50 Bilder
2037 2906 89 48 mit
2166 2902 198 56 Dingen
2402 2901 245 50 Nummer
2694 2904 85 46 132
2822 2903 167 47 dieser
3029 2894 312 61 Zeitschrift)

1823 2988 256 56 begleiten
2121 2987 117 55 läßt,
2281 2989 136 46 nicht
2461 2989 157 47 damit
2658 3000 182 44 genug,
2884 2986 95 50 daß
3020 2987 81 47 bei
3146 2988 192 46 diesem

1824 3072 158 49 Diner
2023 3088 30 33 a
2093 3077 115 50 part
2270 3073 77 48 die
2406 3077 180 51 aparte
2645 3070 171 51 Musik
2876 3084 183 36 unsres
3117 3071 224 52 Richard

1824 3156 188 50 Strauß
2045 3161 125 48 statt
2207 3160 91 48 des
2332 3162 145 44 sonst
2515 3156 470 50 unvermeidlichen
3024 3155 202 49 Oskars
3262 3171 50 33 er-

1824 3245 135 46 tönt:
2029 3241 131 50 Herr
2199 3242 222 53 Richard
2459 3241 188 49 Strauß
2685 3242 165 48 liefert
2895 3243 77 46 die
3011 3242 326 47 illustrierten

1827 3326 248 49 Schüssel
2128 3327 184 57 selber,
2365 3326 464 57 Krebsschwänze,
2882 3325 451 56 Hammelrücken,

1824 3413 103 46 und
1968 3410 349 57 Mehlspeisen
2362 3412 130 49 nach
2533 3410 210 50 Wiener
2790 3412 91 51 Art
2927 3412 127 47 oder
3099 3425 113 34 was
3262 3412 77 48 die

1823 3495 200 50 Herren
2052 3496 83 49 auf
2165 3500 88 47 der
2282 3496 178 49 Bühne
2487 3500 146 45 sonst
2661 3510 254 42 gegessen
2945 3496 167 48 haben
3138 3498 199 53 mögen,

1826 3582 125 48 alles
1987 3583 131 46 wird
2155 3584 47 45 in
2237 3582 75 48 die
2347 3580 173 49 Musik
2558 3582 92 47 des
2682 3580 169 50 Herrn
2888 3580 187 49 Strauß
3111 3580 226 57 getunkt.

1823 3663 122 51 Man
1980 3666 238 49 versteht
2254 3680 99 34 nun
2390 3665 212 59 endlich,
2641 3679 91 36 aus
2768 3666 227 49 welcher
3033 3665 275 49 Seelenver-

1824 3751 328 49 wandschaft
2197 3750 132 50 Herr
2376 3750 150 49 Erich
2574 3750 192 61 Urban,
2812 3749 387 51 Musikkritiker
3252 3751 89 47 der

1825 3834 58 49 B.
1926 3834 52 49 Z.
2023 3850 81 34 am
2145 3834 187 58 Mittag
2375 3838 101 46 und
2516 3836 274 48 Verfasser
2836 3838 89 46 des
2970 3850 163 34 neuen
3177 3835 132 54 Koch-

1825 3921 161 48 buchs
2045 3922 68 47 im
2172 3920 221 57 Verlage
2438 3919 218 52 Ullstein
2713 3915 113 62 (gut
2888 3922 271 54 gebunden
3220 3920 122 49 Drei

1825 3999 176 61 Mark)
2051 4018 59 36 so
2163 4005 269 58 energisch
2483 4006 78 48 für
2614 4005 221 53 Richard
2890 4005 188 49 Strauß
3134 4007 203 48 eintritt.

1823 4088 95 50 Die
1953 4089 158 49 Liebe
2144 4092 122 55 geht
2304 4106 100 34 nun
2443 4093 182 47 einmal
2667 4091 156 48 durch
2862 4092 95 46 den
2993 4090 206 58 Magen,
3240 4093 97 46 und

1827 4176 79 47 ein
1952 4177 258 54 gesunder
2255 4173 189 58 Magen
2492 4175 133 50 kann
2674 4176 160 49 selbst
2881 4175 225 56 Richard
3154 4174 188 51 Strauß

1825 4264 297 52 vertragen.
2187 4259 142 50 Nach
2371 4261 167 48 dieser
2575 4259 372 57 Eßgeschichte
2983 4262 82 47 bei
3106 4262 88 48 der
3234 4259 108 51 sich

1825 4343 187 50 Strauß
2042 4345 190 58 gefällt,
2264 4348 65 49 ist
2355 4344 133 50 Herr
2517 4344 200 50 Doktor
2746 4344 234 52 Schmidt
3009 4347 90 50 des
3129 4345 213 50 Weines

1825 4428 122 58 voll,
2023 4427 102 49 ihm
2171 4431 65 48 ist
2278 4430 121 49 sehr
2442 4429 193 58 wohlig
2679 4445 63 34 zu
2783 4429 145 51 Mute
2977 4432 101 48 und
3124 4431 218 49 trunken

1826 4513 227 50 schreibt
2097 4528 79 35 er:
2254 4513 137 59 „Das
2434 4513 329 59 Doppelspiel
2810 4514 161 50 selbst
3011 4516 129 49 aber
3184 4518 66 48 ist
3292 4515 48 47 in

1827 4601 140 48 einer
2019 4597 177 52 Weise
2244 4599 291 58 behandelt,
2583 4601 102 49 wie
2740 4602 73 49 sie
2865 4613 92 36 nur
3011 4601 115 47 dem
3181 4598 160 50 Genie

1825 4683 218 56 glücken
2091 4684 208 50 konnte.
2379 4684 105 50 Der
2532 4684 305 57 paradische
2885 4684 111 50 Ton
3049 4686 87 48 der
3184 4683 118 51 Com-

1822 4770 171 47 media
2039 4769 111 49 dell'
2193 4770 126 49 Arte
2363 4772 65 48 ist
2473 4772 192 48 ebenso
2712 4769 249 51 scharf
3032 4769 262 51 heraus-

1824 4855 436 55 gearbeitet
2329 4857 102 48 wie
2481 4856 85 49 die
2621 4855 257 57 tragische
3255 4855 84 49 Ich

1827 4938 184 50 dachte
2056 4942 194 56 immer,
2296 4938 95 51 daß
2437 4943 67 46 im
2548 4939 249 51 Paradies
2843 4954 58 35 so
2947 4940 204 50 scharfe
3195 4940 145 50 Töne

1824 5023 137 50 nicht
1993 5025 190 49 beliebt
2220 5026 127 48 sind.
2415 5026 138 49 Aber
2588 5024 136 51 Herr
2755 5025 202 50 Doktor
2995 5025 232 51 Schmidt
3265 5027 75 49 als

1824 5106 290 52 Historiker
2153 5112 132 47 wird
2329 5110 114 49 dort
2486 5110 181 49 besser
2709 5113 263 48 orientiert
3014 5114 124 46 sein.
3208 5110 108 49 Viel-

1823 5193 155 49 leicht
2025 5195 121 57 liegt
2197 5195 129 48 auch
2376 5196 88 48 der
2512 5194 140 52 Hase
2703 5194 129 49 nach
2885 5197 192 48 diesem
3129 5196 209 50 starken

1824 5276 157 52 Diner
2008 5280 66 48 im
2100 5277 210 60 Pfeffer,
2339 5281 101 49 und
2471 5280 377 56 infolgedessen
2880 5284 65 46 ist
2976 5282 79 48 die
3082 5281 260 56 tragische

1824 5362 159 56 Lyrik
2023 5364 290 49 versalzen.
2384 5364 175 49 Leben
2602 5364 140 50 mußt
2784 5366 78 58 du,
2936 5367 160 49 liebes
3138 5365 200 49 Leben!

1824 5446 116 50 Und
1977 5450 89 47 der
2102 5454 133 44 satte
2276 5447 385 52 Musikkritiker
2700 5451 135 49 stellt
2873 5452 125 49 fest:
3039 5490 42 20 „.
3118 5490 10 9 .
3165 5489 10 10 .
3214 5451 124 49 über

1828 5534 77 47 die
1953 5534 313 49 melodische
2317 5533 293 60 Erfindung,
2675 5537 109 49 die
2849 5535 291 50 reicher
3206 5537 133 47 und

1822 5616 353 57 wohliger
2205 5617 218 55 quillt
2458 5620 175 47 denn
2664 5620 62 51 je
2753 5621 116 48 bei
2899 5618 282 59 Strauß,
3213 5619 124 50 über

1828 5703 78 48 die
1940 5702 132 49 feine
2105 5702 241 50 Struktur
2384 5705 91 48 des
2510 5703 211 50 Ganzen
2753 5706 132 48 wird
2923 5704 131 49 noch
3092 5707 91 49 des
3218 5707 93 47 wei-

1826 5791 143 45 teren
2010 5803 63 34 zu
2111 5788 155 50 reden
2305 5791 124 47 sein.
2499 5788 104 49 Der
2640 5788 256 50 Eindruck
2935 5804 113 34 war
3085 5790 84 49 bei
3210 5791 129 49 allen

1825 5870 262 51 Zuhörern
2117 5874 123 47 der
2270 5887 32 43 g
2320 5872 12 49 1
2354 5888 27 34 e
2401 5876 12 46 i
2669 5872 300 50 Posaunen:
3001 5873 141 59 „Wir
3172 5875 168 49 haben

1828 5958 77 47 ein
1946 5956 314 55 Kunstwerk
2299 5973 94 35 aus
2435 5960 88 47 der
2564 5957 162 51 Taufe
2766 5958 251 60 gehoben,
3055 5960 113 59 das,
3209 5960 131 49 auch

1826 6042 248 56 losgelöst
2106 6056 104 35 von
2244 6043 164 60 allem,
2437 6056 112 37 was
2581 6058 113 43 neu,
2727 6045 299 59 eigenartig,
3055 6059 285 44 verwegen

1829 6139 60 36 an
1932 6125 100 50 ihm
2070 6127 81 58 ist,
2191 6128 108 49 sich
2339 6143 64 35 an
2441 6127 279 51 Phantasie
2762 6129 100 49 und
2905 6128 190 52 Gemüt
3133 6131 208 49 wendet

1827 6211 100 47 und
1966 6215 153 49 somit
2162 6214 78 47 die
2280 6214 190 49 letzten
2512 6214 343 49 edelsten
2895 6213 445 58 Wirkungen

2309 6295 231 51 Nämlich
2580 6301 97 47 den
2718 6296 432 57 Katzenjammer.
3193 6298 146 53 Denn

1825 6379 253 50 nachdem
2110 6396 82 35 am
2224 6383 75 47 25.
2337 6380 237 52 Oktober
2608 6385 168 51 dieses
2813 6382 184 52 Jahres
3032 6383 132 51 Herr
3199 6384 107 50 Dok-

1825 6468 83 47 tor
1949 6464 233 52 Schmidt
2224 6469 89 48 das
2356 6468 238 49 schwere
2639 6468 129 49 Geld
2813 6469 88 50 des
2943 6468 167 51 Herrn
3154 6468 187 55 Rudolf

1824 6546 182 54 Mosse
2049 6552 47 49 in
2138 6551 367 58 hochgemuter
2550 6550 283 53 Sektlaune
2873 6553 468 58 vertelegraphiert

1826 6634 103 58 hat,
1963 6636 67 52 ist
2067 6650 58 36 er
2159 6636 194 52 bereits
2392 6638 126 49 oder
2558 6639 250 51 vielmehr
2843 6644 112 45 erst
2996 6653 84 36 am
3116 6639 77 49 28.
3232 6636 69 53 Ok-

3477 188 145 46 tober
3668 184 145 50 recht
3856 187 309 49 ernüchtert.
4242 185 67 49 Er
4356 184 179 50 äußert
4584 184 105 50 sich
4741 184 121 49 über
4911 184 80 47 die

3473 269 697 59 Schwierigkeiten,
4199 273 91 48 mit
4322 272 88 48 der
4441 269 78 50 die
4552 265 140 58 Oper
4719 269 82 47 bei
4832 267 159 49 ihrem

3474 354 309 50 Erscheinen
3817 370 58 34 zu
3907 355 238 56 kämpfen
4177 356 157 49 hatte.
4396 355 108 51 Das
4532 352 152 59 heißt,
4716 355 79 46 die
4821 352 170 49 Firma

3474 441 57 47 A.
3578 439 288 50 Wertheim
3912 441 140 48 hatte
4100 443 89 48 mit
4239 444 116 46 dem
4399 439 116 52 Mut
4564 441 90 47 des
4704 438 251 50 Großindu-

3475 526 224 48 striellen
3731 527 141 56 alles,
3904 527 123 48 aber
4061 527 128 48 auch
4220 528 124 48 alles
4377 526 329 57 aufgeboten,
4738 539 113 36 was
4883 525 108 48 sich

3473 611 78 48 für
3596 609 128 50 Geld
3784 611 257 48 aufbieten
4086 609 118 51 läßt.
4281 613 120 47 Also
4460 612 167 48 Herrn
4692 609 298 59 Reinhardt,

3470 694 163 49 Herrn
3671 696 223 53 Richard
3927 694 204 60 Strauß,
4169 696 164 49 Herrn
4369 697 148 56 Hugo
4552 711 105 34 von
4678 695 276 48 Hofmanns-

3475 780 116 55 thal,
3640 780 371 50 verschiedene
4052 780 205 50 Tenöre
4304 786 96 45 und
4449 780 512 57 Koloratursängerin-

3472 880 110 33 nen.
3662 865 162 56 Sogar
3869 865 132 49 Herr
4046 865 277 50 Professor
4366 866 91 48 Bie
4519 882 111 33 war
4695 868 86 48 auf
4842 866 145 56 eigne

3472 949 209 55 Kosten,
3716 951 266 52 jedenfalls
4016 951 126 49 aber
4176 950 136 49 nicht
4347 951 86 49 auf
4464 950 194 55 Kosten
4695 953 89 48 der
4820 951 171 49 Firma

3471 1036 56 46 A,
3569 1033 300 55 Wertheim,
3910 1049 97 43 gen
4048 1034 259 58 Stuttgart
4345 1037 266 55 gepilgert.
4666 1030 152 59 (Herr
4859 1036 96 47 Pro-

3472 1119 169 48 fessor
3681 1118 90 50 Bie
3810 1121 183 56 pilgert
4033 1120 327 50 bekanntlich
4401 1113 129 61 nur.)
4568 1120 143 48 Doch
4756 1123 90 48 das
4887 1121 68 48 Ge-

3473 1207 106 46 müt
3616 1207 99 46 und
3755 1205 78 48 die
3868 1204 278 51 Phantasie
4187 1207 93 48 des
4314 1205 167 49 Herrn
4519 1205 203 49 Doktor
4757 1205 231 50 Schmidt

3473 1291 63 47 ist
3568 1290 233 50 erweckt
3831 1293 96 46 und
3961 1305 53 33 er
4047 1294 191 45 träumt
4267 1305 105 35 von
4405 1292 93 47 den
4531 1289 193 57 großen
4758 1290 198 53 Schwie-

3473 1374 274 56 rigkeiten:
3773 1375 103 57 „Ist
3901 1389 54 35 es
3988 1377 61 47 da
4072 1390 61 34 zu
4163 1376 366 57 verwundern,
4558 1375 93 49 daß
4684 1378 88 47 der
4798 1376 190 51 schöne

3475 1459 423 56 Künstlertraum,
3934 1460 91 48 den
4064 1459 220 54 Richard
4320 1459 188 51 Strauß
4541 1464 276 55 geträumt,
4853 1461 138 48 nicht

3472 1545 189 48 restlos
3707 1547 45 45 in
3798 1543 261 60 Erfüllung
4371 1544 65 49 Er
4487 1549 63 45 ist
4599 1560 59 34 zu
4707 1547 281 56 bedauern,

3474 1631 166 47 dieser
3679 1627 227 56 Protege
3947 1631 87 47 der
4073 1629 170 50 Firma
4282 1631 58 48 A.
4378 1629 303 51 Wertheim.
4754 1629 104 50 Nur
4900 1631 91 47 der

3472 1713 200 50 Doktor
3710 1713 231 50 Schmidt
3979 1714 107 52 hält
4125 1717 94 47 den
4259 1714 377 59 Träumenden,
4679 1718 88 47 der
4806 1730 58 36 so
4904 1730 58 33 un-

3473 1799 167 49 sicher
3671 1800 85 49 auf
3791 1801 87 47 der
3913 1798 135 50 Erde
4085 1801 140 48 wallt
4259 1796 151 58 (Herr
4442 1800 277 49 Professor
4755 1799 91 51 Bie
4882 1802 81 47 hin-

3472 1897 163 43 gegen
3669 1879 204 62 pilgert)
3909 1885 89 49 mit
4033 1887 174 47 seinen
4242 1885 232 49 Händen.
4543 1885 112 49 Und
4691 1901 97 34 nun
4824 1886 166 48 bricht

3472 1969 88 48 der
3610 1969 415 54 Katzenjammer
4074 1985 117 34 aus:
4259 1971 119 57 „Als
4427 1973 78 47 die
4555 1971 231 52 festliche
4835 1970 124 49 Stim-

3472 2067 155 42 mung
3707 2069 220 34 verra
3949 2070 28 34 u
3998 2069 24 35 s
4044 2070 27 33 c
4088 2054 32 48 h
4142 2060 17 43 t
4241 2069 130 43 war,
4453 2056 73 47 als
4612 2056 80 49 die
4779 2055 192 53 Reden,

3471 2139 90 46 mit
3635 2138 160 50 denen
3870 2140 83 48 auf
4028 2140 115 48 dem
4218 2155 61 34 zu
4355 2139 167 49 Ehren
4599 2140 91 49 des
4767 2140 185 54 Kompo-

3469 2225 165 46 nisten
3711 2225 406 48 veranstalteten
4197 2224 225 49 Bankett
4502 2226 77 49 die
4660 2225 327 55 Gegensätze

3469 2307 265 55 geschickt
3808 2308 226 48 überb
4058 2324 22 32 r
4103 2312 28 44 ü
4152 2325 26 31 c
4199 2309 31 47 k
4252 2314 17 44 t
4346 2310 231 55 wurden,
4638 2308 174 47 verk
4837 2308 8 46 I
4870 2321 29 34 u
4919 2323 29 34 n
4972 2337 18 6 -

3470 2404 79 42 ge
3572 2406 28 34 n
3665 2406 198 44 waren,
3932 2395 64 46 da
4060 2397 219 53 gestand
4339 2409 120 34 man
4529 2395 122 58 sich,
4716 2394 82 49 bei
4866 2394 122 48 aller

3471 2474 380 57 Anerkennung
3878 2480 88 47 der
3996 2480 286 46 eminenten
4312 2479 322 60 Verdienste,
4667 2481 78 47 die
4774 2479 109 50 sich
4910 2479 81 49 die

3473 2558 317 57 Stuttgarter
3826 2559 271 51 Hofbühne
4133 2565 45 47 in
4217 2564 247 48 redlicher
4502 2564 235 56 Hingabe
4773 2579 83 34 um
4897 2566 92 47 das

3475 2658 127 34 neue
3638 2642 162 50 Werk
3837 2647 273 48 erworben
4147 2647 100 52 hat,
4287 2649 127 47 doch
4454 2651 93 51 ein,
4584 2649 95 48 daß
4717 2650 110 49 eine
4866 2651 90 46 end-

3474 2728 127 49 liche
3631 2729 208 57 Lösung
3872 2731 90 48 des
3993 2730 360 57 hingestellten
4384 2732 273 50 Problems
4690 2735 131 47 noch
4853 2735 136 48 nicht

3473 2813 254 55 gefunden
4005 2816 103 49 Der
4151 2817 202 56 Anfang
4397 2818 88 49 der
4528 2833 160 34 neuen
4733 2818 226 49 Entwick-

3474 2900 118 54 lung
3629 2900 85 48 hat
3752 2902 46 46 in
3838 2901 103 47 drei
3980 2900 175 57 Tagen
4196 2904 104 46 sein
4342 2901 140 50 Ende
4520 2904 272 54 gefunden.
4861 2902 130 50 Was

3475 2989 85 42 tun
3593 2999 98 33 nun
3727 2985 78 49 die
3839 2984 296 60 Ahnenden,
4171 2989 78 47 die
4284 2988 108 47 sich
4425 2989 158 48 schon
4620 2991 145 46 einen
4799 2989 192 49 Schritt

3474 3072 264 45 vorwärts
3771 3068 206 51 fühlten.
4044 3070 132 50 Herr
4208 3072 200 49 Doktor
4445 3072 233 50 Schmidt
4710 3075 75 49 als
4817 3073 145 49 Histo-

3474 3152 137 49 riker
3642 3155 137 49 stellt
3813 3155 94 48 den
3943 3155 178 50 Grund
4149 3171 123 33 vom
4303 3156 141 50 Ende
4480 3159 88 47 des
4601 3159 229 56 Anfangs
4863 3159 125 48 fest:

3475 3237 123 56 „Die
3630 3238 180 49 beiden
3846 3240 226 50 Autoren
4109 3243 89 47 der
4229 3242 224 49 Ariadne
4484 3243 165 48 haben
4681 3243 106 50 sich
4821 3243 169 50 selber

3473 3322 137 51 nicht
3641 3325 203 55 wenige
3880 3324 173 50 Steine
4086 3328 46 46 in
4169 3328 94 47 den
4298 3326 134 58 Weg
4464 3329 187 55 gelegt,
4684 3331 45 45 in
4768 3331 117 46 dem,
4916 3331 73 46 sie

3473 3405 74 49 ihr
3595 3405 327 58 Opernwerk
3971 3413 90 45 mit
4110 3414 138 45 einer
4296 3411 250 55 Komödie

3476 3492 134 49 Aber
3652 3497 91 46 das
3784 3508 109 34 war
3938 3496 128 47 doch
4109 3497 192 55 gerade
4346 3498 87 48 der
4475 3497 194 50 Schritt
4708 3502 279 45 vorwärts.

3472 3575 102 52 Hat
3614 3576 132 50 Herr
3788 3578 200 51 Doktor
4030 3580 234 50 Schmidt
4305 3585 46 45 in
4397 3584 106 46 drei
4541 3583 177 57 Tagen
4767 3585 77 47 die
4888 3589 77 43 ste-

3473 3662 164 49 hende
3668 3663 166 56 Frage
3864 3679 302 44 vergessen,
4199 3667 66 48 ob
4298 3667 75 48 ein
4404 3667 317 51 Bekenntnis
4753 3669 125 48 oder
4911 3671 79 46 ein

3469 3744 207 59 Prinzip
3701 3747 261 59 vorliegt?
4018 3749 130 52 Was
4175 3754 64 47 ist
4264 3766 100 34 nun
4387 3755 90 47 mit
4503 3754 89 47 der
4619 3751 220 51 äußeren
4862 3752 97 49 Ver-

3474 3833 277 56 anlassung
3784 3834 97 48 und
3914 3837 87 47 mit
4037 3837 112 48 dem
4183 3835 488 58 Gefälligkeitsakt?
4704 3838 93 50 Die
4827 3838 164 50 heitre

3469 3914 152 52 Muse
3649 3919 132 47 wird
3813 3918 74 49 ihr
3915 3918 170 58 Haupt
4114 3921 266 50 verhüllen
4410 3925 100 47 und
4542 3924 78 47 die
4650 3922 172 49 Fäden
4852 3936 103 35 wer-

3476 4002 93 47 den
3608 4001 108 53 sich
3754 4005 46 47 in
3841 4005 114 48 dem
3994 4004 194 55 Knäuel
4229 4006 137 51 nicht
4404 4008 145 48 mehr
4589 4007 402 52 zurechtfinden.

3474 4086 71 48 Im
3588 4087 414 55 Katzenjammer
4045 4091 211 49 verliert
4300 4106 118 35 man
4461 4094 113 51 jede
4619 4092 225 57 Haltung
4890 4093 100 50 und

3475 4172 114 48 dem
3624 4173 176 58 Genie,
3839 4175 116 49 dem
3990 4189 56 36 es
4082 4176 221 61 glückte,
4342 4178 132 48 wird
4509 4180 77 46 ein
4623 4177 244 50 Vorwurf
4901 4193 59 43 ge-

3473 4256 195 50 macht:
3708 4258 177 57 „Dann
3923 4263 65 47 ist
4026 4260 186 50 Strauß
4253 4265 89 47 der
4376 4260 245 54 Vorwurf
4656 4280 61 34 zu
4758 4264 229 54 machen,

3475 4342 95 48 daß
3607 4358 53 33 er
3695 4344 78 49 die
3806 4344 168 50 Sache
4006 4361 62 34 zu
4103 4347 206 50 schwer
4342 4350 100 47 und
4474 4349 278 59 gewichtig
4782 4365 173 44 genom-

3472 4441 117 34 men
3620 4430 99 46 und
3751 4443 91 35 aus
3872 4429 200 51 Freude
4104 4446 83 34 am
4215 4431 36 49 S
4272 4436 18 45 t
4309 4447 31 34 o
4362 4434 18 47 112
4396 4434 19 47 112
4447 4436 102 48 und
4577 4450 64 35 an
4675 4438 89 48 der
4796 4436 194 59 Arbeit,

3474 4512 78 48 die
3588 4511 102 49 ihm
3726 4518 148 45 unter
3911 4516 95 48 den
4038 4514 217 52 Händen
4292 4518 197 59 wuchs,
4528 4521 79 50 die
4646 4521 345 51 dramatische

3471 4595 214 50 Absicht
3721 4601 341 50 totmusiziert
4299 4601 108 51 Vor
4446 4604 107 51 drei
4588 4605 177 57 Tagen
4800 4612 191 44 nannte

3473 4681 93 50 das
3607 4683 89 48 der
3737 4680 454 57 Musikhistoriker
4229 4685 201 54 Doktor
4472 4688 234 53 Schmidt
4747 4692 212 58 „heraus-

3867 4768 108 53 Das
4004 4770 362 53 Dramatische
4397 4778 101 49 und
4530 4778 88 48 der
4646 4775 195 53 Schritt
4866 4792 91 36 vor-

3469 4855 166 48 wärts
3673 4855 134 48 wird
3847 4855 505 59 zurückgenommen
4432 4861 102 49 und
4577 4862 90 48 der
4708 4863 281 50 nüchterne

3470 4934 226 57 Kritiker
3728 4938 108 50 lobt
3869 4941 127 53 jetzt
4031 4944 79 47 die
4144 4943 279 50 nüchterne
4456 4944 199 51 Musik:
4691 4948 131 59 „Am
4857 4949 103 49 freu-

3473 5022 201 56 digsten
3702 5023 126 50 aber
3853 5027 66 48 ist
3947 5040 57 36 es
4033 5042 61 34 zu
4123 5027 280 62 begrüßen,
4435 5030 94 50 daß
4558 5030 161 51 Stauß
4747 5033 101 49 den
4875 5028 116 55 Mbt

3470 5108 257 56 gefunden
3770 5109 102 58 hat,
3914 5112 199 49 wieder
4153 5115 150 47 einen
4344 5129 133 42 ganz
4522 5116 86 49 auf
4647 5117 174 50 innere
4864 5131 93 42 psy-

3471 5190 207 52 chische
3713 5192 318 61 Wirkungen
4069 5198 270 57 gestellten
4379 5198 135 51 Stoff
4550 5215 60 35 zu
4647 5202 203 48 wählen
4888 5203 102 47 und

3475 5277 156 49 damit
3663 5280 78 47 ein
3772 5278 230 52 hofftlich
4034 5281 145 50 recht
4209 5285 103 48 viel
4342 5284 302 52 beachtetes
4672 5285 221 57 Beispiel
4925 5302 63 34 zu

3722 5363 94 50 Die
3850 5363 310 55 Illustration
4199 5368 141 50 eines
4376 5369 187 51 Diners
4600 5372 63 46 ist
4701 5384 144 35 zwar
4882 5385 106 35 von

3472 5447 204 49 innerer
3707 5448 126 50 aber
3862 5451 139 50 nicht
4032 5466 105 34 von
4171 5454 336 55 psychischer
4541 5453 265 59 Wirkung.
4871 5454 117 52 Und

3470 5532 75 49 sie
3572 5534 132 50 wird
3734 5534 166 50 sicher
3929 5535 82 50 bei
4043 5537 95 49 den
4169 5536 261 60 Kollegen,
4463 5540 94 47 den
4589 5537 274 55 Künstlern
4898 5542 90 50 der

3470 5614 399 64 Lebensfreude,
3911 5620 102 51 viel
4053 5620 301 59 Beachtung
4392 5623 185 49 finden.
4651 5623 185 52 Dieser
4874 5621 116 55 Mut

3474 5701 91 50 des
3604 5700 169 53 Herrn
3815 5702 222 56 Richard
4080 5706 185 49 Strauß
4310 5710 64 45 ist
4414 5707 270 52 jedenfalls
4727 5726 82 34 am
4853 5712 106 49 freu-

3474 5786 200 57 digsten
3718 5802 61 35 zu
3824 5789 278 58 begrüßen.
4177 5790 92 49 Bei
4314 5789 298 59 Kempinski
4674 5794 157 52 sehen
4892 5799 97 46 wir

3472 5884 93 37 uns
3594 5872 221 50 wieder!

3565 6039 266 53 Vielleicht
3870 6042 191 49 erklärt
4097 6040 136 52 Herr
4269 6042 200 54 Dektor
4507 6046 249 62 Schmidt,
4796 6048 97 51 daß
4931 6064 60 34 er

3468 6123 134 51 auch
3635 6128 94 47 mir
3767 6128 94 48 den
3896 6125 134 59 Weg
4064 6129 46 46 in
4149 6128 80 51 die
4265 6127 418 57 Oeffentlichkeit
4718 6139 271 52 versperrt

3471 6211 103 48 und
3619 6213 94 48 das
3755 6209 139 50 Echo
4281 6214 121 51 Sein
4444 6215 369 61 Unterkollege
4855 6219 134 50 Herr

3470 6292 307 53 Weißmann
3835 6293 89 53 hat
3985 6296 175 52 diesen
4220 6298 295 54 Bannfluch,
4567 6316 165 48 gegen
4793 6305 195 49 Arnold

3470 6377 303 59 Schönberg
3802 6379 379 56 geschleudert.
4241 6383 141 52 Mich
4412 6388 134 49 wird
4578 6388 90 50 das
4701 6387 138 52 nicht
4871 6389 85 50 röh-

3470 6475 106 38 ren.
3635 6462 84 50 Ich
3748 6464 307 56 verpflichte
4081 6469 134 50 mich
4242 6482 172 47 sogar,
4440 6472 139 50 nicht
4609 6474 47 48 in
4688 6473 79 50 die
4798 6473 190 51 tauben

3471 6546 171 51 Ohren
3673 6549 89 50 des
3785 6547 170 54 Herrn
3979 6550 202 54 Doktor
4205 6553 234 54 Schmidt
4463 6570 66 36 zu
4554 6556 252 61 schreien,
4831 6573 157 37 wenn

3471 6646 54 37 er
3551 6633 107 50 sich
3683 6636 344 60 verpflichtet,
4053 6641 95 47 mir
4173 6640 74 49 als
4272 6639 139 51 Echo
4437 6648 216 51 versagt
4679 6657 61 36 zu
4767 6644 220 50 bleiben.
