<?xml version="1.0" encoding="UTF-8"?>
<alto xmlns:xsi="http://www.w3.org/2001/XMLSchema-instance" xmlns="http://www.loc.gov/standards/alto/ns-v2#" xsi:schemaLocation="http://www.loc.gov/standards/alto/ns-v2# http://www.loc.gov/standards/alto/alto-v2.0.xsd" xmlns:xlink="http://www.w3.org/1999/xlink">
	<Description>
		<MeasurementUnit>mm10</MeasurementUnit>
		<sourceImageInformation>
			<fileName>//fileserver7/IN2/Princeton/Batch3/bmtnaac/1926/11_01/00000035.tif</fileName>
		</sourceImageInformation>
		<OCRProcessing ID="OCRPROCESSING_1">
			<preProcessingStep>
				<processingSoftware>
					<softwareCreator>CCS Content Conversion Specialists GmbH, Germany</softwareCreator>
					<softwareName>CCS docWORKS</softwareName>
					<softwareVersion>6.6-1.18</softwareVersion>
				</processingSoftware>
			</preProcessingStep>
			<ocrProcessingStep>
				<processingSoftware>
					<softwareCreator>ABBYY (BIT Software), Russia</softwareCreator>
					<softwareName>FineReader</softwareName>
					<softwareVersion>10.0</softwareVersion>
				</processingSoftware>
			</ocrProcessingStep>
		</OCRProcessing>
	</Description>
	<Styles>
		<TextStyle ID="TXT_0" FONTSIZE="21" FONTFAMILY="Times New Roman"/>
		<TextStyle ID="TXT_1" FONTSIZE="20" FONTFAMILY="Arial"/>
		<TextStyle ID="TXT_2" FONTSIZE="14" FONTFAMILY="Times New Roman"/>
		<TextStyle ID="TXT_3" FONTSIZE="16" FONTFAMILY="Times New Roman"/>
		<ParagraphStyle ID="PAR_RIGHT" ALIGN="Right"/>
		<ParagraphStyle ID="PAR_BLOCK" ALIGN="Block"/>
		<ParagraphStyle ID="PAR_LEFT" ALIGN="Left"/>
		<ParagraphStyle ID="PAR_CENTER" ALIGN="Center"/>
	</Styles>
	<Layout>
		<Page ID="P35" PHYSICAL_IMG_NR="35" HEIGHT="3970" WIDTH="2809" PRINTED_IMG_NR="57" PC="0.934">
			<TopMargin ID="P35_TM00001" HPOS="0" VPOS="0" WIDTH="2809" HEIGHT="340">
				<TextBlock ID="P35_TB00001" HPOS="1900" VPOS="282" WIDTH="625" HEIGHT="56" STYLEREFS="TXT_0 PAR_RIGHT">
					<TextLine ID="P35_TL00001" HPOS="1901" VPOS="282" WIDTH="624" HEIGHT="56">
						<String ID="P35_ST00001" HPOS="1901" VPOS="282" WIDTH="279" HEIGHT="54" CONTENT="TEK" WC="0.65" CC="300"/>
						<SP ID="P35_SP00001" HPOS="2180" VPOS="336" WIDTH="68"/>
						<String ID="P35_ST00002" HPOS="2248" VPOS="286" WIDTH="50" HEIGHT="50" CONTENT="H" WC="1.00" CC="0"/>
						<SP ID="P35_SP00002" HPOS="2298" VPOS="336" WIDTH="68"/>
						<String ID="P35_ST00003" HPOS="2366" VPOS="287" WIDTH="53" HEIGHT="50" CONTENT="N" WC="1.00" CC="0"/>
						<SP ID="P35_SP00003" HPOS="2419" VPOS="337" WIDTH="67"/>
						<String ID="P35_ST00004" HPOS="2486" VPOS="289" WIDTH="39" HEIGHT="49" CONTENT="E" WC="0.73" CC="2"/>
					</TextLine>
				</TextBlock>
			</TopMargin>
			<LeftMargin ID="P35_LM00001" HPOS="0" VPOS="340" WIDTH="109" HEIGHT="3377"/>
			<RightMargin ID="P35_RM00001" HPOS="2541" VPOS="340" WIDTH="268" HEIGHT="3377"/>
			<BottomMargin ID="P35_BM00001" HPOS="0" VPOS="3717" WIDTH="2809" HEIGHT="253">
				<TextBlock ID="P35_TB00002" HPOS="2393" VPOS="3719" WIDTH="137" HEIGHT="76" STYLEREFS="TXT_1 PAR_RIGHT">
					<TextLine ID="P35_TL00002" HPOS="2393" VPOS="3719" WIDTH="137" HEIGHT="76">
						<String ID="P35_ST00005" HPOS="2393" VPOS="3719" WIDTH="137" HEIGHT="76" CONTENT="57" WC="1.00" CC="00"/>
					</TextLine>
				</TextBlock>
			</BottomMargin>
			<PrintSpace ID="P35_PS00001" HPOS="109" VPOS="340" WIDTH="2432" HEIGHT="3377">
				<TextBlock ID="P35_TB00003" HPOS="110" VPOS="448" WIDTH="1192" HEIGHT="3016" STYLEREFS="TXT_2 PAR_BLOCK">
					<TextLine ID="P35_TL00003" HPOS="131" VPOS="449" WIDTH="1169" HEIGHT="55">
						<String ID="P35_ST00006" HPOS="131" VPOS="466" WIDTH="50" HEIGHT="23" CONTENT="ce" WC="1.00" CC="00"/>
						<SP ID="P35_SP00004" HPOS="181" VPOS="489" WIDTH="29"/>
						<String ID="P35_ST00007" HPOS="210" VPOS="465" WIDTH="87" HEIGHT="33" CONTENT="que" WC="0.97" CC="260"/>
						<SP ID="P35_SP00005" HPOS="297" VPOS="498" WIDTH="25"/>
						<String ID="P35_ST00008" HPOS="322" VPOS="449" WIDTH="64" HEIGHT="41" CONTENT="les" WC="0.98" CC="500"/>
						<SP ID="P35_SP00006" HPOS="386" VPOS="498" WIDTH="23"/>
						<String ID="P35_ST00009" HPOS="409" VPOS="450" WIDTH="229" HEIGHT="42" CONTENT="véhicules" WC="0.98" CC="456556466"/>
						<SP ID="P35_SP00007" HPOS="638" VPOS="498" WIDTH="26"/>
						<String ID="P35_ST00010" HPOS="664" VPOS="468" WIDTH="56" HEIGHT="24" CONTENT="ne" WC="0.32" CC="76"/>
						<SP ID="P35_SP00008" HPOS="720" VPOS="498" WIDTH="23"/>
						<String ID="P35_ST00011" HPOS="743" VPOS="456" WIDTH="280" HEIGHT="42" CONTENT="stationnent" WC="0.99" CC="40045488570"/>
						<SP ID="P35_SP00009" HPOS="1023" VPOS="498" WIDTH="21"/>
						<String ID="P35_ST00012" HPOS="1044" VPOS="471" WIDTH="83" HEIGHT="33" CONTENT="pas" WC="0.95" CC="345"/>
						<SP ID="P35_SP00010" HPOS="1127" VPOS="504" WIDTH="23"/>
						<String ID="P35_ST00013" HPOS="1150" VPOS="455" WIDTH="125" HEIGHT="41" CONTENT="simul" SUBS_TYPE="HypPart1" SUBS_CONTENT="simultanément" WC="0.99" CC="04400"/>
						<HYP HPOS="1275" VPOS="455" WIDTH="25" CONTENT="-"/>
					</TextLine>
					<TextLine ID="P35_TL00004" HPOS="132" VPOS="510" WIDTH="1168" HEIGHT="46">
						<String ID="P35_ST00014" HPOS="132" VPOS="512" WIDTH="237" HEIGHT="39" CONTENT="tanément" SUBS_TYPE="HypPart2" SUBS_CONTENT="simultanément" WC="0.98" CC="37970000"/>
						<SP ID="P35_SP00011" HPOS="369" VPOS="551" WIDTH="33"/>
						<String ID="P35_ST00015" HPOS="402" VPOS="510" WIDTH="81" HEIGHT="43" CONTENT="des" WC="0.95" CC="571"/>
						<SP ID="P35_SP00012" HPOS="483" VPOS="553" WIDTH="34"/>
						<String ID="P35_ST00016" HPOS="517" VPOS="511" WIDTH="122" HEIGHT="43" CONTENT="deux" WC="0.94" CC="6697"/>
						<SP ID="P35_SP00013" HPOS="639" VPOS="554" WIDTH="31"/>
						<String ID="P35_ST00017" HPOS="670" VPOS="516" WIDTH="125" HEIGHT="39" CONTENT="côtés" WC="0.98" CC="46000"/>
						<SP ID="P35_SP00014" HPOS="795" VPOS="555" WIDTH="37"/>
						<String ID="P35_ST00018" HPOS="832" VPOS="514" WIDTH="58" HEIGHT="42" CONTENT="de" WC="0.03" CC="99"/>
						<SP ID="P35_SP00015" HPOS="890" VPOS="556" WIDTH="32"/>
						<String ID="P35_ST00019" HPOS="922" VPOS="515" WIDTH="42" HEIGHT="41" CONTENT="la" WC="0.23" CC="77"/>
						<SP ID="P35_SP00016" HPOS="964" VPOS="556" WIDTH="33"/>
						<String ID="P35_ST00020" HPOS="997" VPOS="515" WIDTH="214" HEIGHT="41" CONTENT="chaussée" WC="0.99" CC="07503090"/>
						<SP ID="P35_SP00017" HPOS="1211" VPOS="556" WIDTH="34"/>
						<String ID="P35_ST00021" HPOS="1245" VPOS="532" WIDTH="55" HEIGHT="24" CONTENT="en" WC="0.53" CC="44"/>
					</TextLine>
					<TextLine ID="P35_TL00005" HPOS="130" VPOS="570" WIDTH="1170" HEIGHT="56">
						<String ID="P35_ST00022" HPOS="130" VPOS="588" WIDTH="58" HEIGHT="24" CONTENT="ne" WC="1.00" CC="00"/>
						<SP ID="P35_SP00018" HPOS="188" VPOS="612" WIDTH="33"/>
						<String ID="P35_ST00023" HPOS="221" VPOS="570" WIDTH="185" HEIGHT="42" CONTENT="laissant" WC="0.99" CC="07308060"/>
						<SP ID="P35_SP00019" HPOS="406" VPOS="612" WIDTH="35"/>
						<String ID="P35_ST00024" HPOS="441" VPOS="581" WIDTH="126" HEIGHT="33" CONTENT="entre" WC="0.98" CC="60045"/>
						<SP ID="P35_SP00020" HPOS="567" VPOS="614" WIDTH="35"/>
						<String ID="P35_ST00025" HPOS="602" VPOS="591" WIDTH="87" HEIGHT="25" CONTENT="eux" WC="0.97" CC="007"/>
						<SP ID="P35_SP00021" HPOS="689" VPOS="616" WIDTH="35"/>
						<String ID="P35_ST00026" HPOS="724" VPOS="575" WIDTH="138" HEIGHT="51" CONTENT="qu'un" WC="0.99" CC="30300"/>
						<SP ID="P35_SP00022" HPOS="862" VPOS="626" WIDTH="35"/>
						<String ID="P35_ST00027" HPOS="897" VPOS="593" WIDTH="192" HEIGHT="33" CONTENT="passage" WC="0.98" CC="0807077"/>
						<SP ID="P35_SP00023" HPOS="1089" VPOS="626" WIDTH="38"/>
						<String ID="P35_ST00028" HPOS="1127" VPOS="577" WIDTH="152" HEIGHT="41" CONTENT="insuffi" SUBS_TYPE="HypPart1" SUBS_CONTENT="insuffisant;" WC="0.99" CC="7000560"/>
						<HYP HPOS="1279" VPOS="577" WIDTH="21" CONTENT="-"/>
					</TextLine>
					<TextLine ID="P35_TL00006" HPOS="129" VPOS="634" WIDTH="1171" HEIGHT="46">
						<String ID="P35_ST00029" HPOS="129" VPOS="642" WIDTH="122" HEIGHT="37" CONTENT="sant;" SUBS_TYPE="HypPart2" SUBS_CONTENT="insuffisant;" WC="1.00" CC="00000"/>
						<SP ID="P35_SP00024" HPOS="251" VPOS="679" WIDTH="26"/>
						<String ID="P35_ST00030" HPOS="277" VPOS="649" WIDTH="60" HEIGHT="29" CONTENT="en," WC="0.97" CC="044"/>
						<SP ID="P35_SP00025" HPOS="337" VPOS="679" WIDTH="21"/>
						<String ID="P35_ST00031" HPOS="358" VPOS="650" WIDTH="50" HEIGHT="24" CONTENT="ce" WC="0.76" CC="30"/>
						<SP ID="P35_SP00026" HPOS="408" VPOS="679" WIDTH="22"/>
						<String ID="P35_ST00032" HPOS="430" VPOS="650" WIDTH="85" HEIGHT="30" CONTENT="cas," WC="0.98" CC="4050"/>
						<SP ID="P35_SP00027" HPOS="515" VPOS="680" WIDTH="30"/>
						<String ID="P35_ST00033" HPOS="545" VPOS="634" WIDTH="27" HEIGHT="41" CONTENT="il" WC="0.51" CC="36"/>
						<SP ID="P35_SP00028" HPOS="572" VPOS="680" WIDTH="27"/>
						<String ID="P35_ST00034" HPOS="599" VPOS="635" WIDTH="82" HEIGHT="44" CONTENT="fait" WC="0.98" CC="5040"/>
						<SP ID="P35_SP00029" HPOS="681" VPOS="680" WIDTH="24"/>
						<String ID="P35_ST00035" HPOS="705" VPOS="653" WIDTH="196" HEIGHT="25" CONTENT="avancer" WC="0.98" CC="0009084"/>
						<SP ID="P35_SP00030" HPOS="901" VPOS="680" WIDTH="25"/>
						<String ID="P35_ST00036" HPOS="926" VPOS="655" WIDTH="57" HEIGHT="23" CONTENT="ou" WC="0.33" CC="57"/>
						<SP ID="P35_SP00031" HPOS="983" VPOS="680" WIDTH="29"/>
						<String ID="P35_ST00037" HPOS="1012" VPOS="637" WIDTH="171" HEIGHT="41" CONTENT="reculer" WC="0.98" CC="9600160"/>
						<SP ID="P35_SP00032" HPOS="1183" VPOS="680" WIDTH="26"/>
						<String ID="P35_ST00038" HPOS="1209" VPOS="638" WIDTH="91" HEIGHT="40" CONTENT="l'un" WC="0.98" CC="1350"/>
					</TextLine>
					<TextLine ID="P35_TL00007" HPOS="132" VPOS="693" WIDTH="1170" HEIGHT="56">
						<String ID="P35_ST00039" HPOS="132" VPOS="694" WIDTH="80" HEIGHT="40" CONTENT="des" WC="0.94" CC="905"/>
						<SP ID="P35_SP00033" HPOS="212" VPOS="734" WIDTH="35"/>
						<String ID="P35_ST00040" HPOS="247" VPOS="693" WIDTH="229" HEIGHT="44" CONTENT="véhicules" WC="0.99" CC="060300660"/>
						<SP ID="P35_SP00034" HPOS="476" VPOS="737" WIDTH="33"/>
						<String ID="P35_ST00041" HPOS="509" VPOS="713" WIDTH="116" HEIGHT="33" CONTENT="pour" WC="0.99" CC="1000"/>
						<SP ID="P35_SP00035" HPOS="625" VPOS="746" WIDTH="39"/>
						<String ID="P35_ST00042" HPOS="664" VPOS="697" WIDTH="177" HEIGHT="45" CONTENT="donner" WC="0.99" CC="061040"/>
						<SP ID="P35_SP00036" HPOS="841" VPOS="746" WIDTH="34"/>
						<String ID="P35_ST00043" HPOS="875" VPOS="697" WIDTH="100" HEIGHT="52" CONTENT="plus" WC="0.97" CC="9002"/>
						<SP ID="P35_SP00037" HPOS="975" VPOS="749" WIDTH="37"/>
						<String ID="P35_ST00044" HPOS="1012" VPOS="698" WIDTH="230" HEIGHT="42" CONTENT="d'aisance" WC="1.00" CC="000330000"/>
						<SP ID="P35_SP00038" HPOS="1242" VPOS="749" WIDTH="35"/>
						<String ID="P35_ST00045" HPOS="1277" VPOS="700" WIDTH="25" HEIGHT="38" CONTENT="à" WC="0.35" CC="6"/>
					</TextLine>
					<TextLine ID="P35_TL00008" HPOS="129" VPOS="753" WIDTH="406" HEIGHT="47">
						<String ID="P35_ST00046" HPOS="129" VPOS="753" WIDTH="43" HEIGHT="44" CONTENT="la" WC="0.57" CC="35"/>
						<SP ID="P35_SP00039" HPOS="172" VPOS="797" WIDTH="29"/>
						<String ID="P35_ST00047" HPOS="201" VPOS="754" WIDTH="277" HEIGHT="46" CONTENT="circulation." WC="0.99" CC="045106062357"/>
						<SP ID="P35_SP00040" HPOS="478" VPOS="800" WIDTH="33"/>
						<String ID="P35_ST00048" HPOS="511" VPOS="773" WIDTH="24" HEIGHT="26" CONTENT="»" WC="0.42" CC="5"/>
					</TextLine>
					<TextLine ID="P35_TL00009" HPOS="191" VPOS="816" WIDTH="1110" HEIGHT="55">
						<String ID="P35_ST00049" HPOS="191" VPOS="816" WIDTH="64" HEIGHT="41" CONTENT="Le" WC="0.66" CC="60"/>
						<SP ID="P35_SP00041" HPOS="255" VPOS="857" WIDTH="32"/>
						<String ID="P35_ST00050" HPOS="287" VPOS="816" WIDTH="317" HEIGHT="52" CONTENT="bourgmestre" WC="0.99" CC="80067000006"/>
						<SP ID="P35_SP00042" HPOS="604" VPOS="868" WIDTH="30"/>
						<String ID="P35_ST00051" HPOS="634" VPOS="838" WIDTH="25" HEIGHT="23" CONTENT="a" WC="1.00" CC="0"/>
						<SP ID="P35_SP00043" HPOS="659" VPOS="868" WIDTH="30"/>
						<String ID="P35_ST00052" HPOS="689" VPOS="819" WIDTH="82" HEIGHT="41" CONTENT="fait" WC="1.00" CC="0002"/>
						<SP ID="P35_SP00044" HPOS="771" VPOS="868" WIDTH="29"/>
						<String ID="P35_ST00053" HPOS="800" VPOS="822" WIDTH="168" HEIGHT="39" CONTENT="insérer" WC="0.99" CC="4009001"/>
						<SP ID="P35_SP00045" HPOS="968" VPOS="868" WIDTH="29"/>
						<String ID="P35_ST00054" HPOS="997" VPOS="837" WIDTH="87" HEIGHT="24" CONTENT="une" WC="0.92" CC="794"/>
						<SP ID="P35_SP00046" HPOS="1084" VPOS="868" WIDTH="27"/>
						<String ID="P35_ST00055" HPOS="1111" VPOS="819" WIDTH="167" HEIGHT="52" CONTENT="disposi" SUBS_TYPE="HypPart1" SUBS_CONTENT="disposition" WC="0.99" CC="0300604"/>
						<HYP HPOS="1278" VPOS="819" WIDTH="23" CONTENT="-"/>
					</TextLine>
					<TextLine ID="P35_TL00010" HPOS="129" VPOS="879" WIDTH="1172" HEIGHT="53">
						<String ID="P35_ST00056" HPOS="129" VPOS="879" WIDTH="95" HEIGHT="39" CONTENT="tion" SUBS_TYPE="HypPart2" SUBS_CONTENT="disposition" WC="0.99" CC="0140"/>
						<SP ID="P35_SP00047" HPOS="224" VPOS="918" WIDTH="28"/>
						<String ID="P35_ST00057" HPOS="252" VPOS="895" WIDTH="56" HEIGHT="24" CONTENT="en" WC="1.00" CC="00"/>
						<SP ID="P35_SP00048" HPOS="308" VPOS="919" WIDTH="25"/>
						<String ID="P35_ST00058" HPOS="333" VPOS="896" WIDTH="52" HEIGHT="24" CONTENT="ce" WC="1.00" CC="00"/>
						<SP ID="P35_SP00049" HPOS="385" VPOS="920" WIDTH="24"/>
						<String ID="P35_ST00059" HPOS="409" VPOS="896" WIDTH="101" HEIGHT="24" CONTENT="sens" WC="1.00" CC="0000"/>
						<SP ID="P35_SP00050" HPOS="510" VPOS="920" WIDTH="30"/>
						<String ID="P35_ST00060" HPOS="540" VPOS="880" WIDTH="116" HEIGHT="42" CONTENT="dans" WC="0.96" CC="0782"/>
						<SP ID="P35_SP00051" HPOS="656" VPOS="922" WIDTH="27"/>
						<String ID="P35_ST00061" HPOS="683" VPOS="880" WIDTH="40" HEIGHT="41" CONTENT="le" WC="0.41" CC="47"/>
						<SP ID="P35_SP00052" HPOS="723" VPOS="922" WIDTH="31"/>
						<String ID="P35_ST00062" HPOS="754" VPOS="881" WIDTH="250" HEIGHT="49" CONTENT="règlement" WC="0.99" CC="480570000"/>
						<SP ID="P35_SP00053" HPOS="1004" VPOS="930" WIDTH="27"/>
						<String ID="P35_ST00063" HPOS="1031" VPOS="881" WIDTH="182" HEIGHT="51" CONTENT="général" WC="0.99" CC="0004064"/>
						<SP ID="P35_SP00054" HPOS="1213" VPOS="932" WIDTH="31"/>
						<String ID="P35_ST00064" HPOS="1244" VPOS="882" WIDTH="57" HEIGHT="41" CONTENT="de" WC="0.92" CC="01"/>
					</TextLine>
					<TextLine ID="P35_TL00011" HPOS="129" VPOS="939" WIDTH="1173" HEIGHT="52">
						<String ID="P35_ST00065" HPOS="129" VPOS="939" WIDTH="149" HEIGHT="50" CONTENT="police" WC="0.99" CC="018400"/>
						<SP ID="P35_SP00055" HPOS="278" VPOS="989" WIDTH="33"/>
						<String ID="P35_ST00066" HPOS="311" VPOS="944" WIDTH="239" HEIGHT="47" CONTENT="approuvé" WC="1.00" CC="00003005"/>
						<SP ID="P35_SP00056" HPOS="550" VPOS="991" WIDTH="29"/>
						<String ID="P35_ST00067" HPOS="579" VPOS="958" WIDTH="83" HEIGHT="33" CONTENT="par" WC="1.00" CC="000"/>
						<SP ID="P35_SP00057" HPOS="662" VPOS="991" WIDTH="32"/>
						<String ID="P35_ST00068" HPOS="694" VPOS="941" WIDTH="40" HEIGHT="42" CONTENT="le" WC="0.95" CC="00"/>
						<SP ID="P35_SP00058" HPOS="734" VPOS="991" WIDTH="32"/>
						<String ID="P35_ST00069" HPOS="766" VPOS="946" WIDTH="167" HEIGHT="37" CONTENT="conseil" WC="0.99" CC="0700128"/>
						<SP ID="P35_SP00059" HPOS="933" VPOS="991" WIDTH="33"/>
						<String ID="P35_ST00070" HPOS="966" VPOS="942" WIDTH="261" HEIGHT="42" CONTENT="communal" WC="1.00" CC="00000006"/>
						<SP ID="P35_SP00060" HPOS="1227" VPOS="991" WIDTH="34"/>
						<String ID="P35_ST00071" HPOS="1261" VPOS="943" WIDTH="41" HEIGHT="40" CONTENT="le" WC="0.50" CC="27"/>
					</TextLine>
					<TextLine ID="P35_TL00012" HPOS="131" VPOS="1000" WIDTH="1169" HEIGHT="45">
						<String ID="P35_ST00072" HPOS="131" VPOS="1000" WIDTH="25" HEIGHT="41" CONTENT="2" WC="1.00" CC="0"/>
						<SP ID="P35_SP00061" HPOS="156" VPOS="1041" WIDTH="42"/>
						<String ID="P35_ST00073" HPOS="198" VPOS="1017" WIDTH="124" HEIGHT="26" CONTENT="mars" WC="0.98" CC="0720"/>
						<SP ID="P35_SP00062" HPOS="322" VPOS="1043" WIDTH="40"/>
						<String ID="P35_ST00074" HPOS="362" VPOS="1000" WIDTH="118" HEIGHT="42" CONTENT="1925" WC="0.72" CC="7030"/>
						<SP ID="P35_SP00063" HPOS="480" VPOS="1043" WIDTH="43"/>
						<String ID="P35_ST00075" HPOS="523" VPOS="1011" WIDTH="47" HEIGHT="32" CONTENT="et" WC="1.00" CC="00"/>
						<SP ID="P35_SP00064" HPOS="570" VPOS="1043" WIDTH="37"/>
						<String ID="P35_ST00076" HPOS="607" VPOS="1002" WIDTH="117" HEIGHT="43" CONTENT="dont" WC="1.00" CC="0000"/>
						<SP ID="P35_SP00065" HPOS="724" VPOS="1045" WIDTH="38"/>
						<String ID="P35_ST00077" HPOS="762" VPOS="1002" WIDTH="186" HEIGHT="42" CONTENT="l'article" WC="0.99" CC="540004006"/>
						<SP ID="P35_SP00066" HPOS="948" VPOS="1045" WIDTH="40"/>
						<String ID="P35_ST00078" HPOS="988" VPOS="1002" WIDTH="56" HEIGHT="42" CONTENT="52" WC="0.79" CC="40"/>
						<SP ID="P35_SP00067" HPOS="1044" VPOS="1045" WIDTH="43"/>
						<String ID="P35_ST00079" HPOS="1087" VPOS="1013" WIDTH="67" HEIGHT="32" CONTENT="est" WC="1.00" CC="000"/>
						<SP ID="P35_SP00068" HPOS="1154" VPOS="1045" WIDTH="37"/>
						<String ID="P35_ST00080" HPOS="1191" VPOS="1005" WIDTH="109" HEIGHT="39" CONTENT="ainsi" WC="1.00" CC="01002"/>
					</TextLine>
					<TextLine ID="P35_TL00013" HPOS="126" VPOS="1078" WIDTH="190" HEIGHT="35">
						<String ID="P35_ST00081" HPOS="126" VPOS="1078" WIDTH="146" HEIGHT="35" CONTENT="conçu" WC="0.97" CC="42924"/>
						<SP ID="P35_SP00069" HPOS="272" VPOS="1113" WIDTH="34"/>
						<String ID="P35_ST00082" HPOS="306" VPOS="1079" WIDTH="10" HEIGHT="25" CONTENT=":" WC="0.67" CC="3"/>
					</TextLine>
					<TextLine ID="P35_TL00014" HPOS="201" VPOS="1123" WIDTH="1100" HEIGHT="53">
						<String ID="P35_ST00083" HPOS="201" VPOS="1140" WIDTH="23" HEIGHT="25" CONTENT="«" WC="0.59" CC="4"/>
						<SP ID="P35_SP00070" HPOS="224" VPOS="1165" WIDTH="41"/>
						<String ID="P35_ST00084" HPOS="265" VPOS="1123" WIDTH="165" HEIGHT="42" CONTENT="Aucun" WC="0.99" CC="00050"/>
						<SP ID="P35_SP00071" HPOS="430" VPOS="1165" WIDTH="38"/>
						<String ID="P35_ST00085" HPOS="468" VPOS="1124" WIDTH="219" HEIGHT="48" CONTENT="véhicule," WC="0.99" CC="000240261"/>
						<SP ID="P35_SP00072" HPOS="687" VPOS="1172" WIDTH="43"/>
						<String ID="P35_ST00086" HPOS="730" VPOS="1134" WIDTH="126" HEIGHT="33" CONTENT="autre" WC="0.99" CC="00022"/>
						<SP ID="P35_SP00073" HPOS="856" VPOS="1172" WIDTH="38"/>
						<String ID="P35_ST00087" HPOS="894" VPOS="1143" WIDTH="85" HEIGHT="33" CONTENT="que" WC="0.95" CC="507"/>
						<SP ID="P35_SP00074" HPOS="979" VPOS="1176" WIDTH="39"/>
						<String ID="P35_ST00088" HPOS="1018" VPOS="1126" WIDTH="43" HEIGHT="42" CONTENT="la" WC="0.96" CC="00"/>
						<SP ID="P35_SP00075" HPOS="1061" VPOS="1176" WIDTH="34"/>
						<String ID="P35_ST00089" HPOS="1095" VPOS="1135" WIDTH="177" HEIGHT="41" CONTENT="motocy" SUBS_TYPE="HypPart1" SUBS_CONTENT="motocyclette" WC="0.99" CC="060503"/>
						<HYP HPOS="1272" VPOS="1135" WIDTH="29" CONTENT="-"/>
					</TextLine>
					<TextLine ID="P35_TL00015" HPOS="129" VPOS="1184" WIDTH="1172" HEIGHT="54">
						<String ID="P35_ST00090" HPOS="129" VPOS="1184" WIDTH="134" HEIGHT="42" CONTENT="clette" SUBS_TYPE="HypPart2" SUBS_CONTENT="motocyclette" WC="0.99" CC="060700"/>
						<SP ID="P35_SP00076" HPOS="263" VPOS="1226" WIDTH="28"/>
						<String ID="P35_ST00091" HPOS="291" VPOS="1202" WIDTH="58" HEIGHT="25" CONTENT="ou" WC="1.00" CC="00"/>
						<SP ID="P35_SP00077" HPOS="349" VPOS="1227" WIDTH="26"/>
						<String ID="P35_ST00092" HPOS="375" VPOS="1186" WIDTH="41" HEIGHT="41" CONTENT="le" WC="1.00" CC="00"/>
						<SP ID="P35_SP00078" HPOS="416" VPOS="1227" WIDTH="27"/>
						<String ID="P35_ST00093" HPOS="443" VPOS="1184" WIDTH="284" HEIGHT="53" CONTENT="vélocipède," WC="0.99" CC="00144505060"/>
						<SP ID="P35_SP00079" HPOS="727" VPOS="1237" WIDTH="26"/>
						<String ID="P35_ST00094" HPOS="753" VPOS="1204" WIDTH="62" HEIGHT="25" CONTENT="ne" WC="0.82" CC="12"/>
						<SP ID="P35_SP00080" HPOS="815" VPOS="1237" WIDTH="24"/>
						<String ID="P35_ST00095" HPOS="839" VPOS="1195" WIDTH="109" HEIGHT="43" CONTENT="peut" WC="1.00" CC="0000"/>
						<SP ID="P35_SP00081" HPOS="948" VPOS="1238" WIDTH="26"/>
						<String ID="P35_ST00096" HPOS="974" VPOS="1191" WIDTH="94" HEIGHT="38" CONTENT="être" WC="0.98" CC="4040"/>
						<SP ID="P35_SP00082" HPOS="1068" VPOS="1238" WIDTH="25"/>
						<String ID="P35_ST00097" HPOS="1093" VPOS="1188" WIDTH="131" HEIGHT="42" CONTENT="laissé" WC="1.00" CC="000003"/>
						<SP ID="P35_SP00083" HPOS="1224" VPOS="1238" WIDTH="21"/>
						<String ID="P35_ST00098" HPOS="1245" VPOS="1205" WIDTH="56" HEIGHT="25" CONTENT="en" WC="0.66" CC="60"/>
					</TextLine>
					<TextLine ID="P35_TL00016" HPOS="127" VPOS="1247" WIDTH="1174" HEIGHT="44">
						<String ID="P35_ST00099" HPOS="127" VPOS="1247" WIDTH="360" HEIGHT="40" CONTENT="stationnement" WC="1.00" CC="0000320000000"/>
						<SP ID="P35_SP00084" HPOS="487" VPOS="1287" WIDTH="42"/>
						<String ID="P35_ST00100" HPOS="529" VPOS="1249" WIDTH="207" HEIGHT="40" CONTENT="vis-à-vis" WC="0.99" CC="000774042"/>
						<SP ID="P35_SP00085" HPOS="736" VPOS="1289" WIDTH="42"/>
						<String ID="P35_ST00101" HPOS="778" VPOS="1247" WIDTH="109" HEIGHT="42" CONTENT="d'un" WC="0.98" CC="0450"/>
						<SP ID="P35_SP00086" HPOS="887" VPOS="1289" WIDTH="41"/>
						<String ID="P35_ST00102" HPOS="928" VPOS="1258" WIDTH="127" HEIGHT="33" CONTENT="autre" WC="0.99" CC="00005"/>
						<SP ID="P35_SP00087" HPOS="1055" VPOS="1291" WIDTH="41"/>
						<String ID="P35_ST00103" HPOS="1096" VPOS="1247" WIDTH="205" HEIGHT="43" CONTENT="véhicule" WC="0.99" CC="06020030"/>
					</TextLine>
					<TextLine ID="P35_TL00017" HPOS="129" VPOS="1308" WIDTH="1172" HEIGHT="53">
						<String ID="P35_ST00104" HPOS="129" VPOS="1308" WIDTH="109" HEIGHT="51" CONTENT="déjà" WC="0.96" CC="9332"/>
						<SP ID="P35_SP00088" HPOS="238" VPOS="1359" WIDTH="32"/>
						<String ID="P35_ST00105" HPOS="270" VPOS="1311" WIDTH="146" HEIGHT="39" CONTENT="arrêté" WC="0.98" CC="060605"/>
						<SP ID="P35_SP00089" HPOS="416" VPOS="1359" WIDTH="35"/>
						<String ID="P35_ST00106" HPOS="451" VPOS="1308" WIDTH="114" HEIGHT="42" CONTENT="dans" WC="1.00" CC="0000"/>
						<SP ID="P35_SP00090" HPOS="565" VPOS="1359" WIDTH="30"/>
						<String ID="P35_ST00107" HPOS="595" VPOS="1309" WIDTH="66" HEIGHT="42" CONTENT="les" WC="0.98" CC="500"/>
						<SP ID="P35_SP00091" HPOS="661" VPOS="1359" WIDTH="29"/>
						<String ID="P35_ST00108" HPOS="690" VPOS="1326" WIDTH="100" HEIGHT="25" CONTENT="rues" WC="0.97" CC="0870"/>
						<SP ID="P35_SP00092" HPOS="790" VPOS="1359" WIDTH="31"/>
						<String ID="P35_ST00109" HPOS="821" VPOS="1310" WIDTH="115" HEIGHT="41" CONTENT="dont" WC="0.99" CC="0300"/>
						<SP ID="P35_SP00093" HPOS="936" VPOS="1359" WIDTH="30"/>
						<String ID="P35_ST00110" HPOS="966" VPOS="1311" WIDTH="43" HEIGHT="40" CONTENT="la" WC="0.73" CC="50"/>
						<SP ID="P35_SP00094" HPOS="1009" VPOS="1359" WIDTH="30"/>
						<String ID="P35_ST00111" HPOS="1039" VPOS="1310" WIDTH="175" HEIGHT="51" CONTENT="largeur" WC="0.99" CC="5030740"/>
						<SP ID="P35_SP00095" HPOS="1214" VPOS="1361" WIDTH="30"/>
						<String ID="P35_ST00112" HPOS="1244" VPOS="1329" WIDTH="57" HEIGHT="23" CONTENT="ne" WC="1.00" CC="00"/>
					</TextLine>
					<TextLine ID="P35_TL00018" HPOS="121" VPOS="1369" WIDTH="1180" HEIGHT="53">
						<String ID="P35_ST00113" HPOS="121" VPOS="1379" WIDTH="186" HEIGHT="42" CONTENT="(permet" WC="0.99" CC="7613010"/>
						<SP ID="P35_SP00096" HPOS="307" VPOS="1421" WIDTH="29"/>
						<String ID="P35_ST00114" HPOS="336" VPOS="1387" WIDTH="83" HEIGHT="34" CONTENT="pas" WC="1.00" CC="000"/>
						<SP ID="P35_SP00097" HPOS="419" VPOS="1421" WIDTH="25"/>
						<String ID="P35_ST00115" HPOS="444" VPOS="1369" WIDTH="41" HEIGHT="43" CONTENT="le" WC="0.66" CC="32"/>
						<SP ID="P35_SP00098" HPOS="485" VPOS="1421" WIDTH="29"/>
						<String ID="P35_ST00116" HPOS="514" VPOS="1388" WIDTH="193" HEIGHT="34" CONTENT="passage" WC="0.98" CC="0009067"/>
						<SP ID="P35_SP00099" HPOS="707" VPOS="1422" WIDTH="32"/>
						<String ID="P35_ST00117" HPOS="739" VPOS="1374" WIDTH="26" HEIGHT="38" CONTENT="à" WC="1.00" CC="0"/>
						<SP ID="P35_SP00100" HPOS="765" VPOS="1422" WIDTH="30"/>
						<String ID="P35_ST00118" HPOS="795" VPOS="1380" WIDTH="158" HEIGHT="42" CONTENT="quatre" WC="0.99" CC="050006"/>
						<SP ID="P35_SP00101" HPOS="953" VPOS="1422" WIDTH="30"/>
						<String ID="P35_ST00119" HPOS="983" VPOS="1371" WIDTH="228" HEIGHT="43" CONTENT="véhicules" WC="0.99" CC="060200070"/>
						<SP ID="P35_SP00102" HPOS="1211" VPOS="1422" WIDTH="33"/>
						<String ID="P35_ST00120" HPOS="1244" VPOS="1372" WIDTH="57" HEIGHT="42" CONTENT="de" WC="1.00" CC="00"/>
					</TextLine>
					<TextLine ID="P35_TL00019" HPOS="129" VPOS="1432" WIDTH="1172" HEIGHT="51">
						<String ID="P35_ST00121" HPOS="129" VPOS="1432" WIDTH="137" HEIGHT="46" CONTENT="front," WC="0.98" CC="453003"/>
						<SP ID="P35_SP00103" HPOS="266" VPOS="1478" WIDTH="33"/>
						<String ID="P35_ST00122" HPOS="299" VPOS="1449" WIDTH="92" HEIGHT="24" CONTENT="non" WC="1.00" CC="000"/>
						<SP ID="P35_SP00104" HPOS="391" VPOS="1478" WIDTH="30"/>
						<String ID="P35_ST00123" HPOS="421" VPOS="1432" WIDTH="101" HEIGHT="51" CONTENT="plus" WC="0.98" CC="0270"/>
						<SP ID="P35_SP00105" HPOS="522" VPOS="1483" WIDTH="29"/>
						<String ID="P35_ST00124" HPOS="551" VPOS="1449" WIDTH="88" HEIGHT="34" CONTENT="que" WC="1.00" CC="000"/>
						<SP ID="P35_SP00106" HPOS="639" VPOS="1483" WIDTH="27"/>
						<String ID="P35_ST00125" HPOS="666" VPOS="1449" WIDTH="73" HEIGHT="24" CONTENT="sur" WC="0.98" CC="005"/>
						<SP ID="P35_SP00107" HPOS="739" VPOS="1483" WIDTH="26"/>
						<String ID="P35_ST00126" HPOS="765" VPOS="1432" WIDTH="65" HEIGHT="42" CONTENT="les" WC="0.98" CC="400"/>
						<SP ID="P35_SP00108" HPOS="830" VPOS="1483" WIDTH="29"/>
						<String ID="P35_ST00127" HPOS="859" VPOS="1437" WIDTH="153" HEIGHT="46" CONTENT="points" WC="0.99" CC="037000"/>
						<SP ID="P35_SP00109" HPOS="1012" VPOS="1483" WIDTH="30"/>
						<String ID="P35_ST00128" HPOS="1042" VPOS="1433" WIDTH="57" HEIGHT="41" CONTENT="de" WC="1.00" CC="00"/>
						<SP ID="P35_SP00110" HPOS="1099" VPOS="1483" WIDTH="28"/>
						<String ID="P35_ST00129" HPOS="1127" VPOS="1433" WIDTH="44" HEIGHT="42" CONTENT="la" WC="0.95" CC="00"/>
						<SP ID="P35_SP00111" HPOS="1171" VPOS="1483" WIDTH="26"/>
						<String ID="P35_ST00130" HPOS="1197" VPOS="1437" WIDTH="104" HEIGHT="38" CONTENT="voie" WC="0.98" CC="0343"/>
					</TextLine>
					<TextLine ID="P35_TL00020" HPOS="126" VPOS="1492" WIDTH="982" HEIGHT="51">
						<String ID="P35_ST00131" HPOS="126" VPOS="1492" WIDTH="218" HEIGHT="51" CONTENT="publique" WC="0.99" CC="00832300"/>
						<SP ID="P35_SP00112" HPOS="344" VPOS="1543" WIDTH="32"/>
						<String ID="P35_ST00132" HPOS="376" VPOS="1496" WIDTH="59" HEIGHT="38" CONTENT="où" WC="0.77" CC="04"/>
						<SP ID="P35_SP00113" HPOS="435" VPOS="1543" WIDTH="27"/>
						<String ID="P35_ST00133" HPOS="462" VPOS="1493" WIDTH="28" HEIGHT="42" CONTENT="il" WC="0.69" CC="23"/>
						<SP ID="P35_SP00114" HPOS="490" VPOS="1543" WIDTH="30"/>
						<String ID="P35_ST00134" HPOS="520" VPOS="1496" WIDTH="141" HEIGHT="41" CONTENT="existe" WC="0.99" CC="405600"/>
						<SP ID="P35_SP00115" HPOS="661" VPOS="1543" WIDTH="35"/>
						<String ID="P35_ST00135" HPOS="696" VPOS="1494" WIDTH="80" HEIGHT="42" CONTENT="des" WC="1.00" CC="000"/>
						<SP ID="P35_SP00116" HPOS="776" VPOS="1543" WIDTH="32"/>
						<String ID="P35_ST00136" HPOS="808" VPOS="1494" WIDTH="239" HEIGHT="44" CONTENT="obstacles." WC="0.99" CC="0700002064"/>
						<SP ID="P35_SP00117" HPOS="1047" VPOS="1543" WIDTH="39"/>
						<String ID="P35_ST00137" HPOS="1086" VPOS="1512" WIDTH="22" HEIGHT="26" CONTENT="»" WC="0.52" CC="4"/>
					</TextLine>
					<TextLine ID="P35_TL00021" HPOS="190" VPOS="1554" WIDTH="1110" HEIGHT="54">
						<String ID="P35_ST00138" HPOS="190" VPOS="1554" WIDTH="277" HEIGHT="43" CONTENT="Souhaitons" WC="1.00" CC="0000040000"/>
						<SP ID="P35_SP00118" HPOS="467" VPOS="1597" WIDTH="26"/>
						<String ID="P35_ST00139" HPOS="493" VPOS="1572" WIDTH="87" HEIGHT="34" CONTENT="que" WC="0.98" CC="050"/>
						<SP ID="P35_SP00119" HPOS="580" VPOS="1606" WIDTH="24"/>
						<String ID="P35_ST00140" HPOS="604" VPOS="1565" WIDTH="118" HEIGHT="33" CONTENT="cette" WC="1.00" CC="00000"/>
						<SP ID="P35_SP00120" HPOS="722" VPOS="1606" WIDTH="21"/>
						<String ID="P35_ST00141" HPOS="743" VPOS="1573" WIDTH="177" HEIGHT="26" CONTENT="mesure" WC="1.00" CC="000012"/>
						<SP ID="P35_SP00121" HPOS="920" VPOS="1606" WIDTH="25"/>
						<String ID="P35_ST00142" HPOS="945" VPOS="1560" WIDTH="86" HEIGHT="39" CONTENT="soit" WC="0.99" CC="0050"/>
						<SP ID="P35_SP00122" HPOS="1031" VPOS="1606" WIDTH="25"/>
						<String ID="P35_ST00143" HPOS="1056" VPOS="1557" WIDTH="99" HEIGHT="51" CONTENT="plus" WC="0.99" CC="0300"/>
						<SP ID="P35_SP00123" HPOS="1155" VPOS="1608" WIDTH="23"/>
						<String ID="P35_ST00144" HPOS="1178" VPOS="1560" WIDTH="102" HEIGHT="39" CONTENT="stric" SUBS_TYPE="HypPart1" SUBS_CONTENT="strictement" WC="0.98" CC="50051"/>
						<HYP HPOS="1280" VPOS="1560" WIDTH="20" CONTENT="-"/>
					</TextLine>
					<TextLine ID="P35_TL00022" HPOS="126" VPOS="1617" WIDTH="462" HEIGHT="51">
						<String ID="P35_ST00145" HPOS="126" VPOS="1626" WIDTH="175" HEIGHT="32" CONTENT="tement" SUBS_TYPE="HypPart2" SUBS_CONTENT="strictement" WC="1.00" CC="000000"/>
						<SP ID="P35_SP00124" HPOS="301" VPOS="1658" WIDTH="30"/>
						<String ID="P35_ST00146" HPOS="331" VPOS="1617" WIDTH="257" HEIGHT="51" CONTENT="appliquée." WC="0.99" CC="0000604504"/>
					</TextLine>
					<TextLine ID="P35_TL00023" HPOS="196" VPOS="1679" WIDTH="1105" HEIGHT="52">
						<String ID="P35_ST00147" HPOS="196" VPOS="1679" WIDTH="46" HEIGHT="41" CONTENT="A" WC="1.00" CC="0"/>
						<SP ID="P35_SP00125" HPOS="242" VPOS="1720" WIDTH="34"/>
						<String ID="P35_ST00148" HPOS="276" VPOS="1696" WIDTH="174" HEIGHT="34" CONTENT="propos" WC="0.99" CC="001700"/>
						<SP ID="P35_SP00126" HPOS="450" VPOS="1730" WIDTH="36"/>
						<String ID="P35_ST00149" HPOS="486" VPOS="1679" WIDTH="58" HEIGHT="41" CONTENT="de" WC="1.00" CC="00"/>
						<SP ID="P35_SP00127" HPOS="544" VPOS="1730" WIDTH="34"/>
						<String ID="P35_ST00150" HPOS="578" VPOS="1679" WIDTH="43" HEIGHT="43" CONTENT="la" WC="0.98" CC="00"/>
						<SP ID="P35_SP00128" HPOS="621" VPOS="1730" WIDTH="36"/>
						<String ID="P35_ST00151" HPOS="657" VPOS="1679" WIDTH="275" HEIGHT="50" CONTENT="circulation," WC="1.00" CC="030354001000"/>
						<SP ID="P35_SP00129" HPOS="932" VPOS="1730" WIDTH="40"/>
						<String ID="P35_ST00152" HPOS="972" VPOS="1680" WIDTH="233" HEIGHT="51" CONTENT="signalons" WC="1.00" CC="020002500"/>
						<SP ID="P35_SP00130" HPOS="1205" VPOS="1731" WIDTH="37"/>
						<String ID="P35_ST00153" HPOS="1242" VPOS="1698" WIDTH="59" HEIGHT="24" CONTENT="un" WC="0.71" CC="50"/>
					</TextLine>
					<TextLine ID="P35_TL00024" HPOS="126" VPOS="1741" WIDTH="1175" HEIGHT="52">
						<String ID="P35_ST00154" HPOS="126" VPOS="1741" WIDTH="115" HEIGHT="40" CONTENT="essai" WC="0.99" CC="04004"/>
						<SP ID="P35_SP00131" HPOS="241" VPOS="1781" WIDTH="48"/>
						<String ID="P35_ST00155" HPOS="289" VPOS="1741" WIDTH="272" HEIGHT="41" CONTENT="intéressant" WC="1.00" CC="00050009000"/>
						<SP ID="P35_SP00132" HPOS="561" VPOS="1782" WIDTH="48"/>
						<String ID="P35_ST00156" HPOS="609" VPOS="1743" WIDTH="75" HEIGHT="50" CONTENT="qui" WC="0.97" CC="007"/>
						<SP ID="P35_SP00133" HPOS="684" VPOS="1793" WIDTH="48"/>
						<String ID="P35_ST00157" HPOS="732" VPOS="1742" WIDTH="127" HEIGHT="41" CONTENT="vient" WC="1.00" CC="03000"/>
						<SP ID="P35_SP00134" HPOS="859" VPOS="1793" WIDTH="49"/>
						<String ID="P35_ST00158" HPOS="908" VPOS="1742" WIDTH="145" HEIGHT="42" CONTENT="d'être" WC="0.99" CC="040030"/>
						<SP ID="P35_SP00135" HPOS="1053" VPOS="1793" WIDTH="49"/>
						<String ID="P35_ST00159" HPOS="1102" VPOS="1744" WIDTH="124" HEIGHT="39" CONTENT="tenté" WC="0.99" CC="03004"/>
						<SP ID="P35_SP00136" HPOS="1226" VPOS="1793" WIDTH="50"/>
						<String ID="P35_ST00160" HPOS="1276" VPOS="1741" WIDTH="25" HEIGHT="38" CONTENT="à" WC="1.00" CC="9"/>
					</TextLine>
					<TextLine ID="P35_TL00025" HPOS="127" VPOS="1802" WIDTH="1174" HEIGHT="52">
						<String ID="P35_ST00161" HPOS="127" VPOS="1802" WIDTH="125" HEIGHT="42" CONTENT="Paris" WC="1.00" CC="10010"/>
						<SP ID="P35_SP00137" HPOS="252" VPOS="1844" WIDTH="26"/>
						<String ID="P35_ST00162" HPOS="278" VPOS="1820" WIDTH="9" HEIGHT="23" CONTENT=":" WC="0.98" CC="0"/>
						<SP ID="P35_SP00138" HPOS="287" VPOS="1844" WIDTH="24"/>
						<String ID="P35_ST00163" HPOS="311" VPOS="1819" WIDTH="73" HEIGHT="25" CONTENT="sur" WC="0.99" CC="003"/>
						<SP ID="P35_SP00139" HPOS="384" VPOS="1844" WIDTH="24"/>
						<String ID="P35_ST00164" HPOS="408" VPOS="1803" WIDTH="44" HEIGHT="41" CONTENT="la" WC="0.77" CC="40"/>
						<SP ID="P35_SP00140" HPOS="452" VPOS="1844" WIDTH="21"/>
						<String ID="P35_ST00165" HPOS="473" VPOS="1804" WIDTH="132" HEIGHT="50" CONTENT="place" WC="0.99" CC="00007"/>
						<SP ID="P35_SP00141" HPOS="605" VPOS="1854" WIDTH="26"/>
						<String ID="P35_ST00166" HPOS="631" VPOS="1804" WIDTH="60" HEIGHT="42" CONTENT="du" WC="1.00" CC="00"/>
						<SP ID="P35_SP00142" HPOS="691" VPOS="1854" WIDTH="23"/>
						<String ID="P35_ST00167" HPOS="714" VPOS="1802" WIDTH="443" HEIGHT="52" CONTENT="Théâtre-Français," WC="0.99" CC="00660434359000401"/>
						<SP ID="P35_SP00143" HPOS="1157" VPOS="1854" WIDTH="29"/>
						<String ID="P35_ST00168" HPOS="1186" VPOS="1804" WIDTH="115" HEIGHT="42" CONTENT="dans" WC="1.00" CC="0001"/>
					</TextLine>
					<TextLine ID="P35_TL00026" HPOS="127" VPOS="1863" WIDTH="1174" HEIGHT="52">
						<String ID="P35_ST00169" HPOS="127" VPOS="1863" WIDTH="42" HEIGHT="42" CONTENT="le" WC="0.79" CC="40"/>
						<SP ID="P35_SP00144" HPOS="169" VPOS="1905" WIDTH="35"/>
						<String ID="P35_ST00170" HPOS="204" VPOS="1863" WIDTH="358" HEIGHT="52" CONTENT="prolongement" WC="0.99" CC="003200900090"/>
						<SP ID="P35_SP00145" HPOS="562" VPOS="1915" WIDTH="33"/>
						<String ID="P35_ST00171" HPOS="595" VPOS="1864" WIDTH="57" HEIGHT="44" CONTENT="de" WC="0.94" CC="01"/>
						<SP ID="P35_SP00146" HPOS="652" VPOS="1915" WIDTH="35"/>
						<String ID="P35_ST00172" HPOS="687" VPOS="1865" WIDTH="45" HEIGHT="42" CONTENT="la" WC="0.68" CC="60"/>
						<SP ID="P35_SP00147" HPOS="732" VPOS="1915" WIDTH="33"/>
						<String ID="P35_ST00173" HPOS="765" VPOS="1882" WIDTH="77" HEIGHT="25" CONTENT="rue" WC="0.99" CC="102"/>
						<SP ID="P35_SP00148" HPOS="842" VPOS="1915" WIDTH="37"/>
						<String ID="P35_ST00174" HPOS="879" VPOS="1865" WIDTH="56" HEIGHT="41" CONTENT="de" WC="0.63" CC="07"/>
						<SP ID="P35_SP00149" HPOS="935" VPOS="1915" WIDTH="33"/>
						<String ID="P35_ST00175" HPOS="968" VPOS="1864" WIDTH="175" HEIGHT="48" CONTENT="Rouen," WC="0.99" CC="020004"/>
						<SP ID="P35_SP00150" HPOS="1143" VPOS="1915" WIDTH="39"/>
						<String ID="P35_ST00176" HPOS="1182" VPOS="1883" WIDTH="58" HEIGHT="24" CONTENT="on" WC="1.00" CC="00"/>
						<SP ID="P35_SP00151" HPOS="1240" VPOS="1915" WIDTH="36"/>
						<String ID="P35_ST00177" HPOS="1276" VPOS="1883" WIDTH="25" HEIGHT="23" CONTENT="a" WC="1.00" CC="0"/>
					</TextLine>
					<TextLine ID="P35_TL00027" HPOS="125" VPOS="1924" WIDTH="1175" HEIGHT="54">
						<String ID="P35_ST00178" HPOS="125" VPOS="1924" WIDTH="182" HEIGHT="47" CONTENT="installé" WC="0.99" CC="60000327"/>
						<SP ID="P35_SP00152" HPOS="307" VPOS="1971" WIDTH="20"/>
						<String ID="P35_ST00179" HPOS="327" VPOS="1943" WIDTH="90" HEIGHT="25" CONTENT="une" WC="1.00" CC="000"/>
						<SP ID="P35_SP00153" HPOS="417" VPOS="1971" WIDTH="24"/>
						<String ID="P35_ST00180" HPOS="441" VPOS="1927" WIDTH="225" HEIGHT="51" CONTENT="première" WC="0.99" CC="00406903"/>
						<SP ID="P35_SP00154" HPOS="666" VPOS="1978" WIDTH="21"/>
						<String ID="P35_ST00181" HPOS="687" VPOS="1925" WIDTH="148" HEIGHT="43" CONTENT="borne" WC="0.99" CC="07300"/>
						<SP ID="P35_SP00155" HPOS="835" VPOS="1978" WIDTH="24"/>
						<String ID="P35_ST00182" HPOS="859" VPOS="1926" WIDTH="58" HEIGHT="43" CONTENT="de" WC="1.00" CC="00"/>
						<SP ID="P35_SP00156" HPOS="917" VPOS="1978" WIDTH="23"/>
						<String ID="P35_ST00183" HPOS="940" VPOS="1929" WIDTH="167" HEIGHT="49" CONTENT="virage." WC="0.99" CC="0000053"/>
						<SP ID="P35_SP00157" HPOS="1107" VPOS="1978" WIDTH="28"/>
						<String ID="P35_ST00184" HPOS="1135" VPOS="1926" WIDTH="96" HEIGHT="43" CONTENT="Elle" WC="0.98" CC="6130"/>
						<SP ID="P35_SP00158" HPOS="1231" VPOS="1978" WIDTH="22"/>
						<String ID="P35_ST00185" HPOS="1253" VPOS="1945" WIDTH="47" HEIGHT="24" CONTENT="se" WC="1.00" CC="00"/>
					</TextLine>
					<TextLine ID="P35_TL00028" HPOS="127" VPOS="1988" WIDTH="1173" HEIGHT="51">
						<String ID="P35_ST00186" HPOS="127" VPOS="1991" WIDTH="212" HEIGHT="48" CONTENT="présente" WC="0.99" CC="00407000"/>
						<SP ID="P35_SP00159" HPOS="339" VPOS="2039" WIDTH="45"/>
						<String ID="P35_ST00187" HPOS="384" VPOS="2005" WIDTH="89" HEIGHT="25" CONTENT="aux" WC="0.94" CC="095"/>
						<SP ID="P35_SP00160" HPOS="473" VPOS="2039" WIDTH="42"/>
						<String ID="P35_ST00188" HPOS="515" VPOS="1988" WIDTH="188" HEIGHT="49" CONTENT="regards" WC="0.99" CC="4190400"/>
						<SP ID="P35_SP00161" HPOS="703" VPOS="2039" WIDTH="42"/>
						<String ID="P35_ST00189" HPOS="745" VPOS="2004" WIDTH="105" HEIGHT="26" CONTENT="sous" WC="0.99" CC="0040"/>
						<SP ID="P35_SP00162" HPOS="850" VPOS="2039" WIDTH="41"/>
						<String ID="P35_ST00190" HPOS="891" VPOS="1988" WIDTH="44" HEIGHT="42" CONTENT="la" WC="0.84" CC="30"/>
						<SP ID="P35_SP00163" HPOS="935" VPOS="2039" WIDTH="42"/>
						<String ID="P35_ST00191" HPOS="977" VPOS="1989" WIDTH="147" HEIGHT="42" CONTENT="forme" WC="0.98" CC="65000"/>
						<SP ID="P35_SP00164" HPOS="1124" VPOS="2039" WIDTH="38"/>
						<String ID="P35_ST00192" HPOS="1162" VPOS="1988" WIDTH="138" HEIGHT="42" CONTENT="d'une" WC="0.99" CC="04000"/>
					</TextLine>
					<TextLine ID="P35_TL00029" HPOS="124" VPOS="2047" WIDTH="1174" HEIGHT="53">
						<String ID="P35_ST00193" HPOS="124" VPOS="2048" WIDTH="199" HEIGHT="52" CONTENT="coupole" WC="0.99" CC="0060040"/>
						<SP ID="P35_SP00165" HPOS="323" VPOS="2100" WIDTH="23"/>
						<String ID="P35_ST00194" HPOS="346" VPOS="2049" WIDTH="59" HEIGHT="42" CONTENT="de" WC="1.00" CC="00"/>
						<SP ID="P35_SP00166" HPOS="405" VPOS="2100" WIDTH="25"/>
						<String ID="P35_ST00195" HPOS="430" VPOS="2049" WIDTH="130" HEIGHT="42" CONTENT="fonte" WC="0.99" CC="40006"/>
						<SP ID="P35_SP00167" HPOS="560" VPOS="2100" WIDTH="25"/>
						<String ID="P35_ST00196" HPOS="585" VPOS="2048" WIDTH="58" HEIGHT="43" CONTENT="de" WC="0.78" CC="04"/>
						<SP ID="P35_SP00168" HPOS="643" VPOS="2100" WIDTH="25"/>
						<String ID="P35_ST00197" HPOS="668" VPOS="2047" WIDTH="60" HEIGHT="44" CONTENT="60" WC="0.75" CC="04"/>
						<SP ID="P35_SP00169" HPOS="728" VPOS="2100" WIDTH="27"/>
						<String ID="P35_ST00198" HPOS="755" VPOS="2067" WIDTH="86" HEIGHT="25" CONTENT="cm." WC="0.98" CC="103"/>
						<SP ID="P35_SP00170" HPOS="841" VPOS="2100" WIDTH="29"/>
						<String ID="P35_ST00199" HPOS="870" VPOS="2050" WIDTH="58" HEIGHT="41" CONTENT="de" WC="0.71" CC="05"/>
						<SP ID="P35_SP00171" HPOS="928" VPOS="2100" WIDTH="25"/>
						<String ID="P35_ST00200" HPOS="953" VPOS="2050" WIDTH="319" HEIGHT="47" CONTENT="diamètre,cou" SUBS_TYPE="HypPart1" SUBS_CONTENT="diamètre,couronnée," WC="1.00" CC="010070053200"/>
						<HYP HPOS="1272" VPOS="2050" WIDTH="26" CONTENT="-"/>
					</TextLine>
					<TextLine ID="P35_TL00030" HPOS="125" VPOS="2110" WIDTH="1174" HEIGHT="49">
						<String ID="P35_ST00201" HPOS="125" VPOS="2113" WIDTH="185" HEIGHT="46" CONTENT="ronnée," SUBS_TYPE="HypPart2" SUBS_CONTENT="diamètre,couronnée," WC="0.99" CC="7000600"/>
						<SP ID="P35_SP00172" HPOS="310" VPOS="2159" WIDTH="37"/>
						<String ID="P35_ST00202" HPOS="347" VPOS="2119" WIDTH="101" HEIGHT="34" CONTENT="tout" WC="0.99" CC="0050"/>
						<SP ID="P35_SP00173" HPOS="448" VPOS="2159" WIDTH="35"/>
						<String ID="P35_ST00203" HPOS="483" VPOS="2120" WIDTH="175" HEIGHT="39" CONTENT="autour," WC="0.99" CC="0606500"/>
						<SP ID="P35_SP00174" HPOS="658" VPOS="2159" WIDTH="36"/>
						<String ID="P35_ST00204" HPOS="694" VPOS="2110" WIDTH="139" HEIGHT="43" CONTENT="d'une" WC="0.98" CC="04550"/>
						<SP ID="P35_SP00175" HPOS="833" VPOS="2159" WIDTH="30"/>
						<String ID="P35_ST00205" HPOS="863" VPOS="2115" WIDTH="114" HEIGHT="39" CONTENT="série" WC="0.98" CC="06260"/>
						<SP ID="P35_SP00176" HPOS="977" VPOS="2159" WIDTH="32"/>
						<String ID="P35_ST00206" HPOS="1009" VPOS="2112" WIDTH="57" HEIGHT="42" CONTENT="de" WC="1.00" CC="00"/>
						<SP ID="P35_SP00177" HPOS="1066" VPOS="2159" WIDTH="33"/>
						<String ID="P35_ST00207" HPOS="1099" VPOS="2110" WIDTH="79" HEIGHT="44" CONTENT="dix" WC="0.98" CC="050"/>
						<SP ID="P35_SP00178" HPOS="1178" VPOS="2159" WIDTH="29"/>
						<String ID="P35_ST00208" HPOS="1207" VPOS="2111" WIDTH="69" HEIGHT="46" CONTENT="len" SUBS_TYPE="HypPart1" SUBS_CONTENT="lentilles" WC="0.95" CC="297"/>
						<HYP HPOS="1276" VPOS="2111" WIDTH="23" CONTENT="-"/>
					</TextLine>
					<TextLine ID="P35_TL00031" HPOS="124" VPOS="2172" WIDTH="1178" HEIGHT="53">
						<String ID="P35_ST00209" HPOS="124" VPOS="2173" WIDTH="118" HEIGHT="42" CONTENT="tilles" SUBS_TYPE="HypPart2" SUBS_CONTENT="lentilles" WC="0.99" CC="010040"/>
						<SP ID="P35_SP00179" HPOS="242" VPOS="2215" WIDTH="24"/>
						<String ID="P35_ST00210" HPOS="266" VPOS="2189" WIDTH="165" HEIGHT="35" CONTENT="rouges" WC="0.98" CC="876000"/>
						<SP ID="P35_SP00180" HPOS="431" VPOS="2224" WIDTH="26"/>
						<String ID="P35_ST00211" HPOS="457" VPOS="2190" WIDTH="55" HEIGHT="25" CONTENT="en" WC="0.67" CC="60"/>
						<SP ID="P35_SP00181" HPOS="512" VPOS="2224" WIDTH="22"/>
						<String ID="P35_ST00212" HPOS="534" VPOS="2190" WIDTH="132" HEIGHT="25" CONTENT="verre" WC="0.99" CC="00107"/>
						<SP ID="P35_SP00182" HPOS="666" VPOS="2224" WIDTH="27"/>
						<String ID="P35_ST00213" HPOS="693" VPOS="2175" WIDTH="136" HEIGHT="49" CONTENT="épais," WC="0.99" CC="700402"/>
						<SP ID="P35_SP00183" HPOS="829" VPOS="2224" WIDTH="32"/>
						<String ID="P35_ST00214" HPOS="861" VPOS="2173" WIDTH="202" HEIGHT="48" CONTENT="éclairée," WC="0.99" CC="505021400"/>
						<SP ID="P35_SP00184" HPOS="1063" VPOS="2224" WIDTH="30"/>
						<String ID="P35_ST00215" HPOS="1093" VPOS="2172" WIDTH="209" HEIGHT="53" CONTENT="pendant" WC="0.99" CC="0000090"/>
					</TextLine>
					<TextLine ID="P35_TL00032" HPOS="123" VPOS="2234" WIDTH="578" HEIGHT="48">
						<String ID="P35_ST00216" HPOS="123" VPOS="2234" WIDTH="46" HEIGHT="44" CONTENT="la" WC="0.57" CC="34"/>
						<SP ID="P35_SP00185" HPOS="169" VPOS="2278" WIDTH="29"/>
						<String ID="P35_ST00217" HPOS="198" VPOS="2237" WIDTH="108" HEIGHT="45" CONTENT="nuit," WC="0.97" CC="65700"/>
						<SP ID="P35_SP00186" HPOS="306" VPOS="2282" WIDTH="36"/>
						<String ID="P35_ST00218" HPOS="342" VPOS="2234" WIDTH="111" HEIGHT="43" CONTENT="d'un" WC="0.98" CC="0440"/>
						<SP ID="P35_SP00187" HPOS="453" VPOS="2282" WIDTH="34"/>
						<String ID="P35_ST00219" HPOS="487" VPOS="2234" WIDTH="77" HEIGHT="43" CONTENT="feu" WC="0.97" CC="611"/>
						<SP ID="P35_SP00188" HPOS="564" VPOS="2282" WIDTH="31"/>
						<String ID="P35_ST00220" HPOS="595" VPOS="2234" WIDTH="106" HEIGHT="46" CONTENT="fixe." WC="0.97" CC="45263"/>
					</TextLine>
					<TextLine ID="P35_TL00033" HPOS="185" VPOS="2295" WIDTH="1116" HEIGHT="53">
						<String ID="P35_ST00221" HPOS="185" VPOS="2297" WIDTH="89" HEIGHT="41" CONTENT="Ces" WC="0.99" CC="200"/>
						<SP ID="P35_SP00189" HPOS="274" VPOS="2338" WIDTH="48"/>
						<String ID="P35_ST00222" HPOS="322" VPOS="2296" WIDTH="182" HEIGHT="49" CONTENT="bornes," WC="1.00" CC="0200002"/>
						<SP ID="P35_SP00190" HPOS="504" VPOS="2345" WIDTH="52"/>
						<String ID="P35_ST00223" HPOS="556" VPOS="2296" WIDTH="109" HEIGHT="52" CONTENT="déjà" WC="0.98" CC="0406"/>
						<SP ID="P35_SP00191" HPOS="665" VPOS="2348" WIDTH="46"/>
						<String ID="P35_ST00224" HPOS="711" VPOS="2297" WIDTH="267" HEIGHT="51" CONTENT="employées" WC="1.00" CC="000300602"/>
						<SP ID="P35_SP00192" HPOS="978" VPOS="2348" WIDTH="46"/>
						<String ID="P35_ST00225" HPOS="1024" VPOS="2314" WIDTH="89" HEIGHT="25" CONTENT="aux" WC="0.96" CC="090"/>
						<SP ID="P35_SP00193" HPOS="1113" VPOS="2348" WIDTH="42"/>
						<String ID="P35_ST00226" HPOS="1155" VPOS="2295" WIDTH="146" HEIGHT="43" CONTENT="Etats-" WC="0.99" CC="600004"/>
					</TextLine>
					<TextLine ID="P35_TL00034" HPOS="122" VPOS="2358" WIDTH="1179" HEIGHT="52">
						<String ID="P35_ST00227" HPOS="122" VPOS="2358" WIDTH="113" HEIGHT="43" CONTENT="Unis" WC="0.98" CC="5020"/>
						<SP ID="P35_SP00194" HPOS="235" VPOS="2401" WIDTH="33"/>
						<String ID="P35_ST00228" HPOS="268" VPOS="2367" WIDTH="80" HEIGHT="33" CONTENT="ont" WC="0.99" CC="200"/>
						<SP ID="P35_SP00195" HPOS="348" VPOS="2401" WIDTH="26"/>
						<String ID="P35_ST00229" HPOS="374" VPOS="2375" WIDTH="118" HEIGHT="35" CONTENT="pour" WC="0.99" CC="0004"/>
						<SP ID="P35_SP00196" HPOS="492" VPOS="2410" WIDTH="24"/>
						<String ID="P35_ST00230" HPOS="516" VPOS="2358" WIDTH="84" HEIGHT="43" CONTENT="but" WC="0.98" CC="040"/>
						<SP ID="P35_SP00197" HPOS="600" VPOS="2410" WIDTH="28"/>
						<String ID="P35_ST00231" HPOS="628" VPOS="2358" WIDTH="259" HEIGHT="51" CONTENT="d'indiquer" WC="0.99" CC="0420090005"/>
						<SP ID="P35_SP00198" HPOS="887" VPOS="2410" WIDTH="28"/>
						<String ID="P35_ST00232" HPOS="915" VPOS="2377" WIDTH="88" HEIGHT="24" CONTENT="aux" WC="1.00" CC="000"/>
						<SP ID="P35_SP00199" HPOS="1003" VPOS="2410" WIDTH="27"/>
						<String ID="P35_ST00233" HPOS="1030" VPOS="2361" WIDTH="201" HEIGHT="40" CONTENT="voitures" WC="1.00" CC="00000000"/>
						<SP ID="P35_SP00200" HPOS="1231" VPOS="2410" WIDTH="29"/>
						<String ID="P35_ST00234" HPOS="1260" VPOS="2358" WIDTH="41" HEIGHT="41" CONTENT="le" WC="1.00" CC="00"/>
					</TextLine>
					<TextLine ID="P35_TL00035" HPOS="122" VPOS="2420" WIDTH="1175" HEIGHT="52">
						<String ID="P35_ST00235" HPOS="122" VPOS="2423" WIDTH="131" HEIGHT="49" CONTENT="point" WC="1.00" CC="00000"/>
						<SP ID="P35_SP00201" HPOS="253" VPOS="2472" WIDTH="50"/>
						<String ID="P35_ST00236" HPOS="303" VPOS="2423" WIDTH="58" HEIGHT="39" CONTENT="où" WC="0.69" CC="05"/>
						<SP ID="P35_SP00202" HPOS="361" VPOS="2472" WIDTH="46"/>
						<String ID="P35_ST00237" HPOS="407" VPOS="2420" WIDTH="108" HEIGHT="43" CONTENT="elles" WC="0.98" CC="22504"/>
						<SP ID="P35_SP00203" HPOS="515" VPOS="2472" WIDTH="50"/>
						<String ID="P35_ST00238" HPOS="565" VPOS="2420" WIDTH="192" HEIGHT="45" CONTENT="doivent" WC="0.99" CC="0400900"/>
						<SP ID="P35_SP00204" HPOS="757" VPOS="2472" WIDTH="43"/>
						<String ID="P35_ST00239" HPOS="800" VPOS="2420" WIDTH="199" HEIGHT="52" CONTENT="prendre" WC="0.99" CC="0290000"/>
						<SP ID="P35_SP00205" HPOS="999" VPOS="2472" WIDTH="45"/>
						<String ID="P35_ST00240" HPOS="1044" VPOS="2420" WIDTH="42" HEIGHT="42" CONTENT="le" WC="1.00" CC="00"/>
						<SP ID="P35_SP00206" HPOS="1086" VPOS="2472" WIDTH="42"/>
						<String ID="P35_ST00241" HPOS="1128" VPOS="2423" WIDTH="169" HEIGHT="49" CONTENT="virage." WC="1.00" CC="0100001"/>
					</TextLine>
					<TextLine ID="P35_TL00036" HPOS="122" VPOS="2482" WIDTH="1179" HEIGHT="53">
						<String ID="P35_ST00242" HPOS="122" VPOS="2483" WIDTH="197" HEIGHT="41" CONTENT="Comme" WC="1.00" CC="00000"/>
						<SP ID="P35_SP00207" HPOS="319" VPOS="2524" WIDTH="29"/>
						<String ID="P35_ST00243" HPOS="348" VPOS="2501" WIDTH="60" HEIGHT="23" CONTENT="on" WC="1.00" CC="00"/>
						<SP ID="P35_SP00208" HPOS="408" VPOS="2524" WIDTH="27"/>
						<String ID="P35_ST00244" HPOS="435" VPOS="2486" WIDTH="64" HEIGHT="42" CONTENT="les" WC="0.98" CC="410"/>
						<SP ID="P35_SP00209" HPOS="499" VPOS="2528" WIDTH="28"/>
						<String ID="P35_ST00245" HPOS="527" VPOS="2483" WIDTH="131" HEIGHT="52" CONTENT="place" WC="0.99" CC="04040"/>
						<SP ID="P35_SP00210" HPOS="658" VPOS="2535" WIDTH="27"/>
						<String ID="P35_ST00246" HPOS="685" VPOS="2500" WIDTH="89" HEIGHT="25" CONTENT="aux" WC="1.00" CC="000"/>
						<SP ID="P35_SP00211" HPOS="774" VPOS="2535" WIDTH="28"/>
						<String ID="P35_ST00247" HPOS="802" VPOS="2482" WIDTH="205" HEIGHT="44" CONTENT="endroits" WC="1.00" CC="20000300"/>
						<SP ID="P35_SP00212" HPOS="1007" VPOS="2535" WIDTH="30"/>
						<String ID="P35_ST00248" HPOS="1037" VPOS="2482" WIDTH="264" HEIGHT="51" CONTENT="dépourvus" WC="0.99" CC="050025050"/>
					</TextLine>
					<TextLine ID="P35_TL00037" HPOS="124" VPOS="2544" WIDTH="1177" HEIGHT="53">
						<String ID="P35_ST00249" HPOS="124" VPOS="2544" WIDTH="58" HEIGHT="42" CONTENT="de" WC="1.00" CC="00"/>
						<SP ID="P35_SP00213" HPOS="182" VPOS="2586" WIDTH="34"/>
						<String ID="P35_ST00250" HPOS="216" VPOS="2545" WIDTH="168" HEIGHT="50" CONTENT="refuge," WC="0.99" CC="4055004"/>
						<SP ID="P35_SP00214" HPOS="384" VPOS="2595" WIDTH="42"/>
						<String ID="P35_ST00251" HPOS="426" VPOS="2545" WIDTH="94" HEIGHT="41" CONTENT="leur" WC="0.98" CC="0070"/>
						<SP ID="P35_SP00215" HPOS="520" VPOS="2595" WIDTH="32"/>
						<String ID="P35_ST00252" HPOS="552" VPOS="2545" WIDTH="142" HEIGHT="42" CONTENT="utilité" WC="0.98" CC="9033006"/>
						<SP ID="P35_SP00216" HPOS="694" VPOS="2595" WIDTH="34"/>
						<String ID="P35_ST00253" HPOS="728" VPOS="2554" WIDTH="67" HEIGHT="31" CONTENT="est" WC="1.00" CC="000"/>
						<SP ID="P35_SP00217" HPOS="795" VPOS="2595" WIDTH="33"/>
						<String ID="P35_ST00254" HPOS="828" VPOS="2548" WIDTH="116" HEIGHT="39" CONTENT="aussi" WC="1.00" CC="00004"/>
						<SP ID="P35_SP00218" HPOS="944" VPOS="2595" WIDTH="32"/>
						<String ID="P35_ST00255" HPOS="976" VPOS="2544" WIDTH="175" HEIGHT="53" CONTENT="grande" WC="1.00" CC="000000"/>
						<SP ID="P35_SP00219" HPOS="1151" VPOS="2597" WIDTH="32"/>
						<String ID="P35_ST00256" HPOS="1183" VPOS="2561" WIDTH="118" HEIGHT="34" CONTENT="pour" WC="0.99" CC="0050"/>
					</TextLine>
					<TextLine ID="P35_TL00038" HPOS="122" VPOS="2606" WIDTH="967" HEIGHT="52">
						<String ID="P35_ST00257" HPOS="122" VPOS="2607" WIDTH="66" HEIGHT="41" CONTENT="les" WC="0.97" CC="404"/>
						<SP ID="P35_SP00220" HPOS="188" VPOS="2648" WIDTH="36"/>
						<String ID="P35_ST00258" HPOS="224" VPOS="2606" WIDTH="262" HEIGHT="43" CONTENT="chauffeurs" WC="0.99" CC="0009663900"/>
						<SP ID="P35_SP00221" HPOS="486" VPOS="2649" WIDTH="32"/>
						<String ID="P35_ST00259" HPOS="518" VPOS="2624" WIDTH="88" HEIGHT="33" CONTENT="que" WC="1.00" CC="000"/>
						<SP ID="P35_SP00222" HPOS="606" VPOS="2657" WIDTH="36"/>
						<String ID="P35_ST00260" HPOS="642" VPOS="2623" WIDTH="116" HEIGHT="35" CONTENT="pour" WC="1.00" CC="0000"/>
						<SP ID="P35_SP00223" HPOS="758" VPOS="2658" WIDTH="37"/>
						<String ID="P35_ST00261" HPOS="795" VPOS="2606" WIDTH="64" HEIGHT="43" CONTENT="les" WC="0.98" CC="400"/>
						<SP ID="P35_SP00224" HPOS="859" VPOS="2658" WIDTH="35"/>
						<String ID="P35_ST00262" HPOS="894" VPOS="2608" WIDTH="195" HEIGHT="50" CONTENT="piétons." WC="0.99" CC="06600004"/>
					</TextLine>
					<TextLine ID="P35_TL00039" HPOS="186" VPOS="2668" WIDTH="1115" HEIGHT="52">
						<String ID="P35_ST00263" HPOS="186" VPOS="2668" WIDTH="254" HEIGHT="51" CONTENT="Signalons," WC="0.99" CC="0090052000"/>
						<SP ID="P35_SP00225" HPOS="440" VPOS="2719" WIDTH="45"/>
						<String ID="P35_ST00264" HPOS="485" VPOS="2668" WIDTH="178" HEIGHT="42" CONTENT="d'autre" WC="0.99" CC="0405030"/>
						<SP ID="P35_SP00226" HPOS="663" VPOS="2719" WIDTH="35"/>
						<String ID="P35_ST00265" HPOS="698" VPOS="2678" WIDTH="113" HEIGHT="42" CONTENT="part," WC="1.00" CC="00002"/>
						<SP ID="P35_SP00227" HPOS="811" VPOS="2720" WIDTH="43"/>
						<String ID="P35_ST00266" HPOS="854" VPOS="2686" WIDTH="87" HEIGHT="33" CONTENT="que" WC="1.00" CC="000"/>
						<SP ID="P35_SP00228" HPOS="941" VPOS="2720" WIDTH="34"/>
						<String ID="P35_ST00267" HPOS="975" VPOS="2668" WIDTH="44" HEIGHT="43" CONTENT="la" WC="0.74" CC="50"/>
						<SP ID="P35_SP00229" HPOS="1019" VPOS="2720" WIDTH="34"/>
						<String ID="P35_ST00268" HPOS="1053" VPOS="2685" WIDTH="248" HEIGHT="25" CONTENT="commune" WC="0.99" CC="3000500"/>
					</TextLine>
					<TextLine ID="P35_TL00040" HPOS="123" VPOS="2729" WIDTH="1178" HEIGHT="53">
						<String ID="P35_ST00269" HPOS="123" VPOS="2731" WIDTH="58" HEIGHT="42" CONTENT="de" WC="1.00" CC="00"/>
						<SP ID="P35_SP00230" HPOS="181" VPOS="2773" WIDTH="32"/>
						<String ID="P35_ST00270" HPOS="213" VPOS="2729" WIDTH="573" HEIGHT="53" CONTENT="Saint-Josse-ten-Noode" WC="0.80" CC="006004014000096402000"/>
						<SP ID="P35_SP00231" HPOS="786" VPOS="2782" WIDTH="32"/>
						<String ID="P35_ST00271" HPOS="818" VPOS="2733" WIDTH="126" HEIGHT="41" CONTENT="vient" WC="1.00" CC="01000"/>
						<SP ID="P35_SP00232" HPOS="944" VPOS="2782" WIDTH="32"/>
						<String ID="P35_ST00272" HPOS="976" VPOS="2729" WIDTH="57" HEIGHT="43" CONTENT="de" WC="1.00" CC="00"/>
						<SP ID="P35_SP00233" HPOS="1033" VPOS="2782" WIDTH="36"/>
						<String ID="P35_ST00273" HPOS="1069" VPOS="2730" WIDTH="133" HEIGHT="43" CONTENT="doter" WC="1.00" CC="00001"/>
						<SP ID="P35_SP00234" HPOS="1202" VPOS="2782" WIDTH="33"/>
						<String ID="P35_ST00274" HPOS="1235" VPOS="2730" WIDTH="44" HEIGHT="42" CONTENT="di" SUBS_TYPE="HypPart1" SUBS_CONTENT="divers" WC="0.98" CC="00"/>
						<HYP HPOS="1279" VPOS="2730" WIDTH="22" CONTENT="-"/>
					</TextLine>
					<TextLine ID="P35_TL00041" HPOS="122" VPOS="2792" WIDTH="1178" HEIGHT="52">
						<String ID="P35_ST00275" HPOS="122" VPOS="2809" WIDTH="104" HEIGHT="25" CONTENT="vers" SUBS_TYPE="HypPart2" SUBS_CONTENT="divers" WC="0.98" CC="0092"/>
						<SP ID="P35_SP00235" HPOS="226" VPOS="2834" WIDTH="30"/>
						<String ID="P35_ST00276" HPOS="256" VPOS="2793" WIDTH="361" HEIGHT="51" CONTENT="emplacements" WC="1.00" CC="000308600003"/>
						<SP ID="P35_SP00236" HPOS="617" VPOS="2844" WIDTH="34"/>
						<String ID="P35_ST00277" HPOS="651" VPOS="2793" WIDTH="59" HEIGHT="42" CONTENT="de" WC="1.00" CC="00"/>
						<SP ID="P35_SP00237" HPOS="710" VPOS="2844" WIDTH="32"/>
						<String ID="P35_ST00278" HPOS="742" VPOS="2792" WIDTH="184" HEIGHT="51" CONTENT="disques" WC="0.99" CC="0400005"/>
						<SP ID="P35_SP00238" HPOS="926" VPOS="2844" WIDTH="28"/>
						<String ID="P35_ST00279" HPOS="954" VPOS="2792" WIDTH="245" HEIGHT="47" CONTENT="lumineux," WC="1.00" CC="040000003"/>
						<SP ID="P35_SP00239" HPOS="1199" VPOS="2844" WIDTH="38"/>
						<String ID="P35_ST00280" HPOS="1237" VPOS="2794" WIDTH="42" HEIGHT="40" CONTENT="vi" SUBS_TYPE="HypPart1" SUBS_CONTENT="visibles" WC="0.97" CC="04"/>
						<HYP HPOS="1279" VPOS="2794" WIDTH="21" CONTENT="-"/>
					</TextLine>
					<TextLine ID="P35_TL00042" HPOS="121" VPOS="2853" WIDTH="1180" HEIGHT="53">
						<String ID="P35_ST00281" HPOS="121" VPOS="2855" WIDTH="138" HEIGHT="42" CONTENT="sibles" SUBS_TYPE="HypPart2" SUBS_CONTENT="visibles" WC="0.99" CC="030430"/>
						<SP ID="P35_SP00240" HPOS="259" VPOS="2897" WIDTH="45"/>
						<String ID="P35_ST00282" HPOS="304" VPOS="2858" WIDTH="27" HEIGHT="38" CONTENT="à" WC="1.00" CC="0"/>
						<SP ID="P35_SP00241" HPOS="331" VPOS="2897" WIDTH="41"/>
						<String ID="P35_ST00283" HPOS="372" VPOS="2855" WIDTH="43" HEIGHT="43" CONTENT="la" WC="0.85" CC="20"/>
						<SP ID="P35_SP00242" HPOS="415" VPOS="2898" WIDTH="44"/>
						<String ID="P35_ST00284" HPOS="459" VPOS="2855" WIDTH="188" HEIGHT="41" CONTENT="lumière" WC="0.98" CC="4506650"/>
						<SP ID="P35_SP00243" HPOS="647" VPOS="2898" WIDTH="43"/>
						<String ID="P35_ST00285" HPOS="690" VPOS="2853" WIDTH="61" HEIGHT="43" CONTENT="du" WC="1.00" CC="00"/>
						<SP ID="P35_SP00244" HPOS="751" VPOS="2898" WIDTH="37"/>
						<String ID="P35_ST00286" HPOS="788" VPOS="2857" WIDTH="115" HEIGHT="49" CONTENT="jour," WC="0.97" CC="41930"/>
						<SP ID="P35_SP00245" HPOS="903" VPOS="2906" WIDTH="46"/>
						<String ID="P35_ST00287" HPOS="949" VPOS="2853" WIDTH="264" HEIGHT="46" CONTENT="s*allumant" WC="0.99" CC="1704400090"/>
						<SP ID="P35_SP00246" HPOS="1213" VPOS="2906" WIDTH="43"/>
						<String ID="P35_ST00288" HPOS="1256" VPOS="2863" WIDTH="45" HEIGHT="33" CONTENT="et" WC="1.00" CC="00"/>
					</TextLine>
					<TextLine ID="P35_TL00043" HPOS="120" VPOS="2916" WIDTH="1180" HEIGHT="52">
						<String ID="P35_ST00289" HPOS="120" VPOS="2917" WIDTH="274" HEIGHT="51" CONTENT="s'éteignant" WC="0.99" CC="63500470036"/>
						<SP ID="P35_SP00247" HPOS="394" VPOS="2968" WIDTH="57"/>
						<String ID="P35_ST00290" HPOS="451" VPOS="2918" WIDTH="445" HEIGHT="48" CONTENT="automatiquement" WC="1.00" CC="000300050430090"/>
						<SP ID="P35_SP00248" HPOS="896" VPOS="2968" WIDTH="54"/>
						<String ID="P35_ST00291" HPOS="950" VPOS="2916" WIDTH="57" HEIGHT="42" CONTENT="de" WC="1.00" CC="00"/>
						<SP ID="P35_SP00249" HPOS="1007" VPOS="2968" WIDTH="59"/>
						<String ID="P35_ST00292" HPOS="1066" VPOS="2917" WIDTH="122" HEIGHT="42" CONTENT="deux" WC="1.00" CC="0000"/>
						<SP ID="P35_SP00250" HPOS="1188" VPOS="2968" WIDTH="55"/>
						<String ID="P35_ST00293" HPOS="1243" VPOS="2933" WIDTH="57" HEIGHT="24" CONTENT="en" WC="1.00" CC="00"/>
					</TextLine>
					<TextLine ID="P35_TL00044" HPOS="123" VPOS="2976" WIDTH="1177" HEIGHT="46">
						<String ID="P35_ST00294" HPOS="123" VPOS="2978" WIDTH="122" HEIGHT="43" CONTENT="deux" WC="1.00" CC="0000"/>
						<SP ID="P35_SP00251" HPOS="245" VPOS="3021" WIDTH="32"/>
						<String ID="P35_ST00295" HPOS="277" VPOS="2978" WIDTH="224" HEIGHT="43" CONTENT="secondes" WC="0.99" CC="00620006"/>
						<SP ID="P35_SP00252" HPOS="501" VPOS="3021" WIDTH="37"/>
						<String ID="P35_ST00296" HPOS="538" VPOS="2989" WIDTH="45" HEIGHT="31" CONTENT="et" WC="1.00" CC="00"/>
						<SP ID="P35_SP00253" HPOS="583" VPOS="3021" WIDTH="33"/>
						<String ID="P35_ST00297" HPOS="616" VPOS="2979" WIDTH="279" HEIGHT="43" CONTENT="fournissant" WC="0.99" CC="50980500000"/>
						<SP ID="P35_SP00254" HPOS="895" VPOS="3022" WIDTH="32"/>
						<String ID="P35_ST00298" HPOS="927" VPOS="2996" WIDTH="89" HEIGHT="25" CONTENT="une" WC="0.97" CC="700"/>
						<SP ID="P35_SP00255" HPOS="1016" VPOS="3022" WIDTH="33"/>
						<String ID="P35_ST00299" HPOS="1049" VPOS="2976" WIDTH="251" HEIGHT="45" CONTENT="indication" WC="0.99" CC="6004300549"/>
					</TextLine>
					<TextLine ID="P35_TL00045" HPOS="120" VPOS="3039" WIDTH="1178" HEIGHT="53">
						<String ID="P35_ST00300" HPOS="120" VPOS="3044" WIDTH="90" HEIGHT="39" CONTENT="très" WC="0.98" CC="0071"/>
						<SP ID="P35_SP00256" HPOS="210" VPOS="3083" WIDTH="27"/>
						<String ID="P35_ST00301" HPOS="237" VPOS="3044" WIDTH="173" HEIGHT="48" CONTENT="précise" WC="0.99" CC="0070500"/>
						<SP ID="P35_SP00257" HPOS="410" VPOS="3092" WIDTH="26"/>
						<String ID="P35_ST00302" HPOS="436" VPOS="3059" WIDTH="89" HEIGHT="24" CONTENT="aux" WC="1.00" CC="000"/>
						<SP ID="P35_SP00258" HPOS="525" VPOS="3092" WIDTH="25"/>
						<String ID="P35_ST00303" HPOS="550" VPOS="3039" WIDTH="302" HEIGHT="44" CONTENT="conducteurs" WC="1.00" CC="03004300120"/>
						<SP ID="P35_SP00259" HPOS="852" VPOS="3092" WIDTH="31"/>
						<String ID="P35_ST00304" HPOS="883" VPOS="3040" WIDTH="58" HEIGHT="43" CONTENT="de" WC="1.00" CC="00"/>
						<SP ID="P35_SP00260" HPOS="941" VPOS="3092" WIDTH="25"/>
						<String ID="P35_ST00305" HPOS="966" VPOS="3040" WIDTH="231" HEIGHT="43" CONTENT="véhicules" WC="0.99" CC="060200405"/>
						<SP ID="P35_SP00261" HPOS="1197" VPOS="3092" WIDTH="24"/>
						<String ID="P35_ST00306" HPOS="1221" VPOS="3058" WIDTH="52" HEIGHT="25" CONTENT="au" SUBS_TYPE="HypPart1" SUBS_CONTENT="autant" WC="0.97" CC="02"/>
						<HYP HPOS="1273" VPOS="3058" WIDTH="25" CONTENT="-"/>
					</TextLine>
					<TextLine ID="P35_TL00046" HPOS="119" VPOS="3103" WIDTH="510" HEIGHT="51">
						<String ID="P35_ST00307" HPOS="119" VPOS="3113" WIDTH="100" HEIGHT="32" CONTENT="tant" SUBS_TYPE="HypPart2" SUBS_CONTENT="autant" WC="0.98" CC="0900"/>
						<SP ID="P35_SP00262" HPOS="219" VPOS="3145" WIDTH="26"/>
						<String ID="P35_ST00308" HPOS="245" VPOS="3103" WIDTH="168" HEIGHT="51" CONTENT="qu'aux" WC="0.99" CC="024000"/>
						<SP ID="P35_SP00263" HPOS="413" VPOS="3154" WIDTH="22"/>
						<String ID="P35_ST00309" HPOS="435" VPOS="3104" WIDTH="194" HEIGHT="50" CONTENT="piétons." WC="0.99" CC="05600004"/>
					</TextLine>
					<TextLine ID="P35_TL00047" HPOS="187" VPOS="3165" WIDTH="1112" HEIGHT="51">
						<String ID="P35_ST00310" HPOS="187" VPOS="3165" WIDTH="280" HEIGHT="51" CONTENT="Saint-Josse" WC="1.00" CC="00100410030"/>
						<SP ID="P35_SP00264" HPOS="467" VPOS="3216" WIDTH="31"/>
						<String ID="P35_ST00311" HPOS="498" VPOS="3183" WIDTH="25" HEIGHT="24" CONTENT="a" WC="1.00" CC="0"/>
						<SP ID="P35_SP00265" HPOS="523" VPOS="3216" WIDTH="31"/>
						<String ID="P35_ST00312" HPOS="554" VPOS="3166" WIDTH="81" HEIGHT="41" CONTENT="fait" WC="0.95" CC="8058"/>
						<SP ID="P35_SP00266" HPOS="635" VPOS="3216" WIDTH="30"/>
						<String ID="P35_ST00313" HPOS="665" VPOS="3166" WIDTH="155" HEIGHT="50" CONTENT="placer" WC="1.00" CC="030000"/>
						<SP ID="P35_SP00267" HPOS="820" VPOS="3216" WIDTH="34"/>
						<String ID="P35_ST00314" HPOS="854" VPOS="3166" WIDTH="127" HEIGHT="46" CONTENT="aussi," WC="0.99" CC="050023"/>
						<SP ID="P35_SP00268" HPOS="981" VPOS="3216" WIDTH="36"/>
						<String ID="P35_ST00315" HPOS="1017" VPOS="3182" WIDTH="56" HEIGHT="24" CONTENT="en" WC="0.91" CC="10"/>
						<SP ID="P35_SP00269" HPOS="1073" VPOS="3216" WIDTH="33"/>
						<String ID="P35_ST00316" HPOS="1106" VPOS="3167" WIDTH="193" HEIGHT="40" CONTENT="certains" WC="1.00" CC="00000500"/>
					</TextLine>
					<TextLine ID="P35_TL00048" HPOS="120" VPOS="3225" WIDTH="1179" HEIGHT="54">
						<String ID="P35_ST00317" HPOS="120" VPOS="3227" WIDTH="217" HEIGHT="49" CONTENT="endroits," WC="0.99" CC="500393002"/>
						<SP ID="P35_SP00270" HPOS="337" VPOS="3276" WIDTH="40"/>
						<String ID="P35_ST00318" HPOS="377" VPOS="3227" WIDTH="81" HEIGHT="42" CONTENT="des" WC="1.00" CC="000"/>
						<SP ID="P35_SP00271" HPOS="458" VPOS="3276" WIDTH="33"/>
						<String ID="P35_ST00319" HPOS="491" VPOS="3227" WIDTH="191" HEIGHT="52" CONTENT="plaques" WC="0.99" CC="0400026"/>
						<SP ID="P35_SP00272" HPOS="682" VPOS="3279" WIDTH="33"/>
						<String ID="P35_ST00320" HPOS="715" VPOS="3225" WIDTH="285" HEIGHT="45" CONTENT="indicatrices" WC="1.00" CC="100370032100"/>
						<SP ID="P35_SP00273" HPOS="1000" VPOS="3279" WIDTH="34"/>
						<String ID="P35_ST00321" HPOS="1034" VPOS="3245" WIDTH="55" HEIGHT="24" CONTENT="en" WC="1.00" CC="00"/>
						<SP ID="P35_SP00274" HPOS="1089" VPOS="3279" WIDTH="36"/>
						<String ID="P35_ST00322" HPOS="1125" VPOS="3236" WIDTH="174" HEIGHT="33" CONTENT="travers" WC="0.98" CC="0475280"/>
					</TextLine>
					<TextLine ID="P35_TL00049" HPOS="118" VPOS="3288" WIDTH="1174" HEIGHT="43">
						<String ID="P35_ST00323" HPOS="118" VPOS="3288" WIDTH="59" HEIGHT="43" CONTENT="de" WC="1.00" CC="00"/>
						<SP ID="P35_SP00275" HPOS="177" VPOS="3331" WIDTH="39"/>
						<String ID="P35_ST00324" HPOS="216" VPOS="3289" WIDTH="44" HEIGHT="42" CONTENT="la" WC="0.75" CC="40"/>
						<SP ID="P35_SP00276" HPOS="260" VPOS="3331" WIDTH="33"/>
						<String ID="P35_ST00325" HPOS="293" VPOS="3290" WIDTH="105" HEIGHT="41" CONTENT="voie" WC="0.99" CC="0050"/>
						<SP ID="P35_SP00277" HPOS="398" VPOS="3331" WIDTH="42"/>
						<String ID="P35_ST00326" HPOS="440" VPOS="3289" WIDTH="284" HEIGHT="42" CONTENT="charretière." WC="0.99" CC="100493035500"/>
						<SP ID="P35_SP00278" HPOS="724" VPOS="3331" WIDTH="45"/>
						<String ID="P35_ST00327" HPOS="769" VPOS="3288" WIDTH="132" HEIGHT="42" CONTENT="Cette" WC="1.00" CC="00000"/>
						<SP ID="P35_SP00279" HPOS="901" VPOS="3331" WIDTH="39"/>
						<String ID="P35_ST00328" HPOS="940" VPOS="3306" WIDTH="246" HEIGHT="25" CONTENT="commune" WC="1.00" CC="0200000"/>
						<SP ID="P35_SP00280" HPOS="1186" VPOS="3331" WIDTH="44"/>
						<String ID="P35_ST00329" HPOS="1230" VPOS="3298" WIDTH="62" HEIGHT="32" CONTENT="est" WC="0.98" CC="006"/>
					</TextLine>
					<TextLine ID="P35_TL00050" HPOS="120" VPOS="3350" WIDTH="1177" HEIGHT="49">
						<String ID="P35_ST00330" HPOS="120" VPOS="3351" WIDTH="229" HEIGHT="43" CONTENT="d'ailleurs" WC="0.87" CC="0403310000"/>
						<SP ID="P35_SP00281" HPOS="349" VPOS="3394" WIDTH="27"/>
						<String ID="P35_ST00331" HPOS="376" VPOS="3369" WIDTH="89" HEIGHT="24" CONTENT="une" WC="1.00" CC="000"/>
						<SP ID="P35_SP00282" HPOS="465" VPOS="3394" WIDTH="31"/>
						<String ID="P35_ST00332" HPOS="496" VPOS="3350" WIDTH="58" HEIGHT="44" CONTENT="de" WC="0.89" CC="02"/>
						<SP ID="P35_SP00283" HPOS="554" VPOS="3394" WIDTH="25"/>
						<String ID="P35_ST00333" HPOS="579" VPOS="3350" WIDTH="138" HEIGHT="43" CONTENT="celles" WC="0.99" CC="403400"/>
						<SP ID="P35_SP00284" HPOS="717" VPOS="3394" WIDTH="28"/>
						<String ID="P35_ST00334" HPOS="745" VPOS="3353" WIDTH="57" HEIGHT="39" CONTENT="où" WC="0.89" CC="02"/>
						<SP ID="P35_SP00285" HPOS="802" VPOS="3394" WIDTH="31"/>
						<String ID="P35_ST00335" HPOS="833" VPOS="3350" WIDTH="44" HEIGHT="43" CONTENT="la" WC="0.80" CC="30"/>
						<SP ID="P35_SP00286" HPOS="877" VPOS="3394" WIDTH="31"/>
						<String ID="P35_ST00336" HPOS="908" VPOS="3350" WIDTH="277" HEIGHT="49" CONTENT="circulation," WC="0.99" CC="165705000001"/>
						<SP ID="P35_SP00287" HPOS="1185" VPOS="3399" WIDTH="36"/>
						<String ID="P35_ST00337" HPOS="1221" VPOS="3350" WIDTH="51" HEIGHT="42" CONTENT="de" SUBS_TYPE="HypPart1" SUBS_CONTENT="depuis" WC="0.98" CC="00"/>
						<HYP HPOS="1272" VPOS="3350" WIDTH="25" CONTENT="-"/>
					</TextLine>
					<TextLine ID="P35_TL00051" HPOS="118" VPOS="3413" WIDTH="1049" HEIGHT="51">
						<String ID="P35_ST00338" HPOS="118" VPOS="3417" WIDTH="100" HEIGHT="47" CONTENT="puis" SUBS_TYPE="HypPart2" SUBS_CONTENT="depuis" WC="0.99" CC="0500"/>
						<SP ID="P35_SP00288" HPOS="218" VPOS="3464" WIDTH="31"/>
						<String ID="P35_ST00339" HPOS="249" VPOS="3413" WIDTH="276" HEIGHT="51" CONTENT="longtemps," WC="1.00" CC="2000000063"/>
						<SP ID="P35_SP00289" HPOS="525" VPOS="3464" WIDTH="37"/>
						<String ID="P35_ST00340" HPOS="562" VPOS="3423" WIDTH="67" HEIGHT="32" CONTENT="est" WC="1.00" CC="000"/>
						<SP ID="P35_SP00290" HPOS="629" VPOS="3464" WIDTH="32"/>
						<String ID="P35_ST00341" HPOS="661" VPOS="3413" WIDTH="42" HEIGHT="43" CONTENT="le" WC="1.00" CC="00"/>
						<SP ID="P35_SP00291" HPOS="703" VPOS="3464" WIDTH="31"/>
						<String ID="P35_ST00342" HPOS="734" VPOS="3414" WIDTH="152" HEIGHT="41" CONTENT="mieux" WC="1.00" CC="03000"/>
						<SP ID="P35_SP00292" HPOS="886" VPOS="3464" WIDTH="31"/>
						<String ID="P35_ST00343" HPOS="917" VPOS="3415" WIDTH="250" HEIGHT="49" CONTENT="organisée." WC="0.99" CC="0000072704"/>
					</TextLine>
				</TextBlock>
				<TextBlock ID="P35_TB00004" HPOS="1367" VPOS="518" WIDTH="1174" HEIGHT="2948" STYLEREFS="TXT_2 PAR_LEFT">
					<TextLine ID="P35_TL00052" HPOS="1442" VPOS="519" WIDTH="1091" HEIGHT="57">
						<String ID="P35_ST00344" HPOS="1442" VPOS="519" WIDTH="573" HEIGHT="46" CONTENT="REGLEMENTATION" WC="0.99" CC="37667270000600" STYLEREFS="TXT_3"/>
						<SP ID="P35_SP00293" HPOS="2015" VPOS="565" WIDTH="27"/>
						<String ID="P35_ST00345" HPOS="2042" VPOS="524" WIDTH="113" HEIGHT="43" CONTENT="DES" WC="0.96" CC="370" STYLEREFS="TXT_3"/>
						<SP ID="P35_SP00294" HPOS="2155" VPOS="567" WIDTH="27"/>
						<String ID="P35_ST00346" HPOS="2182" VPOS="525" WIDTH="351" HEIGHT="51" CONTENT="QUARTIERS" WC="1.00" CC="050001600" STYLEREFS="TXT_3"/>
					</TextLine>
					<TextLine ID="P35_TL00053" HPOS="1378" VPOS="579" WIDTH="1155" HEIGHT="51">
						<String ID="P35_ST00347" HPOS="1378" VPOS="579" WIDTH="405" HEIGHT="46" CONTENT="INDUSTRIELS." WC="0.99" CC="606000076602" STYLEREFS="TXT_3"/>
						<SP ID="P35_SP00295" HPOS="1783" VPOS="625" WIDTH="186"/>
						<String ID="P35_ST00348" HPOS="1969" VPOS="584" WIDTH="204" HEIGHT="43" CONTENT="L'Union" WC="0.99" CC="6305000" STYLEREFS="TXT_3"/>
						<SP ID="P35_SP00296" HPOS="2173" VPOS="627" WIDTH="35"/>
						<String ID="P35_ST00349" HPOS="2208" VPOS="587" WIDTH="78" HEIGHT="43" CONTENT="des" WC="1.00" CC="000" STYLEREFS="TXT_3"/>
						<SP ID="P35_SP00297" HPOS="2286" VPOS="630" WIDTH="30"/>
						<String ID="P35_ST00350" HPOS="2316" VPOS="587" WIDTH="142" HEIGHT="42" CONTENT="Villes" WC="0.98" CC="010637" STYLEREFS="TXT_3"/>
						<SP ID="P35_SP00298" HPOS="2458" VPOS="630" WIDTH="32"/>
						<String ID="P35_ST00351" HPOS="2490" VPOS="597" WIDTH="43" HEIGHT="31" CONTENT="et" WC="0.28" CC="49" STYLEREFS="TXT_3"/>
					</TextLine>
					<TextLine ID="P35_TL00054" HPOS="1377" VPOS="640" WIDTH="1155" HEIGHT="54">
						<String ID="P35_ST00352" HPOS="1377" VPOS="640" WIDTH="281" HEIGHT="43" CONTENT="Communes" WC="0.99" CC="06000570"/>
						<SP ID="P35_SP00299" HPOS="1658" VPOS="683" WIDTH="33"/>
						<String ID="P35_ST00353" HPOS="1691" VPOS="642" WIDTH="155" HEIGHT="51" CONTENT="belges" WC="0.99" CC="001900"/>
						<SP ID="P35_SP00300" HPOS="1846" VPOS="693" WIDTH="35"/>
						<String ID="P35_ST00354" HPOS="1881" VPOS="657" WIDTH="136" HEIGHT="37" CONTENT="ayant" WC="1.00" CC="00000"/>
						<SP ID="P35_SP00301" HPOS="2017" VPOS="694" WIDTH="33"/>
						<String ID="P35_ST00355" HPOS="2050" VPOS="646" WIDTH="172" HEIGHT="42" CONTENT="achevé" WC="1.00" CC="000005"/>
						<SP ID="P35_SP00302" HPOS="2222" VPOS="694" WIDTH="35"/>
						<String ID="P35_ST00356" HPOS="2257" VPOS="649" WIDTH="40" HEIGHT="40" CONTENT="la" WC="0.76" CC="40"/>
						<SP ID="P35_SP00303" HPOS="2297" VPOS="694" WIDTH="36"/>
						<String ID="P35_ST00357" HPOS="2333" VPOS="651" WIDTH="109" HEIGHT="41" CONTENT="mise" WC="1.00" CC="0000"/>
						<SP ID="P35_SP00304" HPOS="2442" VPOS="694" WIDTH="35"/>
						<String ID="P35_ST00358" HPOS="2477" VPOS="666" WIDTH="55" HEIGHT="24" CONTENT="au" WC="0.70" CC="05"/>
					</TextLine>
					<TextLine ID="P35_TL00055" HPOS="1377" VPOS="704" WIDTH="1157" HEIGHT="55">
						<String ID="P35_ST00359" HPOS="1377" VPOS="706" WIDTH="129" HEIGHT="46" CONTENT="point" WC="0.99" CC="05400"/>
						<SP ID="P35_SP00305" HPOS="1506" VPOS="752" WIDTH="32"/>
						<String ID="P35_ST00360" HPOS="1538" VPOS="704" WIDTH="56" HEIGHT="42" CONTENT="de" WC="0.16" CC="96"/>
						<SP ID="P35_SP00306" HPOS="1594" VPOS="752" WIDTH="34"/>
						<String ID="P35_ST00361" HPOS="1628" VPOS="704" WIDTH="40" HEIGHT="42" CONTENT="la" WC="0.58" CC="52"/>
						<SP ID="P35_SP00307" HPOS="1668" VPOS="752" WIDTH="32"/>
						<String ID="P35_ST00362" HPOS="1700" VPOS="704" WIDTH="376" HEIGHT="51" CONTENT="réglementation" WC="1.00" CC="46924000000010"/>
						<SP ID="P35_SP00308" HPOS="2076" VPOS="755" WIDTH="34"/>
						<String ID="P35_ST00363" HPOS="2110" VPOS="708" WIDTH="79" HEIGHT="41" CONTENT="des" WC="0.99" CC="010"/>
						<SP ID="P35_SP00309" HPOS="2189" VPOS="755" WIDTH="29"/>
						<String ID="P35_ST00364" HPOS="2218" VPOS="709" WIDTH="200" HEIGHT="50" CONTENT="bâtisses," WC="1.00" CC="060000002"/>
						<SP ID="P35_SP00310" HPOS="2418" VPOS="759" WIDTH="37"/>
						<String ID="P35_ST00365" HPOS="2455" VPOS="711" WIDTH="79" HEIGHT="40" CONTENT="des" WC="0.99" CC="003"/>
					</TextLine>
					<TextLine ID="P35_TL00056" HPOS="1376" VPOS="765" WIDTH="1152" HEIGHT="58">
						<String ID="P35_ST00366" HPOS="1376" VPOS="780" WIDTH="136" HEIGHT="29" CONTENT="zones" WC="1.00" CC="00000"/>
						<SP ID="P35_SP00311" HPOS="1512" VPOS="809" WIDTH="29"/>
						<String ID="P35_ST00367" HPOS="1541" VPOS="765" WIDTH="56" HEIGHT="43" CONTENT="de" WC="0.14" CC="97"/>
						<SP ID="P35_SP00312" HPOS="1597" VPOS="809" WIDTH="31"/>
						<String ID="P35_ST00368" HPOS="1628" VPOS="767" WIDTH="131" HEIGHT="52" CONTENT="recul," WC="0.99" CC="500024"/>
						<SP ID="P35_SP00313" HPOS="1759" VPOS="819" WIDTH="35"/>
						<String ID="P35_ST00369" HPOS="1794" VPOS="765" WIDTH="79" HEIGHT="42" CONTENT="des" WC="0.96" CC="900"/>
						<SP ID="P35_SP00314" HPOS="1873" VPOS="819" WIDTH="28"/>
						<String ID="P35_ST00370" HPOS="1901" VPOS="772" WIDTH="217" HEIGHT="45" CONTENT="quartiers" WC="0.99" CC="400304020"/>
						<SP ID="P35_SP00315" HPOS="2118" VPOS="819" WIDTH="27"/>
						<String ID="P35_ST00371" HPOS="2145" VPOS="781" WIDTH="42" HEIGHT="31" CONTENT="et" WC="0.64" CC="70"/>
						<SP ID="P35_SP00316" HPOS="2187" VPOS="819" WIDTH="27"/>
						<String ID="P35_ST00372" HPOS="2214" VPOS="770" WIDTH="314" HEIGHT="53" CONTENT="cités-jardins," WC="0.99" CC="05070430605004"/>
					</TextLine>
					<TextLine ID="P35_TL00057" HPOS="1378" VPOS="826" WIDTH="1155" HEIGHT="54">
						<String ID="P35_ST00373" HPOS="1378" VPOS="838" WIDTH="43" HEIGHT="30" CONTENT="et" WC="1.00" CC="00"/>
						<SP ID="P35_SP00317" HPOS="1421" VPOS="868" WIDTH="32"/>
						<String ID="P35_ST00374" HPOS="1453" VPOS="828" WIDTH="297" HEIGHT="47" CONTENT="poursuivant" WC="1.00" CC="00020330000"/>
						<SP ID="P35_SP00318" HPOS="1750" VPOS="875" WIDTH="32"/>
						<String ID="P35_ST00375" HPOS="1782" VPOS="844" WIDTH="83" HEIGHT="26" CONTENT="son" WC="0.99" CC="030"/>
						<SP ID="P35_SP00319" HPOS="1865" VPOS="875" WIDTH="31"/>
						<String ID="P35_ST00376" HPOS="1896" VPOS="826" WIDTH="75" HEIGHT="51" CONTENT="bel" WC="0.94" CC="095"/>
						<SP ID="P35_SP00320" HPOS="1971" VPOS="877" WIDTH="33"/>
						<String ID="P35_ST00377" HPOS="2004" VPOS="829" WIDTH="139" HEIGHT="45" CONTENT="effort" WC="0.98" CC="856040"/>
						<SP ID="P35_SP00321" HPOS="2143" VPOS="877" WIDTH="33"/>
						<String ID="P35_ST00378" HPOS="2176" VPOS="830" WIDTH="357" HEIGHT="50" CONTENT="d'organisation" WC="0.99" CC="94059005000448"/>
					</TextLine>
					<TextLine ID="P35_TL00058" HPOS="1376" VPOS="885" WIDTH="1157" HEIGHT="58">
						<String ID="P35_ST00379" HPOS="1376" VPOS="885" WIDTH="320" HEIGHT="52" CONTENT="urbanistique," WC="0.75" CC="0270030045071"/>
						<SP ID="P35_SP00322" HPOS="1696" VPOS="937" WIDTH="58"/>
						<String ID="P35_ST00380" HPOS="1754" VPOS="890" WIDTH="124" HEIGHT="39" CONTENT="vient" WC="0.99" CC="02300"/>
						<SP ID="P35_SP00323" HPOS="1878" VPOS="937" WIDTH="54"/>
						<String ID="P35_ST00381" HPOS="1932" VPOS="889" WIDTH="247" HEIGHT="42" CONTENT="d'aborder" WC="0.99" CC="040032072"/>
						<SP ID="P35_SP00324" HPOS="2179" VPOS="937" WIDTH="54"/>
						<String ID="P35_ST00382" HPOS="2233" VPOS="893" WIDTH="41" HEIGHT="40" CONTENT="la" WC="0.90" CC="20"/>
						<SP ID="P35_SP00325" HPOS="2274" VPOS="937" WIDTH="54"/>
						<String ID="P35_ST00383" HPOS="2328" VPOS="896" WIDTH="205" HEIGHT="47" CONTENT="question" WC="1.00" CC="00000300"/>
					</TextLine>
					<TextLine ID="P35_TL00059" HPOS="1378" VPOS="948" WIDTH="1156" HEIGHT="56">
						<String ID="P35_ST00384" HPOS="1378" VPOS="950" WIDTH="275" HEIGHT="48" CONTENT="importante" WC="0.99" CC="1001306604"/>
						<SP ID="P35_SP00326" HPOS="1653" VPOS="998" WIDTH="44"/>
						<String ID="P35_ST00385" HPOS="1697" VPOS="948" WIDTH="79" HEIGHT="42" CONTENT="des" WC="0.98" CC="022"/>
						<SP ID="P35_SP00327" HPOS="1776" VPOS="998" WIDTH="43"/>
						<String ID="P35_ST00386" HPOS="1819" VPOS="952" WIDTH="216" HEIGHT="46" CONTENT="quartiers" WC="1.00" CC="040200320"/>
						<SP ID="P35_SP00328" HPOS="2035" VPOS="998" WIDTH="41"/>
						<String ID="P35_ST00387" HPOS="2076" VPOS="951" WIDTH="266" HEIGHT="45" CONTENT="industriels." WC="1.00" CC="109010400303"/>
						<SP ID="P35_SP00329" HPOS="2342" VPOS="998" WIDTH="49"/>
						<String ID="P35_ST00388" HPOS="2391" VPOS="955" WIDTH="115" HEIGHT="49" CONTENT="Ques" SUBS_TYPE="HypPart1" SUBS_CONTENT="Question" WC="0.99" CC="0001"/>
						<HYP HPOS="2506" VPOS="955" WIDTH="28" CONTENT="-"/>
					</TextLine>
					<TextLine ID="P35_TL00060" HPOS="1376" VPOS="1009" WIDTH="1159" HEIGHT="54">
						<String ID="P35_ST00389" HPOS="1376" VPOS="1012" WIDTH="94" HEIGHT="40" CONTENT="tion" SUBS_TYPE="HypPart2" SUBS_CONTENT="Question" WC="1.00" CC="0100"/>
						<SP ID="P35_SP00330" HPOS="1470" VPOS="1052" WIDTH="30"/>
						<String ID="P35_ST00390" HPOS="1500" VPOS="1009" WIDTH="170" HEIGHT="44" CONTENT="rendue" WC="0.98" CC="370901"/>
						<SP ID="P35_SP00331" HPOS="1670" VPOS="1053" WIDTH="30"/>
						<String ID="P35_ST00391" HPOS="1700" VPOS="1021" WIDTH="124" HEIGHT="32" CONTENT="toute" WC="0.98" CC="02405"/>
						<SP ID="P35_SP00332" HPOS="1824" VPOS="1053" WIDTH="28"/>
						<String ID="P35_ST00392" HPOS="1852" VPOS="1011" WIDTH="190" HEIGHT="44" CONTENT="actuelle" WC="0.99" CC="00000355"/>
						<SP ID="P35_SP00333" HPOS="2042" VPOS="1055" WIDTH="27"/>
						<String ID="P35_ST00393" HPOS="2069" VPOS="1030" WIDTH="81" HEIGHT="33" CONTENT="par" WC="1.00" CC="000"/>
						<SP ID="P35_SP00334" HPOS="2150" VPOS="1063" WIDTH="27"/>
						<String ID="P35_ST00394" HPOS="2177" VPOS="1013" WIDTH="63" HEIGHT="43" CONTENT="les" WC="0.98" CC="050"/>
						<SP ID="P35_SP00335" HPOS="2240" VPOS="1063" WIDTH="29"/>
						<String ID="P35_ST00395" HPOS="2269" VPOS="1014" WIDTH="266" HEIGHT="43" CONTENT="démarches" WC="0.99" CC="070950706"/>
					</TextLine>
					<TextLine ID="P35_TL00061" HPOS="1378" VPOS="1070" WIDTH="1157" HEIGHT="50">
						<String ID="P35_ST00396" HPOS="1378" VPOS="1070" WIDTH="56" HEIGHT="43" CONTENT="de" WC="0.14" CC="97"/>
						<SP ID="P35_SP00336" HPOS="1434" VPOS="1113" WIDTH="36"/>
						<String ID="P35_ST00397" HPOS="1470" VPOS="1071" WIDTH="40" HEIGHT="41" CONTENT="la" WC="1.00" CC="00"/>
						<SP ID="P35_SP00337" HPOS="1510" VPOS="1113" WIDTH="37"/>
						<String ID="P35_ST00398" HPOS="1547" VPOS="1089" WIDTH="244" HEIGHT="26" CONTENT="commune" WC="1.00" CC="0000000"/>
						<SP ID="P35_SP00338" HPOS="1791" VPOS="1115" WIDTH="39"/>
						<String ID="P35_ST00399" HPOS="1830" VPOS="1071" WIDTH="344" HEIGHT="49" CONTENT="d'Anderlecht," WC="0.68" CC="9404014040704"/>
						<SP ID="P35_SP00339" HPOS="2174" VPOS="1120" WIDTH="42"/>
						<String ID="P35_ST00400" HPOS="2216" VPOS="1075" WIDTH="223" HEIGHT="45" CONTENT="désireuse" WC="0.99" CC="970341700"/>
						<SP ID="P35_SP00340" HPOS="2439" VPOS="1120" WIDTH="40"/>
						<String ID="P35_ST00401" HPOS="2479" VPOS="1075" WIDTH="56" HEIGHT="42" CONTENT="de" WC="0.50" CC="90"/>
					</TextLine>
					<TextLine ID="P35_TL00062" HPOS="1379" VPOS="1131" WIDTH="1157" HEIGHT="54">
						<String ID="P35_ST00402" HPOS="1379" VPOS="1131" WIDTH="229" HEIGHT="48" CONTENT="formuler," WC="0.99" CC="524004474"/>
						<SP ID="P35_SP00341" HPOS="1608" VPOS="1179" WIDTH="27"/>
						<String ID="P35_ST00403" HPOS="1635" VPOS="1136" WIDTH="132" HEIGHT="47" CONTENT="grâce" WC="0.99" CC="03600"/>
						<SP ID="P35_SP00342" HPOS="1767" VPOS="1183" WIDTH="23"/>
						<String ID="P35_ST00404" HPOS="1790" VPOS="1136" WIDTH="26" HEIGHT="37" CONTENT="à" WC="0.39" CC="6"/>
						<SP ID="P35_SP00343" HPOS="1816" VPOS="1183" WIDTH="24"/>
						<String ID="P35_ST00405" HPOS="1840" VPOS="1132" WIDTH="171" HEIGHT="51" CONTENT="l'appui" WC="0.99" CC="5300040"/>
						<SP ID="P35_SP00344" HPOS="2011" VPOS="1183" WIDTH="26"/>
						<String ID="P35_ST00406" HPOS="2037" VPOS="1134" WIDTH="55" HEIGHT="43" CONTENT="de" WC="0.50" CC="90"/>
						<SP ID="P35_SP00345" HPOS="2092" VPOS="1183" WIDTH="22"/>
						<String ID="P35_ST00407" HPOS="2114" VPOS="1136" WIDTH="275" HEIGHT="49" CONTENT="spécialistes" WC="0.99" CC="704030044066"/>
						<SP ID="P35_SP00346" HPOS="2389" VPOS="1185" WIDTH="24"/>
						<String ID="P35_ST00408" HPOS="2413" VPOS="1153" WIDTH="93" HEIGHT="25" CONTENT="com" SUBS_TYPE="HypPart1" SUBS_CONTENT="compétents," WC="0.98" CC="400"/>
						<HYP HPOS="2506" VPOS="1153" WIDTH="30" CONTENT="-"/>
					</TextLine>
					<TextLine ID="P35_TL00063" HPOS="1376" VPOS="1195" WIDTH="1159" HEIGHT="52">
						<String ID="P35_ST00409" HPOS="1376" VPOS="1196" WIDTH="192" HEIGHT="46" CONTENT="pétents," SUBS_TYPE="HypPart2" SUBS_CONTENT="compétents," WC="0.99" CC="05030005"/>
						<SP ID="P35_SP00347" HPOS="1568" VPOS="1242" WIDTH="45"/>
						<String ID="P35_ST00410" HPOS="1613" VPOS="1211" WIDTH="87" HEIGHT="24" CONTENT="une" WC="1.00" CC="000"/>
						<SP ID="P35_SP00348" HPOS="1700" VPOS="1242" WIDTH="45"/>
						<String ID="P35_ST00411" HPOS="1745" VPOS="1195" WIDTH="377" HEIGHT="49" CONTENT="réglementation" WC="1.00" CC="47040001000300"/>
						<SP ID="P35_SP00349" HPOS="2122" VPOS="1244" WIDTH="40"/>
						<String ID="P35_ST00412" HPOS="2162" VPOS="1196" WIDTH="105" HEIGHT="42" CONTENT="bien" WC="0.99" CC="0600"/>
						<SP ID="P35_SP00350" HPOS="2267" VPOS="1244" WIDTH="44"/>
						<String ID="P35_ST00413" HPOS="2311" VPOS="1202" WIDTH="224" HEIGHT="45" CONTENT="comprise" WC="0.99" CC="04007400"/>
					</TextLine>
					<TextLine ID="P35_TL00064" HPOS="1376" VPOS="1256" WIDTH="1159" HEIGHT="45">
						<String ID="P35_ST00414" HPOS="1376" VPOS="1267" WIDTH="213" HEIGHT="31" CONTENT="accusant" WC="1.00" CC="00050000"/>
						<SP ID="P35_SP00351" HPOS="1589" VPOS="1298" WIDTH="57"/>
						<String ID="P35_ST00415" HPOS="1646" VPOS="1271" WIDTH="22" HEIGHT="26" CONTENT="«" WC="0.65" CC="3"/>
						<SP ID="P35_SP00352" HPOS="1668" VPOS="1298" WIDTH="58"/>
						<String ID="P35_ST00416" HPOS="1726" VPOS="1256" WIDTH="41" HEIGHT="42" CONTENT="la" WC="0.95" CC="00"/>
						<SP ID="P35_SP00353" HPOS="1767" VPOS="1298" WIDTH="54"/>
						<String ID="P35_ST00417" HPOS="1821" VPOS="1256" WIDTH="282" HEIGHT="42" CONTENT="subdivision" WC="1.00" CC="00006040603"/>
						<SP ID="P35_SP00354" HPOS="2103" VPOS="1298" WIDTH="57"/>
						<String ID="P35_ST00418" HPOS="2160" VPOS="1258" WIDTH="80" HEIGHT="41" CONTENT="des" WC="1.00" CC="000"/>
						<SP ID="P35_SP00355" HPOS="2240" VPOS="1299" WIDTH="55"/>
						<String ID="P35_ST00419" HPOS="2295" VPOS="1262" WIDTH="240" HEIGHT="39" CONTENT="territoires" WC="1.00" CC="00304003300"/>
					</TextLine>
					<TextLine ID="P35_TL00065" HPOS="1373" VPOS="1317" WIDTH="1162" HEIGHT="46">
						<String ID="P35_ST00420" HPOS="1373" VPOS="1332" WIDTH="310" HEIGHT="25" CONTENT="communaux" WC="1.00" CC="630000020"/>
						<SP ID="P35_SP00356" HPOS="1683" VPOS="1357" WIDTH="29"/>
						<String ID="P35_ST00421" HPOS="1712" VPOS="1334" WIDTH="57" HEIGHT="25" CONTENT="en" WC="1.00" CC="00"/>
						<SP ID="P35_SP00357" HPOS="1769" VPOS="1359" WIDTH="30"/>
						<String ID="P35_ST00422" HPOS="1799" VPOS="1333" WIDTH="138" HEIGHT="25" CONTENT="zones" WC="1.00" CC="03000"/>
						<SP ID="P35_SP00358" HPOS="1937" VPOS="1359" WIDTH="32"/>
						<String ID="P35_ST00423" HPOS="1969" VPOS="1317" WIDTH="302" HEIGHT="43" CONTENT="d'habitation" WC="0.99" CC="046005060300"/>
						<SP ID="P35_SP00359" HPOS="2271" VPOS="1360" WIDTH="31"/>
						<String ID="P35_ST00424" HPOS="2302" VPOS="1332" WIDTH="43" HEIGHT="31" CONTENT="et" WC="1.00" CC="00"/>
						<SP ID="P35_SP00360" HPOS="2345" VPOS="1363" WIDTH="33"/>
						<String ID="P35_ST00425" HPOS="2378" VPOS="1338" WIDTH="53" HEIGHT="24" CONTENT="en" WC="0.94" CC="10"/>
						<SP ID="P35_SP00361" HPOS="2431" VPOS="1363" WIDTH="31"/>
						<String ID="P35_ST00426" HPOS="2462" VPOS="1336" WIDTH="49" HEIGHT="25" CONTENT="zo" SUBS_TYPE="HypPart1" SUBS_CONTENT="zones" WC="0.98" CC="01"/>
						<HYP HPOS="2511" VPOS="1336" WIDTH="24" CONTENT="-"/>
					</TextLine>
					<TextLine ID="P35_TL00066" HPOS="1367" VPOS="1378" WIDTH="485" HEIGHT="45">
						<String ID="P35_ST00427" HPOS="1367" VPOS="1395" WIDTH="80" HEIGHT="26" CONTENT="nes" SUBS_TYPE="HypPart2" SUBS_CONTENT="zones" WC="0.97" CC="700"/>
						<SP ID="P35_SP00362" HPOS="1447" VPOS="1421" WIDTH="29"/>
						<String ID="P35_ST00428" HPOS="1476" VPOS="1378" WIDTH="304" HEIGHT="44" CONTENT="industrielles" WC="0.99" CC="7904003570204"/>
						<SP ID="P35_SP00363" HPOS="1780" VPOS="1422" WIDTH="31"/>
						<String ID="P35_ST00429" HPOS="1811" VPOS="1397" WIDTH="41" HEIGHT="26" CONTENT="»." WC="0.50" CC="63"/>
					</TextLine>
					<TextLine ID="P35_TL00067" HPOS="1444" VPOS="1439" WIDTH="1091" HEIGHT="52">
						<String ID="P35_ST00430" HPOS="1444" VPOS="1439" WIDTH="29" HEIGHT="41" CONTENT="Il" WC="0.76" CC="04"/>
						<SP ID="P35_SP00364" HPOS="1473" VPOS="1480" WIDTH="23"/>
						<String ID="P35_ST00431" HPOS="1496" VPOS="1444" WIDTH="215" HEIGHT="43" CONTENT="convient" WC="0.99" CC="01604000"/>
						<SP ID="P35_SP00365" HPOS="1711" VPOS="1487" WIDTH="24"/>
						<String ID="P35_ST00432" HPOS="1735" VPOS="1439" WIDTH="56" HEIGHT="44" CONTENT="de" WC="0.94" CC="01"/>
						<SP ID="P35_SP00366" HPOS="1791" VPOS="1487" WIDTH="19"/>
						<String ID="P35_ST00433" HPOS="1810" VPOS="1444" WIDTH="110" HEIGHT="39" CONTENT="citer" WC="0.98" CC="67004"/>
						<SP ID="P35_SP00367" HPOS="1920" VPOS="1487" WIDTH="22"/>
						<String ID="P35_ST00434" HPOS="1942" VPOS="1461" WIDTH="55" HEIGHT="23" CONTENT="en" WC="1.00" CC="00"/>
						<SP ID="P35_SP00368" HPOS="1997" VPOS="1487" WIDTH="23"/>
						<String ID="P35_ST00435" HPOS="2020" VPOS="1441" WIDTH="222" HEIGHT="50" CONTENT="exemple," WC="0.99" CC="00007404"/>
						<SP ID="P35_SP00369" HPOS="2242" VPOS="1491" WIDTH="26"/>
						<String ID="P35_ST00436" HPOS="2268" VPOS="1444" WIDTH="64" HEIGHT="47" CONTENT="ici," WC="0.97" CC="3054"/>
						<SP ID="P35_SP00370" HPOS="2332" VPOS="1491" WIDTH="26"/>
						<String ID="P35_ST00437" HPOS="2358" VPOS="1442" WIDTH="40" HEIGHT="42" CONTENT="le" WC="1.00" CC="00"/>
						<SP ID="P35_SP00371" HPOS="2398" VPOS="1491" WIDTH="21"/>
						<String ID="P35_ST00438" HPOS="2419" VPOS="1442" WIDTH="116" HEIGHT="42" CONTENT="beau" WC="1.00" CC="0010"/>
					</TextLine>
					<TextLine ID="P35_TL00068" HPOS="1375" VPOS="1501" WIDTH="1162" HEIGHT="52">
						<String ID="P35_ST00439" HPOS="1375" VPOS="1503" WIDTH="123" HEIGHT="40" CONTENT="souci" WC="0.99" CC="00504"/>
						<SP ID="P35_SP00372" HPOS="1498" VPOS="1543" WIDTH="44"/>
						<String ID="P35_ST00440" HPOS="1542" VPOS="1501" WIDTH="57" HEIGHT="41" CONTENT="de" WC="1.00" CC="00"/>
						<SP ID="P35_SP00373" HPOS="1599" VPOS="1543" WIDTH="42"/>
						<String ID="P35_ST00441" HPOS="1641" VPOS="1503" WIDTH="292" HEIGHT="48" CONTENT="prévoyance" WC="1.00" CC="0270000000"/>
						<SP ID="P35_SP00374" HPOS="1933" VPOS="1551" WIDTH="45"/>
						<String ID="P35_ST00442" HPOS="1978" VPOS="1513" WIDTH="44" HEIGHT="32" CONTENT="et" WC="0.91" CC="10"/>
						<SP ID="P35_SP00375" HPOS="2022" VPOS="1551" WIDTH="43"/>
						<String ID="P35_ST00443" HPOS="2065" VPOS="1501" WIDTH="357" HEIGHT="51" CONTENT="d'organisation" WC="1.00" CC="04239400000100"/>
						<SP ID="P35_SP00376" HPOS="2422" VPOS="1552" WIDTH="43"/>
						<String ID="P35_ST00444" HPOS="2465" VPOS="1506" WIDTH="72" HEIGHT="47" CONTENT="qui" WC="0.94" CC="097"/>
					</TextLine>
					<TextLine ID="P35_TL00069" HPOS="1376" VPOS="1562" WIDTH="1162" HEIGHT="54">
						<String ID="P35_ST00445" HPOS="1376" VPOS="1565" WIDTH="149" HEIGHT="42" CONTENT="anime" WC="0.98" CC="64300"/>
						<SP ID="P35_SP00377" HPOS="1525" VPOS="1607" WIDTH="30"/>
						<String ID="P35_ST00446" HPOS="1555" VPOS="1562" WIDTH="186" HEIGHT="45" CONTENT="l'édilité" WC="0.51" CC="047962607"/>
						<SP ID="P35_SP00378" HPOS="1741" VPOS="1607" WIDTH="31"/>
						<String ID="P35_ST00447" HPOS="1772" VPOS="1562" WIDTH="375" HEIGHT="54" CONTENT="anderlechtoise," WC="0.78" CC="000246400006034"/>
						<SP ID="P35_SP00379" HPOS="2147" VPOS="1616" WIDTH="36"/>
						<String ID="P35_ST00448" HPOS="2183" VPOS="1581" WIDTH="117" HEIGHT="34" CONTENT="pour" WC="0.99" CC="0140"/>
						<SP ID="P35_SP00380" HPOS="2300" VPOS="1616" WIDTH="29"/>
						<String ID="P35_ST00449" HPOS="2329" VPOS="1569" WIDTH="40" HEIGHT="42" CONTENT="le" WC="0.92" CC="10"/>
						<SP ID="P35_SP00381" HPOS="2369" VPOS="1616" WIDTH="29"/>
						<String ID="P35_ST00450" HPOS="2398" VPOS="1566" WIDTH="140" HEIGHT="50" CONTENT="profit" WC="0.99" CC="040600"/>
					</TextLine>
					<TextLine ID="P35_TL00070" HPOS="1377" VPOS="1623" WIDTH="1159" HEIGHT="55">
						<String ID="P35_ST00451" HPOS="1377" VPOS="1623" WIDTH="56" HEIGHT="43" CONTENT="de" WC="1.00" CC="00"/>
						<SP ID="P35_SP00382" HPOS="1433" VPOS="1666" WIDTH="36"/>
						<String ID="P35_ST00452" HPOS="1469" VPOS="1623" WIDTH="41" HEIGHT="42" CONTENT="la" WC="0.93" CC="10"/>
						<SP ID="P35_SP00383" HPOS="1510" VPOS="1666" WIDTH="35"/>
						<String ID="P35_ST00453" HPOS="1545" VPOS="1641" WIDTH="245" HEIGHT="27" CONTENT="commune" WC="0.99" CC="0200702"/>
						<SP ID="P35_SP00384" HPOS="1790" VPOS="1668" WIDTH="37"/>
						<String ID="P35_ST00454" HPOS="1827" VPOS="1627" WIDTH="162" HEIGHT="51" CONTENT="même," WC="0.98" CC="07004"/>
						<SP ID="P35_SP00385" HPOS="1989" VPOS="1678" WIDTH="43"/>
						<String ID="P35_ST00455" HPOS="2032" VPOS="1625" WIDTH="113" HEIGHT="44" CONTENT="dont" WC="0.98" CC="0250"/>
						<SP ID="P35_SP00386" HPOS="2145" VPOS="1678" WIDTH="35"/>
						<String ID="P35_ST00456" HPOS="2180" VPOS="1626" WIDTH="40" HEIGHT="43" CONTENT="le" WC="1.00" CC="00"/>
						<SP ID="P35_SP00387" HPOS="2220" VPOS="1678" WIDTH="38"/>
						<String ID="P35_ST00457" HPOS="2258" VPOS="1625" WIDTH="251" HEIGHT="52" CONTENT="développe" SUBS_TYPE="HypPart1" SUBS_CONTENT="développement" WC="0.99" CC="070053000"/>
						<HYP HPOS="2509" VPOS="1625" WIDTH="27" CONTENT="-"/>
					</TextLine>
					<TextLine ID="P35_TL00071" HPOS="1376" VPOS="1686" WIDTH="1164" HEIGHT="50">
						<String ID="P35_ST00458" HPOS="1376" VPOS="1695" WIDTH="125" HEIGHT="32" CONTENT="ment" SUBS_TYPE="HypPart2" SUBS_CONTENT="développement" WC="1.00" CC="0000"/>
						<SP ID="P35_SP00388" HPOS="1501" VPOS="1727" WIDTH="31"/>
						<String ID="P35_ST00459" HPOS="1532" VPOS="1687" WIDTH="220" HEIGHT="42" CONTENT="croissant" WC="1.00" CC="050430000"/>
						<SP ID="P35_SP00389" HPOS="1752" VPOS="1729" WIDTH="29"/>
						<String ID="P35_ST00460" HPOS="1781" VPOS="1687" WIDTH="128" HEIGHT="49" CONTENT="exige" WC="0.99" CC="10602"/>
						<SP ID="P35_SP00390" HPOS="1909" VPOS="1736" WIDTH="31"/>
						<String ID="P35_ST00461" HPOS="1940" VPOS="1687" WIDTH="63" HEIGHT="42" CONTENT="les" WC="0.98" CC="310"/>
						<SP ID="P35_SP00391" HPOS="2003" VPOS="1736" WIDTH="31"/>
						<String ID="P35_ST00462" HPOS="2034" VPOS="1687" WIDTH="99" HEIGHT="49" CONTENT="plus" WC="0.98" CC="0250"/>
						<SP ID="P35_SP00392" HPOS="2133" VPOS="1736" WIDTH="30"/>
						<String ID="P35_ST00463" HPOS="2163" VPOS="1690" WIDTH="172" HEIGHT="41" CONTENT="strictes" WC="1.00" CC="00360000"/>
						<SP ID="P35_SP00393" HPOS="2335" VPOS="1736" WIDTH="29"/>
						<String ID="P35_ST00464" HPOS="2364" VPOS="1686" WIDTH="147" HEIGHT="43" CONTENT="métho" SUBS_TYPE="HypPart1" SUBS_CONTENT="méthodes" WC="0.98" CC="06071"/>
						<HYP HPOS="2511" VPOS="1686" WIDTH="29" CONTENT="-"/>
					</TextLine>
					<TextLine ID="P35_TL00072" HPOS="1378" VPOS="1746" WIDTH="1160" HEIGHT="54">
						<String ID="P35_ST00465" HPOS="1378" VPOS="1746" WIDTH="78" HEIGHT="42" CONTENT="des" SUBS_TYPE="HypPart2" SUBS_CONTENT="méthodes" WC="0.95" CC="920"/>
						<SP ID="P35_SP00394" HPOS="1456" VPOS="1788" WIDTH="40"/>
						<String ID="P35_ST00466" HPOS="1496" VPOS="1746" WIDTH="56" HEIGHT="44" CONTENT="de" WC="0.64" CC="07"/>
						<SP ID="P35_SP00395" HPOS="1552" VPOS="1790" WIDTH="36"/>
						<String ID="P35_ST00467" HPOS="1588" VPOS="1750" WIDTH="265" HEIGHT="47" CONTENT="répartition" WC="1.00" CC="05000040200"/>
						<SP ID="P35_SP00396" HPOS="1853" VPOS="1797" WIDTH="36"/>
						<String ID="P35_ST00468" HPOS="1889" VPOS="1758" WIDTH="96" HEIGHT="32" CONTENT="tant" WC="1.00" CC="0000"/>
						<SP ID="P35_SP00397" HPOS="1985" VPOS="1797" WIDTH="35"/>
						<String ID="P35_ST00469" HPOS="2020" VPOS="1750" WIDTH="325" HEIGHT="48" CONTENT="économiques" WC="0.99" CC="70303030520"/>
						<SP ID="P35_SP00398" HPOS="2345" VPOS="1798" WIDTH="36"/>
						<String ID="P35_ST00470" HPOS="2381" VPOS="1748" WIDTH="131" HEIGHT="52" CONTENT="qu'hy" SUBS_TYPE="HypPart1" SUBS_CONTENT="qu'hygiéniques" WC="0.98" CC="00470"/>
						<HYP HPOS="2512" VPOS="1748" WIDTH="26" CONTENT="-"/>
					</TextLine>
					<TextLine ID="P35_TL00073" HPOS="1375" VPOS="1807" WIDTH="619" HEIGHT="52">
						<String ID="P35_ST00471" HPOS="1375" VPOS="1809" WIDTH="231" HEIGHT="50" CONTENT="giéniques" SUBS_TYPE="HypPart2" SUBS_CONTENT="qu'hygiéniques" WC="0.99" CC="076040600"/>
						<SP ID="P35_SP00399" HPOS="1606" VPOS="1859" WIDTH="30"/>
						<String ID="P35_ST00472" HPOS="1636" VPOS="1822" WIDTH="43" HEIGHT="31" CONTENT="et" WC="1.00" CC="00"/>
						<SP ID="P35_SP00400" HPOS="1679" VPOS="1859" WIDTH="29"/>
						<String ID="P35_ST00473" HPOS="1708" VPOS="1807" WIDTH="286" HEIGHT="52" CONTENT="esthétiques." WC="0.99" CC="000660704104"/>
					</TextLine>
					<TextLine ID="P35_TL00074" HPOS="1444" VPOS="1868" WIDTH="1094" HEIGHT="52">
						<String ID="P35_ST00474" HPOS="1444" VPOS="1868" WIDTH="123" HEIGHT="46" CONTENT="C'est" WC="0.99" CC="04000"/>
						<SP ID="P35_SP00401" HPOS="1567" VPOS="1914" WIDTH="31"/>
						<String ID="P35_ST00475" HPOS="1598" VPOS="1887" WIDTH="50" HEIGHT="26" CONTENT="ce" WC="0.69" CC="50"/>
						<SP ID="P35_SP00402" HPOS="1648" VPOS="1914" WIDTH="33"/>
						<String ID="P35_ST00476" HPOS="1681" VPOS="1872" WIDTH="73" HEIGHT="48" CONTENT="qui" WC="0.96" CC="027"/>
						<SP ID="P35_SP00403" HPOS="1754" VPOS="1920" WIDTH="32"/>
						<String ID="P35_ST00477" HPOS="1786" VPOS="1887" WIDTH="164" HEIGHT="24" CONTENT="amena" WC="1.00" CC="00200"/>
						<SP ID="P35_SP00404" HPOS="1950" VPOS="1920" WIDTH="32"/>
						<String ID="P35_ST00478" HPOS="1982" VPOS="1872" WIDTH="40" HEIGHT="41" CONTENT="le" WC="1.00" CC="00"/>
						<SP ID="P35_SP00405" HPOS="2022" VPOS="1920" WIDTH="32"/>
						<String ID="P35_ST00479" HPOS="2054" VPOS="1870" WIDTH="188" HEIGHT="50" CONTENT="Collège" WC="0.99" CC="0106600"/>
						<SP ID="P35_SP00406" HPOS="2242" VPOS="1920" WIDTH="31"/>
						<String ID="P35_ST00480" HPOS="2273" VPOS="1870" WIDTH="239" HEIGHT="43" CONTENT="anderlech" SUBS_TYPE="HypPart1" SUBS_CONTENT="anderlechtois" WC="0.84" CC="030010030"/>
						<HYP HPOS="2512" VPOS="1870" WIDTH="26" CONTENT="-"/>
					</TextLine>
					<TextLine ID="P35_TL00075" HPOS="1373" VPOS="1932" WIDTH="1166" HEIGHT="53">
						<String ID="P35_ST00481" HPOS="1373" VPOS="1935" WIDTH="87" HEIGHT="40" CONTENT="tois" SUBS_TYPE="HypPart2" SUBS_CONTENT="anderlechtois" WC="0.60" CC="5360"/>
						<SP ID="P35_SP00407" HPOS="1460" VPOS="1975" WIDTH="31"/>
						<String ID="P35_ST00482" HPOS="1491" VPOS="1938" WIDTH="25" HEIGHT="38" CONTENT="à" WC="0.33" CC="6"/>
						<SP ID="P35_SP00408" HPOS="1516" VPOS="1976" WIDTH="29"/>
						<String ID="P35_ST00483" HPOS="1545" VPOS="1932" WIDTH="181" HEIGHT="42" CONTENT="réaliser" WC="0.99" CC="06004003"/>
						<SP ID="P35_SP00409" HPOS="1726" VPOS="1976" WIDTH="29"/>
						<String ID="P35_ST00484" HPOS="1755" VPOS="1952" WIDTH="59" HEIGHT="24" CONTENT="un" WC="0.82" CC="30"/>
						<SP ID="P35_SP00410" HPOS="1814" VPOS="1976" WIDTH="32"/>
						<String ID="P35_ST00485" HPOS="1846" VPOS="1933" WIDTH="158" HEIGHT="42" CONTENT="travail" WC="0.99" CC="0000047"/>
						<SP ID="P35_SP00411" HPOS="2004" VPOS="1976" WIDTH="31"/>
						<String ID="P35_ST00486" HPOS="2035" VPOS="1932" WIDTH="234" HEIGHT="51" CONTENT="préalable" WC="0.99" CC="006930010"/>
						<SP ID="P35_SP00412" HPOS="2269" VPOS="1983" WIDTH="32"/>
						<String ID="P35_ST00487" HPOS="2301" VPOS="1933" WIDTH="56" HEIGHT="42" CONTENT="de" WC="1.00" CC="00"/>
						<SP ID="P35_SP00413" HPOS="2357" VPOS="1983" WIDTH="31"/>
						<String ID="P35_ST00488" HPOS="2388" VPOS="1937" WIDTH="151" HEIGHT="48" CONTENT="projet" WC="0.98" CC="051409"/>
					</TextLine>
					<TextLine ID="P35_TL00076" HPOS="1378" VPOS="1992" WIDTH="1162" HEIGHT="51">
						<String ID="P35_ST00489" HPOS="1378" VPOS="1992" WIDTH="396" HEIGHT="51" CONTENT="d'appropriation" WC="1.00" CC="040000000600440"/>
						<SP ID="P35_SP00414" HPOS="1774" VPOS="2043" WIDTH="42"/>
						<String ID="P35_ST00490" HPOS="1816" VPOS="2012" WIDTH="56" HEIGHT="25" CONTENT="en" WC="1.00" CC="00"/>
						<SP ID="P35_SP00415" HPOS="1872" VPOS="2043" WIDTH="37"/>
						<String ID="P35_ST00491" HPOS="1909" VPOS="2010" WIDTH="116" HEIGHT="28" CONTENT="zone" WC="1.00" CC="0000"/>
						<SP ID="P35_SP00416" HPOS="2025" VPOS="2043" WIDTH="38"/>
						<String ID="P35_ST00492" HPOS="2063" VPOS="1993" WIDTH="279" HEIGHT="46" CONTENT="industrielle" WC="0.99" CC="709700150341"/>
						<SP ID="P35_SP00417" HPOS="2342" VPOS="2043" WIDTH="40"/>
						<String ID="P35_ST00493" HPOS="2382" VPOS="1995" WIDTH="55" HEIGHT="44" CONTENT="de" WC="1.00" CC="00"/>
						<SP ID="P35_SP00418" HPOS="2437" VPOS="2043" WIDTH="37"/>
						<String ID="P35_ST00494" HPOS="2474" VPOS="1998" WIDTH="44" HEIGHT="39" CONTENT="ré" SUBS_TYPE="HypPart1" SUBS_CONTENT="réserves" WC="0.95" CC="07"/>
						<HYP HPOS="2518" VPOS="1998" WIDTH="22" CONTENT="-"/>
					</TextLine>
					<TextLine ID="P35_TL00077" HPOS="1374" VPOS="2054" WIDTH="1164" HEIGHT="51">
						<String ID="P35_ST00495" HPOS="1374" VPOS="2071" WIDTH="152" HEIGHT="25" CONTENT="serves" SUBS_TYPE="HypPart2" SUBS_CONTENT="réserves" WC="1.00" CC="002010"/>
						<SP ID="P35_SP00419" HPOS="1526" VPOS="2096" WIDTH="21"/>
						<String ID="P35_ST00496" HPOS="1547" VPOS="2054" WIDTH="324" HEIGHT="50" CONTENT="communales," WC="1.00" CC="00000000002"/>
						<SP ID="P35_SP00420" HPOS="1871" VPOS="2104" WIDTH="27"/>
						<String ID="P35_ST00497" HPOS="1898" VPOS="2057" WIDTH="110" HEIGHT="41" CONTENT="ainsi" WC="0.99" CC="06004"/>
						<SP ID="P35_SP00421" HPOS="2008" VPOS="2104" WIDTH="22"/>
						<String ID="P35_ST00498" HPOS="2030" VPOS="2072" WIDTH="86" HEIGHT="33" CONTENT="que" WC="0.98" CC="050"/>
						<SP ID="P35_SP00422" HPOS="2116" VPOS="2105" WIDTH="23"/>
						<String ID="P35_ST00499" HPOS="2139" VPOS="2054" WIDTH="108" HEIGHT="43" CONTENT="d'un" WC="0.98" CC="0450"/>
						<SP ID="P35_SP00423" HPOS="2247" VPOS="2105" WIDTH="22"/>
						<String ID="P35_ST00500" HPOS="2269" VPOS="2057" WIDTH="269" HEIGHT="42" CONTENT="classement" WC="1.00" CC="0405000000"/>
					</TextLine>
					<TextLine ID="P35_TL00078" HPOS="1375" VPOS="2115" WIDTH="846" HEIGHT="51">
						<String ID="P35_ST00501" HPOS="1375" VPOS="2118" WIDTH="241" HEIGHT="48" CONTENT="rigoureux" WC="0.99" CC="050054000"/>
						<SP ID="P35_SP00424" HPOS="1616" VPOS="2166" WIDTH="25"/>
						<String ID="P35_ST00502" HPOS="1641" VPOS="2115" WIDTH="79" HEIGHT="44" CONTENT="des" WC="1.00" CC="000"/>
						<SP ID="P35_SP00425" HPOS="1720" VPOS="2166" WIDTH="27"/>
						<String ID="P35_ST00503" HPOS="1747" VPOS="2115" WIDTH="199" HEIGHT="43" CONTENT="diverses" WC="1.00" CC="05000000"/>
						<SP ID="P35_SP00426" HPOS="1946" VPOS="2166" WIDTH="24"/>
						<String ID="P35_ST00504" HPOS="1970" VPOS="2115" WIDTH="251" HEIGHT="45" CONTENT="industries." WC="0.99" CC="60060057103"/>
					</TextLine>
					<TextLine ID="P35_TL00079" HPOS="1445" VPOS="2176" WIDTH="1093" HEIGHT="53">
						<String ID="P35_ST00505" HPOS="1445" VPOS="2176" WIDTH="206" HEIGHT="44" CONTENT="L'Union" WC="1.00" CC="2400000"/>
						<SP ID="P35_SP00427" HPOS="1651" VPOS="2220" WIDTH="38"/>
						<String ID="P35_ST00506" HPOS="1689" VPOS="2177" WIDTH="80" HEIGHT="43" CONTENT="des" WC="0.96" CC="900"/>
						<SP ID="P35_SP00428" HPOS="1769" VPOS="2220" WIDTH="35"/>
						<String ID="P35_ST00507" HPOS="1804" VPOS="2177" WIDTH="144" HEIGHT="46" CONTENT="Villes" WC="0.99" CC="044100"/>
						<SP ID="P35_SP00429" HPOS="1948" VPOS="2223" WIDTH="37"/>
						<String ID="P35_ST00508" HPOS="1985" VPOS="2194" WIDTH="43" HEIGHT="31" CONTENT="et" WC="1.00" CC="00"/>
						<SP ID="P35_SP00430" HPOS="2028" VPOS="2225" WIDTH="36"/>
						<String ID="P35_ST00509" HPOS="2064" VPOS="2178" WIDTH="281" HEIGHT="45" CONTENT="Communes" WC="0.99" CC="20004006"/>
						<SP ID="P35_SP00431" HPOS="2345" VPOS="2225" WIDTH="36"/>
						<String ID="P35_ST00510" HPOS="2381" VPOS="2178" WIDTH="157" HEIGHT="51" CONTENT="belges" WC="0.99" CC="000027"/>
					</TextLine>
					<TextLine ID="P35_TL00080" HPOS="1376" VPOS="2239" WIDTH="1162" HEIGHT="51">
						<String ID="P35_ST00511" HPOS="1376" VPOS="2256" WIDTH="108" HEIGHT="23" CONTENT="aura" WC="0.98" CC="0540"/>
						<SP ID="P35_SP00432" HPOS="1484" VPOS="2279" WIDTH="34"/>
						<String ID="P35_ST00512" HPOS="1518" VPOS="2239" WIDTH="132" HEIGHT="46" CONTENT="donc," WC="0.97" CC="90904"/>
						<SP ID="P35_SP00433" HPOS="1650" VPOS="2285" WIDTH="34"/>
						<String ID="P35_ST00513" HPOS="1684" VPOS="2256" WIDTH="117" HEIGHT="33" CONTENT="pour" WC="0.98" CC="0016"/>
						<SP ID="P35_SP00434" HPOS="1801" VPOS="2289" WIDTH="29"/>
						<String ID="P35_ST00514" HPOS="1830" VPOS="2239" WIDTH="65" HEIGHT="42" CONTENT="les" WC="0.99" CC="003"/>
						<SP ID="P35_SP00435" HPOS="1895" VPOS="2289" WIDTH="30"/>
						<String ID="P35_ST00515" HPOS="1925" VPOS="2250" WIDTH="190" HEIGHT="31" CONTENT="travaux" WC="1.00" CC="0000050"/>
						<SP ID="P35_SP00436" HPOS="2115" VPOS="2289" WIDTH="35"/>
						<String ID="P35_ST00516" HPOS="2150" VPOS="2240" WIDTH="57" HEIGHT="42" CONTENT="de" WC="0.77" CC="04"/>
						<SP ID="P35_SP00437" HPOS="2207" VPOS="2289" WIDTH="30"/>
						<String ID="P35_ST00517" HPOS="2237" VPOS="2239" WIDTH="274" HEIGHT="51" CONTENT="réglementa" SUBS_TYPE="HypPart1" SUBS_CONTENT="réglementation" WC="0.99" CC="0592000000"/>
						<HYP HPOS="2511" VPOS="2239" WIDTH="27" CONTENT="-"/>
					</TextLine>
					<TextLine ID="P35_TL00081" HPOS="1377" VPOS="2300" WIDTH="1161" HEIGHT="52">
						<String ID="P35_ST00518" HPOS="1377" VPOS="2304" WIDTH="94" HEIGHT="41" CONTENT="tion" SUBS_TYPE="HypPart2" SUBS_CONTENT="réglementation" WC="0.99" CC="0600"/>
						<SP ID="P35_SP00438" HPOS="1471" VPOS="2345" WIDTH="35"/>
						<String ID="P35_ST00519" HPOS="1506" VPOS="2300" WIDTH="276" HEIGHT="45" CONTENT="industrielle" WC="0.99" CC="600009370040"/>
						<SP ID="P35_SP00439" HPOS="1782" VPOS="2345" WIDTH="36"/>
						<String ID="P35_ST00520" HPOS="1818" VPOS="2300" WIDTH="162" HEIGHT="50" CONTENT="qu'elle" WC="1.00" CC="0040000"/>
						<SP ID="P35_SP00440" HPOS="1980" VPOS="2350" WIDTH="35"/>
						<String ID="P35_ST00521" HPOS="2015" VPOS="2321" WIDTH="46" HEIGHT="24" CONTENT="se" WC="0.80" CC="04"/>
						<SP ID="P35_SP00441" HPOS="2061" VPOS="2350" WIDTH="34"/>
						<String ID="P35_ST00522" HPOS="2095" VPOS="2318" WIDTH="201" HEIGHT="34" CONTENT="propose" WC="1.00" CC="0300300"/>
						<SP ID="P35_SP00442" HPOS="2296" VPOS="2352" WIDTH="37"/>
						<String ID="P35_ST00523" HPOS="2333" VPOS="2300" WIDTH="180" HEIGHT="44" CONTENT="d'élabo" SUBS_TYPE="HypPart1" SUBS_CONTENT="d'élaborer," WC="0.99" CC="0466000"/>
						<HYP HPOS="2513" VPOS="2300" WIDTH="25" CONTENT="-"/>
					</TextLine>
					<TextLine ID="P35_TL00082" HPOS="1377" VPOS="2361" WIDTH="1161" HEIGHT="50">
						<String ID="P35_ST00524" HPOS="1377" VPOS="2378" WIDTH="82" HEIGHT="31" CONTENT="rer," SUBS_TYPE="HypPart2" SUBS_CONTENT="d'élaborer," WC="0.99" CC="0050"/>
						<SP ID="P35_SP00443" HPOS="1459" VPOS="2409" WIDTH="30"/>
						<String ID="P35_ST00525" HPOS="1489" VPOS="2381" WIDTH="87" HEIGHT="24" CONTENT="une" WC="0.97" CC="501"/>
						<SP ID="P35_SP00444" HPOS="1576" VPOS="2409" WIDTH="27"/>
						<String ID="P35_ST00526" HPOS="1603" VPOS="2361" WIDTH="111" HEIGHT="45" CONTENT="base" WC="1.00" CC="0000"/>
						<SP ID="P35_SP00445" HPOS="1714" VPOS="2409" WIDTH="27"/>
						<String ID="P35_ST00527" HPOS="1741" VPOS="2364" WIDTH="225" HEIGHT="47" CONTENT="concrète," WC="0.99" CC="010035043"/>
						<SP ID="P35_SP00446" HPOS="1966" VPOS="2411" WIDTH="31"/>
						<String ID="P35_ST00528" HPOS="1997" VPOS="2366" WIDTH="330" HEIGHT="42" CONTENT="extrêmement" WC="1.00" CC="30005020020"/>
						<SP ID="P35_SP00447" HPOS="2327" VPOS="2411" WIDTH="29"/>
						<String ID="P35_ST00529" HPOS="2356" VPOS="2366" WIDTH="160" HEIGHT="39" CONTENT="intéres" SUBS_TYPE="HypPart1" SUBS_CONTENT="intéressante," WC="0.99" CC="7007301"/>
						<HYP HPOS="2516" VPOS="2366" WIDTH="22" CONTENT="-"/>
					</TextLine>
					<TextLine ID="P35_TL00083" HPOS="1376" VPOS="2422" WIDTH="1160" HEIGHT="53">
						<String ID="P35_ST00530" HPOS="1376" VPOS="2434" WIDTH="141" HEIGHT="39" CONTENT="sante," SUBS_TYPE="HypPart2" SUBS_CONTENT="intéressante," WC="1.00" CC="000004"/>
						<SP ID="P35_SP00448" HPOS="1517" VPOS="2473" WIDTH="32"/>
						<String ID="P35_ST00531" HPOS="1549" VPOS="2422" WIDTH="208" HEIGHT="52" CONTENT="puisqu'il" WC="0.99" CC="036906150"/>
						<SP ID="P35_SP00449" HPOS="1757" VPOS="2474" WIDTH="29"/>
						<String ID="P35_ST00532" HPOS="1786" VPOS="2422" WIDTH="131" HEIGHT="52" CONTENT="s'agit" WC="0.98" CC="040970"/>
						<SP ID="P35_SP00450" HPOS="1917" VPOS="2474" WIDTH="30"/>
						<String ID="P35_ST00533" HPOS="1947" VPOS="2424" WIDTH="135" HEIGHT="45" CONTENT="d'une" WC="0.99" CC="04200"/>
						<SP ID="P35_SP00451" HPOS="2082" VPOS="2474" WIDTH="27"/>
						<String ID="P35_ST00534" HPOS="2109" VPOS="2428" WIDTH="278" HEIGHT="47" CONTENT="importante" WC="1.00" CC="7000400000"/>
						<SP ID="P35_SP00452" HPOS="2387" VPOS="2475" WIDTH="26"/>
						<String ID="P35_ST00535" HPOS="2413" VPOS="2442" WIDTH="93" HEIGHT="24" CONTENT="com" SUBS_TYPE="HypPart1" SUBS_CONTENT="commune" WC="0.96" CC="039"/>
						<HYP HPOS="2506" VPOS="2442" WIDTH="30" CONTENT="-"/>
					</TextLine>
					<TextLine ID="P35_TL00084" HPOS="1377" VPOS="2484" WIDTH="1159" HEIGHT="52">
						<String ID="P35_ST00536" HPOS="1377" VPOS="2502" WIDTH="137" HEIGHT="26" CONTENT="mune" SUBS_TYPE="HypPart2" SUBS_CONTENT="commune" WC="0.99" CC="0700"/>
						<SP ID="P35_SP00453" HPOS="1514" VPOS="2528" WIDTH="33"/>
						<String ID="P35_ST00537" HPOS="1547" VPOS="2488" WIDTH="58" HEIGHT="38" CONTENT="où" WC="1.00" CC="00"/>
						<SP ID="P35_SP00454" HPOS="1605" VPOS="2528" WIDTH="27"/>
						<String ID="P35_ST00538" HPOS="1632" VPOS="2487" WIDTH="42" HEIGHT="42" CONTENT="le" WC="1.00" CC="00"/>
						<SP ID="P35_SP00455" HPOS="1674" VPOS="2529" WIDTH="27"/>
						<String ID="P35_ST00539" HPOS="1701" VPOS="2484" WIDTH="239" HEIGHT="52" CONTENT="problème" WC="0.99" CC="02105700"/>
						<SP ID="P35_SP00456" HPOS="1940" VPOS="2536" WIDTH="29"/>
						<String ID="P35_ST00540" HPOS="1969" VPOS="2484" WIDTH="159" HEIGHT="45" CONTENT="s'offre" WC="0.99" CC="0406430"/>
						<SP ID="P35_SP00457" HPOS="2128" VPOS="2536" WIDTH="32"/>
						<String ID="P35_ST00541" HPOS="2160" VPOS="2486" WIDTH="112" HEIGHT="44" CONTENT="dans" WC="0.94" CC="9890"/>
						<SP ID="P35_SP00458" HPOS="2272" VPOS="2536" WIDTH="29"/>
						<String ID="P35_ST00542" HPOS="2301" VPOS="2497" WIDTH="126" HEIGHT="32" CONTENT="toute" WC="0.99" CC="02600"/>
						<SP ID="P35_SP00459" HPOS="2427" VPOS="2536" WIDTH="27"/>
						<String ID="P35_ST00543" HPOS="2454" VPOS="2503" WIDTH="82" HEIGHT="25" CONTENT="son" WC="0.99" CC="002"/>
					</TextLine>
					<TextLine ID="P35_TL00085" HPOS="1376" VPOS="2546" WIDTH="219" HEIGHT="52">
						<String ID="P35_ST00544" HPOS="1376" VPOS="2546" WIDTH="219" HEIGHT="52" CONTENT="ampleur." WC="0.99" CC="90000563"/>
					</TextLine>
					<TextLine ID="P35_TL00086" HPOS="1446" VPOS="2608" WIDTH="1089" HEIGHT="50">
						<String ID="P35_ST00545" HPOS="1446" VPOS="2608" WIDTH="61" HEIGHT="41" CONTENT="La" WC="0.81" CC="30"/>
						<SP ID="P35_SP00460" HPOS="1507" VPOS="2649" WIDTH="31"/>
						<String ID="P35_ST00546" HPOS="1538" VPOS="2626" WIDTH="136" HEIGHT="27" CONTENT="revue" WC="0.99" CC="00050"/>
						<SP ID="P35_SP00461" HPOS="1674" VPOS="2653" WIDTH="34"/>
						<String ID="P35_ST00547" HPOS="1708" VPOS="2624" WIDTH="23" HEIGHT="26" CONTENT="«" WC="0.47" CC="5"/>
						<SP ID="P35_SP00462" HPOS="1731" VPOS="2653" WIDTH="33"/>
						<String ID="P35_ST00548" HPOS="1764" VPOS="2608" WIDTH="61" HEIGHT="45" CONTENT="Le" WC="0.72" CC="40"/>
						<SP ID="P35_SP00463" HPOS="1825" VPOS="2653" WIDTH="29"/>
						<String ID="P35_ST00549" HPOS="1854" VPOS="2609" WIDTH="300" HEIGHT="44" CONTENT="Mouvement" WC="1.00" CC="015000000"/>
						<SP ID="P35_SP00464" HPOS="2154" VPOS="2653" WIDTH="29"/>
						<String ID="P35_ST00550" HPOS="2183" VPOS="2610" WIDTH="277" HEIGHT="44" CONTENT="Communal" WC="1.00" CC="00006000"/>
						<SP ID="P35_SP00465" HPOS="2460" VPOS="2654" WIDTH="34"/>
						<String ID="P35_ST00551" HPOS="2494" VPOS="2627" WIDTH="41" HEIGHT="31" CONTENT="»," WC="0.47" CC="54"/>
					</TextLine>
					<TextLine ID="P35_TL00087" HPOS="1377" VPOS="2670" WIDTH="1161" HEIGHT="54">
						<String ID="P35_ST00552" HPOS="1377" VPOS="2671" WIDTH="274" HEIGHT="53" CONTENT="examinant," WC="1.00" CC="0000700004"/>
						<SP ID="P35_SP00466" HPOS="1651" VPOS="2724" WIDTH="37"/>
						<String ID="P35_ST00553" HPOS="1688" VPOS="2670" WIDTH="111" HEIGHT="45" CONTENT="dans" WC="0.96" CC="9800"/>
						<SP ID="P35_SP00467" HPOS="1799" VPOS="2724" WIDTH="27"/>
						<String ID="P35_ST00554" HPOS="1826" VPOS="2688" WIDTH="59" HEIGHT="26" CONTENT="un" WC="0.64" CC="70"/>
						<SP ID="P35_SP00468" HPOS="1885" VPOS="2724" WIDTH="29"/>
						<String ID="P35_ST00555" HPOS="1914" VPOS="2672" WIDTH="153" HEIGHT="43" CONTENT="article" WC="0.99" CC="0306003"/>
						<SP ID="P35_SP00469" HPOS="2067" VPOS="2724" WIDTH="27"/>
						<String ID="P35_ST00556" HPOS="2094" VPOS="2670" WIDTH="214" HEIGHT="54" CONTENT="complet," WC="1.00" CC="20002002"/>
						<SP ID="P35_SP00470" HPOS="2308" VPOS="2724" WIDTH="34"/>
						<String ID="P35_ST00557" HPOS="2342" VPOS="2672" WIDTH="64" HEIGHT="44" CONTENT="les" WC="0.99" CC="200"/>
						<SP ID="P35_SP00471" HPOS="2406" VPOS="2724" WIDTH="28"/>
						<String ID="P35_ST00558" HPOS="2434" VPOS="2689" WIDTH="78" HEIGHT="33" CONTENT="pos" SUBS_TYPE="HypPart1" SUBS_CONTENT="possibilités" WC="0.98" CC="030"/>
						<HYP HPOS="2512" VPOS="2689" WIDTH="26" CONTENT="-"/>
					</TextLine>
					<TextLine ID="P35_TL00088" HPOS="1377" VPOS="2731" WIDTH="1164" HEIGHT="54">
						<String ID="P35_ST00559" HPOS="1377" VPOS="2732" WIDTH="184" HEIGHT="44" CONTENT="sibilités" SUBS_TYPE="HypPart2" SUBS_CONTENT="possibilités" WC="0.99" CC="150545050"/>
						<SP ID="P35_SP00472" HPOS="1561" VPOS="2776" WIDTH="33"/>
						<String ID="P35_ST00560" HPOS="1594" VPOS="2732" WIDTH="57" HEIGHT="43" CONTENT="de" WC="1.00" CC="00"/>
						<SP ID="P35_SP00473" HPOS="1651" VPOS="2776" WIDTH="32"/>
						<String ID="P35_ST00561" HPOS="1683" VPOS="2731" WIDTH="257" HEIGHT="44" CONTENT="réalisation" WC="0.99" CC="47067400700"/>
						<SP ID="P35_SP00474" HPOS="1940" VPOS="2776" WIDTH="38"/>
						<String ID="P35_ST00562" HPOS="1978" VPOS="2750" WIDTH="85" HEIGHT="34" CONTENT="que" WC="0.98" CC="050"/>
						<SP ID="P35_SP00475" HPOS="2063" VPOS="2784" WIDTH="31"/>
						<String ID="P35_ST00563" HPOS="2094" VPOS="2736" WIDTH="213" HEIGHT="47" CONTENT="présente" WC="0.99" CC="51700000"/>
						<SP ID="P35_SP00476" HPOS="2307" VPOS="2784" WIDTH="31"/>
						<String ID="P35_ST00564" HPOS="2338" VPOS="2733" WIDTH="42" HEIGHT="43" CONTENT="la" WC="0.80" CC="40"/>
						<SP ID="P35_SP00477" HPOS="2380" VPOS="2784" WIDTH="33"/>
						<String ID="P35_ST00565" HPOS="2413" VPOS="2733" WIDTH="107" HEIGHT="52" CONTENT="légis" SUBS_TYPE="HypPart1" SUBS_CONTENT="législation" WC="0.98" CC="27080"/>
						<HYP HPOS="2520" VPOS="2733" WIDTH="21" CONTENT="-"/>
					</TextLine>
					<TextLine ID="P35_TL00089" HPOS="1376" VPOS="2794" WIDTH="1164" HEIGHT="44">
						<String ID="P35_ST00566" HPOS="1376" VPOS="2794" WIDTH="140" HEIGHT="43" CONTENT="lation" SUBS_TYPE="HypPart2" SUBS_CONTENT="législation" WC="0.99" CC="000600"/>
						<SP ID="P35_SP00478" HPOS="1516" VPOS="2837" WIDTH="32"/>
						<String ID="P35_ST00567" HPOS="1548" VPOS="2794" WIDTH="191" HEIGHT="44" CONTENT="actuelle" WC="1.00" CC="00000630"/>
						<SP ID="P35_SP00479" HPOS="1739" VPOS="2838" WIDTH="32"/>
						<String ID="P35_ST00568" HPOS="1771" VPOS="2805" WIDTH="278" HEIGHT="32" CONTENT="concernant" WC="1.00" CC="0200000006"/>
						<SP ID="P35_SP00480" HPOS="2049" VPOS="2838" WIDTH="32"/>
						<String ID="P35_ST00569" HPOS="2081" VPOS="2795" WIDTH="64" HEIGHT="42" CONTENT="les" WC="1.00" CC="000"/>
						<SP ID="P35_SP00481" HPOS="2145" VPOS="2838" WIDTH="31"/>
						<String ID="P35_ST00570" HPOS="2176" VPOS="2795" WIDTH="364" HEIGHT="42" CONTENT="établissements" WC="1.00" CC="70000500000004"/>
					</TextLine>
					<TextLine ID="P35_TL00090" HPOS="1376" VPOS="2855" WIDTH="1165" HEIGHT="54">
						<String ID="P35_ST00571" HPOS="1376" VPOS="2856" WIDTH="266" HEIGHT="49" CONTENT="industriels," WC="0.99" CC="709000060104"/>
						<SP ID="P35_SP00482" HPOS="1642" VPOS="2905" WIDTH="56"/>
						<String ID="P35_ST00572" HPOS="1698" VPOS="2855" WIDTH="237" HEIGHT="43" CONTENT="considère" WC="0.98" CC="300089790"/>
						<SP ID="P35_SP00483" HPOS="1935" VPOS="2905" WIDTH="53"/>
						<String ID="P35_ST00573" HPOS="1988" VPOS="2859" WIDTH="172" HEIGHT="40" CONTENT="ensuite" WC="0.99" CC="0005600"/>
						<SP ID="P35_SP00484" HPOS="2160" VPOS="2905" WIDTH="52"/>
						<String ID="P35_ST00574" HPOS="2212" VPOS="2856" WIDTH="64" HEIGHT="44" CONTENT="les" WC="0.99" CC="010"/>
						<SP ID="P35_SP00485" HPOS="2276" VPOS="2905" WIDTH="51"/>
						<String ID="P35_ST00575" HPOS="2327" VPOS="2868" WIDTH="214" HEIGHT="41" CONTENT="rapports" WC="1.00" CC="00003300"/>
					</TextLine>
					<TextLine ID="P35_TL00091" HPOS="1376" VPOS="2917" WIDTH="1165" HEIGHT="52">
						<String ID="P35_ST00576" HPOS="1376" VPOS="2917" WIDTH="212" HEIGHT="45" CONTENT="efficaces" WC="0.99" CC="046600000"/>
						<SP ID="P35_SP00486" HPOS="1588" VPOS="2962" WIDTH="30"/>
						<String ID="P35_ST00577" HPOS="1618" VPOS="2924" WIDTH="72" HEIGHT="45" CONTENT="qui" WC="0.94" CC="366"/>
						<SP ID="P35_SP00487" HPOS="1690" VPOS="2969" WIDTH="29"/>
						<String ID="P35_ST00578" HPOS="1719" VPOS="2928" WIDTH="316" HEIGHT="40" CONTENT="permettront," WC="1.00" CC="000000020003"/>
						<SP ID="P35_SP00488" HPOS="2035" VPOS="2969" WIDTH="30"/>
						<String ID="P35_ST00579" HPOS="2065" VPOS="2938" WIDTH="56" HEIGHT="25" CONTENT="en" WC="0.96" CC="00"/>
						<SP ID="P35_SP00489" HPOS="2121" VPOS="2969" WIDTH="28"/>
						<String ID="P35_ST00580" HPOS="2149" VPOS="2918" WIDTH="42" HEIGHT="43" CONTENT="la" WC="0.85" CC="20"/>
						<SP ID="P35_SP00490" HPOS="2191" VPOS="2969" WIDTH="27"/>
						<String ID="P35_ST00581" HPOS="2218" VPOS="2921" WIDTH="190" HEIGHT="40" CONTENT="matière" WC="0.99" CC="0004700"/>
						<SP ID="P35_SP00491" HPOS="2408" VPOS="2969" WIDTH="44"/>
						<String ID="P35_ST00582" HPOS="2452" VPOS="2935" WIDTH="89" HEIGHT="27" CONTENT="aux" WC="0.95" CC="058"/>
					</TextLine>
					<TextLine ID="P35_TL00092" HPOS="1375" VPOS="2980" WIDTH="1166" HEIGHT="50">
						<String ID="P35_ST00583" HPOS="1375" VPOS="2982" WIDTH="215" HEIGHT="40" CONTENT="autorités" WC="1.00" CC="000006070"/>
						<SP ID="P35_SP00492" HPOS="1590" VPOS="3022" WIDTH="29"/>
						<String ID="P35_ST00584" HPOS="1619" VPOS="2980" WIDTH="279" HEIGHT="50" CONTENT="provinciale" WC="0.99" CC="01107075000"/>
						<SP ID="P35_SP00493" HPOS="1898" VPOS="3030" WIDTH="31"/>
						<String ID="P35_ST00585" HPOS="1929" VPOS="2991" WIDTH="43" HEIGHT="33" CONTENT="et" WC="1.00" CC="00"/>
						<SP ID="P35_SP00494" HPOS="1972" VPOS="3030" WIDTH="28"/>
						<String ID="P35_ST00586" HPOS="2000" VPOS="2983" WIDTH="294" HEIGHT="42" CONTENT="communale" WC="0.99" CC="600050013"/>
						<SP ID="P35_SP00495" HPOS="2294" VPOS="3030" WIDTH="35"/>
						<String ID="P35_ST00587" HPOS="2329" VPOS="2981" WIDTH="212" HEIGHT="43" CONTENT="d'établir" WC="0.99" CC="047000554"/>
					</TextLine>
					<TextLine ID="P35_TL00093" HPOS="1375" VPOS="3040" WIDTH="1165" HEIGHT="53">
						<String ID="P35_ST00588" HPOS="1375" VPOS="3060" WIDTH="59" HEIGHT="25" CONTENT="un" WC="0.88" CC="20"/>
						<SP ID="P35_SP00496" HPOS="1434" VPOS="3085" WIDTH="42"/>
						<String ID="P35_ST00589" HPOS="1476" VPOS="3041" WIDTH="133" HEIGHT="44" CONTENT="ordre" WC="0.98" CC="10920"/>
						<SP ID="P35_SP00497" HPOS="1609" VPOS="3085" WIDTH="42"/>
						<String ID="P35_ST00590" HPOS="1651" VPOS="3041" WIDTH="57" HEIGHT="43" CONTENT="de" WC="0.58" CC="70"/>
						<SP ID="P35_SP00498" HPOS="1708" VPOS="3085" WIDTH="40"/>
						<String ID="P35_ST00591" HPOS="1748" VPOS="3040" WIDTH="184" HEIGHT="46" CONTENT="marche" WC="0.98" CC="000773"/>
						<SP ID="P35_SP00499" HPOS="1932" VPOS="3086" WIDTH="41"/>
						<String ID="P35_ST00592" HPOS="1973" VPOS="3060" WIDTH="83" HEIGHT="33" CONTENT="par" WC="0.98" CC="004"/>
						<SP ID="P35_SP00500" HPOS="2056" VPOS="3093" WIDTH="39"/>
						<String ID="P35_ST00593" HPOS="2095" VPOS="3041" WIDTH="323" HEIGHT="48" CONTENT="l'élaboration" WC="0.99" CC="3485000300630"/>
						<SP ID="P35_SP00501" HPOS="2418" VPOS="3093" WIDTH="44"/>
						<String ID="P35_ST00594" HPOS="2462" VPOS="3043" WIDTH="78" HEIGHT="45" CONTENT="des" WC="0.94" CC="905"/>
					</TextLine>
					<TextLine ID="P35_TL00094" HPOS="1371" VPOS="3102" WIDTH="287" HEIGHT="49">
						<String ID="P35_ST00595" HPOS="1371" VPOS="3102" WIDTH="287" HEIGHT="49" CONTENT="règlements." WC="0.99" CC="07860090003"/>
					</TextLine>
					<TextLine ID="P35_TL00095" HPOS="1440" VPOS="3164" WIDTH="1095" HEIGHT="55">
						<String ID="P35_ST00596" HPOS="1440" VPOS="3165" WIDTH="74" HEIGHT="43" CONTENT="Un" WC="1.00" CC="00"/>
						<SP ID="P35_SP00502" HPOS="1514" VPOS="3208" WIDTH="41"/>
						<String ID="P35_ST00597" HPOS="1555" VPOS="3183" WIDTH="207" HEIGHT="30" CONTENT="examen," WC="1.00" CC="0020004"/>
						<SP ID="P35_SP00503" HPOS="1762" VPOS="3213" WIDTH="42"/>
						<String ID="P35_ST00598" HPOS="1804" VPOS="3164" WIDTH="156" HEIGHT="53" CONTENT="rédigé" WC="0.97" CC="670707"/>
						<SP ID="P35_SP00504" HPOS="1960" VPOS="3217" WIDTH="41"/>
						<String ID="P35_ST00599" HPOS="2001" VPOS="3185" WIDTH="84" HEIGHT="33" CONTENT="par" WC="1.00" CC="000"/>
						<SP ID="P35_SP00505" HPOS="2085" VPOS="3218" WIDTH="38"/>
						<String ID="P35_ST00600" HPOS="2123" VPOS="3166" WIDTH="62" HEIGHT="45" CONTENT="M." WC="0.83" CC="03"/>
						<SP ID="P35_SP00506" HPOS="2185" VPOS="3218" WIDTH="44"/>
						<String ID="P35_ST00601" HPOS="2229" VPOS="3168" WIDTH="306" HEIGHT="51" CONTENT="Verwilghen," WC="0.66" CC="00026597004"/>
					</TextLine>
					<TextLine ID="P35_TL00096" HPOS="1376" VPOS="3227" WIDTH="1164" HEIGHT="54">
						<String ID="P35_ST00602" HPOS="1376" VPOS="3227" WIDTH="78" HEIGHT="45" CONTENT="des" WC="1.00" CC="000"/>
						<SP ID="P35_SP00507" HPOS="1454" VPOS="3272" WIDTH="27"/>
						<String ID="P35_ST00603" HPOS="1481" VPOS="3228" WIDTH="323" HEIGHT="50" CONTENT="prescriptions" WC="1.00" CC="0300057006300"/>
						<SP ID="P35_SP00508" HPOS="1804" VPOS="3278" WIDTH="22"/>
						<String ID="P35_ST00604" HPOS="1826" VPOS="3228" WIDTH="289" HEIGHT="51" CONTENT="accomplies," WC="1.00" CC="00010008423"/>
						<SP ID="P35_SP00509" HPOS="2115" VPOS="3279" WIDTH="30"/>
						<String ID="P35_ST00605" HPOS="2145" VPOS="3232" WIDTH="26" HEIGHT="39" CONTENT="à" WC="0.42" CC="5"/>
						<SP ID="P35_SP00510" HPOS="2171" VPOS="3279" WIDTH="21"/>
						<String ID="P35_ST00606" HPOS="2192" VPOS="3247" WIDTH="52" HEIGHT="25" CONTENT="ce" WC="0.75" CC="22"/>
						<SP ID="P35_SP00511" HPOS="2244" VPOS="3279" WIDTH="22"/>
						<String ID="P35_ST00607" HPOS="2266" VPOS="3234" WIDTH="130" HEIGHT="47" CONTENT="sujet," WC="0.99" CC="054002"/>
						<SP ID="P35_SP00512" HPOS="2396" VPOS="3281" WIDTH="31"/>
						<String ID="P35_ST00608" HPOS="2427" VPOS="3229" WIDTH="113" HEIGHT="43" CONTENT="dans" WC="0.98" CC="0007"/>
					</TextLine>
					<TextLine ID="P35_TL00097" HPOS="1373" VPOS="3290" WIDTH="1165" HEIGHT="54">
						<String ID="P35_ST00609" HPOS="1373" VPOS="3290" WIDTH="62" HEIGHT="43" CONTENT="les" WC="1.00" CC="000"/>
						<SP ID="P35_SP00513" HPOS="1435" VPOS="3333" WIDTH="29"/>
						<String ID="P35_ST00610" HPOS="1464" VPOS="3307" WIDTH="112" HEIGHT="33" CONTENT="pays" WC="1.00" CC="0000"/>
						<SP ID="P35_SP00514" HPOS="1576" VPOS="3340" WIDTH="28"/>
						<String ID="P35_ST00611" HPOS="1604" VPOS="3292" WIDTH="243" HEIGHT="52" CONTENT="étrangers," WC="0.99" CC="7027002004"/>
						<SP ID="P35_SP00515" HPOS="1847" VPOS="3344" WIDTH="35"/>
						<String ID="P35_ST00612" HPOS="1882" VPOS="3290" WIDTH="97" HEIGHT="43" CONTENT="doit" WC="0.98" CC="0160"/>
						<SP ID="P35_SP00516" HPOS="1979" VPOS="3344" WIDTH="25"/>
						<String ID="P35_ST00613" HPOS="2004" VPOS="3293" WIDTH="275" HEIGHT="41" CONTENT="convaincre" WC="1.00" CC="6100070000"/>
						<SP ID="P35_SP00517" HPOS="2279" VPOS="3344" WIDTH="31"/>
						<String ID="P35_ST00614" HPOS="2310" VPOS="3292" WIDTH="57" HEIGHT="43" CONTENT="de" WC="1.00" CC="00"/>
						<SP ID="P35_SP00518" HPOS="2367" VPOS="3344" WIDTH="27"/>
						<String ID="P35_ST00615" HPOS="2394" VPOS="3292" WIDTH="41" HEIGHT="43" CONTENT="la" WC="0.76" CC="40"/>
						<SP ID="P35_SP00519" HPOS="2435" VPOS="3344" WIDTH="28"/>
						<String ID="P35_ST00616" HPOS="2463" VPOS="3295" WIDTH="50" HEIGHT="39" CONTENT="né" SUBS_TYPE="HypPart1" SUBS_CONTENT="nécessité" WC="0.96" CC="07"/>
						<HYP HPOS="2513" VPOS="3295" WIDTH="25" CONTENT="-"/>
					</TextLine>
					<TextLine ID="P35_TL00098" HPOS="1373" VPOS="3350" WIDTH="1166" HEIGHT="55">
						<String ID="P35_ST00617" HPOS="1373" VPOS="3354" WIDTH="157" HEIGHT="39" CONTENT="cessité" SUBS_TYPE="HypPart2" SUBS_CONTENT="nécessité" WC="0.99" CC="0400607"/>
						<SP ID="P35_SP00520" HPOS="1530" VPOS="3393" WIDTH="37"/>
						<String ID="P35_ST00618" HPOS="1567" VPOS="3350" WIDTH="138" HEIGHT="44" CONTENT="d'une" WC="0.99" CC="01601"/>
						<SP ID="P35_SP00521" HPOS="1705" VPOS="3394" WIDTH="33"/>
						<String ID="P35_ST00619" HPOS="1738" VPOS="3350" WIDTH="105" HEIGHT="46" CONTENT="telle" WC="0.99" CC="00612"/>
						<SP ID="P35_SP00522" HPOS="1843" VPOS="3396" WIDTH="36"/>
						<String ID="P35_ST00620" HPOS="1879" VPOS="3352" WIDTH="379" HEIGHT="51" CONTENT="réglementation" WC="1.00" CC="07000000000610"/>
						<SP ID="P35_SP00523" HPOS="2258" VPOS="3403" WIDTH="35"/>
						<String ID="P35_ST00621" HPOS="2293" VPOS="3364" WIDTH="97" HEIGHT="34" CONTENT="tant" WC="1.00" CC="0000"/>
						<SP ID="P35_SP00524" HPOS="2390" VPOS="3403" WIDTH="33"/>
						<String ID="P35_ST00622" HPOS="2423" VPOS="3371" WIDTH="116" HEIGHT="34" CONTENT="pour" WC="0.98" CC="0700"/>
					</TextLine>
					<TextLine ID="P35_TL00099" HPOS="1373" VPOS="3411" WIDTH="1165" HEIGHT="55">
						<String ID="P35_ST00623" HPOS="1373" VPOS="3411" WIDTH="40" HEIGHT="44" CONTENT="la" WC="0.69" CC="60"/>
						<SP ID="P35_SP00525" HPOS="1413" VPOS="3455" WIDTH="29"/>
						<String ID="P35_ST00624" HPOS="1442" VPOS="3417" WIDTH="72" HEIGHT="40" CONTENT="vie" WC="0.98" CC="060"/>
						<SP ID="P35_SP00526" HPOS="1514" VPOS="3457" WIDTH="28"/>
						<String ID="P35_ST00625" HPOS="1542" VPOS="3415" WIDTH="304" HEIGHT="50" CONTENT="économique" WC="0.99" CC="7000007070"/>
						<SP ID="P35_SP00527" HPOS="1846" VPOS="3465" WIDTH="31"/>
						<String ID="P35_ST00626" HPOS="1877" VPOS="3413" WIDTH="58" HEIGHT="45" CONTENT="de" WC="1.00" CC="00"/>
						<SP ID="P35_SP00528" HPOS="1935" VPOS="3465" WIDTH="26"/>
						<String ID="P35_ST00627" HPOS="1961" VPOS="3415" WIDTH="43" HEIGHT="43" CONTENT="la" WC="1.00" CC="00"/>
						<SP ID="P35_SP00529" HPOS="2004" VPOS="3465" WIDTH="28"/>
						<String ID="P35_ST00628" HPOS="2032" VPOS="3432" WIDTH="245" HEIGHT="27" CONTENT="commune" WC="0.99" CC="4400500"/>
						<SP ID="P35_SP00530" HPOS="2277" VPOS="3465" WIDTH="29"/>
						<String ID="P35_ST00629" HPOS="2306" VPOS="3434" WIDTH="88" HEIGHT="32" CONTENT="que" WC="0.98" CC="040"/>
						<SP ID="P35_SP00531" HPOS="2394" VPOS="3466" WIDTH="28"/>
						<String ID="P35_ST00630" HPOS="2422" VPOS="3433" WIDTH="116" HEIGHT="33" CONTENT="pour" WC="0.98" CC="0150"/>
					</TextLine>
				</TextBlock>
				<TextBlock ID="P35_TB00005" HPOS="109" VPOS="3590" WIDTH="2420" HEIGHT="68" STYLEREFS="TXT_0 PAR_CENTER">
					<TextLine ID="P35_TL00100" HPOS="114" VPOS="3591" WIDTH="2415" HEIGHT="67">
						<String ID="P35_ST00631" HPOS="114" VPOS="3594" WIDTH="522" HEIGHT="52" CONTENT="SUPPLEMENT" WC="1.00" CC="6000002030"/>
						<SP ID="P35_SP00532" HPOS="636" VPOS="3646" WIDTH="63"/>
						<String ID="P35_ST00632" HPOS="699" VPOS="3595" WIDTH="113" HEIGHT="52" CONTENT="AU" WC="0.70" CC="32"/>
						<SP ID="P35_SP00533" HPOS="812" VPOS="3647" WIDTH="65"/>
						<String ID="P35_ST00633" HPOS="877" VPOS="3595" WIDTH="334" HEIGHT="52" CONTENT="VOLUME" WC="0.99" CC="230030"/>
						<SP ID="P35_SP00534" HPOS="1211" VPOS="3647" WIDTH="65"/>
						<String ID="P35_ST00634" HPOS="1276" VPOS="3591" WIDTH="95" HEIGHT="57" CONTENT="VI." WC="0.64" CC="064"/>
						<SP ID="P35_SP00535" HPOS="1371" VPOS="3648" WIDTH="200"/>
						<String ID="P35_ST00635" HPOS="1571" VPOS="3595" WIDTH="81" HEIGHT="51" CONTENT="N°" WC="0.78" CC="04"/>
						<SP ID="P35_SP00536" HPOS="1652" VPOS="3648" WIDTH="66"/>
						<String ID="P35_ST00636" HPOS="1718" VPOS="3615" WIDTH="33" HEIGHT="43" CONTENT="4" WC="0.75" CC="2"/>
						<SP ID="P35_SP00537" HPOS="1751" VPOS="3658" WIDTH="64"/>
						<String ID="P35_ST00637" HPOS="1815" VPOS="3596" WIDTH="101" HEIGHT="52" CONTENT="DE" WC="0.97" CC="00"/>
						<SP ID="P35_SP00538" HPOS="1916" VPOS="3658" WIDTH="71"/>
						<String ID="P35_ST00638" HPOS="1987" VPOS="3617" WIDTH="31" HEIGHT="31" CONTENT="«" WC="0.82" CC="1"/>
						<SP ID="P35_SP00539" HPOS="2018" VPOS="3658" WIDTH="66"/>
						<String ID="P35_ST00639" HPOS="2084" VPOS="3597" WIDTH="99" HEIGHT="53" CONTENT="LA" WC="0.85" CC="02"/>
						<SP ID="P35_SP00540" HPOS="2183" VPOS="3658" WIDTH="58"/>
						<String ID="P35_ST00640" HPOS="2241" VPOS="3599" WIDTH="179" HEIGHT="51" CONTENT="CITE" WC="1.00" CC="0001"/>
						<SP ID="P35_SP00541" HPOS="2420" VPOS="3658" WIDTH="63"/>
						<String ID="P35_ST00641" HPOS="2483" VPOS="3618" WIDTH="46" HEIGHT="32" CONTENT="»." WC="0.53" CC="44"/>
					</TextLine>
				</TextBlock>
			</PrintSpace>
		</Page>
	</Layout>
</alto>
