2809 3970
2009 278 280 50 TEK
2353 278 51 50 H
2470 278 54 50 N
2592 278 40 49 E

2549 3677 137 77 43

241 468 40 40 le
310 463 228 51 dispositif
566 462 79 45 des
674 461 193 42 doubles
893 460 196 43 fenêtres
1115 464 26 39 à
1168 467 241 36 ouverture

240 539 283 45 simultanée,
571 536 136 51 etc.),
757 534 268 43 l'ensemble
1071 534 57 41 de
1175 532 235 49 l'ouvrage

240 623 79 42 est,
358 614 25 38 à
416 613 96 39 vrai
545 609 109 48 dire,
686 608 107 45 bien
825 605 252 45 inoffensif.
1115 605 119 42 Pour
1266 603 144 44 n'être

240 703 83 34 pas
346 688 166 47 injuste
539 685 61 42 M.
632 682 228 51 Kennedy
884 683 82 42 fait
989 697 262 35 remarquer
1276 680 134 50 qu'en

241 776 180 25 somme
455 775 90 25 une
578 757 152 41 clause
763 755 265 47 essentielle,
1068 763 45 32 et
1150 755 73 49 qui
1256 770 29 24 n
1307 755 106 38 était

243 850 83 34 pas
366 835 177 39 inscrite
585 849 55 24 au
677 845 307 36 programme,
1024 829 108 39 était
1170 844 56 25 en
1265 826 68 40 soi
1373 824 43 42 la

244 904 250 54 principale
517 902 223 44 difficulté
763 904 27 39 à
809 903 184 41 vaincre
1021 918 9 25 :
1056 900 28 43 il
1107 899 144 43 fallait
1274 899 141 48 plaire

244 984 25 39 à
291 980 102 51 plus
418 979 58 42 de
504 981 243 47 cinquante
774 977 200 40 nations!

315 1051 31 43 Il
378 1063 67 32 est
473 1049 121 42 donc
620 1045 358 45 vraisemblable
1007 1063 87 33 que
1124 1042 288 49 l'architecte,

247 1128 134 48 après
411 1127 130 38 avoir
567 1125 282 43 strictement
879 1118 159 44 réalisé
1068 1118 255 47 l'utilitaire,
1357 1115 63 42 ait

246 1198 144 42 voulu
425 1197 153 42 flatter
610 1195 41 43 le
683 1196 255 41 sentiment.
976 1191 32 44 11
1040 1190 108 45 s'est
1178 1189 125 43 donc
1335 1189 85 40 mis

250 1274 26 38 à
308 1287 23 25 «
365 1270 190 41 décorer
584 1284 22 26 »
637 1267 96 43 afin
762 1284 86 34 que
874 1267 64 41 les
964 1265 206 42 bureaux
1195 1265 226 49 proposés

251 1345 194 50 prissent
477 1360 61 26 un
574 1344 65 39 air
671 1341 190 43 lointain
898 1339 57 44 de
990 1339 160 51 palace
1284 1353 75 26 car
1393 1335 28 43 il

251 1427 68 32 est
349 1416 148 41 admis
529 1432 87 33 que
650 1414 41 44 le
720 1412 163 53 palace
915 1430 26 24 a
973 1411 120 43 droit
1126 1409 204 46 d'entrée
1361 1412 38 39 in-

257 1488 314 45 ternationale.
608 1487 62 44 Le
700 1485 179 52 budget
910 1488 109 41 était
1049 1494 218 42 pourtant
1297 1500 126 26 assez

254 1564 154 43 limité.
447 1560 56 45 Et
534 1564 29 43 il
597 1574 75 33 eut
702 1576 105 24 sans
842 1558 141 44 doute
1015 1557 153 42 mieux
1197 1557 108 42 valu
1338 1572 87 35 que

254 1637 42 42 la
322 1635 202 51 dépense
548 1633 199 43 affectée
771 1649 89 24 aux
884 1630 370 43 monumentales
1278 1640 44 32 et
1343 1645 84 34 par

256 1720 103 39 trop
401 1708 244 50 classiques
686 1722 194 30 rosaces,
921 1703 247 54 corniches,
1215 1702 186 44 candéla-

1481 459 116 52 bres,
1628 456 256 47 bas-reliefs
1913 457 162 46 divers,
2198 469 43 32 et
2271 466 172 32 surtout
2471 459 24 38 à
2524 466 116 31 cette

1484 530 299 51 inexplicable
1837 546 147 25 masse
2039 529 230 41 surélevée
2323 530 73 49 qui
2450 528 190 51 prétend

1483 615 164 32 mettre
1689 621 58 26 un
1792 619 23 24 «
1859 616 158 31 accent
2058 618 40 31 »,
2143 612 239 40 purement
2422 600 221 43 décoratif

1487 675 239 50 d'ailleurs,
1767 693 73 24 sur
1872 677 42 41 la
1950 692 147 26 masse
2134 675 57 42 de
2229 673 196 43 l'édifice
2559 690 57 33 qu

1484 762 119 34 cette
1635 749 199 51 dépense
1865 760 75 31 eut
1968 750 128 52 servi,
2130 765 82 33 par
2243 746 222 54 exemple,
2497 750 25 38 à
2551 749 71 39 réa-

1487 824 102 42 liser
1635 823 99 50 plus
1780 821 340 42 d'innovations
2160 819 244 42 véritables
2451 820 112 41 dans
2607 819 41 40 le

1487 896 185 43 confort
1707 910 44 31 et
1788 896 11 41 1
1822 894 101 43 aide
1961 896 230 48 précieuse
2227 910 86 34 que
2347 896 190 48 pouvait
2573 909 52 33 ap-

1488 980 156 40 porter
1665 967 329 44 l'architecture
2016 974 26 38 à
2063 965 396 46 l'administration
2485 964 165 52 qu'elle

1489 1061 26 23 a
1539 1059 115 33 pour
1677 1040 130 47 tâche
1831 1041 56 43 de
1910 1043 152 41 servir.
2089 1040 226 44 Peut-être
2337 1049 158 36 eut-on
2516 1040 130 45 évité,

1491 1120 123 45 ainsi,
1649 1116 106 42 bien
1790 1115 81 41 des
1901 1115 244 49 illogismes
2176 1126 44 32 et
2248 1113 83 42 des
2365 1113 130 42 fades
2525 1115 103 39 rémi-

1493 1191 242 41 niscences.

1560 1263 245 50 Ajoutons,
1854 1277 116 34 pour
2011 1260 225 46 conclure,
2281 1276 85 34 que
2410 1261 63 41 les
2514 1260 112 39 maté-

1500 1340 125 38 riaux
1662 1335 60 42 du
1757 1352 103 33 gros
1896 1351 155 27 œuvre
2085 1348 104 30 sont
2231 1351 8 23 :
2280 1334 40 42 le
2354 1332 143 45 béton
2530 1333 125 40 armé

1500 1426 117 34 pour
1652 1409 236 47 l'ossature
1923 1407 231 51 générale;
2191 1407 40 42 le
2265 1409 146 47 granit
2445 1422 116 34 pour
2596 1405 62 42 les

1502 1483 219 41 sous-sols
1761 1494 43 32 et
1844 1480 387 47 rez-de-chausée;
2275 1480 41 42 la
2359 1481 145 50 pierre
2544 1492 115 36 pour

1503 1558 63 41 les
1594 1572 120 25 murs
1741 1558 243 40 extérieurs
2016 1554 60 41 du
2102 1555 194 51 premier
2323 1555 142 49 étage,
2496 1553 63 44 les
2584 1567 50 25 au-

1504 1640 89 31 tres
1624 1646 120 27 murs
1776 1632 125 38 étant
1933 1628 102 41 fatis
2067 1627 56 43 de
2152 1629 146 48 pierre
2330 1625 261 43 artificielle.

263 2106 704 79 CONCOURS
1066 2103 332 77 POUR
1497 2103 138 72 LE
1734 2102 444 73 PALAIS
2275 2102 155 70 DE
2529 2102 134 70 LA

263 2225 544 94 SOCIÉTÉ
931 2238 241 74 DES
1294 2236 546 73 NATIONS
1962 2238 61 69 A
2158 2220 510 87 GENÈVE

338 2418 34 42 L
392 2420 163 39 intérêt
590 2432 86 34 que
711 2415 94 42 l'on
840 2425 132 40 porte
1009 2412 113 41 dans
1158 2411 63 41 les
1256 2408 183 43 milieux

268 2480 359 51 professionnels
667 2475 158 51 belges
865 2478 24 38 à
930 2486 71 30 cet
1039 2476 252 46 important
1331 2485 79 27 con-

269 2559 143 33 cours,
444 2540 108 43 s'est
580 2537 243 43 manifesté
850 2554 83 34 par
962 2536 40 40 la
1030 2533 217 53 publicité
1277 2533 74 50 qui
1380 2531 58 42 lui

268 2622 26 23 a
326 2606 71 39 été
430 2602 182 42 donnée
646 2600 115 41 dans
788 2600 63 45 les
882 2613 160 26 revues
1074 2594 360 43 d'architecture,

270 2682 82 34 par
391 2663 170 45 l'étude
602 2679 85 34 que
727 2662 64 41 les
830 2658 272 52 principales
1141 2656 298 42 associations

272 2724 403 54 professionnelles
712 2742 55 24 en
804 2733 80 31 ont
919 2722 92 47 fait,
1053 2719 99 52 plus
1188 2714 231 54 particuliè-

273 2801 177 31 rement
493 2804 82 35 par
620 2790 40 41 le
703 2801 180 33 voyage
928 2785 25 38 à
991 2781 196 41 Genève
1233 2778 208 50 organisé

272 2868 81 34 par
378 2851 42 40 la
446 2849 177 41 Société
649 2844 212 44 Centrale
888 2842 347 44 d'architecture
1263 2840 57 42 de
1346 2837 74 42 Bel-

274 2916 133 48 gique
446 2924 43 30 et
528 2909 163 51 auquel
728 2926 59 24 un
824 2905 144 52 grand
1006 2902 195 45 nombre
1241 2900 57 41 de
1335 2917 81 25 con-

275 2975 140 42 frères
446 2985 80 30 ont
555 2974 90 49 pris
676 2980 114 41 part.

343 3035 75 43 On
449 3045 110 41 peut
589 3035 182 48 espérer
804 3030 79 42 dès
912 3032 93 41 lors
1035 3043 86 35 que
1153 3026 42 41 la
1228 3024 217 50 Belgique

275 3116 99 25 sera
406 3098 290 50 représentée
729 3093 115 42 dans
872 3101 118 34 cette
1024 3091 129 49 joûte
1182 3086 240 45 internatio-

277 3160 102 43 nale
421 3175 84 35 par
545 3175 89 25 une
679 3157 164 49 équipe
885 3150 289 46 nombreuse.
1221 3148 127 42 Nous
1390 3162 57 25 ne

277 3238 214 36 pouvons
540 3215 323 55 qu'applaudir
910 3231 57 25 au
1016 3213 230 50 généreux
1290 3208 159 42 labeur

279 3284 58 42 de
364 3302 69 26 ses
461 3283 298 50 participants
785 3290 44 34 et
858 3277 170 40 former
1058 3273 79 42 des
1166 3288 141 26 vœux
1333 3285 115 36 pour

279 3347 95 42 leur
402 3346 167 41 succès.

348 3404 277 54 Cependant
759 3419 102 27 sans
895 3397 179 44 vouloir
1110 3394 212 45 refroidir
1355 3392 94 42 leur

1516 2408 335 44 enthousiasme
1965 2409 27 42 il
2023 2425 114 25 nous
2161 2425 98 24 sera
2285 2408 167 50 permis
2480 2408 55 40 de
2562 2422 113 25 nous

1522 2470 110 42 faire
1677 2469 147 42 l'écho
1874 2469 182 50 d'âpres
2102 2472 209 47 qritiques
2357 2471 72 46 qui
2478 2479 79 30 ont
2603 2468 71 40 été

1517 2532 232 42 adressées
1786 2531 57 45 de
1880 2531 149 43 divers
2065 2533 124 38 côtés
2223 2538 156 35 contre
2415 2529 238 51 l'organisa-

1516 2597 94 38 tion
1646 2594 56 41 de
1735 2612 50 24 ce
1817 2609 235 26 concours.

1585 2681 118 41 Elles
1732 2681 133 41 firent
1893 2690 98 32 tout
2020 2677 197 43 d'abrod
2246 2675 163 53 l'objet
2438 2676 135 42 d'une
2601 2681 60 43 let-

1519 2755 64 30 tre
1620 2753 187 32 ouverte
1843 2740 210 44 adressée
2088 2740 27 41 il
2150 2757 28 33 y
2211 2757 25 23 a
2269 2738 219 52 plusieurs
2519 2740 134 39 semai-

1519 2823 78 25 nes
1646 2804 105 51 déjà
1801 2820 82 33 par
1930 2801 274 42 l'architecte
2248 2798 232 43 allemand
2529 2799 152 42 Bruno

1520 2865 119 43 Tant
1667 2883 57 24 au
1751 2869 102 47 jury
1884 2864 61 41 du
1972 2879 233 25 concours.
2238 2860 135 43 Etant
2403 2861 154 41 donné
2585 2858 77 42 l'in-

1521 2931 115 40 térêt
1667 2927 56 43 de
1754 2937 116 31 cette
1903 2925 129 42 lettre
2064 2938 43 30 et
2137 2924 40 42 la
2210 2923 135 43 haute
2374 2919 309 54 personnalité

1525 2990 55 43 de
1637 3007 82 24 son
1775 3000 161 30 autour
1989 3004 115 25 nous
2157 3002 146 25 avons
2357 2986 159 40 estimé
2573 2985 88 40 inté-

1524 3063 171 31 ressant
1735 3050 55 42 de
1831 3050 177 40 donner
2043 3065 87 25 une
2169 3044 258 44 traduction
2467 3044 59 42 du
2564 3053 121 32 texte

1523 3112 287 44 néerlandais
1862 3110 153 51 publié
2065 3126 81 34 par
2198 3111 41 41 le
2293 3124 22 25 «
2369 3104 316 50 Bouwkundig

1523 3173 258 44 Weekblad
1812 3189 22 25 »
1870 3170 362 43 d'Amsterdam.

1526 3261 91 46 Dès
1643 3260 273 44 l'ouverture
1945 3257 59 41 du
2029 3272 221 26 concours
2271 3257 64 41 les
2358 3255 191 40 sociétés
2570 3250 92 42 d'ar-

1526 3322 244 42 chitecture
1811 3318 311 43 hollandaises
2162 3319 196 44 avaient,
2406 3313 108 44 elles
2556 3314 128 44 aussi,

1525 3387 151 40 insisté
1703 3401 73 23 sur
1808 3382 62 43 les
1903 3381 105 41 frais
2036 3378 338 43 considérables
2403 3394 85 33 que
2518 3375 41 42 la
2585 3390 75 36 par-

277 3587 518 55 SUPPLEMENT
860 3584 111 51 AU
1038 3578 331 54 VOLUME
1434 3574 95 52 VI.
1731 3569 79 51 N°
1877 3587 33 44 4
1973 3566 100 50 DE
2145 3582 28 31 «
2241 3563 99 49 LA
2397 3560 179 51 CITE
2639 3575 47 32 ».
