2809 3970
1970 237 311 48 TEK
2365 235 51 49 H
2498 235 56 49 N
2637 234 42 50 E

2536 3645 140 90 52

284 427 102 40 bleu
411 424 210 42 verdâtre
647 440 57 23 ou
728 420 184 51 l'oxyde
937 429 98 32 vert
1062 420 57 41 de
1142 419 184 41 chrome
1359 417 83 49 (un

282 487 208 49 mélange
527 483 205 51 d'oxyde
763 487 138 46 jaune
938 490 43 32 et
1021 480 279 41 d'outremer
1337 478 105 42 bleu

284 548 205 41 donnera
521 549 114 38 aussi
670 561 57 25 un
760 553 99 31 vert
891 541 300 48 satisfaisant)
1211 558 8 29 ;
1254 556 117 33 pour
1403 539 39 40 le

281 626 111 29 rose,
432 608 59 40 de
522 609 163 48 petites
720 606 225 49 quantités
974 601 202 51 d'oxyde
1207 618 141 33 irouge
1383 598 58 42 de

281 671 206 50 fer;pour
512 668 62 42 les
598 683 196 26 nuances
816 681 175 35 rouges,
1017 663 126 42 telles
1169 679 86 34 que
1284 661 158 49 brique

281 749 57 23 ou
367 741 115 30 terre
507 732 126 42 cuite,
663 727 185 50 l'oxyde
874 742 140 35 rouge
1039 725 56 41 de
1122 723 86 48 fer;
1236 737 118 37 pouir
1377 721 64 41 les

280 791 134 42 effets
456 788 242 45 d'ardoise,
739 787 164 50 depuis
938 784 68 43 les
1043 784 98 49 plus
1180 783 130 41 clairs
1348 783 68 49 jus-

280 851 132 51 qu'au
440 850 106 44 bleu
569 847 198 47 sombre,
797 850 40 41 le
861 848 103 41 noir
990 845 57 42 de
1074 843 277 50 manganèse
1378 855 60 27 ou

278 913 40 43 le
347 915 99 39 noir
475 910 59 41 de
560 909 154 42 fumée
744 908 56 41 de
829 906 250 42 Francfort.

345 971 62 41 Ce
451 971 115 41 n'est
608 972 134 47 guère
787 985 85 33 que
914 984 83 34 par
1039 966 267 50 expérience
1350 978 87 34 que

277 1033 91 42 l'on
404 1043 108 40 peut
549 1031 273 40 déterminer
857 1030 62 41 les
953 1029 294 49 proportions
1281 1026 28 39 à
1346 1040 61 24 em-

274 1094 171 50 ployer.
471 1091 29 43 Il
520 1092 216 42 convient
760 1090 27 42 d
810 1092 209 38 exécuter
1035 1104 64 25 un
1115 1087 170 41 certain
1305 1099 96 26 nom-

273 1155 80 44 bre
377 1154 62 42 <de
466 1169 244 34 panneaux
733 1167 113 25 avec
876 1150 62 41 les
965 1151 171 39 mêmes
1161 1147 272 46 matériaux;

275 1216 62 42 les
375 1217 293 47 proportions
707 1212 56 42 de
792 1214 188 44 «ciment,
1018 1225 116 25 eaux
1169 1218 45 31 et
1248 1208 187 48 agrégat

273 1279 125 39 étant
426 1283 273 36 constantes,
733 1285 43 31 et
806 1273 64 40 les
900 1271 295 51 proportions
1227 1268 59 44 de
1312 1265 99 43 colo-

271 1346 101 32 rant
400 1348 207 39 pouvant
635 1336 157 40 varier.

339 1397 83 41 Les
470 1395 297 43 échantillons
816 1393 188 42 doivent
1052 1395 93 38 être
1190 1390 244 41 conservés

273 1459 112 42 dans
421 1476 86 25 une
539 1454 294 51 atmosphère
868 1452 185 42 humide
1089 1450 208 53 pendant
1331 1452 99 46 cinq

268 1524 137 47 jours.
439 1519 152 42 Eviter
622 1519 68 41 de.
708 1518 65 42 les
801 1532 194 35 exposer
1020 1519 26 38 à
1078 1515 43 41 la
1152 1515 184 40 lumière
1370 1513 42 41 di-

268 1591 122 33 recte
415 1582 60 42 du
497 1580 125 43 soleil
644 1588 141 36 avant
806 1576 129 54 qu'ils
958 1595 55 24 ne
1033 1579 148 39 soient
1203 1576 105 40 bien
1332 1574 76 42 dur-

268 1646 74 38 cis.
381 1642 58 42 Se
475 1640 211 52 rappeler
724 1656 85 33 que
847 1638 65 43 les
947 1652 247 35 panneaux
1229 1647 79 30 ont
1344 1649 88 26 une

268 1720 174 26 nuance
474 1702 98 50 plus
603 1700 183 42 sombre
820 1698 153 52 quand
1005 1699 51 42 ils
1088 1710 104 31 sont
1223 1694 209 43 humides

270 1782 85 33 que
388 1762 153 52 quand
574 1763 51 41 ils
656 1772 104 32 sont
792 1777 109 26 secs.

335 1825 65 41 En
441 1842 144 23 aucun
625 1840 86 31 cas,
756 1822 41 41 la
835 1823 271 49 proportion
1148 1819 56 44 de
1244 1820 186 39 matière

267 1887 233 42 colorante
532 1901 57 26 ne
619 1884 98 41 doit
747 1884 217 49 dépasser
999 1881 10 42 1
1027 1881 26 41 0
1084 1899 86 33 p.c.
1206 1880 59 43 du
1294 1877 137 52 poids

269 1948 57 42 de
356 1951 167 37 ciment
554 1945 228 50 employé.
819 1942 263 43 L'addition
1116 1941 57 44 de
1204 1940 103 50 plus
1340 1939 67 42 for-

267 2021 65 30 tes
361 2009 292 50 proportions
682 2017 68 32 est
781 2004 56 47 de
868 2014 158 33 nature
1058 2006 26 39 à
1116 2002 223 43 diminuer
1366 2001 64 43 les

264 2072 265 40 résistances
562 2067 59 42 du
651 2065 224 52 mél'ange.

334 2130 200 49 Lorsque
562 2129 59 41 du
645 2128 136 42 blanc
803 2127 108 42 clair
934 2137 66 32 est
1025 2125 158 48 désiré,
1214 2127 41 41 le
1279 2127 151 39 mieux

267 2204 66 31 est
370 2193 56 42 de
462 2192 110 43 faire
609 2209 57 24 un
706 2192 184 38 mortier
924 2203 113 25 avec
1070 2206 88 24 une
1190 2189 146 47 partie
1372 2183 58 42 de

266 2258 169 37 ciment
480 2251 135 43 blanc
661 2267 117 34 pour
825 2251 110 41 trois
982 2251 166 48 parties
1200 2247 56 42 de
1304 2246 127 41 sable

265 2314 147 42 blanc.

265 2435 171 43 DEUX
466 2432 327 45 REFORMES
819 2429 440 45 IMPORTANTES
1284 2428 108 44 CON-

265 2494 294 45 CERNANT
585 2495 104 43 LES
713 2492 317 44 TRAVAUX
1056 2490 248 44 PUBLICS

331 2559 95 41 Nos
445 2559 187 41 lecteurs
653 2566 40 33 et
713 2558 61 41 les
793 2565 344 40 entrepreneurs
1159 2553 56 42 de
1237 2563 192 32 travaux

263 2619 188 51 publics,
479 2618 165 42 affiliés
669 2621 26 37 à
722 2618 41 41 la
790 2615 273 43 Fédération
1089 2613 239 49 nationale,
1362 2629 44 25 sa-

261 2694 110 32 vent
393 2698 86 33 que
503 2682 42 42 la
572 2680 195 41 revision
794 2678 79 41 des
896 2676 172 43 cahiers
1092 2679 230 48 généraux
1348 2674 80 43 des

261 2744 186 50 charges
476 2760 47 25 se
552 2744 203 50 poursuit
785 2743 289 40 activement.

331 2804 61 40 La
425 2802 318 47 Commission,
773 2803 203 41 instituée
1004 2818 85 33 par
1117 2800 62 42 M.
1211 2798 212 47 Theunis,

262 2866 119 42 alors
412 2864 197 41 Premier
640 2862 212 52 Ministre,
884 2880 58 23 au
969 2864 94 41 sein
1096 2861 58 42 du
1193 2877 22 26 «
1249 2860 178 41 Comité

262 2926 239 50 Supérieur
539 2924 56 43 de
632 2924 218 43 Contrôle
890 2940 22 24 »
953 2926 26 38 à
1017 2921 147 44 l'effet
1202 2921 226 43 d'étudier

259 2997 117 33 cette
400 2990 206 44 révision,
616 3006 25 24 a
662 2990 215 39 consacré
901 2986 58 42 de
980 2985 298 43 nombreuses
1299 2987 103 40 séan-

261 3067 74 24 ces
357 3054 26 39 à
406 3066 52 26 ce
482 3050 157 41 travail
663 3046 306 51 méthodique.
997 3046 62 42 La
1081 3049 197 39 revision
1304 3046 57 41 de
1385 3045 41 41 la

262 3112 222 49 première
531 3111 141 50 partie
720 3108 79 42 des
847 3107 173 42 cahiers
1068 3110 230 48 généraux
1346 3106 81 41 des

261 3170 202 51 charges,
501 3171 141 50 partie
676 3168 359 45 administrative
1074 3172 73 48 qui
1186 3169 161 42 définit
1383 3177 44 32 et

261 3235 171 48 précise
466 3232 62 42 les
557 3231 132 44 bases
722 3231 61 41 du
813 3241 173 31 contrat
1019 3229 310 52 d'entreprise,
1363 3239 63 33 est

260 3293 212 42 achevée.
504 3292 60 44 Le
594 3296 152 47 projet
771 3295 109 38 sorti
906 3292 79 41 des
1013 3291 325 43 délibérations
1368 3290 57 43 de

261 3356 40 41 la
328 3355 305 40 Commission
660 3372 25 23 a
712 3357 69 38 été
807 3353 183 42 adressé
1016 3356 26 39 à
1067 3353 61 42 M.
1160 3355 39 40 le
1228 3354 199 40 Premier

1515 418 220 46 Ministre;
1759 414 175 43 celui-ci
1956 415 59 45 l'a
2037 418 185 38 aussitôt
2243 415 323 48 communiqué
2591 428 86 26 aux

1515 477 350 51 Départements
1908 474 285 43 ministériels
2237 476 237 40 intéressés
2515 492 56 25 en
2615 473 64 43 les

1515 542 147 47 priant
1690 537 57 43 de
1768 537 179 42 donner
1969 537 94 42 leur
2086 537 96 40 avis
2201 544 143 33 avant
2366 535 40 40 le
2436 534 10 41 1
2462 541 34 18 er
2519 534 155 50 juillet.

1582 598 124 43 Nous
1745 597 176 42 devons
1955 612 212 34 marquer
2202 605 121 33 toute
2357 604 134 32 notre
2524 610 130 25 recon-

1514 661 232 41 naissance
1785 659 26 40 à
1849 656 63 43 M.
1954 659 42 42 le
2035 656 198 42 Premier
2271 655 206 43 Ministre
2516 654 163 52 Jaspar

1512 737 118 34 pour
1658 718 190 44 l'intérêt
1880 716 108 51 qu'il
2018 735 25 23 a
2072 718 231 49 témoigné
2338 716 57 42 de
2425 715 42 43 la
2495 727 123 32 sorte
2651 717 28 39 à

1512 798 86 27 une
1626 782 88 40 très
1742 784 272 44 importante
2044 781 216 47 question.
2291 776 32 44 Il
2350 777 145 51 s'agit,
2528 793 56 26 en
2610 775 45 42 ef-

1514 841 74 49 fet,
1635 840 136 43 d'une
1811 855 156 25 œuvre
2004 836 340 49 considérable;
2387 836 40 45 le
2469 853 110 25 nom
2621 836 58 42 de

1512 901 62 44 M.
1618 901 162 50 Jaspar
1818 899 269 43 s'attachera
2127 901 25 40 à
2192 916 85 25 son
2315 897 363 42 aboutissement

1512 979 180 25 comme
1720 960 112 42 celui
1862 961 56 42 de
1949 959 60 45 M.
2043 958 198 43 Theunis
2268 957 213 43 s'attache
2511 960 26 40 à
2565 956 93 44 l'ini-

1511 1026 154 40 tiative
1694 1022 56 43 de
1778 1024 40 40 la
1849 1021 212 43 réforme.

1578 1083 125 42 Nous
1725 1099 146 24 avons
1893 1082 184 49 l'espoir
2102 1081 56 42 de
2179 1083 100 39 voir
2302 1080 179 42 bientôt
2504 1080 41 45 le
2567 1095 83 26 nou-

1508 1160 117 25 veau
1652 1143 149 41 cahier
1823 1143 182 50 général
2034 1142 80 42 des
2138 1141 188 51 charges
2350 1143 83 40 mis
2458 1158 56 26 en
2539 1156 137 33 usage

1512 1205 113 41 dans
1660 1206 62 41 les
1759 1205 268 48 entreprises
2067 1202 57 43 de
2159 1212 190 31 travaux
2383 1200 176 50 publics
2597 1199 79 42 des

1510 1266 150 43 divers
1695 1264 351 51 Départements
2081 1262 293 45 ministériels.

1576 1326 56 43 Et
1666 1343 112 26 nous
1813 1324 257 43 formulons
2103 1325 39 42 le
2174 1339 109 26 vœu
2319 1341 86 33 que
2439 1341 52 26 ce
2524 1322 153 42 cahier

1510 1387 79 41 des
1623 1386 319 50 charges-type
1977 1388 88 40 soit
2098 1383 176 52 adopté
2307 1402 84 34 par
2426 1394 149 33 toutes
2613 1383 64 42 les

1507 1447 399 42 Administrations
1934 1444 241 53 publiques
2211 1463 7 24 :
2250 1445 258 47 Provinces,
2538 1443 103 43 Com-

1508 1525 169 37 munes,
1719 1506 275 44 Institutions
2030 1506 190 42 d'utilité
2256 1506 230 51 publique.
2527 1505 30 43 Il
2592 1513 82 40 est,

1507 1587 55 25 en
1590 1569 125 52 effet,
1749 1569 107 42 d'un
1883 1570 200 49 puissant
2108 1570 161 40 intérêt
2302 1567 57 42 de
2386 1568 100 40 voir
2513 1565 163 44 unifier

1506 1631 64 42 les
1613 1629 171 42 cahiers
1830 1631 232 49 généraux
2106 1629 80 42 des
2226 1627 204 51 charges,
2477 1644 59 26 un
2579 1627 95 42 seul

1504 1692 279 50 cahier-type
1809 1691 329 50 parfaitement
2165 1691 210 40 ordonné
2404 1701 45 32 et
2475 1687 200 51 complet

1505 1752 284 51 remplaçant
1822 1750 252 43 désormais
2106 1760 120 35 toute
2258 1751 42 42 la
2333 1749 212 42 diversité
2580 1752 71 39 inu-

1504 1814 74 44 tile
1610 1813 79 44 des
1721 1812 270 42 documents
2023 1811 57 43 de
2110 1811 209 50 l'espèce.

1574 1874 130 45 Cette
1743 1875 223 50 première
2009 1872 201 44 réforme
2250 1885 66 32 est
2360 1872 120 42 donc
2521 1889 73 24 sur
2634 1870 41 43 le

1503 1938 131 49 point
1663 1935 239 43 d'aboutir.

1509 1998 52 51 («
1592 1998 263 51 Chronique
1884 1997 82 43 des
1988 1996 216 43 Travaux
2232 1996 180 43 Publics
2442 2013 41 31 »,
2519 1995 28 42 4
2575 1995 80 52 juil-

1500 2059 62 44 let
1599 2058 169 53 1926.)

1574 2191 312 42 PROVINCE
1944 2190 79 43 DE
2082 2189 302 44 HAINAUT.
2570 2188 104 43 LES

1505 2252 344 43 CARRIERES
1873 2251 76 43 ET
1974 2251 161 44 LEUR
2159 2249 419 45 PRODUCTION.

1505 2313 63 44 La
1880 2333 54 25 en
1958 2332 50 25 ce
2032 2317 74 48 qui
2126 2329 225 26 concerne
2374 2312 63 43 les
2459 2313 215 41 carrières

1503 2375 249 51 exploitées
1780 2375 114 41 dans
1921 2377 40 41 le
1989 2374 215 47 Hainaut,
2234 2374 127 42 vient
2392 2373 58 43 de
2476 2376 198 49 paraître

1501 2454 119 33 pour
1649 2437 233 43 l'exercice
1920 2437 9 40 1
1946 2435 110 45 924.

1569 2496 128 43 Nous
1724 2516 55 25 en
1809 2505 240 43 extrayons
2079 2500 63 41 les
2170 2500 389 47 renseignements
2588 2496 64 40 sui-

1499 2569 135 33 vants
1669 2577 8 23 :

1570 2620 33 42 Il
1624 2637 30 33 y
1675 2637 37 32 a,
1743 2619 113 45 dans
1876 2630 120 33 cette
2019 2622 233 50 province,
2289 2619 11 41 1
2319 2618 60 42 30
2403 2635 275 26 communes

1503 2684 73 48 qui
1603 2691 75 32 ont
1702 2680 84 43 des
1809 2683 145 49 sièges
1981 2680 42 42 d'
2032 2679 301 52 exploitation
2362 2680 56 43 de
2443 2680 229 46 carrières,

1503 2745 25 39 à
1563 2744 152 41 savoir
1754 2741 59 44 34
1851 2742 215 41 carrières
2098 2743 301 42 souterraines
2433 2753 45 32 et
2515 2740 94 43 234
2646 2742 28 39 à

1501 2803 82 44 ciel
1612 2813 170 34 ouvert.

1570 2865 61 43 Le
1665 2865 193 42 nombre
1892 2867 112 42 total
2040 2864 252 44 d'ouvriers
2328 2866 195 48 occupés
2557 2863 115 42 dans

1501 2927 66 42 les
1596 2927 213 43 carrières
1839 2925 287 51 hennuyères
2154 2924 207 44 s'élevait
2390 2942 58 26 en
2489 2925 10 41 1
2516 2924 95 42 924
2648 2927 24 38 à

1501 2988 145 48 9,844
1680 2998 156 33 contre
1875 2988 173 46 14,230
2081 3005 55 26 en
2176 2988 11 41 î
2203 2987 182 43 923.La
2417 2987 157 43 valeur
2606 2999 45 31 to-

1500 3051 89 42 tale
1625 3052 58 41 de
1712 3051 42 42 la
1786 3051 275 51 production
2096 3051 81 42 des
2208 3053 213 39 carrières
2455 3068 25 24 a
2512 3053 162 38 atteint

1508 3110 326 48 148,510,100
1872 3111 148 44 francs
2052 3119 158 37 contre
2252 3108 329 48 143,510.100
2617 3110 51 41 fr.

1501 3194 54 24 en
1589 3172 137 44 1923.

1569 3234 127 43 Cette
1719 3232 273 52 production
2016 3243 66 32 est
2104 3234 42 41 la
2168 3233 100 51 plus
2289 3236 277 48 importante
2595 3231 51 41 de-

1500 3298 97 47 puis
1633 3295 136 41 1912.

1569 3355 225 44 Donnons
1823 3359 39 41 le
1890 3359 268 48 principaux
2185 3354 205 53 produits
2418 3357 185 42 extraits
2631 3364 42 31 et

259 3536 512 52 SUPPLEMENT
835 3537 110 50 AU
1011 3537 331 51 VOLUME
1408 3536 95 53 VL
1705 3538 80 50 N°
1851 3557 32 44 4
1947 3538 101 51 DE
2121 3557 28 31 «
2217 3538 98 50 LA
2375 3538 181 50 CITE
2620 3555 47 32 ».
