2806 4249
408 449 79 47 LA
518 450 291 55 MUSIQUE
842 451 162 45 DANS
1039 449 384 46 L'YMAGERIE
1457 450 84 45 DU
1575 451 219 47 MOYEN
1826 455 123 45 AGE

2036 471 29 46 7

292 598 74 43 des
384 599 112 43 deux
519 601 194 56 peuples.
739 598 60 41 Le
821 598 186 42 nombre
1029 605 41 33 et
1093 597 40 41 la
1152 597 165 41 variété
1338 597 74 41 des
1436 597 295 43 instruments
1752 602 235 53 semblent,
2008 617 56 27 au

294 675 190 56 premier
500 687 113 40 coup
633 672 136 53 d'œil,
788 671 151 42 devoir
958 671 291 42 embarrasser
1267 671 262 56 l'historien,
1549 673 125 54 mais,
1691 675 124 55 après
1837 688 86 28 une
1937 677 129 40 étude

296 749 102 55 plus
420 746 299 60 approfondie,
746 746 29 42 il
803 760 113 28 nous
946 755 62 34 est
1030 747 124 43 facile
1176 748 51 42 de
1249 748 112 52 voir,
1397 748 157 55 jusque
1576 749 108 41 dans
1705 763 64 27 ses
1792 750 100 54 plus
1913 750 122 43 minu-

291 823 122 43 tieux
449 821 169 54 détails,
656 835 45 28 ce
740 835 87 41 que
863 835 112 28 nous
1016 822 235 54 pourrions
1281 823 177 55 appeler
1486 823 266 43 l'extérieur
1776 824 187 44 musical
1990 826 75 41 des

291 898 175 41 anciens
497 896 180 56 peuples
700 896 247 43 orientaux.
989 896 138 43 Grâce
1156 911 87 28 aux
1279 898 279 43 découvertes
1592 899 72 42 des
1992 901 73 41 des

292 971 220 49 Mariette,
555 971 73 41 des
663 971 331 55 Champollion,
1027 972 72 42 des
1122 972 186 56 Oppert,
1343 973 32 40 il
1395 973 175 43 devient
1592 973 189 55 possible
1802 974 51 44 de
1874 974 124 55 juger
2018 990 46 27 ce

289 1045 185 56 qu'était
491 1046 40 41 la
554 1045 207 56 musique
783 1046 103 41 chez
905 1060 68 27 ces
997 1047 191 56 nations,
1203 1048 78 55 qui
1302 1047 149 42 furent
1472 1049 60 42 les
1564 1048 99 55 plus
1682 1048 237 43 anciennes
1942 1059 41 33 et
2006 1052 59 40 les

290 1119 102 56 plus
414 1120 247 54 puissantes
682 1120 60 42 du
762 1120 129 44 vieux
908 1121 175 50 monde,
1098 1130 41 33 et
1154 1122 192 41 l'Orient
1363 1122 184 42 musical
1564 1136 18 27 s
1599 1129 75 46 est,
1693 1136 111 42 pour
1823 1124 114 42 ainsi
1955 1125 107 53 dire,

288 1194 233 43 découvert
543 1198 23 37 à
590 1208 78 28 nos
689 1208 131 41 yeux.
857 1195 190 43 Chœurs
1067 1197 52 40 de
1141 1197 252 52 chanteurs,
1429 1197 182 55 longues
1644 1198 187 42 théories
1863 1199 52 41 de
1944 1200 85 40 dan-

289 1282 159 37 seuses,
473 1283 43 27 se
541 1270 237 57 balançant
799 1270 423 55 voluptueusement
1244 1285 55 28 au
1322 1285 77 27 son
1419 1271 72 41 des
1516 1272 194 54 magadis
1733 1280 41 34 et
1799 1273 74 40 des
1896 1275 166 52 nables,

286 1355 168 29 comme
468 1344 72 40 des
553 1344 236 55 bayadères
811 1344 236 48 hindoues,
1068 1345 197 41 marches
1291 1346 285 54 triomphales
1597 1346 52 42 de
1671 1347 184 55 princes,
1867 1351 198 39 traînant

289 1417 189 44 derrière
498 1418 115 42 leurs
634 1419 123 41 chars
777 1419 60 40 les
861 1420 179 54 peuples
1058 1420 203 54 vaincus,
1284 1422 206 39 entourés
1510 1420 49 41 de
1576 1422 230 41 tambours
1829 1436 176 27 sonores
2022 1430 42 34 et

289 1493 51 40 de
362 1493 156 55 harpes
538 1493 342 54 retentissantes,
905 1502 144 34 toutes
1072 1508 68 28 ces
1162 1496 187 52 grandes
1379 1495 266 42 cérémonies
1667 1496 59 40 du
1756 1497 133 52 culte,
1921 1505 143 34 toutes

285 1581 66 26 ces
375 1581 260 41 pompeuses
658 1567 354 43 manifestations
1034 1569 51 40 de
1103 1569 41 42 la
1176 1569 197 54 victoire,
1410 1569 107 42 dans
1545 1570 226 55 lesquelles
1792 1571 41 41 la
1857 1572 207 54 musique

285 1640 110 43 tient
437 1656 86 27 une
568 1642 34 40 si
641 1642 163 54 grande
844 1642 149 56 place,
1042 1652 79 32 ont
1164 1658 169 42 apparu
1385 1644 368 42 successivement
1794 1645 109 41 dans
1947 1646 114 41 leurs

286 1715 204 42 tableaux
529 1717 51 40 de
624 1717 150 54 pierre,
802 1731 170 28 comme
1014 1731 75 28 sur
1110 1718 59 41 les
1207 1719 244 41 bas-reliefs
1480 1719 71 43 des
1575 1719 169 55 églises,
1768 1733 42 29 se
1831 1720 231 44 déroulent

291 1789 61 41 les
373 1789 248 43 différentes
645 1792 147 40 scènes
812 1792 51 40 de
886 1806 78 27 nos
987 1796 211 52 mystères
1220 1794 233 43 chrétiens.

343 1867 39 39 A
399 1879 53 26 en
467 1865 123 54 juger
606 1879 78 41 par
704 1866 38 41 le
760 1868 182 40 nombre
964 1867 71 41 des
1058 1868 292 42 instruments
1368 1869 141 55 peints
1529 1878 40 32 et
1589 1870 189 56 sculptés
1802 1883 74 27 sur
1891 1870 59 40 les
1971 1884 61 27 mo-

289 1947 209 33 numents
521 1940 217 54 assyriens
759 1948 41 34 et
822 1941 246 54 égyptiens,
1094 1943 39 40 la
1158 1943 206 54 musique
1387 1944 51 41 de
1455 1958 68 27 ces
1544 1945 177 54 peuples
1743 1945 105 43 était
1869 1947 71 40 des
1964 1947 98 53 plus

288 2013 143 41 variée
460 2028 7 26 :
507 2023 185 44 cornets,
726 2013 146 55 flûtes,
908 2016 173 54 harpes,
1112 2016 262 56 psalterions
1403 2023 22 35 à
1447 2018 241 54 baguettes,
1718 2019 291 41 instruments
2039 2023 23 37 à

289 2087 145 42 cordes
465 2088 174 54 pincées
674 2089 51 40 de
748 2089 39 40 la
809 2089 166 42 famille
1006 2090 73 41 des
1109 2091 122 41 luths
1262 2099 40 32 et
1339 2092 207 55 guitares,
1581 2101 98 34 tout
1712 2093 104 41 était
1845 2094 213 54 employé.

285 2160 185 42 Comme
496 2175 56 27 on
574 2161 37 41 le
633 2175 125 27 verra
777 2163 109 40 dans
908 2162 41 42 la
973 2163 113 41 suite
1105 2164 50 40 de
1176 2177 46 27 ce
1256 2165 174 53 travail,
1466 2166 218 54 plusieurs
1707 2166 52 41 de
1791 2180 67 27 ces
1890 2166 144 42 instru-

289 2244 142 33 ments
454 2236 147 41 furent
617 2237 224 41 retrouvés
867 2251 76 41 par
964 2239 60 38 les
1047 2237 185 55 Croisés,
1248 2239 79 55 qui
1350 2239 59 41 les
1432 2243 303 51 rapportèrent
1756 2255 53 26 en
1828 2241 228 42 Occident.

286 2310 90 50 Qui
405 2310 70 42 n'a
496 2310 165 42 admiré
682 2324 66 28 ces
762 2310 244 56 splendides
1024 2312 154 56 harpes
1201 2313 283 55 égyptiennes
1500 2314 96 55 qui,
1615 2315 205 54 parleurs
1837 2315 139 42 riches
1992 2329 48 28 or-

291 2392 219 45 nements,
528 2383 206 55 parleurs
757 2384 221 53 élégantes
998 2385 255 49 courbures,
1278 2385 206 42 méritent
1503 2386 133 41 d'être
1649 2387 166 54 placées
1838 2388 142 54 parmi
2002 2388 59 41 les

291 2460 98 54 plus
411 2460 138 40 beaux
578 2458 136 56 objets
745 2459 125 41 d'art.
893 2457 186 43 L'étude
1106 2459 51 41 de
1180 2468 95 33 tant
1291 2459 214 56 d'espèces
1526 2461 196 54 d'agents
1743 2475 176 28 sonores
1947 2476 115 27 nous

289 2534 216 41 mènerait
522 2542 98 47 trop
641 2534 111 55 loin,
775 2534 117 41 aussi
916 2547 112 28 nous
1049 2542 453 34 contenterons-nous
1514 2536 52 40 de
1587 2549 211 42 renvoyer
1819 2536 39 41 le
1882 2537 176 50 lecteur,

285 2622 114 41 pour
439 2615 109 34 cette
581 2608 139 57 partie
760 2608 53 41 de
846 2608 353 55 l'lconographie
1229 2609 225 53 musicale,
1479 2615 23 35 à
1537 2623 62 27 un
1631 2610 211 42 excellent
1874 2611 107 40 livre
2012 2611 51 40 de

291 2683 64 40 M.
380 2683 102 41 Cari
506 2683 139 54 Engel
672 2683 63 55 (i)
759 2683 92 53 qui,
879 2696 99 28 sous
1014 2696 89 27 une
1138 2682 137 41 forme
1303 2683 129 41 claire
1463 2692 42 32 et
1526 2684 182 52 concise,
1734 2698 22 27 a
1792 2699 50 27 su
1864 2686 197 40 résumer

282 2764 98 34 tout
414 2771 47 27 ce
495 2771 86 40 que
610 2757 53 40 de
696 2757 195 40 récentes
925 2756 282 41 découvertes
1245 2771 113 28 nous
1380 2766 79 34 ont
1489 2759 143 56 appris
1655 2773 75 27 sur
1750 2759 98 42 l'art
1873 2759 185 42 musical

282 2831 104 41 chez
409 2832 61 40 les
492 2831 178 55 peuples
691 2832 52 40 de
765 2831 225 42 l'extrême
1013 2831 173 44 Orient.

336 2905 45 42 Si
405 2906 60 41 les
489 2905 371 56 représentations
882 2914 99 33 sont
1005 2907 286 46 nombreuses
1304 2920 112 42 pour
1435 2908 41 41 la
1499 2908 208 56 musique
1728 2910 74 40 des
1823 2909 236 55 Assyriens

463 2968 10 9 /

282 2988 42 33 et
348 2980 74 41 des
446 2981 259 55 Egyptiens,
742 2981 31 41 il
800 2982 100 40 n'en
922 2989 63 34 est
1008 2996 74 40 pas
1105 2982 51 40 de
1180 2983 139 40 même
1342 2996 114 41 pour
1478 2983 104 41 celle
1603 2984 73 41 des
1696 2984 126 52 Juifs,
1848 2984 211 55 auxquels

281 3055 117 40 leurs
430 3055 82 42 lois
546 3055 254 54 religieuses
837 3069 57 28 ou
932 3056 114 41 leurs
1092 3056 234 41 habitudes
1373 3057 255 55 artistiques
1668 3058 305 41 interdisaient
2015 3058 40 40 la

280 3130 318 55 reproduction
633 3131 51 40 de
706 3131 39 40 la
765 3131 196 41 créature
980 3131 52 40 de
1055 3131 113 41 Dieu
1201 3138 41 35 et
1261 3131 53 42 de
1336 3131 119 42 l'être
1478 3132 161 41 animé.
1663 3133 227 54 Quelques
1916 3131 116 42 Israé-

282 3203 99 41 lites
404 3206 266 54 représentés
687 3220 76 26 sur
784 3206 73 40 des
881 3205 245 41 bas-reliefs
1148 3206 218 55 assyriens
1389 3215 41 33 et
1453 3220 74 27 sur
1548 3220 87 28 une
1656 3206 187 41 colonne
1861 3207 197 41 romaine

280 3281 134 41 d'une
435 3281 169 56 époque
626 3282 204 52 avancée,
855 3281 212 57 quelques
1089 3281 225 43 médailles
1336 3281 195 57 frappées
1547 3282 108 41 dans
1672 3296 88 28 une
1782 3284 66 40 ère
1870 3282 51 42 de
1938 3283 123 41 déca-

316 3460 51 44 (1)
392 3459 78 34 The
494 3459 113 35 music
635 3461 119 42 0/the
776 3466 92 30 most
896 3461 147 36 ancient
1065 3462 158 39 nations,
1247 3461 246 45 particulary
1518 3462 45 43 of
1587 3463 58 33 the
1668 3464 231 44 Assyrians,
1920 3463 109 46 Egyp-

275 3523 99 33 tians
393 3522 77 34 and
490 3523 193 43 Hzbrews,
784 3524 50 45 by
857 3525 93 31 Cari
976 3524 137 45 Engel.
1202 3523 167 35 London.
1451 3523 180 46 Murray,
1651 3525 121 43 1864,
1798 3537 49 21 1111
1872 3525 114 34 in-S°.
