2806 4249
899 500 61 56 46

1353 501 77 41 LA.
1462 500 381 52 CHRONIQUE
1874 498 319 43 MUSICALE

903 646 109 37 C'est
1042 646 84 38 cela
1147 648 227 36 seulement
1392 659 78 37 que
1499 648 126 36 YArte
1654 646 196 51 reproche
1870 649 20 34 à
1914 646 124 37 Verdi
2061 653 40 30 et
2122 648 21 34 à
2162 643 181 47 Ricordi,
2363 651 38 29 et
2424 642 27 37 il
2473 642 86 37 faut
2578 655 78 36 que

903 710 82 35 cela
1005 721 40 25 se
1065 709 117 37 sache
1203 709 107 37 bien.
1334 710 49 35 Et
1399 710 28 35 il
1443 717 60 29 est
1521 710 32 36 si
1579 710 81 37 vrai
1680 722 78 35 que
1778 708 199 51 l'opinion
1993 708 196 49 publique
2209 708 92 35 s'est
2317 706 118 37 émue
2452 717 50 25 en
2527 704 128 45 Italie,

901 781 94 37 que,
1014 769 90 50 plus
1124 771 101 48 tard,
1265 771 161 37 Ricordi
1448 771 60 36 fut
1540 771 149 48 obligé,
1713 782 70 38 par
1809 783 56 23 un
1896 777 105 29 reste
2032 771 49 35 de
2103 769 179 49 pudeur,
2306 768 49 36 de
2384 778 214 26 consacrer
2620 766 37 36 la

903 838 147 29 recette
1071 830 48 37 de
1141 831 37 37 la
1200 830 200 51 première
1432 830 322 49 représentation
1790 834 21 33 à
1833 830 37 37 la
1893 830 113 37 Scala
2026 832 21 33 à
2068 830 209 37 l'érection
2310 829 52 36 du
2396 828 194 37 tombeau
2609 827 48 36 de

904 892 205 39 Manzoni.
1150 893 115 36 Nous
1296 893 149 36 faisons
1480 892 115 49 appel
1630 895 22 33 à
1689 892 37 36 la
1767 891 220 37 courtoisie
2015 891 97 36 d'un
2147 890 299 50 gentilhomme
2487 889 53 37 tel
2576 900 80 36 que

901 953 63 38 M.
990 952 225 49 Heulhard,
1238 965 103 36 pour
1362 953 96 48 qu'il
1490 952 222 37 éclaircisse
1735 952 38 37 la
1800 952 138 47 chose,
1961 959 39 30 et
2020 952 35 37 la
2077 964 99 36 pose
2206 964 50 24 en
2288 964 67 25 ces
2387 960 165 37 termes,
2585 950 72 48 qui

905 1022 93 29 sont
1014 1014 57 37 les
1092 1014 116 47 vrais,
1238 1026 51 25 au
1310 1013 82 37 lieu
1420 1015 48 36 de
1502 1014 133 48 placer
1659 1014 131 36 YArte
1828 1025 49 25 en
1917 1025 80 25 une
2018 1013 241 48 compagnie
2293 1013 98 49 qu'il
2424 1012 166 50 répudie
2621 1015 36 33 et

899 1086 95 26 avec
1016 1074 173 48 laquelle
1205 1074 27 36 il
1249 1076 63 34 n'a
1328 1074 86 37 rien
1436 1074 47 36 de
1505 1086 206 24 commun.
1738 1088 15 21 »

951 1136 183 36 L'article
1155 1136 47 35 de
1225 1135 137 47 YArte,
1383 1135 148 48 auquel
1555 1135 28 36 il
1605 1148 21 23 a
1654 1135 61 36 été
1748 1135 70 36 fait
1839 1135 191 49 allusion,
2058 1136 167 49 pouvait
2247 1136 158 36 donner
2423 1134 83 38 lieu
2536 1138 21 34 à
2576 1147 80 26 une

900 1197 184 49 méprise.
1109 1197 54 36 La
1186 1196 231 49 Chronique
1440 1196 190 36 musicale
1652 1204 84 28 met
1757 1199 21 33 à
1807 1197 164 37 rétablir
1991 1197 60 37 les
2068 1197 143 37 choses
2234 1197 98 37 dans
2352 1197 89 37 leur
2458 1197 197 37 situation

898 1258 120 37 réeJle
1038 1258 35 37 le
1096 1258 131 35 même
1249 1264 332 41 empressement,
1602 1268 80 37 que
1700 1256 131 39 YArte
1864 1269 49 25 en
1934 1270 23 24 a
1980 1259 75 36 mis
2084 1260 22 35 à
2127 1258 37 37 le
2192 1258 57 37 lui
2278 1259 237 37 demander.
2545 1259 110 37 C'est

897 1330 93 26 avec
1005 1317 78 50 joie
1110 1329 78 37 que
1214 1330 103 24 nous
1340 1318 179 36 rendons
1548 1316 144 50 justice
1713 1321 21 33 à
1755 1330 57 24 un
1840 1319 199 49 confrère,
2063 1331 94 26 avec
2179 1320 70 49 qui
2274 1333 105 24 nous
2408 1332 125 25 avons
2559 1328 70 29 tou-

896 1378 109 49 jours
1024 1390 49 26 eu
1095 1379 58 37 les
1175 1386 184 43 rapports
1386 1379 58 37 les
1465 1379 92 48 plus
1576 1379 320 49 sympathiques.

1018 1478 114 36 Nous
1160 1477 125 37 lisons
1304 1477 99 37 dans
1425 1477 36 37 le
1479 1477 172 37 Journal
1669 1478 147 50 officiel
1840 1479 54 37 du
1919 1491 45 25 22
1988 1479 85 51 juin
2096 1490 7 26 :

948 1552 16 21 «
999 1539 55 36 Le
1077 1537 92 51 jury
1190 1539 164 37 nommé
1376 1551 104 36 pour
1498 1538 98 37 faire
1615 1539 36 37 le
1673 1539 119 37 choix
1808 1540 53 37 du
1883 1543 144 46 poème
2048 1542 158 36 destiné
2227 1553 52 25 au
2303 1553 200 25 concours
2527 1542 99 36 Cres-

898 1606 90 29 sent
1026 1598 113 37 vient
1158 1599 49 37 de
1248 1599 196 37 terminer
1477 1611 60 25 ses
1570 1608 165 29 travaux
1760 1611 7 26 :
1809 1601 204 49 l'ouvrage
2047 1603 214 37 couronné
2294 1615 21 25 a
2356 1615 106 37 pour
2503 1611 147 29 auteur

898 1660 59 35 M.
980 1659 190 37 Edouard
1194 1660 114 47 Blau,
1333 1668 38 29 et
1400 1669 117 40 porte
1545 1661 36 36 le
1609 1661 92 37 titre
1729 1662 47 36 de
1798 1663 197 49 Bathylle
2000 1692 7 18 ,
2033 1665 122 47 opéra
2178 1665 190 49 comique
2392 1677 50 25 en
2466 1677 55 25 un
2543 1674 103 28 acte.

897 1719 76 36 Cet
991 1731 173 37 ouvrage
1186 1733 86 24 sera
1306 1721 76 36 mis
1404 1720 22 37 à
1446 1722 37 35 là
1516 1721 243 49 disposition
1781 1724 70 35 des
1872 1724 313 49 compositeurs,
2206 1729 21 33 à
2249 1726 127 49 partir
2399 1728 55 35 du
2495 1726 45 36 25
2564 1725 87 49 juin

896 1788 182 41 courant,
1110 1792 50 25 au
1179 1782 153 36 bureau
1350 1782 68 36 des
1439 1780 189 48 théâtres,
1656 1796 31 31 J,
1709 1796 71 24 rue
1802 1785 47 35 de
1873 1785 155 47 Valois,
2058 1798 51 24 au
2134 1786 302 50 Palais-Royal.
2471 1787 53 37 Le
2552 1799 74 25 con-

896 1852 118 24 cours
1053 1853 86 25 sera
1178 1842 82 36 clos
1289 1842 36 36 le
1370 1842 39 36 3i
1435 1843 214 36 décembre
1682 1844 211 49 prochain.
1935 1846 379 38 L'administration
2352 1848 180 49 rappelle
2573 1860 78 25 aux

893 1901 295 48 compositeurs
1215 1914 53 36 qu
1286 1902 49 36 ils
1365 1911 176 40 peuvent
1560 1905 172 48 prendre
1752 1913 87 41 part
1860 1909 20 33 à
1909 1918 43 24 ce
1988 1919 202 25 concours
2228 1920 96 25 avec
2357 1920 56 24 un
2435 1911 147 47 poème
2602 1909 48 36 de

894 1960 89 37 leur
1011 1961 134 49 choix,
1175 1974 50 25 en
1252 1975 42 24 se
1314 1963 259 38 conformant
1594 1977 79 24 aux
1694 1966 237 38 conditions
1952 1967 54 37 du
2028 1980 272 37 programme,
2325 1970 202 38 énoncées
2550 1971 101 37 dans

893 2022 34 36 le
949 2022 246 50 paragraphe
1218 2023 172 39 suivant.
1419 2042 17 15 «
1461 2026 115 37 Tous
1595 2026 58 37 les
1674 2027 100 37 trois
1795 2040 84 34 ans,
1906 2028 27 37 il
1957 2041 87 25 sera
2067 2039 144 28 ouvert
2234 2043 55 24 un
2319 2044 203 25 concours
2544 2045 104 35 pour

891 2081 38 37 la
950 2083 273 49 composition
1246 2085 94 36 dun
1381 2098 176 37 ouvrage
1591 2087 178 49 lyrique,
1788 2089 160 46 boufïe,
1975 2091 48 36 de
2045 2091 333 39 demi-caractère
2402 2105 54 26 ou
2486 2095 135 37 drama-

893 2140 125 51 tique,
1040 2144 120 48 opéra
1181 2156 53 24 ou
1256 2145 119 49 opéra
1396 2146 203 48 comique,
1629 2159 50 25 en
1701 2160 57 24 un
1781 2161 53 24 ou
1858 2149 106 37 deux
1986 2158 122 41 actes,
2134 2164 95 25 avec
2251 2153 165 37 chœurs
2438 2162 39 29 et
2499 2167 122 25 ouver-

892 2209 103 32 ture.
1037 2204 115 37 Cette
1192 2213 219 30 ouverture
1433 2208 118 37 devra
1580 2209 84 37 être
1694 2222 58 24 un
1782 2211 69 37 des
1874 2224 217 25 morceaux
2120 2213 187 50 capitaux
2341 2215 49 37 de
2425 2214 218 51 l'ouvrage.

895 2264 129 37 L'acte
1047 2266 152 48 unique
1216 2278 150 37 pourra
1386 2268 82 37 être
1487 2269 123 37 divisé
1631 2282 48 25 en
1696 2272 106 36 deux
1820 2272 203 38 tableaux.
2049 2274 61 37 Ne
2122 2282 94 29 sont
2235 2276 130 36 admis
2387 2279 21 33 à
2429 2278 220 37 concourir

891 2337 78 36 que
991 2326 57 36 les
1066 2327 292 48 compositeurs
1377 2337 39 29 et
1438 2328 248 40 littérateurs
1705 2333 186 52 français,
1913 2346 52 26 ou
1985 2335 241 38 naturalisés
2248 2337 90 37 tels.
2358 2354 17 16 »

1020 2430 58 39 M*
1108 2430 292 51 Champtieury
1419 2433 111 38 vient
1564 2436 122 37 d'être
1709 2437 92 37 bien
1825 2439 267 38 cruellement
2125 2440 152 51 frappé.
2319 2443 50 36 Sa
2390 2442 85 38 fille
2496 2473 8 17 ,
2527 2443 92 38 char-

892 2497 134 29 mante
1047 2491 136 37 enfant
1202 2493 47 36 de
1272 2506 22 35 7
1313 2506 86 34 ans,
1419 2495 101 36 dont
1541 2496 57 37 les
1618 2498 224 37 vêtements
1875 2500 160 37 avaient
2063 2501 82 48 pris
2167 2501 67 39 feu
2256 2514 72 38 par
2356 2504 199 48 accident,
2589 2514 59 29 est

891 2558 129 29 morte
1042 2549 21 39 à
1082 2551 36 37 la
1154 2553 104 37 suite
1282 2555 47 36 de
1350 2566 62 26 ses
1446 2556 201 39 brûlures.
1675 2559 58 37 La
1758 2560 232 51 Chronique
2016 2563 195 38 musicale
2232 2565 186 38 s'associe
2446 2569 22 34 à
2488 2566 38 38 la
2547 2568 77 37 dou-

887 2610 87 38 leur
988 2612 47 36 de
1058 2612 36 37 la
1113 2613 151 39 famille
1285 2617 49 36 de
1353 2628 74 25 son
1451 2618 310 40 collaborateur.

1012 2704 64 36 On
1091 2717 184 27 annonce
1296 2708 108 38 aussi
1424 2709 36 38 la
1480 2719 107 29 mort
1612 2711 47 38 de
1698 2714 183 38 madame
1920 2715 150 50 Caron,
2094 2717 149 39 femme
2265 2720 56 36 du
2354 2720 175 50 baryton
2552 2722 92 38 bien

889 2773 135 28 connu
1054 2765 49 37 de
1122 2766 174 50 l'Opéra.

1508 2968 504 60 NOUVELLES

1101 3107 99 30 Afcis.
1305 3101 145 52 Opéra.
1546 3105 54 37 Le
1630 3106 211 39 ministère
1870 3108 111 38 vient
2007 3111 234 39 d'accorder
2268 3110 301 43 l'autorisation
2595 3118 49 35 de

1098 3160 97 38 faire
1221 3164 216 48 reparaître
1463 3165 170 38 Charles
1665 3168 55 36 VI
1723 3198 8 15 ,
1754 3168 11 35 1
1782 3169 121 49 opéra
1934 3170 215 51 d'Halévy,
2174 3173 32 36 si
2227 3174 229 51 longtemps
2479 3175 166 39 interdit

1101 3234 68 25 sur
1199 3231 118 30 notre
1351 3225 199 48 première
1585 3230 116 35 scène
1730 3228 173 50 lyrique.
1943 3231 54 37 La
2035 3233 151 48 reprise
2221 3247 96 24 aura
2348 3235 83 38 lieu
2455 3248 52 25 au
2539 3238 105 36 mois

1099 3283 202 39 d'octobre
1329 3287 193 48 prochain
1553 3301 104 36 pour
1687 3289 37 37 la
1752 3292 158 36 rentrée
1931 3292 49 37 de
2003 3294 151 45 Faure;
2177 3297 309 38 mademoiselle
2512 3299 130 38 Bloch

884 3341 189 38 chantera
1094 3343 35 37 le
1153 3345 82 37 rôle
1257 3346 23 36 d
1298 3348 161 48 Odette,
1476 3362 54 36 qu
1547 3350 76 38 elle
1639 3363 35 37 a,
1691 3351 54 37 du
1768 3360 119 40 reste,
1902 3352 88 50 déjà
2009 3356 145 49 rempli
2173 3369 51 26 au
2241 3358 400 52 Théâtre-Lyrique.

1002 3441 56 39 M.
1084 3442 195 49 Bosquin,
1302 3445 35 38 le
1365 3450 284 49 sympathique
1678 3452 117 37 ténor
1816 3452 49 37 de
1891 3453 177 51 l'Opéra,
2090 3459 113 36 vient
2234 3458 48 38 de
2305 3460 242 38 renouveler
2567 3472 74 25 son

884 3511 263 39 engagement
1167 3506 20 34 à
1207 3504 173 52 l'Opéra,
1405 3522 104 36 pour
1536 3512 100 37 trois
1657 3514 166 39 années.
