2806 4249
776 447 72 100 8

1223 490 78 40 LA
1331 486 374 51 CHRONIQUE
1738 478 314 47 MUSICALE

785 638 148 52 dence,
966 636 111 41 voilà
1099 643 95 33 tout
1213 647 44 27 ce
1279 632 75 55 qui
1378 645 109 28 nous
1512 639 108 34 reste
1650 630 50 40 de
1723 627 144 43 relatif
1884 631 22 37 à
1930 627 40 40 la
1993 624 202 53 musique
2224 620 104 41 d'un
2361 617 153 56 peuple

780 711 94 54 qui,
897 710 34 40 si
956 722 107 28 nous
1085 722 53 26 en
1159 719 179 41 croyons
1357 705 57 40 les
1437 713 148 43 textes,
1607 704 39 40 la
1669 701 135 42 tenait
1827 715 49 26 en
1899 700 34 39 si
1957 697 137 55 grand
2114 697 200 40 honneur
2331 706 9 35 ;
2363 704 151 28 encore

778 797 66 27 ces
882 780 355 57 représentations
1280 778 217 40 sont-elles
1534 776 89 41 loin
1667 774 159 41 d'offrir
1848 787 61 25 un
1945 772 211 40 caractère
2185 770 25 39 d
2228 763 287 45 authenticité

781 856 199 41 suffisant
1001 867 108 41 pour
1140 865 109 27 nous
1280 850 208 41 autoriser
1523 852 22 37 à
1579 849 138 51 forger
1751 849 138 38 même
1921 845 72 40 des
2013 843 271 56 hypothèses.
2309 843 38 37 A
2369 838 147 40 détaut

780 927 367 54 d'lconographie,
1166 938 110 26 nous
1298 937 51 26 en
1371 935 184 28 sommes
1573 920 162 40 réduits
1758 932 107 41 pour
1885 925 222 33 contenter
2130 924 122 32 notre
2271 910 202 43 curiosité
2493 915 21 35 à

780 1000 173 41 fouiller
976 1000 57 39 les
1055 998 126 41 livres
1201 997 148 50 saints,
1379 1001 273 43 retournant,
1684 999 231 43 torturant,
1936 1003 108 41 pour
2065 987 110 41 ainsi
2196 986 107 52 dire,
2325 984 190 42 chacune

780 1073 51 40 de
854 1073 114 40 leurs
989 1070 280 55 expressions,
1295 1080 108 27 nous
1425 1066 214 52 fatiguant
1660 1078 54 26 en
1733 1064 143 40 efforts
1899 1063 281 40 infructueux
2203 1072 111 41 pour
2342 1058 115 40 lever
2478 1055 38 40 le

780 1144 111 41 voile
919 1143 115 55 épais
1066 1144 57 39 du
1157 1141 134 54 passé.
1326 1139 71 40 On
1429 1137 198 54 pourrait
1653 1137 157 39 former
1832 1143 96 33 tout
1959 1148 84 26 une
2084 1132 298 52 bibliothèque
2415 1141 101 28 avec

780 1217 58 41 les
860 1217 127 40 livres
1008 1215 75 53 qui
1107 1213 177 41 traitent
1304 1211 50 40 de
1372 1211 39 39 la
1434 1209 202 54 musique
1658 1209 100 40 chez
1780 1209 56 39 les
1857 1207 128 51 Juifs,
2003 1206 109 41 mais
2129 1205 29 40 il
2178 1205 119 40 suffit
2313 1203 51 39 de
2389 1214 93 28 nom-

779 1303 91 26 mer
882 1290 58 39 les
957 1287 185 40 derniers
1161 1297 208 40 ouvrages
1385 1283 125 40 écrits
1530 1296 73 26 sur
1618 1295 46 27 ce
1677 1281 110 54 sujet
1807 1294 107 40 pour
1936 1280 59 40 les
2020 1280 189 39 résumer
2232 1286 111 31 tous.
2369 1273 147 43 Parmi

780 1362 57 39 les
863 1361 96 53 plus
987 1361 178 48 récents,
1189 1358 139 39 citons
1349 1357 37 40 le
1407 1355 184 54 premier
1611 1355 174 40 volume
1816 1354 51 40 de
1902 1353 25 41 Y
1931 1353 211 40 Histoire
2165 1351 53 40 de
2239 1352 41 38 la
2303 1349 212 53 musique,

780 1447 74 40 par
870 1433 62 40 M.
954 1432 113 41 Fétis
1084 1432 74 54 (1),
1173 1438 40 33 et
1230 1430 306 40 l'intéressante
1560 1428 209 40 brochure
1788 1428 50 40 de
1869 1433 122 34 notre
2013 1425 314 41 collaborateur
2351 1421 50 41 E.
2426 1421 60 41 Da-

780 1505 71 40 vid
875 1506 80 51 (2).

835 1576 111 40 N'en
981 1574 185 54 déplaise
1198 1588 84 27 aux
1319 1573 276 51 Hellénistes,
1625 1571 188 54 quoique
1846 1572 222 51 beaucoup
2105 1570 96 53 plus
2240 1568 278 40 nombreuses

781 1647 100 40 chez
910 1647 59 42 les
992 1646 128 40 Grecs
1147 1659 83 40 que
1258 1646 99 40 chez
1389 1645 58 40 les
1477 1645 260 50 Orientaux,
1773 1644 58 39 les
1869 1642 221 54 peintures
2126 1641 72 41 des
2231 1653 119 27 vases
2381 1648 41 31 et
2459 1639 59 40 les

781 1720 241 54 sculptures
1041 1719 50 40 de
1112 1725 294 43 monuments,
1443 1717 198 40 relatives
1672 1721 22 35 à
1730 1717 39 38 la
1801 1715 219 54 musique,
2056 1722 96 33 sont
2180 1713 90 40 loin
2293 1712 164 40 d'offrir
2480 1712 38 38 la

783 1793 139 40 même
942 1792 158 41 variété
1120 1800 39 32 et
1180 1792 37 38 le
1241 1792 140 38 même
1402 1788 168 41 intérêt.
1604 1788 67 40 En
1693 1787 152 40 dehors
1867 1787 50 39 de
1948 1787 39 39 la
2010 1786 92 54 lyre
2120 1795 40 31 et
2181 1785 51 41 de
2251 1798 62 27 ses
2335 1784 181 51 dérivés,

783 1865 72 40 des
896 1864 124 41 flûtes
1056 1862 178 41 doubles
1274 1869 40 33 et
1354 1861 186 54 simples,
1579 1860 60 40 du
1674 1859 252 41 tambourin
1954 1866 41 33 et
2015 1859 49 39 de
2087 1859 210 53 quelques
2320 1856 196 53 crotales,

780 1950 109 28 nous
912 1949 52 27 ne
985 1945 208 31 trouvons
1215 1934 92 40 rien
1330 1938 23 36 à
1373 1934 164 53 glaner.
1556 1934 47 40 Je
1622 1946 111 27 veux
1758 1932 99 40 bien
1880 1932 151 49 croire,
2055 1945 111 40 pour
2188 1944 53 27 ne
2259 1944 74 41 pas
2358 1930 158 41 blesser

781 2010 71 39 des
868 2009 202 54 opinions
1091 2006 291 55 respectables,
1406 2014 94 34 tout
1523 2020 43 26 ce
1589 2018 83 42 que
1694 2005 57 41 les
1767 2004 130 42 Grecs
1916 2012 220 33 menteurs
2157 2012 76 32 ont
2257 2003 101 41 bien
2380 2004 137 39 voulu

782 2095 109 29 nous
921 2081 165 40 débiter
1118 2094 72 26 sur
1212 2080 58 40 les
1292 2079 238 40 merveilles
1552 2079 49 40 de
1634 2078 93 40 leur
1748 2078 221 52 musique,
1992 2084 42 33 et
2054 2078 178 53 prendre
2255 2089 110 41 pour
2386 2075 133 54 justes

780 2155 59 39 les
861 2153 255 54 hypothèses
1138 2153 204 39 avancées
1364 2164 76 40 par
1461 2151 58 40 les
1549 2158 170 33 savants
1752 2150 76 53 qui
1862 2158 78 32 ont
1966 2150 174 39 disserté
2168 2163 75 27 sur
2262 2156 107 33 cette
2389 2161 104 41 ques-

783 2227 108 50 tion,
924 2227 106 40 mais
1062 2227 36 40 le
1129 2225 91 41 seul
1251 2224 76 41 fait
1358 2224 286 41 indiscutable
1665 2232 62 32 est
1748 2223 95 41 leur
1865 2222 237 42 infériorité
2126 2222 209 41 musicale
2356 2236 51 27 en
2429 2223 87 39 face

781 2300 71 39 des
874 2299 264 53 Asiatiques.
1165 2297 127 41 Trois
1328 2305 129 33 sortes
1484 2296 341 49 d'instruments,
1865 2303 100 34 tout
1999 2310 54 26 au
2088 2296 113 54 plus,
2240 2310 41 26 se
2314 2304 207 33 trouvent

782 2385 73 26 sur
875 2371 115 40 leurs
1023 2378 294 43 monuments,
1347 2378 40 32 et
1420 2382 148 28 encore
1597 2369 59 40 les
1686 2368 254 41 doivent-ils
1963 2371 22 38 à
2015 2367 203 42 l'Orient.
2245 2369 135 52 Tout,
2415 2369 103 41 chez

782 2458 97 38 eux,
910 2442 174 42 arrêtait
1116 2442 39 40 la
1177 2441 201 53 musique
1412 2443 105 39 dans
1550 2454 76 27 son
1648 2454 133 39 essor,
1813 2441 72 40 des
1917 2441 78 40 lois
2024 2442 163 39 sévères
2212 2442 309 42 enchaînaient

781 2529 43 27 sa
844 2515 164 51 liberté,
1032 2522 40 32 et
1098 2514 96 40 l'art
1222 2513 183 41 musical
1427 2527 110 26 nous
1559 2515 138 51 paraît
1718 2513 118 40 avoir
1857 2514 63 40 été
1944 2513 142 54 plutôt
2119 2514 220 40 considéré
2358 2529 75 37 par
2461 2515 59 40 les

781 2588 129 40 Grecs
945 2599 165 28 comme
1133 2599 85 27 une
1246 2585 263 54 spéculation
1532 2585 348 55 philosophique,
1906 2599 85 26 une
2013 2585 178 41 matière
2213 2589 23 38 à
2264 2587 232 55 développe-

782 2668 120 32 ment
933 2659 51 40 de
1018 2658 263 54 rhétorique,
1308 2672 83 40 que
1413 2670 167 28 comme
1603 2671 59 27 un
1698 2665 65 33 art
1792 2658 223 42 véritable.
2046 2658 124 41 Nous
2205 2673 52 27 ne
2292 2661 228 40 traiterons

778 2733 110 40 donc
909 2745 73 40 pas
1004 2731 96 54 plus
1124 2733 244 51 longtemps
1388 2731 51 40 de
1458 2738 106 33 cette
1587 2731 192 48 matière,
1804 2731 107 40 mais
1931 2744 52 27 en
2005 2731 154 40 dehors
2175 2732 51 40 de
2246 2733 40 40 la
2310 2734 204 53 musique

779 2812 272 46 proprement
1089 2804 103 50 dite,
1234 2817 66 27 ces
1349 2804 362 53 représentations
1760 2804 71 39 des
1885 2812 283 33 monuments
2208 2813 42 31 et
2287 2805 72 40 des
2400 2820 119 26 vases

779 2877 192 42 donnent
992 2890 72 27 sur
1090 2889 66 27 ces
1176 2874 186 54 origines
1393 2876 50 40 de
1477 2877 96 40 l'art
1592 2876 72 40 des
1686 2889 178 44 aperçus
1886 2889 84 40 que
1991 2876 73 40 des
2096 2876 321 55 musicologues
2439 2888 81 32 ont

820 3106 49 41 (1)
893 3105 96 31 Dans
1016 3114 65 22 son
1112 3103 186 33 troisième
1316 3104 157 42 volume,
1495 3105 47 31 M.
1564 3105 96 33 Fétis
1681 3116 18 22 a
1728 3106 104 32 traité
1858 3107 43 31 de
1923 3106 78 33 l'art
2025 3107 150 33 musical
2201 3108 85 32 chez
2310 3109 50 31 les
2395 3109 126 36 Grecs.

837 3166 98 31 Nous
968 3175 158 22 sommes
1162 3164 76 33 loin
1279 3164 211 33 d'admettre
1523 3166 50 31 les
1613 3165 158 33 théories
1798 3166 48 31 du
1873 3166 137 33 célèbre
2048 3168 264 43 musicologue,
2334 3169 92 33 mais
2452 3181 67 23 son

777 3236 155 33 ouvrage
952 3233 52 25 est
1027 3227 91 32 celui
1149 3226 64 43 qui
1238 3237 92 21 nous
1354 3226 133 42 donne,
1510 3227 41 35 de
1578 3227 32 31 la
1637 3227 102 42 façon
1767 3227 32 32 la
1825 3227 82 43 plus
1930 3228 178 43 complète
2130 3235 33 26 et
2184 3229 32 33 la
2238 3230 82 42 plus
2346 3230 118 43 claire,
2486 3232 33 33 la

776 3286 220 42 description
1026 3287 62 32 des
1115 3287 216 44 principales
1357 3288 124 31 scènes
1505 3287 192 33 musicales
1724 3294 34 25 et
1782 3288 61 32 des
1865 3288 240 33 instruments
2133 3291 226 42 représentés
2387 3303 63 21 sur
2469 3293 51 32 les

776 3357 101 22 vases
895 3352 33 26 et
950 3356 61 22 sur
1025 3347 51 31 les
1098 3354 236 26 monuments
1350 3349 42 31 de
1409 3348 76 32 l'art
1507 3347 221 43 hellénique,

818 3408 49 42 (2)
882 3407 54 32 La
957 3408 157 42 musique
1135 3409 85 43 che\
1241 3410 49 32 les
1309 3410 111 41 Juifs,
1441 3410 94 32 essai
1556 3409 43 33 de
1620 3410 152 43 critique
1791 3413 34 30 et
1846 3410 188 33 d'histoire
2036 3437 9 16 ,
2067 3422 65 33 par
2152 3411 40 37 E.
2210 3413 126 34 David.
2404 3415 116 40 Paris,

778 3467 133 35 Pottier
929 3469 42 32 de
989 3469 48 32 La
1059 3469 121 41 Laine,
1210 3470 101 46 1873,
1332 3471 113 34 in-B°.
