2806 4249
933 467 59 45 26

1390 476 76 40 LA
1498 476 377 53 CHRONIQUE
1908 478 321 44 MUSICALE

986 617 85 41 Son
1091 618 195 43 discours
1309 635 52 27 ne
1380 623 63 40 lui
1465 637 23 27 a
1513 624 124 54 point
1657 627 125 41 coûté
1805 628 52 40 de
1879 628 153 41 travail
2058 641 9 30 :

990 706 17 23 «
1031 691 86 41 Son
1138 694 153 41 exorde
1312 703 61 33 est
1396 710 60 27 un
1480 699 166 53 regard,
1672 713 43 28 sa
1737 701 251 54 péroraison
2012 716 60 27 un
2092 703 183 43 sourire.
2302 718 19 23 »

987 763 113 41 Mais
1119 764 40 42 la
1180 767 99 40 voix
1301 768 51 41 de
1373 769 102 41 celle
1493 771 75 53 qui
1590 773 119 52 parle
1731 786 23 27 a
1774 781 95 34 tant
1890 776 52 39 de
1963 779 121 50 grâce
2101 781 8 36 !
2134 784 95 34 tant
2262 777 51 40 de
2335 776 211 42 féminine
2570 778 81 41 dou-

929 842 123 38 ceur!
1078 847 96 34 tant
1193 842 51 40 de
1265 851 157 33 secrets
1444 845 377 44 enchantements!
1853 861 85 40 que
1959 849 171 42 chacun
2154 852 163 40 semble
2350 853 222 54 suspendu
2596 867 84 27 aux

929 910 131 42 lèvres
1077 913 51 41 de
1142 914 205 43 l'orateur
1363 930 9 40 ;
1395 925 40 32 et
1455 919 148 53 quand
1624 920 39 39 la
1684 920 126 52 jeune
1831 920 87 42 fille
1935 936 42 26 se
1993 923 144 52 retire,
2163 925 37 39 le
2220 938 120 27 cœur
2360 939 154 28 encore
2537 927 116 54 palpi-

926 991 110 46 tant,
1060 988 78 38 nul
1161 1000 53 28 ne
1248 1002 128 41 songe
1406 993 23 37 à
1451 990 275 56 l'applaudir,
1761 1007 71 26 car
1870 995 167 41 chacun
2071 997 205 41 demeure
2309 1012 99 27 sous
2440 999 37 41 le
2501 1000 176 41 charme

923 1056 132 41 d'une
1072 1059 190 42 émotion
1284 1061 200 45 céleste...
1503 1063 122 41 Vous
1647 1078 102 26 avez
1769 1067 191 39 entendu
1978 1068 37 40 le
2036 1068 223 42 hautbois!

978 1132 101 39 Ace
1100 1132 120 52 sujet,
1247 1147 151 29 encore
1424 1150 60 27 un
1508 1146 91 33 mot
1619 1137 105 41 d'un
1745 1138 149 43 artiste
1911 1140 76 55 qui
2010 1149 64 32 est
2100 1150 99 33 tout
2220 1146 22 37 à
2265 1143 38 40 la
2326 1144 80 40 fois
2429 1153 184 33 maestro
2636 1155 41 35 et

926 1205 120 51 poète
1066 1204 50 40 de
1131 1208 136 50 grand
1290 1209 152 40 mérite
1466 1223 8 25 :

972 1346 18 16 «
1023 1331 53 36 Le
1102 1332 181 39 hautbois
1310 1345 60 29 est
1401 1338 184 49 toujours
1619 1351 159 26 comme
1808 1353 49 25 en
1885 1343 183 37 émotion
2085 1359 8 31 ;
2134 1344 27 36 il
2198 1345 153 49 inspire
2379 1348 36 37 la
2446 1350 159 46 pureté,
2640 1351 36 38 la

921 1379 191 49 candeur,
1131 1381 36 36 la
1189 1384 221 49 modestie;
1427 1387 28 36 il
1478 1400 20 24 a
1524 1400 158 26 comme
1700 1402 80 24 une
1805 1390 205 39 virginale
2025 1393 229 47 splendeur,
2279 1395 27 37 il
2333 1397 186 38 s'étonne
2546 1399 51 36 de
2617 1399 57 38 lui

923 1438 131 26 meme
1073 1432 18 33 à
1114 1442 158 26 mesure
1293 1435 97 45 qu'il
1414 1436 157 39 chante.

972 1491 13 18 «
1020 1478 60 34 En
1097 1477 12 36 1
1126 1482 236 48 entendant,
1387 1484 115 37 lame
1518 1485 161 37 devient
1695 1487 222 38 semblable
1935 1491 22 34 à
1985 1490 36 36 la
2043 1490 137 38 feuille
2205 1491 182 47 humide,
2412 1497 172 35 secouée
2605 1510 70 35 par

920 1527 36 32 la
978 1527 105 35 brise
1099 1527 53 35 du
1173 1530 95 44 soir,
1286 1542 159 26 comme
1466 1534 27 35 il
1520 1545 60 26 est
1594 1536 107 36 aussi
1723 1536 35 36 le
1780 1538 175 47 premier
1978 1551 126 35 rayon
2120 1541 48 37 de
2185 1541 132 38 l'aube
2339 1543 95 37 d'un
2457 1545 217 38 dimanche

920 1574 48 35 de
990 1574 94 38 lete.
1116 1590 15 17 »
1159 1578 151 47 (Emile
1332 1590 52 28 DE
1406 1582 145 46 BRET.)

971 1696 122 43 Voici
1117 1701 275 43 maintenant
1413 1706 210 54 quelques
1638 1708 202 42 citations
1863 1712 225 54 poétiques
2107 1727 42 28 se
2172 1725 255 45 rapportant
2449 1726 143 33 toutes
2614 1734 55 27 au

917 1769 109 54 style
1047 1771 212 56 idyllique
1281 1775 52 40 de
1355 1785 122 32 notre
1500 1778 294 44 instrument:

1208 1916 15 17 «
1246 1902 161 38 Discret
1430 1904 143 38 témoin
1596 1907 67 37 des
1681 1920 161 28 amours
1863 1912 67 36 des
1951 1913 198 51 bergères,

1202 1969 32 35 A
1261 1976 55 30 tes
1336 1971 190 38 chansons
1535 1974 89 48 fais
1647 1975 137 38 bondir
1806 1978 54 36 les
1881 1992 193 38 agneaux
2086 1998 12 26 ;

1204 2035 187 39 Annonce
1411 2051 51 24 au
1478 2039 77 37 loin
1578 2040 55 38 les
1641 2044 111 48 Jêtes
1773 2044 214 53 bocagères
1998 2064 12 27 ;

1201 2103 109 38 Pour
1333 2104 35 39 le
1388 2105 141 52 départ
1547 2110 194 38 assemble
1761 2112 55 38 les
1839 2120 236 45 troupeaux.
2102 2133 17 16 »

969 2222 34 39 L
1020 2231 157 34 auteur
1202 2227 57 40 du
1281 2228 159 42 Lutrin
1468 2233 224 54 s'exprime
1727 2237 109 40 ainsi
1858 2251 52 28 en
1933 2240 173 53 parlant
2125 2242 58 41 du
2205 2256 130 40 genre
2356 2259 85 40 que
2466 2247 181 41 réclama

911 2294 10 40 1
946 2295 133 54 Idylle
1102 2312 55 26 ou
1176 2299 13 39 1
1210 2287 207 68 Églogue,
1444 2304 301 46 difficilement
1768 2312 230 42 abordable
2020 2328 110 41 pour
2150 2317 161 41 maints
2335 2322 167 51 poètes:

1105 2435 75 35 «Il
1187 2437 97 49 faut
1305 2450 73 37 que
1397 2452 46 25 sa
1464 2441 171 38 douceur
1648 2444 135 50 flatte,
1809 2447 222 50 chatouille,
2064 2451 147 48 éveille,

1102 2502 55 35 Et
1167 2502 154 48 jamais
1342 2507 48 36 de
1408 2510 153 48 grands
1584 2518 100 30 mots
1706 2513 253 49 n'épouvante
1979 2516 177 39 l'oreille.

1099 2568 109 38 Mais
1227 2580 159 29 souvent
1406 2587 46 24 en
1474 2587 43 25 ce
1537 2577 107 48 style
1666 2591 49 24 un
1737 2579 152 39 rimeur
1905 2594 87 25 aux
2012 2584 109 38 abois

1098 2636 105 37 Jette
1227 2637 37 37 là
1286 2638 48 37 de
1355 2639 107 51 dépit
1484 2642 38 37 la
1530 2643 105 51 flûte
1655 2653 38 29 et
1716 2646 35 37 le
1771 2647 206 42 hautbois.
2005 2667 17 15 »

1704 2712 206 50 (BOILEAU,
1933 2718 75 37 Art
2030 2720 203 50 poétique,
2255 2722 135 39 Chant
2419 2726 71 49 IL)

1293 2846 17 16 «
1335 2831 97 37 Puis
1452 2843 68 26 sur
1542 2834 35 36 le
1596 2835 85 37 soir
1702 2839 23 33 à
1745 2831 59 46 770
1824 2831 19 46 s
1863 2831 158 46 musettes

1290 2896 99 38 Ouïr
1422 2899 195 50 répondre
1638 2902 55 37 les
1715 2911 183 43 coteaux,

1288 2964 56 36 Et
1366 2967 164 35 retentir
1548 2975 84 30 tous
1653 2982 67 24 nos
1747 2971 205 39 hameaux

1289 3031 63 37 De
1373 3032 190 39 hautbois
1583 3042 38 31 et
1641 3037 49 37 de
1709 3038 311 43 chansonnettes.
2046 3061 18 15 «

1796 3106 233 49 (FONTENAY
2057 3111 242 53 CHAULIEU.)

1288 3233 17 15 «
1331 3216 75 38 Les
1427 3220 174 49 Satyres
1624 3228 80 30 tout
1724 3222 91 38 hors
1838 3224 205 45 d'haleine,

1289 3284 243 39 Conduisant
1556 3288 54 37 les
1632 3291 197 49 nymphes
1850 3292 66 36 des
1937 3293 89 41 bois,

1283 3352 31 36 A
1324 3364 23 24 u
1368 3364 68 25 son
1458 3354 51 36 du
1516 3354 103 52 fifre
1639 3364 38 29 et
1697 3357 49 37 du
1768 3358 205 50 hautbois,

1281 3421 174 36 Dansent
1470 3433 81 38 par
1573 3429 138 44 troupe
1730 3424 95 38 dans
1847 3425 39 38 la
1905 3427 153 50 plaine.
2079 3444 16 20 »

1702 3493 250 48 (ROUSSEAU,
1980 3497 86 45 o<4e
2087 3499 72 41 111,
2187 3499 68 41 liv.
2284 3504 90 45 IH.)
