2806 4249
889 451 57 56 48

1352 453 75 40 LA
1459 451 382 50 CHRONIQUE
1875 448 320 43 MUSICALE

944 597 130 38 Gaîté.
1178 599 64 36 On
1263 611 47 25 va
1332 599 228 49 reprendre,
1583 600 115 47 après
1729 597 36 37 le
1788 596 102 38 Pied
1923 596 48 37 de
1996 596 183 46 Mouton,
2216 595 157 36 Jeanne
2399 593 127 37 Dare.
2557 592 58 36 Ma-

894 658 236 39 demoiselle
1155 661 70 37 Lia
1254 659 112 39 Félix
1388 660 94 37 cède
1505 672 74 25 son
1603 659 83 37 rôle
1705 662 21 34 à
1748 657 305 39 mademoiselle
2073 656 199 38 Rousseil.

939 778 458 40 Porte-Saint-Martin.
1489 779 35 35 A
1545 778 38 36 la
1617 778 56 36 fin
1698 779 48 35 de
1767 777 145 49 juillet,
1936 778 37 36 le
1992 778 104 36 Pied
2108 778 47 36 de
2176 777 169 37 Mouton
2369 786 160 39 passera
2552 785 93 26 avec

894 851 108 29 trucs
1024 851 39 29 et
1085 840 242 39 accessoires
1348 853 49 24 au
1419 837 155 40 théâtre
1597 839 54 36 du
1675 839 198 37 Chatelet.

944 905 32 36 Il
998 918 24 35 y
1042 902 244 50 remplacera
1308 901 56 37 les
1386 900 234 49 Orphelines
1626 929 7 17 ,
1657 902 22 33 à
1701 899 132 36 moins
1854 910 79 37 que
1956 900 34 36 le
2011 899 136 36 drame
2167 900 48 36 de
2242 900 56 37 M.
2324 900 192 46 Dennery
2546 896 96 37 n'ait

891 978 70 36 pas
983 976 146 26 encore
1145 962 145 37 achevé
1313 974 42 24 sa
1370 961 149 48 longue
1538 967 39 29 et
1599 959 102 37 belle
1722 959 186 40 carrière.

943 1027 183 36 Pendant
1149 1035 43 25 ce
1207 1031 143 40 temps,
1374 1034 52 24 on
1445 1021 137 48 jouera
1603 1024 22 32 à
1644 1021 34 35 la
1703 1020 432 38 Porte-Saint-Martin
2161 1021 89 37 Don
2267 1022 106 36 Juan
2392 1020 251 48 d'Autriche,

891 1087 69 49 qui
978 1099 20 24 a
1014 1086 61 37 été
1095 1086 234 47 longtemps
1348 1082 134 49 répété
1501 1080 87 49 déjà
1610 1088 38 30 et
1670 1081 125 47 qu'on
1823 1089 96 40 peut
1940 1080 97 37 faire
2068 1093 136 38 passer
2223 1083 138 47 quand
2390 1094 53 24 on
2466 1082 167 37 voudra.

937 1212 437 48 Folies-Dramatiques
1381 1239 7 7 .
1493 1211 55 35 M.
1581 1210 159 37 Catulle
1775 1211 168 36 Mendès
1980 1213 111 35 vient
2129 1211 49 38 de
2217 1211 72 38 lire
2327 1215 21 33 à
2392 1213 56 38 M.
2489 1214 152 36 Cantin

886 1277 149 48 l'opéra
1052 1274 97 48 qu'il
1171 1286 22 23 a
1213 1273 74 35 tiré
1302 1273 54 35 du
1379 1271 215 50 Capitaine
1615 1272 212 47 Fracasse,
1847 1273 47 36 de
1913 1274 56 35 M.
1995 1273 84 39 Th.
2115 1274 183 48 Gautier,
2317 1282 38 30 et
2378 1275 101 37 dont
2502 1275 35 38 la
2557 1289 57 24 mu-

888 1338 112 48 sique
1021 1343 60 30 est
1103 1335 48 36 de
1172 1335 54 36 M.
1256 1333 130 36 Emile
1409 1333 182 36 Pessard.

939 1399 74 35 Cet
1034 1406 175 38 ouvrage
1230 1406 86 25 sera
1347 1393 93 49 joué
1462 1394 100 36 dans
1584 1394 36 36 le
1644 1402 170 29 courant
1837 1395 48 36 de
1912 1394 142 40 l'hiver
2075 1408 79 25 aux
2186 1397 456 51 Folies-Dramatiques,

885 1461 112 47 après
1018 1458 34 36 la
1075 1456 172 37 Fiancée
1266 1455 49 36 du
1336 1454 75 39 Roi
1426 1454 47 38 de
1490 1454 135 37 Garbe
1630 1484 9 18 ,
1661 1456 49 36 de
1734 1454 152 39 Litolff.

1496 1573 108 37 Pour
1626 1572 164 39 l'article
1818 1574 123 37 Varia
1964 1588 10 22 :

1569 1693 57 37 Le
1645 1695 229 37 Secrétaire
1895 1696 47 37 de
1964 1695 39 37 la
2020 1696 234 49 Rédaction,

1956 1818 55 39 O.
2040 1818 68 37 LE
2150 1820 233 38 TRIOUX.

1361 3271 427 46 Propriétaire-Gérant
1813 3288 10 23 :
1854 3279 55 32 QA
1919 3280 8 18 c
1928 3280 222 42 l\flHU<ïi
2197 3283 278 35 HEULHod

1194 3478 7 32 i
1222 3491 30 22 ai
1265 3479 43 35 is.
1389 3483 231 46 Imprimerie
1638 3487 247 45 Alcan-Lévy,
1909 3500 64 23 rue
1993 3492 44 32 de
2058 3492 195 44 Latayette,
2274 3492 58 36 61.
