2710 4363
1308 4058 83 49 134

316 476 231 61 Töpfchen
589 483 94 43 und
725 481 304 56 produzierte.
1093 480 124 57 »Der
1258 480 182 47 Starke
1481 482 51 56 ist
1570 493 77 34 am
1689 478 286 61 mächtigsten
2017 483 162 46 allein«
2221 499 77 31 —-:
2342 488 60 43 du

317 556 226 53 dummer,
582 556 63 43 du
681 549 143 61 höchst
863 551 375 59 bezweifelbarer
1278 552 316 58 Sinnspruch!
1639 554 129 46 Was
1808 556 51 59 ist
1902 556 70 45 ein
2012 556 211 46 Starker
2262 568 140 47 gegen

316 625 252 48 Millionen
606 624 282 57 Schwache?
943 625 128 46 Aber
1112 628 108 54 auch
1264 638 89 35 nur
1389 627 205 56 zwanzig
1634 625 201 59 Starke,
1880 628 47 45 in
1967 627 124 47 Glut
2121 627 280 60 verbunden,

316 694 163 50 wären
509 710 140 45 gegen
681 700 94 44 eine
806 698 249 46 Milliarde
1076 699 258 56 Schwache,
1356 701 70 44 die
1457 697 113 59 bloß
1605 700 68 45 die
1702 700 297 59 gemeinsame
2021 698 247 59 Schwäche
2296 703 106 56 eint,

316 770 258 57 allerdings
608 777 167 40 etwas.
1234 770 1 57 .

432 842 256 58 Geistige,
723 834 267 66 schließen
1022 845 106 44 wir
1160 845 154 44 einen
1334 844 189 46 Bund!
1566 843 136 57 Diese
1721 843 297 59 Leuchtkugel
2049 845 122 61 (noch
2194 845 107 47 tobt
2322 849 80 43 der

315 916 222 56 Krieg)..
583 914 116 59 diese
729 915 297 58 Leuchtkugel
1064 916 98 45 will
1203 915 67 57 ich
1302 918 48 43 in
1388 929 105 32 eure
1527 916 200 55 Himmel
1765 914 191 58 werfen.
2028 917 245 57 Schließen
2312 920 90 45 wir

317 989 124 44 einen
479 988 169 58 Bund;
829 991 134 54 durch
1001 990 171 45 Worte
1217 988 270 57 Ereignisse!
1549 991 150 43 Unter
1741 987 661 61 Verarbeitungiisämtlicher

318 1059 335 59 Gestuftheiten
684 1065 80 42 der
796 1061 157 57 letzten
983 1059 317 59 Jahrfünfte:
1342 1059 99 58 für
1478 1064 99 42 den
1610 1062 164 57 Geist!
1806 1074 171 45 gegen
2009 1059 244 50 Krämer
2292 1067 109 43 und

314 1130 484 50 Dunkelmännerl
839 1160 58 5 —-
936 1134 119 50 Seid
1101 1135 114 54 nicht
1253 1133 105 56 stolz
1400 1137 92 42 und
1534 1129 161 60 lächelt
1734 1136 135 55 nicht;
1913 1147 109 46 mag
2062 1139 80 41 der
2185 1130 217 54 Gedanke

315 1198 75 53 alt
430 1204 107 58 sein,
578 1220 51 32 er
666 1207 147 46 bleibt
854 1205 191 59 solange
1083 1208 127 56 jung,
1243 1205 79 47 als
1360 1219 48 33 er
1440 1208 115 54 nicht
1588 1205 99 48 Tat
1718 1211 158 57 ward;
1918 1208 75 54 ihr
2025 1205 133 61 müßt
2189 1212 100 53 euch
2322 1200 52 55 ab-

315 1274 263 61 gewöhnen,
602 1283 84 42 den
706 1280 175 56 Prickel
909 1283 79 42 des
1008 1279 416 58 Niedagewesenen
1444 1278 102 56 zum
1565 1280 257 56 rWertmaß
1845 1292 52 42 zu
1922 1283 193 54 machen.
2155 1281 245 58 Bezwingt

315 1364 138 32 euren
487 1351 301 58 Reizhunger,
822 1365 103 33 eure
955 1353 229 55 Eitelkeit,
1219 1364 135 33 euern
1391 1347 329 60 partikulären
1750 1353 220 57 Ehrgeiz;
2009 1365 97 33 wer
2137 1351 79 59 sich
2249 1362 127 37 unter-

316 1422 191 58 scheiden
540 1424 153 57 will,
726 1420 321 60 unterscheidet
1079 1423 79 57 sich
1191 1426 84 43 nie.
1318 1426 129 43 Was
1478 1429 141 52 taugt
1652 1437 61 43 es,
1749 1425 261 57 ,,originell«
2045 1438 54 41 zu
2132 1424 113 58 sein;
2276 1427 125 54 jeder

314 1495 144 47 Narr
479 1498 51 55 ist
546 1499 353 55 originellzerst
920 1498 246 55 erreicht!
1194 1500 126 42 dann
1342 1499 199 52 trachtet
1562 1499 107 52 nach
1686 1496 194 48 Neuem.
1909 1498 79 46 So
2005 1504 141 40 tretet
2167 1501 116 43 denn
2304 1499 96 55 jetzt

316 1570 48 45 in
395 1572 85 43 den
500 1569 158 57 Dienst
688 1574 78 42 der
786 1569 123 58 Idee
941 1571 89 55 ein;
1064 1571 141 56 weiht
1233 1571 99 55 euch
1355 1570 145 61 Gott;
1533 1572 100 43 dem
1655 1568 192 58 heiligen
1871 1570 136 56 Geist,
2040 1573 100 43 dem
2170 1567 231 61 tätigen

315 1642 146 57 Geist;
495 1641 183 58 schließt
710 1647 96 51 euch
837 1641 281 58 zusammen!
1165 1640 150 59 Unser
1347 1643 115 44 aller
1492 1642 231 57 Einigkeit
1756 1643 45 44 in
1833 1645 86 43 den
1941 1642 459 58 Grundpunktenist

316 1716 247 56 mächtiger
594 1715 78 46 als
704 1717 79 55 ihr
808 1717 138 55 ahntz
979 1713 139 59 unser
1146 1715 144 45 Wille
1319 1727 82 41 zur
1431 1713 398 59 Verwirklichung
1859 1717 134 53 durch
2026 1710 143 57 dieser
2194 1717 205 46 Monate

313 1785 206 59 feuriges
550 1786 237 59 Entsetzen
817 1785 226 60 gehärtet.
1102 1787 120 46 Seid
1256 1789 115 54 nicht
1402 1788 105 56 stolz
1539 1791 94 42 und
1666 1784 161 59 lächelt
1860 1789 135 56 nicht;
2036 1787 134 57 welch
2202 1789 196 56 ernstere

314 1863 93 41 und
448 1862 299 56 dringendere
782 1859 219 59 Aufgabe
1039 1857 155 60 stünde
1233 1863 116 43 denn
1388 1861 131 55 heute
1556 1864 100 42 dem
1695 1859 123 57 Geist
1854 1859 144 48 bevor
2037 1859 79 47 als
2155 1862 88 55 die,
2284 1859 116 58 seine

314 1928 188 61 Träger
531 1945 53 42 zu
603 1932 272 56 sammeln?

427 2006 129 44 Was
587 2005 115 46 aber
733 2009 80 43 der
845 2007 123 59 Geist
999 2005 23 49 f
1031 2007 45 44 ei
1108 2030 56 6 —-
1194 2004 144 58 dieses
1368 2006 317 56 ungeheuerste
1708 2006 121 60 aller
1861 2005 249 57 Probleme
2141 2004 117 58 darf
2286 2018 109 33 man

312 2078 139 56 ruhig
471 2075 320 59 zurückstellem
827 2077 105 60 Die
963 2075 76 59 ihn
1062 2077 192 58 besitzen,
1287 2078 151 57 haben
1461 2080 125 43 einen
1617 2076 312 58 unfehlbaren
1949 2077 213 58 Instinkt
2193 2076 82 60 für
2297 2077 103 59 ihn;

311 2153 107 53 und,
451 2153 117 54 ohne
589 2151 205 56 Theorie,
829 2153 204 54 riechen
1055 2150 56 55 sie
1133 2142 91 65 ihn,
1257 2163 73 35 wo
1354 2153 160 50 immer
1546 2149 79 57 sich
1647 2151 186 54 welcher
1854 2149 216 59 befindet.
2121 2153 144 44 Eines
2287 2150 112 59 steht

311 2235 93 34 von
426 2224 93 55 ihm
538 2222 103 58 fest:
664 2223 95 57 daß
783 2236 48 32 er
852 2223 80 57 sich
955 2222 131 58 selbst
1107 2223 176 57 gebiert
1306 2226 92 43 und
1422 2222 91 58 sein
1531 2221 255 59 Ursprung
1808 2224 113 52 nicht
1942 2224 93 55 »die
2050 2220 345 60 Verhältnisse«

311 2293 111 55 sind.
465 2294 159 47 Sollte
644 2297 96 54 jene
754 2296 96 45 Art
871 2308 93 35 von
980 2294 211 58 Zukunft,
1214 2297 69 44 die
1303 2297 97 56 hier
1420 2294 241 59 gefordert
1682 2297 133 54 wird,
1838 2294 115 48 über
1974 2297 97 56 ihre
2092 2294 112 58 Erf
2212 2300 129 43 orde
2352 2309 23 33 r-

311 2366 212 54 lichkeit
555 2362 172 62 hinaus
759 2367 144 59 sogar
942 2368 440 58 wahrscheinlich
1415 2369 100 55 sein,
1555 2371 127 43 dann
1715 2365 188 59 müßten
1941 2359 294 55 wirbereits
2267 2369 130 57 heute

312 2442 84 44 mit
427 2440 268 56 Nachdruck
726 2441 253 57 bestreiten,
1020 2441 95 57 daß
1160 2445 105 52 »der
1295 2436 174 62 Krieg«
1511 2454 49 32 es
1591 2452 119 44 war,
1751 2435 80 51 der
1862 2440 58 55 sie
1958 2439 138 59 schuf.
2146 2441 139 56 Nicht
2317 2445 81 42 der

311 2514 147 56 Krieg
480 2538 54 6 —-
557 2517 79 41 der
658 2513 125 57 Geist
814 2516 118 44 wird
955 2518 90 42 das
1069 2515 157 54 zweite
1246 2513 569 64 Reformationszeitalter
1847 2511 369 61 heraufgeführt
2231 2513 170 58 haben.

311 2584 151 58 Unser
481 2587 165 57 junger
663 2587 337 57 Politizisinus,
1019 2589 69 44 die
1104 2588 332 56 Propaganda
1455 2590 80 41 der
1551 2586 98 45 Tat
1670 2588 111 56 ging
1797 2598 93 35 von
1912 2586 278 57 bestimmten
2207 2582 195 62 Köpfen

310 2650 224 65 auszüder
564 2661 147 56 Krieg
743 2661 122 44 wird
898 2659 113 58 bloß
1045 2662 68 44 die
1144 2660 132 47 Rolle
1307 2664 79 42 des
1415 2656 192 59 Zzelfers
1638 2657 190 58 spielen;
1863 2657 118 58 seine
2011 2658 231 56 Funktion
2273 2661 122 45 wird

311 2744 48 31 es
389 2731 198 57 gewesen
610 2731 102 56 sein,
745 2731 93 47 eine
860 2731 188 58 bewußt
1080 2744 93 35 von
1195 2724 298 65 Individuen
1523 2729 274 59 geschassene
1817 2731 324 58 Entwicklung
2170 2727 226 61 unerhört

309 2796 315 66 beschleunigt,
648 2807 91 44 eine
756 2805 276 58 Bewegung
1053 2817 91 34 aus
1165 2808 80 43 der
1265 2800 292 61 Abseitigkeit
1580 2795 115 54 alles
1716 2798 339 61 Neu-Starken
2078 2805 76 45 ins
2175 2803 221 58 Ofsizielle

308 2880 93 43 und
432 2877 146 46 Reale
608 2878 202 57 gehoben
839 2891 55 42 zu
926 2877 166 58 haben.
1141 2878 128 47 Aber
1299 2875 159 60 wofür
1494 2878 57 46 A.
1567 2878 75 55 K.,
1681 2878 169 58 6.M.,
1890 2876 145 57 G.L.,
2072 2876 145 58 L.R.,
2245 2876 74 51 K.
2335 2878 61 54 H.

309 2950 125 55 schon
472 2951 174 56 gestern
685 2952 197 55 stritten,
919 2956 224 51 dasnun
1180 2965 54 42 zu
1271 2951 290 58 Wirkungen
1603 2948 389 59 »soziologischer«
2036 2948 227 65 Ursachen
2303 2962 61 33 um-

307 3019 268 60 zufälschen,
599 3022 84 57 soll
706 3028 100 42 dem
827 3021 374 60 siachchämischen
1217 3025 210 57 Leugner
1450 3028 79 43 der
1551 3018 383 62 ideegebärenden
1955 3018 440 62 Persönlichkeit

310 3107 188 48 morgen
530 3097 116 55 nicht
676 3098 215 57 gestattet
923 3097 108 58 sein.
1250 3091 2 64 .
1959 3091 2 64 !
2045 3153 17 2 «·
2202 3154 16 1 —

2026 3154 103 44 Rurt
2155 3154 153 44 Biller
