2878 3048
1481 2371 48 34 66

669 515 165 44 festen
851 515 201 57 Körper
1074 518 240 45 mühelos
1338 520 457 54 durchleuchtend,
1813 536 98 32 vor
1929 524 241 45 unfesten
2187 525 181 44 Phan=

669 579 181 40 tomen
868 576 125 44 aber
1007 577 125 45 Halt
1154 579 276 54 machend,
1446 596 68 29 an
1537 583 159 45 ihnen
1718 583 318 58 umbiegend
2052 586 111 43 wie
2186 600 68 29 an
2277 599 91 44 ge=

668 635 306 45 schliffenen
1003 637 382 56 Granitsäulen,
1409 642 82 44 die
1518 643 161 44 ihnen
1703 644 144 56 ewig
1868 645 498 58 undurchdringlich

668 696 130 51 sind,
832 697 74 43 sie
942 698 332 45 umrankend
1310 701 97 44 mit
1438 702 224 45 Ranken
1695 704 397 46 unmittelbarer
2124 706 243 56 Empfin=

669 756 153 57 düng,
833 757 74 44 sie
925 770 92 30 um
1020 759 295 43 wuchernd
1333 762 97 44 mit
1446 762 386 45 vibrierendem
1843 763 449 58 Nervengeflecht,
2310 767 55 42 in

668 816 121 44 dem
806 816 299 57 unablässig
1120 817 149 46 Kraft
1286 822 138 44 nach
1442 823 161 44 Form
1618 824 153 56 ringt,
1788 824 84 43 ein
1888 823 171 52 Trieb,
2076 826 83 42 ein
2177 825 189 52 Schuß,

668 877 84 42 ein
765 876 229 52 Grünen,
1012 878 84 43 ein
1111 878 220 54 Glühen,
1350 882 83 43 ein
1444 883 300 51 W011en,...
1765 896 54 32 es
1836 884 93 44 hat
1946 883 191 45 keinen
2155 885 211 44 Namen

666 936 109 43 und
797 936 244 45 bedeutet
1070 938 67 43 all
1165 939 93 44 das
1283 953 323 35 zusammen.
1634 944 185 44 Dieser
1840 944 164 44 wirre
2025 943 215 53 Traum,
2263 945 101 44 den

666 996 104 43 wir
796 999 258 50 träumen,
1079 998 90 44 der
1195 1003 369 44 traumwache
1585 1004 373 51 Wachtraum,
1981 1004 53 43 in
2062 1005 169 44 seiner
2252 1005 113 44 Un=

666 1055 432 46 willkürlichkeit
1120 1059 108 43 voll
1251 1060 266 55 Gesetzen,
1542 1064 82 45 die
1647 1065 251 43 niemand
1921 1064 180 51 kennt,
2126 1064 81 45 die
2240 1065 126 45 aber

666 1115 129 45 sind.
814 1116 184 45 Dieser
1015 1117 111 44 sich
1142 1119 158 45 selbst
1316 1120 381 49 bezweifelnde
1713 1124 196 57 Drang,
1927 1124 138 43 diese
2081 1125 111 43 sich
2207 1125 157 45 selbst

667 1176 205 44 äffende
895 1177 273 59 Lockung,
1197 1180 83 44 ein
1308 1182 331 46 scheinbares
1667 1183 210 46 Greifen
1903 1184 108 44 und
2038 1183 215 53 Fassen,
2278 1187 85 42 ein

665 1249 191 43 ganzes
874 1237 181 44 Leben
1073 1239 54 42 in
1144 1238 288 55 Geberden,
1445 1242 81 45 die
1544 1258 57 30 so
1617 1245 270 44 zwischen
1904 1243 124 46 Sein
2045 1244 108 43 und
2170 1244 193 45 Schein

663 1296 309 52 unbewußt,
1004 1298 344 47 halbbewußt
1379 1303 110 44 sich
1525 1305 192 44 recken
1752 1305 108 44 und
1895 1303 319 58 schmiegen,
2245 1307 115 42 ani=

664 1356 220 44 malisch
911 1358 279 53 vielleicht,
1213 1359 355 56 pflanzenhaft
1595 1364 331 51 vermutlich,
1948 1364 233 44 kindlich
2208 1367 154 55 mög=

662 1415 332 47 licherweise
1026 1452 10 10 .
1071 1452 9 10 .
1114 1452 10 11 .
1156 1433 119 30 wer
1310 1422 322 47 umschreibt
1671 1425 107 44 dies
1816 1425 96 44 mit
1943 1424 247 51 Worten,
2223 1425 140 45 diese

664 1476 371 58 Hieroglyphe,
1060 1479 165 45 dieses
1252 1480 300 54 Ornament,
1582 1484 165 45 dieses
1777 1483 244 58 Symbol!
2054 1484 110 44 Das
2195 1485 65 44 ist
2293 1498 67 32 es.

663 1536 99 44 Die
773 1536 149 45 Welt
944 1539 65 43 ist
1026 1540 204 44 wieder
1252 1541 233 57 gottvoll.
1509 1543 108 44 Der
1636 1557 135 31 neue
1788 1544 372 44 Pantheismus
2177 1545 186 45 schaut

662 1610 99 31 uns
783 1611 93 30 aus
895 1597 136 45 allen
1047 1599 209 58 Dingen
1275 1614 83 37 an,
1374 1601 348 55 maskenhaft,
1738 1603 327 52 fratzenhaft,
2081 1605 281 45 medusen=

661 1657 126 52 haft,
825 1658 108 43 und
965 1659 203 45 wieder
1200 1661 97 44 mit
1327 1661 372 59 Kindesaugen
1736 1664 108 43 und
1882 1663 476 59 Engelgesichtern.

662 1716 154 45 Seine
833 1719 221 43 tausend
1064 1720 162 44 Arme
1243 1721 191 57 langen
1451 1723 54 42 in
1519 1723 402 45 unabsehbaren
1937 1723 422 56 Parallelreihen,

662 1777 414 59 gleichgeberdig
1117 1780 79 43 bis
1237 1781 81 44 ins
1356 1781 344 53 Unendliche,
1738 1797 123 30 zum
1899 1783 235 47 Himmel
2178 1800 183 43 empor

661 1837 136 44 nach
833 1837 177 46 Sonne
1047 1840 108 43 und
1192 1840 190 52 Mond;
1421 1841 90 45 der
1546 1843 303 56 Rhythmus
1887 1843 138 45 ihrer
2062 1844 297 49 Sehnsucht

660 1896 149 45 flutet
834 1897 303 53 himmelan,
1161 1899 285 45 sichtbarer
1470 1901 223 59 Gesang,
1716 1904 347 45 melodischer
2084 1905 141 45 Duft.
2255 1909 102 42 Ein

662 1955 232 46 Gewühl
911 1971 109 31 von
1038 1959 184 52 stillen,
1240 1961 411 45 träumerischen
1669 1963 289 56 Köpfchen,
1976 1966 84 43 ein
2080 1965 279 45 Geknister

658 2030 109 30 von
785 2017 411 54 schwellenden,
1216 2020 311 56 quellenden
1544 2022 266 57 Knospen,
1829 2024 81 45 die
1932 2025 110 44 sich
2065 2026 293 45 zusehends

658 2077 501 53 vermenschlichen,
1177 2093 67 30 zu
1257 2081 198 57 jungen
1472 2082 192 52 Busen,
1680 2097 67 31 zu
1761 2085 304 45 wehenden
2082 2086 274 45 Gewand=

658 2140 235 49 säumen,
904 2151 64 30 zu
982 2138 397 47 Lilienfüßchen
1393 2142 107 44 und
1515 2142 599 61 blumenstengelhaften
2129 2148 227 56 Körper=

658 2198 357 58 Wendungen,
1060 2200 84 42 ein
1197 2199 349 59 allgemeines,
1588 2204 460 47 unendlichfaches
2095 2207 262 46 Formen=
