2861 3048
1326 2380 49 44 73

502 548 269 45 bestimmt
791 544 298 56 empfindet,
1102 543 97 43 daß
1215 555 126 30 man
1358 543 74 43 sie
1452 542 73 43 im
1541 541 199 44 Traum
1753 540 316 45 verstanden
2088 539 105 44 hat.

503 610 71 43 Es
589 609 64 42 ist
668 605 240 56 Religion
923 605 53 42 in
992 601 472 57 Tooropsßildern.
1481 601 129 45 Wer
1627 600 187 58 jemals
1830 599 363 56 eineToorop=

501 666 326 55 Ausstellung
853 663 341 45 veranstaltet
1224 661 110 51 hat,
1360 661 142 43 weiß
1534 674 68 31 es.
1626 661 126 43 Wie
1775 660 209 44 schwer
2016 672 53 31 es
2096 672 99 30 nur

503 728 124 50 hält,
644 726 138 44 diese
798 724 281 44 seltsamen
1099 721 359 44 Kunstwerke
1471 721 149 44 ihren
1640 721 267 44 Besitzern
1926 719 80 43 für
2020 719 174 44 weni=

504 802 62 44 ge
588 785 247 46 Wochen
863 780 499 47 abzuschmeicheln.
1391 780 161 45 Sechs
1576 780 247 45 Wochen
1854 780 135 42 ohne
2015 779 179 43 seinen

504 848 227 52 „Garten
774 845 89 44 der
899 841 451 56 Betrachtungen”
1388 853 67 31 zu
1495 840 172 52 leben,
1707 841 123 43 oder
1873 839 137 43 ohne
2052 839 142 42 seine

503 905 277 59 „Sphinx”,
803 904 91 44 das
917 903 64 43 ist
1003 901 80 43 für
1106 902 73 42 sie
1205 899 322 45 undenkbar.
1556 900 100 44 Die
1677 900 139 52 „drei
1838 898 222 44 Bräute”
2085 898 109 43 ein=

503 968 204 56 packen
722 965 107 44 und
840 959 387 60 wegschicken,
1237 973 66 29 zu
1320 959 141 44 einer
1471 960 335 56 Ausstellung
1817 960 73 42 im
1900 958 294 43 Barbaren=

504 1027 168 52 lande,
690 1039 93 30 wo
809 1036 126 32 man
961 1021 73 43 sie
1057 1019 280 44 auslachen
1359 1019 160 51 wird,
1538 1019 91 44 das
1651 1019 141 44 heißt
1818 1019 73 42 sie
1922 1018 271 56 einsargen

502 1087 108 44 und
626 1085 262 58 begraben
903 1083 54 43 in
970 1078 367 58 ungeweihter
1354 1079 150 44 Erde.
1528 1079 72 44 Es
1618 1079 114 44 sind
1749 1077 188 51 Bilder,
1952 1077 55 42 in
2025 1077 168 43 denen

502 1161 126 29 man
646 1146 119 50 lebt,
782 1145 94 44 mit
900 1142 167 43 denen
1084 1151 126 31 man
1234 1137 161 45 denkt
1411 1139 108 42 und
1537 1139 214 57 grübelt,
1770 1138 150 56 lange
1938 1136 255 43 Dämme=

502 1219 201 44 rungen
733 1201 275 50 hindurch,
1030 1198 116 58 jede
1177 1197 151 44 Linie
1355 1198 245 52 deutend,
1626 1199 110 43 wie
1765 1197 82 43 die
1874 1197 139 43 einer
2040 1196 154 44 Men=

502 1265 320 51 schenhand,
836 1262 143 58 jedes
996 1257 358 60 geschlossene
1369 1258 148 56 Auge
1535 1259 135 43 nach
1687 1257 108 44 und
1813 1256 135 44 nach
1967 1255 224 44 öffnend.

502 1327 121 44 Und
642 1326 91 43 das
750 1323 116 45 Bild
883 1321 104 46 lebt
1004 1319 95 44 mit
1116 1317 197 44 seinem
1331 1317 208 57 Eigner,
1559 1331 53 30 es
1635 1317 122 58 geht
1776 1316 93 45 auf
1879 1317 141 42 seine
2035 1315 158 45 Stim=

503 1399 232 44 mungen
766 1386 85 43 ein
876 1380 109 46 und
1012 1378 182 44 ändert
1221 1377 110 44 sich
1358 1378 97 43 mit
1481 1378 174 44 ihnen.
1685 1378 98 43 Die
1810 1376 190 56 langen
2023 1375 170 43 Haar=

505 1446 226 44 flechten
748 1455 199 45 wogen
961 1441 156 42 heute
1136 1436 187 44 anders
1341 1437 75 44 als
1427 1441 221 53 gestern,
1661 1437 138 44 diese
1818 1434 208 45 offenen
2036 1435 160 42 Arme

504 1505 172 44 haben
699 1505 110 44 sich
826 1516 98 32 vor
946 1500 140 44 einer
1103 1496 200 45 Stunde
1326 1497 260 57 gekreuzt,
1604 1497 107 43 und
1733 1508 217 43 morgen
1972 1495 65 43 ist
2052 1494 143 44 Voll=

504 1566 183 49 mond,
711 1565 65 43 da
803 1560 219 47 werden
1059 1556 98 45 alle
1190 1556 139 44 diese
1359 1556 212 52 Profile,
1594 1557 82 42 die
1702 1557 126 54 jetzt
1858 1555 136 43 nach
2025 1554 170 43 rechts

505 1626 245 49 schauen,
767 1625 108 42 sich
894 1619 136 46 nach
1046 1616 137 44 links
1199 1616 248 52 wenden,
1463 1617 120 44 dem
1600 1615 176 44 Meere
1794 1627 78 31 zu.
1891 1614 69 44 So
1980 1614 82 43 ein
2079 1613 116 43 Bild

505 1683 112 45 hilft
638 1687 254 40 träumen.
917 1681 70 44 Es
1010 1676 111 46 lullt
1146 1676 97 50 ein,
1261 1676 177 44 indem
1462 1689 54 31 es
1538 1675 281 45 aufweckt.
1842 1673 130 44 Man
1987 1672 209 44 verliert

505 1743 110 44 sich
644 1742 163 52 darin,
828 1743 79 43 bis
932 1751 124 33 man
1076 1735 278 44 unfindbar
1376 1737 154 50 wird,
1552 1735 108 44 und
1687 1735 53 42 in
1769 1733 194 44 diesem
1985 1733 211 56 Augen=

505 1802 171 45 blicke
698 1802 92 45 hat
813 1814 125 32 man
960 1798 108 44 sich
1091 1795 273 58 gefunden.
2050 1800 146 42 ©O©

506 1871 43 42 ©
610 1861 372 46 Träumereien
995 1858 127 44 über
1135 1854 225 57 Toorop.
1377 1852 714 61 „Orgelklänge”=„Gesang
2108 1852 89 43 der

506 1922 209 45 Zeiten”
737 1941 53 21 =
811 1918 268 56 „Illusion”
1102 1935 50 20 =
1173 1916 227 52 „Garten
1423 1916 89 43 der
1529 1914 227 44 Leiden”
1772 1932 54 20 =
1847 1912 129 52 „Die
1999 1912 196 43 Nacht=

508 1982 371 45 Schwärmer”.
2051 1979 145 42 ©©©

507 2051 42 42 ©
613 2042 136 44 Oder
770 2043 65 42 ist
858 2052 53 33 es
934 2051 97 31 nur
1052 2035 517 45 Haschischzauber?
2050 2039 146 42 ©©©

507 2112 42 40 ©
612 2101 136 44 Oder
777 2113 98 32 nur
903 2099 88 43 der
1019 2096 206 56 Gesang
1256 2096 88 43 der
1371 2095 159 50 Stille,
1547 2094 80 44 die
1658 2093 218 44 lautlose
1902 2091 173 45 Musik
2108 2090 88 44 des

508 2162 359 56 Schweigens,
875 2159 81 43 die
968 2158 95 43 mit
1074 2156 135 45 allen
1220 2155 197 45 Sinnen
1427 2154 236 57 zugleich
1669 2165 346 33 vernommen
2021 2150 173 44 wird?

508 2230 43 42 ©
611 2222 183 43 Wenn
827 2220 81 43 die
937 2230 127 44 paar
1090 2216 386 55 Sommergäste
1502 2214 134 44 nach
1665 2213 239 56 Katwijk
1930 2212 266 49 kommen.
