<?xml version="1.0" encoding="UTF-8"?>
<alto xmlns:xsi="http://www.w3.org/2001/XMLSchema-instance" xmlns="http://www.loc.gov/standards/alto/ns-v2#" xsi:schemaLocation="http://www.loc.gov/standards/alto/ns-v2# http://www.loc.gov/standards/alto/alto-v2.0.xsd" xmlns:xlink="http://www.w3.org/1999/xlink">
	<Description>
		<MeasurementUnit>mm10</MeasurementUnit>
		<sourceImageInformation>
			<fileName>//fileserver7/IN2-2/Princeton/bmtnabj/1908/12/01_01/00000635.tif</fileName>
		</sourceImageInformation>
		<OCRProcessing ID="OCRPROCESSING_1">
			<preProcessingStep>
				<processingSoftware>
					<softwareCreator>CCS Content Conversion Specialists GmbH, Germany</softwareCreator>
					<softwareName>CCS docWorks</softwareName>
					<softwareVersion>6.7-1.20</softwareVersion>
				</processingSoftware>
			</preProcessingStep>
			<ocrProcessingStep>
				<processingSoftware>
					<softwareCreator>ABBYY (BIT Software), Russia</softwareCreator>
					<softwareName>FineReader</softwareName>
					<softwareVersion>10.0</softwareVersion>
				</processingSoftware>
			</ocrProcessingStep>
		</OCRProcessing>
		<OCRProcessing ID="OCRPROCESSING_2">
			<preProcessingStep>
				<processingSoftware>
					<softwareCreator>CCS Content Conversion Specialists GmbH, Germany</softwareCreator>
					<softwareName>CCS docWorks</softwareName>
					<softwareVersion>6.7-1.20</softwareVersion>
				</processingSoftware>
			</preProcessingStep>
			<ocrProcessingStep>
				<processingSoftware>
					<softwareCreator>ABBYY (BIT Software), Russia</softwareCreator>
					<softwareName>NA</softwareName>
				</processingSoftware>
			</ocrProcessingStep>
		</OCRProcessing>
	</Description>
	<Styles>
		<TextStyle ID="TXT_0" FONTSIZE="12" FONTFAMILY="Times New Roman" FONTSTYLE="bold"/>
		<TextStyle ID="TXT_1" FONTSIZE="14" FONTFAMILY="Times New Roman"/>
		<TextStyle ID="TXT_2" FONTSIZE="10" FONTFAMILY="Times New Roman" FONTSTYLE="bold"/>
		<TextStyle ID="TXT_3" FONTSIZE="26" FONTFAMILY="Times New Roman"/>
		<TextStyle ID="TXT_4" FONTSIZE="11" FONTFAMILY="Times New Roman" FONTSTYLE="bold"/>
		<ParagraphStyle ID="PAR_CENTER" ALIGN="Center"/>
		<ParagraphStyle ID="PAR_RIGHT" ALIGN="Right"/>
		<ParagraphStyle ID="PAR_BLOCK" ALIGN="Block"/>
		<ParagraphStyle ID="PAR_LEFT" ALIGN="Left"/>
	</Styles>
	<Layout>
		<Page ID="P5" PHYSICAL_IMG_NR="5" HEIGHT="3802" WIDTH="2303" PRINTED_IMG_NR="617" PC="0.942">
			<TopMargin ID="P5_TM00001" HPOS="0" VPOS="0" WIDTH="2303" HEIGHT="262">
				<TextBlock ID="P5_TB00001" HPOS="894" VPOS="198" WIDTH="487" HEIGHT="49" STYLEREFS="TXT_0 PAR_CENTER">
					<TextLine ID="P5_TL00001" HPOS="895" VPOS="199" WIDTH="486" HEIGHT="48">
						<String ID="P5_ST00001" HPOS="895" VPOS="199" WIDTH="180" HEIGHT="45" CONTENT="L'ÉCOLE" WC="0.98" CC="5352632"/>
						<SP ID="P5_SP00001" HPOS="1075" VPOS="244" WIDTH="32"/>
						<String ID="P5_ST00002" HPOS="1107" VPOS="218" WIDTH="56" HEIGHT="27" CONTENT="DE" WC="0.66" CC="60"/>
						<SP ID="P5_SP00002" HPOS="1163" VPOS="245" WIDTH="35"/>
						<String ID="P5_ST00003" HPOS="1198" VPOS="218" WIDTH="183" HEIGHT="29" CONTENT="CHORON" WC="0.99" CC="160202"/>
					</TextLine>
				</TextBlock>
				<TextBlock ID="P5_TB00002" HPOS="2069" VPOS="211" WIDTH="79" HEIGHT="49" STYLEREFS="TXT_1 PAR_RIGHT">
					<TextLine ID="P5_TL00002" HPOS="2071" VPOS="212" WIDTH="77" HEIGHT="48">
						<String ID="P5_ST00004" HPOS="2071" VPOS="212" WIDTH="77" HEIGHT="48" CONTENT="617" WC="0.90" CC="020"/>
					</TextLine>
				</TextBlock>
			</TopMargin>
			<LeftMargin ID="P5_LM00001" HPOS="0" VPOS="262" WIDTH="130" HEIGHT="3359"/>
			<RightMargin ID="P5_RM00001" HPOS="2172" VPOS="262" WIDTH="131" HEIGHT="3359"/>
			<BottomMargin ID="P5_BM00001" HPOS="0" VPOS="3621" WIDTH="2303" HEIGHT="181"/>
			<PrintSpace ID="P5_PS00001" HPOS="130" VPOS="262" WIDTH="2042" HEIGHT="3359">
				<TextBlock ID="P5_TB00003" HPOS="130" VPOS="297" WIDTH="2035" HEIGHT="1794" STYLEREFS="TXT_1 PAR_BLOCK">
					<TextLine ID="P5_TL00003" HPOS="135" VPOS="302" WIDTH="2019" HEIGHT="65">
						<String ID="P5_ST00005" HPOS="135" VPOS="316" WIDTH="58" HEIGHT="38" CONTENT="qu" WC="0.77" CC="04"/>
						<SP ID="P5_SP00003" HPOS="193" VPOS="354" WIDTH="21"/>
						<String ID="P5_ST00006" HPOS="214" VPOS="315" WIDTH="57" HEIGHT="28" CONTENT="on" WC="0.90" CC="10"/>
						<SP ID="P5_SP00004" HPOS="271" VPOS="354" WIDTH="25"/>
						<String ID="P5_ST00007" HPOS="296" VPOS="303" WIDTH="61" HEIGHT="40" CONTENT="lui" WC="0.97" CC="511"/>
						<SP ID="P5_SP00005" HPOS="357" VPOS="354" WIDTH="18"/>
						<String ID="P5_ST00008" HPOS="375" VPOS="302" WIDTH="150" HEIGHT="42" CONTENT="donne" WC="0.99" CC="00030"/>
						<SP ID="P5_SP00006" HPOS="525" VPOS="354" WIDTH="21"/>
						<String ID="P5_ST00009" HPOS="546" VPOS="303" WIDTH="173" HEIGHT="54" CONTENT="parfois" WC="1.00" CC="0000031"/>
						<SP ID="P5_SP00007" HPOS="719" VPOS="357" WIDTH="127"/>
						<String ID="P5_ST00010" HPOS="846" VPOS="318" WIDTH="193" HEIGHT="41" CONTENT="propose" WC="1.00" CC="0010000"/>
						<SP ID="P5_SP00008" HPOS="1039" VPOS="359" WIDTH="40"/>
						<String ID="P5_ST00011" HPOS="1079" VPOS="322" WIDTH="54" HEIGHT="28" CONTENT="au" WC="0.67" CC="06"/>
						<SP ID="P5_SP00009" HPOS="1133" VPOS="359" WIDTH="44"/>
						<String ID="P5_ST00012" HPOS="1177" VPOS="312" WIDTH="232" HEIGHT="41" CONTENT="ministère" WC="0.99" CC="007004700"/>
						<SP ID="P5_SP00010" HPOS="1409" VPOS="359" WIDTH="35"/>
						<String ID="P5_ST00013" HPOS="1444" VPOS="326" WIDTH="59" HEIGHT="27" CONTENT="un" WC="1.00" CC="00"/>
						<SP ID="P5_SP00011" HPOS="1503" VPOS="359" WIDTH="40"/>
						<String ID="P5_ST00014" HPOS="1543" VPOS="313" WIDTH="105" HEIGHT="52" CONTENT="plan" WC="0.99" CC="0400"/>
						<SP ID="P5_SP00012" HPOS="1648" VPOS="365" WIDTH="20"/>
						<String ID="P5_ST00015" HPOS="1668" VPOS="313" WIDTH="54" HEIGHT="41" CONTENT="de" WC="1.00" CC="00"/>
						<SP ID="P5_SP00013" HPOS="1722" VPOS="365" WIDTH="24"/>
						<String ID="P5_ST00016" HPOS="1746" VPOS="314" WIDTH="63" HEIGHT="40" CONTENT="six" WC="1.00" CC="000"/>
						<SP ID="P5_SP00014" HPOS="1809" VPOS="365" WIDTH="37"/>
						<String ID="P5_ST00017" HPOS="1846" VPOS="318" WIDTH="211" HEIGHT="37" CONTENT="tournées" WC="0.99" CC="03400600"/>
						<SP ID="P5_SP00015" HPOS="2057" VPOS="365" WIDTH="22"/>
						<String ID="P5_ST00018" HPOS="2079" VPOS="316" WIDTH="75" HEIGHT="51" CONTENT="qui" WC="0.97" CC="070"/>
					</TextLine>
					<TextLine ID="P5_TL00004" HPOS="130" VPOS="371" WIDTH="2024" HEIGHT="64">
						<String ID="P5_ST00019" HPOS="130" VPOS="371" WIDTH="151" HEIGHT="41" CONTENT="devait" WC="1.00" CC="000120"/>
						<SP ID="P5_SP00016" HPOS="281" VPOS="412" WIDTH="22"/>
						<String ID="P5_ST00020" HPOS="303" VPOS="371" WIDTH="258" HEIGHT="42" CONTENT="embrasser" WC="1.00" CC="000000000"/>
						<SP ID="P5_SP00017" HPOS="561" VPOS="413" WIDTH="46"/>
						<String ID="P5_ST00021" HPOS="607" VPOS="373" WIDTH="40" HEIGHT="41" CONTENT="la" WC="0.75" CC="40"/>
						<SP ID="P5_SP00018" HPOS="647" VPOS="414" WIDTH="40"/>
						<String ID="P5_ST00022" HPOS="687" VPOS="373" WIDTH="170" HEIGHT="41" CONTENT="France" WC="0.99" CC="600200"/>
						<SP ID="P5_SP00019" HPOS="857" VPOS="414" WIDTH="28"/>
						<String ID="P5_ST00023" HPOS="885" VPOS="378" WIDTH="184" HEIGHT="40" CONTENT="entière." WC="0.99" CC="00407004"/>
						<SP ID="P5_SP00020" HPOS="1069" VPOS="418" WIDTH="29"/>
						<String ID="P5_ST00024" HPOS="1098" VPOS="378" WIDTH="29" HEIGHT="40" CONTENT="Il" WC="0.91" CC="10"/>
						<SP ID="P5_SP00021" HPOS="1127" VPOS="418" WIDTH="36"/>
						<String ID="P5_ST00025" HPOS="1163" VPOS="378" WIDTH="100" HEIGHT="43" CONTENT="n'en" WC="0.99" CC="0400"/>
						<SP ID="P5_SP00022" HPOS="1263" VPOS="421" WIDTH="25"/>
						<String ID="P5_ST00026" HPOS="1288" VPOS="378" WIDTH="48" HEIGHT="44" CONTENT="fit" WC="1.00" CC="000"/>
						<SP ID="P5_SP00023" HPOS="1336" VPOS="422" WIDTH="21"/>
						<String ID="P5_ST00027" HPOS="1357" VPOS="379" WIDTH="164" HEIGHT="54" CONTENT="qu'une" WC="0.98" CC="043602"/>
						<SP ID="P5_SP00024" HPOS="1521" VPOS="433" WIDTH="31"/>
						<String ID="P5_ST00028" HPOS="1552" VPOS="385" WIDTH="134" HEIGHT="50" CONTENT="petite" WC="0.99" CC="004050"/>
						<SP ID="P5_SP00025" HPOS="1686" VPOS="435" WIDTH="21"/>
						<String ID="P5_ST00029" HPOS="1707" VPOS="385" WIDTH="155" HEIGHT="50" CONTENT="partie." WC="1.00" CC="0003003"/>
						<SP ID="P5_SP00026" HPOS="1862" VPOS="435" WIDTH="22"/>
						<String ID="P5_ST00030" HPOS="1884" VPOS="381" WIDTH="120" HEIGHT="44" CONTENT="C'est" WC="0.99" CC="01006"/>
						<SP ID="P5_SP00027" HPOS="2004" VPOS="435" WIDTH="23"/>
						<String ID="P5_ST00031" HPOS="2027" VPOS="387" WIDTH="21" HEIGHT="37" CONTENT="à" WC="0.91" CC="0"/>
						<SP ID="P5_SP00028" HPOS="2048" VPOS="435" WIDTH="25"/>
						<String ID="P5_ST00032" HPOS="2073" VPOS="397" WIDTH="81" HEIGHT="28" CONTENT="son" WC="0.98" CC="005"/>
					</TextLine>
					<TextLine ID="P5_TL00005" HPOS="136" VPOS="441" WIDTH="2017" HEIGHT="60">
						<String ID="P5_ST00033" HPOS="136" VPOS="441" WIDTH="54" HEIGHT="42" CONTENT="de" WC="1.00" CC="00"/>
						<SP ID="P5_SP00029" HPOS="190" VPOS="483" WIDTH="18"/>
						<String ID="P5_ST00034" HPOS="208" VPOS="449" WIDTH="190" HEIGHT="45" CONTENT="trompe," WC="1.00" CC="0000004"/>
						<SP ID="P5_SP00030" HPOS="398" VPOS="494" WIDTH="23"/>
						<String ID="P5_ST00035" HPOS="421" VPOS="455" WIDTH="54" HEIGHT="28" CONTENT="en" WC="1.00" CC="00"/>
						<SP ID="P5_SP00031" HPOS="475" VPOS="494" WIDTH="24"/>
						<String ID="P5_ST00036" HPOS="499" VPOS="442" WIDTH="194" HEIGHT="53" CONTENT="quelque" WC="0.99" CC="0300054"/>
						<SP ID="P5_SP00032" HPOS="693" VPOS="495" WIDTH="18"/>
						<String ID="P5_ST00037" HPOS="711" VPOS="452" WIDTH="134" HEIGHT="42" CONTENT="sorte," WC="0.99" CC="000304"/>
						<SP ID="P5_SP00033" HPOS="845" VPOS="495" WIDTH="22"/>
						<String ID="P5_ST00038" HPOS="867" VPOS="444" WIDTH="106" HEIGHT="53" CONTENT="qu'il" WC="0.99" CC="00450"/>
						<SP ID="P5_SP00034" HPOS="973" VPOS="497" WIDTH="19"/>
						<String ID="P5_ST00039" HPOS="992" VPOS="459" WIDTH="203" HEIGHT="30" CONTENT="annonce" WC="0.99" CC="0370200"/>
						<SP ID="P5_SP00035" HPOS="1195" VPOS="497" WIDTH="24"/>
						<String ID="P5_ST00040" HPOS="1219" VPOS="462" WIDTH="82" HEIGHT="29" CONTENT="son" WC="1.00" CC="000"/>
						<SP ID="P5_SP00036" HPOS="1301" VPOS="497" WIDTH="25"/>
						<String ID="P5_ST00041" HPOS="1326" VPOS="452" WIDTH="188" HEIGHT="40" CONTENT="arrivée." WC="0.99" CC="06000601"/>
						<SP ID="P5_SP00037" HPOS="1514" VPOS="497" WIDTH="28"/>
						<String ID="P5_ST00042" HPOS="1542" VPOS="451" WIDTH="396" HEIGHT="43" CONTENT="D'innombrables" WC="1.00" CC="54000000000100"/>
						<SP ID="P5_SP00038" HPOS="1938" VPOS="497" WIDTH="19"/>
						<String ID="P5_ST00043" HPOS="1957" VPOS="452" WIDTH="196" HEIGHT="49" CONTENT="affiches," WC="1.00" CC="032200000"/>
					</TextLine>
					<TextLine ID="P5_TL00006" HPOS="137" VPOS="510" WIDTH="2017" HEIGHT="64">
						<String ID="P5_ST00044" HPOS="137" VPOS="510" WIDTH="200" HEIGHT="42" CONTENT="libellées" WC="1.00" CC="200000000"/>
						<SP ID="P5_SP00039" HPOS="337" VPOS="552" WIDTH="20"/>
						<String ID="P5_ST00045" HPOS="357" VPOS="512" WIDTH="54" HEIGHT="40" CONTENT="de" WC="0.65" CC="07"/>
						<SP ID="P5_SP00040" HPOS="411" VPOS="552" WIDTH="21"/>
						<String ID="P5_ST00046" HPOS="432" VPOS="512" WIDTH="40" HEIGHT="40" CONTENT="la" WC="0.87" CC="20"/>
						<SP ID="P5_SP00041" HPOS="472" VPOS="552" WIDTH="26"/>
						<String ID="P5_ST00047" HPOS="498" VPOS="513" WIDTH="201" HEIGHT="40" CONTENT="manière" WC="1.00" CC="0000700"/>
						<SP ID="P5_SP00042" HPOS="699" VPOS="553" WIDTH="31"/>
						<String ID="P5_ST00048" HPOS="730" VPOS="513" WIDTH="41" HEIGHT="41" CONTENT="la" WC="0.93" CC="10"/>
						<SP ID="P5_SP00043" HPOS="771" VPOS="554" WIDTH="23"/>
						<String ID="P5_ST00049" HPOS="794" VPOS="513" WIDTH="102" HEIGHT="53" CONTENT="plus" WC="0.99" CC="0040"/>
						<SP ID="P5_SP00044" HPOS="896" VPOS="566" WIDTH="24"/>
						<String ID="P5_ST00050" HPOS="920" VPOS="515" WIDTH="274" HEIGHT="54" CONTENT="séduisante," WC="1.00" CC="06000003304"/>
						<SP ID="P5_SP00045" HPOS="1194" VPOS="569" WIDTH="24"/>
						<String ID="P5_ST00051" HPOS="1218" VPOS="528" WIDTH="101" HEIGHT="32" CONTENT="sont" WC="0.98" CC="0404"/>
						<SP ID="P5_SP00046" HPOS="1319" VPOS="569" WIDTH="41"/>
						<String ID="P5_ST00052" HPOS="1360" VPOS="525" WIDTH="218" HEIGHT="48" CONTENT="apposées" WC="1.00" CC="00000000"/>
						<SP ID="P5_SP00047" HPOS="1578" VPOS="573" WIDTH="25"/>
						<String ID="P5_ST00053" HPOS="1603" VPOS="531" WIDTH="195" HEIGHT="43" CONTENT="partout," WC="0.99" CC="04050504"/>
						<SP ID="P5_SP00048" HPOS="1798" VPOS="574" WIDTH="23"/>
						<String ID="P5_ST00054" HPOS="1821" VPOS="523" WIDTH="112" HEIGHT="41" CONTENT="dans" WC="0.99" CC="0050"/>
						<SP ID="P5_SP00049" HPOS="1933" VPOS="574" WIDTH="24"/>
						<String ID="P5_ST00055" HPOS="1957" VPOS="523" WIDTH="63" HEIGHT="41" CONTENT="les" WC="0.99" CC="200"/>
						<SP ID="P5_SP00050" HPOS="2020" VPOS="574" WIDTH="21"/>
						<String ID="P5_ST00056" HPOS="2041" VPOS="538" WIDTH="85" HEIGHT="26" CONTENT="mar" SUBS_TYPE="HypPart1" SUBS_CONTENT="marchés" WC="0.99" CC="000"/>
						<HYP HPOS="2126" VPOS="538" WIDTH="28" CONTENT="-"/>
					</TextLine>
					<TextLine ID="P5_TL00007" HPOS="138" VPOS="579" WIDTH="2014" HEIGHT="61">
						<String ID="P5_ST00057" HPOS="138" VPOS="580" WIDTH="105" HEIGHT="41" CONTENT="chés" SUBS_TYPE="HypPart2" SUBS_CONTENT="marchés" WC="1.00" CC="0000"/>
						<SP ID="P5_SP00051" HPOS="243" VPOS="621" WIDTH="24"/>
						<String ID="P5_ST00058" HPOS="267" VPOS="589" WIDTH="41" HEIGHT="32" CONTENT="et" WC="0.75" CC="04"/>
						<SP ID="P5_SP00052" HPOS="308" VPOS="621" WIDTH="21"/>
						<String ID="P5_ST00059" HPOS="329" VPOS="580" WIDTH="118" HEIGHT="42" CONTENT="lieux" WC="0.99" CC="22060"/>
						<SP ID="P5_SP00053" HPOS="447" VPOS="622" WIDTH="24"/>
						<String ID="P5_ST00060" HPOS="471" VPOS="579" WIDTH="195" HEIGHT="54" CONTENT="publics," WC="1.00" CC="00030000"/>
						<SP ID="P5_SP00054" HPOS="666" VPOS="633" WIDTH="26"/>
						<String ID="P5_ST00061" HPOS="692" VPOS="596" WIDTH="85" HEIGHT="27" CONTENT="aux" WC="1.00" CC="100"/>
						<SP ID="P5_SP00055" HPOS="777" VPOS="633" WIDTH="21"/>
						<String ID="P5_ST00062" HPOS="798" VPOS="592" WIDTH="149" HEIGHT="43" CONTENT="portes" WC="0.99" CC="020500"/>
						<SP ID="P5_SP00056" HPOS="947" VPOS="635" WIDTH="24"/>
						<String ID="P5_ST00063" HPOS="971" VPOS="585" WIDTH="78" HEIGHT="41" CONTENT="des" WC="1.00" CC="000"/>
						<SP ID="P5_SP00057" HPOS="1049" VPOS="635" WIDTH="23"/>
						<String ID="P5_ST00064" HPOS="1072" VPOS="586" WIDTH="183" HEIGHT="51" CONTENT="églises," WC="1.00" CC="00300004"/>
						<SP ID="P5_SP00058" HPOS="1255" VPOS="637" WIDTH="22"/>
						<String ID="P5_ST00065" HPOS="1277" VPOS="588" WIDTH="79" HEIGHT="42" CONTENT="des" WC="1.00" CC="000"/>
						<SP ID="P5_SP00059" HPOS="1356" VPOS="637" WIDTH="25"/>
						<String ID="P5_ST00066" HPOS="1381" VPOS="590" WIDTH="213" HEIGHT="50" CONTENT="théâtres," WC="1.00" CC="400100004"/>
						<SP ID="P5_SP00060" HPOS="1594" VPOS="640" WIDTH="19"/>
						<String ID="P5_ST00067" HPOS="1613" VPOS="592" WIDTH="78" HEIGHT="40" CONTENT="des" WC="0.99" CC="030"/>
						<SP ID="P5_SP00061" HPOS="1691" VPOS="640" WIDTH="21"/>
						<String ID="P5_ST00068" HPOS="1712" VPOS="592" WIDTH="134" HEIGHT="41" CONTENT="salles" WC="1.00" CC="003100"/>
						<SP ID="P5_SP00062" HPOS="1846" VPOS="640" WIDTH="23"/>
						<String ID="P5_ST00069" HPOS="1869" VPOS="592" WIDTH="53" HEIGHT="41" CONTENT="de" WC="1.00" CC="00"/>
						<SP ID="P5_SP00063" HPOS="1922" VPOS="640" WIDTH="26"/>
						<String ID="P5_ST00070" HPOS="1948" VPOS="595" WIDTH="204" HEIGHT="39" CONTENT="réunion." WC="0.99" CC="00040063"/>
					</TextLine>
					<TextLine ID="P5_TL00008" HPOS="141" VPOS="648" WIDTH="2014" HEIGHT="67">
						<String ID="P5_ST00071" HPOS="141" VPOS="648" WIDTH="73" HEIGHT="43" CONTENT="On" WC="1.00" CC="00"/>
						<SP ID="P5_SP00064" HPOS="214" VPOS="691" WIDTH="24"/>
						<String ID="P5_ST00072" HPOS="238" VPOS="649" WIDTH="63" HEIGHT="42" CONTENT="les" WC="0.98" CC="220"/>
						<SP ID="P5_SP00065" HPOS="301" VPOS="691" WIDTH="24"/>
						<String ID="P5_ST00073" HPOS="325" VPOS="649" WIDTH="79" HEIGHT="42" CONTENT="fait" WC="0.99" CC="0003"/>
						<SP ID="P5_SP00066" HPOS="404" VPOS="691" WIDTH="19"/>
						<String ID="P5_ST00074" HPOS="423" VPOS="651" WIDTH="79" HEIGHT="41" CONTENT="lire" WC="0.99" CC="4000"/>
						<SP ID="P5_SP00067" HPOS="502" VPOS="692" WIDTH="21"/>
						<String ID="P5_ST00075" HPOS="523" VPOS="665" WIDTH="56" HEIGHT="26" CONTENT="au" WC="1.00" CC="00"/>
						<SP ID="P5_SP00068" HPOS="579" VPOS="692" WIDTH="40"/>
						<String ID="P5_ST00076" HPOS="619" VPOS="654" WIDTH="141" HEIGHT="50" CONTENT="prône" WC="0.98" CC="00451"/>
						<SP ID="P5_SP00069" HPOS="760" VPOS="704" WIDTH="23"/>
						<String ID="P5_ST00077" HPOS="783" VPOS="666" WIDTH="10" HEIGHT="35" CONTENT=";" WC="0.55" CC="4"/>
						<SP ID="P5_SP00070" HPOS="793" VPOS="704" WIDTH="44"/>
						<String ID="P5_ST00078" HPOS="837" VPOS="653" WIDTH="108" HEIGHT="41" CONTENT="elles" WC="0.99" CC="04000"/>
						<SP ID="P5_SP00071" HPOS="945" VPOS="704" WIDTH="24"/>
						<String ID="P5_ST00079" HPOS="969" VPOS="655" WIDTH="236" HEIGHT="53" CONTENT="indiquent" WC="1.00" CC="100006005"/>
						<SP ID="P5_SP00072" HPOS="1205" VPOS="708" WIDTH="24"/>
						<String ID="P5_ST00080" HPOS="1229" VPOS="658" WIDTH="62" HEIGHT="40" CONTENT="les" WC="0.98" CC="400"/>
						<SP ID="P5_SP00073" HPOS="1291" VPOS="708" WIDTH="23"/>
						<String ID="P5_ST00081" HPOS="1314" VPOS="668" WIDTH="246" HEIGHT="42" CONTENT="avantages" WC="1.00" CC="000023000"/>
						<SP ID="P5_SP00074" HPOS="1560" VPOS="710" WIDTH="23"/>
						<String ID="P5_ST00082" HPOS="1583" VPOS="665" WIDTH="216" HEIGHT="48" CONTENT="proposés" WC="1.00" CC="02002000"/>
						<SP ID="P5_SP00075" HPOS="1799" VPOS="713" WIDTH="23"/>
						<String ID="P5_ST00083" HPOS="1822" VPOS="676" WIDTH="81" HEIGHT="27" CONTENT="aux" WC="0.98" CC="050"/>
						<SP ID="P5_SP00076" HPOS="1903" VPOS="713" WIDTH="22"/>
						<String ID="P5_ST00084" HPOS="1925" VPOS="663" WIDTH="137" HEIGHT="52" CONTENT="sujets" WC="1.00" CC="000010"/>
						<SP ID="P5_SP00077" HPOS="2062" VPOS="715" WIDTH="17"/>
						<String ID="P5_ST00085" HPOS="2079" VPOS="664" WIDTH="76" HEIGHT="51" CONTENT="qui" WC="1.00" CC="000"/>
					</TextLine>
					<TextLine ID="P5_TL00009" HPOS="142" VPOS="720" WIDTH="2012" HEIGHT="61">
						<String ID="P5_ST00086" HPOS="142" VPOS="721" WIDTH="230" HEIGHT="40" CONTENT="réuniront" WC="0.99" CC="060720400"/>
						<SP ID="P5_SP00078" HPOS="372" VPOS="761" WIDTH="24"/>
						<String ID="P5_ST00087" HPOS="396" VPOS="720" WIDTH="62" HEIGHT="41" CONTENT="les" WC="0.99" CC="300"/>
						<SP ID="P5_SP00079" HPOS="458" VPOS="761" WIDTH="40"/>
						<String ID="P5_ST00088" HPOS="498" VPOS="720" WIDTH="257" HEIGHT="42" CONTENT="conditions" WC="1.00" CC="0000010100"/>
						<SP ID="P5_SP00080" HPOS="755" VPOS="762" WIDTH="42"/>
						<String ID="P5_ST00089" HPOS="797" VPOS="724" WIDTH="219" HEIGHT="51" CONTENT="requises," WC="1.00" CC="200301014"/>
						<SP ID="P5_SP00081" HPOS="1016" VPOS="775" WIDTH="28"/>
						<String ID="P5_ST00090" HPOS="1044" VPOS="729" WIDTH="21" HEIGHT="36" CONTENT="à" WC="1.00" CC="0"/>
						<SP ID="P5_SP00082" HPOS="1065" VPOS="775" WIDTH="25"/>
						<String ID="P5_ST00091" HPOS="1090" VPOS="727" WIDTH="152" HEIGHT="40" CONTENT="savoir" WC="1.00" CC="000030"/>
						<SP ID="P5_SP00083" HPOS="1242" VPOS="775" WIDTH="21"/>
						<String ID="P5_ST00092" HPOS="1263" VPOS="742" WIDTH="8" HEIGHT="25" CONTENT=":" WC="0.59" CC="4"/>
						<SP ID="P5_SP00084" HPOS="1271" VPOS="775" WIDTH="21"/>
						<String ID="P5_ST00093" HPOS="1292" VPOS="729" WIDTH="218" HEIGHT="40" CONTENT="extérieur" WC="1.00" CC="004600000"/>
						<SP ID="P5_SP00085" HPOS="1510" VPOS="775" WIDTH="24"/>
						<String ID="P5_ST00094" HPOS="1534" VPOS="729" WIDTH="225" HEIGHT="51" CONTENT="agréable," WC="1.00" CC="000000504"/>
						<SP ID="P5_SP00086" HPOS="1759" VPOS="780" WIDTH="27"/>
						<String ID="P5_ST00095" HPOS="1786" VPOS="736" WIDTH="87" HEIGHT="36" CONTENT="très" WC="0.98" CC="0070"/>
						<SP ID="P5_SP00087" HPOS="1873" VPOS="780" WIDTH="24"/>
						<String ID="P5_ST00096" HPOS="1897" VPOS="729" WIDTH="118" HEIGHT="43" CONTENT="belle" WC="1.00" CC="00300"/>
						<SP ID="P5_SP00088" HPOS="2015" VPOS="780" WIDTH="21"/>
						<String ID="P5_ST00097" HPOS="2036" VPOS="733" WIDTH="118" HEIGHT="48" CONTENT="voix," WC="1.00" CC="00100"/>
					</TextLine>
					<TextLine ID="P5_TL00010" HPOS="143" VPOS="789" WIDTH="2014" HEIGHT="64">
						<String ID="P5_ST00098" HPOS="143" VPOS="789" WIDTH="195" HEIGHT="51" CONTENT="grandes" WC="1.00" CC="0005000"/>
						<SP ID="P5_SP00089" HPOS="338" VPOS="840" WIDTH="24"/>
						<String ID="P5_ST00099" HPOS="362" VPOS="790" WIDTH="314" HEIGHT="52" CONTENT="dispositions," WC="1.00" CC="0200004520002"/>
						<SP ID="P5_SP00090" HPOS="676" VPOS="842" WIDTH="41"/>
						<String ID="P5_ST00100" HPOS="717" VPOS="791" WIDTH="303" HEIGHT="52" CONTENT="intelligence," WC="1.00" CC="0020322000004"/>
						<SP ID="P5_SP00091" HPOS="1020" VPOS="843" WIDTH="36"/>
						<String ID="P5_ST00101" HPOS="1056" VPOS="800" WIDTH="125" HEIGHT="44" CONTENT="goût," WC="0.99" CC="00423"/>
						<SP ID="P5_SP00092" HPOS="1181" VPOS="844" WIDTH="28"/>
						<String ID="P5_ST00102" HPOS="1209" VPOS="799" WIDTH="115" HEIGHT="45" CONTENT="âme," WC="0.99" CC="0004"/>
						<SP ID="P5_SP00093" HPOS="1324" VPOS="844" WIDTH="39"/>
						<String ID="P5_ST00103" HPOS="1363" VPOS="810" WIDTH="197" HEIGHT="38" CONTENT="sagesse," WC="0.99" CC="74000003"/>
						<SP ID="P5_SP00094" HPOS="1560" VPOS="848" WIDTH="27"/>
						<String ID="P5_ST00104" HPOS="1587" VPOS="799" WIDTH="196" HEIGHT="48" CONTENT="docilité," WC="0.99" CC="002060064"/>
						<SP ID="P5_SP00095" HPOS="1783" VPOS="848" WIDTH="34"/>
						<String ID="P5_ST00105" HPOS="1817" VPOS="801" WIDTH="224" HEIGHT="52" CONTENT="principes" WC="1.00" CC="000000000"/>
						<SP ID="P5_SP00096" HPOS="2041" VPOS="853" WIDTH="23"/>
						<String ID="P5_ST00106" HPOS="2064" VPOS="814" WIDTH="62" HEIGHT="28" CONTENT="mo" SUBS_TYPE="HypPart1" SUBS_CONTENT="moraux" WC="0.98" CC="00"/>
						<HYP HPOS="2126" VPOS="814" WIDTH="31" CONTENT="-"/>
					</TextLine>
					<TextLine ID="P5_TL00011" HPOS="143" VPOS="858" WIDTH="2013" HEIGHT="64">
						<String ID="P5_ST00107" HPOS="143" VPOS="872" WIDTH="106" HEIGHT="27" CONTENT="raux" SUBS_TYPE="HypPart2" SUBS_CONTENT="moraux" WC="0.99" CC="0030"/>
						<SP ID="P5_SP00097" HPOS="249" VPOS="899" WIDTH="24"/>
						<String ID="P5_ST00108" HPOS="273" VPOS="866" WIDTH="42" HEIGHT="33" CONTENT="et" WC="0.88" CC="02"/>
						<SP ID="P5_SP00098" HPOS="315" VPOS="899" WIDTH="23"/>
						<String ID="P5_ST00109" HPOS="338" VPOS="858" WIDTH="232" HEIGHT="51" CONTENT="religieux." WC="1.00" CC="0301030003"/>
						<SP ID="P5_SP00099" HPOS="570" VPOS="909" WIDTH="38"/>
						<String ID="P5_ST00110" HPOS="608" VPOS="858" WIDTH="130" HEIGHT="43" CONTENT="Voilà" WC="1.00" CC="00001"/>
						<SP ID="P5_SP00100" HPOS="738" VPOS="909" WIDTH="44"/>
						<String ID="P5_ST00111" HPOS="782" VPOS="874" WIDTH="47" HEIGHT="28" CONTENT="ce" WC="1.00" CC="00"/>
						<SP ID="P5_SP00101" HPOS="829" VPOS="909" WIDTH="39"/>
						<String ID="P5_ST00112" HPOS="868" VPOS="861" WIDTH="136" HEIGHT="53" CONTENT="qu'on" WC="0.99" CC="00403"/>
						<SP ID="P5_SP00102" HPOS="1004" VPOS="914" WIDTH="24"/>
						<String ID="P5_ST00113" HPOS="1028" VPOS="863" WIDTH="119" HEIGHT="42" CONTENT="lisait" WC="0.99" CC="300002"/>
						<SP ID="P5_SP00103" HPOS="1147" VPOS="914" WIDTH="24"/>
						<String ID="P5_ST00114" HPOS="1171" VPOS="878" WIDTH="76" HEIGHT="28" CONTENT="sur" WC="0.98" CC="040"/>
						<SP ID="P5_SP00104" HPOS="1247" VPOS="914" WIDTH="24"/>
						<String ID="P5_ST00115" HPOS="1271" VPOS="865" WIDTH="63" HEIGHT="41" CONTENT="les" WC="0.98" CC="400"/>
						<SP ID="P5_SP00105" HPOS="1334" VPOS="914" WIDTH="36"/>
						<String ID="P5_ST00116" HPOS="1370" VPOS="880" WIDTH="122" HEIGHT="27" CONTENT="murs" WC="1.00" CC="0000"/>
						<SP ID="P5_SP00106" HPOS="1492" VPOS="914" WIDTH="25"/>
						<String ID="P5_ST00117" HPOS="1517" VPOS="881" WIDTH="9" HEIGHT="35" CONTENT=";" WC="0.51" CC="4"/>
						<SP ID="P5_SP00107" HPOS="1526" VPOS="916" WIDTH="36"/>
						<String ID="P5_ST00118" HPOS="1562" VPOS="876" WIDTH="41" HEIGHT="32" CONTENT="et" WC="0.79" CC="04"/>
						<SP ID="P5_SP00108" HPOS="1603" VPOS="916" WIDTH="24"/>
						<String ID="P5_ST00119" HPOS="1627" VPOS="866" WIDTH="184" HEIGHT="44" CONTENT="Choron" WC="1.00" CC="000000"/>
						<SP ID="P5_SP00109" HPOS="1811" VPOS="916" WIDTH="25"/>
						<String ID="P5_ST00120" HPOS="1836" VPOS="872" WIDTH="222" HEIGHT="50" CONTENT="apportait" WC="1.00" CC="000005006"/>
						<SP ID="P5_SP00110" HPOS="2058" VPOS="922" WIDTH="21"/>
						<String ID="P5_ST00121" HPOS="2079" VPOS="870" WIDTH="77" HEIGHT="41" CONTENT="des" WC="1.00" CC="000"/>
					</TextLine>
					<TextLine ID="P5_TL00012" HPOS="140" VPOS="927" WIDTH="2012" HEIGHT="63">
						<String ID="P5_ST00122" HPOS="140" VPOS="927" WIDTH="234" HEIGHT="53" CONTENT="imprimés" WC="1.00" CC="00000000"/>
						<SP ID="P5_SP00111" HPOS="374" VPOS="980" WIDTH="24"/>
						<String ID="P5_ST00123" HPOS="398" VPOS="932" WIDTH="58" HEIGHT="35" CONTENT="où" WC="0.63" CC="07"/>
						<SP ID="P5_SP00112" HPOS="456" VPOS="980" WIDTH="20"/>
						<String ID="P5_ST00124" HPOS="476" VPOS="934" WIDTH="96" HEIGHT="33" CONTENT="tout" WC="0.97" CC="3044"/>
						<SP ID="P5_SP00113" HPOS="572" VPOS="980" WIDTH="20"/>
						<String ID="P5_ST00125" HPOS="592" VPOS="929" WIDTH="108" HEIGHT="39" CONTENT="était" WC="1.00" CC="00012"/>
						<SP ID="P5_SP00114" HPOS="700" VPOS="980" WIDTH="24"/>
						<String ID="P5_ST00126" HPOS="724" VPOS="933" WIDTH="140" HEIGHT="47" CONTENT="prévu" WC="0.99" CC="00600"/>
						<SP ID="P5_SP00115" HPOS="864" VPOS="980" WIDTH="21"/>
						<String ID="P5_ST00127" HPOS="885" VPOS="942" WIDTH="114" HEIGHT="39" CONTENT="pour" WC="0.99" CC="0303"/>
						<SP ID="P5_SP00116" HPOS="999" VPOS="981" WIDTH="23"/>
						<String ID="P5_ST00128" HPOS="1022" VPOS="929" WIDTH="63" HEIGHT="42" CONTENT="les" WC="0.99" CC="300"/>
						<SP ID="P5_SP00117" HPOS="1085" VPOS="981" WIDTH="16"/>
						<String ID="P5_ST00129" HPOS="1101" VPOS="940" WIDTH="127" HEIGHT="33" CONTENT="notes" WC="0.98" CC="44530"/>
						<SP ID="P5_SP00118" HPOS="1228" VPOS="981" WIDTH="25"/>
						<String ID="P5_ST00130" HPOS="1253" VPOS="936" WIDTH="22" HEIGHT="36" CONTENT="à" WC="0.70" CC="2"/>
						<SP ID="P5_SP00119" HPOS="1275" VPOS="981" WIDTH="25"/>
						<String ID="P5_ST00131" HPOS="1300" VPOS="933" WIDTH="175" HEIGHT="41" CONTENT="donner" WC="1.00" CC="000000"/>
						<SP ID="P5_SP00120" HPOS="1475" VPOS="981" WIDTH="21"/>
						<String ID="P5_ST00132" HPOS="1496" VPOS="947" WIDTH="75" HEIGHT="28" CONTENT="sur" WC="0.98" CC="040"/>
						<SP ID="P5_SP00121" HPOS="1571" VPOS="981" WIDTH="40"/>
						<String ID="P5_ST00133" HPOS="1611" VPOS="935" WIDTH="63" HEIGHT="41" CONTENT="les" WC="1.00" CC="000"/>
						<SP ID="P5_SP00122" HPOS="1674" VPOS="981" WIDTH="33"/>
						<String ID="P5_ST00134" HPOS="1707" VPOS="936" WIDTH="250" HEIGHT="52" CONTENT="candidats," WC="0.99" CC="0060004304"/>
						<SP ID="P5_SP00123" HPOS="1957" VPOS="988" WIDTH="37"/>
						<String ID="P5_ST00135" HPOS="1994" VPOS="937" WIDTH="158" HEIGHT="53" CONTENT="depuis" WC="0.99" CC="020220"/>
					</TextLine>
					<TextLine ID="P5_TL00013" HPOS="143" VPOS="995" WIDTH="1472" HEIGHT="59">
						<String ID="P5_ST00136" HPOS="143" VPOS="995" WIDTH="40" HEIGHT="42" CONTENT="le" WC="0.60" CC="43"/>
						<SP ID="P5_SP00124" HPOS="183" VPOS="1037" WIDTH="20"/>
						<String ID="P5_ST00137" HPOS="203" VPOS="996" WIDTH="222" HEIGHT="53" CONTENT="diapason" WC="1.00" CC="00000000"/>
						<SP ID="P5_SP00125" HPOS="425" VPOS="1049" WIDTH="23"/>
						<String ID="P5_ST00138" HPOS="448" VPOS="995" WIDTH="54" HEIGHT="41" CONTENT="de" WC="1.00" CC="00"/>
						<SP ID="P5_SP00126" HPOS="502" VPOS="1049" WIDTH="20"/>
						<String ID="P5_ST00139" HPOS="522" VPOS="995" WIDTH="40" HEIGHT="42" CONTENT="la" WC="0.91" CC="10"/>
						<SP ID="P5_SP00127" HPOS="562" VPOS="1049" WIDTH="24"/>
						<String ID="P5_ST00140" HPOS="586" VPOS="997" WIDTH="101" HEIGHT="40" CONTENT="voix" WC="0.98" CC="0017"/>
						<SP ID="P5_SP00128" HPOS="687" VPOS="1049" WIDTH="24"/>
						<String ID="P5_ST00141" HPOS="711" VPOS="995" WIDTH="175" HEIGHT="55" CONTENT="jusqu'à" WC="0.99" CC="0500522"/>
						<SP ID="P5_SP00129" HPOS="886" VPOS="1050" WIDTH="26"/>
						<String ID="P5_ST00142" HPOS="912" VPOS="998" WIDTH="39" HEIGHT="41" CONTENT="la" WC="0.76" CC="40"/>
						<SP ID="P5_SP00130" HPOS="951" VPOS="1050" WIDTH="25"/>
						<String ID="P5_ST00143" HPOS="976" VPOS="1000" WIDTH="232" HEIGHT="41" CONTENT="condition" WC="0.99" CC="026003016"/>
						<SP ID="P5_SP00131" HPOS="1208" VPOS="1050" WIDTH="24"/>
						<String ID="P5_ST00144" HPOS="1232" VPOS="1001" WIDTH="78" HEIGHT="41" CONTENT="des" WC="1.00" CC="010"/>
						<SP ID="P5_SP00132" HPOS="1310" VPOS="1050" WIDTH="23"/>
						<String ID="P5_ST00145" HPOS="1333" VPOS="1011" WIDTH="182" HEIGHT="43" CONTENT="parents" WC="0.99" CC="0040040"/>
						<SP ID="P5_SP00133" HPOS="1515" VPOS="1054" WIDTH="23"/>
						<String ID="P5_ST00146" HPOS="1538" VPOS="1004" WIDTH="77" HEIGHT="50" CONTENT="(1)." WC="0.83" CC="0303"/>
					</TextLine>
					<TextLine ID="P5_TL00014" HPOS="199" VPOS="1064" WIDTH="1957" HEIGHT="63">
						<String ID="P5_ST00147" HPOS="199" VPOS="1064" WIDTH="71" HEIGHT="43" CONTENT="Un" WC="0.79" CC="40"/>
						<SP ID="P5_SP00134" HPOS="270" VPOS="1107" WIDTH="20"/>
						<String ID="P5_ST00148" HPOS="290" VPOS="1065" WIDTH="183" HEIGHT="42" CONTENT="homme" WC="1.00" CC="00000"/>
						<SP ID="P5_SP00135" HPOS="473" VPOS="1107" WIDTH="24"/>
						<String ID="P5_ST00149" HPOS="497" VPOS="1065" WIDTH="227" HEIGHT="42" CONTENT="ordinaire" WC="1.00" CC="000000000"/>
						<SP ID="P5_SP00136" HPOS="724" VPOS="1107" WIDTH="23"/>
						<String ID="P5_ST00150" HPOS="747" VPOS="1071" WIDTH="74" HEIGHT="36" CONTENT="eût" WC="0.97" CC="051"/>
						<SP ID="P5_SP00137" HPOS="821" VPOS="1107" WIDTH="24"/>
						<String ID="P5_ST00151" HPOS="845" VPOS="1070" WIDTH="21" HEIGHT="37" CONTENT="à" WC="1.00" CC="0"/>
						<SP ID="P5_SP00138" HPOS="866" VPOS="1107" WIDTH="26"/>
						<String ID="P5_ST00152" HPOS="892" VPOS="1068" WIDTH="131" HEIGHT="52" CONTENT="peine" WC="1.00" CC="00200"/>
						<SP ID="P5_SP00139" HPOS="1023" VPOS="1120" WIDTH="23"/>
						<String ID="P5_ST00153" HPOS="1046" VPOS="1067" WIDTH="97" HEIGHT="42" CONTENT="suffi" WC="0.98" CC="11322"/>
						<SP ID="P5_SP00140" HPOS="1143" VPOS="1120" WIDTH="25"/>
						<String ID="P5_ST00154" HPOS="1168" VPOS="1073" WIDTH="22" HEIGHT="37" CONTENT="à" WC="1.00" CC="0"/>
						<SP ID="P5_SP00141" HPOS="1190" VPOS="1120" WIDTH="18"/>
						<String ID="P5_ST00155" HPOS="1208" VPOS="1071" WIDTH="141" HEIGHT="52" CONTENT="pareil" WC="0.99" CC="060012"/>
						<SP ID="P5_SP00142" HPOS="1349" VPOS="1123" WIDTH="24"/>
						<String ID="P5_ST00156" HPOS="1373" VPOS="1070" WIDTH="172" HEIGHT="43" CONTENT="labeur." WC="1.00" CC="2010004"/>
						<SP ID="P5_SP00143" HPOS="1545" VPOS="1123" WIDTH="28"/>
						<String ID="P5_ST00157" HPOS="1573" VPOS="1072" WIDTH="31" HEIGHT="41" CONTENT="Il" WC="0.41" CC="65"/>
						<SP ID="P5_SP00144" HPOS="1604" VPOS="1123" WIDTH="21"/>
						<String ID="P5_ST00158" HPOS="1625" VPOS="1079" WIDTH="73" HEIGHT="35" CONTENT="eût" WC="0.96" CC="062"/>
						<SP ID="P5_SP00145" HPOS="1698" VPOS="1123" WIDTH="21"/>
						<String ID="P5_ST00159" HPOS="1719" VPOS="1086" WIDTH="104" HEIGHT="28" CONTENT="sans" WC="0.99" CC="0140"/>
						<SP ID="P5_SP00146" HPOS="1823" VPOS="1123" WIDTH="25"/>
						<String ID="P5_ST00160" HPOS="1848" VPOS="1075" WIDTH="207" HEIGHT="52" CONTENT="scrupule" WC="0.99" CC="00050340"/>
						<SP ID="P5_SP00147" HPOS="2055" VPOS="1127" WIDTH="17"/>
						<String ID="P5_ST00161" HPOS="2072" VPOS="1077" WIDTH="84" HEIGHT="38" CONTENT="mis" WC="1.00" CC="000"/>
					</TextLine>
					<TextLine ID="P5_TL00015" HPOS="144" VPOS="1134" WIDTH="2010" HEIGHT="62">
						<String ID="P5_ST00162" HPOS="144" VPOS="1135" WIDTH="113" HEIGHT="41" CONTENT="dans" WC="0.99" CC="0050"/>
						<SP ID="P5_SP00148" HPOS="257" VPOS="1176" WIDTH="20"/>
						<String ID="P5_ST00163" HPOS="277" VPOS="1148" WIDTH="47" HEIGHT="27" CONTENT="sa" WC="1.00" CC="00"/>
						<SP ID="P5_SP00149" HPOS="324" VPOS="1176" WIDTH="19"/>
						<String ID="P5_ST00164" HPOS="343" VPOS="1134" WIDTH="142" HEIGHT="54" CONTENT="poche" WC="1.00" CC="00000"/>
						<SP ID="P5_SP00150" HPOS="485" VPOS="1188" WIDTH="23"/>
						<String ID="P5_ST00165" HPOS="508" VPOS="1134" WIDTH="63" HEIGHT="42" CONTENT="les" WC="1.00" CC="000"/>
						<SP ID="P5_SP00151" HPOS="571" VPOS="1188" WIDTH="26"/>
						<String ID="P5_ST00166" HPOS="597" VPOS="1136" WIDTH="109" HEIGHT="40" CONTENT="trois" WC="0.99" CC="02002"/>
						<SP ID="P5_SP00152" HPOS="706" VPOS="1188" WIDTH="23"/>
						<String ID="P5_ST00167" HPOS="729" VPOS="1148" WIDTH="57" HEIGHT="28" CONTENT="ou" WC="0.69" CC="06"/>
						<SP ID="P5_SP00153" HPOS="786" VPOS="1188" WIDTH="40"/>
						<String ID="P5_ST00168" HPOS="826" VPOS="1144" WIDTH="155" HEIGHT="45" CONTENT="quatre" WC="1.00" CC="000000"/>
						<SP ID="P5_SP00154" HPOS="981" VPOS="1189" WIDTH="24"/>
						<String ID="P5_ST00169" HPOS="1005" VPOS="1138" WIDTH="122" HEIGHT="41" CONTENT="mille" WC="0.99" CC="03320"/>
						<SP ID="P5_SP00155" HPOS="1127" VPOS="1189" WIDTH="35"/>
						<String ID="P5_ST00170" HPOS="1162" VPOS="1138" WIDTH="148" HEIGHT="42" CONTENT="francs" WC="1.00" CC="000400"/>
						<SP ID="P5_SP00156" HPOS="1310" VPOS="1189" WIDTH="24"/>
						<String ID="P5_ST00171" HPOS="1334" VPOS="1140" WIDTH="169" HEIGHT="41" CONTENT="alloués" WC="1.00" CC="0200500"/>
						<SP ID="P5_SP00157" HPOS="1503" VPOS="1189" WIDTH="20"/>
						<String ID="P5_ST00172" HPOS="1523" VPOS="1155" WIDTH="113" HEIGHT="39" CONTENT="pour" WC="1.00" CC="0000"/>
						<SP ID="P5_SP00158" HPOS="1636" VPOS="1194" WIDTH="15"/>
						<String ID="P5_ST00173" HPOS="1651" VPOS="1142" WIDTH="64" HEIGHT="41" CONTENT="les" WC="0.97" CC="700"/>
						<SP ID="P5_SP00159" HPOS="1715" VPOS="1194" WIDTH="19"/>
						<String ID="P5_ST00174" HPOS="1734" VPOS="1156" WIDTH="199" HEIGHT="39" CONTENT="voyages" WC="1.00" CC="0005000"/>
						<SP ID="P5_SP00160" HPOS="1933" VPOS="1195" WIDTH="22"/>
						<String ID="P5_ST00175" HPOS="1955" VPOS="1144" WIDTH="53" HEIGHT="41" CONTENT="de" WC="0.93" CC="01"/>
						<SP ID="P5_SP00161" HPOS="2008" VPOS="1195" WIDTH="28"/>
						<String ID="P5_ST00176" HPOS="2036" VPOS="1147" WIDTH="118" HEIGHT="49" CONTENT="1819." WC="0.66" CC="33063"/>
					</TextLine>
					<TextLine ID="P5_TL00016" HPOS="145" VPOS="1203" WIDTH="2014" HEIGHT="62">
						<String ID="P5_ST00177" HPOS="145" VPOS="1203" WIDTH="421" HEIGHT="43" CONTENT="Personnellement" WC="1.00" CC="000013302300055"/>
						<SP ID="P5_SP00162" HPOS="566" VPOS="1246" WIDTH="42"/>
						<String ID="P5_ST00178" HPOS="608" VPOS="1203" WIDTH="187" HEIGHT="43" CONTENT="Choron" WC="1.00" CC="103000"/>
						<SP ID="P5_SP00163" HPOS="795" VPOS="1246" WIDTH="25"/>
						<String ID="P5_ST00179" HPOS="820" VPOS="1219" WIDTH="22" HEIGHT="27" CONTENT="a" WC="1.00" CC="0"/>
						<SP ID="P5_SP00164" HPOS="842" VPOS="1246" WIDTH="39"/>
						<String ID="P5_ST00180" HPOS="881" VPOS="1206" WIDTH="198" HEIGHT="52" CONTENT="dépensé" WC="1.00" CC="0000000"/>
						<SP ID="P5_SP00165" HPOS="1079" VPOS="1258" WIDTH="40"/>
						<String ID="P5_ST00181" HPOS="1119" VPOS="1220" WIDTH="55" HEIGHT="28" CONTENT="en" WC="1.00" CC="00"/>
						<SP ID="P5_SP00166" HPOS="1174" VPOS="1258" WIDTH="25"/>
						<String ID="P5_ST00182" HPOS="1199" VPOS="1216" WIDTH="94" HEIGHT="33" CONTENT="tout" WC="1.00" CC="2000"/>
						<SP ID="P5_SP00167" HPOS="1293" VPOS="1258" WIDTH="38"/>
						<String ID="P5_ST00183" HPOS="1331" VPOS="1222" WIDTH="81" HEIGHT="39" CONTENT="950" WC="0.68" CC="090"/>
						<SP ID="P5_SP00168" HPOS="1412" VPOS="1261" WIDTH="41"/>
						<String ID="P5_ST00184" HPOS="1453" VPOS="1209" WIDTH="163" HEIGHT="52" CONTENT="francs," WC="0.99" CC="0006004"/>
						<SP ID="P5_SP00169" HPOS="1616" VPOS="1261" WIDTH="22"/>
						<String ID="P5_ST00185" HPOS="1638" VPOS="1220" WIDTH="41" HEIGHT="32" CONTENT="et" WC="0.89" CC="02"/>
						<SP ID="P5_SP00170" HPOS="1679" VPOS="1261" WIDTH="22"/>
						<String ID="P5_ST00186" HPOS="1701" VPOS="1211" WIDTH="29" HEIGHT="41" CONTENT="il" WC="0.97" CC="00"/>
						<SP ID="P5_SP00171" HPOS="1730" VPOS="1261" WIDTH="25"/>
						<String ID="P5_ST00187" HPOS="1755" VPOS="1225" WIDTH="54" HEIGHT="28" CONTENT="ne" WC="0.68" CC="60"/>
						<SP ID="P5_SP00172" HPOS="1809" VPOS="1261" WIDTH="19"/>
						<String ID="P5_ST00188" HPOS="1828" VPOS="1212" WIDTH="222" HEIGHT="41" CONTENT="demande" WC="1.00" CC="0000200"/>
						<SP ID="P5_SP00173" HPOS="2050" VPOS="1261" WIDTH="30"/>
						<String ID="P5_ST00189" HPOS="2080" VPOS="1227" WIDTH="79" HEIGHT="38" CONTENT="pas" WC="1.00" CC="000"/>
					</TextLine>
					<TextLine ID="P5_TL00017" HPOS="148" VPOS="1273" WIDTH="2011" HEIGHT="61">
						<String ID="P5_ST00190" HPOS="148" VPOS="1282" WIDTH="124" HEIGHT="33" CONTENT="autre" WC="1.00" CC="00000"/>
						<SP ID="P5_SP00174" HPOS="272" VPOS="1315" WIDTH="23"/>
						<String ID="P5_ST00191" HPOS="295" VPOS="1274" WIDTH="137" HEIGHT="41" CONTENT="chose" WC="1.00" CC="00000"/>
						<SP ID="P5_SP00175" HPOS="432" VPOS="1315" WIDTH="22"/>
						<String ID="P5_ST00192" HPOS="454" VPOS="1287" WIDTH="87" HEIGHT="39" CONTENT="que" WC="1.00" CC="000"/>
						<SP ID="P5_SP00176" HPOS="541" VPOS="1326" WIDTH="21"/>
						<String ID="P5_ST00193" HPOS="562" VPOS="1273" WIDTH="39" HEIGHT="42" CONTENT="le" WC="0.80" CC="40"/>
						<SP ID="P5_SP00177" HPOS="601" VPOS="1326" WIDTH="23"/>
						<String ID="P5_ST00194" HPOS="624" VPOS="1273" WIDTH="392" HEIGHT="44" CONTENT="remboursement" WC="1.00" CC="0000000000053"/>
						<SP ID="P5_SP00178" HPOS="1016" VPOS="1326" WIDTH="23"/>
						<String ID="P5_ST00195" HPOS="1039" VPOS="1276" WIDTH="54" HEIGHT="41" CONTENT="de" WC="1.00" CC="00"/>
						<SP ID="P5_SP00179" HPOS="1093" VPOS="1326" WIDTH="23"/>
						<String ID="P5_ST00196" HPOS="1116" VPOS="1290" WIDTH="71" HEIGHT="27" CONTENT="ses" WC="1.00" CC="000"/>
						<SP ID="P5_SP00180" HPOS="1187" VPOS="1326" WIDTH="23"/>
						<String ID="P5_ST00197" HPOS="1210" VPOS="1277" WIDTH="122" HEIGHT="41" CONTENT="frais." WC="0.99" CC="030003"/>
						<SP ID="P5_SP00181" HPOS="1332" VPOS="1326" WIDTH="26"/>
						<String ID="P5_ST00198" HPOS="1358" VPOS="1277" WIDTH="64" HEIGHT="42" CONTENT="Ce" WC="0.90" CC="20"/>
						<SP ID="P5_SP00182" HPOS="1422" VPOS="1326" WIDTH="22"/>
						<String ID="P5_ST00199" HPOS="1444" VPOS="1279" WIDTH="111" HEIGHT="41" CONTENT="n'est" WC="0.99" CC="00005"/>
						<SP ID="P5_SP00183" HPOS="1555" VPOS="1326" WIDTH="23"/>
						<String ID="P5_ST00200" HPOS="1578" VPOS="1293" WIDTH="81" HEIGHT="38" CONTENT="pas" WC="1.00" CC="000"/>
						<SP ID="P5_SP00184" HPOS="1659" VPOS="1331" WIDTH="19"/>
						<String ID="P5_ST00201" HPOS="1678" VPOS="1278" WIDTH="199" HEIGHT="53" CONTENT="d'argent" WC="1.00" CC="00000004"/>
						<SP ID="P5_SP00185" HPOS="1877" VPOS="1331" WIDTH="24"/>
						<String ID="P5_ST00202" HPOS="1901" VPOS="1279" WIDTH="105" HEIGHT="55" CONTENT="qu'il" WC="0.99" CC="01026"/>
						<SP ID="P5_SP00186" HPOS="2006" VPOS="1334" WIDTH="23"/>
						<String ID="P5_ST00203" HPOS="2029" VPOS="1279" WIDTH="130" HEIGHT="53" CONTENT="s'agit" WC="0.99" CC="012006"/>
					</TextLine>
					<TextLine ID="P5_TL00018" HPOS="146" VPOS="1342" WIDTH="2014" HEIGHT="58">
						<String ID="P5_ST00204" HPOS="146" VPOS="1343" WIDTH="115" HEIGHT="41" CONTENT="dans" WC="0.99" CC="0020"/>
						<SP ID="P5_SP00187" HPOS="261" VPOS="1384" WIDTH="19"/>
						<String ID="P5_ST00205" HPOS="280" VPOS="1356" WIDTH="71" HEIGHT="29" CONTENT="ses" WC="0.98" CC="500"/>
						<SP ID="P5_SP00188" HPOS="351" VPOS="1385" WIDTH="25"/>
						<String ID="P5_ST00206" HPOS="376" VPOS="1348" WIDTH="227" HEIGHT="37" CONTENT="tournées." WC="1.00" CC="005000304"/>
						<SP ID="P5_SP00189" HPOS="603" VPOS="1385" WIDTH="27"/>
						<String ID="P5_ST00207" HPOS="630" VPOS="1342" WIDTH="118" HEIGHT="43" CONTENT="Tout" WC="1.00" CC="0000"/>
						<SP ID="P5_SP00190" HPOS="748" VPOS="1385" WIDTH="39"/>
						<String ID="P5_ST00208" HPOS="787" VPOS="1357" WIDTH="54" HEIGHT="28" CONTENT="en" WC="0.69" CC="06"/>
						<SP ID="P5_SP00191" HPOS="841" VPOS="1385" WIDTH="24"/>
						<String ID="P5_ST00209" HPOS="865" VPOS="1344" WIDTH="241" HEIGHT="43" CONTENT="cherchant" WC="0.99" CC="040006003"/>
						<SP ID="P5_SP00192" HPOS="1106" VPOS="1387" WIDTH="19"/>
						<String ID="P5_ST00210" HPOS="1125" VPOS="1346" WIDTH="53" HEIGHT="41" CONTENT="de" WC="0.84" CC="03"/>
						<SP ID="P5_SP00193" HPOS="1178" VPOS="1387" WIDTH="25"/>
						<String ID="P5_ST00211" HPOS="1203" VPOS="1345" WIDTH="138" HEIGHT="43" CONTENT="belles" WC="0.99" CC="005050"/>
						<SP ID="P5_SP00194" HPOS="1341" VPOS="1388" WIDTH="18"/>
						<String ID="P5_ST00212" HPOS="1359" VPOS="1348" WIDTH="116" HEIGHT="48" CONTENT="voix," WC="1.00" CC="00003"/>
						<SP ID="P5_SP00195" HPOS="1475" VPOS="1396" WIDTH="20"/>
						<String ID="P5_ST00213" HPOS="1495" VPOS="1348" WIDTH="29" HEIGHT="40" CONTENT="il" WC="0.72" CC="31"/>
						<SP ID="P5_SP00196" HPOS="1524" VPOS="1396" WIDTH="21"/>
						<String ID="P5_ST00214" HPOS="1545" VPOS="1350" WIDTH="204" HEIGHT="50" CONTENT="poursuit" WC="0.99" CC="00500240"/>
						<SP ID="P5_SP00197" HPOS="1749" VPOS="1400" WIDTH="20"/>
						<String ID="P5_ST00215" HPOS="1769" VPOS="1347" WIDTH="263" HEIGHT="44" CONTENT="l'exécution" WC="1.00" CC="44000000001"/>
						<SP ID="P5_SP00198" HPOS="2032" VPOS="1400" WIDTH="22"/>
						<String ID="P5_ST00216" HPOS="2054" VPOS="1350" WIDTH="106" HEIGHT="41" CONTENT="d'un" WC="0.98" CC="0250"/>
					</TextLine>
					<TextLine ID="P5_TL00019" HPOS="149" VPOS="1413" WIDTH="2013" HEIGHT="59">
						<String ID="P5_ST00217" HPOS="149" VPOS="1413" WIDTH="108" HEIGHT="53" CONTENT="plan" WC="1.00" CC="0100"/>
						<SP ID="P5_SP00199" HPOS="257" VPOS="1466" WIDTH="19"/>
						<String ID="P5_ST00218" HPOS="276" VPOS="1414" WIDTH="76" HEIGHT="52" CONTENT="qui" WC="0.99" CC="003"/>
						<SP ID="P5_SP00200" HPOS="352" VPOS="1466" WIDTH="22"/>
						<String ID="P5_ST00219" HPOS="374" VPOS="1413" WIDTH="63" HEIGHT="41" CONTENT="lui" WC="1.00" CC="000"/>
						<SP ID="P5_SP00201" HPOS="437" VPOS="1466" WIDTH="19"/>
						<String ID="P5_ST00220" HPOS="456" VPOS="1427" WIDTH="21" HEIGHT="26" CONTENT="a" WC="1.00" CC="0"/>
						<SP ID="P5_SP00202" HPOS="477" VPOS="1466" WIDTH="28"/>
						<String ID="P5_ST00221" HPOS="505" VPOS="1421" WIDTH="105" HEIGHT="33" CONTENT="tenu" WC="0.98" CC="4030"/>
						<SP ID="P5_SP00203" HPOS="610" VPOS="1466" WIDTH="23"/>
						<String ID="P5_ST00222" HPOS="633" VPOS="1427" WIDTH="56" HEIGHT="27" CONTENT="au" WC="1.00" CC="00"/>
						<SP ID="P5_SP00204" HPOS="689" VPOS="1466" WIDTH="21"/>
						<String ID="P5_ST00223" HPOS="710" VPOS="1427" WIDTH="123" HEIGHT="27" CONTENT="cœur" WC="1.00" CC="0000"/>
						<SP ID="P5_SP00205" HPOS="833" VPOS="1466" WIDTH="23"/>
						<String ID="P5_ST00224" HPOS="856" VPOS="1422" WIDTH="122" HEIGHT="32" CONTENT="toute" WC="1.00" CC="30000"/>
						<SP ID="P5_SP00206" HPOS="978" VPOS="1466" WIDTH="21"/>
						<String ID="P5_ST00225" HPOS="999" VPOS="1428" WIDTH="46" HEIGHT="26" CONTENT="sa" WC="1.00" CC="00"/>
						<SP ID="P5_SP00207" HPOS="1045" VPOS="1466" WIDTH="22"/>
						<String ID="P5_ST00226" HPOS="1067" VPOS="1416" WIDTH="85" HEIGHT="39" CONTENT="vie." WC="0.98" CC="0123"/>
						<SP ID="P5_SP00208" HPOS="1152" VPOS="1466" WIDTH="25"/>
						<String ID="P5_ST00227" HPOS="1177" VPOS="1414" WIDTH="118" HEIGHT="42" CONTENT="Sans" WC="0.99" CC="0040"/>
						<SP ID="P5_SP00209" HPOS="1295" VPOS="1466" WIDTH="20"/>
						<String ID="P5_ST00228" HPOS="1315" VPOS="1418" WIDTH="245" HEIGHT="50" CONTENT="pépinière," WC="1.00" CC="0000037004"/>
						<SP ID="P5_SP00210" HPOS="1560" VPOS="1468" WIDTH="27"/>
						<String ID="P5_ST00229" HPOS="1587" VPOS="1430" WIDTH="57" HEIGHT="28" CONTENT="on" WC="1.00" CC="00"/>
						<SP ID="P5_SP00211" HPOS="1644" VPOS="1468" WIDTH="21"/>
						<String ID="P5_ST00230" HPOS="1665" VPOS="1430" WIDTH="55" HEIGHT="28" CONTENT="ne" WC="1.00" CC="00"/>
						<SP ID="P5_SP00212" HPOS="1720" VPOS="1468" WIDTH="20"/>
						<String ID="P5_ST00231" HPOS="1740" VPOS="1427" WIDTH="104" HEIGHT="43" CONTENT="peut" WC="0.99" CC="0060"/>
						<SP ID="P5_SP00213" HPOS="1844" VPOS="1470" WIDTH="21"/>
						<String ID="P5_ST00232" HPOS="1865" VPOS="1421" WIDTH="92" HEIGHT="39" CONTENT="rien" WC="0.97" CC="0336"/>
						<SP ID="P5_SP00214" HPOS="1957" VPOS="1470" WIDTH="25"/>
						<String ID="P5_ST00233" HPOS="1982" VPOS="1423" WIDTH="180" HEIGHT="49" CONTENT="espérer" WC="1.00" CC="0007000"/>
					</TextLine>
					<TextLine ID="P5_TL00020" HPOS="148" VPOS="1481" WIDTH="2014" HEIGHT="57">
						<String ID="P5_ST00234" HPOS="148" VPOS="1482" WIDTH="54" HEIGHT="41" CONTENT="de" WC="1.00" CC="00"/>
						<SP ID="P5_SP00215" HPOS="202" VPOS="1523" WIDTH="32"/>
						<String ID="P5_ST00235" HPOS="234" VPOS="1481" WIDTH="203" HEIGHT="43" CONTENT="durable." WC="1.00" CC="04000203"/>
						<SP ID="P5_SP00216" HPOS="437" VPOS="1524" WIDTH="34"/>
						<String ID="P5_ST00236" HPOS="471" VPOS="1498" WIDTH="18" HEIGHT="21" CONTENT="«" WC="0.43" CC="5"/>
						<SP ID="P5_SP00217" HPOS="489" VPOS="1524" WIDTH="23"/>
						<String ID="P5_ST00237" HPOS="512" VPOS="1482" WIDTH="50" HEIGHT="56" CONTENT="Je" WC="1.00" CC="00"/>
						<SP ID="P5_SP00218" HPOS="562" VPOS="1538" WIDTH="21"/>
						<String ID="P5_ST00238" HPOS="583" VPOS="1482" WIDTH="205" HEIGHT="50" CONTENT="cherche," WC="1.00" CC="04000004"/>
						<SP ID="P5_SP00219" HPOS="788" VPOS="1538" WIDTH="35"/>
						<String ID="P5_ST00239" HPOS="823" VPOS="1483" WIDTH="160" HEIGHT="41" CONTENT="écrit-il" WC="0.99" CC="60004402"/>
						<SP ID="P5_SP00220" HPOS="983" VPOS="1538" WIDTH="36"/>
						<String ID="P5_ST00240" HPOS="1019" VPOS="1484" WIDTH="39" HEIGHT="41" CONTENT="le" WC="0.41" CC="55"/>
						<SP ID="P5_SP00221" HPOS="1058" VPOS="1538" WIDTH="25"/>
						<String ID="P5_ST00241" HPOS="1083" VPOS="1498" WIDTH="11" HEIGHT="26" CONTENT="i" WC="0.49" CC="5"/>
						<String ID="P5_ST00242" HPOS="1105" VPOS="1489" WIDTH="33" HEIGHT="21" CONTENT="er" STYLE="superscript" WC="0.63" CC="07"/>
						<String ID="P5_ST00243" HPOS="1153" VPOS="1490" WIDTH="105" HEIGHT="36" CONTENT="août" WC="0.66" CC="0462"/>
						<SP ID="P5_SP00222" HPOS="1258" VPOS="1538" WIDTH="29"/>
						<String ID="P5_ST00244" HPOS="1287" VPOS="1488" WIDTH="120" HEIGHT="49" CONTENT="1819," WC="0.54" CC="83604"/>
						<SP ID="P5_SP00223" HPOS="1407" VPOS="1538" WIDTH="27"/>
						<String ID="P5_ST00245" HPOS="1434" VPOS="1489" WIDTH="22" HEIGHT="37" CONTENT="à" WC="1.00" CC="0"/>
						<SP ID="P5_SP00224" HPOS="1456" VPOS="1538" WIDTH="26"/>
						<String ID="P5_ST00246" HPOS="1482" VPOS="1487" WIDTH="233" HEIGHT="49" CONTENT="organiser" WC="1.00" CC="400040000"/>
						<SP ID="P5_SP00225" HPOS="1715" VPOS="1538" WIDTH="20"/>
						<String ID="P5_ST00247" HPOS="1735" VPOS="1495" WIDTH="196" HEIGHT="43" CONTENT="partout," WC="0.99" CC="00300044"/>
						<SP ID="P5_SP00226" HPOS="1931" VPOS="1538" WIDTH="18"/>
						<String ID="P5_ST00248" HPOS="1949" VPOS="1502" WIDTH="83" HEIGHT="26" CONTENT="aux" WC="1.00" CC="000"/>
						<SP ID="P5_SP00227" HPOS="2032" VPOS="1538" WIDTH="23"/>
						<String ID="P5_ST00249" HPOS="2055" VPOS="1487" WIDTH="107" HEIGHT="42" CONTENT="frais" WC="0.99" CC="40000"/>
					</TextLine>
					<TextLine ID="P5_TL00021" HPOS="148" VPOS="1552" WIDTH="2013" HEIGHT="58">
						<String ID="P5_ST00250" HPOS="148" VPOS="1552" WIDTH="78" HEIGHT="41" CONTENT="des" WC="0.99" CC="030"/>
						<SP ID="P5_SP00228" HPOS="226" VPOS="1593" WIDTH="25"/>
						<String ID="P5_ST00251" HPOS="251" VPOS="1566" WIDTH="266" HEIGHT="28" CONTENT="communes" WC="1.00" CC="00000300"/>
						<SP ID="P5_SP00229" HPOS="517" VPOS="1594" WIDTH="24"/>
						<String ID="P5_ST00252" HPOS="541" VPOS="1561" WIDTH="42" HEIGHT="32" CONTENT="et" WC="0.74" CC="05"/>
						<SP ID="P5_SP00230" HPOS="583" VPOS="1594" WIDTH="23"/>
						<String ID="P5_ST00253" HPOS="606" VPOS="1552" WIDTH="56" HEIGHT="41" CONTENT="du" WC="0.73" CC="05"/>
						<SP ID="P5_SP00231" HPOS="662" VPOS="1594" WIDTH="34"/>
						<String ID="P5_ST00254" HPOS="696" VPOS="1553" WIDTH="205" HEIGHT="41" CONTENT="ministre" WC="1.00" CC="00300004"/>
						<SP ID="P5_SP00232" HPOS="901" VPOS="1594" WIDTH="36"/>
						<String ID="P5_ST00255" HPOS="937" VPOS="1552" WIDTH="55" HEIGHT="42" CONTENT="de" WC="1.00" CC="00"/>
						<SP ID="P5_SP00233" HPOS="992" VPOS="1594" WIDTH="32"/>
						<String ID="P5_ST00256" HPOS="1024" VPOS="1552" WIDTH="261" HEIGHT="52" CONTENT="l'intérieur," WC="1.00" CC="030050510204"/>
						<SP ID="P5_SP00234" HPOS="1285" VPOS="1604" WIDTH="41"/>
						<String ID="P5_ST00257" HPOS="1326" VPOS="1554" WIDTH="78" HEIGHT="41" CONTENT="des" WC="1.00" CC="000"/>
						<SP ID="P5_SP00235" HPOS="1404" VPOS="1604" WIDTH="23"/>
						<String ID="P5_ST00258" HPOS="1427" VPOS="1554" WIDTH="145" HEIGHT="41" CONTENT="écoles" WC="0.99" CC="003300"/>
						<SP ID="P5_SP00236" HPOS="1572" VPOS="1604" WIDTH="19"/>
						<String ID="P5_ST00259" HPOS="1591" VPOS="1557" WIDTH="219" HEIGHT="49" CONTENT="gratuites" WC="1.00" CC="000501500"/>
						<SP ID="P5_SP00237" HPOS="1810" VPOS="1606" WIDTH="24"/>
						<String ID="P5_ST00260" HPOS="1834" VPOS="1556" WIDTH="54" HEIGHT="41" CONTENT="de" WC="1.00" CC="00"/>
						<SP ID="P5_SP00238" HPOS="1888" VPOS="1606" WIDTH="19"/>
						<String ID="P5_ST00261" HPOS="1907" VPOS="1559" WIDTH="208" HEIGHT="51" CONTENT="musique" WC="1.00" CC="0003000"/>
						<SP ID="P5_SP00239" HPOS="2115" VPOS="1610" WIDTH="25"/>
						<String ID="P5_ST00262" HPOS="2140" VPOS="1562" WIDTH="21" HEIGHT="35" CONTENT="à" WC="1.00" CC="0"/>
					</TextLine>
					<TextLine ID="P5_TL00022" HPOS="150" VPOS="1621" WIDTH="2013" HEIGHT="55">
						<String ID="P5_ST00263" HPOS="150" VPOS="1621" WIDTH="40" HEIGHT="41" CONTENT="la" WC="0.81" CC="03"/>
						<SP ID="P5_SP00240" HPOS="190" VPOS="1662" WIDTH="26"/>
						<String ID="P5_ST00264" HPOS="216" VPOS="1626" WIDTH="85" HEIGHT="37" CONTENT="tête" WC="0.99" CC="0500"/>
						<SP ID="P5_SP00241" HPOS="301" VPOS="1663" WIDTH="33"/>
						<String ID="P5_ST00265" HPOS="334" VPOS="1622" WIDTH="259" HEIGHT="52" CONTENT="desquelles" WC="1.00" CC="0200000000"/>
						<SP ID="P5_SP00242" HPOS="593" VPOS="1674" WIDTH="42"/>
						<String ID="P5_ST00266" HPOS="635" VPOS="1630" WIDTH="152" HEIGHT="33" CONTENT="seront" WC="0.99" CC="000064"/>
						<SP ID="P5_SP00243" HPOS="787" VPOS="1674" WIDTH="40"/>
						<String ID="P5_ST00267" HPOS="827" VPOS="1622" WIDTH="150" HEIGHT="52" CONTENT="placés" WC="1.00" CC="020000"/>
						<SP ID="P5_SP00244" HPOS="977" VPOS="1674" WIDTH="40"/>
						<String ID="P5_ST00268" HPOS="1017" VPOS="1622" WIDTH="80" HEIGHT="41" CONTENT="des" WC="1.00" CC="000"/>
						<SP ID="P5_SP00245" HPOS="1097" VPOS="1674" WIDTH="40"/>
						<String ID="P5_ST00269" HPOS="1137" VPOS="1623" WIDTH="206" HEIGHT="41" CONTENT="hommes" WC="1.00" CC="020000"/>
						<SP ID="P5_SP00246" HPOS="1343" VPOS="1674" WIDTH="22"/>
						<String ID="P5_ST00270" HPOS="1365" VPOS="1623" WIDTH="132" HEIGHT="51" CONTENT="zélés," WC="0.99" CC="063003"/>
						<SP ID="P5_SP00247" HPOS="1497" VPOS="1674" WIDTH="25"/>
						<String ID="P5_ST00271" HPOS="1522" VPOS="1623" WIDTH="126" HEIGHT="42" CONTENT="actifs" WC="0.99" CC="004080"/>
						<SP ID="P5_SP00248" HPOS="1648" VPOS="1674" WIDTH="20"/>
						<String ID="P5_ST00272" HPOS="1668" VPOS="1632" WIDTH="41" HEIGHT="33" CONTENT="et" WC="0.71" CC="05"/>
						<SP ID="P5_SP00249" HPOS="1709" VPOS="1674" WIDTH="22"/>
						<String ID="P5_ST00273" HPOS="1731" VPOS="1625" WIDTH="292" HEIGHT="51" CONTENT="intelligents." WC="1.00" CC="0030460000504"/>
						<SP ID="P5_SP00250" HPOS="2023" VPOS="1676" WIDTH="35"/>
						<String ID="P5_ST00274" HPOS="2058" VPOS="1625" WIDTH="79" HEIGHT="42" CONTENT="Par" SUBS_TYPE="HypPart1" SUBS_CONTENT="Partout" WC="0.99" CC="000"/>
						<HYP HPOS="2137" VPOS="1625" WIDTH="26" CONTENT="-"/>
					</TextLine>
					<TextLine ID="P5_TL00023" HPOS="150" VPOS="1691" WIDTH="2014" HEIGHT="54">
						<String ID="P5_ST00275" HPOS="150" VPOS="1698" WIDTH="97" HEIGHT="34" CONTENT="tout" SUBS_TYPE="HypPart2" SUBS_CONTENT="Partout" WC="0.99" CC="1004"/>
						<SP ID="P5_SP00251" HPOS="247" VPOS="1732" WIDTH="27"/>
						<String ID="P5_ST00276" HPOS="274" VPOS="1696" WIDTH="58" HEIGHT="36" CONTENT="où" WC="0.68" CC="06"/>
						<SP ID="P5_SP00252" HPOS="332" VPOS="1732" WIDTH="24"/>
						<String ID="P5_ST00277" HPOS="356" VPOS="1692" WIDTH="39" HEIGHT="52" CONTENT="je" WC="1.00" CC="00"/>
						<SP ID="P5_SP00253" HPOS="395" VPOS="1744" WIDTH="44"/>
						<String ID="P5_ST00278" HPOS="439" VPOS="1692" WIDTH="209" HEIGHT="52" CONTENT="séjourne" WC="1.00" CC="00000001"/>
						<SP ID="P5_SP00254" HPOS="648" VPOS="1744" WIDTH="44"/>
						<String ID="P5_ST00279" HPOS="692" VPOS="1691" WIDTH="220" HEIGHT="54" CONTENT="quelques" WC="0.99" CC="06020430"/>
						<SP ID="P5_SP00255" HPOS="912" VPOS="1745" WIDTH="24"/>
						<String ID="P5_ST00280" HPOS="936" VPOS="1701" WIDTH="240" HEIGHT="39" CONTENT="moments," WC="0.99" CC="00006204"/>
						<SP ID="P5_SP00256" HPOS="1176" VPOS="1745" WIDTH="27"/>
						<String ID="P5_ST00281" HPOS="1203" VPOS="1693" WIDTH="38" HEIGHT="52" CONTENT="je" WC="1.00" CC="00"/>
						<SP ID="P5_SP00257" HPOS="1241" VPOS="1745" WIDTH="33"/>
						<String ID="P5_ST00282" HPOS="1274" VPOS="1691" WIDTH="236" HEIGHT="43" CONTENT="m'attache" WC="0.99" CC="040650000"/>
						<SP ID="P5_SP00258" HPOS="1510" VPOS="1745" WIDTH="23"/>
						<String ID="P5_ST00283" HPOS="1533" VPOS="1697" WIDTH="21" HEIGHT="36" CONTENT="à" WC="1.00" CC="0"/>
						<SP ID="P5_SP00259" HPOS="1554" VPOS="1745" WIDTH="21"/>
						<String ID="P5_ST00284" HPOS="1575" VPOS="1695" WIDTH="161" HEIGHT="40" CONTENT="exciter" WC="1.00" CC="0002600"/>
						<SP ID="P5_SP00260" HPOS="1736" VPOS="1745" WIDTH="21"/>
						<String ID="P5_ST00285" HPOS="1757" VPOS="1707" WIDTH="87" HEIGHT="28" CONTENT="une" WC="0.98" CC="600"/>
						<SP ID="P5_SP00261" HPOS="1844" VPOS="1745" WIDTH="23"/>
						<String ID="P5_ST00286" HPOS="1867" VPOS="1695" WIDTH="297" HEIGHT="41" CONTENT="insurrection" WC="1.00" CC="006400100000"/>
					</TextLine>
					<TextLine ID="P5_TL00024" HPOS="155" VPOS="1759" WIDTH="2010" HEIGHT="55">
						<String ID="P5_ST00287" HPOS="155" VPOS="1761" WIDTH="272" HEIGHT="40" CONTENT="musicale..." WC="1.00" CC="34000000433"/>
						<SP ID="P5_SP00262" HPOS="427" VPOS="1801" WIDTH="27"/>
						<String ID="P5_ST00288" HPOS="454" VPOS="1759" WIDTH="89" HEIGHT="42" CONTENT="Les" WC="0.98" CC="400"/>
						<SP ID="P5_SP00263" HPOS="543" VPOS="1801" WIDTH="24"/>
						<String ID="P5_ST00289" HPOS="567" VPOS="1761" WIDTH="145" HEIGHT="41" CONTENT="écoles" WC="0.99" CC="000405"/>
						<SP ID="P5_SP00264" HPOS="712" VPOS="1802" WIDTH="32"/>
						<String ID="P5_ST00290" HPOS="744" VPOS="1760" WIDTH="186" HEIGHT="41" CONTENT="fondées" WC="1.00" CC="0010001"/>
						<SP ID="P5_SP00265" HPOS="930" VPOS="1802" WIDTH="43"/>
						<String ID="P5_ST00291" HPOS="973" VPOS="1761" WIDTH="126" HEIGHT="41" CONTENT="selon" WC="0.99" CC="03300"/>
						<SP ID="P5_SP00266" HPOS="1099" VPOS="1802" WIDTH="24"/>
						<String ID="P5_ST00292" HPOS="1123" VPOS="1775" WIDTH="94" HEIGHT="27" CONTENT="mes" WC="0.99" CC="010"/>
						<SP ID="P5_SP00267" HPOS="1217" VPOS="1802" WIDTH="17"/>
						<String ID="P5_ST00293" HPOS="1234" VPOS="1762" WIDTH="215" HEIGHT="52" CONTENT="procédés" WC="1.00" CC="05000001"/>
						<SP ID="P5_SP00268" HPOS="1449" VPOS="1814" WIDTH="23"/>
						<String ID="P5_ST00294" HPOS="1472" VPOS="1771" WIDTH="230" HEIGHT="33" CONTENT="recevront" WC="1.00" CC="040000000"/>
						<SP ID="P5_SP00269" HPOS="1702" VPOS="1814" WIDTH="20"/>
						<String ID="P5_ST00295" HPOS="1722" VPOS="1762" WIDTH="63" HEIGHT="42" CONTENT="les" WC="0.99" CC="100"/>
						<SP ID="P5_SP00270" HPOS="1785" VPOS="1814" WIDTH="23"/>
						<String ID="P5_ST00296" HPOS="1808" VPOS="1764" WIDTH="148" HEIGHT="40" CONTENT="élèves" WC="0.99" CC="057000"/>
						<SP ID="P5_SP00271" HPOS="1956" VPOS="1814" WIDTH="22"/>
						<String ID="P5_ST00297" HPOS="1978" VPOS="1777" WIDTH="105" HEIGHT="27" CONTENT="sans" WC="0.98" CC="0602"/>
						<SP ID="P5_SP00272" HPOS="2083" VPOS="1814" WIDTH="20"/>
						<String ID="P5_ST00298" HPOS="2103" VPOS="1764" WIDTH="62" HEIGHT="41" CONTENT="les" WC="0.97" CC="530"/>
					</TextLine>
					<TextLine ID="P5_TL00025" HPOS="149" VPOS="1829" WIDTH="2015" HEIGHT="57">
						<String ID="P5_ST00299" HPOS="149" VPOS="1838" WIDTH="229" HEIGHT="44" CONTENT="compter;" WC="1.00" CC="03005000"/>
						<SP ID="P5_SP00273" HPOS="378" VPOS="1882" WIDTH="28"/>
						<String ID="P5_ST00300" HPOS="406" VPOS="1830" WIDTH="63" HEIGHT="41" CONTENT="les" WC="0.98" CC="600"/>
						<SP ID="P5_SP00274" HPOS="469" VPOS="1882" WIDTH="20"/>
						<String ID="P5_ST00301" HPOS="489" VPOS="1829" WIDTH="283" HEIGHT="53" CONTENT="professeurs" WC="1.00" CC="00103000500"/>
						<SP ID="P5_SP00275" HPOS="772" VPOS="1882" WIDTH="25"/>
						<String ID="P5_ST00302" HPOS="797" VPOS="1830" WIDTH="357" HEIGHT="53" CONTENT="s'appliqueront" WC="1.00" CC="00000300007060"/>
						<SP ID="P5_SP00276" HPOS="1154" VPOS="1883" WIDTH="40"/>
						<String ID="P5_ST00303" HPOS="1194" VPOS="1835" WIDTH="22" HEIGHT="35" CONTENT="à" WC="1.00" CC="0"/>
						<SP ID="P5_SP00277" HPOS="1216" VPOS="1883" WIDTH="26"/>
						<String ID="P5_ST00304" HPOS="1242" VPOS="1829" WIDTH="262" HEIGHT="43" CONTENT="rechercher" WC="1.00" CC="1320003000"/>
						<SP ID="P5_SP00278" HPOS="1504" VPOS="1883" WIDTH="27"/>
						<String ID="P5_ST00305" HPOS="1531" VPOS="1841" WIDTH="41" HEIGHT="31" CONTENT="et" WC="1.00" CC="00"/>
						<SP ID="P5_SP00279" HPOS="1572" VPOS="1883" WIDTH="37"/>
						<String ID="P5_ST00306" HPOS="1609" VPOS="1836" WIDTH="22" HEIGHT="36" CONTENT="à" WC="1.00" CC="0"/>
						<SP ID="P5_SP00280" HPOS="1631" VPOS="1883" WIDTH="22"/>
						<String ID="P5_ST00307" HPOS="1653" VPOS="1834" WIDTH="151" HEIGHT="40" CONTENT="attirer" WC="1.00" CC="0231000"/>
						<SP ID="P5_SP00281" HPOS="1804" VPOS="1883" WIDTH="23"/>
						<String ID="P5_ST00308" HPOS="1827" VPOS="1842" WIDTH="99" HEIGHT="32" CONTENT="tous" WC="0.98" CC="4140"/>
						<SP ID="P5_SP00282" HPOS="1926" VPOS="1883" WIDTH="23"/>
						<String ID="P5_ST00309" HPOS="1949" VPOS="1834" WIDTH="63" HEIGHT="40" CONTENT="les" WC="0.97" CC="420"/>
						<SP ID="P5_SP00283" HPOS="2012" VPOS="1883" WIDTH="15"/>
						<String ID="P5_ST00310" HPOS="2027" VPOS="1834" WIDTH="137" HEIGHT="52" CONTENT="sujets" WC="0.99" CC="040060"/>
					</TextLine>
					<TextLine ID="P5_TL00026" HPOS="148" VPOS="1898" WIDTH="933" HEIGHT="55">
						<String ID="P5_ST00311" HPOS="148" VPOS="1898" WIDTH="216" HEIGHT="54" CONTENT="capables" WC="0.99" CC="60082000"/>
						<SP ID="P5_SP00284" HPOS="364" VPOS="1952" WIDTH="21"/>
						<String ID="P5_ST00312" HPOS="385" VPOS="1899" WIDTH="54" HEIGHT="41" CONTENT="de" WC="1.00" CC="00"/>
						<SP ID="P5_SP00285" HPOS="439" VPOS="1952" WIDTH="22"/>
						<String ID="P5_ST00313" HPOS="461" VPOS="1900" WIDTH="174" HEIGHT="41" CONTENT="donner" WC="0.99" CC="045200"/>
						<SP ID="P5_SP00286" HPOS="635" VPOS="1952" WIDTH="23"/>
						<String ID="P5_ST00314" HPOS="658" VPOS="1899" WIDTH="79" HEIGHT="41" CONTENT="des" WC="1.00" CC="000"/>
						<SP ID="P5_SP00287" HPOS="737" VPOS="1952" WIDTH="18"/>
						<String ID="P5_ST00315" HPOS="755" VPOS="1904" WIDTH="281" HEIGHT="49" CONTENT="espérances." WC="1.00" CC="00050000003"/>
						<SP ID="P5_SP00288" HPOS="1036" VPOS="1953" WIDTH="25"/>
						<String ID="P5_ST00316" HPOS="1061" VPOS="1913" WIDTH="20" HEIGHT="25" CONTENT="»" WC="0.62" CC="3"/>
					</TextLine>
					<TextLine ID="P5_TL00027" HPOS="209" VPOS="1967" WIDTH="1955" HEIGHT="56">
						<String ID="P5_ST00317" HPOS="209" VPOS="1967" WIDTH="68" HEIGHT="42" CONTENT="En" WC="1.00" CC="00"/>
						<SP ID="P5_SP00289" HPOS="277" VPOS="2009" WIDTH="30"/>
						<String ID="P5_ST00318" HPOS="307" VPOS="1973" WIDTH="120" HEIGHT="48" CONTENT="1822," WC="0.71" CC="52204"/>
						<SP ID="P5_SP00290" HPOS="427" VPOS="2021" WIDTH="21"/>
						<String ID="P5_ST00319" HPOS="448" VPOS="1971" WIDTH="109" HEIGHT="39" CONTENT="trois" WC="1.00" CC="30000"/>
						<SP ID="P5_SP00291" HPOS="557" VPOS="2021" WIDTH="34"/>
						<String ID="P5_ST00320" HPOS="591" VPOS="1969" WIDTH="334" HEIGHT="53" CONTENT="municipalités" WC="1.00" CC="0300000130500"/>
						<SP ID="P5_SP00292" HPOS="925" VPOS="2022" WIDTH="37"/>
						<String ID="P5_ST00321" HPOS="962" VPOS="1969" WIDTH="266" HEIGHT="52" CONTENT="seulement," WC="1.00" CC="0030000044"/>
						<SP ID="P5_SP00293" HPOS="1228" VPOS="2022" WIDTH="33"/>
						<String ID="P5_ST00322" HPOS="1261" VPOS="1969" WIDTH="479" HEIGHT="54" CONTENT="Fontenay-le-Comte" WC="0.84" CC="60050000420301030"/>
						<SP ID="P5_SP00294" HPOS="1740" VPOS="2023" WIDTH="31"/>
						<String ID="P5_ST00323" HPOS="1771" VPOS="1969" WIDTH="80" HEIGHT="53" CONTENT="(2)," WC="0.65" CC="1254"/>
						<SP ID="P5_SP00295" HPOS="1851" VPOS="2023" WIDTH="40"/>
						<String ID="P5_ST00324" HPOS="1891" VPOS="1969" WIDTH="197" HEIGHT="44" CONTENT="Saumur" WC="0.77" CC="065010"/>
						<SP ID="P5_SP00296" HPOS="2088" VPOS="2023" WIDTH="36"/>
						<String ID="P5_ST00325" HPOS="2124" VPOS="1980" WIDTH="40" HEIGHT="32" CONTENT="et" WC="0.78" CC="04"/>
					</TextLine>
					<TextLine ID="P5_TL00028" HPOS="151" VPOS="2036" WIDTH="1020" HEIGHT="55">
						<String ID="P5_ST00326" HPOS="151" VPOS="2036" WIDTH="262" HEIGHT="54" CONTENT="Rochefort," WC="0.90" CC="3001000004"/>
						<SP ID="P5_SP00297" HPOS="413" VPOS="2090" WIDTH="22"/>
						<String ID="P5_ST00327" HPOS="435" VPOS="2040" WIDTH="179" HEIGHT="40" CONTENT="avaient" WC="1.00" CC="0000003"/>
						<SP ID="P5_SP00298" HPOS="614" VPOS="2090" WIDTH="33"/>
						<String ID="P5_ST00328" HPOS="647" VPOS="2039" WIDTH="202" HEIGHT="52" CONTENT="répondu" WC="0.99" CC="0000604"/>
						<SP ID="P5_SP00299" HPOS="849" VPOS="2091" WIDTH="26"/>
						<String ID="P5_ST00329" HPOS="875" VPOS="2043" WIDTH="21" HEIGHT="36" CONTENT="à" WC="1.00" CC="0"/>
						<SP ID="P5_SP00300" HPOS="896" VPOS="2091" WIDTH="25"/>
						<String ID="P5_ST00330" HPOS="921" VPOS="2052" WIDTH="82" HEIGHT="29" CONTENT="son" WC="0.95" CC="066"/>
						<SP ID="P5_SP00301" HPOS="1003" VPOS="2091" WIDTH="22"/>
						<String ID="P5_ST00331" HPOS="1025" VPOS="2039" WIDTH="146" HEIGHT="52" CONTENT="appel." WC="0.98" CC="000936"/>
					</TextLine>
				</TextBlock>
				<TextBlock ID="P5_TB00004" HPOS="860" VPOS="2248" WIDTH="614" HEIGHT="164" STYLEREFS="TXT_2 PAR_LEFT">
					<TextLine ID="P5_TL00029" HPOS="860" VPOS="2248" WIDTH="614" HEIGHT="115">
						<String ID="P5_ST00332" HPOS="860" VPOS="2248" WIDTH="614" HEIGHT="115" CONTENT="III" WC="0.98" CC="000" STYLEREFS="TXT_3"/>
					</TextLine>
					<TextLine ID="P5_TL00030" HPOS="861" VPOS="2363" WIDTH="613" HEIGHT="43">
						<String ID="P5_ST00333" HPOS="861" VPOS="2379" WIDTH="53" HEIGHT="27" CONTENT="LE" WC="1.00" CC="00"/>
						<SP ID="P5_SP00302" HPOS="914" VPOS="2406" WIDTH="36"/>
						<String ID="P5_ST00334" HPOS="950" VPOS="2378" WIDTH="259" HEIGHT="28" CONTENT="DIRECTEUR" WC="0.99" CC="646000070"/>
						<SP ID="P5_SP00303" HPOS="1209" VPOS="2406" WIDTH="70"/>
						<String ID="P5_ST00335" HPOS="1279" VPOS="2363" WIDTH="195" HEIGHT="43" CONTENT="L'HOMME" WC="0.99" CC="0263700"/>
					</TextLine>
				</TextBlock>
				<TextBlock ID="P5_TB00005" HPOS="151" VPOS="2506" WIDTH="2018" HEIGHT="609" STYLEREFS="TXT_1 PAR_BLOCK">
					<TextLine ID="P5_TL00031" HPOS="209" VPOS="2507" WIDTH="1958" HEIGHT="65">
						<String ID="P5_ST00336" HPOS="209" VPOS="2514" WIDTH="216" HEIGHT="58" CONTENT="Jusqu'en" WC="0.99" CC="00006407"/>
						<SP ID="P5_SP00304" HPOS="425" VPOS="2572" WIDTH="44"/>
						<String ID="P5_ST00337" HPOS="469" VPOS="2517" WIDTH="120" HEIGHT="50" CONTENT="1819," WC="0.55" CC="55560"/>
						<SP ID="P5_SP00305" HPOS="589" VPOS="2572" WIDTH="46"/>
						<String ID="P5_ST00338" HPOS="635" VPOS="2513" WIDTH="185" HEIGHT="41" CONTENT="Choron" WC="1.00" CC="000004"/>
						<SP ID="P5_SP00306" HPOS="820" VPOS="2572" WIDTH="40"/>
						<String ID="P5_ST00339" HPOS="860" VPOS="2511" WIDTH="165" HEIGHT="42" CONTENT="n'avait" WC="0.99" CC="0430501"/>
						<SP ID="P5_SP00307" HPOS="1025" VPOS="2572" WIDTH="32"/>
						<String ID="P5_ST00340" HPOS="1057" VPOS="2524" WIDTH="55" HEIGHT="28" CONTENT="eu" WC="0.74" CC="05"/>
						<SP ID="P5_SP00308" HPOS="1112" VPOS="2572" WIDTH="33"/>
						<String ID="P5_ST00341" HPOS="1145" VPOS="2524" WIDTH="85" HEIGHT="40" CONTENT="que" WC="0.99" CC="002"/>
						<SP ID="P5_SP00309" HPOS="1230" VPOS="2572" WIDTH="38"/>
						<String ID="P5_ST00342" HPOS="1268" VPOS="2511" WIDTH="79" HEIGHT="40" CONTENT="des" WC="1.00" CC="000"/>
						<SP ID="P5_SP00310" HPOS="1347" VPOS="2572" WIDTH="40"/>
						<String ID="P5_ST00343" HPOS="1387" VPOS="2509" WIDTH="178" HEIGHT="42" CONTENT="enfants" WC="0.99" CC="0330450"/>
						<SP ID="P5_SP00311" HPOS="1565" VPOS="2572" WIDTH="43"/>
						<String ID="P5_ST00344" HPOS="1608" VPOS="2523" WIDTH="107" HEIGHT="28" CONTENT="sous" WC="0.99" CC="0060"/>
						<SP ID="P5_SP00312" HPOS="1715" VPOS="2572" WIDTH="27"/>
						<String ID="P5_ST00345" HPOS="1742" VPOS="2523" WIDTH="47" HEIGHT="27" CONTENT="sa" WC="1.00" CC="00"/>
						<SP ID="P5_SP00313" HPOS="1789" VPOS="2572" WIDTH="24"/>
						<String ID="P5_ST00346" HPOS="1813" VPOS="2510" WIDTH="232" HEIGHT="41" CONTENT="direction." WC="0.99" CC="0040003072"/>
						<SP ID="P5_SP00314" HPOS="2045" VPOS="2572" WIDTH="28"/>
						<String ID="P5_ST00347" HPOS="2073" VPOS="2507" WIDTH="94" HEIGHT="43" CONTENT="Son" WC="1.00" CC="000"/>
					</TextLine>
					<TextLine ID="P5_TL00032" HPOS="151" VPOS="2580" WIDTH="2016" HEIGHT="54">
						<String ID="P5_ST00348" HPOS="151" VPOS="2587" WIDTH="123" HEIGHT="41" CONTENT="école" WC="0.98" CC="60031"/>
						<SP ID="P5_SP00315" HPOS="274" VPOS="2628" WIDTH="95"/>
						<String ID="P5_ST00349" HPOS="369" VPOS="2598" WIDTH="115" HEIGHT="29" CONTENT="nous" WC="0.99" CC="0040"/>
						<SP ID="P5_SP00316" HPOS="484" VPOS="2628" WIDTH="21"/>
						<String ID="P5_ST00350" HPOS="505" VPOS="2597" WIDTH="55" HEIGHT="28" CONTENT="en" WC="0.73" CC="05"/>
						<SP ID="P5_SP00317" HPOS="560" VPOS="2628" WIDTH="22"/>
						<String ID="P5_ST00351" HPOS="582" VPOS="2596" WIDTH="140" HEIGHT="28" CONTENT="avons" WC="0.99" CC="00040"/>
						<SP ID="P5_SP00318" HPOS="722" VPOS="2628" WIDTH="25"/>
						<String ID="P5_ST00352" HPOS="747" VPOS="2596" WIDTH="54" HEIGHT="28" CONTENT="eu" WC="0.73" CC="05"/>
						<SP ID="P5_SP00319" HPOS="801" VPOS="2628" WIDTH="22"/>
						<String ID="P5_ST00353" HPOS="823" VPOS="2582" WIDTH="39" HEIGHT="41" CONTENT="le" WC="1.00" CC="00"/>
						<SP ID="P5_SP00320" HPOS="862" VPOS="2628" WIDTH="17"/>
						<String ID="P5_ST00354" HPOS="879" VPOS="2594" WIDTH="292" HEIGHT="40" CONTENT="programme" WC="1.00" CC="000700020"/>
						<SP ID="P5_SP00321" HPOS="1171" VPOS="2634" WIDTH="24"/>
						<String ID="P5_ST00355" HPOS="1195" VPOS="2593" WIDTH="105" HEIGHT="28" CONTENT="sous" WC="1.00" CC="0000"/>
						<SP ID="P5_SP00322" HPOS="1300" VPOS="2634" WIDTH="23"/>
						<String ID="P5_ST00356" HPOS="1323" VPOS="2580" WIDTH="63" HEIGHT="40" CONTENT="les" WC="1.00" CC="000"/>
						<SP ID="P5_SP00323" HPOS="1386" VPOS="2634" WIDTH="16"/>
						<String ID="P5_ST00357" HPOS="1402" VPOS="2593" WIDTH="112" HEIGHT="39" CONTENT="yeux" WC="0.99" CC="6000"/>
						<SP ID="P5_SP00324" HPOS="1514" VPOS="2634" WIDTH="99"/>
						<String ID="P5_ST00358" HPOS="1613" VPOS="2580" WIDTH="106" HEIGHT="40" CONTENT="était" WC="0.98" CC="75002"/>
						<SP ID="P5_SP00325" HPOS="1719" VPOS="2634" WIDTH="20"/>
						<String ID="P5_ST00359" HPOS="1739" VPOS="2594" WIDTH="56" HEIGHT="26" CONTENT="un" WC="0.28" CC="76"/>
						<SP ID="P5_SP00326" HPOS="1795" VPOS="2634" WIDTH="24"/>
						<String ID="P5_ST00360" HPOS="1819" VPOS="2580" WIDTH="269" HEIGHT="52" CONTENT="pensionnat" WC="0.99" CC="0000360063"/>
						<SP ID="P5_SP00327" HPOS="2088" VPOS="2634" WIDTH="24"/>
						<String ID="P5_ST00361" HPOS="2112" VPOS="2592" WIDTH="55" HEIGHT="27" CONTENT="ne" WC="1.00" CC="00"/>
					</TextLine>
					<TextLine ID="P5_TL00033" HPOS="153" VPOS="2646" WIDTH="2011" HEIGHT="59">
						<String ID="P5_ST00362" HPOS="153" VPOS="2655" WIDTH="209" HEIGHT="42" CONTENT="différant" WC="1.00" CC="013000006"/>
						<SP ID="P5_SP00328" HPOS="362" VPOS="2697" WIDTH="22"/>
						<String ID="P5_ST00363" HPOS="384" VPOS="2655" WIDTH="79" HEIGHT="40" CONTENT="des" WC="1.00" CC="000"/>
						<SP ID="P5_SP00329" HPOS="463" VPOS="2697" WIDTH="25"/>
						<String ID="P5_ST00364" HPOS="488" VPOS="2662" WIDTH="150" HEIGHT="33" CONTENT="autres" WC="1.00" CC="020001"/>
						<SP ID="P5_SP00330" HPOS="638" VPOS="2697" WIDTH="25"/>
						<String ID="P5_ST00365" HPOS="663" VPOS="2666" WIDTH="85" HEIGHT="39" CONTENT="que" WC="1.00" CC="000"/>
						<SP ID="P5_SP00331" HPOS="748" VPOS="2705" WIDTH="23"/>
						<String ID="P5_ST00366" HPOS="771" VPOS="2666" WIDTH="82" HEIGHT="39" CONTENT="par" WC="1.00" CC="000"/>
						<SP ID="P5_SP00332" HPOS="853" VPOS="2705" WIDTH="34"/>
						<String ID="P5_ST00367" HPOS="887" VPOS="2651" WIDTH="40" HEIGHT="40" CONTENT="la" WC="0.86" CC="20"/>
						<SP ID="P5_SP00333" HPOS="927" VPOS="2705" WIDTH="23"/>
						<String ID="P5_ST00368" HPOS="950" VPOS="2658" WIDTH="97" HEIGHT="45" CONTENT="part" WC="1.00" CC="0001"/>
						<SP ID="P5_SP00334" HPOS="1047" VPOS="2705" WIDTH="22"/>
						<String ID="P5_ST00369" HPOS="1069" VPOS="2649" WIDTH="106" HEIGHT="41" CONTENT="faite" WC="1.00" CC="00210"/>
						<SP ID="P5_SP00335" HPOS="1175" VPOS="2705" WIDTH="24"/>
						<String ID="P5_ST00370" HPOS="1199" VPOS="2653" WIDTH="22" HEIGHT="37" CONTENT="à" WC="1.00" CC="0"/>
						<SP ID="P5_SP00336" HPOS="1221" VPOS="2705" WIDTH="25"/>
						<String ID="P5_ST00371" HPOS="1246" VPOS="2649" WIDTH="37" HEIGHT="41" CONTENT="la" WC="0.67" CC="06"/>
						<SP ID="P5_SP00337" HPOS="1283" VPOS="2705" WIDTH="27"/>
						<String ID="P5_ST00372" HPOS="1310" VPOS="2650" WIDTH="222" HEIGHT="51" CONTENT="musique." WC="1.00" CC="00010004"/>
						<SP ID="P5_SP00338" HPOS="1532" VPOS="2705" WIDTH="29"/>
						<String ID="P5_ST00373" HPOS="1561" VPOS="2646" WIDTH="165" HEIGHT="43" CONTENT="Sévère" WC="0.98" CC="090760"/>
						<SP ID="P5_SP00339" HPOS="1726" VPOS="2705" WIDTH="23"/>
						<String ID="P5_ST00374" HPOS="1749" VPOS="2661" WIDTH="114" HEIGHT="40" CONTENT="pour" WC="1.00" CC="0000"/>
						<SP ID="P5_SP00340" HPOS="1863" VPOS="2705" WIDTH="23"/>
						<String ID="P5_ST00375" HPOS="1886" VPOS="2648" WIDTH="63" HEIGHT="41" CONTENT="les" WC="0.99" CC="201"/>
						<SP ID="P5_SP00341" HPOS="1949" VPOS="2705" WIDTH="24"/>
						<String ID="P5_ST00376" HPOS="1973" VPOS="2648" WIDTH="191" HEIGHT="52" CONTENT="qualités" WC="1.00" CC="00042200"/>
					</TextLine>
					<TextLine ID="P5_TL00034" HPOS="155" VPOS="2716" WIDTH="2010" HEIGHT="62">
						<String ID="P5_ST00377" HPOS="155" VPOS="2726" WIDTH="264" HEIGHT="52" CONTENT="physiques," WC="1.00" CC="0040100004"/>
						<SP ID="P5_SP00342" HPOS="419" VPOS="2778" WIDTH="28"/>
						<String ID="P5_ST00378" HPOS="447" VPOS="2723" WIDTH="38" HEIGHT="41" CONTENT="le" WC="1.00" CC="00"/>
						<SP ID="P5_SP00343" HPOS="485" VPOS="2778" WIDTH="21"/>
						<String ID="P5_ST00379" HPOS="506" VPOS="2723" WIDTH="223" HEIGHT="40" CONTENT="directeur" WC="1.00" CC="010004000"/>
						<SP ID="P5_SP00344" HPOS="729" VPOS="2778" WIDTH="23"/>
						<String ID="P5_ST00380" HPOS="752" VPOS="2734" WIDTH="55" HEIGHT="28" CONTENT="ne" WC="0.71" CC="50"/>
						<SP ID="P5_SP00345" HPOS="807" VPOS="2778" WIDTH="42"/>
						<String ID="P5_ST00381" HPOS="849" VPOS="2719" WIDTH="138" HEIGHT="42" CONTENT="l'était" WC="0.99" CC="4405010"/>
						<SP ID="P5_SP00346" HPOS="987" VPOS="2778" WIDTH="30"/>
						<String ID="P5_ST00382" HPOS="1017" VPOS="2733" WIDTH="80" HEIGHT="38" CONTENT="pas" WC="1.00" CC="000"/>
						<SP ID="P5_SP00347" HPOS="1097" VPOS="2778" WIDTH="25"/>
						<String ID="P5_ST00383" HPOS="1122" VPOS="2719" WIDTH="148" HEIGHT="40" CONTENT="moins" WC="0.98" CC="00570"/>
						<SP ID="P5_SP00348" HPOS="1270" VPOS="2778" WIDTH="24"/>
						<String ID="P5_ST00384" HPOS="1294" VPOS="2731" WIDTH="114" HEIGHT="39" CONTENT="pour" WC="0.98" CC="0060"/>
						<SP ID="P5_SP00349" HPOS="1408" VPOS="2778" WIDTH="23"/>
						<String ID="P5_ST00385" HPOS="1431" VPOS="2717" WIDTH="39" HEIGHT="40" CONTENT="la" WC="0.81" CC="30"/>
						<SP ID="P5_SP00350" HPOS="1470" VPOS="2778" WIDTH="22"/>
						<String ID="P5_ST00386" HPOS="1492" VPOS="2717" WIDTH="184" HEIGHT="41" CONTENT="morale." WC="0.99" CC="0004411"/>
						<SP ID="P5_SP00351" HPOS="1676" VPOS="2778" WIDTH="29"/>
						<String ID="P5_ST00387" HPOS="1705" VPOS="2730" WIDTH="19" HEIGHT="24" CONTENT="«" WC="1.00" CC="0"/>
						<SP ID="P5_SP00352" HPOS="1724" VPOS="2778" WIDTH="20"/>
						<String ID="P5_ST00388" HPOS="1744" VPOS="2716" WIDTH="83" HEIGHT="55" CONTENT="J'ai" WC="0.97" CC="2363"/>
						<SP ID="P5_SP00353" HPOS="1827" VPOS="2778" WIDTH="19"/>
						<String ID="P5_ST00389" HPOS="1846" VPOS="2718" WIDTH="158" HEIGHT="49" CONTENT="réussi," WC="1.00" CC="0000024"/>
						<SP ID="P5_SP00354" HPOS="2004" VPOS="2778" WIDTH="25"/>
						<String ID="P5_ST00390" HPOS="2029" VPOS="2716" WIDTH="136" HEIGHT="47" CONTENT="dit-il," WC="0.99" CC="0254004"/>
					</TextLine>
					<TextLine ID="P5_TL00035" HPOS="155" VPOS="2784" WIDTH="2012" HEIGHT="62">
						<String ID="P5_ST00391" HPOS="155" VPOS="2799" WIDTH="22" HEIGHT="37" CONTENT="à" WC="0.98" CC="0"/>
						<SP ID="P5_SP00355" HPOS="177" VPOS="2836" WIDTH="25"/>
						<String ID="P5_ST00392" HPOS="202" VPOS="2796" WIDTH="193" HEIGHT="50" CONTENT="extirper" WC="1.00" CC="00150000"/>
						<SP ID="P5_SP00356" HPOS="395" VPOS="2846" WIDTH="23"/>
						<String ID="P5_ST00393" HPOS="418" VPOS="2791" WIDTH="208" HEIGHT="55" CONTENT="jusqu'au" WC="1.00" CC="00000460"/>
						<SP ID="P5_SP00357" HPOS="626" VPOS="2846" WIDTH="39"/>
						<String ID="P5_ST00394" HPOS="665" VPOS="2790" WIDTH="204" HEIGHT="41" CONTENT="moindre" WC="1.00" CC="0006001"/>
						<SP ID="P5_SP00358" HPOS="869" VPOS="2846" WIDTH="23"/>
						<String ID="P5_ST00395" HPOS="892" VPOS="2801" WIDTH="155" HEIGHT="38" CONTENT="germe" WC="0.99" CC="90000"/>
						<SP ID="P5_SP00359" HPOS="1047" VPOS="2846" WIDTH="23"/>
						<String ID="P5_ST00396" HPOS="1070" VPOS="2787" WIDTH="54" HEIGHT="42" CONTENT="de" WC="1.00" CC="00"/>
						<SP ID="P5_SP00360" HPOS="1124" VPOS="2846" WIDTH="30"/>
						<String ID="P5_ST00397" HPOS="1154" VPOS="2786" WIDTH="269" HEIGHT="51" CONTENT="libertinage" WC="1.00" CC="20000110002"/>
						<SP ID="P5_SP00361" HPOS="1423" VPOS="2846" WIDTH="31"/>
						<String ID="P5_ST00398" HPOS="1454" VPOS="2799" WIDTH="37" HEIGHT="37" CONTENT="»," WC="0.78" CC="04"/>
						<SP ID="P5_SP00362" HPOS="1491" VPOS="2846" WIDTH="27"/>
						<String ID="P5_ST00399" HPOS="1518" VPOS="2793" WIDTH="41" HEIGHT="33" CONTENT="et" WC="0.78" CC="04"/>
						<SP ID="P5_SP00363" HPOS="1559" VPOS="2846" WIDTH="24"/>
						<String ID="P5_ST00400" HPOS="1583" VPOS="2799" WIDTH="105" HEIGHT="27" CONTENT="sans" WC="1.00" CC="0000"/>
						<SP ID="P5_SP00364" HPOS="1688" VPOS="2846" WIDTH="21"/>
						<String ID="P5_ST00401" HPOS="1709" VPOS="2787" WIDTH="120" HEIGHT="39" CONTENT="souci" WC="1.00" CC="00100"/>
						<SP ID="P5_SP00365" HPOS="1829" VPOS="2846" WIDTH="24"/>
						<String ID="P5_ST00402" HPOS="1853" VPOS="2785" WIDTH="78" HEIGHT="40" CONTENT="des" WC="1.00" CC="000"/>
						<SP ID="P5_SP00366" HPOS="1931" VPOS="2846" WIDTH="25"/>
						<String ID="P5_ST00403" HPOS="1956" VPOS="2784" WIDTH="185" HEIGHT="41" CONTENT="réclama" SUBS_TYPE="HypPart1" SUBS_CONTENT="réclamations" WC="1.00" CC="0000100"/>
						<HYP HPOS="2141" VPOS="2784" WIDTH="26" CONTENT="-"/>
					</TextLine>
					<TextLine ID="P5_TL00036" HPOS="154" VPOS="2853" WIDTH="2011" HEIGHT="62">
						<String ID="P5_ST00404" HPOS="154" VPOS="2865" WIDTH="118" HEIGHT="40" CONTENT="tions" SUBS_TYPE="HypPart2" SUBS_CONTENT="réclamations" WC="0.99" CC="01060"/>
						<SP ID="P5_SP00367" HPOS="272" VPOS="2905" WIDTH="33"/>
						<String ID="P5_ST00405" HPOS="305" VPOS="2863" WIDTH="78" HEIGHT="41" CONTENT="des" WC="0.99" CC="002"/>
						<SP ID="P5_SP00368" HPOS="383" VPOS="2905" WIDTH="40"/>
						<String ID="P5_ST00406" HPOS="423" VPOS="2870" WIDTH="276" HEIGHT="45" CONTENT="protecteurs" WC="1.00" CC="00020020500"/>
						<SP ID="P5_SP00369" HPOS="699" VPOS="2915" WIDTH="25"/>
						<String ID="P5_ST00407" HPOS="724" VPOS="2872" WIDTH="56" HEIGHT="28" CONTENT="ou" WC="1.00" CC="00"/>
						<SP ID="P5_SP00370" HPOS="780" VPOS="2915" WIDTH="24"/>
						<String ID="P5_ST00408" HPOS="804" VPOS="2859" WIDTH="78" HEIGHT="41" CONTENT="des" WC="1.00" CC="000"/>
						<SP ID="P5_SP00371" HPOS="882" VPOS="2915" WIDTH="44"/>
						<String ID="P5_ST00409" HPOS="926" VPOS="2863" WIDTH="153" HEIGHT="36" CONTENT="scènes" WC="0.99" CC="007600"/>
						<SP ID="P5_SP00372" HPOS="1079" VPOS="2915" WIDTH="40"/>
						<String ID="P5_ST00410" HPOS="1119" VPOS="2857" WIDTH="54" HEIGHT="40" CONTENT="de" WC="1.00" CC="00"/>
						<SP ID="P5_SP00373" HPOS="1173" VPOS="2915" WIDTH="42"/>
						<String ID="P5_ST00411" HPOS="1215" VPOS="2856" WIDTH="163" HEIGHT="41" CONTENT="larmes" WC="1.00" CC="300000"/>
						<SP ID="P5_SP00374" HPOS="1378" VPOS="2915" WIDTH="23"/>
						<String ID="P5_ST00412" HPOS="1401" VPOS="2855" WIDTH="78" HEIGHT="41" CONTENT="des" WC="1.00" CC="000"/>
						<SP ID="P5_SP00375" HPOS="1479" VPOS="2915" WIDTH="24"/>
						<String ID="P5_ST00413" HPOS="1503" VPOS="2863" WIDTH="197" HEIGHT="44" CONTENT="parents," WC="1.00" CC="02000312"/>
						<SP ID="P5_SP00376" HPOS="1700" VPOS="2915" WIDTH="38"/>
						<String ID="P5_ST00414" HPOS="1738" VPOS="2854" WIDTH="29" HEIGHT="41" CONTENT="il" WC="0.92" CC="01"/>
						<SP ID="P5_SP00377" HPOS="1767" VPOS="2915" WIDTH="25"/>
						<String ID="P5_ST00415" HPOS="1792" VPOS="2853" WIDTH="224" HEIGHT="42" CONTENT="n'hésitait" WC="0.99" CC="0006004033"/>
						<SP ID="P5_SP00378" HPOS="2016" VPOS="2915" WIDTH="23"/>
						<String ID="P5_ST00416" HPOS="2039" VPOS="2867" WIDTH="80" HEIGHT="39" CONTENT="pas" WC="1.00" CC="000"/>
						<SP ID="P5_SP00379" HPOS="2119" VPOS="2915" WIDTH="25"/>
						<String ID="P5_ST00417" HPOS="2144" VPOS="2858" WIDTH="21" HEIGHT="37" CONTENT="à" WC="0.78" CC="2"/>
					</TextLine>
					<TextLine ID="P5_TL00037" HPOS="156" VPOS="2929" WIDTH="717" HEIGHT="56">
						<String ID="P5_ST00418" HPOS="156" VPOS="2945" WIDTH="220" HEIGHT="40" CONTENT="renvoyer" WC="1.00" CC="06000000"/>
						<SP ID="P5_SP00380" HPOS="376" VPOS="2985" WIDTH="13"/>
						<String ID="P5_ST00419" HPOS="389" VPOS="2931" WIDTH="63" HEIGHT="42" CONTENT="les" WC="0.98" CC="400"/>
						<SP ID="P5_SP00381" HPOS="452" VPOS="2985" WIDTH="20"/>
						<String ID="P5_ST00420" HPOS="472" VPOS="2930" WIDTH="153" HEIGHT="42" CONTENT="brebis" WC="1.00" CC="500000"/>
						<SP ID="P5_SP00382" HPOS="625" VPOS="2985" WIDTH="20"/>
						<String ID="P5_ST00421" HPOS="645" VPOS="2929" WIDTH="228" HEIGHT="51" CONTENT="galeuses." WC="0.99" CC="061050004"/>
					</TextLine>
					<TextLine ID="P5_TL00038" HPOS="212" VPOS="2991" WIDTH="1957" HEIGHT="64">
						<String ID="P5_ST00422" HPOS="212" VPOS="3001" WIDTH="100" HEIGHT="54" CONTENT="Que" WC="1.00" CC="000"/>
						<SP ID="P5_SP00383" HPOS="312" VPOS="3055" WIDTH="24"/>
						<String ID="P5_ST00423" HPOS="336" VPOS="2999" WIDTH="87" HEIGHT="43" CONTENT="l'on" WC="0.97" CC="3406"/>
						<SP ID="P5_SP00384" HPOS="423" VPOS="3055" WIDTH="24"/>
						<String ID="P5_ST00424" HPOS="447" VPOS="3013" WIDTH="49" HEIGHT="28" CONTENT="se" WC="1.00" CC="00"/>
						<SP ID="P5_SP00385" HPOS="496" VPOS="3055" WIDTH="16"/>
						<String ID="P5_ST00425" HPOS="512" VPOS="2998" WIDTH="144" HEIGHT="52" CONTENT="figure" WC="0.99" CC="110400"/>
						<SP ID="P5_SP00386" HPOS="656" VPOS="3055" WIDTH="23"/>
						<String ID="P5_ST00426" HPOS="679" VPOS="3012" WIDTH="48" HEIGHT="27" CONTENT="ce" WC="1.00" CC="00"/>
						<SP ID="P5_SP00387" HPOS="727" VPOS="3055" WIDTH="24"/>
						<String ID="P5_ST00427" HPOS="751" VPOS="3011" WIDTH="86" HEIGHT="40" CONTENT="que" WC="1.00" CC="000"/>
						<SP ID="P5_SP00388" HPOS="837" VPOS="3055" WIDTH="23"/>
						<String ID="P5_ST00428" HPOS="860" VPOS="2997" WIDTH="152" HEIGHT="41" CONTENT="devint" WC="0.99" CC="000043"/>
						<SP ID="P5_SP00389" HPOS="1012" VPOS="3055" WIDTH="20"/>
						<String ID="P5_ST00429" HPOS="1032" VPOS="3003" WIDTH="111" HEIGHT="33" CONTENT="cette" WC="0.99" CC="01320"/>
						<SP ID="P5_SP00390" HPOS="1143" VPOS="3055" WIDTH="32"/>
						<String ID="P5_ST00430" HPOS="1175" VPOS="2994" WIDTH="122" HEIGHT="41" CONTENT="école" WC="1.00" CC="00000"/>
						<SP ID="P5_SP00391" HPOS="1297" VPOS="3055" WIDTH="23"/>
						<String ID="P5_ST00431" HPOS="1320" VPOS="2998" WIDTH="128" HEIGHT="48" CONTENT="après" WC="0.98" CC="60070"/>
						<SP ID="P5_SP00392" HPOS="1448" VPOS="3055" WIDTH="25"/>
						<String ID="P5_ST00432" HPOS="1473" VPOS="2991" WIDTH="236" HEIGHT="42" CONTENT="l'invasion" WC="1.00" CC="4000000000"/>
						<SP ID="P5_SP00393" HPOS="1709" VPOS="3055" WIDTH="33"/>
						<String ID="P5_ST00433" HPOS="1742" VPOS="2993" WIDTH="78" HEIGHT="40" CONTENT="des" WC="1.00" CC="000"/>
						<SP ID="P5_SP00394" HPOS="1820" VPOS="3055" WIDTH="24"/>
						<String ID="P5_ST00434" HPOS="1844" VPOS="2991" WIDTH="325" HEIGHT="42" CONTENT="basses-tailles" WC="1.00" CC="01000041045000"/>
					</TextLine>
					<TextLine ID="P5_TL00039" HPOS="157" VPOS="3061" WIDTH="2012" HEIGHT="54">
						<String ID="P5_ST00435" HPOS="157" VPOS="3072" WIDTH="59" HEIGHT="42" CONTENT="du" WC="0.90" CC="02"/>
						<SP ID="P5_SP00395" HPOS="216" VPOS="3114" WIDTH="23"/>
						<String ID="P5_ST00436" HPOS="239" VPOS="3069" WIDTH="123" HEIGHT="43" CONTENT="Nord" WC="1.00" CC="0000"/>
						<SP ID="P5_SP00396" HPOS="362" VPOS="3114" WIDTH="34"/>
						<String ID="P5_ST00437" HPOS="396" VPOS="3079" WIDTH="42" HEIGHT="32" CONTENT="et" WC="0.75" CC="05"/>
						<SP ID="P5_SP00397" HPOS="438" VPOS="3114" WIDTH="32"/>
						<String ID="P5_ST00438" HPOS="470" VPOS="3069" WIDTH="78" HEIGHT="41" CONTENT="des" WC="1.00" CC="000"/>
						<SP ID="P5_SP00398" HPOS="548" VPOS="3114" WIDTH="33"/>
						<String ID="P5_ST00439" HPOS="581" VPOS="3072" WIDTH="152" HEIGHT="38" CONTENT="ténors" WC="0.98" CC="056006"/>
						<SP ID="P5_SP00399" HPOS="733" VPOS="3114" WIDTH="36"/>
						<String ID="P5_ST00440" HPOS="769" VPOS="3067" WIDTH="59" HEIGHT="41" CONTENT="du" WC="0.82" CC="03"/>
						<SP ID="P5_SP00400" HPOS="828" VPOS="3114" WIDTH="42"/>
						<String ID="P5_ST00441" HPOS="870" VPOS="3065" WIDTH="112" HEIGHT="41" CONTENT="Midi" WC="0.99" CC="0300"/>
						<SP ID="P5_SP00401" HPOS="982" VPOS="3114" WIDTH="27"/>
						<String ID="P5_ST00442" HPOS="1009" VPOS="3065" WIDTH="7" HEIGHT="39" CONTENT="!" WC="0.52" CC="4"/>
						<SP ID="P5_SP00402" HPOS="1016" VPOS="3114" WIDTH="31"/>
						<String ID="P5_ST00443" HPOS="1047" VPOS="3064" WIDTH="186" HEIGHT="41" CONTENT="Choron" WC="1.00" CC="000013"/>
						<SP ID="P5_SP00403" HPOS="1233" VPOS="3114" WIDTH="36"/>
						<String ID="P5_ST00444" HPOS="1269" VPOS="3064" WIDTH="207" HEIGHT="51" CONTENT="envoyait" WC="1.00" CC="00030202"/>
						<SP ID="P5_SP00404" HPOS="1476" VPOS="3115" WIDTH="17"/>
						<String ID="P5_ST00445" HPOS="1493" VPOS="3062" WIDTH="102" HEIGHT="53" CONTENT="plus" WC="0.99" CC="0400"/>
						<SP ID="P5_SP00405" HPOS="1595" VPOS="3115" WIDTH="18"/>
						<String ID="P5_ST00446" HPOS="1613" VPOS="3062" WIDTH="53" HEIGHT="40" CONTENT="de" WC="1.00" CC="00"/>
						<SP ID="P5_SP00406" HPOS="1666" VPOS="3115" WIDTH="20"/>
						<String ID="P5_ST00447" HPOS="1686" VPOS="3061" WIDTH="235" HEIGHT="41" CONTENT="candidats" WC="1.00" CC="000010040"/>
						<SP ID="P5_SP00407" HPOS="1921" VPOS="3115" WIDTH="26"/>
						<String ID="P5_ST00448" HPOS="1947" VPOS="3075" WIDTH="86" HEIGHT="39" CONTENT="que" WC="0.97" CC="060"/>
						<SP ID="P5_SP00408" HPOS="2033" VPOS="3115" WIDTH="24"/>
						<String ID="P5_ST00449" HPOS="2057" VPOS="3074" WIDTH="53" HEIGHT="28" CONTENT="ne" WC="0.66" CC="60"/>
						<SP ID="P5_SP00409" HPOS="2110" VPOS="3115" WIDTH="21"/>
						<String ID="P5_ST00450" HPOS="2131" VPOS="3061" WIDTH="38" HEIGHT="41" CONTENT="le" WC="0.83" CC="30"/>
					</TextLine>
				</TextBlock>
				<TextBlock ID="P5_TB00006" HPOS="154" VPOS="3218" WIDTH="2018" HEIGHT="403" STYLEREFS="TXT_4 PAR_BLOCK">
					<TextLine ID="P5_TL00040" HPOS="200" VPOS="3219" WIDTH="1972" HEIGHT="55">
						<String ID="P5_ST00451" HPOS="200" VPOS="3231" WIDTH="49" HEIGHT="43" CONTENT="(1)" WC="0.76" CC="007"/>
						<SP ID="P5_SP00410" HPOS="249" VPOS="3274" WIDTH="20"/>
						<String ID="P5_ST00452" HPOS="269" VPOS="3232" WIDTH="27" HEIGHT="32" CONTENT="Il" WC="0.75" CC="04"/>
						<SP ID="P5_SP00411" HPOS="296" VPOS="3274" WIDTH="23"/>
						<String ID="P5_ST00453" HPOS="319" VPOS="3227" WIDTH="152" HEIGHT="37" CONTENT="écrivait" WC="0.99" CC="15300003"/>
						<SP ID="P5_SP00412" HPOS="471" VPOS="3274" WIDTH="19"/>
						<String ID="P5_ST00454" HPOS="490" VPOS="3230" WIDTH="32" HEIGHT="30" CONTENT="le" WC="0.73" CC="22"/>
						<SP ID="P5_SP00413" HPOS="522" VPOS="3274" WIDTH="19"/>
						<String ID="P5_ST00455" HPOS="541" VPOS="3236" WIDTH="40" HEIGHT="34" CONTENT="25" WC="0.81" CC="03"/>
						<SP ID="P5_SP00414" HPOS="581" VPOS="3274" WIDTH="45"/>
						<String ID="P5_ST00456" HPOS="626" VPOS="3226" WIDTH="151" HEIGHT="34" CONTENT="octobre" WC="0.98" CC="4502270"/>
						<SP ID="P5_SP00415" HPOS="777" VPOS="3274" WIDTH="41"/>
						<String ID="P5_ST00457" HPOS="818" VPOS="3225" WIDTH="85" HEIGHT="32" CONTENT="1821" WC="0.41" CC="6663"/>
						<SP ID="P5_SP00416" HPOS="903" VPOS="3274" WIDTH="31"/>
						<String ID="P5_ST00458" HPOS="934" VPOS="3234" WIDTH="7" HEIGHT="23" CONTENT=":" WC="0.44" CC="5"/>
						<SP ID="P5_SP00417" HPOS="941" VPOS="3274" WIDTH="42"/>
						<String ID="P5_ST00459" HPOS="983" VPOS="3234" WIDTH="16" HEIGHT="21" CONTENT="«" WC="0.45" CC="5"/>
						<SP ID="P5_SP00418" HPOS="999" VPOS="3274" WIDTH="34"/>
						<String ID="P5_ST00460" HPOS="1033" VPOS="3223" WIDTH="41" HEIGHT="41" CONTENT="Je" WC="0.83" CC="30"/>
						<SP ID="P5_SP00419" HPOS="1074" VPOS="3274" WIDTH="33"/>
						<String ID="P5_ST00461" HPOS="1107" VPOS="3232" WIDTH="54" HEIGHT="23" CONTENT="me" WC="0.95" CC="00"/>
						<SP ID="P5_SP00420" HPOS="1161" VPOS="3274" WIDTH="38"/>
						<String ID="P5_ST00462" HPOS="1199" VPOS="3221" WIDTH="75" HEIGHT="34" CONTENT="suis" WC="0.99" CC="0400"/>
						<SP ID="P5_SP00421" HPOS="1274" VPOS="3274" WIDTH="33"/>
						<String ID="P5_ST00463" HPOS="1307" VPOS="3221" WIDTH="138" HEIGHT="41" CONTENT="occupé" WC="0.99" CC="400200"/>
						<SP ID="P5_SP00422" HPOS="1445" VPOS="3274" WIDTH="25"/>
						<String ID="P5_ST00464" HPOS="1470" VPOS="3220" WIDTH="43" HEIGHT="34" CONTENT="de" WC="0.79" CC="40"/>
						<SP ID="P5_SP00423" HPOS="1513" VPOS="3274" WIDTH="35"/>
						<String ID="P5_ST00465" HPOS="1548" VPOS="3220" WIDTH="270" HEIGHT="42" CONTENT="perfectionner" WC="0.99" CC="0005044046106"/>
						<SP ID="P5_SP00424" HPOS="1818" VPOS="3274" WIDTH="21"/>
						<String ID="P5_ST00466" HPOS="1839" VPOS="3228" WIDTH="74" HEIGHT="24" CONTENT="mes" WC="1.00" CC="000"/>
						<SP ID="P5_SP00425" HPOS="1913" VPOS="3274" WIDTH="20"/>
						<String ID="P5_ST00467" HPOS="1933" VPOS="3219" WIDTH="174" HEIGHT="41" CONTENT="procédés" WC="1.00" CC="04100200"/>
						<SP ID="P5_SP00426" HPOS="2107" VPOS="3274" WIDTH="21"/>
						<String ID="P5_ST00468" HPOS="2128" VPOS="3220" WIDTH="44" HEIGHT="32" CONTENT="de" WC="0.85" CC="20"/>
					</TextLine>
					<TextLine ID="P5_TL00041" HPOS="155" VPOS="3269" WIDTH="2017" HEIGHT="50">
						<String ID="P5_ST00469" HPOS="155" VPOS="3284" WIDTH="210" HEIGHT="35" CONTENT="recherche," WC="0.99" CC="8020081224"/>
						<SP ID="P5_SP00427" HPOS="365" VPOS="3319" WIDTH="18"/>
						<String ID="P5_ST00470" HPOS="383" VPOS="3286" WIDTH="34" HEIGHT="27" CONTENT="et" WC="1.00" CC="00"/>
						<SP ID="P5_SP00428" HPOS="417" VPOS="3319" WIDTH="24"/>
						<String ID="P5_ST00471" HPOS="441" VPOS="3279" WIDTH="33" HEIGHT="40" CONTENT="je" WC="0.69" CC="60"/>
						<SP ID="P5_SP00429" HPOS="474" VPOS="3319" WIDTH="21"/>
						<String ID="P5_ST00472" HPOS="495" VPOS="3278" WIDTH="97" HEIGHT="33" CONTENT="crois" WC="0.99" CC="40200"/>
						<SP ID="P5_SP00430" HPOS="592" VPOS="3319" WIDTH="22"/>
						<String ID="P5_ST00473" HPOS="614" VPOS="3280" WIDTH="75" HEIGHT="31" CONTENT="être" WC="0.98" CC="7400"/>
						<SP ID="P5_SP00431" HPOS="689" VPOS="3319" WIDTH="22"/>
						<String ID="P5_ST00474" HPOS="711" VPOS="3285" WIDTH="161" HEIGHT="33" CONTENT="parvenu" WC="1.00" CC="0010003"/>
						<SP ID="P5_SP00432" HPOS="872" VPOS="3319" WIDTH="21"/>
						<String ID="P5_ST00475" HPOS="893" VPOS="3278" WIDTH="19" HEIGHT="31" CONTENT="à" WC="1.00" CC="0"/>
						<SP ID="P5_SP00433" HPOS="912" VPOS="3319" WIDTH="19"/>
						<String ID="P5_ST00476" HPOS="931" VPOS="3286" WIDTH="47" HEIGHT="21" CONTENT="un" WC="0.80" CC="04"/>
						<SP ID="P5_SP00434" HPOS="978" VPOS="3319" WIDTH="36"/>
						<String ID="P5_ST00477" HPOS="1014" VPOS="3276" WIDTH="47" HEIGHT="31" CONTENT="tel" WC="0.98" CC="005"/>
						<SP ID="P5_SP00435" HPOS="1061" VPOS="3319" WIDTH="32"/>
						<String ID="P5_ST00478" HPOS="1093" VPOS="3273" WIDTH="113" HEIGHT="43" CONTENT="degré" WC="0.98" CC="04700"/>
						<SP ID="P5_SP00436" HPOS="1206" VPOS="3319" WIDTH="25"/>
						<String ID="P5_ST00479" HPOS="1231" VPOS="3271" WIDTH="290" HEIGHT="34" CONTENT="d'amélioration" WC="1.00" CC="02400415201050"/>
						<SP ID="P5_SP00437" HPOS="1521" VPOS="3319" WIDTH="21"/>
						<String ID="P5_ST00480" HPOS="1542" VPOS="3281" WIDTH="42" HEIGHT="22" CONTENT="en" WC="0.89" CC="02"/>
						<SP ID="P5_SP00438" HPOS="1584" VPOS="3319" WIDTH="24"/>
						<String ID="P5_ST00481" HPOS="1608" VPOS="3278" WIDTH="94" HEIGHT="25" CONTENT="cette" WC="0.99" CC="40120"/>
						<SP ID="P5_SP00439" HPOS="1702" VPOS="3319" WIDTH="39"/>
						<String ID="P5_ST00482" HPOS="1741" VPOS="3269" WIDTH="129" HEIGHT="42" CONTENT="partie," WC="1.00" CC="0400000"/>
						<SP ID="P5_SP00440" HPOS="1870" VPOS="3319" WIDTH="27"/>
						<String ID="P5_ST00483" HPOS="1897" VPOS="3279" WIDTH="71" HEIGHT="32" CONTENT="que" WC="0.98" CC="050"/>
						<SP ID="P5_SP00441" HPOS="1968" VPOS="3319" WIDTH="22"/>
						<String ID="P5_ST00484" HPOS="1990" VPOS="3269" WIDTH="53" HEIGHT="33" CONTENT="s'il" WC="0.99" CC="0005"/>
						<SP ID="P5_SP00442" HPOS="2043" VPOS="3319" WIDTH="19"/>
						<String ID="P5_ST00485" HPOS="2062" VPOS="3269" WIDTH="110" HEIGHT="33" CONTENT="existe" WC="0.99" CC="102080"/>
					</TextLine>
					<TextLine ID="P5_TL00042" HPOS="155" VPOS="3320" WIDTH="2017" HEIGHT="55">
						<String ID="P5_ST00486" HPOS="155" VPOS="3335" WIDTH="162" HEIGHT="40" CONTENT="quelque" WC="0.99" CC="1004014"/>
						<SP ID="P5_SP00443" HPOS="317" VPOS="3375" WIDTH="17"/>
						<String ID="P5_ST00487" HPOS="334" VPOS="3337" WIDTH="79" HEIGHT="36" CONTENT="part" WC="1.00" CC="0001"/>
						<SP ID="P5_SP00444" HPOS="413" VPOS="3375" WIDTH="24"/>
						<String ID="P5_ST00488" HPOS="437" VPOS="3340" WIDTH="47" HEIGHT="21" CONTENT="un" WC="0.92" CC="01"/>
						<SP ID="P5_SP00445" HPOS="484" VPOS="3375" WIDTH="23"/>
						<String ID="P5_ST00489" HPOS="507" VPOS="3331" WIDTH="126" HEIGHT="35" CONTENT="talent," WC="0.99" CC="5360300"/>
						<SP ID="P5_SP00446" HPOS="633" VPOS="3375" WIDTH="18"/>
						<String ID="P5_ST00490" HPOS="651" VPOS="3327" WIDTH="24" HEIGHT="32" CONTENT="il" WC="0.66" CC="06"/>
						<SP ID="P5_SP00447" HPOS="675" VPOS="3375" WIDTH="24"/>
						<String ID="P5_ST00491" HPOS="699" VPOS="3337" WIDTH="54" HEIGHT="23" CONTENT="est" WC="0.97" CC="006"/>
						<SP ID="P5_SP00448" HPOS="753" VPOS="3375" WIDTH="39"/>
						<String ID="P5_ST00492" HPOS="792" VPOS="3325" WIDTH="215" HEIGHT="42" CONTENT="impossible" WC="1.00" CC="0002006500"/>
						<SP ID="P5_SP00449" HPOS="1007" VPOS="3375" WIDTH="40"/>
						<String ID="P5_ST00493" HPOS="1047" VPOS="3322" WIDTH="89" HEIGHT="44" CONTENT="qu'il" WC="0.98" CC="02427"/>
						<SP ID="P5_SP00450" HPOS="1136" VPOS="3375" WIDTH="42"/>
						<String ID="P5_ST00494" HPOS="1178" VPOS="3321" WIDTH="230" HEIGHT="42" CONTENT="m'échappe." WC="1.00" CC="0300030003"/>
						<SP ID="P5_SP00451" HPOS="1408" VPOS="3375" WIDTH="41"/>
						<String ID="P5_ST00495" HPOS="1449" VPOS="3332" WIDTH="16" HEIGHT="21" CONTENT="»" WC="0.75" CC="2"/>
						<SP ID="P5_SP00452" HPOS="1465" VPOS="3375" WIDTH="24"/>
						<String ID="P5_ST00496" HPOS="1489" VPOS="3321" WIDTH="25" HEIGHT="32" CONTENT="Il" WC="0.56" CC="26"/>
						<SP ID="P5_SP00453" HPOS="1514" VPOS="3375" WIDTH="27"/>
						<String ID="P5_ST00497" HPOS="1541" VPOS="3320" WIDTH="210" HEIGHT="34" CONTENT="demandait" WC="1.00" CC="000000432"/>
						<SP ID="P5_SP00454" HPOS="1751" VPOS="3375" WIDTH="42"/>
						<String ID="P5_ST00498" HPOS="1793" VPOS="3330" WIDTH="42" HEIGHT="23" CONTENT="en" WC="0.87" CC="02"/>
						<SP ID="P5_SP00455" HPOS="1835" VPOS="3375" WIDTH="22"/>
						<String ID="P5_ST00499" HPOS="1857" VPOS="3323" WIDTH="114" HEIGHT="30" CONTENT="même" WC="0.99" CC="0600"/>
						<SP ID="P5_SP00456" HPOS="1971" VPOS="3375" WIDTH="18"/>
						<String ID="P5_ST00500" HPOS="1989" VPOS="3327" WIDTH="115" HEIGHT="33" CONTENT="temps" WC="1.00" CC="10000"/>
						<SP ID="P5_SP00457" HPOS="2104" VPOS="3375" WIDTH="25"/>
						<String ID="P5_ST00501" HPOS="2129" VPOS="3330" WIDTH="43" HEIGHT="23" CONTENT="au" WC="0.57" CC="08"/>
					</TextLine>
					<TextLine ID="P5_TL00043" HPOS="157" VPOS="3370" WIDTH="2014" HEIGHT="49">
						<String ID="P5_ST00502" HPOS="157" VPOS="3382" WIDTH="167" HEIGHT="34" CONTENT="ministre" WC="0.99" CC="02420600"/>
						<SP ID="P5_SP00458" HPOS="324" VPOS="3416" WIDTH="22"/>
						<String ID="P5_ST00503" HPOS="346" VPOS="3381" WIDTH="44" HEIGHT="34" CONTENT="de" WC="0.91" CC="01"/>
						<SP ID="P5_SP00459" HPOS="390" VPOS="3416" WIDTH="35"/>
						<String ID="P5_ST00504" HPOS="425" VPOS="3378" WIDTH="205" HEIGHT="34" CONTENT="l'intérieur" WC="1.00" CC="44300000100"/>
						<SP ID="P5_SP00460" HPOS="630" VPOS="3416" WIDTH="18"/>
						<String ID="P5_ST00505" HPOS="648" VPOS="3380" WIDTH="33" HEIGHT="30" CONTENT="la" WC="0.74" CC="50"/>
						<SP ID="P5_SP00461" HPOS="681" VPOS="3416" WIDTH="24"/>
						<String ID="P5_ST00506" HPOS="705" VPOS="3376" WIDTH="219" HEIGHT="43" CONTENT="permission" WC="1.00" CC="0200000331"/>
						<SP ID="P5_SP00462" HPOS="924" VPOS="3419" WIDTH="23"/>
						<String ID="P5_ST00507" HPOS="947" VPOS="3375" WIDTH="45" HEIGHT="33" CONTENT="de" WC="0.81" CC="03"/>
						<SP ID="P5_SP00463" HPOS="992" VPOS="3419" WIDTH="40"/>
						<String ID="P5_ST00508" HPOS="1032" VPOS="3373" WIDTH="137" HEIGHT="40" CONTENT="visiter," WC="1.00" CC="10004000"/>
						<SP ID="P5_SP00464" HPOS="1169" VPOS="3419" WIDTH="34"/>
						<String ID="P5_ST00509" HPOS="1203" VPOS="3383" WIDTH="94" HEIGHT="31" CONTENT="pour" WC="0.99" CC="0050"/>
						<SP ID="P5_SP00465" HPOS="1297" VPOS="3419" WIDTH="21"/>
						<String ID="P5_ST00510" HPOS="1318" VPOS="3382" WIDTH="55" HEIGHT="24" CONTENT="ses" WC="0.99" CC="030"/>
						<SP ID="P5_SP00466" HPOS="1373" VPOS="3419" WIDTH="23"/>
						<String ID="P5_ST00511" HPOS="1396" VPOS="3371" WIDTH="227" HEIGHT="39" CONTENT="recherches," WC="1.00" CC="01700200004"/>
						<SP ID="P5_SP00467" HPOS="1623" VPOS="3419" WIDTH="23"/>
						<String ID="P5_ST00512" HPOS="1646" VPOS="3373" WIDTH="50" HEIGHT="31" CONTENT="les" WC="0.97" CC="440"/>
						<SP ID="P5_SP00468" HPOS="1696" VPOS="3419" WIDTH="19"/>
						<String ID="P5_ST00513" HPOS="1715" VPOS="3370" WIDTH="183" HEIGHT="42" CONTENT="hospices," WC="1.00" CC="000020000"/>
						<SP ID="P5_SP00469" HPOS="1898" VPOS="3419" WIDTH="21"/>
						<String ID="P5_ST00514" HPOS="1919" VPOS="3373" WIDTH="50" HEIGHT="30" CONTENT="les" WC="0.98" CC="500"/>
						<SP ID="P5_SP00470" HPOS="1969" VPOS="3419" WIDTH="23"/>
						<String ID="P5_ST00515" HPOS="1992" VPOS="3372" WIDTH="117" HEIGHT="31" CONTENT="écoles" WC="0.99" CC="030510"/>
						<SP ID="P5_SP00471" HPOS="2109" VPOS="3419" WIDTH="20"/>
						<String ID="P5_ST00516" HPOS="2129" VPOS="3370" WIDTH="42" HEIGHT="33" CONTENT="de" WC="1.00" CC="00"/>
					</TextLine>
					<TextLine ID="P5_TL00044" HPOS="155" VPOS="3429" WIDTH="762" HEIGHT="44">
						<String ID="P5_ST00517" HPOS="155" VPOS="3433" WIDTH="153" HEIGHT="38" CONTENT="charité," WC="0.99" CC="00080600"/>
						<SP ID="P5_SP00472" HPOS="308" VPOS="3471" WIDTH="21"/>
						<String ID="P5_ST00518" HPOS="329" VPOS="3430" WIDTH="317" HEIGHT="43" CONTENT="d'enseignement" WC="1.00" CC="03300106400052"/>
						<SP ID="P5_SP00473" HPOS="646" VPOS="3473" WIDTH="25"/>
						<String ID="P5_ST00519" HPOS="671" VPOS="3429" WIDTH="153" HEIGHT="38" CONTENT="mutuel," WC="0.99" CC="0007254"/>
						<SP ID="P5_SP00474" HPOS="824" VPOS="3473" WIDTH="25"/>
						<String ID="P5_ST00520" HPOS="849" VPOS="3434" WIDTH="68" HEIGHT="26" CONTENT="etc." WC="0.98" CC="0403"/>
					</TextLine>
					<TextLine ID="P5_TL00045" HPOS="200" VPOS="3470" WIDTH="1970" HEIGHT="57">
						<String ID="P5_ST00521" HPOS="200" VPOS="3483" WIDTH="51" HEIGHT="42" CONTENT="(2)" WC="0.58" CC="650"/>
						<SP ID="P5_SP00475" HPOS="251" VPOS="3525" WIDTH="24"/>
						<String ID="P5_ST00522" HPOS="275" VPOS="3483" WIDTH="49" HEIGHT="33" CONTENT="Le" WC="0.97" CC="00"/>
						<SP ID="P5_SP00476" HPOS="324" VPOS="3525" WIDTH="24"/>
						<String ID="P5_ST00523" HPOS="348" VPOS="3493" WIDTH="16" HEIGHT="34" CONTENT="3" WC="1.00" CC="9"/>
						<SP ID="P5_SP00477" HPOS="364" VPOS="3527" WIDTH="26"/>
						<String ID="P5_ST00524" HPOS="390" VPOS="3491" WIDTH="94" HEIGHT="23" CONTENT="mars" WC="0.99" CC="0050"/>
						<SP ID="P5_SP00478" HPOS="484" VPOS="3527" WIDTH="32"/>
						<String ID="P5_ST00525" HPOS="516" VPOS="3479" WIDTH="103" HEIGHT="40" CONTENT="1822," WC="0.84" CC="04030"/>
						<SP ID="P5_SP00479" HPOS="619" VPOS="3527" WIDTH="21"/>
						<String ID="P5_ST00526" HPOS="640" VPOS="3481" WIDTH="33" HEIGHT="30" CONTENT="le" WC="0.97" CC="00"/>
						<SP ID="P5_SP00480" HPOS="673" VPOS="3527" WIDTH="23"/>
						<String ID="P5_ST00527" HPOS="696" VPOS="3477" WIDTH="111" HEIGHT="33" CONTENT="maire" WC="1.00" CC="00001"/>
						<SP ID="P5_SP00481" HPOS="807" VPOS="3527" WIDTH="23"/>
						<String ID="P5_ST00528" HPOS="830" VPOS="3477" WIDTH="43" HEIGHT="32" CONTENT="de" WC="1.00" CC="00"/>
						<SP ID="P5_SP00482" HPOS="873" VPOS="3527" WIDTH="33"/>
						<String ID="P5_ST00529" HPOS="906" VPOS="3473" WIDTH="397" HEIGHT="43" CONTENT="Fontenay-le-Comte" WC="0.78" CC="01350402400403051"/>
						<SP ID="P5_SP00483" HPOS="1303" VPOS="3527" WIDTH="34"/>
						<String ID="P5_ST00530" HPOS="1337" VPOS="3473" WIDTH="151" HEIGHT="34" CONTENT="institue" WC="0.99" CC="02050050"/>
						<SP ID="P5_SP00484" HPOS="1488" VPOS="3527" WIDTH="34"/>
						<String ID="P5_ST00531" HPOS="1522" VPOS="3481" WIDTH="69" HEIGHT="24" CONTENT="une" WC="0.97" CC="070"/>
						<SP ID="P5_SP00485" HPOS="1591" VPOS="3527" WIDTH="24"/>
						<String ID="P5_ST00532" HPOS="1615" VPOS="3473" WIDTH="99" HEIGHT="32" CONTENT="école" WC="0.98" CC="00623"/>
						<SP ID="P5_SP00486" HPOS="1714" VPOS="3527" WIDTH="21"/>
						<String ID="P5_ST00533" HPOS="1735" VPOS="3471" WIDTH="160" HEIGHT="43" CONTENT="gratuite" WC="1.00" CC="00003000"/>
						<SP ID="P5_SP00487" HPOS="1895" VPOS="3527" WIDTH="23"/>
						<String ID="P5_ST00534" HPOS="1918" VPOS="3471" WIDTH="43" HEIGHT="32" CONTENT="de" WC="1.00" CC="00"/>
						<SP ID="P5_SP00488" HPOS="1961" VPOS="3527" WIDTH="37"/>
						<String ID="P5_ST00535" HPOS="1998" VPOS="3470" WIDTH="138" HEIGHT="43" CONTENT="solfège" WC="1.00" CC="0002200"/>
						<SP ID="P5_SP00489" HPOS="2136" VPOS="3527" WIDTH="27"/>
						<String ID="P5_ST00536" HPOS="2163" VPOS="3483" WIDTH="7" HEIGHT="21" CONTENT=":" WC="1.00" CC="0"/>
					</TextLine>
					<TextLine ID="P5_TL00046" HPOS="158" VPOS="3521" WIDTH="2012" HEIGHT="52">
						<String ID="P5_ST00537" HPOS="158" VPOS="3546" WIDTH="47" HEIGHT="21" CONTENT="un" WC="0.76" CC="04"/>
						<SP ID="P5_SP00490" HPOS="205" VPOS="3567" WIDTH="25"/>
						<String ID="P5_ST00538" HPOS="230" VPOS="3533" WIDTH="87" HEIGHT="35" CONTENT="tiers" WC="0.99" CC="60010"/>
						<SP ID="P5_SP00491" HPOS="317" VPOS="3568" WIDTH="16"/>
						<String ID="P5_ST00539" HPOS="333" VPOS="3539" WIDTH="54" HEIGHT="27" CONTENT="est" WC="1.00" CC="000"/>
						<SP ID="P5_SP00492" HPOS="387" VPOS="3568" WIDTH="25"/>
						<String ID="P5_ST00540" HPOS="412" VPOS="3531" WIDTH="94" HEIGHT="42" CONTENT="payé" WC="0.97" CC="9020"/>
						<SP ID="P5_SP00493" HPOS="506" VPOS="3573" WIDTH="23"/>
						<String ID="P5_ST00541" HPOS="529" VPOS="3532" WIDTH="110" HEIGHT="39" CONTENT="parle" WC="0.99" CC="00021"/>
						<SP ID="P5_SP00494" HPOS="639" VPOS="3573" WIDTH="22"/>
						<String ID="P5_ST00542" HPOS="661" VPOS="3528" WIDTH="166" HEIGHT="33" CONTENT="ministre" WC="1.00" CC="00000600"/>
						<SP ID="P5_SP00495" HPOS="827" VPOS="3573" WIDTH="26"/>
						<String ID="P5_ST00543" HPOS="853" VPOS="3527" WIDTH="44" HEIGHT="33" CONTENT="de" WC="0.94" CC="01"/>
						<SP ID="P5_SP00496" HPOS="897" VPOS="3573" WIDTH="41"/>
						<String ID="P5_ST00544" HPOS="938" VPOS="3525" WIDTH="217" HEIGHT="38" CONTENT="l'intérieur," WC="0.99" CC="045040110360"/>
						<SP ID="P5_SP00497" HPOS="1155" VPOS="3573" WIDTH="42"/>
						<String ID="P5_ST00545" HPOS="1197" VPOS="3535" WIDTH="45" HEIGHT="22" CONTENT="un" WC="0.64" CC="24"/>
						<SP ID="P5_SP00498" HPOS="1242" VPOS="3573" WIDTH="22"/>
						<String ID="P5_ST00546" HPOS="1264" VPOS="3523" WIDTH="85" HEIGHT="34" CONTENT="tiers" WC="0.99" CC="30300"/>
						<SP ID="P5_SP00499" HPOS="1349" VPOS="3573" WIDTH="24"/>
						<String ID="P5_ST00547" HPOS="1373" VPOS="3534" WIDTH="64" HEIGHT="31" CONTENT="par" WC="0.96" CC="046"/>
						<SP ID="P5_SP00500" HPOS="1437" VPOS="3573" WIDTH="18"/>
						<String ID="P5_ST00548" HPOS="1455" VPOS="3526" WIDTH="33" HEIGHT="30" CONTENT="la" WC="0.75" CC="50"/>
						<SP ID="P5_SP00501" HPOS="1488" VPOS="3573" WIDTH="22"/>
						<String ID="P5_ST00549" HPOS="1510" VPOS="3523" WIDTH="98" HEIGHT="38" CONTENT="ville," WC="0.99" CC="000422"/>
						<SP ID="P5_SP00502" HPOS="1608" VPOS="3573" WIDTH="23"/>
						<String ID="P5_ST00550" HPOS="1631" VPOS="3533" WIDTH="48" HEIGHT="21" CONTENT="un" WC="0.81" CC="30"/>
						<SP ID="P5_SP00503" HPOS="1679" VPOS="3573" WIDTH="24"/>
						<String ID="P5_ST00551" HPOS="1703" VPOS="3521" WIDTH="85" HEIGHT="34" CONTENT="tiers" WC="1.00" CC="00020"/>
						<SP ID="P5_SP00504" HPOS="1788" VPOS="3573" WIDTH="23"/>
						<String ID="P5_ST00552" HPOS="1811" VPOS="3532" WIDTH="65" HEIGHT="31" CONTENT="par" WC="0.99" CC="002"/>
						<SP ID="P5_SP00505" HPOS="1876" VPOS="3573" WIDTH="22"/>
						<String ID="P5_ST00553" HPOS="1898" VPOS="3524" WIDTH="32" HEIGHT="30" CONTENT="la" WC="0.77" CC="40"/>
						<SP ID="P5_SP00506" HPOS="1930" VPOS="3573" WIDTH="27"/>
						<String ID="P5_ST00554" HPOS="1957" VPOS="3521" WIDTH="141" HEIGHT="33" CONTENT="Maison" WC="0.99" CC="040005"/>
						<SP ID="P5_SP00507" HPOS="2098" VPOS="3573" WIDTH="25"/>
						<String ID="P5_ST00555" HPOS="2123" VPOS="3521" WIDTH="47" HEIGHT="32" CONTENT="du" WC="0.80" CC="04"/>
					</TextLine>
					<TextLine ID="P5_TL00047" HPOS="157" VPOS="3577" WIDTH="982" HEIGHT="44">
						<String ID="P5_ST00556" HPOS="157" VPOS="3584" WIDTH="67" HEIGHT="35" CONTENT="roi." WC="0.97" CC="0236"/>
						<SP ID="P5_SP00508" HPOS="224" VPOS="3619" WIDTH="27"/>
						<String ID="P5_ST00557" HPOS="251" VPOS="3584" WIDTH="57" HEIGHT="33" CONTENT="On" WC="1.00" CC="00"/>
						<SP ID="P5_SP00509" HPOS="308" VPOS="3619" WIDTH="26"/>
						<String ID="P5_ST00558" HPOS="334" VPOS="3583" WIDTH="122" HEIGHT="33" CONTENT="donne" WC="0.99" CC="00305"/>
						<SP ID="P5_SP00510" HPOS="456" VPOS="3619" WIDTH="23"/>
						<String ID="P5_ST00559" HPOS="479" VPOS="3592" WIDTH="43" HEIGHT="23" CONTENT="au" WC="0.97" CC="00"/>
						<SP ID="P5_SP00511" HPOS="522" VPOS="3619" WIDTH="24"/>
						<String ID="P5_ST00560" HPOS="546" VPOS="3579" WIDTH="211" HEIGHT="42" CONTENT="professeur" WC="1.00" CC="0030200300"/>
						<SP ID="P5_SP00512" HPOS="757" VPOS="3621" WIDTH="15"/>
						<String ID="P5_ST00561" HPOS="772" VPOS="3587" WIDTH="70" HEIGHT="34" CONTENT="450" WC="0.25" CC="752"/>
						<SP ID="P5_SP00513" HPOS="842" VPOS="3621" WIDTH="20"/>
						<String ID="P5_ST00562" HPOS="862" VPOS="3577" WIDTH="119" HEIGHT="33" CONTENT="francs" WC="1.00" CC="000300"/>
						<SP ID="P5_SP00514" HPOS="981" VPOS="3621" WIDTH="20"/>
						<String ID="P5_ST00563" HPOS="1001" VPOS="3586" WIDTH="64" HEIGHT="32" CONTENT="par" WC="1.00" CC="000"/>
						<SP ID="P5_SP00515" HPOS="1065" VPOS="3621" WIDTH="17"/>
						<String ID="P5_ST00564" HPOS="1082" VPOS="3586" WIDTH="57" HEIGHT="22" CONTENT="an." WC="0.97" CC="024"/>
					</TextLine>
				</TextBlock>
			</PrintSpace>
		</Page>
	</Layout>
</alto>
