2303 3802
544 210 24 25 L
588 209 228 31 ORATORIO
852 213 52 27 ET
937 215 77 28 LES
1049 216 210 30 ORIGINES
1292 221 56 26 DE
1381 212 183 37 LOPÉRA
1600 223 170 27 ITALIEN

2080 211 82 54 627

204 296 36 41 C
259 306 66 32 est
349 302 21 37 à
394 311 168 41 propos
584 299 60 42 du
668 301 155 42 drame
844 307 188 41 musical
1052 322 86 40 que
1155 309 64 42 les
1240 311 121 42 idées
1393 313 54 40 de
1469 313 63 41 M.
1558 313 218 43 Alaleona
1809 317 251 51 paraissent
2081 315 61 41 s'é-

149 375 142 32 carter
313 367 39 41 le
384 367 101 53 plus
522 369 309 43 notablement
871 373 54 41 de
962 375 10 40 1
994 379 183 50 opinion
1220 395 250 28 commune.
1507 381 215 56 Jusqu'ici
1740 398 57 28 on
1816 384 239 54 professait
2075 398 86 40 que

148 436 11 41 1
179 436 199 41 éclosion
412 437 54 40 de
487 446 111 32 cette
622 438 142 42 forme
800 443 210 42 nouvelle
1029 447 202 42 résultait
1248 449 53 41 de
1323 449 158 43 l'effort
1505 454 236 51 personnel
1762 463 41 31 et
1825 454 250 42 volontaire
2106 454 54 41 de

148 506 219 52 quelques
391 507 179 41 artistes
607 517 42 31 et
682 508 282 45 humanistes
998 514 248 52 florentins,
1269 519 146 53 jaloux
1441 520 54 42 de
1511 520 110 42 faire
1642 524 168 39 revivre
1826 537 54 26 en
1914 523 95 41 leur
2032 523 130 42 siècle

148 575 63 41 les
232 575 267 53 splendeurs
520 576 110 41 delà
652 579 201 50 tragédie
876 595 208 41 grecque.
1128 584 55 42 Et
1225 600 71 28 ces
1317 598 255 40 novateurs,
1598 591 234 51 disait-on,
1866 594 175 40 avaient
2065 602 96 32 tout

148 647 196 49 inventé,
370 645 160 54 depuis
554 645 11 40 1
586 656 68 31 art
681 647 77 42 des
779 649 173 52 décors,
977 652 54 40 de
1054 653 40 41 la
1119 656 112 41 mise
1251 670 55 27 en
1331 663 128 36 scène
1479 672 55 27 ou
1560 660 52 41 de
1630 660 39 40 la
1696 662 231 52 mimique,
1952 661 204 54 jusqu'au

149 715 113 53 style
288 715 277 54 monodique
594 717 193 41 récitatif
807 720 76 51 qui
908 729 66 32 est
998 722 112 42 celui
1144 724 53 40 de
1217 724 40 41 la
1282 727 198 50 tragédie
1499 727 188 54 lyrique.
1712 718 227 53 Écoutons
1959 744 47 27 ce
2029 732 131 51 qu'en

153 797 141 40 pense
318 783 69 41 M.
415 783 235 43 Alaleona.

208 866 20 25 «
262 852 63 42 Le
348 853 154 41 drame
522 854 191 53 lyrique,
742 857 175 48 écrit-il,
943 861 121 38 aussi
1089 859 102 43 bien
1216 876 53 28 au
1294 865 125 51 point
1440 864 54 41 de
1522 878 83 28 vue
1627 868 209 50 scénique
1874 876 41 32 et
1952 869 210 51 poétique

149 936 86 40 que
259 922 206 49 musical,
489 937 54 27 ne
567 922 65 42 fut
668 938 81 39 pas
771 938 55 28 en
851 924 125 43 Italie
1017 942 86 27 une
1136 938 266 43 nouveauté,
1447 934 341 42 soudainement
1817 937 242 39 intronisée
2082 951 80 37 par

151 991 221 54 quelques
391 991 207 42 hommes
622 992 54 41 de
699 995 148 49 génie,
870 997 114 40 mais
1004 998 163 41 résulte
1185 1013 55 27 au
1263 1003 219 40 contraire
1505 1000 131 44 d'une
1656 1004 224 41 évolution
1899 1009 261 48 spontanée,

152 1061 118 41 lente
306 1071 42 32 et
383 1061 234 51 graduelle
649 1062 55 41 de
727 1063 40 40 la
792 1066 152 50 poésie
968 1065 300 55 dramatique,
1305 1070 59 41 du
1388 1070 170 42 théâtre
1590 1080 41 32 et
1668 1072 53 41 de
1761 1072 40 41 la
1839 1075 207 51 musique
2084 1075 58 39 ita-

150 1131 149 41 lienne
316 1131 54 41 de
388 1133 243 39 sentiment
650 1132 251 53 populaire.
929 1134 68 41 Au
1019 1137 125 51 point
1168 1137 53 41 de
1239 1152 85 28 vue
1339 1142 224 51 poétique,
1589 1141 39 40 le
1649 1141 272 42 mélodrame
1944 1145 218 38 constitue

156 1214 87 28 une
266 1202 115 40 série
404 1202 359 52 ininterrompue
788 1216 103 28 avec
916 1204 65 40 les
1002 1206 266 51 pastorales,
1294 1208 63 41 les
1380 1210 267 41 intermèdes
1677 1219 40 32 et
1741 1211 61 40 les
1826 1220 148 32 autres
1997 1211 164 41 formes

149 1270 310 54 dramatiques
493 1270 58 42 du
571 1285 71 27 xvi
647 1275 15 18 e
685 1271 148 42 siècle.
853 1270 70 43 Au
946 1275 125 50 point
1094 1275 54 40 de
1169 1289 85 28 vue
1277 1276 204 51 théâtral,
1506 1279 30 40 il
1561 1292 22 27 a
1604 1292 70 28 ses
1698 1280 258 52 précédents
1976 1280 185 52 proches

152 1353 57 28 ou
246 1339 203 52 éloignés
482 1340 113 41 dans
618 1341 64 40 les
702 1340 131 41 Sacre
855 1341 415 56 Rappresentazioni
1275 1379 9 18 ,
1310 1346 62 40 les
1395 1348 285 47 intermèdes,
1706 1348 62 40 les
1786 1350 375 50 représentations

152 1409 53 42 de
240 1411 210 52 musique
485 1423 54 28 en
583 1423 250 40 apparence
874 1415 22 36 à
930 1412 227 52 plusieurs
1177 1416 117 46 voix,
1329 1418 114 38 mais
1478 1429 54 27 en
1572 1416 152 40 réalité
1758 1421 226 37 exécutées
2016 1426 41 32 et
2091 1432 49 26 en-

152 1479 187 41 tendues
379 1480 459 53 monodiquement...
864 1479 136 42 Enfin
1032 1495 114 39 pour
1170 1496 46 28 ce
1239 1486 75 50 qui
1340 1485 185 50 regarde
1562 1484 39 41 la
1625 1486 220 52 musique,
1888 1486 39 40 le
1968 1486 111 52 style
2101 1487 63 39 dit

154 1548 194 42 récitatif
375 1549 80 41 des
491 1551 217 51 premiers
750 1549 320 50 mélodrames,
1096 1553 74 51 qui
1209 1566 131 38 passe
1378 1566 114 40 pour
1515 1567 85 26 une
1623 1554 228 40 invention
1884 1553 53 41 de
1959 1554 38 39 la
2023 1568 113 27 came-

151 1626 94 33 rata
267 1618 54 41 de
343 1618 153 51 Bardi,
522 1633 54 27 ne
599 1618 155 42 diffère
795 1632 80 40 pas
917 1620 379 42 essentiellement
1338 1621 58 41 du
1434 1622 133 40 chant
1598 1621 218 53 expressif
1855 1626 20 36 à
1909 1623 98 40 voix
2042 1622 122 41 seule

153 1693 334 48 accompagnée
520 1688 108 41 dont
666 1701 115 28 nous
806 1701 140 28 avons
975 1693 175 36 montré
1181 1687 203 54 l'origine
1424 1691 112 40 dans
1561 1691 61 40 les
1656 1692 87 39 airs
1769 1691 272 52 populaires.
2077 1690 85 41 Les

150 1756 102 41 Péri
277 1765 41 32 et
339 1757 63 40 les
426 1756 198 51 Caccini,
648 1762 21 36 à
692 1757 39 41 la
754 1759 154 48 vérité,
934 1758 228 41 voulaient
1194 1757 102 42 bien
1325 1763 195 49 évoquer
1540 1763 21 36 à
1585 1773 205 27 nouveau
1819 1759 213 54 l'antique
2064 1774 66 26 mu-

151 1826 129 53 sique
313 1840 211 39 grecque,
569 1827 261 53 reproduire
863 1827 62 41 les
964 1835 175 33 accents
1162 1827 58 41 du
1244 1827 193 52 langage
1464 1829 148 39 animé
1634 1842 76 39 par
1747 1828 63 41 les
1846 1830 222 50 passions.
2108 1828 56 40 Ils

150 1896 328 41 nourrissaient
500 1897 115 39 ainsi
638 1898 167 39 maints
843 1905 40 31 et
920 1898 165 39 maints
1104 1896 202 41 desseins
1325 1897 133 40 d'une
1479 1895 114 42 belle
1632 1897 248 53 esthétique
1903 1908 8 37 ;
1940 1898 128 47 mais,
2109 1910 53 28 en

149 1964 171 50 réalité,
342 1965 54 41 ils
429 1978 55 28 ne
517 1967 244 51 pouvaient
796 1967 91 39 rien
911 1967 261 40 ressusciter
1204 1966 53 41 de
1291 1966 38 40 la
1360 1967 209 51 musique
1606 1979 209 39 grecque,
1840 1966 132 52 parla
2003 1966 159 52 simple

148 2035 153 40 raison
347 2032 132 55 qu'ils
522 2047 55 28 ne
607 2034 40 41 la
685 2036 336 40 connaissaient
1055 2049 95 39 pas.
1192 2034 55 42 Et
1285 2034 171 41 d'autre
1494 2043 97 44 part
1630 2034 53 41 ils
1721 2032 209 43 n'étaient
1976 2047 85 40 que
2108 2034 52 40 de

147 2117 192 39 pauvres
363 2104 259 48 chanteurs,
650 2103 86 42 fort
768 2105 93 41 loin
899 2105 54 40 de
993 2105 214 52 posséder
1230 2105 38 40 le
1301 2106 128 49 génie
1466 2103 106 54 qu'il
1605 2103 94 42 faut
1734 2117 113 39 pour
1881 2103 181 40 réaliser
2094 2103 63 40 les

146 2172 168 42 formes
334 2173 134 41 d'une
490 2175 211 52 musique
736 2175 221 40 vraiment
981 2187 155 27 neuve.
1165 2187 20 24 »

207 2239 220 45 Laissons
453 2247 22 36 à
511 2242 64 41 M.
612 2241 218 43 Alaleona
864 2243 39 40 la
940 2242 347 54 responsabilité
1327 2241 101 42 d'un
1470 2243 226 52 jugement
1732 2244 214 49 peut-être
1985 2255 60 26 un
2079 2253 85 39 peu

149 2315 167 48 sévère,
360 2314 195 52 quoique
578 2313 39 53 je
641 2312 39 41 le
709 2314 118 40 croie
861 2326 124 27 assez
1009 2313 130 52 juste,
1165 2326 75 27 sur
1263 2325 105 27 ceux
1389 2324 86 40 que
1494 2310 88 41 l'on
1621 2310 230 40 considère
1885 2322 171 28 comme
2103 2308 62 40 les

157 2383 217 54 premiers
404 2386 226 37 créateurs
666 2382 58 41 du
756 2382 154 41 drame
942 2382 204 41 musical.
1172 2381 117 41 Mais
1313 2390 207 32 retenons
1545 2393 80 28 son
1659 2381 238 39 sentiment
1932 2392 76 27 sur
2035 2377 110 41 l'évo-

149 2452 145 41 lution
328 2451 105 42 d'où
457 2465 47 27 ce
528 2451 154 41 drame
701 2460 66 33 est
789 2453 126 39 sorti.
942 2449 253 43 Sentiment
1218 2452 318 39 certainement
1558 2448 148 41 fondé.
1735 2448 31 40 11
1786 2447 156 41 faudra
1964 2446 105 41 bien
2109 2446 39 40 là-

150 2521 162 41 dessus
337 2519 214 43 réformer
574 2521 376 51 singulièrement
989 2520 63 40 les
1075 2520 122 40 idées
1227 2521 76 51 qui
1336 2528 75 32 ont
1433 2531 145 28 cours.

205 2587 123 44 C'est
367 2599 342 44 apparemment
750 2590 39 40 le
830 2590 154 40 drame
1026 2588 188 41 musical
1252 2587 210 42 d'Emilio
1501 2586 66 41 de'
1610 2585 239 49 Cavalieri,
1887 2584 40 40 la
1969 2583 173 53 Rappre-

144 2660 248 40 sentazione
428 2659 46 41 di
514 2658 162 42 Anima
718 2674 21 26 e
774 2658 47 41 di
864 2657 143 57 Corpo
1014 2689 10 18 ,
1068 2656 104 42 bien
1211 2670 143 28 connu
1397 2656 77 41 des
1505 2656 240 40 historiens
1783 2654 54 40 de
1856 2653 40 40 la
1944 2653 222 50 musique,

148 2731 75 52 qui
260 2731 96 40 vint
396 2729 275 41 déterminer
690 2728 39 41 la
765 2726 370 43 transformation
1168 2727 54 40 de
1243 2726 38 40 la
1305 2726 131 40 laude
1478 2726 223 52 primitive
1742 2736 55 28 en
1839 2723 193 41 oratorio
2069 2733 77 40 pro-

143 2807 206 44 prement
379 2799 80 40 dit.
499 2796 103 43 Non
627 2812 58 39 qu
704 2797 30 41 il
772 2797 120 41 faille
933 2798 97 39 voir
1065 2811 60 26 un
1159 2796 194 40 oratorio
1392 2795 112 40 dans
1537 2802 109 32 cette
1685 2793 134 52 pièce.
1847 2790 61 41 M.
1953 2789 215 41 Alaleona

141 2867 151 42 blâme
316 2871 147 38 même
487 2881 124 26 assez
648 2867 241 52 justement
913 2866 63 40 les
1014 2865 242 40 historiens
1292 2865 76 51 qui
1407 2863 61 40 lui
1507 2863 199 40 donnent
1735 2874 45 27 ce
1819 2861 115 40 titre.
1977 2858 89 40 Car
2106 2870 44 27 re-

146 2941 207 49 présenté
388 2937 206 53 toujours
614 2949 54 27 en
693 2944 226 33 costumes
942 2943 41 32 et
1007 2948 54 27 en
1084 2934 157 40 décors
1264 2941 40 32 et
1338 2931 77 42 fait
1437 2945 112 40 pour
1581 2935 90 36 être
1710 2931 254 51 représenté
1999 2936 40 32 et
2071 2927 100 52 joué

145 3006 55 41 de
217 3006 41 41 la
289 3015 135 36 sorte,
452 3004 40 42 le
509 3005 155 41 drame
685 3003 212 42 d'Emilio
917 3004 55 42 de
995 3003 222 41 Cavalieri
1241 3015 55 27 ne
1318 3000 155 41 diffère
1493 3013 85 40 que
1611 3013 80 39 par
1712 2999 39 39 le
1774 2997 114 52 sujet
1915 2997 77 40 des
2025 3004 146 32 autres

146 3075 181 41 drames
353 3075 220 53 lyriques.
601 3073 124 42 Dans
748 3072 226 43 l'oratoire
1005 3072 54 40 de
1079 3072 41 40 la
1144 3070 247 51 Vallicella,
1426 3070 29 40 il
1480 3069 236 52 n'apparut
1737 3080 79 39 pas
1840 3081 56 26 au
1929 3078 128 27 cours
2096 3063 77 40 des

148 3149 220 37 exercices
399 3144 269 47 ordinaires,
709 3144 117 40 mais
863 3142 144 54 plutôt
1038 3140 55 42 tel
1131 3140 136 53 qu'un
1311 3140 373 47 divertissement,
1717 3134 182 43 édifiant
1931 3143 41 32 et
2011 3132 159 48 moral,

156 3213 129 42 offert
306 3227 83 28 aux
410 3211 155 43 fidèles
604 3214 76 51 qui
697 3226 27 39 y
749 3211 346 53 fréquentaient.
1120 3208 63 42 Le
1207 3208 49 41 P.
1277 3206 221 52 Agostino
1525 3206 173 48 Manni,
1724 3204 54 40 de
1812 3205 11 39 1
1842 3202 222 48 Oratoire,
2089 3207 85 46 qué

154 3282 65 41 M.
263 3283 219 41 Alaleona
519 3282 238 41 démontre
800 3280 450 54 préremptoirement
1285 3281 91 36 être
1411 3274 187 42 l'auteur
1630 3274 57 40 du
1712 3274 141 48 livret,
1891 3286 70 38 ny
2000 3272 61 39 vit
2096 3281 80 40 pas

157 3361 125 33 autre
308 3352 137 42 chose
466 3351 152 53 quand
643 3351 29 40 il
689 3358 74 33 eut
787 3347 128 44 l'idée
934 3349 54 40 de
1005 3348 40 40 le
1066 3345 110 42 faire
1196 3347 125 52 jouer
1343 3359 79 39 par
1445 3344 216 54 quelques
1680 3343 153 52 jeunes
1851 3340 181 52 adeptes
2053 3338 54 40 de
2127 3351 46 27 sa

156 3421 218 43 confrérie
396 3420 80 54 (i).
501 3420 64 42 Le
588 3421 155 41 drame
760 3418 254 47 lui-même,
1035 3431 54 27 au
1115 3416 195 53 surplus,
1336 3412 152 43 n'était
1510 3427 80 40 pas
1624 3420 123 33 autre
1770 3410 133 41 chose
1920 3422 84 40 que
2028 3408 37 40 le
2103 3407 72 41 dé-

202 3577 53 43 fi)
277 3574 25 36 Il
326 3584 53 28 est
402 3575 238 38 intéressant,
656 3581 95 34 pour
770 3570 181 35 l'histoire
972 3569 174 44 générale
1172 3567 44 34 de
1238 3565 96 40 l'art,
1350 3564 43 34 de
1412 3563 79 35 voir
1513 3561 178 37 attribuer
1717 3560 33 34 le
1773 3566 93 28 texte
1888 3559 44 33 de
1957 3560 32 32 la
2011 3556 161 44 Rappre*
