2303 3802
1025 221 33 37 J.
1095 222 146 32 HAYDN

2059 216 78 51 631

131 315 57 30 ou
228 318 84 27 aux
353 305 297 54 descriptions
672 308 382 56 héroï-comiques
1098 314 53 41 de
1172 312 25 43 Y
1203 314 215 55 Apprenti
1438 315 173 41 Sorcier
1618 348 9 19 ,
1660 325 40 32 et
1724 325 94 33 tout
1841 317 54 40 de
1919 320 144 37 même
2096 329 46 27 se

134 373 164 52 réjouir
336 374 25 40 d
381 376 214 40 entendre
640 377 39 39 la
716 378 265 52 Symphonie
1013 381 71 40 des
1122 383 169 54 enfants
1333 397 55 28 ou
1431 385 39 40 le
1508 385 193 49 Quatuor
1733 386 71 40 des
1846 385 176 41 oiseaux
2028 416 8 9 .
2076 383 65 42 La

132 440 159 42 liberté
311 442 23 39 d
357 455 101 28 oser
480 452 94 32 tout
597 458 45 26 ce
666 459 87 37 que
776 445 328 53 l'imagination
1127 461 105 42 peut
1260 454 215 50 inventer,
1502 456 76 50 qui
1601 468 54 27 ne
1671 454 64 42 fut
1769 456 225 47 accorclée,
2017 454 125 41 selon

134 510 190 49 Horace,
351 526 58 37 qu
430 526 83 26 aux
534 515 196 50 peintres
744 522 41 33 et
799 529 83 27 aux
898 523 169 46 poètes,
1089 534 21 26 a
1136 525 66 36 été
1222 523 313 53 revendiquée,
1561 524 158 52 depuis
1739 524 37 41 le
1795 525 131 40 siècle
1949 525 190 46 dernier,

134 593 80 39 par
230 579 63 41 les
318 581 260 40 musiciens.

190 647 57 42 Ils
266 662 55 28 en
340 658 131 33 usent
491 649 169 53 parfois
680 652 133 53 jusqu
833 658 22 36 à
879 656 248 42 introduire
1149 659 52 40 de
1225 658 118 42 force
1366 661 40 40 la
1431 663 208 51 musique
1679 662 113 41 dans
1833 677 58 26 un
1931 663 210 41 domaine

134 718 76 50 qui
230 732 28 25 n
276 726 67 33 est
359 732 81 38 pas
464 719 39 40 le
520 720 113 46 sien,
660 729 41 32 et
726 727 74 42 où,
825 736 54 27 ne
904 724 185 42 sachant
1110 741 78 38 pas
1209 729 202 52 toujours
1437 743 45 27 ce
1507 728 158 54 qu'elle
1684 745 28 38 y
1745 740 104 43 peut
1888 730 125 50 faire,
2057 732 84 40 elle

134 799 46 27 se
210 795 155 32 trouve
383 787 87 39 mal
498 791 21 36 à
557 788 9 40 1
588 790 92 39 aise
703 803 115 39 pour
840 793 222 51 exprimer
1082 796 92 39 rien
1198 797 53 39 de
1275 796 102 41 bien
1401 798 281 51 intelligible.
1709 798 126 42 Nous
1859 813 53 27 ne
1937 799 205 42 refusons

134 868 81 40 pas
259 869 82 27 aux
386 869 178 27 œuvres
603 857 53 41 de
705 872 71 27 ces
812 863 327 50 compositeurs
1174 866 278 53 compliqués
1489 868 79 39 des
1606 867 151 42 efforts
1801 868 262 41 d'attention
2100 879 43 31 et

135 924 25 40 d
181 924 131 40 étude
336 925 74 51 qui
433 939 28 26 n
480 924 263 43 obtiennent
766 942 81 38 pas
875 931 202 51 toujours
1101 932 94 41 leur
1228 938 306 49 récompense,
1560 938 112 38 mais
1707 937 29 39 il
1776 950 112 28 nous
1930 938 123 51 plaît,
2085 952 57 26 au

136 994 132 40 sortir
289 993 54 41 de
369 1006 71 28 ces
464 992 138 42 forêts
626 995 308 54 dramatiques
958 1007 40 32 et
1025 999 229 51 obscures,
1276 1004 53 40 de
1367 1013 241 39 retrouver,
1647 1019 104 27 sous
1780 1006 40 40 la
1859 1006 185 40 lumière
2082 1007 58 40 du

136 1061 80 40 ciel
240 1070 42 32 et
304 1062 162 41 devant
487 1077 60 26 un
566 1063 125 51 large
713 1064 204 52 horizon,
945 1067 62 41 les
1032 1068 144 51 lignes
1199 1072 183 52 simples
1403 1073 24 39 d
1448 1086 86 28 une
1552 1074 288 41 architecture
1868 1077 183 50 attique.
2076 1074 64 41 La

136 1131 155 52 parole
312 1131 54 40 de
392 1130 213 53 Gounod,
633 1146 19 24 «
691 1133 38 52 je
766 1148 55 26 ne
842 1136 100 51 puis
980 1148 238 42 supporter
1248 1149 110 32 cette
1390 1145 223 50 musique,
1640 1152 41 31 et
1703 1152 209 43 pourtant
1949 1143 83 40 elle
2071 1157 71 26 me

136 1200 195 51 dégoûte
364 1201 54 40 de
437 1209 146 33 toutes
605 1201 63 40 les
693 1211 148 32 autres
863 1217 38 35 »,
924 1214 65 31 est
1014 1207 255 42 considérée
1307 1211 276 41 maintenant
1618 1225 174 27 comme
1828 1226 86 27 une
1949 1212 193 41 boutade

137 1282 105 27 sans
265 1274 168 47 portée,
458 1279 42 32 et
524 1279 127 32 notre
675 1271 230 53 jugement
927 1274 100 52 plus
1046 1277 345 52 compréhensif,
1417 1279 139 51 élargi
1581 1294 80 38 par
1698 1294 86 27 une
1808 1281 170 41 culture
2002 1282 112 39 musi-

137 1338 93 40 cale
253 1338 101 52 plus
372 1339 193 41 étendue
593 1348 42 32 et
652 1340 101 52 plus
778 1343 254 47 raisonnée,
1054 1343 148 42 admet
1223 1345 62 41 les
1309 1359 161 38 genres
1495 1350 259 47 contraires,
1797 1354 230 36 reconnaît
2060 1363 85 39 que

138 1407 40 40 la
202 1411 209 49 musique
429 1422 22 26 a
472 1408 175 51 évolué,
674 1422 174 28 comme
872 1418 94 33 tout
990 1425 104 27 avec
1133 1413 99 50 elle,
1258 1423 40 32 et
1338 1428 85 39 que
1448 1416 38 39 la
1518 1417 155 50 justice
1713 1418 264 40 commande
2006 1420 116 38 vis-à-

138 1477 65 40 --vis
233 1476 78 41 des
350 1476 257 41 différentes
651 1478 145 41 écoles
837 1493 87 26 une
960 1481 186 41 attitude
1170 1495 89 27 non
1301 1481 323 52 d'ostracisme,
1651 1488 113 37 mais
1799 1486 52 40 de
1889 1486 230 40 réconcilia-

138 1547 107 39 tion.

192 1613 64 42 Le
277 1615 108 40 livre
410 1629 86 39 que
529 1614 64 41 M.
619 1615 166 42 Michel
804 1616 164 42 Brenet
988 1620 121 39 vient
1131 1619 54 41 de
1205 1634 232 28 consacrer
1461 1626 20 36 à
1507 1622 159 52 Haydn
1690 1632 65 31 est
1780 1624 168 51 inspiré
1971 1623 51 40 de
2040 1632 109 32 cette

138 1683 229 53 équitable
390 1684 306 54 philosophie,
722 1685 104 42 bien
852 1701 55 37 qu
931 1691 21 35 à
983 1689 96 38 vrai
1102 1688 94 40 dire
1218 1689 28 40 il
1266 1690 130 40 tende
1419 1693 147 38 moins
1592 1695 20 35 à
1634 1704 184 39 exposer
1841 1692 76 40 des
1933 1698 216 46 systèmes

141 1751 103 53 qu'à
264 1752 110 42 faire
394 1767 153 28 œuvre
567 1755 53 40 de
639 1755 347 51 vulgarisation.
1015 1755 31 41 Il
1072 1758 243 51 comprend
1340 1759 111 40 deux
1477 1761 164 50 parties
1660 1761 169 49 égales,
1857 1774 19 25 «
1902 1761 38 40 la
1959 1762 69 39 vie
2051 1773 20 25 »
2109 1769 41 32 et

144 1834 20 26 «
186 1819 183 44 l'œuvre
395 1836 36 35 »,
454 1823 195 41 division
674 1825 76 51 qui
774 1833 104 43 peut
897 1823 211 53 sembler,
1145 1829 21 36 à
1202 1826 38 39 la
1267 1829 196 48 rigueur,
1489 1829 405 48 conventionnelle,
1928 1843 73 26 car
2038 1842 113 39 pour

141 1889 104 42 bien
270 1891 128 52 juger
435 1891 118 42 l'une
577 1900 41 32 et
657 1891 173 51 l'autre,
867 1893 29 40 il
929 1892 95 42 faut
1065 1894 62 40 les
1169 1896 270 51 rapprocher
1473 1897 411 49 continuellement,
1924 1899 114 39 mais
2075 1899 74 51 qui

143 1960 106 40 rend
275 1959 38 41 la
350 1960 164 41 lecture
532 1961 102 52 plus
664 1960 128 41 facile
811 1970 42 33 et
875 1962 101 52 plus
1004 1962 225 51 agréable.
1251 1963 63 40 M.
1339 1964 165 41 Michel
1529 1964 176 50 Brenet,
1726 1968 74 50 qui
1825 1980 21 26 a
1872 1966 150 52 publié
2045 1979 105 28 sous

141 2028 197 41 d'autres
381 2030 124 39 titres
545 2029 78 41 des
665 2043 223 38 ouvrages
940 2030 231 42 d'histoire
1219 2033 216 40 musicale
1480 2032 238 42 fortement
1771 2035 305 49 documentés,
2128 2048 21 26 a

141 2097 136 41 voulu
296 2099 54 39 ici
372 2097 260 42 dissimuler
655 2112 81 28 son
755 2100 225 40 érudition
1004 2113 56 28 ou
1097 2100 143 52 plutôt
1265 2101 39 40 la
1329 2110 157 32 mettre
1521 2106 22 36 à
1579 2103 39 39 la
1642 2107 152 47 portée
1818 2103 58 40 du
1901 2102 163 53 public.

198 2166 32 40 Il
253 2167 106 40 rend
381 2181 54 27 au
461 2171 160 37 maître
637 2168 54 40 de
712 2168 203 53 chapelle
939 2168 272 54 d'Esterhay
1234 2185 58 25 un
1322 2170 243 51 hommage
1601 2171 161 52 auquel
1784 2170 297 52 l'Allemagne
2097 2185 52 26 va

142 2236 173 52 ajouter
339 2236 188 48 bientôt,
550 2241 22 35 à
594 2237 239 40 l'occasion
858 2237 59 40 du
941 2240 253 38 centenaire
1216 2239 53 39 de
1288 2252 43 27 sa
1356 2248 116 31 mort
1496 2239 65 51 (31
1584 2241 88 38 mai
1702 2236 94 55 1809
1820 2236 23 55 S
1867 2236 283 55 d'éclatantes

141 2304 375 42 manifestations.
560 2304 56 42 Et
639 2305 29 41 il
692 2305 94 41 faut
819 2310 279 37 reconnaître
1129 2321 86 38 que
1254 2309 35 38 si
1322 2306 63 41 M.
1421 2306 164 41 Michel
1629 2308 162 41 Brenet
1834 2323 22 25 a
1903 2309 248 49 largement

141 2373 151 42 utilisé
315 2374 64 41 les
412 2383 186 32 travaux
630 2375 78 40 des
739 2376 373 52 musicographes
1147 2376 248 40 allemands
1437 2389 172 28 comme
1654 2391 103 27 ceux
1782 2377 54 40 de
1875 2376 133 51 Hugo
2045 2376 80 41 Rie-

142 2457 155 34 mann,
322 2443 30 40 il
377 2457 21 26 a
421 2444 85 40 mis
530 2457 55 27 en
609 2443 186 41 lumière
821 2457 105 27 avec
948 2458 87 26 une
1058 2444 188 53 parfaite
1268 2445 263 47 exactitude,
1564 2458 103 27 avec
1691 2446 38 40 la
1764 2447 259 39 conscience
2046 2444 104 41 d'un

141 2513 197 40 écrivain
360 2514 75 51 qui
458 2514 116 40 aime
597 2526 82 28 son
703 2513 130 52 sujet,
856 2512 63 41 les
945 2514 125 40 traits
1093 2515 384 50 caractéristiques
1499 2513 208 53 d'Haydn
1730 2523 41 31 et
1793 2514 53 40 de
1882 2528 81 27 son
2000 2526 152 28 œuvre

143 2581 236 41 colossale.
2147 2610 11 16 v

199 2794 56 45 Et
278 2806 228 33 comment
532 2810 51 27 ne
605 2809 81 40 pas
710 2795 187 49 l'aimer,
923 2796 39 40 le
981 2803 112 47 papa
1120 2794 175 52 Haydn,
1315 2806 172 29 comme
1512 2789 282 58 l'appelaient
1818 2806 70 27 ses
1911 2794 240 39 musiciens

143 2867 54 40 de
221 2867 40 40 la
285 2865 204 54 chapelle
511 2865 25 40 d
557 2864 222 54 Esterhay
793 2878 80 39 par
894 2862 231 42 déférence
1148 2876 112 40 pour
1284 2876 44 26 sa
1346 2862 133 40 bonté
1502 2871 40 31 et
1563 2875 45 27 sa
1628 2862 243 40 bonhomie
1892 2870 154 32 autant
2067 2874 85 39 que

144 2949 111 39 pour
278 2949 82 27 son
383 2936 132 49 génie
542 2932 112 42 ?Né
677 2938 22 35 à
726 2933 187 42 Rohrau
943 2931 272 49 sur-Leitha,
1241 2931 39 41 le
1305 2945 12 26 i
1326 2935 34 18 er
1387 2931 109 40 avril
1523 2944 118 37 1732,
1682 2931 105 39 d'un
1822 2935 104 47 père
1962 2930 188 40 charron

143 3013 42 33 et
205 3002 132 43 d'une
361 3010 121 35 mère
505 3004 254 49 cuisinière,
779 3003 28 40 il
830 3001 199 54 apprend
1060 3015 60 26 un
1143 3013 84 40 peu
1247 3000 54 40 de
1324 3001 207 51 musique
1571 3003 20 36 à
1629 2999 167 47 l'école,
1839 3007 42 32 et
1922 2998 76 40 dès
2036 2996 116 53 l'âge

144 3074 54 41 de
214 3089 24 37 9
264 3086 97 35 ans,
386 3081 68 33 est
478 3076 238 49 remarqué
738 3085 116 39 pour
889 3085 44 26 sa
960 3070 103 53 jolie
1091 3071 99 38 voix
1221 3069 54 40 de
1327 3081 194 40 soprano
1564 3082 80 38 par
1688 3067 180 49 Reuter,
1905 3067 158 40 maître
2097 3067 55 40 de

144 3143 202 53 chapelle
367 3146 22 36 à
406 3140 359 49 Saint-Etienne,
780 3142 75 51 qui
874 3138 234 42 l'emmène
1124 3142 20 37 à
1169 3137 172 43 Vienne
1361 3135 335 43 commeenfant
1719 3136 54 40 de
1796 3136 169 40 chœur.
1983 3148 20 25 «
2031 3134 121 41 C'est

144 3212 58 47 là,
228 3212 63 41 dit
313 3211 134 51 Hugo
470 3210 242 51 Riemann,
735 3222 85 40 que
858 3208 161 53 Haydn
1039 3216 135 42 reçut,
1202 3210 21 36 à
1246 3209 95 38 côté
1382 3206 54 40 de
1460 3205 370 50 l'enseignement
1846 3205 58 40 du
1925 3204 148 48 chant,
2092 3204 58 40 du

143 3283 137 52 piano
304 3289 41 32 et
372 3280 61 41 du
455 3279 171 47 violon,
651 3292 88 28 une
762 3278 150 41 bonne
932 3278 265 40 instruction
1221 3276 227 52 primaire,
1474 3276 132 47 mais,
1643 3273 78 41 fait
1743 3275 197 46 curieux,
1964 3273 28 39 il
2032 3271 118 42 n'eut

145 3363 172 29 aucune
341 3350 126 50 leçon
487 3349 54 40 de
578 3348 171 41 théorie
792 3346 231 41 musicale.
1063 3345 97 42 Une
1199 3358 57 27 ou
1276 3344 112 41 deux
1427 3342 85 42 fois
1536 3343 248 41 seulement
1820 3342 166 41 Reuter
2021 3340 39 41 le
2103 3339 49 42 fit

143 3420 126 41 venir
289 3423 162 49 auprès
473 3417 55 41 de
562 3416 61 41 lui
656 3425 42 32 et
719 3416 61 41 lui
800 3416 206 52 expliqua
1028 3414 224 53 plusieurs
1275 3412 158 41 choses
1457 3415 334 38 intéressantes.
1827 3409 118 41 Mais
1966 3410 40 39 le
2043 3410 109 50 petit

146 3488 183 42 homme
352 3487 102 42 n'en
476 3487 251 52 composait
750 3498 81 39 pas
856 3486 148 39 moins
1026 3483 97 53 déjà
1147 3495 105 28 avec
1284 3482 175 41 entrain
1481 3490 41 32 et
1544 3481 232 52 s'essayait
1813 3483 22 36 à
1874 3480 78 39 des
1975 3478 178 40 devoirs

146 3557 218 43 difficiles.
388 3570 20 25 »
433 3555 128 41 Ainsi
585 3554 130 50 donc,
740 3554 30 40 il
797 3551 94 43 faut
911 3551 192 43 l'établir
1124 3551 78 42 dès
1223 3552 294 49 maintenant,
1545 3549 159 54 Haydn
1729 3563 21 26 a
1777 3552 107 37 vécu
1924 3561 54 27 au
2002 3546 152 41 milieu
