2303 3802
655 220 330 30 PUBLICATIONS
1020 221 52 26 ET
1106 211 279 36 EXÉCUTIONS
1419 215 230 31 RECENTES

144 218 77 47 642

202 321 99 42 Suit
320 333 87 28 une
431 318 206 42 nouvelle
662 316 155 52 fugue,
857 317 108 41 dont
1002 315 39 41 le
1079 314 113 52 sujet
1224 321 67 34 est
1313 326 159 28 encore
1496 312 40 41 le
1559 314 146 38 même
1729 309 164 49 thème,
1920 309 114 40 mais
2063 321 104 28 avec

152 398 290 34 mouvement
465 389 224 40 contraire
713 398 8 26 :

202 937 50 54 Je
275 950 117 38 gage
417 950 84 39 que
526 933 190 43 l'accord
742 932 167 56 parfait
933 947 55 27 ne
1006 946 46 28 se
1086 942 156 32 trouve
1266 946 79 39 pas
1366 933 122 40 aussi
1513 940 188 33 souvent
1740 932 113 40 dans
1888 931 40 40 la
1962 931 207 52 musique

145 1007 55 40 de
223 1005 62 41 M.
327 1004 208 54 Debussy
560 1007 9 37 1

200 1074 55 41 Et
279 1077 34 38 si
337 1075 39 52 je
401 1075 145 40 relève
586 1087 71 27 ces
699 1075 126 39 traits
858 1073 54 40 de
945 1072 240 53 technique
1228 1070 381 42 admirablement
1645 1071 279 50 ingénieuse,
1966 1068 128 42 facile
2131 1077 41 33 et

146 1144 173 52 souple,
343 1141 104 44 c'est
470 1156 113 39 pour
621 1142 208 41 conclure
868 1155 54 27 en
967 1140 221 42 affirmant
1231 1155 7 25 :
1279 1138 135 55 qu'on
1451 1148 104 44 peut
1580 1138 109 41 faire
1726 1139 79 40 des
1828 1136 342 43 chefs-d'œuvre

143 1211 362 54 incomparables
527 1225 105 27 avec
669 1212 78 40 des
781 1211 218 41 éléments
1035 1216 89 35 très
1162 1209 209 54 simples,
1400 1222 106 27 sans
1534 1222 46 27 se
1604 1217 157 32 mettre
1785 1207 167 53 l'esprit
1977 1207 83 40 àla
2085 1216 64 32 tor-

146 1291 95 31 ture
273 1295 175 39 pourvu
470 1279 135 55 qu'on
627 1281 133 40 sache
795 1278 89 43 très
923 1280 104 40 bien
1058 1292 81 28 son
1164 1281 158 39 métier
1343 1293 9 34 ;
1376 1292 86 40 que
1487 1278 275 50 Beethoven,
1781 1279 53 39 ici
1858 1290 173 28 comme
2055 1277 113 40 dans

148 1351 63 40 les
235 1359 151 33 autres
427 1351 312 53 symphonies,
782 1364 22 26 a
845 1363 87 27 une
964 1362 148 36 verve,
1135 1362 85 27 une
1240 1349 206 52 jeunesse
1468 1346 315 54 d'inspiration
1804 1356 42 32 et
1872 1360 86 28 une
1979 1346 194 50 légèreté

149 1420 53 40 de
227 1421 120 39 main
388 1433 87 39 que
506 1419 219 41 n'attriste
768 1420 161 52 jamais
970 1418 38 41 le
1035 1432 19 24 «
1079 1418 89 40 mal
1206 1418 58 41 du
1290 1418 132 41 siècle
1461 1430 19 25 »
1519 1417 108 41 dont
1667 1430 57 28 on
1767 1432 21 24 a
1832 1430 75 27 cru
1937 1429 45 27 sa
2007 1419 162 49 pensée

151 1491 182 39 atteinte
355 1505 9 33 -,
392 1490 132 51 qu'en
565 1490 201 51 ajoutant
790 1501 47 27 ce
878 1496 93 32 mot
1015 1501 19 24 «
1067 1487 219 53 héroïque
1307 1499 19 26 »
1354 1492 22 35 à
1401 1499 81 28 son
1521 1499 170 35 œuvre,
1719 1486 29 40 il
1775 1499 21 27 a
1823 1484 78 42 fait
1919 1485 144 53 plutôt
2087 1498 88 28 une

151 1558 275 41 maladresse
451 1573 8 33 ;
487 1571 85 38 que
605 1557 63 40 les
692 1558 156 52 jeunes
872 1558 346 51 compositeurs,
1251 1555 245 42 ambitieux
1538 1555 139 41 d'être
1700 1554 257 53 applaudis,
1991 1554 182 41 doivent

151 1626 232 53 beaucoup
423 1626 184 53 piocher
630 1626 37 40 la
703 1625 139 52 fugue
933 1640 55 26 en
1012 1639 47 27 se
1079 1634 189 32 mettant
1291 1623 187 43 d'abord
1500 1629 20 36 à
1547 1625 153 40 l'école
1740 1625 76 40 des
1856 1623 85 40 Th.
1979 1623 188 49 Dubois,

156 1697 79 40 des
258 1695 256 53 Lenepveu,
540 1695 78 41 des
641 1693 250 43 Caussade.
932 1695 78 40 des
1044 1693 219 53 Gédalge,
1362 1703 42 33 et
1425 1703 192 42 surtout,
1642 1707 45 27 se
1711 1694 243 40 maintenir
1992 1706 54 27 en
2066 1693 102 52 joie,

154 1780 53 26 en
250 1764 115 41 belle
390 1764 191 41 humeur
612 1764 55 40 de
700 1765 205 52 jeunesse
929 1773 42 32 et
993 1777 55 27 en
1070 1762 149 42 bonne
1240 1767 126 37 santé
1390 1763 186 50 morale,
1610 1776 106 28 sans
1741 1762 261 51 s'imaginer
2025 1776 86 39 que
2131 1762 40 40 le

154 1833 154 53 public
357 1833 149 41 attend
543 1832 128 42 d'eux
708 1833 80 41 des
829 1834 305 40 excentricités
1182 1846 57 27 ou
1264 1845 86 28 une
1385 1833 215 51 musique
1621 1845 114 39 pour
1757 1840 151 44 porter
1942 1832 39 40 le
2023 1830 150 42 diable

156 1916 56 27 en
235 1912 129 31 terre.

464 1900 48 42 s.

210 2009 122 40 Deux
358 2017 116 32 mots
498 2008 248 41 seulement
767 2021 75 27 sur
863 2007 38 41 le
934 2016 177 33 concert
1131 2008 59 41 du
1216 2023 67 33 21,
1307 2007 305 42 brillamment
1635 2008 145 50 dirigé
1802 2021 79 39 par
1905 2006 59 41 M.
1989 2007 177 41 Pierné.

154 2077 64 42 Le
237 2077 135 42 finale
398 2077 54 41 de
485 2077 39 41 la
546 2094 23 34 4
573 2082 15 18 e
612 2077 268 53 symphonie
893 2077 54 40 de
977 2077 257 41 Beethoven
1269 2092 21 25 a
1316 2081 68 38 été
1416 2079 102 52 joué
1542 2086 98 45 trop
1663 2078 103 47 vite,
1792 2085 42 33 et
1856 2077 53 40 de
1927 2076 128 52 façon
2082 2090 87 40 peu

153 2147 238 52 classique.
416 2145 87 42 Les
527 2145 122 42 chefs
666 2143 290 51 d'orchestre,
981 2160 54 27 en
1055 2146 201 51 général,
1280 2146 239 41 cherchent
1546 2145 13 42 1
1597 2159 20 25 «
1642 2145 102 42 effet
1766 2159 19 25 »
1807 2157 9 39 ;
1861 2159 64 35 or,
1961 2146 111 40 dans
2106 2146 63 41 les

152 2216 309 52 symphonies,
482 2215 26 41 il
532 2214 72 53 n'y
627 2230 20 25 a
674 2229 80 39 pas
774 2213 86 42 d'«
888 2214 127 42 effets
1037 2228 19 25 »
1083 2214 74 54 (au
1184 2229 102 27 sens
1308 2216 204 51 vulgaire
1534 2224 42 32 et
1599 2214 213 42 inférieur
1833 2215 58 41 du
1932 2216 128 49 mot).
2083 2214 88 42 Par

151 2295 167 38 contre,
343 2285 38 40 le
405 2283 132 42 motif
555 2284 58 41 du
635 2283 188 41 Prélude
842 2287 23 36 à
884 2283 285 57 Vaprès-midi
1190 2283 129 42 d'une
1338 2284 148 41 Faune
1493 2318 8 17 ,
1538 2299 20 25 a
1590 2289 68 35 été
1677 2286 101 51 joué
1810 2299 80 38 par
1919 2285 39 39 la
1994 2285 103 40 flûte
2117 2284 54 41 de

152 2354 131 50 façon
306 2354 251 52 élégiaque,
583 2353 302 51 langoureuse
905 2362 40 32 et
966 2354 315 40 sentimentale
1304 2365 9 39 ;
1339 2366 56 28 on
1420 2355 143 40 aurait
1591 2354 136 40 voulu
1752 2354 100 52 plus
1876 2354 53 40 de
1948 2352 224 42 franchise

153 2431 42 32 et
211 2436 88 27 une
315 2423 153 52 pointe
491 2422 53 40 de
565 2422 221 40 malice...
806 2421 122 42 Tout
946 2422 39 41 le
1010 2430 114 33 reste
1146 2422 59 41 du
1230 2432 175 31 concert
1425 2422 189 52 (malgré
1639 2422 38 41 le
1694 2436 289 39 programme
2006 2437 58 26 un
2085 2436 85 39 peu

152 2491 264 51 surchargé)
454 2489 64 43 fut
550 2491 232 46 excellent,
821 2504 104 27 avec
961 2489 46 42 M
1012 2496 49 21 me
1096 2489 369 56 Mellot-Joubert
1487 2492 113 39 dans
1642 2491 63 41 les
1749 2490 184 55 Croquis
1974 2489 197 43 d'Orient

150 2559 230 53 (Debussy
400 2569 42 32 et
463 2559 144 41 Fauré
638 2559 253 50 mélangés)
910 2559 56 41 de
988 2559 63 40 M.
1079 2558 114 42 Huë.

1294 2559 54 42 H.

1627 2758 43 6 —
1693 2734 90 55 Qui
1806 2737 116 41 donc
1944 2739 145 39 aurait
2110 2751 60 39 pu

155 2806 193 51 prévoir,
374 2819 56 26 au
454 2804 177 41 dernier
654 2813 177 33 concert
852 2805 109 40 delà
985 2806 151 40 saison
1159 2810 173 48 passée,
1357 2819 87 40 que
1467 2803 202 54 Georges
1689 2805 147 53 Marty
1856 2820 54 26 ne
1932 2808 240 39 monterait

156 2872 100 53 plus
277 2876 21 36 à
317 2886 47 27 ce
381 2874 179 51 pupitre
581 2879 57 34 où
663 2872 28 41 il
717 2875 118 38 avait
852 2871 79 42 fini
952 2887 80 38 par
1052 2872 252 54 s'imposer,
1321 2874 276 52 triomphant
1621 2874 53 40 de
1709 2874 40 40 la
1788 2874 164 41 sourde
1975 2874 198 41 hostilité

156 2954 86 40 que
263 2940 63 42 les
344 2940 204 42 abonnés
567 2941 60 41 lui
649 2943 178 39 avaient
849 2941 268 42 manifestée
1138 2947 22 35 à
1185 2956 71 28 ses
1279 2942 161 41 débuts
1461 2947 16 35 ?
1495 2942 62 40 La
1584 2942 275 42 Providence
1884 2958 21 25 a
1929 2943 215 53 d'impéné-

155 3010 167 41 trables
357 3015 219 48 mystères
604 3019 41 32 et
689 3010 195 42 formule
906 3010 331 42 d'inexorables
1268 3016 192 36 arrêts...
1500 3010 204 55 Lorsque
1734 3011 147 55 Marty
1914 3015 255 46 succomba,

156 3085 129 47 après
310 3093 87 28 une
419 3079 135 41 brève
578 3080 212 49 maladie,
818 3094 47 27 ce
892 3079 64 42 fut
990 3093 106 28 avec
1122 3090 185 43 stupeur
1328 3095 85 39 que
1437 3090 100 32 tous
1560 3094 107 28 ceux
1692 3083 76 51 qui
1793 3080 206 42 l'avaient
2024 3095 145 28 connu

156 3151 226 50 apprirent
403 3158 112 32 cette
538 3149 226 51 nouvelle,
788 3158 42 33 et
866 3149 62 40 les
964 3150 280 53 sympathies
1270 3163 85 40 que
1397 3149 45 40 M
1448 3154 47 19 me
1534 3149 147 54 Marty
1714 3159 232 32 rencontra
1985 3164 54 27 en
2059 3160 112 32 cette

156 3220 124 39 triste
314 3220 304 39 circonstance
641 3219 161 40 durent
822 3227 210 44 apporter
1063 3233 61 26 un
1149 3231 84 40 peu
1258 3219 52 40 de
1343 3219 283 40 consolation
1649 3222 21 37 à
1691 3232 81 27 son
1794 3232 122 27 cœur
1935 3219 53 41 de
2008 3218 163 42 femme

157 3295 41 33 et
237 3287 218 41 d'artiste.
502 3286 55 42 Et
580 3287 97 53 déjà
701 3288 40 40 la
777 3285 178 43 Société
978 3288 79 40 des
1080 3296 200 32 concerts
1306 3302 21 26 a
1352 3287 58 41 dû
1435 3300 46 28 se
1505 3288 165 40 choisir
1693 3302 59 26 un
1777 3297 124 31 autre
1917 3287 102 41 chef
2039 3299 8 37 ;
2085 3304 86 25 uno

157 3356 146 42 avulso
344 3370 85 26 non
454 3356 147 52 déficit
634 3356 105 40 aller
863 3356 65 40 M.
967 3355 152 41 André
1142 3355 249 52 Messager,
1416 3358 75 51 qui
1514 3354 165 44 n'avait
1702 3354 225 44 d'ailleurs
1964 3371 78 39 pas
2064 3361 107 49 posé

158 3439 47 27 sa
243 3425 307 49 candidature,
585 3440 21 26 a
629 3430 68 36 été
720 3426 158 47 choisi,
919 3424 358 49 d'acclamation,
1303 3438 171 28 comme
1498 3426 163 40 second
1707 3439 179 28 rameau
1903 3426 108 41 d'or.
2051 3425 120 42 C'est

158 3509 61 26 un
240 3495 237 51 musicien,
502 3503 41 32 et
567 3495 104 40 c'est
692 3509 58 26 un
768 3493 113 42 chef.
906 3492 172 50 Calme,
1104 3493 133 51 froid,
1261 3503 183 39 correct,
1467 3492 102 43 c'est
1594 3494 104 41 bien
1714 3494 212 41 l'homme
1939 3494 106 54 qu'il
2058 3494 110 54 faut,

157 3572 41 33 et
224 3563 196 42 l'accueil
439 3576 86 40 que
549 3561 60 44 lui
630 3572 77 33 ont
730 3561 79 42 fait
829 3561 64 42 les
918 3565 243 39 musiciens
1186 3571 42 33 et
1247 3562 40 43 le
1306 3559 152 57 public
1482 3562 91 43 lors
1611 3564 55 41 de
1708 3577 82 30 son
1814 3561 254 57 apparition
2094 3577 75 29 sur

211 2665 191 42 SOCIÉTÉ
423 2679 83 27 DES
527 2679 232 28 CONCERTS
785 2679 59 28 DU
867 2664 384 43 CONSERVATOIRE
1275 2664 225 54 (CONCERT
1533 2679 409 36 EXTRAORDINAIRE,
1966 2683 24 25 A
2014 2683 51 26 LA
2088 2664 74 54 MÉMOIRE

144 2664 90 41 DE
279 2664 316 41 GEORGES
640 2664 225 41 MARTY
910 2664 90 41 ET
1045 2664 90 41 AU
1180 2664 361 41 BÉNÉFICE
1586 2664 90 41 DE
1721 2664 90 41 SA
1856 2664 316 41 VEUVE).
