2303 3802
912 197 185 42 L'ÉCOLE
1131 210 56 27 DE
1222 209 178 28 CHORON

147 212 82 39 620

204 316 87 41 Les
315 314 160 42 dehors
498 319 101 33 sont
623 309 241 51 brusques,
891 308 113 40 mais
1027 305 186 41 cachent
1239 317 20 26 «
1281 318 87 28 une
1392 303 139 43 bonté
1548 303 208 54 parfaite,
1780 317 61 27 un
1862 316 123 27 cœur
2007 299 95 44 d'or
2127 315 39 28 ».

150 400 20 25 «
195 384 71 42 On
286 385 39 40 le
349 381 234 51 craignait,
606 379 63 40 dit
707 377 269 47 Laferrière,
1004 377 115 39 mais
1159 387 57 29 on
1252 372 227 44 l'adorait.
1505 372 165 54 Quand
1693 387 57 27 on
1776 373 119 40 avait
1917 376 109 36 vécu
2052 372 115 41 deux

146 456 119 52 jours
282 456 101 49 près
400 451 53 40 de
473 450 77 48 lui,
576 448 146 41 c'était
743 459 113 40 pour
880 445 40 41 la
944 446 69 39 vie
1037 458 89 27 :on
1149 444 208 41 devenait
1378 458 81 27 son
1481 442 71 42 fils
1578 457 42 28 ».
1651 442 111 42 «Tu
1788 455 244 37 mangeras
2057 456 107 27 avec

155 535 129 36 nous,
304 522 62 39 dit
386 535 60 25 un
470 520 99 51 jour
590 517 183 41 Choron
794 520 21 36 à
849 515 177 52 Duprez
1051 522 94 33 tout
1162 512 153 42 enfant
1338 527 9 35 ;
1374 522 45 33 tu
1453 513 238 41 demeures
1713 522 98 43 trop
1837 512 92 41 loin
1952 524 114 41 pour
2083 509 85 44 t'en

153 592 108 41 aller
277 590 111 41 seul.
416 601 19 25 »
454 587 56 41 Et
531 587 101 53 plus
656 586 95 41 tard
776 596 7 28 :
808 598 19 25 «
854 583 174 49 Allons,
1047 583 78 41 dès
1143 580 303 55 aujourd'hui,
1467 592 45 32 tu
1535 583 243 41 coucheras
1800 582 105 41 chez
1924 595 114 28 nous
2067 596 9 34 ;
2104 595 57 28 on

151 674 54 28 ne
229 658 83 42 m'a
338 672 80 40 pas
439 658 148 40 donné
610 656 54 40 de
682 656 49 40 lit
754 668 113 39 pour
891 656 76 49 toi,
989 654 112 40 mais
1126 666 113 28 nous
1273 666 52 27 en
1349 661 266 33 trouverons
1636 667 74 26 un.
1740 665 19 25 »
1785 650 37 42 A
1847 650 102 42 bien
1972 649 197 43 d'autres

146 742 159 29 encore
327 729 30 39 il
381 726 110 42 offre
511 724 310 54 l'hospitalité,
863 736 106 28 sans
1012 731 201 44 compter
1249 735 103 28 avec
1387 736 82 27 son
1507 724 175 49 maigre
1719 720 186 53 budget.
1947 720 31 40 Il
2022 734 137 28 ouvre

144 799 247 41 volontiers
428 810 47 27 sa
509 795 181 47 bourse,
717 807 113 40 paye
865 793 40 40 la
939 792 119 41 dette
1094 792 171 41 criarde
1293 792 108 40 d'un
1433 792 276 52 imprudent,
1749 790 80 42 fait
1866 790 211 42 accorder
2100 806 61 26 un

148 881 178 29 secours
350 866 54 41 de
428 866 242 52 cinquante
709 862 147 41 francs
895 876 80 39 par
1014 863 116 39 mois
1171 865 21 36 à
1217 860 177 53 Duprez
1412 874 115 39 pour
1550 858 105 55 qu'il
1677 862 152 51 puisse
1853 873 45 27 se
1933 860 157 41 rendre
2113 873 53 28 en

147 936 124 42 Italie
289 950 10 35 ;
322 935 28 41 il
372 935 149 40 donne
555 946 88 28 une
682 933 358 52 représentation
1084 945 55 26 au
1160 928 199 43 bénéfice
1384 929 106 42 d'un
1514 930 122 40 élève
1661 930 157 52 appelé
1843 943 107 27 sous
1974 929 63 41 les
2061 929 78 40 dra-

146 1019 143 40 peaux
312 1019 9 34 ;
358 1002 138 49 enfin,
522 1003 29 39 il
578 1001 220 52 s'ingénie
822 1006 22 35 à
870 1014 124 27 caser
1013 1000 59 40 du
1093 1000 148 40 mieux
1265 999 106 53 qu'il
1397 1008 106 44 peut
1523 1013 107 27 ceux
1651 998 107 53 qu'il
1778 1013 21 26 a
1834 999 271 50 distingués.

200 1073 89 42 Les
312 1075 172 49 images
508 1070 134 55 qu'on
668 1086 22 26 a
719 1072 53 39 de
796 1071 77 47 lui,
905 1079 42 32 et
971 1071 75 51 qui
1071 1070 37 40 le
1131 1073 306 49 représentent
1463 1082 123 28 assez
1627 1072 100 47 âgé,
1749 1066 195 43 n'aident
1983 1073 138 46 guère
2146 1072 20 36 à

147 1144 39 40 le
218 1142 110 42 faire
360 1145 249 38 connaître.
642 1140 72 41 On
746 1155 28 38 y
814 1140 92 40 voit
938 1138 102 42 bien
1065 1152 47 28 ce
1135 1138 119 41 front
1274 1138 108 42 haut
1413 1138 64 50 (1)
1500 1138 108 42 dont
1650 1138 123 53 parle
1797 1150 80 28 son
1917 1147 251 44 passeport,

147 1214 114 39 mais
307 1213 104 40 c'est
433 1220 110 33 tout.
567 1209 120 42 C'est
724 1224 82 26 aux
832 1209 132 40 livres
988 1206 106 55 qu'il
1136 1207 94 41 faut
1272 1207 245 41 demander
1554 1221 81 27 son
1666 1209 202 51 portrait.
1912 1206 176 54 Duprez
2124 1220 44 27 se

147 1291 205 32 contente
372 1282 54 40 de
449 1281 94 40 dire
567 1278 107 54 qu'il
694 1281 117 38 avait
831 1291 87 28 une
941 1278 122 41 taille
1086 1291 240 39 moyenne,
1347 1277 40 40 la
1409 1275 145 52 figure
1597 1275 211 52 agréable
1827 1286 41 31 et
1910 1274 40 43 la
1989 1276 154 53 physio-

147 1354 151 39 nomie
336 1350 333 54 sympathique.
703 1348 31 40 Il
759 1346 198 43 n'oublie
981 1361 79 40 pas
1083 1347 55 41 de
1159 1347 146 53 parler
1326 1347 55 40 de
1421 1359 20 26 «
1468 1355 111 33 cette
1601 1348 100 39 voix
1731 1345 265 54 impossible
2023 1359 20 24 »
2086 1347 78 49 (2).

149 1434 20 25 «
188 1419 266 51 Cherubini,
470 1420 64 40 dit
553 1423 22 35 à
594 1432 82 27 son
700 1426 100 32 tour
814 1416 186 51 Elwart,
1023 1418 118 39 avait
1164 1429 87 28 une
1269 1417 100 39 voix
1387 1415 247 48 exécrable,
1654 1417 129 46 mais,
1798 1421 162 47 auprès
1983 1415 54 41 de
2059 1414 109 42 celle

150 1490 54 40 de
230 1488 205 48 Choron,
465 1488 83 40 elle
573 1489 118 39 avait
715 1495 121 33 toute
859 1486 39 40 la
922 1484 238 42 différence
1185 1487 75 51 qui
1284 1486 137 40 existe
1443 1493 125 33 entre
1587 1484 40 41 la
1661 1488 100 38 voix
1800 1484 55 41 de
1886 1484 40 40 la
1962 1483 206 42 colombe

148 1568 41 32 et
213 1559 63 40 les
300 1558 278 40 hurlements
596 1557 58 40 du
678 1555 166 41 chacal.
862 1567 23 28 »
911 1554 149 42 Scudo
1085 1564 118 31 trace
1225 1554 54 41 de
1300 1568 81 27 son
1399 1559 158 36 maître
1582 1569 58 26 un
1660 1554 76 52 joli
1760 1567 164 40 crayon
1939 1566 8 27 :
1967 1567 19 24 «
2009 1552 34 41 C
2063 1555 105 39 était

148 1642 60 26 un
232 1628 107 51 petit
362 1627 182 39 homme
568 1625 218 49 rondelet,
812 1637 192 40 presque
1028 1625 295 39 entièrement
1346 1623 187 51 chauve,
1561 1638 55 26 au
1639 1625 157 49 visage
1820 1622 242 49 chiffonné,
2084 1637 83 26 aux

150 1698 126 39 traits
306 1696 185 40 délicats
511 1704 41 31 et
579 1693 100 50 hns,
699 1692 133 43 d'une
854 1693 319 54 physionomie
1191 1695 115 45 vive,
1331 1695 158 47 riante,
1528 1699 57 34 où
1628 1705 47 28 se
1709 1693 201 52 peignait
1948 1705 86 27 une
2073 1705 96 27 rare

148 1765 324 41 bienveillance
510 1775 7 37 ;
544 1777 70 27 ses
639 1766 130 50 petits
791 1776 113 40 yeux
927 1764 164 39 étaient
1115 1761 182 53 remplis
1321 1761 53 41 de
1393 1763 85 46 vie,
1504 1761 182 53 d'esprit
1709 1769 41 33 et
1769 1761 55 41 de
1844 1761 159 40 malice
2029 1775 8 34 ;
2061 1761 28 40 il
2114 1775 54 27 ne

148 1835 218 41 marchait
396 1848 97 39 pas,
531 1834 29 40 il
583 1834 186 47 courait,
809 1832 28 40 il
872 1832 232 50 sautillait,
1140 1844 55 27 en
1219 1830 229 51 chantant,
1476 1830 178 41 sifflant.
1694 1843 20 25 »
1757 1830 170 55 Jamais
1965 1830 29 40 il
2020 1828 148 42 n'était

148 1918 56 27 en
236 1917 148 40 repos,
407 1904 63 39 dit
503 1916 81 28 son
622 1902 218 48 médecin,
868 1902 38 40 le
929 1901 186 41 docteur
1144 1899 230 51 Descuret,
1401 1902 93 49 qui,
1525 1900 97 52 déjà
1647 1912 105 28 sous
1797 1898 230 54 l'Empire,
2063 1901 105 39 était

149 1987 82 28 son
261 1975 106 38 ami.
404 1987 19 22 «
456 1971 90 42 Son
569 1971 286 51 intelligence
884 1969 302 42 bouillonnait
1221 1982 104 27 sans
1349 1982 123 27 cesse
1497 1980 8 37 ;
1532 1983 47 26 sa
1604 1968 165 51 langue
1799 1982 45 27 se
1888 1967 198 51 refusait,
2112 1982 54 26 en

150 2043 195 53 quelque
369 2050 134 40 sorte,
530 2046 21 35 à
575 2041 159 40 rendre
757 2041 39 40 le
832 2040 242 53 trop-plein
1098 2039 53 40 de
1181 2052 45 27 sa
1251 2043 178 48 pensée,
1468 2046 41 33 et
1544 2038 38 41 le
1619 2046 288 33 mouvement
1936 2037 229 53 perpétuel

150 2126 45 27 se
229 2113 192 39 trouvait
464 2111 111 41 dans
626 2123 69 27 ses
731 2109 151 51 doigts
917 2117 42 33 et
1000 2109 101 52 plus
1141 2121 161 28 encore
1340 2108 113 41 dans
1498 2121 71 27 ses
1606 2121 129 39 yeux,
1780 2105 57 43 où
1873 2107 208 40 venaient
2121 2120 47 27 se

148 2182 184 51 peindre
357 2180 63 42 les
443 2180 229 42 moindres
708 2180 254 40 sensations
992 2176 75 54 (3).
1095 2191 20 24 »

1133 2394 57 40 IV

978 2516 52 25 LE
1061 2514 287 27 PROFESSEUR

207 2650 20 24 «
258 2636 244 49 Autrefois,
547 2637 62 40 dit
651 2636 136 50 Fétis,
825 2636 40 39 la
909 2635 209 41 méthode
1156 2636 142 40 suivie
1335 2649 80 39 par
1446 2635 157 53 Lainé,
1649 2636 184 52 Adrien,
1871 2647 42 32 et
1957 2646 100 33 tous
2095 2652 71 27 ces

149 2709 181 38 maîtres
354 2704 133 54 qu'on
524 2705 194 54 appelait
741 2703 280 54 professeurs
1055 2705 55 40 de
1132 2704 298 41 déclamation
1455 2706 188 53 lyrique,
1681 2709 117 38 avait
1822 2720 115 40 pour
1974 2707 99 42 effet
2112 2708 54 41 de

147 2775 196 41 détruire
375 2775 63 40 les
472 2777 101 39 voix
606 2775 113 40 dans
744 2774 95 41 leur
862 2775 198 52 principe
1088 2788 80 38 par
1206 2773 274 52 l'ignorance
1502 2781 57 35 où
1593 2789 57 28 on
1685 2777 105 40 était
1814 2776 54 41 de
1891 2791 46 26 ce
1962 2778 75 51 qui
2062 2791 77 27 con-

149 2858 128 27 cerne
300 2844 38 41 la
364 2846 112 38 mise
499 2844 53 42 de
577 2844 38 40 la
641 2845 117 46 voix,
772 2841 39 43 la
835 2843 312 52 vocalisation,
1173 2851 42 33 et
1232 2844 100 52 plus
1352 2857 159 28 encore
1533 2859 80 38 par
1635 2843 318 53 l'exagération
1974 2846 53 40 de
2050 2845 116 43 force

148 3020 35 26 et
205 3012 196 34 d'Armide.
426 3012 113 32 Emue
562 3022 64 30 par
661 3014 32 31 la
727 3012 174 40 présence
937 3012 62 32 des
1026 3011 159 41 princes,
1220 3010 143 35 celle-ci
1387 3011 185 33 chevrote.
1655 3024 15 16 «
1688 3012 40 39 Je
1762 3012 180 32 demande
1957 3012 141 40 pardon
2118 3022 43 23 au

148 3078 15 15 «
189 3064 67 39 roi,
282 3062 126 35 s'écria
429 3070 79 26 tout
534 3064 18 30 à
574 3072 95 31 coup
703 3062 162 38 Choron,
885 3061 105 39 mais,
1024 3061 285 41 Mademoiselle,
1336 3072 90 21 vous
1465 3064 88 30 allez
1577 3071 56 23 me
1665 3071 272 24 recommencer
1971 3072 40 32 ça
2046 3074 7 20 :
2076 3073 89 22 vous

148 3127 16 17 «
190 3114 151 33 chantez
362 3123 141 23 comme
525 3123 48 22 un
596 3123 62 22 cor
680 3112 44 33 de
746 3115 141 30 chasse.
910 3123 15 16 »
950 3112 159 38 L'autre,
1129 3113 167 38 atterrée,
1316 3111 88 33 fond
1420 3121 42 23 en
1484 3114 143 31 larmes,
1643 3121 19 23 a
1683 3112 53 32 Ah
1758 3113 6 31 !
1787 3112 51 34 dit
1855 3111 149 34 Charles
2027 3112 31 32 X
2080 3122 85 24 avec

148 3178 16 16 «
190 3165 124 38 bonté,
335 3175 46 21 un
405 3173 68 32 peu
492 3163 274 42 d'indulgence,
788 3162 189 33 Monsieur
992 3163 160 32 Choron.
1172 3173 16 20 »
1265 3171 20 23 ce
1298 3161 77 33 Bah
1396 3165 7 29 !
1423 3162 71 32 bah
1508 3161 186 42 îrépondit
1713 3164 31 30 le
1765 3162 126 34 maître
1914 3173 83 22 sans
2017 3165 82 38 plus
2122 3163 43 33 de

150 3229 14 16 «
190 3216 138 42 façons,
353 3217 67 31 elle
452 3224 44 23 en
520 3225 17 22 a
566 3213 214 38 l'habitude,
806 3212 93 40 Sire,
938 3213 123 42 quand
1092 3215 68 31 elle
1183 3215 141 39 pleure,
1359 3214 68 31 elle
1448 3224 90 29 p....
1571 3212 131 33 moins.
1732 3225 13 16 »
1830 3212 25 33 Il
1879 3212 52 33 fut
1948 3212 217 41 impossible

148 3265 190 34 d'achever
353 3267 33 32 le
410 3265 86 32 duo.
519 3274 19 23 »
557 3262 241 44 (Laferrière).

190 3316 50 43 (1)
263 3316 21 33 6
305 3319 83 30 août
418 3314 88 43 1827
529 3325 5 21 :
559 3327 13 16 «
602 3325 40 33 54
670 3325 76 28 ans,
788 3325 10 21 1
827 3325 45 21 m.
897 3313 60 40 68,
985 3316 161 31 cheveux
1167 3313 91 43 gris,
1294 3313 97 33 front
1411 3313 102 37 haut,
1537 3313 154 33 sourcils
1712 3313 177 40 châtains,
1914 3323 92 33 yeux
2047 3314 117 40 bleus,

148 3368 144 32 bouche
311 3373 34 26 et
371 3375 63 23 nez
461 3375 164 31 moyens,
651 3372 146 25 menton
820 3363 106 38 rond,
949 3364 128 42 visage
1102 3366 117 36 ovale,
1241 3363 90 33 teint
1348 3362 195 34 ordinaire.
1568 3375 13 16 »

190 3416 49 43 (2)
265 3433 15 15 «
306 3416 39 39 Je
368 3415 75 33 suis
466 3418 33 30 la
517 3415 118 41 pierre
661 3415 63 42 qui
748 3414 143 43 aiguise
916 3416 32 30 le
971 3414 62 39 fer,
1058 3426 83 21 sans
1181 3413 155 42 pouvoir
1361 3423 135 31 couper
1521 3415 201 31 elle-même
1746 3422 29 30 »,
1799 3413 108 34 disait
1949 3413 144 33 Choron
2120 3423 43 23 en

147 3469 191 39 rappelant
362 3478 48 20 un
425 3476 81 23 vers
526 3465 193 34 d'Horace.

193 3516 47 45 (3)
266 3518 97 31 Dans
386 3527 37 22 sa
446 3516 180 41 jeunesse,
651 3515 22 32 il
692 3515 94 33 avait
806 3525 42 22 eu
872 3515 62 32 des
957 3514 111 34 crises
1091 3514 227 42 d'épilepsie.
1346 3515 96 32 Dans
1462 3516 31 30 le
1517 3513 252 34 Dictionnaire
1790 3513 185 41 Michaud,
2015 3515 149 43 Fayolle

147 3573 149 27 raconte
318 3566 83 42 quel
426 3576 130 32 moyen
580 3566 24 32 il
625 3565 164 43 imagina
809 3576 94 31 pour
927 3575 37 23 se
985 3565 138 43 guérir.
