2303 3802
532 185 268 44 L'ORATORIO
835 200 52 27 ET
921 200 79 29 LES
1037 201 213 30 ORIGINES
1287 204 54 27 DE
1376 190 186 42 L'OPÉRA
1598 204 174 28 ITALIEN

2074 191 79 52 625

194 285 100 55 Que
318 301 115 30 nous
456 289 214 42 disait-on
688 304 55 27 en
765 289 102 43 effet
891 313 13 18 r
924 289 99 54 Que
1046 293 38 40 la
1129 292 144 42 forme
1306 294 216 41 musicale
1556 294 53 40 de
1639 293 231 42 l'oratorio
1908 293 106 41 était
2037 293 121 39 issue

138 357 79 40 des
240 360 219 40 exercices
484 359 227 53 spirituels
732 360 234 53 auxquels,
992 374 101 28 vers
1118 362 37 41 le
1180 371 144 45 temps
1348 363 53 41 de
1425 362 268 50 Palestrina,
1717 365 116 39 saint
1872 362 210 53 Philippe
2104 360 54 42 de

138 424 107 42 Néri
268 426 273 55 (1515-1595)
569 425 142 45 s'était
728 429 212 53 appliqué
963 434 22 36 à
1011 433 179 39 convier
1209 432 62 41 les
1295 430 170 43 fidèles.
1488 431 64 42 Le
1575 445 105 28 nom
1705 436 146 37 même
1870 432 54 41 de
1947 432 40 41 la
2009 431 120 41 cham-

139 494 78 42 bre
240 496 53 41 de
313 498 160 50 prière,
499 497 54 41 de
576 497 226 41 l'oratoire
830 496 247 55 (oratorio),
1105 506 57 35 où
1198 501 54 40 ils
1285 515 46 28 se
1350 503 297 40 réunissaient
1667 510 159 33 autour
1844 502 53 40 de
1918 515 48 28 sa
1990 501 165 47 chaire,

139 566 118 39 avait
287 566 344 41 naturellement
671 572 135 47 passé
844 571 21 36 à
906 568 39 40 la
971 571 207 52 musique
1200 568 132 55 qu'on
1352 586 28 39 y
1401 571 246 48 entendait,
1668 585 73 26 car
1774 572 122 40 aussi
1920 570 102 42 bien
2043 584 114 39 pour

140 635 153 39 attirer
325 634 64 41 les
421 635 279 41 indifférents
739 650 86 39 que
864 650 114 39 pour
1004 638 156 42 rendre
1184 639 100 53 plus
1306 638 230 54 persuasif
1569 638 132 44 l'effet
1734 640 54 40 de
1812 654 46 27 sa
1886 642 153 51 pieuse
2065 640 69 40 élo-

140 716 187 39 quence,
353 705 117 39 saint
495 703 211 55 Philippe
731 705 53 41 de
807 705 106 41 Néri
938 709 118 39 avait
1080 706 78 43 fait
1182 712 21 36 à
1230 708 39 40 la
1294 710 207 52 musique
1526 722 85 28 une
1632 719 97 43 part
1751 714 86 36 très
1881 710 142 50 large.
2053 708 102 42 Ami

140 771 55 41 de
218 769 54 43 G.
300 771 279 48 Animuccia,
606 773 53 41 de
701 773 271 54 Palestrina,
997 776 108 42 dont
1129 777 28 40 il
1183 776 63 42 fut
1267 777 38 41 le
1328 778 219 41 directeur
1581 787 41 32 et
1653 779 92 52 qui,
1780 779 160 45 dit-on,
1975 786 182 33 mourut

141 840 113 41 dans
275 854 73 27 ses
374 840 122 49 bras,
533 844 218 40 musicien
773 844 230 42 lui-même
1033 858 56 28 ou
1113 846 58 40 du
1190 848 148 40 moins
1353 856 253 31 ressentant
1629 849 224 39 vivement
1883 847 62 40 les
1969 846 186 43 beautés

141 909 54 41 de
218 908 114 54 l'art,
355 924 47 27 ce
423 912 117 40 saint
584 926 286 40 personnage
893 915 144 40 s'était
1059 915 221 52 persuadé
1301 929 84 40 que
1401 916 62 41 les
1482 917 162 40 vérités
1661 916 235 41 éternelles
1919 921 235 48 pénètrent

143 978 99 54 plus
263 981 218 41 aisément
516 981 63 41 les
613 985 123 38 âmes
761 985 36 38 si
823 983 78 41 des
920 983 158 42 chants
1110 998 177 37 graves,
1331 985 214 50 religieux
1576 993 41 33 et
1654 986 254 50 touchants,
1933 987 130 40 écrits
2100 999 54 27 en

141 1049 168 50 langue
330 1049 220 51 vulgaire,
575 1051 96 41 leur
694 1061 176 32 servent
902 1052 324 53 d'interprètes.
1265 1053 64 41 De
1367 1054 82 40 tels
1473 1054 171 49 chants,
1676 1053 260 43 Animuccia
1976 1063 40 33 et
2050 1054 104 42 bien

141 1117 197 43 d'autres
362 1133 162 27 encore
546 1122 165 40 étaient
750 1122 38 40 là
814 1134 114 40 pour
950 1122 63 40 les
1044 1135 248 40 composer.
1319 1122 56 41 Et
1414 1136 72 27 ces
1519 1122 144 41 Landi
1694 1123 232 55 spirituali,
1958 1138 112 39 pour
2093 1124 63 42 les

143 1188 183 52 appeler
345 1202 80 39 par
463 1188 97 42 leur
602 1202 121 35 nom,
769 1203 56 28 on
853 1190 63 41 les
940 1192 228 40 concevait
1193 1204 122 28 assez
1339 1192 261 48 volontiers,
1627 1206 105 26 sans
1756 1190 134 55 qu'on
1914 1197 85 49 prît
2024 1192 106 42 beau-

143 1270 113 40 coup
277 1258 54 40 de
351 1259 130 51 peine
503 1261 21 37 à
548 1270 115 29 nous
687 1272 54 27 en
765 1259 169 41 décrire
976 1259 40 41 le
1056 1259 112 52 style
1209 1268 42 32 et
1293 1260 40 40 la
1369 1259 158 49 forme,
1553 1273 172 29 comme
1748 1262 78 40 des
1857 1263 223 40 manières
2101 1263 53 40 de

141 1326 238 51 dialogues
419 1340 56 27 ou
508 1325 288 53 d'allégories
823 1327 198 41 dévotes.
1049 1326 32 41 Il
1102 1329 106 39 était
1239 1341 123 28 assez
1387 1329 172 40 naturel
1585 1343 85 38 que
1687 1330 225 41 l'oratorio
1930 1331 54 41 de
2008 1330 123 42 Caris-

142 1397 102 39 simi
269 1408 56 29 ou
350 1395 113 40 celui
482 1395 54 40 de
561 1395 119 40 Bach
706 1409 53 26 en
783 1404 182 33 eussent
983 1398 80 39 tiré
1082 1396 96 41 leur
1196 1397 175 50 origine
1393 1406 41 31 et
1467 1397 118 40 leurs
1629 1399 165 50 règles.
1839 1398 88 42 Les
1969 1406 186 47 progrès

140 1464 55 41 de
215 1461 97 44 l'art
338 1472 42 33 et
403 1472 175 33 surtout
602 1463 252 42 l'influence
873 1465 55 40 de
950 1465 39 40 la
1015 1466 209 51 musique
1248 1467 225 39 récitative
1494 1470 21 35 à
1540 1467 99 39 voix
1664 1467 138 48 seule,
1827 1468 231 40 invention
2077 1468 78 40 des

143 1541 242 33 novateurs
423 1532 233 42 florentins
694 1533 59 41 du
793 1533 176 41 cénacle
1007 1534 55 40 de
1092 1533 152 48 Bardi,
1269 1531 252 43 suffisaient
1560 1534 100 53 plus
1700 1534 201 53 qu'assez
1935 1540 22 36 à
1998 1537 158 40 rendre

142 1611 176 44 compte
341 1602 78 41 des
440 1601 277 42 différences.

200 1672 73 42 On
310 1686 53 27 ne
400 1674 169 40 saurait
594 1673 93 40 dire
711 1677 282 37 assurément
1016 1685 86 39 que
1109 1680 6 9 x
1132 1670 234 54 l'esquisse
1390 1674 113 38 ainsi
1527 1677 143 37 tracée
1687 1674 53 40 de
1764 1670 216 44 l'histoire
2008 1675 53 40 de
2079 1672 59 44 l'o-

143 1743 165 40 ratorio
344 1743 84 39 soit
470 1743 298 52 précisément
799 1743 213 39 inexacte.
1056 1741 117 40 Mais
1195 1741 30 40 il
1247 1755 28 39 y
1291 1755 196 39 manque
1530 1746 22 35 à
1588 1744 92 39 vrai
1700 1743 94 40 dire
1813 1743 255 41 l'essentiel.
2095 1742 62 43 Le

142 1813 125 52 point
292 1811 216 40 d'arrivée
626 1811 228 41 l'oratorio
879 1811 54 40 de
958 1809 235 42 Carissimi
1218 1811 35 39 si
1278 1808 89 43 l'on
1390 1819 103 32 veut
1590 1820 65 32 est
1689 1825 124 27 assez
1837 1811 103 42 bien
1971 1825 145 28 connu
2144 1827 10 35 ;

142 1880 40 41 le
202 1882 125 51 point
366 1880 55 40 de
451 1880 157 52 départ
718 1880 61 40 les
813 1880 111 41 deux
951 1879 133 41 livres
1107 1879 54 41 de
1185 1879 142 40 Laudi
1345 1878 221 55 spirituali
1596 1879 305 42 d'Animuccia
1935 1895 135 38 parus
2101 1896 55 26 en

148 1954 99 48 1563
270 1959 42 31 et
341 1962 122 40 1570,
482 1947 95 43 l'est
600 1948 98 54 déjà
716 1948 234 53 beaucoup
964 1949 164 40 moins.
1153 1946 153 54 Quant
1330 1962 83 27 aux
1434 1950 280 51 transitions,
1733 1949 268 41 insensibles
2027 1959 104 43 peut-

141 2022 106 46 être,
275 2019 113 40 mais
406 2020 275 39 nécessaires
704 2032 80 39 par
806 2019 107 51 quoi
931 2018 12 39 I
962 2031 57 27 on
1044 2030 132 40 passa
1194 2017 54 41 de
1271 2030 72 28 ces
1362 2017 173 49 chants,
1556 2018 248 41 nullement
1830 2018 322 54 dramatiques,

141 2090 131 39 écrits
290 2092 21 37 à
332 2103 42 36 4,
400 2101 37 39 5,
461 2091 24 38 6
510 2101 56 28 ou
591 2091 22 37 8
640 2089 117 47 voix,
796 2102 56 26 au
876 2088 112 52 style
1027 2087 276 53 monodique
1325 2096 41 32 et
1386 2086 193 42 récitatif
1594 2088 53 41 de
1664 2087 226 42 l'oratorio
1915 2088 240 53 classique,

139 2158 117 41 voilà
277 2166 175 33 surtout
469 2171 47 27 ce
548 2158 76 52 qui
649 2161 153 36 restait
822 2166 95 32 tout
934 2161 23 36 à
980 2156 79 41 fait
1079 2157 172 51 ignoré.

198 2226 63 42 Le
283 2227 143 51 grand
452 2228 156 39 mérite
649 2227 57 40 du
731 2227 109 40 livre
863 2225 54 41 de
938 2225 61 40 M.
1026 2223 216 44 Alaleona
1264 2234 65 33 est
1365 2223 168 44 d'avoir
1556 2225 175 42 éclairci
1764 2226 38 41 le
1828 2225 245 53 problème.
2100 2225 55 42 Et

142 2297 64 41 les
235 2296 209 41 résultats
468 2296 53 40 de
541 2309 81 27 son
658 2299 192 49 enquête
869 2295 171 41 érudite
1060 2303 41 32 et
1125 2296 270 40 minutieuse
1418 2309 54 26 ne
1490 2295 149 41 valent
1663 2309 78 38 pas
1767 2295 249 41 seulement
2039 2308 114 40 pour

139 2366 41 41 le
203 2367 113 51 sujet
336 2365 256 53 particulier
624 2364 108 54 qu'il
757 2363 144 43 s'était
933 2365 191 52 imposé.
1161 2363 57 41 Ils
1253 2364 254 40 illuminent
1541 2363 54 41 de
1628 2363 130 51 façon
1786 2364 199 40 décisive
2023 2363 112 43 l'évo-

141 2436 142 41 lution
308 2434 215 42 musicale
546 2434 77 41 des
644 2443 146 32 toutes
814 2434 228 40 dernières
1061 2437 167 37 années
1245 2433 58 41 du
1326 2448 71 26 xvi
1402 2438 16 17 e
1440 2433 150 41 siècle.

196 2503 201 54 Puisque
416 2501 226 44 l'oratorio
675 2512 66 33 est
762 2504 107 40 sorti
886 2503 78 41 des
992 2502 142 41 Laudi
1150 2502 220 54 spirituali
1373 2533 9 17 ,
1406 2502 29 40 il
1456 2503 230 52 importait
1709 2510 95 33 tout
1825 2501 188 42 d'abord
2114 2512 41 32 et

141 2574 55 42 de
226 2574 110 48 cela,
361 2573 77 42 nul
462 2586 55 28 ne
537 2572 145 43 s'était
704 2585 161 29 encore
903 2573 123 40 avisé
1129 2572 55 41 de
1219 2570 162 42 définir
1404 2584 104 28 avec
1522 2572 223 52 précision
1766 2585 55 27 en
1844 2573 107 51 quoi
1983 2573 150 40 consis-

141 2645 137 40 taient
294 2657 71 27 ces
388 2642 144 41 Laudi
538 2674 8 17 ,
569 2651 95 33 tant
686 2655 113 40 pour
815 2642 39 41 le
875 2650 114 33 texte
1005 2654 87 40 que
1116 2655 114 40 pour
1250 2641 39 40 la
1313 2641 223 53 musique.
1558 2639 143 54 Après
1721 2654 87 27 une
1847 2640 185 53 analyse
2061 2655 73 28 suc-

140 2714 141 40 cincte
299 2721 42 33 et
363 2716 261 49 pénétrante
647 2712 54 40 de
724 2710 120 44 l'état
866 2711 78 41 des
965 2724 170 28 mœurs
1157 2719 42 33 et
1216 2710 54 41 de
1287 2710 40 41 la
1352 2711 162 40 société
1547 2711 367 52 contemporaine
1948 2710 55 41 de
2042 2712 117 40 saint

139 2782 210 53 Philippe
368 2782 53 40 de
441 2780 122 49 Néri,
582 2793 55 29 en
654 2794 71 28 ces
745 2789 144 45 temps
914 2786 74 43 où,
1011 2780 142 40 lassée
1174 2779 58 41 du
1256 2780 266 52 paganisme
1552 2778 101 54 plus
1676 2791 57 28 ou
1759 2780 146 40 moins
1926 2781 228 40 conscient

138 2851 55 41 de
216 2851 40 41 la
296 2853 220 51 première
554 2850 322 49 Renaissance,
912 2848 158 42 l'ltalie
1093 2846 102 44 s'est
1216 2847 297 42 abandonnée
1552 2852 22 36 à
1599 2848 38 40 la
1665 2850 196 40 réaction
1885 2848 271 53 catholique,

139 2921 113 41 dans
275 2934 87 28 une
397 2921 112 40 crise
531 2919 54 41 de
609 2919 248 52 religiosité
880 2918 235 53 beaucoup
1145 2918 100 53 plus
1280 2919 226 52 mystique
1529 2925 40 33 et
1593 2916 197 42 fervente
1814 2931 87 39 que
1933 2916 89 42 l'on
2047 2918 112 41 n'est

140 2995 119 37 tenté
281 2994 364 37 communément
668 2989 54 41 de
746 2989 39 40 le
808 2990 157 46 croire,
1001 2986 189 43 l'auteur
1221 3001 53 26 va
1305 2999 112 29 nous
1441 2985 109 42 faire
1580 2991 205 48 pénétrer
1807 2987 114 40 dans
1955 2995 65 32 cet
2056 3000 76 27 ora-

139 3061 113 40 toire
275 3073 86 40 que
374 3058 40 42 le
434 3060 118 40 saint
586 3072 21 27 a
629 3056 152 53 fondé,
809 3062 22 36 à
856 3055 350 44 San-Girolamo
1231 3053 186 43 d'abord
1440 3068 101 28 vers
1566 3058 122 49 1560,
1708 3059 22 37 à
1763 3053 140 44 Santa
1930 3055 144 41 Maria
2112 3057 46 39 in

139 3128 230 43 Vaîlicella
391 3128 100 54 plus
524 3128 97 42 tard
653 3141 56 28 en
737 3140 119 40 1577,
884 3127 148 53 quand
1056 3139 82 28 son
1174 3138 153 28 œuvre
1363 3139 105 27 aura
1504 3126 93 52 pris
1627 3137 81 28 son
1733 3125 120 52 plein
1889 3125 243 52 développe-

139 3207 137 33 ment.
308 3197 80 50 Là,
417 3198 61 41 les
502 3196 156 43 fidèles
679 3210 46 28 se
754 3198 255 40 réunissent
1029 3199 22 37 à
1077 3196 193 41 certains
1289 3195 136 52 jours.
1439 3194 9 13 r
1454 3192 72 43 On
1550 3194 171 41 récitait
1743 3193 218 53 quelques
1987 3194 168 52 prières

137 3277 42 32 et
203 3267 90 42 l'on
310 3269 192 40 écoutait
525 3282 59 27 un
609 3280 56 29 ou
684 3267 226 53 plusieurs
927 3278 219 36 sermons,
1172 3264 203 53 toujours
1393 3264 211 52 précédés
1626 3271 42 33 et
1691 3264 140 40 suivis
1851 3262 53 42 de
1930 3264 225 51 musique.

194 3337 65 42 De
297 3351 72 27 ces
400 3339 251 50 musiques,
683 3333 218 56 d'amples
925 3335 260 42 collections
1209 3341 77 34 ont
1317 3337 68 36 été
1402 3337 265 36 conservées
1694 3342 7 30 :
1724 3332 160 53 depuis
1912 3334 119 52 1563,
2057 3330 102 42 date

137 3407 54 41 de
211 3405 286 55 l'apparition
518 3406 54 41 de
591 3407 194 52 premier
805 3405 110 41 livre
945 3403 326 49 d'Animuccia,
1297 3401 205 54 jusqu'en
1529 3401 110 42 1600
1658 3409 42 32 et
1723 3401 117 52 plus,
1867 3401 84 40 soit
1972 3398 187 55 qu'elles

137 3479 119 39 aient
278 3481 69 37 été
369 3477 278 52 imprimées,
685 3477 86 40 soit
805 3475 187 53 qu'elles
1033 3472 248 42 subsistent
1317 3472 249 41 seulement
1588 3485 56 27 en
1667 3471 264 48 manuscrit,
1957 3468 63 41 M.
2046 3467 83 43 Ala-

136 3546 128 42 leona
297 3560 56 28 en
372 3546 150 41 donne
544 3559 88 28 une
659 3544 339 52 bibliographie
1019 3549 88 37 très
1129 3542 221 52 complète
1373 3550 57 41 et,
1447 3555 47 28 ce
1526 3542 76 52 qui
1625 3548 106 34 vaut
1753 3542 222 51 peut-être
1999 3540 149 40 mieux
