3319 4572
2840 427 35 37 19

328 557 33 37 2.
390 555 59 37 die
478 552 231 47 Einführung
738 553 64 39 der
830 556 251 44 progressiven
1110 556 315 46 Arbeitslosigkeit
1453 558 116 39 durch

328 606 231 40 umfassende
598 604 319 48 Mechanisierung
952 607 101 45 jeder
1090 607 195 46 Tätigkeit.
1337 609 81 38 Nur
1453 610 116 38 durch

325 659 60 39 die
411 656 315 46 Arbeitslosigkeit
752 659 158 44 gewinnt
938 659 65 38 der
1030 658 171 40 Einzelne
1227 661 59 37 die
1316 661 252 45 Möglichkeit,

326 712 90 37 über
446 710 59 37 die
536 707 188 40 Wahrheit
753 710 65 38 des
849 710 144 38 Lebens
1023 711 78 38 sich
1131 727 45 22 zu
1206 713 255 44 vergewissern
1492 713 76 38 und

326 761 146 40 endlich
500 776 45 23 an
572 760 63 39 das
664 760 154 39 Erleben
846 761 78 39 sich
951 778 45 22 zu
1022 763 215 44 gewöhnen.

326 814 33 40 3.
387 814 59 38 die
474 812 171 45 sofortige
673 812 278 46 Expropriation
979 814 64 38 des
1070 814 160 39 Besitzes
1257 814 312 48 (Sozialisierung)

326 866 76 38 und
426 864 327 39 kommunistische
776 865 214 45 Ernährung
1015 866 97 44 aller,
1137 868 108 37 sowie
1267 867 60 38 die
1350 867 218 46 Errichtung

325 919 65 38 der
413 916 282 46 Allgemeinheit
716 916 227 46 gehörender
967 917 124 38 Licht-
1115 919 76 37 und
1216 918 272 44 Gartenstädte,
1510 920 59 39 die

325 971 72 38 den
427 967 205 40 Menschen
660 981 64 25 zur
752 967 160 40 Freiheit
940 969 227 40 entwickeln.

333 1043 33 39 II

330 1105 76 38 Der
431 1102 202 41 Zentralrat
659 1103 79 37 tritt
764 1103 58 38 ein
849 1102 77 39 für:

326 1156 34 46 a)
396 1156 60 38 die
491 1154 214 39 öffentliche
740 1154 156 46 tägliche
933 1154 181 46 Speisung
1152 1157 85 37 aller
1274 1156 296 46 schöpferischen

326 1209 76 37 und
425 1207 177 46 geistigen
630 1206 205 39 Menschen
860 1206 61 38 auf
945 1207 84 37 dem
1051 1207 211 39 Potsdamer
1283 1207 98 39 Platz
1403 1208 156 46 (Berlin)

327 1260 38 46 b)
394 1260 60 38 die
483 1258 281 47 Verpflichtung
794 1258 65 38 der
890 1257 227 40 Geistlichen
1147 1259 77 38 und
1255 1258 137 41 Lehrer
1421 1260 61 39 auf
1512 1261 59 38 die

326 1310 269 40 dadaistischen
623 1310 301 44 Glaubenssätze,

324 1364 34 45 c)
379 1364 71 38 den
472 1362 202 39 brutalsten
698 1361 136 47 Kampf
855 1377 114 31 gegen
990 1361 67 39 alle
1079 1361 230 47 Richtungen
1330 1373 242 35 sogenannter

324 1416 170 45 geistiger
527 1414 169 39 Arbeiter
728 1414 145 46 (Hiller,
909 1413 137 46 Adler),
1080 1430 115 29 gegen
1229 1414 111 39 deren
1373 1415 199 39 versteckte

327 1467 287 45 Bürgerlichkeit
651 1466 77 38 und
764 1481 115 31 gegen
917 1466 72 38 den
1028 1465 335 47 Expressionismus
1401 1467 75 38 und
1513 1467 59 38 die

325 1519 290 39 nachklassische
639 1518 172 46 Bildung,
836 1518 67 38 wie
928 1518 52 37 sie
1003 1533 85 22 vom
1112 1517 127 38 Sturm
1263 1528 180 29 vertreten
1468 1519 102 43 wird,

326 1571 39 45 d)
395 1571 60 38 die
486 1570 172 46 sofortige
689 1569 219 46 Errichtung
938 1571 101 37 eines
1070 1569 395 40 Staats-Kunsthauses
1495 1571 76 38 und

326 1623 59 39 die
425 1622 223 46 Aufhebung
692 1623 65 38 der
796 1621 278 46 Besitzbegriffe
1115 1623 38 36 in
1199 1622 65 38 der
1300 1638 120 22 neuen
1451 1621 120 40 Kunst

324 1674 381 47 (Expressionismus),
731 1674 65 38 der
821 1673 258 46 Besitzbegriff
1103 1674 90 38 wird
1219 1674 245 38 vollkommen
1491 1690 60 23 aus-

324 1726 197 47 geschaltet
534 1728 37 36 in
587 1727 64 37 der
665 1726 355 38 überindividuellen
1036 1725 206 46 Bewegung
1256 1726 65 38 des
1337 1726 234 44 Dadaismus,

321 1780 66 38 der
416 1778 66 39 alle
514 1777 205 39 Menschen
749 1777 146 44 befreit,

325 1831 34 46 e)
383 1830 233 46 Einführung
639 1830 66 39 des
729 1829 347 40 simultanistischen
1102 1828 202 40 Gedichtes
1328 1830 51 38 als
1402 1829 140 39 kommu-

325 1882 192 40 nistisches
545 1882 241 46 Staatsgebet,

322 1935 30 46 f)
393 1934 175 46 Freigabe
606 1935 64 37 der
711 1933 162 39 Kirchen
913 1946 64 25 zur
1015 1931 236 47 Aufführung
1291 1932 277 43 bruitistischer,

322 1985 342 40 simultanistischer
689 1986 76 37 und
791 1984 263 39 dadaistischer
1080 1983 196 44 Gedichte,

322 2039 37 45 g)
378 2038 218 45 Errichtung
616 2038 101 38 eines
735 2037 268 39 dadaistischen
1023 2036 140 39 Beirats
1180 2037 37 37 in
1236 2036 101 46 jeder
1356 2035 106 40 Stadt
1481 2036 90 39 über

323 2091 46 38 50
383 2090 70 38 000
479 2089 221 39 Einwohner
724 2103 65 24 zur
815 2088 290 46 Neugestaltung
1131 2088 65 38 des
1223 2088 157 43 Lebens,

323 2142 38 46 h)
392 2142 172 45 sofortige
595 2140 291 46 Durchführung
916 2141 100 38 einer
1044 2138 363 47 großdadaistischen
1435 2139 110 46 Propa-

321 2195 119 45 ganda
470 2195 65 37 mit
569 2193 64 39 150
663 2193 195 38 Zirkussen
888 2206 64 24 zur
981 2191 225 46 Aufklärung
1236 2192 64 37 des
1327 2191 240 44 Proletariats,

322 2246 28 45 i)
385 2245 190 39 Kontrolle
607 2245 87 38 aller
727 2244 156 39 Gesetze
916 2244 76 37 und
1025 2243 289 46 Verordnungen
1347 2243 117 39 durch
1495 2243 71 38 den

321 2297 269 40 dadaistischen
620 2297 202 40 Zentralrat
851 2296 65 38 der
945 2295 313 43 Weltrevolution,

322 2350 36 45 k)
371 2350 172 45 sofortige
555 2349 188 45 Regelung
756 2349 86 38 aller
853 2347 386 45 Sexualbeziehungen
1250 2347 52 37 im
1312 2346 256 39 international

321 2401 267 40 dadaistischen
622 2401 114 38 Sinne
767 2399 117 40 durch
916 2399 219 46 Errichtung
1167 2399 101 38 einer
1298 2397 270 40 dadaistischen

326 2453 412 40 Geschlechtszentrale.

515 2515 77 39 Der
616 2514 246 39 dadaistische
888 2514 264 38 revolutionäre
1178 2512 202 39 Zentralrat

326 2566 153 48 Gruppe
501 2566 272 40 Deutschland:
797 2566 228 43 Hausmann,
1048 2564 269 44 Huelsenbeck,
1342 2563 226 46 Golyscheff,

437 2618 317 40 Geschäftsstelle:
782 2617 321 46 Charlottenburg,
1134 2615 218 40 Kantstraße
1382 2616 76 38 118,

323 2671 401 45 Beitrittserklärungen
753 2671 145 38 werden
928 2670 82 37 dort
1037 2680 414 34 entgegengenommen.

327 2778 133 45 ÜBER
502 2784 89 39 EIN
635 2783 142 40 BUCH
822 2783 253 38 THEODOR
1118 2781 249 39 LESSINGS
1408 2781 14 46 /
1466 2780 66 38 Ge-

323 2847 254 39 schichte
619 2846 76 39 als
738 2846 357 44 Sinngebung
1137 2845 89 37 des
1268 2843 297 39 Sinnlosen

323 2940 130 38 Dieses
474 2940 103 40 Buch
598 2940 229 46 (erschienen
855 2939 87 38 1919
965 2939 59 37 bei
1047 2938 43 38 C.
1114 2938 47 37 H.
1184 2937 96 39 Beck
1299 2938 36 37 in
1361 2935 205 46 München)

319 2993 127 44 gesellt
474 2992 78 39 sich
580 2993 107 45 jenen
718 2992 177 43 wenigen,
925 2990 231 45 einmaligen,
1186 2989 271 43 unbekannten,
1488 2988 79 39 weil

319 3043 61 38 für
402 3045 64 37 das
491 3044 296 45 Tagesinteresse
810 3042 102 39 nicht
937 3042 263 38 verwertbaren
1227 3041 167 43 Werken,
1418 3041 59 37 die
1502 3041 65 36 mit

321 3096 311 39 unbedenklicher
661 3095 207 39 Blickweite
897 3094 76 38 und
1002 3108 184 28 warmem,
1214 3093 230 45 lebendigem
1462 3092 105 38 Blute

319 3164 65 22 aus
411 3149 128 38 letzter
566 3149 180 37 einsamer
775 3147 106 37 Höhe
911 3146 146 37 Letztes
1085 3149 127 41 sagen!
1255 3145 80 38 Alle
1363 3144 204 38 Vorurteile

320 3200 76 38 und
427 3199 386 46 Zeitbefangenheiten
845 3197 208 39 erkennend
1085 3197 75 37 und
1193 3196 183 44 meidend,
1407 3196 67 38 alle
1503 3211 64 23 aus

320 3251 198 40 Seelennot
562 3252 88 39 oder
695 3250 235 46 mangelnder
974 3249 164 38 Einsicht
1182 3248 244 39 wuchernden
1472 3248 70 37 Aus-

319 3303 139 39 flüchte
499 3304 78 38 und
619 3303 328 45 Beschönigungen
991 3300 224 43 entlarvend,
1257 3300 94 45 fragt
1394 3299 173 39 Theodor

321 3355 172 46 Lessings
541 3355 258 39 unerbittliche
847 3353 235 43 Ehrlichkeit,
1145 3368 70 22 was
1266 3351 279 39 Geschichtsent-

319 3408 157 45 stehung
504 3408 69 43 sei;
603 3408 76 38 und
707 3408 59 37 die
794 3407 280 42 Beantwortung
1103 3404 119 37 dieser
1250 3403 113 45 Frage
1393 3403 99 43 muß,
1521 3403 46 38 da

319 3458 66 39 der
410 3459 186 39 Verfasser
622 3461 60 37 ein
709 3473 196 32 ganzer
933 3457 156 39 Mensch
1114 3456 58 42 ist,
1200 3470 45 23 zu
1270 3455 200 38 innerstem
1497 3455 46 38 Be-

319 3510 171 40 kenntnis
526 3512 93 38 über
655 3512 125 37 Leben
818 3510 76 38 und
933 3509 98 40 Wert
1067 3507 206 45 überhaupt
1309 3507 160 38 werden.
1520 3506 47 38 Er

318 3563 79 44 gibt
420 3580 85 22 zum
529 3575 119 27 ersten
676 3563 98 38 Male
798 3564 81 37 eine
903 3578 63 23 aus
988 3561 151 39 feinster
1163 3558 303 39 Seelenkenntnis
1490 3558 76 38 und

320 3614 175 40 härtester
535 3616 247 44 Klarstellung
819 3615 145 38 wahren
1004 3612 138 40 Wertes
1179 3610 285 46 entspringende
1501 3610 44 37 Er-

319 3665 281 40 kenntniskritik
619 3668 66 37 der
704 3667 223 38 Geschichte
946 3665 76 38 und
1042 3665 85 45 geht
1147 3663 106 38 dabei
1273 3662 134 38 zurück
1427 3661 61 39 auf
1508 3662 59 38 die

319 3720 279 45 ursprüngliche
617 3719 76 38 und
713 3719 117 45 einzig
850 3717 202 40 natürliche
1073 3716 161 38 Einheit:
1255 3714 71 38 den
1349 3713 217 39 Menschen.

319 3770 232 47 Objektiven,
573 3770 319 47 unpersönlichen,
914 3767 308 48 geschichtlichen
1245 3766 106 38 Geist
1372 3766 50 38 als
1443 3766 103 45 eigen-

319 3824 218 43 gesetzliche
559 3824 140 45 Sphäre
719 3824 130 37 über
869 3823 86 37 dem
979 3820 217 43 Menschen,
1217 3834 63 23 aus
1301 3818 65 37 der
1386 3817 157 39 Erkennt-

322 3874 95 38 nisse
443 3876 76 37 und
549 3875 260 44 Forderungen
838 3891 43 21 zu
908 3875 191 44 gewinnen
1128 3879 130 34 wären,
1285 3870 76 45 gibt
1389 3885 37 22 es
1453 3869 112 38 nicht.

1635 559 134 44 Hegels
1794 560 228 46 vernünftige
2049 560 265 46 Weltordnung
2339 561 46 37 ist
2410 560 91 39 eben
2527 575 69 22 nur
2621 560 135 46 Hegels
2781 562 72 37 Ord-

1634 626 111 29 nung,
1767 611 76 37 und
1863 612 81 44 jede
1966 612 294 44 Gesetzlichkeit,
2282 613 59 37 die
2362 613 65 37 wir
2446 613 37 36 in
2505 612 65 38 der
2591 612 221 39 Geschichte
2832 629 44 22 zu

1633 661 127 39 finden
1806 663 168 45 glauben,
2020 665 59 38 hat
2125 679 109 24 unser
2280 663 162 40 Wunsch
2489 664 387 46 hineininterpretiert!

1635 713 220 39 Geschichte
1874 715 46 38 ist
1941 732 69 21 von
2034 717 202 38 Menschen
2257 716 252 46 geschrieben,
2531 716 76 37 und
2628 716 100 38 diese
2747 727 128 34 trugen

1636 766 44 36 all
1701 766 77 38 ihre
1801 766 219 45 Sehnsucht,
2041 768 78 38 ihre
2142 769 86 43 Not,
2250 769 79 37 ihre
2355 768 132 43 Ideale,
2508 767 79 39 ihre
2610 767 266 39 Dummheiten

1634 818 75 36 und
1744 818 200 39 Interessen
1974 820 37 36 in
2041 819 59 39 die
2130 819 123 39 Zeilen
2286 820 138 38 hinein.
2469 819 61 39 Sie
2558 821 47 36 ist
2635 819 130 39 darum
2794 819 81 39 kein

1634 868 138 39 wahrer
1809 870 146 45 Spiegel
1992 872 63 37 des
2095 871 226 39 Geschehns.
2375 872 174 38 Theodor
2587 872 155 45 Lessing
2781 872 95 37 stellt

1633 919 70 40 fest
1790 922 75 37 und
1887 922 64 38 das
1971 924 46 36 ist
2038 923 331 46 ausschlaggebend
2391 944 56 23 —,
2469 923 71 39 daß
2563 924 112 38 schon
2697 922 178 44 dadurch,

1633 973 71 38 daß
1724 973 65 38 roh
1808 974 184 45 gegebene
2012 974 203 40 Tatsachen
2234 976 36 37 in
2292 976 62 37 das
2377 975 246 39 menschliche
2642 974 232 39 Bewußtsein

1634 1025 189 43 eintreten,
1858 1026 100 38 diese
1991 1026 238 46 umgefälscht
2263 1027 157 43 werden,
2455 1027 44 38 be
2503 1027 178 45 —griffen
2717 1027 158 43 werden,

1634 1077 226 43 verarbeitet,
1904 1079 221 43 ausgelesen,
2169 1079 199 45 gruppiert,
2411 1079 205 45 gesondert,
2661 1079 214 38 abstrahiert

1634 1129 76 37 und
1745 1129 92 38 nach
1872 1129 171 39 Belieben
2077 1131 244 45 interpretiert
2356 1131 157 42 werden,
2547 1131 174 37 wodurch
2753 1130 121 46 jedem

1634 1179 144 39 Bericht
1799 1181 59 38 die
1878 1181 121 39 Treue
2018 1197 218 30 genommen
2257 1182 103 38 wird.
2394 1181 48 39 So
2463 1182 171 38 scheiden
2656 1182 78 38 sich
2753 1192 122 35 streng

1634 1232 64 36 im
1721 1232 175 38 Leben
1918 1233 64 38 das
2004 1234 277 45 ursprüngliche
2304 1234 196 38 Geschehn
2522 1234 167 45 (vitalite)
2711 1234 76 37 und
2810 1234 64 38 das

1635 1282 230 40 Bewußtsein
1905 1284 148 39 hiervon
2091 1285 164 46 (realite),
2302 1286 63 38 das
2405 1285 139 38 Ur-Ich
2580 1286 76 37 und
2694 1286 59 38 die
2794 1286 80 38 Ich-

1639 1335 96 43 Idee,
1758 1336 59 38 die
1838 1336 64 38 das
1923 1336 90 39 freie
2034 1338 266 44 gedankenlose
2324 1337 124 38 Leben
2472 1337 64 38 des
2561 1336 138 39 Ur-Ich
2722 1354 44 21 an
2790 1338 84 37 dem

1635 1402 69 22 von
1723 1387 57 38 ihr
1798 1399 223 34 gespannten
2043 1389 122 38 Faden
2185 1389 63 38 der
2267 1389 80 38 Zeit
2366 1388 169 44 aufreiht,
2554 1388 130 39 ordnet
2702 1389 77 37 und
2797 1388 78 37 ihm

1636 1453 39 22 so
1704 1454 69 23 von
1802 1440 219 38 nachhinein
2050 1441 81 38 eine
2160 1440 221 39 Geschichte
2409 1441 127 44 gibt.
2580 1440 221 39 Geschichte
2828 1441 46 37 ist

1636 1489 111 39 schon
1776 1491 37 37 in
1843 1491 85 38 dem
1957 1492 227 45 Augenblick
2213 1493 85 37 dem
2328 1491 219 40 Geschehen
2577 1491 213 44 unähnlich,
2820 1508 55 21 wo

1636 1541 116 39 dieses
1772 1543 56 37 ins
1850 1543 229 38 Bewußtsein
2100 1545 90 37 tritt.
2226 1544 199 39 Weiterhin
2447 1543 89 38 wird
2558 1544 50 37 sie
2629 1543 60 38 auf
2713 1543 139 45 mannig-

1635 1592 103 40 fache
1759 1594 118 39 Weise
1895 1595 191 39 verfälscht
2104 1596 115 38 durch
2238 1596 63 38 das
2321 1595 195 39 Bestreben
2535 1595 101 46 jedes
2656 1595 218 39 Geschehen

1636 1645 166 46 einseitig
1824 1647 76 37 und
1921 1647 219 46 kurzsichtig
2163 1647 59 39 auf
2244 1648 63 38 das
2328 1648 127 44 eigene
2481 1648 11 36 I
2510 1663 19 22 c
2544 1647 23 37 h
2589 1663 44 21 zu
2655 1647 153 38 beziehn

1637 1697 51 38 sie
1718 1698 89 37 wird
1838 1708 88 28 stets
1955 1715 70 21 von
2056 1699 70 38 den
2158 1699 271 38 überlebenden
2460 1698 149 45 Siegern
2640 1699 36 36 in
2706 1699 169 37 ihrem

1637 1749 113 38 Sinne
1781 1749 213 40 entworfen.
2039 1750 79 39 Von
2151 1751 71 38 den
2255 1750 223 45 Geopferten
2510 1750 249 45 geschrieben,
2791 1750 85 38 sähe

1636 1801 51 38 sie
1720 1802 130 37 anders
1884 1806 80 34 aus!
2013 1802 155 39 Endlich
2203 1802 88 39 wird
2325 1802 118 38 dieses
2477 1801 153 39 vielfach
2664 1801 212 39 verfälschte

1634 1852 167 39 Zerrbild
1823 1853 162 43 benutzt,
2006 1870 63 21 um
2154 1855 112 45 ewige
2287 1854 155 38 Gesetze
2462 1854 75 37 und
2560 1853 233 38 Wahrheiten
2814 1870 62 21 aus

1634 1904 77 38 ihm
1730 1905 212 39 abzulesen!
1977 1906 76 38 Der
2074 1906 155 38 Mensch
2250 1905 176 43 wünscht,
2445 1905 71 38 daß
2536 1905 64 38 das
2620 1905 125 38 Leben
2766 1915 110 28 etwas

1635 1956 156 39 bedeute
1812 1957 76 38 und
1911 1958 238 38 unternimmt
2171 1958 84 38 eitel
2276 1958 81 38 eine
2380 1957 187 45 Deutung,
2589 1956 59 39 die
2667 1957 98 37 dann
2786 1973 90 29 ganz

1634 2019 146 35 prompt
1797 2009 205 46 diejenigen
2021 2009 156 39 Gesetze
2193 2009 128 46 ergibt,
2339 2009 58 38 die
2413 2023 39 24 er
2466 2009 130 37 vorher
2610 2009 36 37 in
2664 2009 51 37 sie
2733 2008 122 38 hinein-

1632 2060 119 45 gelegt
1778 2060 77 39 hat!
1896 2061 57 39 Da
1977 2062 68 38 alle
2071 2062 222 38 Geschichte
2318 2077 62 22 aus
2406 2060 215 38 Zeitlichem
2646 2060 228 43 entstanden,

1633 2111 215 39 Zeitlichem
1868 2112 244 39 unterworfen
2130 2114 58 42 ist,
2208 2114 145 36 können
2371 2113 36 36 in
2426 2112 57 37 ihr
2500 2112 101 38 nicht
2620 2112 118 38 wahre
2759 2111 92 39 Wert-

1632 2164 214 45 ordnungen
1869 2164 76 39 sich
1966 2164 227 44 offenbaren,
2214 2166 59 37 die
2294 2175 87 27 stets
2402 2163 236 39 überzeitlich
2658 2163 95 43 sind,
2774 2163 100 38 nicht

1631 2215 192 43 erfunden,
1850 2216 156 38 sondern
2034 2216 247 46 aufgefunden
2309 2216 157 38 werden.

1637 2277 39 37 In
1712 2277 120 39 einem
1867 2279 136 37 andern
2041 2277 127 40 Werke

2257 2288 124 35 grenzt
2417 2277 173 37 Theodor
2626 2277 152 44 Lessing
2814 2277 57 37 die

1634 2328 138 47 Sphäre
1792 2330 64 38 der
1876 2331 123 42 verite,
2020 2330 59 38 die
2100 2330 138 45 Sphäre
2258 2330 208 45 derjenigen
2488 2327 132 44 Werte,
2641 2328 58 38 die
2720 2328 153 38 bestehn

1633 2381 231 46 unabhängig
1881 2382 131 43 davon,
2029 2382 47 37 ob
2093 2383 51 36 sie
2160 2382 169 45 geglaubt
2347 2381 86 38 oder
2448 2380 223 45 gewünscht,
2688 2379 183 46 gefunden

1634 2433 87 37 oder
1746 2434 101 37 nicht
1872 2432 185 47 gefunden
2085 2434 94 43 sind,
2206 2433 118 39 scharf
2350 2433 44 38 ab
2420 2448 113 29 gegen
2558 2433 81 44 jene
2665 2431 144 43 andere,
2834 2432 37 36 in

1634 2485 64 38 der
1729 2483 161 40 Wunsch
1919 2486 76 37 und
2027 2484 105 40 Wille
2161 2485 188 39 schwanke
2380 2483 119 40 Werte
2528 2483 75 38 und
2632 2483 240 45 fragwürdige

1634 2537 395 38 Sittlichkeitsnormen
2059 2537 179 38 errichten
2259 2537 74 37 und
2353 2537 220 45 behaupten.
2617 2535 89 45 Jene
2736 2535 114 38 mathe-

1636 2589 196 38 matischen
1864 2590 75 37 und
1968 2589 284 45 logomatischen
2285 2588 232 39 Wahrheiten
2547 2587 65 37 der
2641 2586 139 45 Sphäre
2808 2586 64 38 des

1634 2641 186 38 reinen
1855 2639 202 40 Wertes
2089 2641 125 38 stehen
2245 2641 147 45 jenseits
2424 2655 69 22 von
2527 2638 236 42 Geschichte;
2796 2638 75 38 und

1634 2707 71 23 wer
1726 2693 37 36 in
1788 2693 117 37 dieser
1928 2693 58 37 ein
2011 2692 247 45 vernünftiges
2283 2691 229 42 Geschehen,
2537 2689 157 43 Einheit,
2721 2689 130 38 Gesetz-

1635 2744 193 45 mäßigkeit
1843 2744 129 43 findet,
1990 2744 151 45 vergißt,
2158 2744 70 38 daß
2245 2759 38 22 es
2301 2742 201 39 Menschen
2520 2756 130 28 waren,
2667 2741 59 37 die
2742 2741 131 38 vorher

1632 2796 64 38 das
1730 2796 217 38 Geschehen
1980 2797 11 35 i
2008 2812 22 20 n
2065 2796 136 38 diesem
2236 2795 112 37 Sinne
2382 2811 18 21 z
2416 2810 23 21 u
2473 2794 137 37 diesem
2645 2792 113 38 Sinne
2791 2806 60 25 ver-

1632 2848 199 38 arbeiteten
1842 2851 7 34 !

1634 2910 110 38 Diese
1772 2910 229 46 Ergebnisse,
2028 2910 58 37 die
2113 2910 64 37 der
2206 2908 219 39 Geschichte
2450 2907 108 45 jeden
2587 2905 194 46 Anspruch
2809 2905 61 39 auf

1633 2962 121 39 Treue
1782 2963 75 36 und
1888 2961 340 45 Wertoffenbarung
2257 2961 148 42 rauben,
2436 2958 80 38 sind
2545 2958 238 37 vernichtend
2811 2957 60 37 für

1632 3015 59 37 die
1726 3014 197 38 modernen
1958 3013 249 39 Fortschritts-
2241 3012 75 38 und
2350 3009 519 45 Entwicklungsoptimismen.

1633 3066 46 38 Es
1710 3067 140 37 erweist
1879 3065 90 44 sich,
1999 3065 72 38 daß
2100 3065 64 38 der
2195 3064 142 38 Glaube
2367 3079 43 22 an
2441 3060 428 46 Aufwärtsentwicklung

1632 3120 58 38 ein
1709 3118 212 38 willkürlich
1939 3130 304 33 angenommener
2260 3115 74 37 und
2353 3130 68 22 von
2440 3114 70 38 den
2532 3112 206 39 Menschen
2756 3112 37 37 in
2812 3112 58 39 die

1633 3170 220 39 Geschichte
1873 3170 282 44 hineingelegter
2173 3166 225 46 Aberglaube
2416 3166 58 42 ist,
2558 3180 73 23 von
2655 3163 214 44 Menschen,

1632 3224 71 42 die,
1730 3222 77 38 ihre
1833 3236 125 24 innere
1987 3220 212 39 Decadence
2226 3219 154 42 ahnend,
2410 3217 76 38 sich
2514 3217 115 37 selbst
2659 3216 210 37 andauernd

1632 3275 75 38 und
1730 3274 136 39 lebhaft
1889 3274 177 38 beweisen
2092 3278 154 36 müssen,
2269 3269 70 39 daß
2361 3269 77 38 ihre
2460 3267 261 46 Armseligkeit
2746 3267 124 39 Krone

1632 3327 75 38 und
1737 3326 76 39 Ziel
1841 3326 64 37 der
1933 3323 211 47 Schöpfung
2173 3323 63 42 sei,
2266 3322 74 37 und
2369 3321 63 38 das
2461 3321 86 37 alles
2577 3319 202 39 Gewesene
2808 3335 63 21 um

1631 3379 214 38 ihretwillen
1876 3378 50 37 als
1955 3375 169 39 Vorstufe
2153 3374 76 38 sich
2258 3384 215 35 zugetragen
2505 3372 105 38 habe.
2657 3372 89 36 Man
2775 3370 94 38 kann

1632 3431 85 38 aber
1738 3446 62 23 aus
1822 3429 71 38 den
1915 3428 206 46 gegebenen
2147 3426 291 38 Geschehnissen
2462 3424 117 37 durch
2603 3424 140 43 sinnige
2767 3421 104 39 Wahl

1629 3483 108 45 jeden
1772 3481 255 46 gewünschten
2063 3478 199 38 Gedanken
2297 3476 76 38 und
2407 3476 107 45 jeden
2551 3475 90 39 Gott
2677 3474 193 38 beweisen.

1634 3535 139 42 Leicht,
1797 3533 82 38 sehr
1899 3532 109 38 leicht
2029 3532 45 36 ist
2097 3546 36 22 es
2158 3528 168 46 möglich,
2349 3528 71 39 daß
2443 3528 59 37 die
2524 3526 236 46 europäische
2782 3526 66 37 Ent-

1632 3587 177 44 wicklung
1836 3586 78 37 eine
1940 3582 214 38 Decadence
2177 3582 58 42 ist,
2262 3580 71 39 daß
2358 3580 109 45 grade
2492 3580 64 37 das
2582 3578 266 44 Entwicklungs-

1634 3640 106 36 hurra
1768 3639 57 37 ein
1855 3634 224 40 belastendes
2110 3633 178 38 Merkmal
2318 3631 137 39 hierfür
2482 3631 174 38 darstellt.
2701 3630 109 37 Denn
2838 3630 32 44 je

1635 3691 100 37 mehr
1762 3690 63 37 der
1855 3687 153 40 Mensch
2035 3687 36 36 in
2104 3685 207 45 Ideologien
2340 3684 75 37 und
2443 3684 37 36 in
2508 3683 64 38 der
2601 3680 94 41 Welt
2723 3681 145 39 wachen

1633 3741 248 40 Bewußtseins
1904 3738 122 43 denkt,
2052 3737 75 38 und
2154 3736 154 45 Genüge
2332 3735 130 44 findet,
2487 3751 63 21 um
2574 3750 39 22 so
2640 3733 101 38 mehr
2762 3734 46 36 ist
2831 3732 37 37 in

1631 3795 78 37 ihm
1745 3794 64 37 der
1848 3789 258 45 Muttergrund
2143 3789 65 38 des
2247 3787 327 42 Unterbewußten,
2614 3784 254 46 Ungewußten

2173 2278 35 45 *)

1632 3877 28 32 *)
1683 3876 132 32 Theodor
1840 3873 130 36 Lessing:
1993 3871 118 32 Studien
2133 3882 51 20 zur
2205 3870 242 32 Wertaxiomatik.
2469 3868 124 38 Leipzig,
2617 3867 31 32 F.
2664 3867 110 30 Meiner
2791 3864 77 33 1914,
