3337 4572
2790 413 34 38 15

295 557 216 48 schreiben
555 556 163 47 Bücher
760 555 83 48 voll
884 555 263 47 Anekdoten.
1207 555 81 46 Die
1331 552 196 48 Mumien

296 640 82 26 von
399 619 154 53 Athen,
578 619 108 46 Rom
707 619 90 46 und
819 618 182 47 Weimar
1022 630 219 43 verpesten
1263 617 68 46 die
1353 616 175 55 Sphäre.

297 683 67 45 Da
380 682 176 47 erreicht
572 683 91 45 eine
678 701 107 26 neue
801 680 131 47 Welle
948 680 73 46 der
1037 679 191 55 Religion
1243 679 68 45 die
1327 677 174 47 Mensch-

297 745 100 46 heit.
438 745 78 46 Ein
541 762 128 28 neuer
694 743 204 54 Frühling
921 741 119 46 feiert
1064 740 270 47 farbenwilde
1357 740 173 54 Orgien.

299 807 81 46 Die
428 806 260 47 Osterinseln
737 804 242 47 verkünden
1027 802 327 56 Auferstehung.
1417 800 114 47 Alles

299 869 206 52 Sinnlose,
530 868 139 56 Ewige
692 867 122 46 blüht
836 886 73 26 aus
927 866 97 45 dem
1037 865 74 46 der
1121 863 412 55 Verstandes-Loglk

300 932 204 55 glücklich
542 943 287 33 entronnenen
866 927 275 56 Organismus
1179 927 73 46 der
1288 926 246 54 verjüngten

299 994 106 46 Zeit.
443 994 87 45 Das
553 993 157 45 Dasein
732 1011 73 25 aus
826 989 181 47 tiefstem
1034 989 178 46 Instinkt
1231 988 89 46 und
1341 987 194 46 höchster

305 1056 249 56 Inspiration
594 1054 157 46 wächst
793 1072 96 26 zum
930 1051 174 46 Obelisk
1144 1050 91 46 und
1276 1049 260 46 durchsticht

301 1119 68 45 die
403 1117 157 47 Sonne.
612 1115 189 51 Dichter,
838 1113 137 46 Maler
1008 1113 89 46 und
1131 1112 262 46 Tondichter
1442 1131 64 26 um-

302 1181 161 46 kreisen
496 1180 68 45 die
596 1178 157 45 Sonne.
801 1176 95 45 Von
930 1175 73 46 der
1036 1173 396 56 Schraubenspirale
1464 1173 74 45 der

302 1241 306 57 Jahrhunderte
631 1239 128 46 blickt
780 1238 74 46 der
874 1239 166 54 jüngste
1062 1236 195 52 Mensch,
1280 1236 74 45 der
1375 1234 141 47 unvoll-

303 1305 162 50 endete,
518 1302 250 54 unbeengte,
822 1299 246 46 ekstatische
1119 1298 182 45 Mensch
1351 1296 71 47 auf
1473 1296 68 46 die

307 1366 173 46 Kurven
506 1364 188 46 früherer
718 1361 242 52 Zeitläufte;
984 1361 194 51 Atlantis,
1205 1359 170 52 Gnosis,
1398 1357 115 57 Ägyp-

305 1442 70 33 ten
416 1427 89 47 und
546 1426 131 46 Gotik
718 1443 123 37 ragen
882 1443 74 25 aus
997 1423 97 45 dem
1134 1422 208 55 Abgrund
1382 1420 160 47 herauf.

306 1490 385 56 Evpresslonismus
730 1486 116 46 heißt
883 1486 69 45 die
990 1505 106 26 neue
1135 1484 157 52 Kurve,
1332 1483 68 46 die
1438 1502 106 26 neue

307 1553 132 46 Welle
471 1552 73 45 der
578 1550 205 56 Religion.
831 1548 176 46 Dichter
1039 1547 89 46 und
1160 1546 137 46 Maler
1330 1545 214 46 enthüllen

309 1628 101 39 rote,
440 1613 255 47 flammende
724 1611 186 46 Fahnen.
954 1610 83 45 Die
1061 1609 245 55 Pädagogen
1334 1606 124 47 fallen
1486 1607 58 45 als

309 1677 110 46 faule
448 1676 183 46 Früchte
658 1695 98 25 vom
784 1674 158 45 Baume
961 1672 72 46 des
1062 1671 166 46 Lebens
1247 1670 66 46 ab.
1358 1669 103 46 Und
1478 1669 68 45 die

310 1740 193 54 Heiligen
544 1738 89 45 und
671 1735 235 57 Propheten
947 1733 310 47 verschmelzen
1299 1731 118 47 mehr
1457 1730 90 46 und

312 1801 118 47 mehr
461 1802 76 44 mit
566 1801 118 45 ihren
714 1799 200 54 Jüngern.
961 1796 103 46 Und
1095 1796 66 45 die
1194 1795 165 54 Könige
1389 1794 157 45 suchen

312 1863 177 47 Frieden
518 1863 42 46 in
587 1862 74 46 der
690 1870 210 44 „ärmsten
928 1856 178 49 Hütte“.
1150 1858 67 45 Da
1243 1856 77 46 alle
1347 1856 177 56 gleicher-

312 1926 151 46 maßen
497 1925 73 45 das
602 1924 177 55 Jenseits
811 1921 72 47 auf
915 1921 139 45 Erden
1088 1919 166 47 erleben
1286 1918 89 46 und
1409 1917 138 46 keiner

310 1989 149 46 anders
487 2007 123 26 weise
640 1998 51 33 ist
719 1985 58 45 als
807 2004 57 26 im
894 1983 135 47 Geist.

720 2127 300 52 APOLOGIE
1039 2127 79 47 ZU
1138 2126 194 48 EINEM
1351 2123 200 48 BUCHE

315 2135 168 47 KURT
504 2132 197 48 BOCK

316 2249 122 47 Neue
465 2246 218 55 Dichtung
707 2244 123 47 wirbt
857 2262 74 28 zur
955 2243 99 47 Tat.
1095 2240 163 57 Jugend
1285 2239 118 57 glüht
1427 2237 126 58 heilig

316 2311 238 47 entflammt
602 2329 82 27 von
733 2306 123 48 Geist
903 2305 89 47 und
1040 2303 166 53 Willen,
1257 2300 296 58 grauenhaften

316 2372 208 57 Abgrund
559 2372 73 46 der
667 2370 111 47 Welt
813 2370 76 44 mit
923 2367 131 47 Liebe
1088 2386 51 25 zu
1173 2363 305 52 überbrücken,
1514 2363 42 46 in

319 2437 200 47 Schmerz
547 2434 287 47 Vereinsamte
862 2430 153 47 wieder
1044 2427 250 48 aufzurufen
1323 2447 54 25 zu
1404 2425 132 47 öffent-

319 2499 136 46 lichen
477 2496 249 51 Menschen,
747 2495 127 45 deren
895 2493 146 54 tätiger
1060 2490 122 47 Geist
1201 2490 97 45 dem
1318 2488 241 47 suchenden

321 2561 183 47 Schritte
535 2558 149 47 Sterne
716 2558 41 45 in
790 2556 68 46 die
889 2554 140 46 Nacht
1060 2552 146 47 heftet.

326 2625 47 46 In
404 2624 73 45 der
510 2621 125 46 Form
666 2619 98 46 aber
795 2617 179 47 übersah
1005 2617 58 45 sie
1094 2615 140 46 bisher
1264 2613 73 46 das
1367 2611 88 47 Ziel
1486 2611 75 46 der

322 2682 409 57 Wirkungsabsicht:
781 2681 68 45 die
898 2678 118 46 Seele
1065 2677 74 46 der
1187 2689 163 38 weiten,
1400 2674 160 46 breiten

323 2746 283 52 Menschheit,
695 2743 88 46 und
802 2744 42 44 in
862 2742 74 45 der
954 2740 103 47 Haft
1075 2740 110 45 ihrer
1202 2735 359 56 Welteinstellung

322 2810 113 48 blieb
470 2810 59 45 sie
563 2807 167 55 jenseits
766 2805 74 46 der
875 2803 162 52 Straße,
1074 2802 67 46 die
1176 2801 73 45 des
1283 2799 152 47 Volkes

323 2874 178 54 innigtes
529 2869 178 47 Denken
735 2866 263 47 beschreitet.
1043 2864 131 46 Kühn
1202 2863 166 55 leugnet
1395 2862 58 45 sie
1479 2860 82 47 den

324 2931 299 51 Mittlermund
656 2931 73 46 des
762 2928 227 52 Naturalls,
1023 2926 166 47 obwohl
1223 2926 58 45 sie
1313 2925 113 46 seine
1458 2935 104 35 stete

322 2998 167 54 Predigt
526 2995 73 46 der
635 2992 284 54 Vereinigung
955 2989 239 51 vernimmt,
1232 2986 89 47 und
1358 2985 100 47 hebt
1495 2985 67 46 die

326 3057 281 50 menschliche
642 3054 245 53 Forderung
919 3051 92 47 steil
1044 3071 98 26 vom
1176 3049 147 47 Geiste
1356 3069 52 25 zu
1441 3046 120 47 Gott.

326 3123 58 47 So
421 3119 144 48 wurde
602 3137 73 27 aus
714 3113 239 49 Einsiedeln
992 3131 80 28 nur
1110 3112 68 47 die
1216 3110 236 48 Gemeinde
1490 3109 73 46 der

326 3184 161 47 Brüder
526 3200 99 27 vom
666 3178 158 51 Geiste,
866 3176 127 46 deren
1035 3174 115 47 Güte
1190 3173 110 47 noch
1340 3172 116 47 nicht
1495 3171 69 46 die

327 3246 138 48 tiefste
488 3242 123 48 Kraft
632 3242 73 46 der
726 3236 430 56 Selbstentäußerung
1175 3236 88 46 und
1284 3252 150 39 ganzer
1455 3233 81 46 Hin-

328 3309 104 56 gabe
462 3326 73 28 ans
566 3304 88 47 Ziel
686 3302 113 47 fand.

328 3372 80 47 Ein
449 3369 173 47 anderer
662 3365 102 56 Weg
807 3382 96 28 zum
945 3360 201 58 gleichen,
1189 3359 375 46 lenzumstürmten

329 3432 169 57 Gipfel:

329 3506 90 47 Wir
442 3505 150 46 wissen
617 3519 79 29 nur
721 3500 121 47 einen
866 3495 220 58 Abgrund,
1112 3495 81 45 den
1218 3493 147 47 Zeiten
1390 3491 174 58 gruben,

408 3566 90 47 und
523 3565 192 47 dahinter
740 3563 128 54 ewige
892 3557 230 49 Schönheit
1146 3556 73 46 der
1244 3554 131 47 Welt!

330 3631 90 45 Wir
453 3629 149 45 wissen
635 3643 80 29 nur
749 3626 120 45 einen
904 3621 110 52 Haß,
1049 3620 81 46 den
1164 3617 168 47 Fesseln
1365 3615 200 52 weckten,

427 3690 88 46 und
559 3690 198 45 darunter
799 3683 299 49 verwunschen
1142 3678 266 59 grenzenlose
1451 3676 116 48 Güte

331 3753 159 48 wahrer
519 3748 372 49 Menschlichkeit!

333 3817 88 47 Wir
449 3815 148 47 wissen
625 3830 80 29 nur
733 3812 66 45 ein
829 3808 186 52 Grauen,
1044 3826 81 28 von
1154 3805 72 46 der
1253 3802 212 56 Tyrannei
1494 3801 73 46 der

332 3878 135 48 Sache
505 3874 73 49 auf
615 3894 80 26 uns
735 3871 371 55 herabgeschattet,
1236 3865 88 46 und
1364 3864 202 47 darinnen

1597 552 251 47 unendliche
1890 551 239 48 Sehnsucht
2170 549 108 48 nach
2321 547 208 53 Reinheit,
2573 546 258 53 Lichtdurst,

1597 615 141 46 Treue
1760 615 89 46 und
1872 614 134 53 Geist,
2030 614 74 46 der
2126 613 122 46 Wille
2271 632 53 26 zu
2347 610 238 48 lächelnder
2608 609 131 46 Liebe
2760 609 71 46 ist!

1600 677 188 47 Erweckt
1818 677 82 45 den
1930 677 163 45 wahren
2128 674 249 53 Menschen,
2410 698 56 5 -
2495 672 89 46 und
2615 671 73 46 der
2719 670 116 47 harte

1602 738 208 47 Harnisch
1841 738 178 47 zerfällt!

1602 802 88 46 Wir
1722 801 77 46 alle
1831 800 185 46 schreien
2049 799 163 47 Gebete
2243 819 74 26 um
2349 798 82 46 den
2467 796 140 46 hohen
2639 795 93 56 Tag
2763 794 70 46 der

1603 863 219 55 Erlösung,
1856 862 74 46 der
1962 861 283 53 verstehende,
2279 858 275 49 verzeihende
2587 857 152 46 Hände
2772 857 42 45 in-

1604 924 290 56 einanderfügt
1920 944 96 26 zum
2043 924 164 45 Kranze
2232 943 74 26 um
2331 940 126 28 unsre
2484 920 124 53 Erde,
2636 919 68 47 die
2730 917 106 47 auch

1606 988 123 46 Stern
1757 990 66 49 ist,
1851 985 72 47 auf
1949 985 82 47 daß
2058 986 67 46 die
2152 985 119 47 Seele
2297 985 73 47 des
2396 984 90 46 Alls
2513 982 155 47 wieder
2695 980 144 46 Sonne

1608 1051 71 51 sei,
1711 1048 211 47 allüberall
1951 1049 76 45 wie
2056 1049 42 44 in
2126 1067 94 33 uns,
2332 1046 104 47 nach
2466 1046 98 46 dem
2593 1044 144 46 Worte
2767 1042 73 47 des

1607 1111 194 47 Novalis:

1611 1173 136 54 „Gott
1774 1172 83 47 will
1887 1170 195 48 Götter“.

2401 1290 431 50 GEDICHTE

1609 1298 256 48 FRANZ
1899 1295 467 50 WEINRICH

1618 1412 15 47 I

1615 1495 92 46 Wie
1735 1493 332 47 Blumendolden
2097 1491 241 47 schlürfend
2367 1490 88 47 sich
2483 1489 223 56 vergolden

1621 1557 62 47 Im
1714 1556 132 47 süßen
1878 1555 102 47 Guß
2010 1555 73 46 der
2114 1551 511 58 Frühlingsglanzkaraffe,

1617 1620 130 55 Saugt
1776 1619 136 45 meine
1940 1617 119 46 Seele
2085 1616 72 46 auf
2183 1616 74 46 der
2285 1613 262 57 Gottagraffe

1617 1682 190 55 Einziges
1840 1678 330 57 Lichtgefunkel,
2204 1677 81 47 daß
2318 1679 58 44 sie
2407 1676 150 56 golden

1619 1763 257 57 Umzüngelt
1904 1763 52 45 ist
1984 1782 81 26 von
2094 1761 264 47 väterlichem
2387 1759 146 47 Feuer.

1618 1827 41 47 0
1689 1827 156 45 meines
1875 1825 150 45 Betens
2055 1823 185 47 Kerzen!
2286 1822 105 47 Gott
2420 1823 89 45 tritt
2536 1822 95 45 weit

1618 1889 90 46 Aus
1738 1889 134 46 seiner
1902 1886 193 47 Sterntür
2125 1884 400 56 Unbegreiflichkeit

1622 1951 103 46 Und
1754 1950 115 46 lehnt
1897 1949 88 46 sich
2013 1948 122 55 lässig
2161 1968 53 26 an
2242 1948 72 46 das
2343 1945 318 56 Weltgemäuer.

1622 2030 99 46 Sein
1751 2027 278 47 Mantelwind
2058 2027 52 45 ist
2139 2025 202 46 schneller
2369 2023 264 56 Bälgetreter.

1627 2091 92 47 Ich:
1749 2088 299 56 Molltonorgel
2078 2088 71 46 auf
2177 2088 82 45 den
2290 2086 343 51 Sternenwiesen,

1622 2153 97 47 Will
1745 2151 253 47 überrieseln
2024 2150 77 47 alle
2126 2148 318 52 Seelenfließen,

1628 2216 91 46 Ich:
1749 2213 149 47 Gottes
1926 2211 350 48 dankverzückter
2302 2209 252 56 Jubelbeter.

1628 2310 37 46 II

1627 2387 103 47 Nun
1761 2385 121 47 stehn
1914 2385 68 46 die
2012 2383 163 46 Häuser
2206 2380 177 48 fröhlich
2413 2379 117 46 dicht

1629 2450 129 55 Rings
1788 2468 74 26 um
1892 2448 82 45 den
2005 2443 360 57 Marktplatztisch
2395 2442 161 46 herum.

1629 2512 89 46 Der
1747 2511 198 45 Brunnen
1975 2507 131 47 reicht
2135 2507 81 46 den
2246 2504 265 48 Nachttrunk
2539 2523 71 26 um

1630 2573 103 47 Und
1764 2571 139 47 Mond
1935 2573 52 44 ist
2017 2570 175 46 schönes
2224 2565 291 58 Lampenlicht

1631 2652 55 46 Er
1712 2651 86 47 läßt
1823 2670 72 26 aus
1922 2648 163 47 sanften
2112 2646 179 47 Händen
2317 2644 81 47 hell

1631 2716 87 45 Des
1747 2709 412 50 Schlummertuches
2188 2708 141 46 blaues
2359 2705 183 53 Fließen,

1632 2776 102 47 Und
1762 2774 149 48 lächelt
1939 2772 144 48 kühles
2111 2768 393 56 Wachseingrüßen.

1630 2838 227 47 Ohnendet
1892 2837 81 46 den
2010 2831 353 57 Sichsendequell.

1631 2918 103 46 Nun
1765 2914 170 48 blinzelt
1965 2912 149 48 Gottes
2144 2911 119 55 Auge
2293 2926 79 29 nur

1630 2980 89 47 Aus
1753 2977 226 48 schmalem
2013 2972 292 50 Silberfenster
2338 2970 85 52 her,

1632 3042 103 46 Und
1767 3041 104 46 über
1902 3038 167 47 Dächer
2100 3035 94 47 rollt
2225 3033 94 47 sehr
2349 3031 157 47 schwer

1632 3105 89 46 Der
1753 3102 351 48 Wunderträume
2135 3096 126 58 große
2294 3094 126 47 Fuhr.

2493 3210 365 52 GEDICHTE

1628 3222 369 54 MATTHIAS
2026 3217 417 53 CLAUDIUS

1633 3333 104 46 Bei
1769 3332 127 47 dem
1927 3327 201 50 Grabe
2160 3325 230 45 meines
2421 3319 221 47 Vaters

1634 3415 149 48 Friede
1810 3434 57 26 sei
1893 3431 74 27 um
1994 3410 139 47 diesen
2161 3405 225 49 Grabstein
2414 3403 93 46 her!

1633 3476 168 49 Sanfter
1829 3473 147 48 Friede
2004 3471 169 47 Gottes!
2216 3467 93 47 Ach
2338 3466 58 47 sie
2424 3464 136 47 haben

1636 3540 133 47 Einen
1797 3549 126 45 guten
1952 3533 133 47 Mann
2114 3529 221 57 begraben,

1637 3601 103 47 Und
1766 3600 79 46 mir
1871 3614 82 31 war
1980 3613 43 29 er
2050 3593 137 52 mehr;

1636 3671 176 50 Träufte
1839 3670 77 46 mir
1943 3687 81 26 von
2051 3665 150 56 Segen,
2229 3664 134 47 dieser
2390 3661 150 52 Mann,

1636 3735 92 47 Wie
1758 3733 66 46 ein
1855 3728 148 49 milder
2032 3727 124 47 Stern
2186 3745 73 28 aus
2290 3725 170 47 bessern
2490 3721 183 48 Welten!

1638 3797 102 48 Und
1777 3794 66 47 ich
1881 3793 128 46 kanns
2047 3789 88 49 ihm
2173 3788 115 47 nicht
2324 3784 223 59 vergelten,
2584 3802 83 28 was
2702 3798 45 29 er
2782 3779 80 46 mir

2727 3853 133 43 getan,
