3337 4572
2852 443 33 34 17

346 559 1234 61 GLOSSEN

348 691 610 40 TAGESWEISHEIT

350 787 11 36 I

341 860 70 36 Die
433 859 124 37 Presse
580 860 50 35 im
658 859 150 44 Kriege:
836 860 201 38 Kavallerie
1061 862 63 37 der
1147 862 365 45 Verantwortlichen;

340 912 49 36 sie
407 910 122 37 diente
547 926 83 21 zum
648 910 263 39 Verschleiern.
945 911 77 38 Wir
1038 914 142 38 werden
1199 914 70 38 den
1291 914 291 46 Katzenjammer

340 978 38 21 so
406 961 84 38 bald
517 962 101 37 nicht
644 962 64 38 los.

343 1014 221 37 Inzwischen
591 1024 69 27 trat
687 1015 63 37 der
776 1015 69 38 alte
870 1015 94 38 liebe
990 1016 161 39 Zustand
1178 1018 134 37 wieder
1338 1020 72 36 ein.

339 1066 73 37 Das
435 1065 208 38 Parteiblatt
668 1077 75 33 sagt
767 1067 70 36 den
864 1067 148 42 Lesern,
1037 1084 70 22 was
1131 1070 51 37 sie
1206 1070 111 37 hören
1343 1071 126 38 sollen.
1508 1072 74 38 Das

338 1117 267 47 unparteiische
662 1117 120 46 Organ
841 1119 132 37 erzählt
1029 1120 123 43 ihnen,
1210 1136 70 23 was
1336 1123 50 36 sie
1443 1123 111 38 hören

340 1170 141 36 wollen.

338 1222 101 36 Nach
477 1221 211 38 demselben
727 1221 135 46 Rezept
900 1223 214 38 verarbeitet
1150 1225 57 37 die
1244 1225 244 45 Tagespresse
1524 1227 58 38 die

338 1272 133 38 Kunst.
529 1272 254 38 Einheitsstoff
825 1273 59 37 für
928 1274 367 45 Wickelgamaschen,
1342 1277 121 38 Ulster
1505 1279 75 37 und

341 1324 187 45 Smoking.

342 1377 86 37 Man
460 1377 94 37 kann
587 1392 68 21 nur
686 1377 89 37 über
804 1378 58 37 die
896 1378 120 37 Kunst
1047 1379 203 43 schreiben,
1281 1396 103 21 wenn
1419 1397 80 21 man
1531 1384 51 36 sie

337 1428 95 37 fühlt
460 1429 75 36 und
562 1429 76 37 sich
665 1429 116 37 ihrem
809 1429 155 38 Gesetze
991 1430 123 45 beugt.

336 1481 61 36 Als
424 1481 207 43 Journalist,
660 1481 50 36 als
736 1481 181 37 Exekutor
943 1497 100 23 einer
1069 1482 287 43 ,»öffentlichen“
1388 1484 191 46 Meinung,

336 1533 49 36 als
411 1532 238 45 gemütvolles
676 1532 290 45 Schöngeistlein
994 1534 158 38 schreibt
1181 1551 80 22 man
1288 1549 69 23 nur
1382 1551 113 29 gegen
1523 1537 58 38 die

341 1584 133 38 Kunst.
516 1584 99 38 Oder
642 1601 62 20 um
731 1601 50 21 sie
809 1585 139 38 herum.

336 1636 126 44 Einige
490 1636 113 38 weiße
632 1636 123 38 Raben
784 1638 128 37 wollen
940 1638 74 36 und
1041 1638 126 38 finden
1196 1640 62 36 sie.

338 1687 80 40 Was
452 1688 128 37 wollen
614 1688 58 37 die
704 1689 154 37 andern!
906 1689 65 37 Ein
1005 1690 148 45 Zugtier
1183 1690 60 37 für
1274 1691 102 37 ihren
1410 1692 169 44 vulgären

338 1739 150 38 Karren.
523 1740 66 36 Ein
613 1740 322 38 Konzessiönchen
955 1742 83 36 dem
1058 1742 228 45 geschätzten
1309 1742 121 39 Leser.
1464 1744 114 38 Einen

334 1791 272 46 Tummelplatz
632 1792 59 37 für
717 1809 58 21 ein
805 1793 126 38 müdes
959 1794 144 37 Talent.

335 1843 69 37 Nie
426 1860 79 20 eine
529 1843 165 45 Stellung
717 1859 63 22 zur
802 1845 127 38 Sache.
965 1845 191 39 Vielleicht
1179 1846 132 37 einmal
1333 1848 58 36 ein
1415 1847 165 38 unklarer

338 1895 119 42 Wille;
557 1910 37 23 er
620 1896 84 44 geht
731 1912 35 20 in
795 1897 58 37 die
881 1897 146 38 Binsen.

331 1947 306 45 Anschauungen,
672 1947 282 46 Auffassungen,
987 1949 117 38 denen
1139 1950 246 37 sachlich
1417 1951 81 44 jede
1516 1951 46 38 all-

331 2000 164 42 gemeine
510 1999 161 46 Geltung
684 1999 108 43 fehlt;
806 2001 58 37 die
877 2002 190 37 verwirren
1083 2002 74 36 und
1170 2001 151 38 deshalb
1335 2003 242 38 unmoralisch

331 2051 92 36 sind.
472 2051 456 45 Privatangelegenheiten,
1046 2053 57 37 die
1137 2053 144 45 jedoch,
1319 2054 79 37 weil
1434 2055 50 37 sie
1520 2055 57 37 die

332 2102 280 44 Allgemeinheit
679 2104 216 43 irreführen,
968 2105 323 38 wesentlich
1364 2106 213 44 allgemeine

331 2153 216 46 Bedeutung
604 2155 187 45 erlangen:
848 2156 55 37 ihr
961 2156 128 38 Wesen
1145 2158 45 36 ist
1246 2157 63 37 das
1365 2156 211 40 öffentliche

338 2205 193 39 Unwesen.

334 2257 75 38 Der
435 2258 111 43 große
573 2259 178 38 schwarze
779 2260 185 38 Schwarm
992 2260 212 38 verdunkelt
1231 2260 70 38 den
1331 2260 173 39 Himmel.

340 2349 31 37 II

330 2421 112 38 Sankt
496 2423 216 46 Martinstag
761 2425 50 35 im
863 2424 308 39 Hannoverschen
1225 2425 143 43 Kurier,
1419 2426 154 38 vormals

330 2473 152 39 Courier
502 2474 169 45 (deutsch
694 2476 54 37 bis
768 2492 55 21 ms
848 2476 121 43 Mark;
1056 2477 70 37 deß
1148 2478 81 36 sind
1251 2492 63 22 wir
1333 2478 168 44 gewiß!):

329 2525 92 38 Herr
445 2527 135 37 Martin
604 2527 167 43 Frehsee,
793 2529 302 43 verantwortlich,
1116 2528 106 45 greift
1243 2529 109 38 selbst
1373 2544 63 23 zur
1457 2529 116 38 Feder

329 2578 74 36 und
430 2579 158 38 schreibt
615 2580 73 37 lose
714 2580 135 38 Blätter
873 2597 36 20 in
935 2581 114 38 losem
1075 2581 316 45 Zusammenhang
1420 2582 63 37 mit
1508 2582 63 37 der

331 2628 132 39 Kunst.

328 2680 74 38 Der
428 2682 267 39 Heimatkitsch
721 2684 88 37 wird
834 2685 36 35 in
896 2685 70 37 den
994 2685 162 38 Himmel
1180 2685 177 45 gehoben,
1383 2685 96 37 denn
1505 2685 63 38 das

331 2732 215 40 Kosmische
588 2736 46 37 ist
678 2736 314 38 Bolschewismus.
1051 2736 169 43 Zillertal,
1277 2737 49 37 du
1384 2737 69 37 bist
1498 2738 69 36 mei

327 2783 123 39 Fraid!

327 2835 304 42 Grundsätzliche
651 2840 220 45 Ablehnung
891 2840 84 38 aller
992 2834 244 52 Äußerungen
1255 2841 134 44 jungen
1411 2840 157 38 Geistes.

329 2888 105 39 Hoch
460 2891 58 37 die
543 2892 134 37 Partei!

328 2939 85 38 Und
439 2958 104 22 wenn
570 2960 37 21 es
632 2944 100 38 nicht
757 2960 124 29 wegen
906 2944 64 38 der
994 2944 170 45 Büldung
1190 2953 104 34 wäre,
1319 2944 96 38 dann
1441 2944 126 38 sollten

326 3007 66 21 uns
410 2993 58 38 die
486 2994 258 47 Shakespeare,
763 2996 139 38 Raffael
1103 2997 138 37 Runter
1260 2997 63 37 mit
1339 2996 64 37 der
1419 2996 147 37 Auster!

326 3043 177 40 Noblesse
526 3047 137 45 obhge!
702 3048 74 37 Der
801 3048 212 38 historische
1040 3049 154 38 Mensch
1219 3048 58 38 hat
1300 3050 77 35 sein
1400 3049 167 43 geistiges

325 3095 380 48 Exerzierreglement.

324 3146 72 38 Vor
429 3149 22 37 d
456 3166 43 21 en
535 3151 208 38 Schranken
778 3152 64 37 der
876 3151 220 38 Geschichte
1130 3162 123 27 wartet
1286 3166 130 23 immer
1447 3167 118 29 genug

323 3198 108 39 Volks
468 3202 61 37 auf
565 3203 58 38 die
660 3205 208 43 endgültige
904 3204 202 44 Zulassung
1142 3219 64 22 zur
1243 3203 321 38 Unsterblichkeit.

323 3250 56 39 Da
401 3252 93 38 kann
519 3270 81 22 man
623 3256 93 37 noch
739 3255 159 39 schalten
921 3256 75 36 und
1019 3256 141 43 walten,
1183 3255 94 38 ohne
1299 3255 76 37 sich
1397 3270 63 22 vor
1481 3255 83 37 dem

324 3302 289 48 Kunstphilister
638 3324 44 20 zu
708 3308 349 45 kompromittieren.
1098 3307 45 37 Es
1172 3307 86 37 muß
1284 3317 108 27 etwas
1417 3306 59 38 für
1500 3307 63 38 das

322 3353 247 42 Deutschtum
594 3360 224 44 geschehen!

321 3405 156 42 Darum:
517 3410 235 46 Strmdbergs
790 3411 332 38 unkünstlerischer
1161 3410 153 45 Ungeist
1350 3412 46 36 ist
1434 3410 127 38 schuld

319 3475 42 20 an
392 3461 64 37 des
486 3462 201 39 deutschen
718 3463 133 39 Volkes
882 3463 231 38 moralischer
1142 3462 233 45 Zersetzung,
1407 3462 58 37 die
1495 3478 67 21 uns

318 3510 84 38 dem
442 3513 340 41 Zusammenbruch
823 3514 319 47 entgegenführte!
1199 3513 86 38 Und
1326 3530 38 21 so
1406 3514 156 37 benutze

316 3563 58 37 ich
402 3565 91 38 auch
520 3566 99 39 diese
647 3567 254 45 Gelegenheit,
929 3567 173 46 geliebter
1130 3566 110 37 Leser
1266 3565 73 45 (ich
1366 3565 94 38 kann
1488 3566 73 37 dirs

315 3614 34 44 ja
368 3618 220 46 zumuten!),
609 3619 84 38 dich
713 3620 176 37 abermals
909 3636 43 21 an
973 3620 106 37 deine
1098 3617 309 39 vaterländischen
1426 3617 114 37 Pflich-

316 3675 61 29 ten
408 3685 44 21 zu
482 3671 183 38 erinnern.
713 3671 53 38 Im
797 3671 144 38 Namen
971 3672 65 37 der
1067 3670 137 38 Kunst:
1234 3670 50 37 sei
1314 3669 170 37 deutsch!

319 3717 140 41 Leiser:
487 3736 136 23 warum
648 3724 37 36 in
712 3723 58 38 die
797 3723 115 38 Ferne
938 3722 195 40 schweifen
1230 3741 55 23 —,
1310 3720 60 38 ich
1396 3720 165 38 schreibe

317 3770 94 39 doch
434 3774 104 37 auch.
579 3775 126 37 Meine
730 3775 205 38 Frohnatur
957 3775 96 38 stellt
1077 3776 116 44 prima
1213 3774 180 36 Personen
1418 3771 61 39 auf
1502 3772 58 38 die

316 3821 156 42 Bretter:
501 3825 158 45 Goethe,
685 3843 70 21 von
784 3828 67 36 mir
876 3827 112 38 selbst
1015 3827 125 38 erlebt.
1179 3826 66 37 Ein
1272 3824 162 39 Versuch
1458 3824 101 37 führt

314 3889 45 22 zu
388 3875 204 41 dauernder
624 3878 243 39 Kundschaft.
977 3880 39 36 In
1048 3879 75 38 sich
1155 3878 142 37 hinein:
1327 3890 69 23 nur
1425 3876 133 38 einmal

1649 583 35 21 in
1705 569 141 43 Altona,
1865 571 51 37 als
1933 572 58 37 ich
2008 573 101 37 nicht
2126 590 44 21 an
2189 575 59 36 die
2267 575 214 37 moralische
2499 575 221 47 Zersetzung
2737 578 153 44 gedacht

1652 620 95 37 hatte
1878 653 7 6 .
1917 623 96 37 Aber
2031 625 62 37 das
2111 625 84 44 geht
2214 626 93 37 euch
2325 627 36 36 in
2382 626 197 39 Hannover
2597 628 118 37 nichts
2734 646 56 21 an.
2827 630 60 38 Ich

1651 671 91 38 habe
1770 689 37 21 es
1836 675 250 44 ausgeglichen
2115 677 114 38 durch
2259 695 62 20 um
2351 695 38 20 so
2419 689 182 34 strengere
2631 679 257 47 Forderungen

1650 724 207 44 gegenüber
1875 726 63 37 der
1959 726 249 41 Konkurrenz.
2294 723 101 45 Über
2414 731 59 37 die
2493 731 161 38 Dächer:
2674 733 50 36 im
2745 733 142 38 Namen

1650 775 64 37 des
1754 776 280 40 Deutschtums!
2090 780 118 38 Kunst
2246 782 127 44 gehört
2412 783 36 35 in
2490 783 59 37 die
2588 782 276 47 Zwangsbewirt-

1653 827 191 46 schaftung
1855 832 8 33 !

1651 993 174 38 Derselbe
1888 995 227 46 Schauplatz.
2179 997 355 49 Herbstausstellung
2598 1002 289 41 hannoverscher

1652 1044 174 39 Künstler
1851 1046 114 44 (siehe
1991 1048 171 45 Bericht).
2203 1049 66 38 Dr.
2295 1050 110 38 Adolf
2431 1051 144 39 Schaer.

1653 1096 65 38 Wo
1741 1098 64 36 wir
1827 1113 107 23 unser
1957 1099 122 46 Haupt
2102 1100 198 44 verhüllen,
2324 1102 128 38 breitet
2475 1105 76 37 sich
2573 1120 64 22 vor
2659 1107 124 36 seinen
2807 1118 60 27 ent-

1649 1148 150 38 zückten
1824 1149 126 45 Augen
1974 1152 79 37 eine
2076 1152 118 38 reiche
2216 1153 206 39 Blütenlese
2444 1156 191 38 deutscher
2659 1157 120 39 Kunst
2803 1176 80 21 aus:

1648 1201 162 43 gesunde
1834 1201 139 44 Werke,
1996 1220 62 21 aus
2080 1204 208 45 lebendiger
2310 1205 249 47 Empfindung
2581 1209 221 44 geschaffen,
2826 1211 59 39 die

1648 1252 151 45 nirgend
1816 1253 88 43 ~das
1918 1256 198 44 gespreizte
2130 1257 233 38 dünkelhafte
2379 1258 120 38 Getue
2513 1260 74 37 und
2603 1260 57 38 die
2674 1262 210 39 technische

1652 1303 403 47 Unausgeglichenheit,
2086 1309 33 43 ja
2149 1323 102 29 sogar
2358 1325 80 22 man
2471 1311 205 39 erschrecke
2707 1314 101 38 nicht

1646 1355 58 38 die
1751 1356 190 39 zweifellos
1991 1369 312 35 zutagegetretene
2349 1360 234 47 Unfähigkeit
2627 1365 110 37 vieler
2781 1366 85 38 über-

1647 1407 60 37 klu
1710 1422 61 30 ger
1800 1408 357 48 Neuzeitpropheten
2184 1412 198 38 verraten.“

1649 1469 89 39 Eine
1780 1471 118 38 reiche
1940 1472 104 39 Blüte
2085 1474 180 43 gesunder
2306 1475 193 38 deutscher
2542 1476 209 40 Wortkunst
2794 1481 88 37 wird

1648 1532 125 34 zutage
1811 1533 174 34 getreten.
2046 1524 121 46 (~Von
2195 1526 76 37 ihm
2310 1526 110 38 selbst
2460 1526 200 41 erfundene
2707 1530 177 40 Technik.

1652 1574 70 37 Mit
1760 1574 139 38 Stearin
1937 1577 217 45 getränkt.“)
2205 1578 129 42 ~Auch
2370 1579 36 36 in
2445 1580 149 37 anderer
2632 1581 169 39 Hinsicht
2837 1584 45 38 ist

1648 1627 97 36 seine
1773 1627 126 37 Arbeit
1926 1627 337 46 bedeutungsvoll.“
2310 1630 189 38 Inhaltlich
2526 1632 169 39 nämlich.

1648 1678 98 41 ~Die
1778 1679 68 37 alte
1880 1679 114 38 Gasse
2026 1680 100 38 wirkt
2159 1680 238 39 befremdend
2429 1683 114 37 durch
2575 1684 58 37 die
2666 1685 215 46 bevorzugte

1648 1729 241 46 Anwendung
1921 1747 68 21 von
2020 1732 341 39 Preußisch-Blau.“
2472 1735 178 38 Dahinter
2680 1738 113 37 steckt
2824 1740 58 37 ein

1648 1780 227 40 Geheimnis.
1921 1784 96 37 Aber
2048 1799 37 23 er
2115 1792 114 30 verrät
2260 1785 129 37 nichts.
2434 1785 66 38 Ein
2533 1787 204 39 Deutscher
2767 1799 114 29 verrät

1647 1834 57 37 nie
1726 1845 120 26 etwas.
1884 1835 80 37 Alte
1987 1835 113 38 Gasse
2189 1836 238 38 befremdend
2451 1858 54 23 —,
2528 1839 73 37 also
2625 1840 86 36 muß
2733 1842 50 37 sie
2804 1843 76 36 ihm

1646 1885 155 38 bekannt
1818 1902 89 23 sein.
1938 1887 190 38 Vielleicht
2143 1889 45 36 ist
2205 1904 36 22 es
2257 1905 79 21 eine
2353 1889 241 39 schwäbische
2610 1892 70 37 alte
2696 1892 113 39 Gasse
2826 1914 55 18 —.

1648 1936 86 38 Und
1778 1937 97 38 dann
1918 1938 306 39 Preußisch-Blau
2267 1942 36 35 in
2349 1941 235 45 bevorzugter
2626 1943 251 48 Anwendung.

1646 1988 75 38 Das
1746 1998 92 29 wäre
1862 1989 143 39 Verrat!
2043 1991 66 37 Ein
2135 1992 272 38 verräterisches
2432 1993 98 38 Bild!
2570 1994 93 38 Kein
2688 1996 193 39 deutsches

1645 2040 93 38 Bild.
1774 2041 39 37 In
1831 2042 64 37 der
1913 2042 69 38 Tat
1992 2059 7 21 :
2018 2059 37 20 es
2072 2043 124 38 nähert
2214 2044 75 37 sich
2306 2045 84 36 dem
2408 2045 288 40 Neuzeitlichen.
2727 2048 45 37 Es
2793 2050 85 36 muß

1643 2092 154 38 zunacht
1822 2104 162 34 getreten
2011 2095 156 38 werden.

1642 2154 44 42 O,
1734 2155 50 36 du
1832 2157 64 35 mit
1941 2157 158 44 genialer
2130 2157 104 38 Kraft
2277 2158 224 38 hinreissend
2532 2160 171 43 gemaltes
2733 2160 126 40 farben-

1641 2207 202 44 gewaltiges
1865 2208 246 38 Riesenwerk!
2198 2209 108 43 Nein,
2328 2210 98 37 nicht
2446 2210 49 37 du
2520 2209 115 39 Werk.
2671 2212 61 37 Du
2753 2214 123 44 selbst,

1644 2258 140 38 Danae!
1827 2259 175 38 Mächen!

1641 2309 226 45 (Objektiver
1894 2311 161 38 Befund:
2083 2313 79 36 eine
2189 2313 63 37 der
2278 2313 239 45 peinlichsten
2546 2314 268 47 Begegnungen
2841 2318 36 37 in

1641 2361 117 38 dieser
1781 2362 244 46 Ausstellung.
2062 2363 169 46 Erquälte
2254 2365 248 38 akademische
2525 2365 144 39 Formel
2692 2368 99 38 eines
2813 2380 63 34 gut

1640 2424 206 33 gemeinten
1874 2413 158 40 Wollens
2059 2416 94 37 ohne
2180 2416 457 47 Gestaltungsvermögen.)

1641 2464 151 43 „Welch
1815 2483 57 21 ein
1895 2467 174 37 keuscher
2090 2467 92 38 Adel
2201 2469 87 44 liegt
2310 2469 89 37 über
2420 2469 82 37 dem
2526 2469 148 38 Ganzen
2696 2481 91 28 trotz
2809 2472 64 38 der

1641 2517 233 46 Darstellung
1904 2519 64 37 des
1999 2519 244 44 Augenblicks
2273 2520 63 38 der
2368 2520 172 38 höchsten
2572 2522 198 38 seelischen
2801 2524 75 37 und

1638 2569 194 38 leiblichen
1862 2570 132 38 Lust!“
2099 2570 99 39 Wird
2228 2572 72 37 halt
2328 2572 172 38 keuscher
2530 2572 134 39 Uradel
2692 2575 88 43 sein,
2810 2576 63 37 der

1639 2620 84 38 dem
1752 2621 186 39 Höchsten
1966 2633 119 27 trotzt.
2126 2623 47 36 Es
2199 2624 45 36 ist
2272 2623 146 44 schwer,
2445 2626 36 34 in
2509 2624 70 38 den
2608 2625 171 39 Stürmen
2807 2627 64 38 des

1640 2673 142 37 Lebens
1808 2673 70 38 den
1908 2674 152 37 Göttern
2088 2674 91 38 nahe
2205 2691 43 20 zu
2275 2674 156 39 bleiben.

1639 2723 114 39 Wenn
1774 2726 145 44 jemand
1941 2742 79 21 eine
2043 2727 104 36 Reise
2168 2730 72 33 tut!
2279 2727 53 36 Im
2351 2727 283 38 Pradomuseum
2655 2745 44 20 zu
2723 2730 146 37 Madrid

1634 2775 126 39 finden
1792 2777 75 38 sich
1898 2777 326 45 „beispielsweise“
2260 2777 137 44 Werke,
2429 2779 85 43 „auf
2544 2780 118 37 denen
2694 2791 83 27 statt
2807 2782 64 37 des

1637 2827 152 39 herrlich
1808 2829 177 44 goldenen
2007 2829 151 45 Regens,
2177 2831 36 35 in
2232 2829 128 38 dessen
2382 2830 139 38 Gestalt
2539 2831 140 45 Jupiter
2697 2833 90 36 nach
2805 2833 65 38 der

1639 2880 127 45 Mythe
1805 2880 123 38 Danae
1963 2881 146 37 liebend
2146 2892 189 32 umarmte,
2372 2883 80 36 eine
2490 2881 122 39 Wolke
2648 2883 220 45 dargestellt,

1636 2948 62 21 aus
1740 2932 63 38 der
1843 2932 208 45 leibhaftige
2094 2933 220 38 Goldstücke
2357 2934 317 45 herunterregnen.
2728 2935 116 45 (Merz-

1638 2984 142 37 malerei
1801 2985 63 36 mit
1886 2984 298 45 Mechanismus.)
2216 2984 93 39 Zum
2330 2981 177 41 Überfluß
2527 2986 142 37 werden
2753 2988 113 38 welch

1635 3036 165 37 seltsame
1834 3036 150 37 Komik!
2090 3036 98 38 diese
2219 3036 167 38 überdies
2416 3036 93 39 noch
2540 3054 69 21 von
2641 3038 100 38 einer
2770 3040 96 36 alten

1634 3087 174 38 Dienerin
1857 3088 284 44 aufgesammelt,
2189 3088 108 37 deren
2345 3087 255 39 Anwesenheit
2646 3090 36 36 in
2730 3090 137 38 diesem

1635 3139 126 38 höchst
1813 3140 249 44 persönlichen
2113 3139 207 38 feierlichen
2375 3141 166 37 Moment
2593 3141 99 38 recht
2744 3143 102 44 eigen-

1632 3191 154 38 tümlich
1813 3191 143 38 wirkt!“

1636 3242 200 39 Komisch?
1898 3243 290 45 Eigentümlich?
2251 3243 107 42 Nein,
2401 3243 195 39 schamlos!
2659 3245 88 38 Eine
2795 3246 68 37 alte

1633 3295 174 38 Dienerin
1829 3311 43 21 zu
1893 3295 136 38 diesem
2050 3295 125 38 höchst
2195 3294 249 46 persönlichen
2464 3295 210 39 feierlichen
2698 3297 168 38 Moment

1633 3346 302 38 heranzuziehen!
1969 3347 135 37 Frivol!
2137 3346 88 38 Eine
2244 3346 68 37 alte
2333 3346 175 38 Dienerin
2530 3348 194 42 „überdies
2744 3349 117 38 noch“

1630 3414 37 21 in
1709 3398 137 38 diesem
1888 3398 125 38 höchst
2054 3398 248 45 persönlichen
2343 3397 210 39 feierlichen
2598 3400 167 38 Moment
2806 3401 58 37 die

1629 3449 193 47 tropfende
1844 3450 139 38 Gestalt
2003 3450 63 37 des
2086 3450 139 45 Jupiter
2244 3449 142 38 einfach
2407 3450 240 39 einkassieren
2669 3469 44 20 zu
2734 3452 128 38 lassen.

1632 3501 45 44 O,
1704 3502 89 37 über
1818 3502 98 38 diese
1941 3512 190 27 verrottete
2156 3502 69 37 alte
2253 3501 138 38 Kunst!

1631 3563 114 39 Nein!
1784 3564 87 38 Hier
1893 3564 87 38 wird
2005 3564 161 43 „meines
2192 3563 159 39 Wissens
2374 3581 84 21 zum
2481 3576 117 27 ersten
2626 3566 97 37 Male
2748 3567 112 44 mutig

1630 3616 63 38 der
1735 3631 110 30 ganze
1888 3616 171 37 köstliche
2102 3616 105 44 Jubel
2252 3616 167 38 höchster
2462 3616 272 40 Frauenwonne
2776 3634 83 22 zum

1629 3668 311 37 unmittelbarsten
1973 3666 249 45 ergreifenden
2256 3668 190 38 Ausdruck
2478 3669 170 44 gebracht
2681 3670 74 36 und
2789 3671 70 41 ein,

1628 3720 78 42 ach,
1743 3736 39 20 so
1818 3720 112 37 selten
1968 3719 191 37 erreichtes
2199 3720 211 38 Malerideal
2447 3721 125 37 restlos
2610 3721 249 42 verwirklicht,

1628 3787 62 22 aus
1728 3771 64 38 der
1830 3770 89 39 Glut
1956 3772 143 44 eigener
2137 3770 205 39 Erlebnisse
2380 3772 195 38 elementar
2613 3772 244 46 empfundene

1630 3822 126 39 Werke
1785 3838 68 22 von
1885 3823 268 38 bezaubernder
2184 3823 268 45 Farbengewalt
2481 3841 45 20 zu
2556 3824 202 39 schaffen!“

1627 3874 73 38 Auf
1726 3874 89 38 nach
1843 3874 211 39 Hannover!
2095 3875 490 39 Fremdenverkehrsverein!
