3373 4323
2314 287 315 54 TEK
2708 286 60 55 H
2849 286 61 53 N
2991 277 46 62 Ê

531 3760 151 56 158

541 430 130 42 York
704 445 168 38 groupe
907 430 111 40 dans
1051 430 35 41 le
1119 428 235 54 Presbyter
1387 426 212 54 Hospital
1630 440 88 28 une

539 492 103 41 série
670 494 26 40 d
721 492 239 52 hôpitaux,
992 489 324 46 d'universités,
1350 487 251 44 d'instituts
1629 487 67 54 pri-

540 553 84 45 vés,
666 553 50 40 de
754 552 328 54 policliniques,
1123 553 50 40 de
1211 552 154 41 homes
1403 549 314 43 d'infirmières

539 625 40 31 et
622 614 51 41 de
719 614 232 42 médecins,
1000 613 295 44 rassemblant
1338 612 71 42 des
1455 610 262 55 spécialistes

539 690 115 39 pour
688 690 144 40 5,500
865 675 73 42 lits
968 685 39 31 et
1035 690 117 37 pour
1187 689 144 40 3,000
1362 673 202 42 visiteurs
1594 672 100 53 jour-

541 737 178 45 naliers;
752 737 188 44 colossal
969 736 329 43 établissement
1326 735 78 55 qui
1432 735 174 53 dépasse
1637 749 80 28 nos

541 798 223 53 hôpitaux
798 798 240 53 européens
1072 798 50 40 de
1161 812 143 28 2,000
1340 798 73 40 lits
1446 797 268 42 maximum,

540 860 111 41 mais
680 860 77 53 qui
788 860 270 51 correspond
1089 859 21 41 à
1143 875 59 25 un
1237 860 178 51 rythme
1448 859 50 40 de
1526 857 68 41 vie
1625 869 38 30 et
1695 857 21 39 à

540 936 84 26 une
658 921 341 41 concentration
1036 920 184 41 urbaine
1254 936 94 26 vers
1383 917 185 56 lesquels
1603 932 114 27 nous

538 982 161 41 allons.

607 1043 188 41 D'autre
826 1055 113 41 part,
974 1044 212 52 l'hôpital
1216 1043 206 42 combine
1455 1044 50 41 de
1535 1042 101 54 plus
1665 1056 51 26 en

538 1105 102 48 plus
686 1104 38 41 la
768 1105 307 41 consultation
1123 1120 99 25 avec
1268 1104 35 41 le
1347 1106 256 39 traitement
1646 1101 72 43 des

539 1165 194 42 malades
762 1165 282 53 hospitalisés
1072 1177 40 30 et
1141 1165 35 42 le
1205 1165 156 42 service
1390 1163 329 44 médico-social

539 1242 99 26 avec
676 1228 126 40 visite
840 1227 20 40 à
900 1226 207 42 domicile
1145 1243 78 35 par
1262 1227 57 41 les
1357 1226 281 43 infirmières,
1677 1240 42 26 ce

538 1289 76 53 qui
649 1288 84 41 fait
767 1304 84 38 que
886 1289 35 40 le
957 1289 195 40 médecin
1189 1289 123 52 privé
1346 1288 174 42 s'efface
1554 1288 164 41 devant

540 1350 34 40 le
613 1349 242 53 spécialiste
894 1350 172 41 attaché
1105 1350 20 40 à
1168 1366 83 24 une
1290 1349 293 54 policlinique
1621 1363 74 37 par-

538 1410 235 42 faitement
804 1411 195 40 outillée.
1035 1411 59 40 Le
1126 1411 90 41 rôle
1247 1412 49 40 de
1326 1411 183 41 celles-ci
1541 1411 178 41 devient

538 1472 111 40 ainsi
680 1472 266 52 primordial
979 1473 110 41 dans
1122 1487 84 26 une
1237 1472 156 42 société
1422 1472 58 41 où
1514 1473 55 40 les
1602 1486 95 26 assu-

538 1548 146 26 rances
724 1533 191 45 sociales,
961 1532 57 41 les
1058 1533 150 41 caisses
1251 1534 50 40 de
1343 1532 195 42 malades
1578 1545 40 29 et
1661 1533 56 41 les

538 1593 235 42 mutuelles
804 1593 394 53 professionnelles
1229 1594 160 52 jouent
1422 1610 59 25 un
1514 1595 89 41 rôle
1636 1594 56 41 im-

536 1666 200 41 portant.
774 1654 279 42 Indications
1088 1656 116 40 donc
1237 1656 78 53 qui
1349 1655 370 42 sous-entendent

536 1731 85 28 une
646 1715 333 42 centralisation
1007 1727 40 30 et
1071 1732 78 37 par
1173 1717 273 53 conséquent
1474 1732 83 25 une
1584 1717 113 42 ratio-

536 1778 258 41 nalisation.

602 1839 68 40 En
702 1839 159 40 second
894 1838 98 42 lieu,
1027 1839 35 40 le
1092 1838 211 42 domaine
1334 1840 51 40 de
1415 1840 39 40 la
1485 1839 207 52 thérapeu-

536 1900 122 54 tique
682 1900 167 43 s'étend
875 1911 40 29 et
940 1900 345 54 progresse.Soit
1308 1915 117 38 pour
1453 1901 265 41 l'architecte

536 1962 288 53 l'obligation
858 1962 49 40 de
938 1962 229 53 n'ignorer
1195 1976 167 28 aucune
1394 1961 254 43 réalisation
1678 1974 40 30 et

535 2023 52 41 de
617 2041 40 25 se
686 2034 243 30 soumettre
958 2023 21 40 à
1010 2035 145 29 toutes
1186 2026 56 40 les
1271 2023 224 54 exigences
1525 2025 58 40 du
1614 2038 78 39 pro-

534 2085 107 53 2rès*

604 2146 87 41 Tel
727 2158 61 29 est
823 2147 122 43 l'état
978 2147 172 53 général
1185 2147 230 53 présidant
1449 2147 21 40 à
1507 2147 189 43 l'établis-

535 2220 169 29 sement
738 2208 51 40 de
823 2208 211 52 l'hôpital
1069 2220 40 29 et
1143 2209 115 40 dont
1294 2208 56 41 les
1384 2208 210 41 éléments
1630 2208 66 41 dif-

536 2269 143 42 fèrent
714 2269 50 40 de
798 2268 257 53 génération
1091 2285 50 25 en
1178 2269 273 53 génération.

544 2416 35 27 I.
612 2402 382 53 L'organisation.

605 2501 193 41 Comme
845 2515 50 25 en
947 2512 102 30 tous
1098 2500 231 42 domaines
1378 2500 259 44 rationnels,
1689 2501 29 41 il

537 2563 211 40 convient
774 2563 51 40 de
849 2578 40 27 se
914 2562 168 44 référer,
1112 2574 136 30 avant
1272 2563 247 41 d'entamer
1545 2578 59 26 un
1633 2562 65 43 éta-

538 2623 259 44 blissement
839 2623 241 53 d'hôpital,
1126 2625 20 40 à
1192 2640 58 25 un
1294 2625 105 52 plan
1443 2624 251 53 d'organisa-

538 2686 113 40 tion.
689 2685 188 41 Celui-ci
915 2696 99 41 part
1048 2685 51 41 de
1140 2701 9 25 :

614 2762 35 25 1.
693 2746 186 41 L'étude
933 2745 222 54 préalable
1210 2747 336 41 d'institutions
1599 2746 98 41 simi-

538 2808 125 41 laires
706 2808 182 41 suivant
931 2808 224 41 fonction,
1201 2808 221 52 spécialité
1464 2820 40 29 et
1548 2807 143 42 dimen-

536 2869 143 50 sions;

611 2946 40 26 2.
693 2931 188 41 L'étude
915 2931 52 40 de
1002 2931 324 41 l'ordonnance
1359 2932 51 40 de
1442 2946 63 26 ces
1540 2931 158 41 institu-

538 2991 122 43 tions
702 3008 50 24 en
804 3008 8 24 :
859 2992 241 52 spécialités
1141 2993 213 53 groupées
1397 3004 39 29 et
1479 2992 238 52 spécialités

538 3053 172 44 isolées;

609 3130 42 38 3.
693 3114 60 42 Le
779 3114 364 42 rassemblement
1168 3115 50 41 de
1242 3130 63 26 ces
1331 3114 324 43 informations
1679 3130 38 29 se

538 3175 84 42 fait
656 3176 116 42 alors
806 3175 182 42 suivant
1027 3191 8 26 :
1073 3180 55 52 a)
1164 3175 364 54 l'organisation;
1564 3177 61 53 b)
1661 3177 56 40 les

539 3237 253 42 méthodes;
835 3241 51 50 c)
930 3237 57 44 les
1028 3237 224 53 exigences
1293 3237 316 53 particulières;
1655 3237 59 46 d)

534 3299 58 40 les
614 3298 225 53 exigences
860 3298 240 53 générales;
1126 3314 19 25 e
1162 3298 15 53 )
1201 3300 57 40 les
1279 3298 188 42 surfaces
1575 3298 119 40 infor-

539 3360 197 41 mations
762 3359 243 53 exprimées
1030 3375 78 37 par
1135 3362 35 40 le
1193 3361 162 41 conseil
1383 3360 308 42 d'administra-

538 3422 97 40 tion
666 3432 41 30 et
734 3436 79 37 par
844 3422 56 40 les
930 3432 194 42 experts;

607 3498 42 37 4.
693 3483 79 40 Un
802 3497 286 38 programme
1117 3493 62 30 est
1211 3483 115 41 alors
1355 3483 219 42 constitué
1602 3498 114 37 pour

540 3543 38 42 la
612 3544 309 41 construction
957 3555 40 29 et
1032 3559 116 37 pour
1183 3544 56 41 les
1274 3546 274 42 extensions;

609 3632 40 40 5.
692 3617 62 41 Ce
795 3632 286 39 programme
1122 3617 122 42 étant
1286 3618 169 41 soumis
1498 3634 87 26 aux
1629 3635 85 25 m?-

1868 426 145 40 decins
2045 426 254 53 dirigeants,
2333 442 87 27 aux
2451 426 214 53 adjoints,
2699 441 87 27 aux
2818 424 228 54 employés

1868 497 40 30 et
1943 502 88 25 aux
2067 487 273 47 architectes;

1939 548 39 40 6.
2022 547 92 42 Mis
2157 563 53 26 au
2254 549 145 51 point,
2445 549 29 42 il
2518 560 60 30 est
2620 548 229 54 approuvé
2889 564 79 38 par
3009 548 37 43 le

1869 609 160 41 conseil
2072 609 417 42 d'administration
2532 621 39 30 et
2608 621 61 30 est
2709 610 210 42 transmis
2958 624 88 27 aux

1868 670 272 46 architectes;

1939 758 40 37 7.
2023 743 80 43 Les
2133 743 131 52 plans
2296 743 78 54 qui
2408 759 50 27 en
2493 743 213 42 résultent
2737 757 105 30 sont
2872 741 174 44 vérifiés

1868 815 39 30 et
1939 804 209 54 critiqués
2181 819 78 37 par
2292 804 57 41 les
2384 819 189 38 groupes
2606 805 79 53 qui
2717 816 83 30 ont
2833 804 143 54 rédigé
3012 807 34 42 le

1869 880 303 38 programme;

1939 939 40 40 8.
2022 938 59 41 Ils
2108 949 103 30 sont
2240 938 161 43 rendus
2428 938 224 43 définitifs
2679 950 39 30 et
2745 951 104 30 sont
2877 938 170 42 soumis

1868 1011 39 30 et
1942 1001 249 51 approuvés
2226 1015 78 37 par
2340 1000 35 41 le
2408 1000 164 42 conseil
2609 1000 434 42 d'administration.

1937 1061 60 41 Ce
2040 1061 107 53 plan
2191 1061 358 54 d'organisation
2594 1077 116 38 pour
2752 1061 85 43 être
2879 1061 168 52 parfait

1869 1123 97 42 doit
1998 1123 85 41 être
2117 1123 260 41 coordonné
2408 1138 97 26 avec
2537 1124 108 40 celui
2680 1124 71 40 des
2784 1134 142 31 autres
2960 1124 66 41 ins-

1869 1185 213 42 titutions
2114 1185 239 40 existantes
2387 1195 40 30 et
2460 1185 98 41 doit
2591 1185 85 41 être
2708 1184 194 53 compris
2936 1185 110 41 dans

1870 1261 58 25 un
1966 1245 105 53 plan
2109 1245 172 54 général
2319 1246 320 41 d'urbanisme.
2680 1246 130 42 Ainsi
2848 1262 39 25 se
2924 1257 99 30 trou-

1869 1323 99 26 vera
2002 1306 205 54 respectée
2239 1308 39 40 la
2308 1307 111 54 règle
2449 1307 49 41 de
2528 1307 258 42 rendement
2816 1306 230 55 optimum

1870 1368 71 41 des
1996 1368 239 53 spécialités
2290 1380 40 31 et
2383 1369 51 40 de
2486 1368 240 53 judicieuse
2782 1367 263 56 répartition

1870 1430 72 40 des
1982 1430 238 52 hôpitaux,
2264 1430 101 40 celle
2403 1431 76 53 qui
2518 1446 217 38 groupera
2777 1430 56 42 les
2871 1430 175 42 édifices

1870 1492 220 51 spéciaux,
2137 1493 57 40 les
2236 1492 224 42 sanatoria
2503 1503 39 30 et
2586 1493 197 43 maisons
2826 1492 50 43 de
2919 1506 127 39 repos

1870 1553 110 40 dans
2005 1552 38 42 la
2069 1568 114 25 zone
2208 1553 50 42 de
2282 1553 121 41 santé
2430 1569 83 38 que
2538 1564 124 31 toute
2688 1552 101 43 ville
2815 1564 106 42 peut
2945 1567 77 38 pos-

1869 1614 132 40 séder.

1937 1675 62 40 La
2030 1675 333 42 centralisation
2397 1677 235 52 technique
2664 1691 177 38 pourra,
2875 1675 171 42 d'autre

1870 1748 111 40 part,
2008 1737 85 41 être
2119 1736 119 51 faite,
2265 1752 68 26 car
2360 1738 28 42 il
2414 1748 60 30 est
2500 1738 176 41 normal
2703 1752 83 40 que
2811 1738 56 41 les
2893 1735 132 44 instal-

1870 1797 166 42 lations
2070 1799 50 41 de
2162 1813 139 28 1,000
2339 1799 20 40 à
2401 1814 142 26 2,000
2580 1799 72 43 lits
2685 1809 81 30 ont
2801 1797 72 43 des
2906 1799 117 51 possi-

1869 1858 146 42 bilités
2062 1860 50 40 de
2158 1859 396 42 fonctionnement
2600 1871 39 30 et
2686 1860 357 52 d'organisation

1870 1920 169 42 interne
2070 1936 84 38 que
2188 1936 51 25 ne
2271 1921 238 52 possèdent
2540 1921 57 41 les
2630 1932 142 30 autres
2803 1920 239 53 hôpitaux,

1869 1981 131 52 petits
2031 1983 50 40 de
2119 1997 87 38 150
2239 1982 85 43 lits,
2359 1997 186 37 moyens
2575 1983 50 40 de
2657 1997 108 39 300,
2799 1981 163 53 grands
2996 1982 49 41 de

1871 2042 93 40 600
1997 2042 333 53 (préférables).
2366 2044 35 40 Il
2434 2054 61 30 est
2526 2044 21 40 à
2580 2054 127 30 noter
2738 2058 84 39 que
2854 2042 56 41 les
2942 2054 103 40 trop

1869 2103 162 53 grands
2062 2103 225 52 hôpitaux
2319 2104 253 53 présentent
2605 2106 71 40 des
2707 2102 339 44 inconvénients

1868 2164 178 41 d'ordre
2080 2164 357 55 psychologique
2471 2177 40 30 et
2545 2181 83 38 que
2666 2166 57 40 les
2758 2164 177 43 services
2971 2165 50 41 ad-

1869 2225 288 42 ministratifs
2191 2241 26 37 y
2253 2237 103 30 sont
2390 2239 102 40 trop
2525 2226 353 53 congestionnés.

1935 2286 217 42 Nécessité
2200 2288 116 40 donc
2363 2288 50 40 de
2460 2288 341 53 l'organisation
2850 2287 195 53 générale

1869 2348 109 41 dans
2015 2348 35 41 le
2086 2348 124 41 cadre
2246 2349 51 40 de
2333 2348 304 42 l'urbanisme.
2678 2349 78 41 Un
2795 2348 251 54 organisme

1869 2409 204 41 national
2109 2409 50 40 de
2196 2409 38 41 la
2267 2409 124 41 santé
2423 2409 217 54 publique
2674 2409 128 42 serait
2836 2409 187 54 parfaite-

1870 2482 122 29 ment
2025 2470 187 54 qualifié
2245 2486 116 37 pour
2396 2470 217 42 atteindre
2648 2483 63 30 cet
2745 2470 201 53 objectif.

1870 2602 55 40 II.
1959 2603 81 40 Les
2069 2601 223 54 exigences
2322 2602 232 53 générales.

1938 2700 80 41 Les
2043 2700 222 53 exigences
2289 2700 218 53 générales
2533 2700 378 44 d'établissement
2935 2700 111 42 d'un

1869 2762 175 51 hôpital
2080 2773 103 30 sont
2222 2776 9 25 :
2267 2763 38 40 la
2342 2760 194 46 lumière,
2573 2762 35 41 le
2640 2776 140 38 repos,
2816 2761 96 42 l'air
2945 2776 98 39 pur.

1869 2823 121 40 Pour
2022 2837 26 38 y
2081 2822 230 53 répondre,
2345 2823 29 41 il
2407 2822 99 41 faut
2543 2837 8 26 :

1936 2883 103 41 Une
2072 2884 216 40 situation
2323 2883 157 41 écartée
2513 2884 71 42 des
2619 2895 147 30 routes
2799 2895 39 30 et
2871 2883 175 54 régions

1869 2945 255 52 bruyantes,
2159 2945 163 52 proche
2356 2945 49 40 de
2441 2944 38 41 la
2512 2945 185 40 verdure
2728 2960 60 25 ou
2824 2945 50 40 de
2906 2959 137 39 parcs,

1864 3018 40 29 et
1926 3006 265 42 néanmoins
2215 3006 211 42 aisément
2448 3006 225 42 accessible
2695 3018 40 30 et
2759 3006 177 41 reliable
2958 3021 87 25 aux

1865 3067 316 42 canalisations
2213 3069 208 44 diverses;

1935 3129 78 41 Un
2048 3130 160 40 terrain
2244 3144 92 26 non
2370 3129 186 41 humide
2587 3142 173 27 comme
2796 3142 92 27 non
2923 3126 120 45 isolé,

1865 3205 72 29 sur
1968 3206 83 24 une
2083 3190 203 42 hauteur,
2319 3189 137 41 écarté
2485 3189 71 42 des
2585 3189 282 40 émanations
2899 3188 122 42 urbai-

1866 3267 73 25 nes
1971 3267 58 25 ou
2063 3251 299 41 industrielles
2395 3263 39 29 et
2465 3250 140 41 abrité
2637 3250 71 40 des
2740 3260 127 30 vents
2899 3250 118 40 domi-

1866 3324 153 31 nants;

1933 3374 104 41 Une
2068 3374 272 52 disposition
2373 3373 49 42 de
2453 3371 160 42 terrain
2646 3371 97 40 telle
2773 3373 112 52 qu'il
2917 3371 102 41 favo-

1866 3436 77 40 rise
1977 3438 36 40 le
2044 3435 373 51 développement
2450 3447 50 25 en
2536 3433 233 51 longueur,
2803 3444 40 29 et
2876 3448 52 26 au
2961 3434 82 40 sud

1866 3497 71 41 des
1983 3497 256 46 bâtiments,
2290 3495 55 42 les
2388 3493 257 41 extensions
2688 3505 38 29 et
2772 3495 55 40 les
2871 3494 172 52 jardins

1866 3558 121 43 étant
2020 3557 160 53 prévus
2213 3571 50 25 en
2297 3555 139 41 même
2468 3566 142 39 temps
2639 3568 84 39 que
2754 3556 71 40 des
2855 3556 188 42 surfaces

1865 3620 50 40 de
1949 3634 56 39 75
2043 3613 25 60 m
2093 3613 24 60 2
2142 3613 73 60 par
2247 3615 123 42 unité
2403 3615 50 40 de
2485 3613 63 42 lit.
