<?xml version="1.0" encoding="UTF-8"?>
<alto xmlns:xsi="http://www.w3.org/2001/XMLSchema-instance" xmlns="http://www.loc.gov/standards/alto/ns-v2#" xsi:schemaLocation="http://www.loc.gov/standards/alto/ns-v2# http://www.loc.gov/standards/alto/alto-v2.0.xsd" xmlns:xlink="http://www.w3.org/1999/xlink">
	<Description>
		<MeasurementUnit>mm10</MeasurementUnit>
		<sourceImageInformation>
			<fileName>//fileserver7/IN2/Princeton/Batch3/bmtnaac/1932/07_01/00000008.tif</fileName>
		</sourceImageInformation>
		<OCRProcessing ID="OCRPROCESSING_1">
			<preProcessingStep>
				<processingSoftware>
					<softwareCreator>CCS Content Conversion Specialists GmbH, Germany</softwareCreator>
					<softwareName>CCS docWORKS</softwareName>
					<softwareVersion>6.6-1.18</softwareVersion>
				</processingSoftware>
			</preProcessingStep>
			<ocrProcessingStep>
				<processingSoftware>
					<softwareCreator>ABBYY (BIT Software), Russia</softwareCreator>
					<softwareName>FineReader</softwareName>
					<softwareVersion>10.0</softwareVersion>
				</processingSoftware>
			</ocrProcessingStep>
		</OCRProcessing>
	</Description>
	<Styles>
		<TextStyle ID="TXT_0" FONTSIZE="22" FONTFAMILY="Times New Roman"/>
		<TextStyle ID="TXT_1" FONTSIZE="21" FONTFAMILY="Unknown" FONTSTYLE="bold"/>
		<TextStyle ID="TXT_2" FONTSIZE="14" FONTFAMILY="Times New Roman"/>
		<TextStyle ID="TXT_3" FONTSIZE="15" FONTFAMILY="Times New Roman" FONTSTYLE="italics"/>
		<ParagraphStyle ID="PAR_RIGHT" ALIGN="Right"/>
		<ParagraphStyle ID="PAR_LEFT" ALIGN="Left"/>
		<ParagraphStyle ID="PAR_BLOCK" ALIGN="Block"/>
	</Styles>
	<Layout>
		<Page ID="P8" PHYSICAL_IMG_NR="8" HEIGHT="4323" WIDTH="3373" PRINTED_IMG_NR="162" PC="0.925">
			<TopMargin ID="P8_TM00001" HPOS="0" VPOS="0" WIDTH="3373" HEIGHT="345">
				<TextBlock ID="P8_TB00001" HPOS="2330" VPOS="273" WIDTH="733" HEIGHT="69" STYLEREFS="TXT_0 PAR_RIGHT">
					<TextLine ID="P8_TL00001" HPOS="2331" VPOS="274" WIDTH="732" HEIGHT="68">
						<String ID="P8_ST00001" HPOS="2331" VPOS="284" WIDTH="318" HEIGHT="58" CONTENT="TEK" WC="1.00" CC="000"/>
						<SP ID="P8_SP00001" HPOS="2649" VPOS="342" WIDTH="81"/>
						<String ID="P8_ST00002" HPOS="2730" VPOS="284" WIDTH="61" HEIGHT="56" CONTENT="H" WC="0.60" CC="3"/>
						<SP ID="P8_SP00002" HPOS="2791" VPOS="342" WIDTH="81"/>
						<String ID="P8_ST00003" HPOS="2872" VPOS="284" WIDTH="59" HEIGHT="54" CONTENT="N" WC="0.96" CC="0"/>
						<SP ID="P8_SP00003" HPOS="2931" VPOS="342" WIDTH="86"/>
						<String ID="P8_ST00004" HPOS="3017" VPOS="274" WIDTH="46" HEIGHT="64" CONTENT="Ê" WC="0.17" CC="8"/>
					</TextLine>
				</TextBlock>
			</TopMargin>
			<LeftMargin ID="P8_LM00001" HPOS="0" VPOS="345" WIDTH="537" HEIGHT="3413"/>
			<RightMargin ID="P8_RM00001" HPOS="3068" VPOS="345" WIDTH="305" HEIGHT="3413"/>
			<BottomMargin ID="P8_BM00001" HPOS="0" VPOS="3758" WIDTH="3373" HEIGHT="565">
				<TextBlock ID="P8_TB00002" HPOS="537" VPOS="3760" WIDTH="157" HEIGHT="57" STYLEREFS="TXT_1 PAR_LEFT">
					<TextLine ID="P8_TL00002" HPOS="538" VPOS="3762" WIDTH="156" HEIGHT="55">
						<String ID="P8_ST00005" HPOS="538" VPOS="3762" WIDTH="156" HEIGHT="55" CONTENT="162" WC="0.30" CC="568"/>
					</TextLine>
				</TextBlock>
			</BottomMargin>
			<PrintSpace ID="P8_PS00001" HPOS="537" VPOS="345" WIDTH="2531" HEIGHT="3413">
				<TextBlock ID="P8_TB00003" HPOS="543" VPOS="424" WIDTH="1194" HEIGHT="3251" STYLEREFS="TXT_2 PAR_BLOCK">
					<TextLine ID="P8_TL00003" HPOS="553" VPOS="424" WIDTH="1184" HEIGHT="56">
						<String ID="P8_ST00006" HPOS="553" VPOS="433" WIDTH="168" HEIGHT="31" CONTENT="tement" WC="0.90" CC="600000"/>
						<SP ID="P8_SP00004" HPOS="721" VPOS="464" WIDTH="49"/>
						<String ID="P8_ST00007" HPOS="770" VPOS="424" WIDTH="72" HEIGHT="40" CONTENT="des" WC="0.99" CC="003"/>
						<SP ID="P8_SP00005" HPOS="842" VPOS="464" WIDTH="48"/>
						<String ID="P8_ST00008" HPOS="890" VPOS="438" WIDTH="66" HEIGHT="26" CONTENT="cas" WC="1.00" CC="001"/>
						<SP ID="P8_SP00006" HPOS="956" VPOS="464" WIDTH="48"/>
						<String ID="P8_ST00009" HPOS="1004" VPOS="439" WIDTH="152" HEIGHT="38" CONTENT="graves" WC="1.00" CC="000000"/>
						<SP ID="P8_SP00007" HPOS="1156" VPOS="477" WIDTH="46"/>
						<String ID="P8_ST00010" HPOS="1202" VPOS="426" WIDTH="79" HEIGHT="54" CONTENT="qui" WC="1.00" CC="000"/>
						<SP ID="P8_SP00008" HPOS="1281" VPOS="480" WIDTH="48"/>
						<String ID="P8_ST00011" HPOS="1329" VPOS="426" WIDTH="257" HEIGHT="42" CONTENT="nécessitent" WC="0.99" CC="48034220006"/>
						<SP ID="P8_SP00009" HPOS="1586" VPOS="480" WIDTH="49"/>
						<String ID="P8_ST00012" HPOS="1635" VPOS="435" WIDTH="102" HEIGHT="32" CONTENT="tout" WC="0.95" CC="6807"/>
					</TextLine>
					<TextLine ID="P8_TL00004" HPOS="552" VPOS="483" WIDTH="1182" HEIGHT="58">
						<String ID="P8_ST00013" HPOS="552" VPOS="483" WIDTH="321" HEIGHT="54" CONTENT="l'agencement" WC="1.00" CC="040000000001"/>
						<SP ID="P8_SP00010" HPOS="873" VPOS="537" WIDTH="30"/>
						<String ID="P8_ST00014" HPOS="903" VPOS="485" WIDTH="111" HEIGHT="41" CONTENT="d'un" WC="0.99" CC="0400"/>
						<SP ID="P8_SP00011" HPOS="1014" VPOS="537" WIDTH="32"/>
						<String ID="P8_ST00015" HPOS="1046" VPOS="486" WIDTH="178" HEIGHT="53" CONTENT="hôpital" WC="0.99" CC="2601000"/>
						<SP ID="P8_SP00012" HPOS="1224" VPOS="539" WIDTH="30"/>
						<String ID="P8_ST00016" HPOS="1254" VPOS="487" WIDTH="195" HEIGHT="54" CONTENT="général;" WC="0.98" CC="07077044"/>
						<SP ID="P8_SP00013" HPOS="1449" VPOS="541" WIDTH="33"/>
						<String ID="P8_ST00017" HPOS="1482" VPOS="502" WIDTH="165" HEIGHT="39" CONTENT="rayons" WC="0.99" CC="606001"/>
						<SP ID="P8_SP00014" HPOS="1647" VPOS="541" WIDTH="28"/>
						<String ID="P8_ST00018" HPOS="1675" VPOS="487" WIDTH="59" HEIGHT="42" CONTENT="X," WC="0.77" CC="04"/>
					</TextLine>
					<TextLine ID="P8_TL00005" HPOS="549" VPOS="545" WIDTH="1187" HEIGHT="55">
						<String ID="P8_ST00019" HPOS="549" VPOS="545" WIDTH="107" HEIGHT="41" CONTENT="salle" WC="0.98" CC="70400"/>
						<SP ID="P8_SP00015" HPOS="656" VPOS="586" WIDTH="68"/>
						<String ID="P8_ST00020" HPOS="724" VPOS="546" WIDTH="285" HEIGHT="52" CONTENT="d'opération" WC="0.99" CC="04307700200"/>
						<SP ID="P8_SP00016" HPOS="1009" VPOS="598" WIDTH="71"/>
						<String ID="P8_ST00021" HPOS="1080" VPOS="547" WIDTH="214" HEIGHT="53" CONTENT="(reportés" WC="0.98" CC="070997180"/>
						<SP ID="P8_SP00017" HPOS="1294" VPOS="600" WIDTH="69"/>
						<String ID="P8_ST00022" HPOS="1363" VPOS="548" WIDTH="373" HEIGHT="43" CONTENT="éventuellement" WC="0.99" CC="70000660050490"/>
					</TextLine>
					<TextLine ID="P8_TL00006" HPOS="551" VPOS="607" WIDTH="1183" HEIGHT="56">
						<String ID="P8_ST00023" HPOS="551" VPOS="621" WIDTH="54" HEIGHT="27" CONTENT="au" WC="1.00" CC="00"/>
						<SP ID="P8_SP00018" HPOS="605" VPOS="648" WIDTH="54"/>
						<String ID="P8_ST00024" HPOS="659" VPOS="607" WIDTH="197" HEIGHT="54" CONTENT="quartier" WC="0.99" CC="00060506"/>
						<SP ID="P8_SP00019" HPOS="856" VPOS="661" WIDTH="50"/>
						<String ID="P8_ST00025" HPOS="906" VPOS="608" WIDTH="249" HEIGHT="52" CONTENT="opératoire" WC="0.99" CC="0076940060"/>
						<SP ID="P8_SP00020" HPOS="1155" VPOS="661" WIDTH="19"/>
						<String ID="P8_ST00026" HPOS="1174" VPOS="610" WIDTH="15" HEIGHT="52" CONTENT=")" WC="0.62" CC="3"/>
						<SP ID="P8_SP00021" HPOS="1189" VPOS="662" WIDTH="51"/>
						<String ID="P8_ST00027" HPOS="1240" VPOS="621" WIDTH="40" HEIGHT="29" CONTENT="et" WC="1.00" CC="00"/>
						<SP ID="P8_SP00022" HPOS="1280" VPOS="662" WIDTH="49"/>
						<String ID="P8_ST00028" HPOS="1329" VPOS="609" WIDTH="405" HEIGHT="54" CONTENT="physio-thérapie," WC="0.72" CC="0550604037700004"/>
					</TextLine>
					<TextLine ID="P8_TL00007" HPOS="550" VPOS="667" WIDTH="1187" HEIGHT="56">
						<String ID="P8_ST00029" HPOS="550" VPOS="667" WIDTH="288" HEIGHT="43" CONTENT="stérilisation" WC="1.00" CC="1070404400000"/>
						<SP ID="P8_SP00023" HPOS="838" VPOS="710" WIDTH="32"/>
						<String ID="P8_ST00030" HPOS="870" VPOS="670" WIDTH="292" HEIGHT="52" CONTENT="particulière," WC="0.99" CC="0056400016604"/>
						<SP ID="P8_SP00024" HPOS="1162" VPOS="722" WIDTH="34"/>
						<String ID="P8_ST00031" HPOS="1196" VPOS="671" WIDTH="335" HEIGHT="52" CONTENT="héliothérapie," WC="1.00" CC="27503008000004"/>
						<SP ID="P8_SP00025" HPOS="1531" VPOS="723" WIDTH="36"/>
						<String ID="P8_ST00032" HPOS="1567" VPOS="671" WIDTH="149" HEIGHT="42" CONTENT="utilisa" SUBS_TYPE="HypPart1" SUBS_CONTENT="utilisation" WC="1.00" CC="0400000"/>
						<HYP HPOS="1716" VPOS="671" WIDTH="21" CONTENT="-"/>
					</TextLine>
					<TextLine ID="P8_TL00008" HPOS="551" VPOS="728" WIDTH="1185" HEIGHT="56">
						<String ID="P8_ST00033" HPOS="551" VPOS="728" WIDTH="97" HEIGHT="42" CONTENT="tion" SUBS_TYPE="HypPart2" SUBS_CONTENT="utilisation" WC="0.97" CC="5520"/>
						<SP ID="P8_SP00026" HPOS="648" VPOS="770" WIDTH="30"/>
						<String ID="P8_ST00034" HPOS="678" VPOS="730" WIDTH="182" HEIGHT="53" CONTENT="spéciale" WC="1.00" CC="00800000"/>
						<SP ID="P8_SP00027" HPOS="860" VPOS="783" WIDTH="29"/>
						<String ID="P8_ST00035" HPOS="889" VPOS="731" WIDTH="72" HEIGHT="40" CONTENT="des" WC="0.98" CC="004"/>
						<SP ID="P8_SP00028" HPOS="961" VPOS="783" WIDTH="26"/>
						<String ID="P8_ST00036" HPOS="987" VPOS="731" WIDTH="232" HEIGHT="41" CONTENT="chambres" WC="0.99" CC="03000603"/>
						<SP ID="P8_SP00029" HPOS="1219" VPOS="783" WIDTH="30"/>
						<String ID="P8_ST00037" HPOS="1249" VPOS="732" WIDTH="50" HEIGHT="41" CONTENT="de" WC="1.00" CC="00"/>
						<SP ID="P8_SP00030" HPOS="1299" VPOS="783" WIDTH="29"/>
						<String ID="P8_ST00038" HPOS="1328" VPOS="732" WIDTH="119" HEIGHT="52" CONTENT="plein" WC="1.00" CC="00000"/>
						<SP ID="P8_SP00031" HPOS="1447" VPOS="784" WIDTH="32"/>
						<String ID="P8_ST00039" HPOS="1479" VPOS="733" WIDTH="62" HEIGHT="41" CONTENT="air" WC="0.94" CC="717"/>
						<SP ID="P8_SP00032" HPOS="1541" VPOS="784" WIDTH="30"/>
						<String ID="P8_ST00040" HPOS="1571" VPOS="748" WIDTH="53" HEIGHT="26" CONTENT="au" WC="1.00" CC="00"/>
						<SP ID="P8_SP00033" HPOS="1624" VPOS="784" WIDTH="30"/>
						<String ID="P8_ST00041" HPOS="1654" VPOS="732" WIDTH="82" HEIGHT="40" CONTENT="sud" WC="0.99" CC="300"/>
					</TextLine>
					<TextLine ID="P8_TL00009" HPOS="548" VPOS="790" WIDTH="1189" HEIGHT="58">
						<String ID="P8_ST00042" HPOS="548" VPOS="801" WIDTH="40" HEIGHT="30" CONTENT="et" WC="0.84" CC="03"/>
						<SP ID="P8_SP00034" HPOS="588" VPOS="831" WIDTH="26"/>
						<String ID="P8_ST00043" HPOS="614" VPOS="790" WIDTH="72" HEIGHT="41" CONTENT="des" WC="1.00" CC="001"/>
						<SP ID="P8_SP00035" HPOS="686" VPOS="831" WIDTH="21"/>
						<String ID="P8_ST00044" HPOS="707" VPOS="791" WIDTH="288" HEIGHT="46" CONTENT="terrasses;les" WC="1.00" CC="0066004030002"/>
						<SP ID="P8_SP00036" HPOS="995" VPOS="837" WIDTH="21"/>
						<String ID="P8_ST00045" HPOS="1016" VPOS="793" WIDTH="231" HEIGHT="41" CONTENT="chambres" WC="1.00" CC="00000500"/>
						<SP ID="P8_SP00037" HPOS="1247" VPOS="837" WIDTH="22"/>
						<String ID="P8_ST00046" HPOS="1269" VPOS="804" WIDTH="150" HEIGHT="30" CONTENT="seront" WC="0.99" CC="007000"/>
						<SP ID="P8_SP00038" HPOS="1419" VPOS="837" WIDTH="24"/>
						<String ID="P8_ST00047" HPOS="1443" VPOS="795" WIDTH="50" HEIGHT="39" CONTENT="de" WC="1.00" CC="00"/>
						<SP ID="P8_SP00039" HPOS="1493" VPOS="837" WIDTH="31"/>
						<String ID="P8_ST00048" HPOS="1524" VPOS="808" WIDTH="11" HEIGHT="25" CONTENT="1" WC="0.62" CC="3"/>
						<SP ID="P8_SP00040" HPOS="1535" VPOS="837" WIDTH="31"/>
						<String ID="P8_ST00049" HPOS="1566" VPOS="794" WIDTH="22" HEIGHT="40" CONTENT="à" WC="0.34" CC="6"/>
						<SP ID="P8_SP00041" HPOS="1588" VPOS="837" WIDTH="27"/>
						<String ID="P8_ST00050" HPOS="1615" VPOS="809" WIDTH="22" HEIGHT="39" CONTENT="3" WC="1.00" CC="0"/>
						<SP ID="P8_SP00042" HPOS="1637" VPOS="848" WIDTH="28"/>
						<String ID="P8_ST00051" HPOS="1665" VPOS="791" WIDTH="72" HEIGHT="44" CONTENT="lits" WC="0.97" CC="0645"/>
					</TextLine>
					<TextLine ID="P8_TL00010" HPOS="552" VPOS="853" WIDTH="1178" HEIGHT="55">
						<String ID="P8_ST00052" HPOS="552" VPOS="866" WIDTH="99" HEIGHT="26" CONTENT="avec" WC="1.00" CC="0000"/>
						<SP ID="P8_SP00043" HPOS="651" VPOS="892" WIDTH="39"/>
						<String ID="P8_ST00053" HPOS="690" VPOS="868" WIDTH="126" HEIGHT="37" CONTENT="repos" WC="0.99" CC="60004"/>
						<SP ID="P8_SP00044" HPOS="816" VPOS="905" WIDTH="39"/>
						<String ID="P8_ST00054" HPOS="855" VPOS="853" WIDTH="21" HEIGHT="40" CONTENT="à" WC="0.36" CC="6"/>
						<SP ID="P8_SP00045" HPOS="876" VPOS="905" WIDTH="42"/>
						<String ID="P8_ST00055" HPOS="918" VPOS="853" WIDTH="98" HEIGHT="42" CONTENT="l'air" WC="0.97" CC="47056"/>
						<SP ID="P8_SP00046" HPOS="1016" VPOS="905" WIDTH="40"/>
						<String ID="P8_ST00056" HPOS="1056" VPOS="854" WIDTH="108" HEIGHT="42" CONTENT="libre" WC="0.98" CC="04070"/>
						<SP ID="P8_SP00047" HPOS="1164" VPOS="905" WIDTH="36"/>
						<String ID="P8_ST00057" HPOS="1200" VPOS="870" WIDTH="119" HEIGHT="37" CONTENT="pour" WC="0.98" CC="0105"/>
						<SP ID="P8_SP00048" HPOS="1319" VPOS="907" WIDTH="40"/>
						<String ID="P8_ST00058" HPOS="1359" VPOS="855" WIDTH="56" HEIGHT="42" CONTENT="les" WC="0.97" CC="008"/>
						<SP ID="P8_SP00049" HPOS="1415" VPOS="907" WIDTH="39"/>
						<String ID="P8_ST00059" HPOS="1454" VPOS="870" WIDTH="66" HEIGHT="26" CONTENT="cas" WC="1.00" CC="001"/>
						<SP ID="P8_SP00050" HPOS="1520" VPOS="907" WIDTH="38"/>
						<String ID="P8_ST00060" HPOS="1558" VPOS="870" WIDTH="172" HEIGHT="38" CONTENT="graves;" WC="1.00" CC="0000020"/>
					</TextLine>
					<TextLine ID="P8_TL00011" HPOS="551" VPOS="914" WIDTH="1183" HEIGHT="55">
						<String ID="P8_ST00061" HPOS="551" VPOS="914" WIDTH="171" HEIGHT="41" CONTENT="ceux-ci" WC="0.99" CC="0600705"/>
						<SP ID="P8_SP00051" HPOS="722" VPOS="955" WIDTH="30"/>
						<String ID="P8_ST00062" HPOS="752" VPOS="925" WIDTH="105" HEIGHT="30" CONTENT="sont" WC="0.98" CC="2104"/>
						<SP ID="P8_SP00052" HPOS="857" VPOS="955" WIDTH="29"/>
						<String ID="P8_ST00063" HPOS="886" VPOS="915" WIDTH="22" HEIGHT="40" CONTENT="à" WC="0.31" CC="6"/>
						<SP ID="P8_SP00053" HPOS="908" VPOS="955" WIDTH="29"/>
						<String ID="P8_ST00064" HPOS="937" VPOS="914" WIDTH="169" HEIGHT="53" CONTENT="séparer" WC="0.98" CC="4800606"/>
						<SP ID="P8_SP00054" HPOS="1106" VPOS="967" WIDTH="31"/>
						<String ID="P8_ST00065" HPOS="1137" VPOS="915" WIDTH="72" HEIGHT="43" CONTENT="des" WC="1.00" CC="000"/>
						<SP ID="P8_SP00055" HPOS="1209" VPOS="967" WIDTH="30"/>
						<String ID="P8_ST00066" HPOS="1239" VPOS="931" WIDTH="69" HEIGHT="26" CONTENT="cas" WC="0.98" CC="005"/>
						<SP ID="P8_SP00056" HPOS="1308" VPOS="967" WIDTH="28"/>
						<String ID="P8_ST00067" HPOS="1336" VPOS="916" WIDTH="146" HEIGHT="53" CONTENT="légers," WC="0.98" CC="0700644"/>
						<SP ID="P8_SP00057" HPOS="1482" VPOS="969" WIDTH="32"/>
						<String ID="P8_ST00068" HPOS="1514" VPOS="917" WIDTH="50" HEIGHT="40" CONTENT="de" WC="1.00" CC="00"/>
						<SP ID="P8_SP00058" HPOS="1564" VPOS="969" WIDTH="31"/>
						<String ID="P8_ST00069" HPOS="1595" VPOS="916" WIDTH="139" HEIGHT="41" CONTENT="même" WC="0.99" CC="0700"/>
					</TextLine>
					<TextLine ID="P8_TL00012" HPOS="550" VPOS="975" WIDTH="1185" HEIGHT="54">
						<String ID="P8_ST00070" HPOS="550" VPOS="989" WIDTH="85" HEIGHT="39" CONTENT="que" WC="1.00" CC="000"/>
						<SP ID="P8_SP00059" HPOS="635" VPOS="1028" WIDTH="35"/>
						<String ID="P8_ST00071" HPOS="670" VPOS="975" WIDTH="58" HEIGHT="41" CONTENT="les" WC="0.98" CC="005"/>
						<SP ID="P8_SP00060" HPOS="728" VPOS="1028" WIDTH="34"/>
						<String ID="P8_ST00072" HPOS="762" VPOS="975" WIDTH="292" HEIGHT="54" CONTENT="contagieux;" WC="1.00" CC="00000040000"/>
						<SP ID="P8_SP00061" HPOS="1054" VPOS="1029" WIDTH="42"/>
						<String ID="P8_ST00073" HPOS="1096" VPOS="977" WIDTH="57" HEIGHT="40" CONTENT="les" WC="0.97" CC="402"/>
						<SP ID="P8_SP00062" HPOS="1153" VPOS="1029" WIDTH="33"/>
						<String ID="P8_ST00074" HPOS="1186" VPOS="977" WIDTH="115" HEIGHT="41" CONTENT="halls" WC="0.99" CC="40020"/>
						<SP ID="P8_SP00063" HPOS="1301" VPOS="1029" WIDTH="35"/>
						<String ID="P8_ST00075" HPOS="1336" VPOS="978" WIDTH="50" HEIGHT="40" CONTENT="de" WC="1.00" CC="00"/>
						<SP ID="P8_SP00064" HPOS="1386" VPOS="1029" WIDTH="36"/>
						<String ID="P8_ST00076" HPOS="1422" VPOS="991" WIDTH="125" HEIGHT="38" CONTENT="repos" WC="0.98" CC="77000"/>
						<SP ID="P8_SP00065" HPOS="1547" VPOS="1029" WIDTH="37"/>
						<String ID="P8_ST00077" HPOS="1584" VPOS="977" WIDTH="151" HEIGHT="41" CONTENT="feront" WC="0.99" CC="005003"/>
					</TextLine>
					<TextLine ID="P8_TL00013" HPOS="551" VPOS="1035" WIDTH="744" HEIGHT="53">
						<String ID="P8_ST00078" HPOS="551" VPOS="1035" WIDTH="162" HEIGHT="53" CONTENT="l'objet" WC="1.00" CC="0400000"/>
						<SP ID="P8_SP00066" HPOS="713" VPOS="1088" WIDTH="35"/>
						<String ID="P8_ST00079" HPOS="748" VPOS="1037" WIDTH="200" HEIGHT="41" CONTENT="d'études" WC="0.99" CC="01700070"/>
						<SP ID="P8_SP00067" HPOS="948" VPOS="1088" WIDTH="34"/>
						<String ID="P8_ST00080" HPOS="982" VPOS="1038" WIDTH="313" HEIGHT="47" CONTENT="particulières." WC="1.00" CC="50000000364014"/>
					</TextLine>
					<TextLine ID="P8_TL00014" HPOS="619" VPOS="1098" WIDTH="1115" HEIGHT="54">
						<String ID="P8_ST00081" HPOS="619" VPOS="1098" WIDTH="29" HEIGHT="40" CONTENT="h" WC="0.41" CC="5"/>
						<SP ID="P8_SP00068" HPOS="648" VPOS="1138" WIDTH="20"/>
						<String ID="P8_ST00082" HPOS="668" VPOS="1099" WIDTH="15" HEIGHT="52" CONTENT=")" WC="0.47" CC="5"/>
						<SP ID="P8_SP00069" HPOS="683" VPOS="1151" WIDTH="32"/>
						<String ID="P8_ST00083" HPOS="715" VPOS="1098" WIDTH="67" HEIGHT="42" CONTENT="La" WC="1.00" CC="00" STYLEREFS="TXT_3"/>
						<SP ID="P8_SP00070" HPOS="782" VPOS="1151" WIDTH="28"/>
						<String ID="P8_ST00084" HPOS="810" VPOS="1098" WIDTH="168" HEIGHT="42" CONTENT="section" WC="0.99" CC="4003460" STYLEREFS="TXT_3"/>
						<SP ID="P8_SP00071" HPOS="978" VPOS="1151" WIDTH="34"/>
						<String ID="P8_ST00085" HPOS="1012" VPOS="1101" WIDTH="51" HEIGHT="41" CONTENT="de" WC="1.00" CC="00" STYLEREFS="TXT_3"/>
						<SP ID="P8_SP00072" HPOS="1063" VPOS="1151" WIDTH="31"/>
						<String ID="P8_ST00086" HPOS="1094" VPOS="1099" WIDTH="263" HEIGHT="53" CONTENT="pathologie" WC="0.99" CC="0254000340" STYLEREFS="TXT_3"/>
						<SP ID="P8_SP00073" HPOS="1357" VPOS="1152" WIDTH="30"/>
						<String ID="P8_ST00087" HPOS="1387" VPOS="1110" WIDTH="41" HEIGHT="32" CONTENT="et" WC="0.80" CC="04" STYLEREFS="TXT_3"/>
						<SP ID="P8_SP00074" HPOS="1428" VPOS="1152" WIDTH="30"/>
						<String ID="P8_ST00088" HPOS="1458" VPOS="1101" WIDTH="276" HEIGHT="40" CONTENT="danatomie" WC="0.86" CC="000020630" STYLEREFS="TXT_3"/>
					</TextLine>
					<TextLine ID="P8_TL00015" HPOS="550" VPOS="1160" WIDTH="1181" HEIGHT="53">
						<String ID="P8_ST00089" HPOS="550" VPOS="1171" WIDTH="299" HEIGHT="40" CONTENT="comprenant" WC="0.99" CC="0006600005"/>
						<SP ID="P8_SP00075" HPOS="849" VPOS="1211" WIDTH="40"/>
						<String ID="P8_ST00090" HPOS="889" VPOS="1162" WIDTH="38" HEIGHT="40" CONTENT="la" WC="1.00" CC="00"/>
						<SP ID="P8_SP00076" HPOS="927" VPOS="1211" WIDTH="43"/>
						<String ID="P8_ST00091" HPOS="970" VPOS="1175" WIDTH="196" HEIGHT="38" CONTENT="morgue," WC="0.99" CC="0340004"/>
						<SP ID="P8_SP00077" HPOS="1166" VPOS="1213" WIDTH="43"/>
						<String ID="P8_ST00092" HPOS="1209" VPOS="1160" WIDTH="56" HEIGHT="41" CONTENT="les" WC="0.99" CC="002"/>
						<SP ID="P8_SP00078" HPOS="1265" VPOS="1213" WIDTH="38"/>
						<String ID="P8_ST00093" HPOS="1303" VPOS="1160" WIDTH="125" HEIGHT="42" CONTENT="salles" WC="1.00" CC="100000"/>
						<SP ID="P8_SP00079" HPOS="1428" VPOS="1213" WIDTH="38"/>
						<String ID="P8_ST00094" HPOS="1466" VPOS="1161" WIDTH="265" HEIGHT="52" CONTENT="d'autopsie," WC="1.00" CC="04006000404"/>
					</TextLine>
					<TextLine ID="P8_TL00016" HPOS="551" VPOS="1219" WIDTH="1183" HEIGHT="53">
						<String ID="P8_ST00095" HPOS="551" VPOS="1219" WIDTH="50" HEIGHT="40" CONTENT="de" WC="1.00" CC="00"/>
						<SP ID="P8_SP00080" HPOS="601" VPOS="1259" WIDTH="49"/>
						<String ID="P8_ST00096" HPOS="650" VPOS="1219" WIDTH="252" HEIGHT="45" CONTENT="dissection," WC="1.00" CC="00070010004"/>
						<SP ID="P8_SP00081" HPOS="902" VPOS="1264" WIDTH="51"/>
						<String ID="P8_ST00097" HPOS="953" VPOS="1223" WIDTH="255" HEIGHT="49" CONTENT="auditoires," WC="1.00" CC="70003040004"/>
						<SP ID="P8_SP00082" HPOS="1208" VPOS="1272" WIDTH="55"/>
						<String ID="P8_ST00098" HPOS="1263" VPOS="1221" WIDTH="289" HEIGHT="43" CONTENT="laboratoires" WC="1.00" CC="000000605000"/>
						<SP ID="P8_SP00083" HPOS="1552" VPOS="1272" WIDTH="52"/>
						<String ID="P8_ST00099" HPOS="1604" VPOS="1236" WIDTH="98" HEIGHT="27" CONTENT="nom" SUBS_TYPE="HypPart1" SUBS_CONTENT="nombreux" WC="0.99" CC="010"/>
						<HYP HPOS="1702" VPOS="1236" WIDTH="32" CONTENT="-"/>
					</TextLine>
					<TextLine ID="P8_TL00017" HPOS="551" VPOS="1280" WIDTH="1182" HEIGHT="54">
						<String ID="P8_ST00100" HPOS="551" VPOS="1280" WIDTH="139" HEIGHT="42" CONTENT="breux" SUBS_TYPE="HypPart2" SUBS_CONTENT="nombreux" WC="0.99" CC="06000"/>
						<SP ID="P8_SP00084" HPOS="690" VPOS="1322" WIDTH="32"/>
						<String ID="P8_ST00101" HPOS="722" VPOS="1282" WIDTH="111" HEIGHT="40" CONTENT="dans" WC="0.99" CC="0005"/>
						<SP ID="P8_SP00085" HPOS="833" VPOS="1322" WIDTH="30"/>
						<String ID="P8_ST00102" HPOS="863" VPOS="1282" WIDTH="57" HEIGHT="40" CONTENT="les" WC="0.99" CC="003"/>
						<SP ID="P8_SP00086" HPOS="920" VPOS="1322" WIDTH="29"/>
						<String ID="P8_ST00103" HPOS="949" VPOS="1282" WIDTH="225" HEIGHT="52" CONTENT="hôpitaux" WC="0.98" CC="37005940"/>
						<SP ID="P8_SP00087" HPOS="1174" VPOS="1334" WIDTH="31"/>
						<String ID="P8_ST00104" HPOS="1205" VPOS="1283" WIDTH="50" HEIGHT="41" CONTENT="de" WC="0.62" CC="07"/>
						<SP ID="P8_SP00088" HPOS="1255" VPOS="1334" WIDTH="34"/>
						<String ID="P8_ST00105" HPOS="1289" VPOS="1299" WIDTH="92" HEIGHT="25" CONTENT="200" WC="0.67" CC="045"/>
						<SP ID="P8_SP00089" HPOS="1381" VPOS="1334" WIDTH="31"/>
						<String ID="P8_ST00106" HPOS="1412" VPOS="1284" WIDTH="72" HEIGHT="45" CONTENT="lits" WC="0.99" CC="0240"/>
						<SP ID="P8_SP00090" HPOS="1484" VPOS="1334" WIDTH="28"/>
						<String ID="P8_ST00107" HPOS="1512" VPOS="1294" WIDTH="61" HEIGHT="30" CONTENT="est" WC="1.00" CC="000"/>
						<SP ID="P8_SP00091" HPOS="1573" VPOS="1334" WIDTH="32"/>
						<String ID="P8_ST00108" HPOS="1605" VPOS="1282" WIDTH="128" HEIGHT="42" CONTENT="isolée" WC="0.98" CC="340480"/>
					</TextLine>
					<TextLine ID="P8_TL00018" HPOS="550" VPOS="1342" WIDTH="1181" HEIGHT="55">
						<String ID="P8_ST00109" HPOS="550" VPOS="1357" WIDTH="49" HEIGHT="26" CONTENT="en" WC="0.67" CC="60"/>
						<SP ID="P8_SP00092" HPOS="599" VPOS="1383" WIDTH="29"/>
						<String ID="P8_ST00110" HPOS="628" VPOS="1342" WIDTH="224" HEIGHT="42" CONTENT="bâtiment" WC="0.99" CC="29050001"/>
						<SP ID="P8_SP00093" HPOS="852" VPOS="1384" WIDTH="25"/>
						<String ID="P8_ST00111" HPOS="877" VPOS="1343" WIDTH="172" HEIGHT="52" CONTENT="spécial," WC="0.99" CC="00704046"/>
						<SP ID="P8_SP00094" HPOS="1049" VPOS="1395" WIDTH="30"/>
						<String ID="P8_ST00112" HPOS="1079" VPOS="1344" WIDTH="132" HEIGHT="42" CONTENT="sinon" WC="1.00" CC="10010"/>
						<SP ID="P8_SP00095" HPOS="1211" VPOS="1395" WIDTH="29"/>
						<String ID="P8_ST00113" HPOS="1240" VPOS="1345" WIDTH="142" HEIGHT="52" CONTENT="placée" WC="0.99" CC="000080"/>
						<SP ID="P8_SP00096" HPOS="1382" VPOS="1397" WIDTH="26"/>
						<String ID="P8_ST00114" HPOS="1408" VPOS="1345" WIDTH="110" HEIGHT="43" CONTENT="dans" WC="1.00" CC="0000"/>
						<SP ID="P8_SP00097" HPOS="1518" VPOS="1397" WIDTH="30"/>
						<String ID="P8_ST00115" HPOS="1548" VPOS="1345" WIDTH="35" HEIGHT="40" CONTENT="le" WC="0.68" CC="60"/>
						<SP ID="P8_SP00098" HPOS="1583" VPOS="1397" WIDTH="27"/>
						<String ID="P8_ST00116" HPOS="1610" VPOS="1359" WIDTH="97" HEIGHT="27" CONTENT="sous" SUBS_TYPE="HypPart1" SUBS_CONTENT="soussol," WC="0.98" CC="3304"/>
						<HYP HPOS="1707" VPOS="1359" WIDTH="24" CONTENT="-"/>
					</TextLine>
					<TextLine ID="P8_TL00019" HPOS="550" VPOS="1402" WIDTH="1179" HEIGHT="57">
						<String ID="P8_ST00117" HPOS="550" VPOS="1404" WIDTH="80" HEIGHT="48" CONTENT="sol," SUBS_TYPE="HypPart2" SUBS_CONTENT="soussol," WC="0.98" CC="3304"/>
						<SP ID="P8_SP00099" HPOS="630" VPOS="1452" WIDTH="43"/>
						<String ID="P8_ST00118" HPOS="673" VPOS="1402" WIDTH="182" HEIGHT="43" CONTENT="suivant" WC="1.00" CC="1000006"/>
						<SP ID="P8_SP00100" HPOS="855" VPOS="1452" WIDTH="40"/>
						<String ID="P8_ST00119" HPOS="895" VPOS="1406" WIDTH="35" HEIGHT="41" CONTENT="le" WC="0.90" CC="20"/>
						<SP ID="P8_SP00101" HPOS="930" VPOS="1452" WIDTH="39"/>
						<String ID="P8_ST00120" HPOS="969" VPOS="1405" WIDTH="372" HEIGHT="53" CONTENT="développement" WC="1.00" CC="0700609000004"/>
						<SP ID="P8_SP00102" HPOS="1341" VPOS="1458" WIDTH="38"/>
						<String ID="P8_ST00121" HPOS="1379" VPOS="1407" WIDTH="75" HEIGHT="52" CONTENT="qui" WC="1.00" CC="000"/>
						<SP ID="P8_SP00103" HPOS="1454" VPOS="1459" WIDTH="42"/>
						<String ID="P8_ST00122" HPOS="1496" VPOS="1404" WIDTH="233" HEIGHT="47" CONTENT="convient;" WC="1.00" CC="000050060"/>
					</TextLine>
					<TextLine ID="P8_TL00020" HPOS="551" VPOS="1465" WIDTH="1182" HEIGHT="55">
						<String ID="P8_ST00123" HPOS="551" VPOS="1465" WIDTH="56" HEIGHT="40" CONTENT="les" WC="0.97" CC="304"/>
						<SP ID="P8_SP00104" HPOS="607" VPOS="1505" WIDTH="42"/>
						<String ID="P8_ST00124" HPOS="649" VPOS="1465" WIDTH="292" HEIGHT="44" CONTENT="laboratoires" WC="1.00" CC="040000203705"/>
						<SP ID="P8_SP00105" HPOS="941" VPOS="1509" WIDTH="38"/>
						<String ID="P8_ST00125" HPOS="979" VPOS="1466" WIDTH="305" HEIGHT="54" CONTENT="d'histologie," WC="1.00" CC="0410300034004"/>
						<SP ID="P8_SP00106" HPOS="1284" VPOS="1520" WIDTH="40"/>
						<String ID="P8_ST00126" HPOS="1324" VPOS="1468" WIDTH="50" HEIGHT="40" CONTENT="de" WC="0.52" CC="09"/>
						<SP ID="P8_SP00107" HPOS="1374" VPOS="1520" WIDTH="39"/>
						<String ID="P8_ST00127" HPOS="1413" VPOS="1466" WIDTH="227" HEIGHT="54" CONTENT="sérologie," WC="0.99" CC="4800600300"/>
						<SP ID="P8_SP00108" HPOS="1640" VPOS="1520" WIDTH="42"/>
						<String ID="P8_ST00128" HPOS="1682" VPOS="1466" WIDTH="51" HEIGHT="41" CONTENT="de" WC="1.00" CC="00"/>
					</TextLine>
					<TextLine ID="P8_TL00021" HPOS="551" VPOS="1526" WIDTH="1182" HEIGHT="54">
						<String ID="P8_ST00129" HPOS="551" VPOS="1526" WIDTH="314" HEIGHT="54" CONTENT="bactériologie" WC="1.00" CC="0000766060000"/>
						<SP ID="P8_SP00109" HPOS="865" VPOS="1580" WIDTH="34"/>
						<String ID="P8_ST00130" HPOS="899" VPOS="1539" WIDTH="150" HEIGHT="30" CONTENT="seront" WC="0.99" CC="300005"/>
						<SP ID="P8_SP00110" HPOS="1049" VPOS="1580" WIDTH="35"/>
						<String ID="P8_ST00131" HPOS="1084" VPOS="1543" WIDTH="200" HEIGHT="37" CONTENT="pourvus" WC="0.99" CC="0046000"/>
						<SP ID="P8_SP00111" HPOS="1284" VPOS="1580" WIDTH="36"/>
						<String ID="P8_ST00132" HPOS="1320" VPOS="1529" WIDTH="71" HEIGHT="40" CONTENT="des" WC="0.98" CC="005"/>
						<SP ID="P8_SP00112" HPOS="1391" VPOS="1580" WIDTH="35"/>
						<String ID="P8_ST00133" HPOS="1426" VPOS="1527" WIDTH="307" HEIGHT="42" CONTENT="installations" WC="1.00" CC="6000064000403"/>
					</TextLine>
					<TextLine ID="P8_TL00022" HPOS="550" VPOS="1588" WIDTH="1181" HEIGHT="54">
						<String ID="P8_ST00134" HPOS="550" VPOS="1588" WIDTH="259" HEIGHT="53" CONTENT="techniques" WC="0.99" CC="6005030874"/>
						<SP ID="P8_SP00113" HPOS="809" VPOS="1641" WIDTH="41"/>
						<String ID="P8_ST00135" HPOS="850" VPOS="1588" WIDTH="207" HEIGHT="46" CONTENT="voulues;" WC="0.99" CC="00507000"/>
						<SP ID="P8_SP00114" HPOS="1057" VPOS="1641" WIDTH="44"/>
						<String ID="P8_ST00136" HPOS="1101" VPOS="1591" WIDTH="38" HEIGHT="40" CONTENT="la" WC="1.00" CC="00"/>
						<SP ID="P8_SP00115" HPOS="1139" VPOS="1641" WIDTH="42"/>
						<String ID="P8_ST00137" HPOS="1181" VPOS="1604" WIDTH="183" HEIGHT="38" CONTENT="morgue" WC="0.99" CC="006050"/>
						<SP ID="P8_SP00116" HPOS="1364" VPOS="1642" WIDTH="38"/>
						<String ID="P8_ST00138" HPOS="1402" VPOS="1604" WIDTH="89" HEIGHT="28" CONTENT="sera" WC="0.98" CC="2080"/>
						<SP ID="P8_SP00117" HPOS="1491" VPOS="1642" WIDTH="38"/>
						<String ID="P8_ST00139" HPOS="1529" VPOS="1604" WIDTH="202" HEIGHT="37" CONTENT="pourvue" WC="0.99" CC="0200007"/>
					</TextLine>
					<TextLine ID="P8_TL00023" HPOS="550" VPOS="1649" WIDTH="1181" HEIGHT="54">
						<String ID="P8_ST00140" HPOS="550" VPOS="1649" WIDTH="269" HEIGHT="52" CONTENT="d'appareils" WC="1.00" CC="04000070031"/>
						<SP ID="P8_SP00118" HPOS="819" VPOS="1701" WIDTH="37"/>
						<String ID="P8_ST00141" HPOS="856" VPOS="1649" WIDTH="309" HEIGHT="54" CONTENT="frigorifiques" WC="1.00" CC="1600060200601"/>
						<SP ID="P8_SP00119" HPOS="1165" VPOS="1703" WIDTH="37"/>
						<String ID="P8_ST00142" HPOS="1202" VPOS="1661" WIDTH="39" HEIGHT="30" CONTENT="et" WC="0.78" CC="04"/>
						<SP ID="P8_SP00120" HPOS="1241" VPOS="1703" WIDTH="39"/>
						<String ID="P8_ST00143" HPOS="1280" VPOS="1651" WIDTH="107" HEIGHT="40" CONTENT="d'un" WC="0.98" CC="0405"/>
						<SP ID="P8_SP00121" HPOS="1387" VPOS="1703" WIDTH="42"/>
						<String ID="P8_ST00144" HPOS="1429" VPOS="1651" WIDTH="105" HEIGHT="42" CONTENT="four" WC="1.00" CC="0000"/>
						<SP ID="P8_SP00122" HPOS="1534" VPOS="1703" WIDTH="36"/>
						<String ID="P8_ST00145" HPOS="1570" VPOS="1650" WIDTH="135" HEIGHT="41" CONTENT="créma" SUBS_TYPE="HypPart1" SUBS_CONTENT="crématoire" WC="0.99" CC="00700"/>
						<HYP HPOS="1705" VPOS="1650" WIDTH="26" CONTENT="-"/>
					</TextLine>
					<TextLine ID="P8_TL00024" HPOS="549" VPOS="1710" WIDTH="1179" HEIGHT="47">
						<String ID="P8_ST00146" HPOS="549" VPOS="1710" WIDTH="111" HEIGHT="41" CONTENT="toire" SUBS_TYPE="HypPart2" SUBS_CONTENT="crématoire" WC="0.98" CC="40070"/>
						<SP ID="P8_SP00123" HPOS="660" VPOS="1751" WIDTH="29"/>
						<String ID="P8_ST00147" HPOS="689" VPOS="1710" WIDTH="222" HEIGHT="47" CONTENT="éventuel;" WC="0.99" CC="800010024"/>
						<SP ID="P8_SP00124" HPOS="911" VPOS="1757" WIDTH="34"/>
						<String ID="P8_ST00148" HPOS="945" VPOS="1712" WIDTH="34" HEIGHT="40" CONTENT="le" WC="0.66" CC="06"/>
						<SP ID="P8_SP00125" HPOS="979" VPOS="1757" WIDTH="30"/>
						<String ID="P8_ST00149" HPOS="1009" VPOS="1722" WIDTH="100" HEIGHT="30" CONTENT="tout" WC="0.98" CC="4300"/>
						<SP ID="P8_SP00126" HPOS="1109" VPOS="1757" WIDTH="27"/>
						<String ID="P8_ST00150" HPOS="1136" VPOS="1712" WIDTH="360" HEIGHT="41" CONTENT="abondamment" WC="1.00" CC="00100700004"/>
						<SP ID="P8_SP00127" HPOS="1496" VPOS="1757" WIDTH="28"/>
						<String ID="P8_ST00151" HPOS="1524" VPOS="1711" WIDTH="103" HEIGHT="42" CONTENT="aéré." WC="0.97" CC="07573"/>
						<SP ID="P8_SP00128" HPOS="1627" VPOS="1757" WIDTH="34"/>
						<String ID="P8_ST00152" HPOS="1661" VPOS="1712" WIDTH="67" HEIGHT="40" CONTENT="En" WC="0.81" CC="30"/>
					</TextLine>
					<TextLine ID="P8_TL00025" HPOS="550" VPOS="1773" WIDTH="1181" HEIGHT="52">
						<String ID="P8_ST00153" HPOS="550" VPOS="1786" WIDTH="170" HEIGHT="26" CONTENT="annexe" WC="0.99" CC="900002"/>
						<SP ID="P8_SP00129" HPOS="720" VPOS="1812" WIDTH="32"/>
						<String ID="P8_ST00154" HPOS="752" VPOS="1787" WIDTH="52" HEIGHT="25" CONTENT="au" WC="1.00" CC="00"/>
						<SP ID="P8_SP00130" HPOS="804" VPOS="1812" WIDTH="33"/>
						<String ID="P8_ST00155" HPOS="837" VPOS="1773" WIDTH="208" HEIGHT="45" CONTENT="sous-sol," WC="1.00" CC="000040003"/>
						<SP ID="P8_SP00131" HPOS="1045" VPOS="1818" WIDTH="37"/>
						<String ID="P8_ST00156" HPOS="1082" VPOS="1773" WIDTH="174" HEIGHT="41" CONTENT="l'étable" WC="0.72" CC="04740005"/>
						<SP ID="P8_SP00132" HPOS="1256" VPOS="1818" WIDTH="29"/>
						<String ID="P8_ST00157" HPOS="1285" VPOS="1773" WIDTH="300" HEIGHT="52" CONTENT="d'expérience" WC="1.00" CC="040009600000"/>
						<SP ID="P8_SP00133" HPOS="1585" VPOS="1825" WIDTH="31"/>
						<String ID="P8_ST00158" HPOS="1616" VPOS="1787" WIDTH="115" HEIGHT="38" CONTENT="pour" WC="0.99" CC="0400"/>
					</TextLine>
					<TextLine ID="P8_TL00026" HPOS="547" VPOS="1832" WIDTH="1180" HEIGHT="54">
						<String ID="P8_ST00159" HPOS="547" VPOS="1832" WIDTH="265" HEIGHT="42" CONTENT="vivisection" WC="1.00" CC="04030005100"/>
						<SP ID="P8_SP00134" HPOS="812" VPOS="1874" WIDTH="40"/>
						<String ID="P8_ST00160" HPOS="852" VPOS="1848" WIDTH="98" HEIGHT="26" CONTENT="avec" WC="1.00" CC="0000"/>
						<SP ID="P8_SP00135" HPOS="950" VPOS="1874" WIDTH="38"/>
						<String ID="P8_ST00161" HPOS="988" VPOS="1834" WIDTH="163" HEIGHT="41" CONTENT="cuisine" WC="1.00" CC="0010600"/>
						<SP ID="P8_SP00136" HPOS="1151" VPOS="1875" WIDTH="37"/>
						<String ID="P8_ST00162" HPOS="1188" VPOS="1845" WIDTH="39" HEIGHT="30" CONTENT="et" WC="0.66" CC="06"/>
						<SP ID="P8_SP00137" HPOS="1227" VPOS="1875" WIDTH="38"/>
						<String ID="P8_ST00163" HPOS="1265" VPOS="1834" WIDTH="103" HEIGHT="43" CONTENT="salle" WC="0.99" CC="00008"/>
						<SP ID="P8_SP00138" HPOS="1368" VPOS="1877" WIDTH="36"/>
						<String ID="P8_ST00164" HPOS="1404" VPOS="1833" WIDTH="323" HEIGHT="53" CONTENT="d'opérations." WC="1.00" CC="0300840021010"/>
					</TextLine>
					<TextLine ID="P8_TL00027" HPOS="617" VPOS="1893" WIDTH="1112" HEIGHT="57">
						<String ID="P8_ST00165" HPOS="617" VPOS="1893" WIDTH="11" HEIGHT="41" CONTENT="i" WC="0.41" CC="5"/>
						<SP ID="P8_SP00139" HPOS="628" VPOS="1934" WIDTH="19"/>
						<String ID="P8_ST00166" HPOS="647" VPOS="1898" WIDTH="15" HEIGHT="52" CONTENT=")" WC="0.20" CC="7"/>
						<SP ID="P8_SP00140" HPOS="662" VPOS="1950" WIDTH="27"/>
						<String ID="P8_ST00167" HPOS="689" VPOS="1894" WIDTH="64" HEIGHT="42" CONTENT="La" WC="1.00" CC="00" STYLEREFS="TXT_3"/>
						<SP ID="P8_SP00141" HPOS="753" VPOS="1950" WIDTH="24"/>
						<String ID="P8_ST00168" HPOS="777" VPOS="1894" WIDTH="166" HEIGHT="42" CONTENT="section" WC="1.00" CC="3002000" STYLEREFS="TXT_3"/>
						<SP ID="P8_SP00142" HPOS="943" VPOS="1950" WIDTH="25"/>
						<String ID="P8_ST00169" HPOS="968" VPOS="1897" WIDTH="52" HEIGHT="39" CONTENT="de" WC="0.69" CC="06" STYLEREFS="TXT_3"/>
						<SP ID="P8_SP00143" HPOS="1020" VPOS="1950" WIDTH="22"/>
						<String ID="P8_ST00170" HPOS="1042" VPOS="1894" WIDTH="431" HEIGHT="53" CONTENT="neuro-psychiatrie" WC="1.00" CC="00800310404300020" STYLEREFS="TXT_3"/>
						<SP ID="P8_SP00144" HPOS="1473" VPOS="1950" WIDTH="25"/>
						<String ID="P8_ST00171" HPOS="1498" VPOS="1905" WIDTH="231" HEIGHT="42" CONTENT="comporte" WC="1.00" CC="00001700"/>
					</TextLine>
					<TextLine ID="P8_TL00028" HPOS="550" VPOS="1955" WIDTH="1179" HEIGHT="52">
						<String ID="P8_ST00172" HPOS="550" VPOS="1968" WIDTH="58" HEIGHT="27" CONTENT="un" WC="0.62" CC="70"/>
						<SP ID="P8_SP00145" HPOS="608" VPOS="1995" WIDTH="52"/>
						<String ID="P8_ST00173" HPOS="660" VPOS="1955" WIDTH="236" HEIGHT="41" CONTENT="isolement" WC="0.99" CC="620000006"/>
						<SP ID="P8_SP00146" HPOS="896" VPOS="1996" WIDTH="48"/>
						<String ID="P8_ST00174" HPOS="944" VPOS="1955" WIDTH="156" HEIGHT="52" CONTENT="spécial" WC="0.99" CC="6080700"/>
						<SP ID="P8_SP00147" HPOS="1100" VPOS="2007" WIDTH="52"/>
						<String ID="P8_ST00175" HPOS="1152" VPOS="1957" WIDTH="72" HEIGHT="39" CONTENT="des" WC="1.00" CC="000"/>
						<SP ID="P8_SP00148" HPOS="1224" VPOS="2007" WIDTH="50"/>
						<String ID="P8_ST00176" HPOS="1274" VPOS="1957" WIDTH="243" HEIGHT="40" CONTENT="bâtiments" WC="0.99" CC="005500060"/>
						<SP ID="P8_SP00149" HPOS="1517" VPOS="2007" WIDTH="50"/>
						<String ID="P8_ST00177" HPOS="1567" VPOS="1966" WIDTH="40" HEIGHT="30" CONTENT="et" WC="1.00" CC="00"/>
						<SP ID="P8_SP00150" HPOS="1607" VPOS="2007" WIDTH="49"/>
						<String ID="P8_ST00178" HPOS="1656" VPOS="1956" WIDTH="73" HEIGHT="41" CONTENT="des" WC="1.00" CC="000"/>
					</TextLine>
					<TextLine ID="P8_TL00029" HPOS="548" VPOS="2016" WIDTH="1183" HEIGHT="54">
						<String ID="P8_ST00179" HPOS="548" VPOS="2016" WIDTH="254" HEIGHT="44" CONTENT="chambres;" WC="1.00" CC="020006000"/>
						<SP ID="P8_SP00151" HPOS="802" VPOS="2060" WIDTH="33"/>
						<String ID="P8_ST00180" HPOS="835" VPOS="2017" WIDTH="72" HEIGHT="40" CONTENT="des" WC="0.98" CC="004"/>
						<SP ID="P8_SP00152" HPOS="907" VPOS="2060" WIDTH="29"/>
						<String ID="P8_ST00181" HPOS="936" VPOS="2017" WIDTH="172" HEIGHT="51" CONTENT="jardins" WC="0.99" CC="0070003"/>
						<SP ID="P8_SP00153" HPOS="1108" VPOS="2068" WIDTH="29"/>
						<String ID="P8_ST00182" HPOS="1137" VPOS="2016" WIDTH="187" HEIGHT="53" CONTENT="séparés;" WC="0.99" CC="58000800"/>
						<SP ID="P8_SP00154" HPOS="1324" VPOS="2069" WIDTH="36"/>
						<String ID="P8_ST00183" HPOS="1360" VPOS="2033" WIDTH="57" HEIGHT="25" CONTENT="un" WC="1.00" CC="00"/>
						<SP ID="P8_SP00155" HPOS="1417" VPOS="2069" WIDTH="31"/>
						<String ID="P8_ST00184" HPOS="1448" VPOS="2016" WIDTH="148" HEIGHT="52" CONTENT="séjour" WC="0.98" CC="080406"/>
						<SP ID="P8_SP00156" HPOS="1596" VPOS="2069" WIDTH="32"/>
						<String ID="P8_ST00185" HPOS="1628" VPOS="2032" WIDTH="78" HEIGHT="38" CONTENT="pro" SUBS_TYPE="HypPart1" SUBS_CONTENT="provisoire" WC="0.99" CC="000"/>
						<HYP HPOS="1706" VPOS="2032" WIDTH="25" CONTENT="-"/>
					</TextLine>
					<TextLine ID="P8_TL00030" HPOS="550" VPOS="2077" WIDTH="1180" HEIGHT="54">
						<String ID="P8_ST00186" HPOS="550" VPOS="2077" WIDTH="160" HEIGHT="41" CONTENT="visoire" SUBS_TYPE="HypPart2" SUBS_CONTENT="provisoire" WC="0.99" CC="0504060"/>
						<SP ID="P8_SP00157" HPOS="710" VPOS="2118" WIDTH="34"/>
						<String ID="P8_ST00187" HPOS="744" VPOS="2093" WIDTH="50" HEIGHT="26" CONTENT="en" WC="1.00" CC="00"/>
						<SP ID="P8_SP00158" HPOS="794" VPOS="2119" WIDTH="36"/>
						<String ID="P8_ST00188" HPOS="830" VPOS="2078" WIDTH="174" HEIGHT="43" CONTENT="cellules" WC="0.99" CC="00009001"/>
						<SP ID="P8_SP00159" HPOS="1004" VPOS="2121" WIDTH="35"/>
						<String ID="P8_ST00189" HPOS="1039" VPOS="2078" WIDTH="97" HEIGHT="41" CONTENT="doit" WC="1.00" CC="0000"/>
						<SP ID="P8_SP00160" HPOS="1136" VPOS="2121" WIDTH="34"/>
						<String ID="P8_ST00190" HPOS="1170" VPOS="2078" WIDTH="195" HEIGHT="53" CONTENT="pouvoir" WC="0.99" CC="3070050"/>
						<SP ID="P8_SP00161" HPOS="1365" VPOS="2131" WIDTH="34"/>
						<String ID="P8_ST00191" HPOS="1399" VPOS="2094" WIDTH="39" HEIGHT="27" CONTENT="se" WC="0.82" CC="30"/>
						<SP ID="P8_SP00162" HPOS="1438" VPOS="2131" WIDTH="33"/>
						<String ID="P8_ST00192" HPOS="1471" VPOS="2079" WIDTH="108" HEIGHT="42" CONTENT="faire" WC="0.99" CC="00070"/>
						<SP ID="P8_SP00163" HPOS="1579" VPOS="2131" WIDTH="35"/>
						<String ID="P8_ST00193" HPOS="1614" VPOS="2093" WIDTH="116" HEIGHT="38" CONTENT="pour" WC="1.00" CC="0000"/>
					</TextLine>
					<TextLine ID="P8_TL00031" HPOS="551" VPOS="2138" WIDTH="1178" HEIGHT="55">
						<String ID="P8_ST00194" HPOS="551" VPOS="2139" WIDTH="56" HEIGHT="40" CONTENT="les" WC="0.98" CC="005"/>
						<SP ID="P8_SP00164" HPOS="607" VPOS="2179" WIDTH="26"/>
						<String ID="P8_ST00195" HPOS="633" VPOS="2138" WIDTH="221" HEIGHT="46" CONTENT="déments;" WC="1.00" CC="07000010"/>
						<SP ID="P8_SP00165" HPOS="854" VPOS="2184" WIDTH="30"/>
						<String ID="P8_ST00196" HPOS="884" VPOS="2139" WIDTH="55" HEIGHT="41" CONTENT="les" WC="0.98" CC="500"/>
						<SP ID="P8_SP00166" HPOS="939" VPOS="2184" WIDTH="25"/>
						<String ID="P8_ST00197" HPOS="964" VPOS="2150" WIDTH="147" HEIGHT="42" CONTENT="portes" WC="0.99" CC="040500"/>
						<SP ID="P8_SP00167" HPOS="1111" VPOS="2192" WIDTH="25"/>
						<String ID="P8_ST00198" HPOS="1136" VPOS="2150" WIDTH="39" HEIGHT="30" CONTENT="et" WC="0.72" CC="05"/>
						<SP ID="P8_SP00168" HPOS="1175" VPOS="2192" WIDTH="25"/>
						<String ID="P8_ST00199" HPOS="1200" VPOS="2139" WIDTH="186" HEIGHT="43" CONTENT="fenêtres" WC="0.98" CC="40076706"/>
						<SP ID="P8_SP00169" HPOS="1386" VPOS="2192" WIDTH="23"/>
						<String ID="P8_ST00200" HPOS="1409" VPOS="2155" WIDTH="26" HEIGHT="38" CONTENT="y" WC="1.00" CC="0"/>
						<SP ID="P8_SP00170" HPOS="1435" VPOS="2193" WIDTH="26"/>
						<String ID="P8_ST00201" HPOS="1461" VPOS="2153" WIDTH="148" HEIGHT="29" CONTENT="seront" WC="0.99" CC="400003"/>
						<SP ID="P8_SP00171" HPOS="1609" VPOS="2193" WIDTH="28"/>
						<String ID="P8_ST00202" HPOS="1637" VPOS="2140" WIDTH="69" HEIGHT="41" CONTENT="étu" SUBS_TYPE="HypPart1" SUBS_CONTENT="étudiés" WC="0.97" CC="830"/>
						<HYP HPOS="1706" VPOS="2140" WIDTH="23" CONTENT="-"/>
					</TextLine>
					<TextLine ID="P8_TL00032" HPOS="547" VPOS="2199" WIDTH="866" HEIGHT="53">
						<String ID="P8_ST00203" HPOS="547" VPOS="2199" WIDTH="91" HEIGHT="41" CONTENT="diés" SUBS_TYPE="HypPart2" SUBS_CONTENT="étudiés" WC="0.96" CC="9072"/>
						<SP ID="P8_SP00172" HPOS="638" VPOS="2240" WIDTH="28"/>
						<String ID="P8_ST00204" HPOS="666" VPOS="2215" WIDTH="117" HEIGHT="37" CONTENT="pour" WC="0.99" CC="0006"/>
						<SP ID="P8_SP00173" HPOS="783" VPOS="2252" WIDTH="29"/>
						<String ID="P8_ST00205" HPOS="812" VPOS="2202" WIDTH="35" HEIGHT="40" CONTENT="le" WC="0.87" CC="20"/>
						<SP ID="P8_SP00174" HPOS="847" VPOS="2252" WIDTH="29"/>
						<String ID="P8_ST00206" HPOS="876" VPOS="2201" WIDTH="122" HEIGHT="40" CONTENT="bruit" WC="0.99" CC="00505"/>
						<SP ID="P8_SP00175" HPOS="998" VPOS="2252" WIDTH="28"/>
						<String ID="P8_ST00207" HPOS="1026" VPOS="2212" WIDTH="40" HEIGHT="29" CONTENT="et" WC="0.77" CC="04"/>
						<SP ID="P8_SP00176" HPOS="1066" VPOS="2252" WIDTH="29"/>
						<String ID="P8_ST00208" HPOS="1095" VPOS="2201" WIDTH="56" HEIGHT="40" CONTENT="les" WC="0.98" CC="060"/>
						<SP ID="P8_SP00177" HPOS="1151" VPOS="2252" WIDTH="30"/>
						<String ID="P8_ST00209" HPOS="1181" VPOS="2201" WIDTH="232" HEIGHT="41" CONTENT="accidents." WC="1.00" CC="0001003604"/>
					</TextLine>
					<TextLine ID="P8_TL00033" HPOS="619" VPOS="2261" WIDTH="1112" HEIGHT="55">
						<String ID="P8_ST00210" HPOS="619" VPOS="2261" WIDTH="62" HEIGHT="40" CONTENT="La" WC="1.00" CC="00"/>
						<SP ID="P8_SP00178" HPOS="681" VPOS="2301" WIDTH="30"/>
						<String ID="P8_ST00211" HPOS="711" VPOS="2261" WIDTH="263" HEIGHT="53" CONTENT="répartition" WC="0.99" CC="67098514500"/>
						<SP ID="P8_SP00179" HPOS="974" VPOS="2314" WIDTH="30"/>
						<String ID="P8_ST00212" HPOS="1004" VPOS="2262" WIDTH="300" HEIGHT="54" CONTENT="schématique" WC="0.99" CC="30480055080"/>
						<SP ID="P8_SP00180" HPOS="1304" VPOS="2316" WIDTH="29"/>
						<String ID="P8_ST00213" HPOS="1333" VPOS="2263" WIDTH="109" HEIGHT="41" CONTENT="d'un" WC="0.98" CC="0440"/>
						<SP ID="P8_SP00181" HPOS="1442" VPOS="2316" WIDTH="33"/>
						<String ID="P8_ST00214" HPOS="1475" VPOS="2262" WIDTH="174" HEIGHT="53" CONTENT="hôpital" WC="0.98" CC="3607603"/>
						<SP ID="P8_SP00182" HPOS="1649" VPOS="2316" WIDTH="32"/>
						<String ID="P8_ST00215" HPOS="1681" VPOS="2263" WIDTH="50" HEIGHT="42" CONTENT="de" WC="0.56" CC="08"/>
					</TextLine>
					<TextLine ID="P8_TL00034" HPOS="551" VPOS="2322" WIDTH="721" HEIGHT="53">
						<String ID="P8_ST00216" HPOS="551" VPOS="2322" WIDTH="94" HEIGHT="40" CONTENT="600" WC="0.87" CC="003"/>
						<SP ID="P8_SP00183" HPOS="645" VPOS="2362" WIDTH="31"/>
						<String ID="P8_ST00217" HPOS="676" VPOS="2322" WIDTH="21" HEIGHT="40" CONTENT="à" WC="0.29" CC="7"/>
						<SP ID="P8_SP00184" HPOS="697" VPOS="2362" WIDTH="34"/>
						<String ID="P8_ST00218" HPOS="731" VPOS="2337" WIDTH="93" HEIGHT="38" CONTENT="700" WC="0.70" CC="503"/>
						<SP ID="P8_SP00185" HPOS="824" VPOS="2375" WIDTH="32"/>
						<String ID="P8_ST00219" HPOS="856" VPOS="2322" WIDTH="71" HEIGHT="41" CONTENT="lits" WC="0.98" CC="0260"/>
						<SP ID="P8_SP00186" HPOS="927" VPOS="2375" WIDTH="29"/>
						<String ID="P8_ST00220" HPOS="956" VPOS="2324" WIDTH="128" HEIGHT="40" CONTENT="serait" WC="0.99" CC="007014"/>
						<SP ID="P8_SP00187" HPOS="1084" VPOS="2375" WIDTH="28"/>
						<String ID="P8_ST00221" HPOS="1112" VPOS="2324" WIDTH="116" HEIGHT="40" CONTENT="donc" WC="0.99" CC="0310"/>
						<SP ID="P8_SP00188" HPOS="1228" VPOS="2375" WIDTH="37"/>
						<String ID="P8_ST00222" HPOS="1265" VPOS="2340" WIDTH="7" HEIGHT="24" CONTENT=":" WC="0.85" CC="1"/>
					</TextLine>
					<TextLine ID="P8_TL00035" HPOS="619" VPOS="2383" WIDTH="1108" HEIGHT="53">
						<String ID="P8_ST00223" HPOS="619" VPOS="2383" WIDTH="252" HEIGHT="53" CONTENT="Chirurgie," WC="0.99" CC="4240060504"/>
						<SP ID="P8_SP00189" HPOS="871" VPOS="2436" WIDTH="53"/>
						<String ID="P8_ST00224" HPOS="924" VPOS="2399" WIDTH="92" HEIGHT="25" CONTENT="200" WC="1.00" CC="000"/>
						<SP ID="P8_SP00190" HPOS="1016" VPOS="2436" WIDTH="50"/>
						<String ID="P8_ST00225" HPOS="1066" VPOS="2385" WIDTH="92" HEIGHT="43" CONTENT="lits;" WC="0.98" CC="04404"/>
						<SP ID="P8_SP00191" HPOS="1158" VPOS="2436" WIDTH="51"/>
						<String ID="P8_ST00226" HPOS="1209" VPOS="2385" WIDTH="233" HEIGHT="45" CONTENT="médecine," WC="0.99" CC="070097004"/>
						<SP ID="P8_SP00192" HPOS="1442" VPOS="2436" WIDTH="53"/>
						<String ID="P8_ST00227" HPOS="1495" VPOS="2400" WIDTH="91" HEIGHT="27" CONTENT="200" WC="1.00" CC="000"/>
						<SP ID="P8_SP00193" HPOS="1586" VPOS="2436" WIDTH="48"/>
						<String ID="P8_ST00228" HPOS="1634" VPOS="2386" WIDTH="93" HEIGHT="45" CONTENT="lits;" WC="0.99" CC="00004"/>
					</TextLine>
					<TextLine ID="P8_TL00036" HPOS="553" VPOS="2445" WIDTH="1178" HEIGHT="53">
						<String ID="P8_ST00229" HPOS="553" VPOS="2460" WIDTH="93" HEIGHT="25" CONTENT="200" WC="1.00" CC="000"/>
						<SP ID="P8_SP00194" HPOS="646" VPOS="2485" WIDTH="29"/>
						<String ID="P8_ST00230" HPOS="675" VPOS="2445" WIDTH="21" HEIGHT="40" CONTENT="à" WC="0.28" CC="7"/>
						<SP ID="P8_SP00195" HPOS="696" VPOS="2485" WIDTH="29"/>
						<String ID="P8_ST00231" HPOS="725" VPOS="2460" WIDTH="93" HEIGHT="38" CONTENT="300" WC="1.00" CC="000"/>
						<SP ID="P8_SP00196" HPOS="818" VPOS="2498" WIDTH="28"/>
						<String ID="P8_ST00232" HPOS="846" VPOS="2445" WIDTH="72" HEIGHT="41" CONTENT="lits" WC="0.98" CC="0541"/>
						<SP ID="P8_SP00197" HPOS="918" VPOS="2498" WIDTH="23"/>
						<String ID="P8_ST00233" HPOS="941" VPOS="2445" WIDTH="21" HEIGHT="40" CONTENT="à" WC="0.20" CC="7"/>
						<SP ID="P8_SP00198" HPOS="962" VPOS="2498" WIDTH="27"/>
						<String ID="P8_ST00234" HPOS="989" VPOS="2445" WIDTH="184" HEIGHT="53" CONTENT="répartir" WC="0.99" CC="08006027"/>
						<SP ID="P8_SP00199" HPOS="1173" VPOS="2498" WIDTH="22"/>
						<String ID="P8_ST00235" HPOS="1195" VPOS="2457" WIDTH="120" HEIGHT="30" CONTENT="entre" WC="0.97" CC="05670"/>
						<SP ID="P8_SP00200" HPOS="1315" VPOS="2498" WIDTH="25"/>
						<String ID="P8_ST00236" HPOS="1340" VPOS="2445" WIDTH="261" HEIGHT="53" CONTENT="spécialités;" WC="0.99" CC="008050360804"/>
						<SP ID="P8_SP00201" HPOS="1601" VPOS="2498" WIDTH="29"/>
						<String ID="P8_ST00237" HPOS="1630" VPOS="2448" WIDTH="76" HEIGHT="39" CONTENT="cha" SUBS_TYPE="HypPart1" SUBS_CONTENT="chaque" WC="0.99" CC="000"/>
						<HYP HPOS="1706" VPOS="2448" WIDTH="25" CONTENT="-"/>
					</TextLine>
					<TextLine ID="P8_TL00037" HPOS="548" VPOS="2506" WIDTH="1183" HEIGHT="53">
						<String ID="P8_ST00238" HPOS="548" VPOS="2521" WIDTH="85" HEIGHT="38" CONTENT="que" SUBS_TYPE="HypPart2" SUBS_CONTENT="chaque" WC="1.00" CC="000"/>
						<SP ID="P8_SP00202" HPOS="633" VPOS="2559" WIDTH="24"/>
						<String ID="P8_ST00239" HPOS="657" VPOS="2506" WIDTH="157" HEIGHT="41" CONTENT="service" WC="0.99" CC="0060800"/>
						<SP ID="P8_SP00203" HPOS="814" VPOS="2559" WIDTH="26"/>
						<String ID="P8_ST00240" HPOS="840" VPOS="2517" WIDTH="137" HEIGHT="41" CONTENT="ayant" WC="0.99" CC="00004"/>
						<SP ID="P8_SP00204" HPOS="977" VPOS="2559" WIDTH="24"/>
						<String ID="P8_ST00241" HPOS="1001" VPOS="2521" WIDTH="60" HEIGHT="25" CONTENT="ses" WC="0.99" CC="300"/>
						<SP ID="P8_SP00205" HPOS="1061" VPOS="2559" WIDTH="25"/>
						<String ID="P8_ST00242" HPOS="1086" VPOS="2521" WIDTH="182" HEIGHT="38" CONTENT="propres" WC="0.99" CC="0600601"/>
						<SP ID="P8_SP00206" HPOS="1268" VPOS="2559" WIDTH="25"/>
						<String ID="P8_ST00243" HPOS="1293" VPOS="2507" WIDTH="159" HEIGHT="41" CONTENT="locaux" WC="1.00" CC="200000"/>
						<SP ID="P8_SP00207" HPOS="1452" VPOS="2559" WIDTH="27"/>
						<String ID="P8_ST00244" HPOS="1479" VPOS="2508" WIDTH="50" HEIGHT="40" CONTENT="de" WC="1.00" CC="00"/>
						<SP ID="P8_SP00208" HPOS="1529" VPOS="2559" WIDTH="21"/>
						<String ID="P8_ST00245" HPOS="1550" VPOS="2509" WIDTH="156" HEIGHT="40" CONTENT="consul" SUBS_TYPE="HypPart1" SUBS_CONTENT="consultation." WC="0.99" CC="000400"/>
						<HYP HPOS="1706" VPOS="2509" WIDTH="25" CONTENT="-"/>
					</TextLine>
					<TextLine ID="P8_TL00038" HPOS="548" VPOS="2567" WIDTH="1179" HEIGHT="55">
						<String ID="P8_ST00246" HPOS="548" VPOS="2567" WIDTH="162" HEIGHT="41" CONTENT="tation." SUBS_TYPE="HypPart2" SUBS_CONTENT="consultation." WC="1.00" CC="0001004"/>
						<SP ID="P8_SP00209" HPOS="710" VPOS="2608" WIDTH="29"/>
						<String ID="P8_ST00247" HPOS="739" VPOS="2567" WIDTH="68" HEIGHT="41" CONTENT="En" WC="0.87" CC="20"/>
						<SP ID="P8_SP00210" HPOS="807" VPOS="2608" WIDTH="28"/>
						<String ID="P8_ST00248" HPOS="835" VPOS="2579" WIDTH="127" HEIGHT="29" CONTENT="outre" WC="0.98" CC="03570"/>
						<SP ID="P8_SP00211" HPOS="962" VPOS="2608" WIDTH="33"/>
						<String ID="P8_ST00249" HPOS="995" VPOS="2583" WIDTH="9" HEIGHT="24" CONTENT=":" WC="0.66" CC="3"/>
						<SP ID="P8_SP00212" HPOS="1004" VPOS="2608" WIDTH="34"/>
						<String ID="P8_ST00250" HPOS="1038" VPOS="2583" WIDTH="58" HEIGHT="26" CONTENT="un" WC="1.00" CC="00"/>
						<SP ID="P8_SP00213" HPOS="1096" VPOS="2609" WIDTH="28"/>
						<String ID="P8_ST00251" HPOS="1124" VPOS="2568" WIDTH="88" HEIGHT="41" CONTENT="seul" WC="1.00" CC="1000"/>
						<SP ID="P8_SP00214" HPOS="1212" VPOS="2609" WIDTH="30"/>
						<String ID="P8_ST00252" HPOS="1242" VPOS="2568" WIDTH="197" HEIGHT="54" CONTENT="quartier" WC="1.00" CC="00060200"/>
						<SP ID="P8_SP00215" HPOS="1439" VPOS="2622" WIDTH="26"/>
						<String ID="P8_ST00253" HPOS="1465" VPOS="2568" WIDTH="262" HEIGHT="54" CONTENT="opératoire," WC="0.99" CC="00450405606"/>
					</TextLine>
					<TextLine ID="P8_TL00039" HPOS="551" VPOS="2628" WIDTH="1179" HEIGHT="53">
						<String ID="P8_ST00254" HPOS="551" VPOS="2643" WIDTH="59" HEIGHT="26" CONTENT="un" WC="1.00" CC="00"/>
						<SP ID="P8_SP00216" HPOS="610" VPOS="2669" WIDTH="36"/>
						<String ID="P8_ST00255" HPOS="646" VPOS="2628" WIDTH="90" HEIGHT="41" CONTENT="seul" WC="0.99" CC="4001"/>
						<SP ID="P8_SP00217" HPOS="736" VPOS="2669" WIDTH="34"/>
						<String ID="P8_ST00256" HPOS="770" VPOS="2629" WIDTH="141" HEIGHT="52" CONTENT="grand" WC="0.99" CC="06000"/>
						<SP ID="P8_SP00218" HPOS="911" VPOS="2681" WIDTH="38"/>
						<String ID="P8_ST00257" HPOS="949" VPOS="2629" WIDTH="283" HEIGHT="43" CONTENT="laboratoire," WC="0.99" CC="500000603604"/>
						<SP ID="P8_SP00219" HPOS="1232" VPOS="2681" WIDTH="39"/>
						<String ID="P8_ST00258" HPOS="1271" VPOS="2644" WIDTH="57" HEIGHT="26" CONTENT="un" WC="1.00" CC="00"/>
						<SP ID="P8_SP00220" HPOS="1328" VPOS="2681" WIDTH="36"/>
						<String ID="P8_ST00259" HPOS="1364" VPOS="2632" WIDTH="89" HEIGHT="41" CONTENT="seul" WC="0.94" CC="7865"/>
						<SP ID="P8_SP00221" HPOS="1453" VPOS="2681" WIDTH="35"/>
						<String ID="P8_ST00260" HPOS="1488" VPOS="2630" WIDTH="156" HEIGHT="41" CONTENT="service" WC="0.99" CC="0070607"/>
						<SP ID="P8_SP00222" HPOS="1644" VPOS="2681" WIDTH="36"/>
						<String ID="P8_ST00261" HPOS="1680" VPOS="2632" WIDTH="50" HEIGHT="39" CONTENT="de" WC="0.54" CC="09"/>
					</TextLine>
					<TextLine ID="P8_TL00040" HPOS="550" VPOS="2689" WIDTH="1177" HEIGHT="54">
						<String ID="P8_ST00262" HPOS="550" VPOS="2704" WIDTH="164" HEIGHT="38" CONTENT="rayons" WC="0.99" CC="600001"/>
						<SP ID="P8_SP00223" HPOS="714" VPOS="2742" WIDTH="31"/>
						<String ID="P8_ST00263" HPOS="745" VPOS="2689" WIDTH="212" HEIGHT="54" CONTENT="Rontgen" WC="0.68" CC="0076070"/>
						<SP ID="P8_SP00224" HPOS="957" VPOS="2743" WIDTH="32"/>
						<String ID="P8_ST00264" HPOS="989" VPOS="2702" WIDTH="39" HEIGHT="28" CONTENT="et" WC="0.43" CC="46"/>
						<SP ID="P8_SP00225" HPOS="1028" VPOS="2743" WIDTH="31"/>
						<String ID="P8_ST00265" HPOS="1059" VPOS="2705" WIDTH="59" HEIGHT="25" CONTENT="un" WC="1.00" CC="00"/>
						<SP ID="P8_SP00226" HPOS="1118" VPOS="2743" WIDTH="33"/>
						<String ID="P8_ST00266" HPOS="1151" VPOS="2693" WIDTH="89" HEIGHT="39" CONTENT="seul" WC="1.00" CC="0002"/>
						<SP ID="P8_SP00227" HPOS="1240" VPOS="2743" WIDTH="32"/>
						<String ID="P8_ST00267" HPOS="1272" VPOS="2692" WIDTH="156" HEIGHT="39" CONTENT="service" WC="0.99" CC="4020400"/>
						<SP ID="P8_SP00228" HPOS="1428" VPOS="2743" WIDTH="31"/>
						<String ID="P8_ST00268" HPOS="1459" VPOS="2692" WIDTH="51" HEIGHT="40" CONTENT="de" WC="1.00" CC="00"/>
						<SP ID="P8_SP00229" HPOS="1510" VPOS="2743" WIDTH="31"/>
						<String ID="P8_ST00269" HPOS="1541" VPOS="2691" WIDTH="160" HEIGHT="52" CONTENT="physio" SUBS_TYPE="HypPart1" SUBS_CONTENT="physiothérapie." WC="0.99" CC="000160"/>
						<HYP HPOS="1701" VPOS="2691" WIDTH="26" CONTENT="-"/>
					</TextLine>
					<TextLine ID="P8_TL00041" HPOS="547" VPOS="2750" WIDTH="213" HEIGHT="53">
						<String ID="P8_ST00270" HPOS="547" VPOS="2750" WIDTH="213" HEIGHT="53" CONTENT="thérapie." SUBS_TYPE="HypPart2" SUBS_CONTENT="physiothérapie." WC="0.99" CC="227600504"/>
					</TextLine>
					<TextLine ID="P8_TL00042" HPOS="616" VPOS="2859" WIDTH="1113" HEIGHT="55">
						<String ID="P8_ST00271" HPOS="616" VPOS="2860" WIDTH="53" HEIGHT="42" CONTENT="C." WC="0.59" CC="34"/>
						<SP ID="P8_SP00230" HPOS="669" VPOS="2902" WIDTH="28"/>
						<String ID="P8_ST00272" HPOS="697" VPOS="2859" WIDTH="131" HEIGHT="44" CONTENT="Tout" WC="0.97" CC="3404"/>
						<SP ID="P8_SP00231" HPOS="828" VPOS="2903" WIDTH="24"/>
						<String ID="P8_ST00273" HPOS="852" VPOS="2874" WIDTH="63" HEIGHT="28" CONTENT="cet" WC="0.97" CC="017"/>
						<SP ID="P8_SP00232" HPOS="915" VPOS="2903" WIDTH="26"/>
						<String ID="P8_ST00274" HPOS="941" VPOS="2861" WIDTH="221" HEIGHT="42" CONTENT="ensemble" WC="1.00" CC="00300040"/>
						<SP ID="P8_SP00233" HPOS="1162" VPOS="2903" WIDTH="24"/>
						<String ID="P8_ST00275" HPOS="1186" VPOS="2863" WIDTH="244" HEIGHT="51" CONTENT="comprend" WC="0.99" CC="06007000"/>
						<SP ID="P8_SP00234" HPOS="1430" VPOS="2914" WIDTH="26"/>
						<String ID="P8_ST00276" HPOS="1456" VPOS="2865" WIDTH="73" HEIGHT="39" CONTENT="des" WC="1.00" CC="000" STYLEREFS="TXT_3"/>
						<SP ID="P8_SP00235" HPOS="1529" VPOS="2914" WIDTH="22"/>
						<String ID="P8_ST00277" HPOS="1551" VPOS="2863" WIDTH="178" HEIGHT="44" CONTENT="services" WC="1.00" CC="00041000" STYLEREFS="TXT_3"/>
					</TextLine>
					<TextLine ID="P8_TL00043" HPOS="545" VPOS="2921" WIDTH="985" HEIGHT="55">
						<String ID="P8_ST00278" HPOS="545" VPOS="2936" WIDTH="259" HEIGHT="33" CONTENT="communs," WC="0.98" CC="90578007" STYLEREFS="TXT_3"/>
						<SP ID="P8_SP00236" HPOS="804" VPOS="2969" WIDTH="34"/>
						<String ID="P8_ST00279" HPOS="838" VPOS="2921" WIDTH="350" HEIGHT="43" CONTENT="administratifs" WC="1.00" CC="00000054900320" STYLEREFS="TXT_3"/>
						<SP ID="P8_SP00237" HPOS="1188" VPOS="2969" WIDTH="33"/>
						<String ID="P8_ST00280" HPOS="1221" VPOS="2934" WIDTH="41" HEIGHT="32" CONTENT="et" WC="1.00" CC="00" STYLEREFS="TXT_3"/>
						<SP ID="P8_SP00238" HPOS="1262" VPOS="2969" WIDTH="32"/>
						<String ID="P8_ST00281" HPOS="1294" VPOS="2924" WIDTH="236" HEIGHT="52" CONTENT="généraux." WC="0.99" CC="050600004" STYLEREFS="TXT_3"/>
					</TextLine>
					<TextLine ID="P8_TL00044" HPOS="616" VPOS="3006" WIDTH="1111" HEIGHT="45">
						<String ID="P8_ST00282" HPOS="616" VPOS="3006" WIDTH="80" HEIGHT="43" CONTENT="Les" WC="0.98" CC="301"/>
						<SP ID="P8_SP00239" HPOS="696" VPOS="3049" WIDTH="28"/>
						<String ID="P8_ST00283" HPOS="724" VPOS="3006" WIDTH="125" HEIGHT="42" CONTENT="salles" WC="0.98" CC="504601"/>
						<SP ID="P8_SP00240" HPOS="849" VPOS="3049" WIDTH="28"/>
						<String ID="P8_ST00284" HPOS="877" VPOS="3008" WIDTH="50" HEIGHT="40" CONTENT="de" WC="1.00" CC="00"/>
						<SP ID="P8_SP00241" HPOS="927" VPOS="3049" WIDTH="24"/>
						<String ID="P8_ST00285" HPOS="951" VPOS="3008" WIDTH="291" HEIGHT="42" CONTENT="conférences," WC="0.99" CC="020187009007"/>
						<SP ID="P8_SP00242" HPOS="1242" VPOS="3050" WIDTH="31"/>
						<String ID="P8_ST00286" HPOS="1273" VPOS="3010" WIDTH="51" HEIGHT="40" CONTENT="de" WC="1.00" CC="00"/>
						<SP ID="P8_SP00243" HPOS="1324" VPOS="3050" WIDTH="26"/>
						<String ID="P8_ST00287" HPOS="1350" VPOS="3010" WIDTH="180" HEIGHT="41" CONTENT="séances," WC="0.99" CC="08000007"/>
						<SP ID="P8_SP00244" HPOS="1530" VPOS="3051" WIDTH="30"/>
						<String ID="P8_ST00288" HPOS="1560" VPOS="3010" WIDTH="144" HEIGHT="41" CONTENT="biblio" SUBS_TYPE="HypPart1" SUBS_CONTENT="bibliothèques" WC="0.99" CC="010050"/>
						<HYP HPOS="1704" VPOS="3010" WIDTH="23" CONTENT="-"/>
					</TextLine>
					<TextLine ID="P8_TL00045" HPOS="545" VPOS="3067" WIDTH="1181" HEIGHT="56">
						<String ID="P8_ST00289" HPOS="545" VPOS="3067" WIDTH="186" HEIGHT="54" CONTENT="thèques" SUBS_TYPE="HypPart2" SUBS_CONTENT="bibliothèques" WC="0.99" CC="3270000"/>
						<SP ID="P8_SP00245" HPOS="731" VPOS="3121" WIDTH="43"/>
						<String ID="P8_ST00290" HPOS="774" VPOS="3069" WIDTH="68" HEIGHT="44" CONTENT=",de" WC="1.00" CC="000"/>
						<SP ID="P8_SP00246" HPOS="842" VPOS="3121" WIDTH="43"/>
						<String ID="P8_ST00291" HPOS="885" VPOS="3070" WIDTH="172" HEIGHT="40" CONTENT="lecture," WC="0.99" CC="00050604"/>
						<SP ID="P8_SP00247" HPOS="1057" VPOS="3121" WIDTH="44"/>
						<String ID="P8_ST00292" HPOS="1101" VPOS="3070" WIDTH="195" HEIGHT="52" CONTENT="chapelle" WC="1.00" CC="00000011"/>
						<SP ID="P8_SP00248" HPOS="1296" VPOS="3122" WIDTH="40"/>
						<String ID="P8_ST00293" HPOS="1336" VPOS="3083" WIDTH="104" HEIGHT="29" CONTENT="sont" WC="0.96" CC="5606"/>
						<SP ID="P8_SP00249" HPOS="1440" VPOS="3122" WIDTH="41"/>
						<String ID="P8_ST00294" HPOS="1481" VPOS="3072" WIDTH="143" HEIGHT="51" CONTENT="parmi" WC="0.98" CC="00705"/>
						<SP ID="P8_SP00250" HPOS="1624" VPOS="3123" WIDTH="46"/>
						<String ID="P8_ST00295" HPOS="1670" VPOS="3072" WIDTH="56" HEIGHT="40" CONTENT="les" WC="0.95" CC="173"/>
					</TextLine>
					<TextLine ID="P8_TL00046" HPOS="549" VPOS="3129" WIDTH="1180" HEIGHT="56">
						<String ID="P8_ST00296" HPOS="549" VPOS="3129" WIDTH="160" HEIGHT="41" CONTENT="locaux" WC="0.99" CC="020500"/>
						<SP ID="P8_SP00251" HPOS="709" VPOS="3170" WIDTH="30"/>
						<String ID="P8_ST00297" HPOS="739" VPOS="3144" WIDTH="239" HEIGHT="27" CONTENT="communs" WC="1.00" CC="0000030"/>
						<SP ID="P8_SP00252" HPOS="978" VPOS="3171" WIDTH="30"/>
						<String ID="P8_ST00298" HPOS="1008" VPOS="3131" WIDTH="50" HEIGHT="40" CONTENT="de" WC="1.00" CC="00"/>
						<SP ID="P8_SP00253" HPOS="1058" VPOS="3171" WIDTH="33"/>
						<String ID="P8_ST00299" HPOS="1091" VPOS="3131" WIDTH="138" HEIGHT="40" CONTENT="même" WC="0.97" CC="0706"/>
						<SP ID="P8_SP00254" HPOS="1229" VPOS="3171" WIDTH="29"/>
						<String ID="P8_ST00300" HPOS="1258" VPOS="3147" WIDTH="84" HEIGHT="38" CONTENT="que" WC="1.00" CC="000"/>
						<SP ID="P8_SP00255" HPOS="1342" VPOS="3185" WIDTH="30"/>
						<String ID="P8_ST00301" HPOS="1372" VPOS="3132" WIDTH="56" HEIGHT="41" CONTENT="les" WC="0.98" CC="005"/>
						<SP ID="P8_SP00256" HPOS="1428" VPOS="3185" WIDTH="31"/>
						<String ID="P8_ST00302" HPOS="1459" VPOS="3133" WIDTH="159" HEIGHT="41" CONTENT="locaux" WC="1.00" CC="000000"/>
						<SP ID="P8_SP00257" HPOS="1618" VPOS="3185" WIDTH="29"/>
						<String ID="P8_ST00303" HPOS="1647" VPOS="3147" WIDTH="62" HEIGHT="27" CONTENT="ser" SUBS_TYPE="HypPart1" SUBS_CONTENT="servant" WC="0.97" CC="107"/>
						<HYP HPOS="1709" VPOS="3147" WIDTH="20" CONTENT="-"/>
					</TextLine>
					<TextLine ID="P8_TL00047" HPOS="546" VPOS="3190" WIDTH="1183" HEIGHT="57">
						<String ID="P8_ST00304" HPOS="546" VPOS="3202" WIDTH="111" HEIGHT="29" CONTENT="vant" SUBS_TYPE="HypPart2" SUBS_CONTENT="servant" WC="0.99" CC="0006"/>
						<SP ID="P8_SP00258" HPOS="657" VPOS="3231" WIDTH="32"/>
						<String ID="P8_ST00305" HPOS="689" VPOS="3190" WIDTH="21" HEIGHT="41" CONTENT="à" WC="0.34" CC="6"/>
						<SP ID="P8_SP00259" HPOS="710" VPOS="3231" WIDTH="34"/>
						<String ID="P8_ST00306" HPOS="744" VPOS="3191" WIDTH="386" HEIGHT="53" CONTENT="l'enseignement;" WC="1.00" CC="240000100400058"/>
						<SP ID="P8_SP00260" HPOS="1130" VPOS="3244" WIDTH="35"/>
						<String ID="P8_ST00307" HPOS="1165" VPOS="3192" WIDTH="52" HEIGHT="41" CONTENT="ils" WC="0.97" CC="620"/>
						<SP ID="P8_SP00261" HPOS="1217" VPOS="3244" WIDTH="33"/>
						<String ID="P8_ST00308" HPOS="1250" VPOS="3206" WIDTH="103" HEIGHT="30" CONTENT="sont" WC="0.98" CC="4005"/>
						<SP ID="P8_SP00262" HPOS="1353" VPOS="3244" WIDTH="32"/>
						<String ID="P8_ST00309" HPOS="1385" VPOS="3194" WIDTH="116" HEIGHT="40" CONTENT="donc" WC="1.00" CC="0000"/>
						<SP ID="P8_SP00263" HPOS="1501" VPOS="3244" WIDTH="30"/>
						<String ID="P8_ST00310" HPOS="1531" VPOS="3194" WIDTH="21" HEIGHT="41" CONTENT="à" WC="0.29" CC="7"/>
						<SP ID="P8_SP00264" HPOS="1552" VPOS="3244" WIDTH="35"/>
						<String ID="P8_ST00311" HPOS="1587" VPOS="3195" WIDTH="142" HEIGHT="52" CONTENT="placer" WC="0.98" CC="000907"/>
					</TextLine>
					<TextLine ID="P8_TL00048" HPOS="544" VPOS="3252" WIDTH="1183" HEIGHT="45">
						<String ID="P8_ST00312" HPOS="544" VPOS="3267" WIDTH="52" HEIGHT="25" CONTENT="en" WC="1.00" CC="00"/>
						<SP ID="P8_SP00265" HPOS="596" VPOS="3292" WIDTH="42"/>
						<String ID="P8_ST00313" HPOS="638" VPOS="3267" WIDTH="86" HEIGHT="25" CONTENT="une" WC="1.00" CC="000"/>
						<SP ID="P8_SP00266" HPOS="724" VPOS="3292" WIDTH="35"/>
						<String ID="P8_ST00314" HPOS="759" VPOS="3252" WIDTH="217" HEIGHT="41" CONTENT="situation" WC="0.99" CC="255006464"/>
						<SP ID="P8_SP00267" HPOS="976" VPOS="3293" WIDTH="39"/>
						<String ID="P8_ST00315" HPOS="1015" VPOS="3253" WIDTH="50" HEIGHT="40" CONTENT="de" WC="1.00" CC="00"/>
						<SP ID="P8_SP00268" HPOS="1065" VPOS="3293" WIDTH="34"/>
						<String ID="P8_ST00316" HPOS="1099" VPOS="3254" WIDTH="413" HEIGHT="42" CONTENT="communications" WC="1.00" CC="00000010053001"/>
						<SP ID="P8_SP00269" HPOS="1512" VPOS="3296" WIDTH="38"/>
						<String ID="P8_ST00317" HPOS="1550" VPOS="3255" WIDTH="152" HEIGHT="42" CONTENT="favora" SUBS_TYPE="HypPart1" SUBS_CONTENT="favorables;" WC="0.98" CC="400069"/>
						<HYP HPOS="1702" VPOS="3255" WIDTH="25" CONTENT="-"/>
					</TextLine>
					<TextLine ID="P8_TL00049" HPOS="548" VPOS="3312" WIDTH="1181" HEIGHT="58">
						<String ID="P8_ST00318" HPOS="548" VPOS="3312" WIDTH="111" HEIGHT="45" CONTENT="bles;" SUBS_TYPE="HypPart2" SUBS_CONTENT="favorables;" WC="1.00" CC="00000"/>
						<SP ID="P8_SP00270" HPOS="659" VPOS="3357" WIDTH="38"/>
						<String ID="P8_ST00319" HPOS="697" VPOS="3328" WIDTH="118" HEIGHT="38" CONTENT="pour" WC="0.99" CC="0200"/>
						<SP ID="P8_SP00271" HPOS="815" VPOS="3366" WIDTH="37"/>
						<String ID="P8_ST00320" HPOS="852" VPOS="3313" WIDTH="56" HEIGHT="41" CONTENT="les" WC="0.98" CC="003"/>
						<SP ID="P8_SP00272" HPOS="908" VPOS="3366" WIDTH="36"/>
						<String ID="P8_ST00321" HPOS="944" VPOS="3314" WIDTH="256" HEIGHT="45" CONTENT="auditoires," WC="1.00" CC="00000457004"/>
						<SP ID="P8_SP00273" HPOS="1200" VPOS="3366" WIDTH="40"/>
						<String ID="P8_ST00322" HPOS="1240" VPOS="3330" WIDTH="83" HEIGHT="27" CONTENT="une" WC="0.96" CC="008"/>
						<SP ID="P8_SP00274" HPOS="1323" VPOS="3366" WIDTH="36"/>
						<String ID="P8_ST00323" HPOS="1359" VPOS="3316" WIDTH="142" HEIGHT="41" CONTENT="entrée" WC="0.98" CC="006780"/>
						<SP ID="P8_SP00275" HPOS="1501" VPOS="3366" WIDTH="35"/>
						<String ID="P8_ST00324" HPOS="1536" VPOS="3318" WIDTH="169" HEIGHT="52" CONTENT="particu" SUBS_TYPE="HypPart1" SUBS_CONTENT="particulière" WC="0.99" CC="0070109"/>
						<HYP HPOS="1705" VPOS="3318" WIDTH="24" CONTENT="-"/>
					</TextLine>
					<TextLine ID="P8_TL00050" HPOS="548" VPOS="3374" WIDTH="1180" HEIGHT="58">
						<String ID="P8_ST00325" HPOS="548" VPOS="3374" WIDTH="99" HEIGHT="41" CONTENT="lière" SUBS_TYPE="HypPart2" SUBS_CONTENT="particulière" WC="0.98" CC="14700"/>
						<SP ID="P8_SP00276" HPOS="647" VPOS="3415" WIDTH="36"/>
						<String ID="P8_ST00326" HPOS="683" VPOS="3385" WIDTH="61" HEIGHT="31" CONTENT="est" WC="1.00" CC="000"/>
						<SP ID="P8_SP00277" HPOS="744" VPOS="3416" WIDTH="37"/>
						<String ID="P8_ST00327" HPOS="781" VPOS="3375" WIDTH="251" HEIGHT="43" CONTENT="nécessaire;" WC="0.99" CC="07003105604"/>
						<SP ID="P8_SP00278" HPOS="1032" VPOS="3418" WIDTH="41"/>
						<String ID="P8_ST00328" HPOS="1073" VPOS="3377" WIDTH="169" HEIGHT="40" CONTENT="ceux-ci" WC="1.00" CC="0000400"/>
						<SP ID="P8_SP00279" HPOS="1242" VPOS="3418" WIDTH="36"/>
						<String ID="P8_ST00329" HPOS="1278" VPOS="3389" WIDTH="104" HEIGHT="29" CONTENT="sont" WC="0.99" CC="4000"/>
						<SP ID="P8_SP00280" HPOS="1382" VPOS="3418" WIDTH="33"/>
						<String ID="P8_ST00330" HPOS="1415" VPOS="3392" WIDTH="161" HEIGHT="38" CONTENT="conçus" WC="0.99" CC="043500"/>
						<SP ID="P8_SP00281" HPOS="1576" VPOS="3430" WIDTH="37"/>
						<String ID="P8_ST00331" HPOS="1613" VPOS="3394" WIDTH="115" HEIGHT="38" CONTENT="pour" WC="0.99" CC="0105"/>
					</TextLine>
					<TextLine ID="P8_TL00051" HPOS="543" VPOS="3436" WIDTH="1181" HEIGHT="56">
						<String ID="P8_ST00332" HPOS="543" VPOS="3436" WIDTH="59" HEIGHT="40" CONTENT="les" WC="0.96" CC="704"/>
						<SP ID="P8_SP00282" HPOS="602" VPOS="3476" WIDTH="48"/>
						<String ID="P8_ST00333" HPOS="650" VPOS="3436" WIDTH="387" HEIGHT="42" CONTENT="démonstrations" WC="1.00" CC="07020406054000"/>
						<SP ID="P8_SP00283" HPOS="1037" VPOS="3478" WIDTH="48"/>
						<String ID="P8_ST00334" HPOS="1085" VPOS="3451" WIDTH="99" HEIGHT="28" CONTENT="avec" WC="1.00" CC="0000"/>
						<SP ID="P8_SP00284" HPOS="1184" VPOS="3479" WIDTH="48"/>
						<String ID="P8_ST00335" HPOS="1232" VPOS="3437" WIDTH="205" HEIGHT="55" CONTENT="éclairage" WC="0.99" CC="805005000"/>
						<SP ID="P8_SP00285" HPOS="1437" VPOS="3492" WIDTH="49"/>
						<String ID="P8_ST00336" HPOS="1486" VPOS="3439" WIDTH="238" HEIGHT="53" CONTENT="supérieur," WC="0.99" CC="4007740874"/>
					</TextLine>
					<TextLine ID="P8_TL00052" HPOS="544" VPOS="3497" WIDTH="877" HEIGHT="54">
						<String ID="P8_ST00337" HPOS="544" VPOS="3497" WIDTH="126" HEIGHT="41" CONTENT="salles" WC="0.99" CC="700302"/>
						<SP ID="P8_SP00286" HPOS="670" VPOS="3538" WIDTH="35"/>
						<String ID="P8_ST00338" HPOS="705" VPOS="3497" WIDTH="218" HEIGHT="41" CONTENT="d'attente" WC="0.99" CC="048100040"/>
						<SP ID="P8_SP00287" HPOS="923" VPOS="3538" WIDTH="34"/>
						<String ID="P8_ST00339" HPOS="957" VPOS="3509" WIDTH="40" HEIGHT="30" CONTENT="et" WC="0.84" CC="03"/>
						<SP ID="P8_SP00288" HPOS="997" VPOS="3539" WIDTH="34"/>
						<String ID="P8_ST00340" HPOS="1031" VPOS="3498" WIDTH="51" HEIGHT="41" CONTENT="de" WC="1.00" CC="00"/>
						<SP ID="P8_SP00289" HPOS="1082" VPOS="3539" WIDTH="36"/>
						<String ID="P8_ST00341" HPOS="1118" VPOS="3498" WIDTH="303" HEIGHT="53" CONTENT="préparation." WC="0.99" CC="068005066004"/>
					</TextLine>
					<TextLine ID="P8_TL00053" HPOS="614" VPOS="3558" WIDTH="1113" HEIGHT="54">
						<String ID="P8_ST00342" HPOS="614" VPOS="3558" WIDTH="81" HEIGHT="45" CONTENT="Les" WC="0.98" CC="004"/>
						<SP ID="P8_SP00290" HPOS="695" VPOS="3603" WIDTH="23"/>
						<String ID="P8_ST00343" HPOS="718" VPOS="3559" WIDTH="282" HEIGHT="42" CONTENT="habitations" WC="1.00" CC="00055006200"/>
						<SP ID="P8_SP00291" HPOS="1000" VPOS="3603" WIDTH="24"/>
						<String ID="P8_ST00344" HPOS="1024" VPOS="3559" WIDTH="59" HEIGHT="40" CONTENT="du" WC="0.94" CC="01"/>
						<SP ID="P8_SP00292" HPOS="1083" VPOS="3603" WIDTH="23"/>
						<String ID="P8_ST00345" HPOS="1106" VPOS="3561" WIDTH="252" HEIGHT="51" CONTENT="personnel," WC="0.99" CC="0061000604"/>
						<SP ID="P8_SP00293" HPOS="1358" VPOS="3612" WIDTH="27"/>
						<String ID="P8_ST00346" HPOS="1385" VPOS="3577" WIDTH="54" HEIGHT="26" CONTENT="au" WC="0.53" CC="09"/>
						<SP ID="P8_SP00294" HPOS="1439" VPOS="3612" WIDTH="27"/>
						<String ID="P8_ST00347" HPOS="1466" VPOS="3563" WIDTH="188" HEIGHT="41" CONTENT="nombre" WC="1.00" CC="000200"/>
						<SP ID="P8_SP00295" HPOS="1654" VPOS="3612" WIDTH="23"/>
						<String ID="P8_ST00348" HPOS="1677" VPOS="3563" WIDTH="50" HEIGHT="43" CONTENT="de" WC="0.64" CC="07"/>
					</TextLine>
					<TextLine ID="P8_TL00054" HPOS="554" VPOS="3620" WIDTH="1174" HEIGHT="55">
						<String ID="P8_ST00349" HPOS="554" VPOS="3620" WIDTH="86" HEIGHT="54" CONTENT="1/3" WC="0.98" CC="000"/>
						<SP ID="P8_SP00296" HPOS="640" VPOS="3674" WIDTH="35"/>
						<String ID="P8_ST00350" HPOS="675" VPOS="3620" WIDTH="59" HEIGHT="42" CONTENT="du" WC="1.00" CC="00"/>
						<SP ID="P8_SP00297" HPOS="734" VPOS="3674" WIDTH="33"/>
						<String ID="P8_ST00351" HPOS="767" VPOS="3620" WIDTH="162" HEIGHT="42" CONTENT="chiffre" WC="0.99" CC="0004160"/>
						<SP ID="P8_SP00298" HPOS="929" VPOS="3674" WIDTH="31"/>
						<String ID="P8_ST00352" HPOS="960" VPOS="3620" WIDTH="73" HEIGHT="42" CONTENT="des" WC="0.99" CC="001"/>
						<SP ID="P8_SP00299" HPOS="1033" VPOS="3674" WIDTH="32"/>
						<String ID="P8_ST00353" HPOS="1065" VPOS="3620" WIDTH="86" HEIGHT="43" CONTENT="lits," WC="0.97" CC="25554"/>
						<SP ID="P8_SP00300" HPOS="1151" VPOS="3674" WIDTH="34"/>
						<String ID="P8_ST00354" HPOS="1185" VPOS="3622" WIDTH="21" HEIGHT="40" CONTENT="à" WC="0.42" CC="5"/>
						<SP ID="P8_SP00301" HPOS="1206" VPOS="3674" WIDTH="32"/>
						<String ID="P8_ST00355" HPOS="1238" VPOS="3638" WIDTH="191" HEIGHT="37" CONTENT="grouper" WC="0.98" CC="0810096"/>
						<SP ID="P8_SP00302" HPOS="1429" VPOS="3675" WIDTH="30"/>
						<String ID="P8_ST00356" HPOS="1459" VPOS="3625" WIDTH="180" HEIGHT="42" CONTENT="suivant" WC="0.99" CC="3070007"/>
						<SP ID="P8_SP00303" HPOS="1639" VPOS="3675" WIDTH="33"/>
						<String ID="P8_ST00357" HPOS="1672" VPOS="3625" WIDTH="56" HEIGHT="40" CONTENT="les" WC="0.96" CC="405"/>
					</TextLine>
				</TextBlock>
				<TextBlock ID="P8_TB00004" HPOS="1880" VPOS="423" WIDTH="1188" HEIGHT="3242" STYLEREFS="TXT_2 PAR_LEFT">
					<TextLine ID="P8_TL00055" HPOS="1887" VPOS="424" WIDTH="1176" HEIGHT="56">
						<String ID="P8_ST00358" HPOS="1887" VPOS="430" WIDTH="187" HEIGHT="42" CONTENT="sections" WC="0.98" CC="05764412"/>
						<SP ID="P8_SP00304" HPOS="2074" VPOS="472" WIDTH="27"/>
						<String ID="P8_ST00359" HPOS="2101" VPOS="430" WIDTH="71" HEIGHT="43" CONTENT="des" WC="0.96" CC="450"/>
						<SP ID="P8_SP00305" HPOS="2172" VPOS="473" WIDTH="27"/>
						<String ID="P8_ST00360" HPOS="2199" VPOS="428" WIDTH="278" HEIGHT="46" CONTENT="infirmières," WC="0.99" CC="300570775057"/>
						<SP ID="P8_SP00306" HPOS="2477" VPOS="474" WIDTH="33"/>
						<String ID="P8_ST00361" HPOS="2510" VPOS="428" WIDTH="59" HEIGHT="41" CONTENT="du" WC="0.64" CC="25"/>
						<SP ID="P8_SP00307" HPOS="2569" VPOS="474" WIDTH="26"/>
						<String ID="P8_ST00362" HPOS="2595" VPOS="426" WIDTH="235" HEIGHT="54" CONTENT="personnel" WC="0.99" CC="007340004"/>
						<SP ID="P8_SP00308" HPOS="2830" VPOS="480" WIDTH="25"/>
						<String ID="P8_ST00363" HPOS="2855" VPOS="424" WIDTH="208" HEIGHT="49" CONTENT="féminin," WC="0.98" CC="27050554"/>
					</TextLine>
					<TextLine ID="P8_TL00056" HPOS="1887" VPOS="487" WIDTH="1176" HEIGHT="58">
						<String ID="P8_ST00364" HPOS="1887" VPOS="493" WIDTH="59" HEIGHT="40" CONTENT="du" WC="0.97" CC="00"/>
						<SP ID="P8_SP00309" HPOS="1946" VPOS="533" WIDTH="27"/>
						<String ID="P8_ST00365" HPOS="1973" VPOS="494" WIDTH="236" HEIGHT="51" CONTENT="personnel" WC="1.00" CC="005100000"/>
						<SP ID="P8_SP00310" HPOS="2209" VPOS="545" WIDTH="29"/>
						<String ID="P8_ST00366" HPOS="2238" VPOS="490" WIDTH="147" HEIGHT="43" CONTENT="marié," WC="0.97" CC="076477"/>
						<SP ID="P8_SP00311" HPOS="2385" VPOS="545" WIDTH="31"/>
						<String ID="P8_ST00367" HPOS="2416" VPOS="490" WIDTH="59" HEIGHT="41" CONTENT="du" WC="1.00" CC="00"/>
						<SP ID="P8_SP00312" HPOS="2475" VPOS="545" WIDTH="30"/>
						<String ID="P8_ST00368" HPOS="2505" VPOS="490" WIDTH="225" HEIGHT="53" CONTENT="logement" WC="0.99" CC="56000004"/>
						<SP ID="P8_SP00313" HPOS="2730" VPOS="545" WIDTH="28"/>
						<String ID="P8_ST00369" HPOS="2758" VPOS="487" WIDTH="72" HEIGHT="42" CONTENT="des" WC="0.98" CC="005"/>
						<SP ID="P8_SP00314" HPOS="2830" VPOS="545" WIDTH="28"/>
						<String ID="P8_ST00370" HPOS="2858" VPOS="487" WIDTH="205" HEIGHT="44" CONTENT="internes," WC="0.99" CC="505070006"/>
					</TextLine>
					<TextLine ID="P8_TL00057" HPOS="1888" VPOS="550" WIDTH="825" HEIGHT="45">
						<String ID="P8_ST00371" HPOS="1888" VPOS="554" WIDTH="58" HEIGHT="40" CONTENT="du" WC="0.77" CC="04"/>
						<SP ID="P8_SP00315" HPOS="1946" VPOS="594" WIDTH="31"/>
						<String ID="P8_ST00372" HPOS="1977" VPOS="554" WIDTH="214" HEIGHT="41" CONTENT="directeur" WC="0.99" CC="006040005"/>
						<SP ID="P8_SP00316" HPOS="2191" VPOS="595" WIDTH="28"/>
						<String ID="P8_ST00373" HPOS="2219" VPOS="563" WIDTH="39" HEIGHT="30" CONTENT="et" WC="0.72" CC="05"/>
						<SP ID="P8_SP00317" HPOS="2258" VPOS="595" WIDTH="30"/>
						<String ID="P8_ST00374" HPOS="2288" VPOS="554" WIDTH="59" HEIGHT="41" CONTENT="du" WC="0.73" CC="05"/>
						<SP ID="P8_SP00318" HPOS="2347" VPOS="595" WIDTH="32"/>
						<String ID="P8_ST00375" HPOS="2379" VPOS="550" WIDTH="334" HEIGHT="43" CONTENT="médecin-chef." WC="1.00" CC="4000050420007"/>
					</TextLine>
					<TextLine ID="P8_TL00058" HPOS="1956" VPOS="609" WIDTH="1111" HEIGHT="55">
						<String ID="P8_ST00376" HPOS="1956" VPOS="614" WIDTH="427" HEIGHT="42" CONTENT="L'administration" WC="0.99" CC="0480070000765150"/>
						<SP ID="P8_SP00319" HPOS="2383" VPOS="656" WIDTH="53"/>
						<String ID="P8_ST00377" HPOS="2436" VPOS="612" WIDTH="147" HEIGHT="44" CONTENT="située," WC="0.99" CC="0200007"/>
						<SP ID="P8_SP00320" HPOS="2583" VPOS="656" WIDTH="54"/>
						<String ID="P8_ST00378" HPOS="2637" VPOS="613" WIDTH="110" HEIGHT="41" CONTENT="dans" WC="1.00" CC="0000"/>
						<SP ID="P8_SP00321" HPOS="2747" VPOS="656" WIDTH="50"/>
						<String ID="P8_ST00379" HPOS="2797" VPOS="614" WIDTH="56" HEIGHT="40" CONTENT="les" WC="1.00" CC="000"/>
						<SP ID="P8_SP00322" HPOS="2853" VPOS="656" WIDTH="50"/>
						<String ID="P8_ST00380" HPOS="2903" VPOS="609" WIDTH="164" HEIGHT="55" CONTENT="grands" WC="0.99" CC="670100"/>
					</TextLine>
					<TextLine ID="P8_TL00059" HPOS="1888" VPOS="671" WIDTH="1179" HEIGHT="58">
						<String ID="P8_ST00381" HPOS="1888" VPOS="677" WIDTH="224" HEIGHT="52" CONTENT="hôpitaux" WC="0.99" CC="37004000"/>
						<SP ID="P8_SP00323" HPOS="2112" VPOS="729" WIDTH="43"/>
						<String ID="P8_ST00382" HPOS="2155" VPOS="677" WIDTH="110" HEIGHT="40" CONTENT="dans" WC="0.99" CC="0004"/>
						<SP ID="P8_SP00324" HPOS="2265" VPOS="729" WIDTH="41"/>
						<String ID="P8_ST00383" HPOS="2306" VPOS="690" WIDTH="59" HEIGHT="27" CONTENT="un" WC="1.00" CC="00"/>
						<SP ID="P8_SP00325" HPOS="2365" VPOS="729" WIDTH="42"/>
						<String ID="P8_ST00384" HPOS="2407" VPOS="675" WIDTH="119" HEIGHT="53" CONTENT="étage" WC="0.98" CC="96000"/>
						<SP ID="P8_SP00326" HPOS="2526" VPOS="729" WIDTH="38"/>
						<String ID="P8_ST00385" HPOS="2564" VPOS="672" WIDTH="253" HEIGHT="55" CONTENT="particulier" WC="0.99" CC="00705001306"/>
						<SP ID="P8_SP00327" HPOS="2817" VPOS="729" WIDTH="38"/>
						<String ID="P8_ST00386" HPOS="2855" VPOS="687" WIDTH="59" HEIGHT="27" CONTENT="ou" WC="0.38" CC="65"/>
						<SP ID="P8_SP00328" HPOS="2914" VPOS="729" WIDTH="42"/>
						<String ID="P8_ST00387" HPOS="2956" VPOS="671" WIDTH="111" HEIGHT="42" CONTENT="dans" WC="0.99" CC="0002"/>
					</TextLine>
					<TextLine ID="P8_TL00060" HPOS="1888" VPOS="733" WIDTH="1179" HEIGHT="58">
						<String ID="P8_ST00388" HPOS="1888" VPOS="753" WIDTH="84" HEIGHT="26" CONTENT="une" WC="1.00" CC="000"/>
						<SP ID="P8_SP00329" HPOS="1972" VPOS="779" WIDTH="50"/>
						<String ID="P8_ST00389" HPOS="2022" VPOS="738" WIDTH="139" HEIGHT="53" CONTENT="partie" WC="0.99" CC="000440"/>
						<SP ID="P8_SP00330" HPOS="2161" VPOS="791" WIDTH="50"/>
						<String ID="P8_ST00390" HPOS="2211" VPOS="739" WIDTH="72" HEIGHT="40" CONTENT="des" WC="1.00" CC="000"/>
						<SP ID="P8_SP00331" HPOS="2283" VPOS="791" WIDTH="50"/>
						<String ID="P8_ST00391" HPOS="2333" VPOS="737" WIDTH="256" HEIGHT="41" CONTENT="bâtiments," WC="0.99" CC="0735060537"/>
						<SP ID="P8_SP00332" HPOS="2589" VPOS="791" WIDTH="52"/>
						<String ID="P8_ST00392" HPOS="2641" VPOS="750" WIDTH="95" HEIGHT="38" CONTENT="près" WC="0.97" CC="0705"/>
						<SP ID="P8_SP00333" HPOS="2736" VPOS="791" WIDTH="52"/>
						<String ID="P8_ST00393" HPOS="2788" VPOS="734" WIDTH="51" HEIGHT="42" CONTENT="de" WC="1.00" CC="00"/>
						<SP ID="P8_SP00334" HPOS="2839" VPOS="791" WIDTH="50"/>
						<String ID="P8_ST00394" HPOS="2889" VPOS="733" WIDTH="178" HEIGHT="43" CONTENT="l'entrée" WC="0.98" CC="54800076"/>
					</TextLine>
					<TextLine ID="P8_TL00061" HPOS="1887" VPOS="795" WIDTH="1180" HEIGHT="57">
						<String ID="P8_ST00395" HPOS="1887" VPOS="800" WIDTH="129" HEIGHT="42" CONTENT="nord," WC="0.98" CC="00607"/>
						<SP ID="P8_SP00335" HPOS="2016" VPOS="842" WIDTH="51"/>
						<String ID="P8_ST00396" HPOS="2067" VPOS="810" WIDTH="231" HEIGHT="42" CONTENT="comporte" WC="0.99" CC="00000447"/>
						<SP ID="P8_SP00336" HPOS="2298" VPOS="852" WIDTH="49"/>
						<String ID="P8_ST00397" HPOS="2347" VPOS="801" WIDTH="55" HEIGHT="40" CONTENT="les" WC="1.00" CC="100"/>
						<SP ID="P8_SP00337" HPOS="2402" VPOS="852" WIDTH="47"/>
						<String ID="P8_ST00398" HPOS="2449" VPOS="798" WIDTH="200" HEIGHT="41" CONTENT="bureaux" WC="0.99" CC="0070002"/>
						<SP ID="P8_SP00338" HPOS="2649" VPOS="852" WIDTH="47"/>
						<String ID="P8_ST00399" HPOS="2696" VPOS="795" WIDTH="225" HEIGHT="43" CONTENT="habituels" WC="0.99" CC="090360002"/>
						<SP ID="P8_SP00339" HPOS="2921" VPOS="852" WIDTH="47"/>
						<String ID="P8_ST00400" HPOS="2968" VPOS="810" WIDTH="99" HEIGHT="28" CONTENT="avec" WC="1.00" CC="0000"/>
					</TextLine>
					<TextLine ID="P8_TL00062" HPOS="1887" VPOS="856" WIDTH="1180" HEIGHT="55">
						<String ID="P8_ST00401" HPOS="1887" VPOS="861" WIDTH="307" HEIGHT="41" CONTENT="antichambre" WC="0.99" CC="90050100060"/>
						<SP ID="P8_SP00340" HPOS="2194" VPOS="902" WIDTH="48"/>
						<String ID="P8_ST00402" HPOS="2242" VPOS="872" WIDTH="39" HEIGHT="31" CONTENT="et" WC="0.65" CC="60"/>
						<SP ID="P8_SP00341" HPOS="2281" VPOS="903" WIDTH="49"/>
						<String ID="P8_ST00403" HPOS="2330" VPOS="871" WIDTH="186" HEIGHT="33" CONTENT="attente;" WC="0.99" CC="00500409"/>
						<SP ID="P8_SP00342" HPOS="2516" VPOS="904" WIDTH="56"/>
						<String ID="P8_ST00404" HPOS="2572" VPOS="861" WIDTH="38" HEIGHT="41" CONTENT="la" WC="1.00" CC="00"/>
						<SP ID="P8_SP00343" HPOS="2610" VPOS="904" WIDTH="50"/>
						<String ID="P8_ST00405" HPOS="2660" VPOS="856" WIDTH="252" HEIGHT="55" CONTENT="pharmacie" WC="1.00" CC="000500060"/>
						<SP ID="P8_SP00344" HPOS="2912" VPOS="911" WIDTH="50"/>
						<String ID="P8_ST00406" HPOS="2962" VPOS="866" WIDTH="105" HEIGHT="44" CONTENT="peut" WC="0.99" CC="0003"/>
					</TextLine>
					<TextLine ID="P8_TL00063" HPOS="1888" VPOS="918" WIDTH="1179" HEIGHT="46">
						<String ID="P8_ST00407" HPOS="1888" VPOS="923" WIDTH="213" HEIGHT="41" CONTENT="s'étendre" WC="0.99" CC="140064060"/>
						<SP ID="P8_SP00345" HPOS="2101" VPOS="964" WIDTH="34"/>
						<String ID="P8_ST00408" HPOS="2135" VPOS="923" WIDTH="109" HEIGHT="41" CONTENT="d'un" WC="0.99" CC="0400"/>
						<SP ID="P8_SP00346" HPOS="2244" VPOS="964" WIDTH="37"/>
						<String ID="P8_ST00409" HPOS="2281" VPOS="922" WIDTH="111" HEIGHT="41" CONTENT="local" WC="0.99" CC="50002"/>
						<SP ID="P8_SP00347" HPOS="2392" VPOS="964" WIDTH="36"/>
						<String ID="P8_ST00410" HPOS="2428" VPOS="922" WIDTH="50" HEIGHT="41" CONTENT="de" WC="1.00" CC="00"/>
						<SP ID="P8_SP00348" HPOS="2478" VPOS="964" WIDTH="40"/>
						<String ID="P8_ST00411" HPOS="2518" VPOS="936" WIDTH="57" HEIGHT="26" CONTENT="20" WC="0.93" CC="01"/>
						<SP ID="P8_SP00349" HPOS="2575" VPOS="964" WIDTH="38"/>
						<String ID="P8_ST00412" HPOS="2613" VPOS="918" WIDTH="23" HEIGHT="46" CONTENT="m" WC="1.00" CC="0"/>
						<SP ID="P8_SP00350" HPOS="2636" VPOS="964" WIDTH="23"/>
						<String ID="P8_ST00413" HPOS="2659" VPOS="918" WIDTH="24" HEIGHT="46" CONTENT="2" STYLE="superscript" WC="1.00" CC="0"/>
						<SP ID="P8_SP00351" HPOS="2683" VPOS="964" WIDTH="23"/>
						<String ID="P8_ST00414" HPOS="2706" VPOS="918" WIDTH="23" HEIGHT="46" CONTENT="à" WC="0.33" CC="6"/>
						<SP ID="P8_SP00352" HPOS="2729" VPOS="964" WIDTH="36"/>
						<String ID="P8_ST00415" HPOS="2765" VPOS="936" WIDTH="83" HEIGHT="26" CONTENT="une" WC="0.99" CC="300"/>
						<SP ID="P8_SP00353" HPOS="2848" VPOS="964" WIDTH="33"/>
						<String ID="P8_ST00416" HPOS="2881" VPOS="918" WIDTH="102" HEIGHT="42" CONTENT="série" WC="0.99" CC="10620"/>
						<SP ID="P8_SP00354" HPOS="2983" VPOS="964" WIDTH="33"/>
						<String ID="P8_ST00417" HPOS="3016" VPOS="919" WIDTH="51" HEIGHT="40" CONTENT="de" WC="1.00" CC="00"/>
					</TextLine>
					<TextLine ID="P8_TL00064" HPOS="1888" VPOS="984" WIDTH="486" HEIGHT="41">
						<String ID="P8_ST00418" HPOS="1888" VPOS="984" WIDTH="159" HEIGHT="41" CONTENT="locaux" WC="0.99" CC="000800"/>
						<SP ID="P8_SP00355" HPOS="2047" VPOS="1025" WIDTH="34"/>
						<String ID="P8_ST00419" HPOS="2081" VPOS="984" WIDTH="50" HEIGHT="41" CONTENT="de" WC="0.78" CC="04"/>
						<SP ID="P8_SP00356" HPOS="2131" VPOS="1025" WIDTH="40"/>
						<String ID="P8_ST00420" HPOS="2171" VPOS="998" WIDTH="90" HEIGHT="27" CONTENT="200" WC="0.97" CC="000"/>
						<SP ID="P8_SP00357" HPOS="2261" VPOS="1025" WIDTH="37"/>
						<String ID="P8_ST00421" HPOS="2298" VPOS="999" WIDTH="40" HEIGHT="25" CONTENT="m" WC="1.00" CC="0"/>
						<SP ID="P8_SP00358" HPOS="2338" VPOS="1025" WIDTH="28"/>
						<String ID="P8_ST00422" HPOS="2366" VPOS="1016" WIDTH="8" HEIGHT="8" CONTENT="2." WC="0.55" CC="40"/>
					</TextLine>
					<TextLine ID="P8_TL00065" HPOS="1957" VPOS="1042" WIDTH="1110" HEIGHT="45">
						<String ID="P8_ST00423" HPOS="1957" VPOS="1045" WIDTH="59" HEIGHT="40" CONTENT="Le" WC="1.00" CC="00"/>
						<SP ID="P8_SP00359" HPOS="2016" VPOS="1085" WIDTH="40"/>
						<String ID="P8_ST00424" HPOS="2056" VPOS="1045" WIDTH="189" HEIGHT="40" CONTENT="nombre" WC="1.00" CC="000000"/>
						<SP ID="P8_SP00360" HPOS="2245" VPOS="1085" WIDTH="41"/>
						<String ID="P8_ST00425" HPOS="2286" VPOS="1045" WIDTH="213" HEIGHT="40" CONTENT="d'entrées" WC="0.99" CC="040066000"/>
						<SP ID="P8_SP00361" HPOS="2499" VPOS="1085" WIDTH="41"/>
						<String ID="P8_ST00426" HPOS="2540" VPOS="1044" WIDTH="97" HEIGHT="43" CONTENT="doit" WC="0.97" CC="0066"/>
						<SP ID="P8_SP00362" HPOS="2637" VPOS="1087" WIDTH="40"/>
						<String ID="P8_ST00427" HPOS="2677" VPOS="1044" WIDTH="84" HEIGHT="41" CONTENT="être" WC="0.96" CC="6560"/>
						<SP ID="P8_SP00363" HPOS="2761" VPOS="1087" WIDTH="41"/>
						<String ID="P8_ST00428" HPOS="2802" VPOS="1042" WIDTH="187" HEIGHT="42" CONTENT="minime" WC="0.99" CC="070700"/>
						<SP ID="P8_SP00364" HPOS="2989" VPOS="1087" WIDTH="38"/>
						<String ID="P8_ST00429" HPOS="3027" VPOS="1054" WIDTH="40" HEIGHT="30" CONTENT="et" WC="0.69" CC="06"/>
					</TextLine>
					<TextLine ID="P8_TL00066" HPOS="1887" VPOS="1102" WIDTH="1180" HEIGHT="56">
						<String ID="P8_ST00430" HPOS="1887" VPOS="1106" WIDTH="261" HEIGHT="52" CONTENT="susceptible" WC="1.00" CC="40006030050"/>
						<SP ID="P8_SP00365" HPOS="2148" VPOS="1158" WIDTH="26"/>
						<String ID="P8_ST00431" HPOS="2174" VPOS="1108" WIDTH="49" HEIGHT="39" CONTENT="de" WC="1.00" CC="00"/>
						<SP ID="P8_SP00366" HPOS="2223" VPOS="1158" WIDTH="26"/>
						<String ID="P8_ST00432" HPOS="2249" VPOS="1106" WIDTH="287" HEIGHT="42" CONTENT="surveillance" WC="1.00" CC="006404200005"/>
						<SP ID="P8_SP00367" HPOS="2536" VPOS="1158" WIDTH="26"/>
						<String ID="P8_ST00433" HPOS="2562" VPOS="1104" WIDTH="277" HEIGHT="54" CONTENT="particulière" WC="0.99" CC="005550034700"/>
						<SP ID="P8_SP00368" HPOS="2839" VPOS="1158" WIDTH="26"/>
						<String ID="P8_ST00434" HPOS="2865" VPOS="1119" WIDTH="117" HEIGHT="38" CONTENT="pour" WC="0.99" CC="0300"/>
						<SP ID="P8_SP00369" HPOS="2982" VPOS="1158" WIDTH="29"/>
						<String ID="P8_ST00435" HPOS="3011" VPOS="1102" WIDTH="56" HEIGHT="44" CONTENT="les" WC="0.96" CC="505"/>
					</TextLine>
					<TextLine ID="P8_TL00067" HPOS="1886" VPOS="1164" WIDTH="1181" HEIGHT="56">
						<String ID="P8_ST00436" HPOS="1886" VPOS="1168" WIDTH="268" HEIGHT="52" CONTENT="contagieux" WC="0.99" CC="0004861000"/>
						<SP ID="P8_SP00370" HPOS="2154" VPOS="1220" WIDTH="37"/>
						<String ID="P8_ST00437" HPOS="2191" VPOS="1179" WIDTH="39" HEIGHT="29" CONTENT="et" WC="0.83" CC="03"/>
						<SP ID="P8_SP00371" HPOS="2230" VPOS="1220" WIDTH="37"/>
						<String ID="P8_ST00438" HPOS="2267" VPOS="1167" WIDTH="37" HEIGHT="41" CONTENT="la" WC="1.00" CC="00"/>
						<SP ID="P8_SP00372" HPOS="2304" VPOS="1220" WIDTH="37"/>
						<String ID="P8_ST00439" HPOS="2341" VPOS="1167" WIDTH="336" HEIGHT="53" CONTENT="dermatologie," WC="0.99" CC="0060050009504"/>
						<SP ID="P8_SP00373" HPOS="2677" VPOS="1220" WIDTH="38"/>
						<String ID="P8_ST00440" HPOS="2715" VPOS="1164" WIDTH="352" HEIGHT="54" CONTENT="indépendantes" WC="1.00" CC="6000080000601"/>
					</TextLine>
					<TextLine ID="P8_TL00068" HPOS="1889" VPOS="1226" WIDTH="1174" HEIGHT="56">
						<String ID="P8_ST00441" HPOS="1889" VPOS="1244" WIDTH="113" HEIGHT="36" CONTENT="pour" WC="0.97" CC="0590"/>
						<SP ID="P8_SP00374" HPOS="2002" VPOS="1280" WIDTH="42"/>
						<String ID="P8_ST00442" HPOS="2044" VPOS="1230" WIDTH="38" HEIGHT="40" CONTENT="la" WC="1.00" CC="00"/>
						<SP ID="P8_SP00375" HPOS="2082" VPOS="1280" WIDTH="44"/>
						<String ID="P8_ST00443" HPOS="2126" VPOS="1244" WIDTH="183" HEIGHT="38" CONTENT="morgue" WC="0.98" CC="026007"/>
						<SP ID="P8_SP00376" HPOS="2309" VPOS="1282" WIDTH="40"/>
						<String ID="P8_ST00444" HPOS="2349" VPOS="1242" WIDTH="39" HEIGHT="30" CONTENT="et" WC="0.58" CC="80"/>
						<SP ID="P8_SP00377" HPOS="2388" VPOS="1282" WIDTH="43"/>
						<String ID="P8_ST00445" HPOS="2431" VPOS="1230" WIDTH="34" HEIGHT="40" CONTENT="le" WC="0.37" CC="57"/>
						<SP ID="P8_SP00378" HPOS="2465" VPOS="1282" WIDTH="43"/>
						<String ID="P8_ST00446" HPOS="2508" VPOS="1228" WIDTH="177" HEIGHT="43" CONTENT="service;" WC="1.00" CC="00001007"/>
						<SP ID="P8_SP00379" HPOS="2685" VPOS="1282" WIDTH="44"/>
						<String ID="P8_ST00447" HPOS="2729" VPOS="1226" WIDTH="183" HEIGHT="43" CONTENT="abritées" WC="0.99" CC="00054700"/>
						<SP ID="P8_SP00380" HPOS="2912" VPOS="1282" WIDTH="42"/>
						<String ID="P8_ST00448" HPOS="2954" VPOS="1228" WIDTH="109" HEIGHT="40" CONTENT="d'un" WC="0.96" CC="0456"/>
					</TextLine>
					<TextLine ID="P8_TL00069" HPOS="1887" VPOS="1290" WIDTH="644" HEIGHT="52">
						<String ID="P8_ST00449" HPOS="1887" VPOS="1303" WIDTH="164" HEIGHT="29" CONTENT="auvent" WC="0.99" CC="740000"/>
						<SP ID="P8_SP00381" HPOS="2051" VPOS="1332" WIDTH="31"/>
						<String ID="P8_ST00450" HPOS="2082" VPOS="1305" WIDTH="117" HEIGHT="37" CONTENT="pour" WC="0.96" CC="3086"/>
						<SP ID="P8_SP00382" HPOS="2199" VPOS="1342" WIDTH="35"/>
						<String ID="P8_ST00451" HPOS="2234" VPOS="1292" WIDTH="55" HEIGHT="41" CONTENT="les" WC="0.97" CC="303"/>
						<SP ID="P8_SP00383" HPOS="2289" VPOS="1342" WIDTH="35"/>
						<String ID="P8_ST00452" HPOS="2324" VPOS="1290" WIDTH="207" HEIGHT="42" CONTENT="malades." WC="1.00" CC="00300007"/>
					</TextLine>
					<TextLine ID="P8_TL00070" HPOS="1955" VPOS="1349" WIDTH="1112" HEIGHT="55">
						<String ID="P8_ST00453" HPOS="1955" VPOS="1351" WIDTH="80" HEIGHT="41" CONTENT="Les" WC="1.00" CC="001"/>
						<SP ID="P8_SP00384" HPOS="2035" VPOS="1392" WIDTH="31"/>
						<String ID="P8_ST00454" HPOS="2066" VPOS="1352" WIDTH="285" HEIGHT="41" CONTENT="circulations" WC="1.00" CC="006000052001"/>
						<SP ID="P8_SP00385" HPOS="2351" VPOS="1393" WIDTH="29"/>
						<String ID="P8_ST00455" HPOS="2380" VPOS="1364" WIDTH="149" HEIGHT="28" CONTENT="seront" WC="0.99" CC="506000"/>
						<SP ID="P8_SP00386" HPOS="2529" VPOS="1393" WIDTH="30"/>
						<String ID="P8_ST00456" HPOS="2559" VPOS="1352" WIDTH="59" HEIGHT="40" CONTENT="du" WC="1.00" CC="00"/>
						<SP ID="P8_SP00387" HPOS="2618" VPOS="1393" WIDTH="31"/>
						<String ID="P8_ST00457" HPOS="2649" VPOS="1351" WIDTH="100" HEIGHT="53" CONTENT="plus" WC="0.99" CC="0060"/>
						<SP ID="P8_SP00388" HPOS="2749" VPOS="1404" WIDTH="29"/>
						<String ID="P8_ST00458" HPOS="2778" VPOS="1362" WIDTH="127" HEIGHT="30" CONTENT="court" WC="0.99" CC="03006"/>
						<SP ID="P8_SP00389" HPOS="2905" VPOS="1404" WIDTH="31"/>
						<String ID="P8_ST00459" HPOS="2936" VPOS="1349" WIDTH="131" HEIGHT="53" CONTENT="trajet" WC="0.99" CC="500207"/>
					</TextLine>
					<TextLine ID="P8_TL00071" HPOS="1887" VPOS="1412" WIDTH="1179" HEIGHT="53">
						<String ID="P8_ST00460" HPOS="1887" VPOS="1412" WIDTH="193" HEIGHT="53" CONTENT="possible" WC="0.99" CC="00451007"/>
						<SP ID="P8_SP00390" HPOS="2080" VPOS="1465" WIDTH="37"/>
						<String ID="P8_ST00461" HPOS="2117" VPOS="1428" WIDTH="116" HEIGHT="37" CONTENT="pour" WC="0.99" CC="0006"/>
						<SP ID="P8_SP00391" HPOS="2233" VPOS="1465" WIDTH="37"/>
						<String ID="P8_ST00462" HPOS="2270" VPOS="1414" WIDTH="55" HEIGHT="40" CONTENT="les" WC="0.99" CC="002"/>
						<SP ID="P8_SP00392" HPOS="2325" VPOS="1465" WIDTH="36"/>
						<String ID="P8_ST00463" HPOS="2361" VPOS="1413" WIDTH="221" HEIGHT="43" CONTENT="aliments," WC="0.99" CC="037000504"/>
						<SP ID="P8_SP00393" HPOS="2582" VPOS="1465" WIDTH="43"/>
						<String ID="P8_ST00464" HPOS="2625" VPOS="1413" WIDTH="35" HEIGHT="40" CONTENT="le" WC="1.00" CC="00"/>
						<SP ID="P8_SP00394" HPOS="2660" VPOS="1465" WIDTH="37"/>
						<String ID="P8_ST00465" HPOS="2697" VPOS="1412" WIDTH="116" HEIGHT="53" CONTENT="linge" WC="1.00" CC="30000"/>
						<SP ID="P8_SP00395" HPOS="2813" VPOS="1465" WIDTH="35"/>
						<String ID="P8_ST00466" HPOS="2848" VPOS="1423" WIDTH="40" HEIGHT="29" CONTENT="et" WC="0.16" CC="78"/>
						<SP ID="P8_SP00396" HPOS="2888" VPOS="1465" WIDTH="36"/>
						<String ID="P8_ST00467" HPOS="2924" VPOS="1423" WIDTH="119" HEIGHT="31" CONTENT="trans" SUBS_TYPE="HypPart1" SUBS_CONTENT="transports" WC="0.98" CC="47003"/>
						<HYP HPOS="3043" VPOS="1423" WIDTH="23" CONTENT="-"/>
					</TextLine>
					<TextLine ID="P8_TL00072" HPOS="1887" VPOS="1472" WIDTH="1180" HEIGHT="53">
						<String ID="P8_ST00468" HPOS="1887" VPOS="1485" WIDTH="124" HEIGHT="40" CONTENT="ports" SUBS_TYPE="HypPart2" SUBS_CONTENT="transports" WC="1.00" CC="00000"/>
						<SP ID="P8_SP00397" HPOS="2011" VPOS="1525" WIDTH="35"/>
						<String ID="P8_ST00469" HPOS="2046" VPOS="1473" WIDTH="158" HEIGHT="44" CONTENT="divers," WC="0.99" CC="0105634"/>
						<SP ID="P8_SP00398" HPOS="2204" VPOS="1525" WIDTH="38"/>
						<String ID="P8_ST00470" HPOS="2242" VPOS="1474" WIDTH="56" HEIGHT="40" CONTENT="les" WC="0.95" CC="084"/>
						<SP ID="P8_SP00399" HPOS="2298" VPOS="1525" WIDTH="36"/>
						<String ID="P8_ST00471" HPOS="2334" VPOS="1473" WIDTH="331" HEIGHT="50" CONTENT="canalisations," WC="1.00" CC="00000000000048"/>
						<SP ID="P8_SP00400" HPOS="2665" VPOS="1525" WIDTH="37"/>
						<String ID="P8_ST00472" HPOS="2702" VPOS="1485" WIDTH="100" HEIGHT="30" CONTENT="etc.;" WC="0.99" CC="05040"/>
						<SP ID="P8_SP00401" HPOS="2802" VPOS="1525" WIDTH="40"/>
						<String ID="P8_ST00473" HPOS="2842" VPOS="1473" WIDTH="56" HEIGHT="44" CONTENT="les" WC="0.98" CC="004"/>
						<SP ID="P8_SP00402" HPOS="2898" VPOS="1525" WIDTH="35"/>
						<String ID="P8_ST00474" HPOS="2933" VPOS="1472" WIDTH="112" HEIGHT="42" CONTENT="circu" SUBS_TYPE="HypPart1" SUBS_CONTENT="circulations" WC="0.98" CC="71000"/>
						<HYP HPOS="3045" VPOS="1472" WIDTH="22" CONTENT="-"/>
					</TextLine>
					<TextLine ID="P8_TL00073" HPOS="1887" VPOS="1534" WIDTH="1180" HEIGHT="52">
						<String ID="P8_ST00475" HPOS="1887" VPOS="1536" WIDTH="167" HEIGHT="40" CONTENT="lations" SUBS_TYPE="HypPart2" SUBS_CONTENT="circulations" WC="0.99" CC="3026004"/>
						<SP ID="P8_SP00403" HPOS="2054" VPOS="1576" WIDTH="53"/>
						<String ID="P8_ST00476" HPOS="2107" VPOS="1535" WIDTH="224" HEIGHT="41" CONTENT="verticales" WC="0.99" CC="0506400380"/>
						<SP ID="P8_SP00404" HPOS="2331" VPOS="1576" WIDTH="57"/>
						<String ID="P8_ST00477" HPOS="2388" VPOS="1535" WIDTH="253" HEIGHT="41" CONTENT="intérieures" WC="0.99" CC="40575480000"/>
						<SP ID="P8_SP00405" HPOS="2641" VPOS="1576" WIDTH="55"/>
						<String ID="P8_ST00478" HPOS="2696" VPOS="1546" WIDTH="104" HEIGHT="30" CONTENT="sont" WC="1.00" CC="2000"/>
						<SP ID="P8_SP00406" HPOS="2800" VPOS="1576" WIDTH="56"/>
						<String ID="P8_ST00479" HPOS="2856" VPOS="1537" WIDTH="56" HEIGHT="40" CONTENT="les" WC="0.97" CC="070"/>
						<SP ID="P8_SP00407" HPOS="2912" VPOS="1577" WIDTH="52"/>
						<String ID="P8_ST00480" HPOS="2964" VPOS="1534" WIDTH="103" HEIGHT="52" CONTENT="plus" WC="0.99" CC="0500"/>
					</TextLine>
					<TextLine ID="P8_TL00074" HPOS="1886" VPOS="1595" WIDTH="1177" HEIGHT="55">
						<String ID="P8_ST00481" HPOS="1886" VPOS="1595" WIDTH="275" HEIGHT="44" CONTENT="favorables;" WC="0.99" CC="00036000444"/>
						<SP ID="P8_SP00408" HPOS="2161" VPOS="1639" WIDTH="46"/>
						<String ID="P8_ST00482" HPOS="2207" VPOS="1597" WIDTH="56" HEIGHT="40" CONTENT="les" WC="0.98" CC="102"/>
						<SP ID="P8_SP00409" HPOS="2263" VPOS="1639" WIDTH="42"/>
						<String ID="P8_ST00483" HPOS="2305" VPOS="1608" WIDTH="103" HEIGHT="41" CONTENT="trop" WC="0.97" CC="1540"/>
						<SP ID="P8_SP00410" HPOS="2408" VPOS="1649" WIDTH="43"/>
						<String ID="P8_ST00484" HPOS="2451" VPOS="1599" WIDTH="129" HEIGHT="51" CONTENT="longs" WC="0.98" CC="26003"/>
						<SP ID="P8_SP00411" HPOS="2580" VPOS="1650" WIDTH="40"/>
						<String ID="P8_ST00485" HPOS="2620" VPOS="1596" WIDTH="238" HEIGHT="42" CONTENT="vestibules" WC="1.00" CC="0004000002"/>
						<SP ID="P8_SP00412" HPOS="2858" VPOS="1650" WIDTH="40"/>
						<String ID="P8_ST00486" HPOS="2898" VPOS="1609" WIDTH="105" HEIGHT="30" CONTENT="sont" WC="0.99" CC="2200"/>
						<SP ID="P8_SP00413" HPOS="3003" VPOS="1650" WIDTH="41"/>
						<String ID="P8_ST00487" HPOS="3044" VPOS="1595" WIDTH="19" HEIGHT="40" CONTENT="à" WC="0.27" CC="7"/>
					</TextLine>
					<TextLine ID="P8_TL00075" HPOS="1886" VPOS="1656" WIDTH="1181" HEIGHT="45">
						<String ID="P8_ST00488" HPOS="1886" VPOS="1656" WIDTH="154" HEIGHT="43" CONTENT="éviter;" WC="0.99" CC="0013040"/>
						<SP ID="P8_SP00414" HPOS="2040" VPOS="1699" WIDTH="39"/>
						<String ID="P8_ST00489" HPOS="2079" VPOS="1657" WIDTH="56" HEIGHT="41" CONTENT="les" WC="1.00" CC="000"/>
						<SP ID="P8_SP00415" HPOS="2135" VPOS="1699" WIDTH="34"/>
						<String ID="P8_ST00490" HPOS="2169" VPOS="1658" WIDTH="192" HEIGHT="40" CONTENT="escaliers" WC="0.99" CC="000024700"/>
						<SP ID="P8_SP00416" HPOS="2361" VPOS="1699" WIDTH="35"/>
						<String ID="P8_ST00491" HPOS="2396" VPOS="1670" WIDTH="165" HEIGHT="30" CONTENT="auront" WC="0.99" CC="006005"/>
						<SP ID="P8_SP00417" HPOS="2561" VPOS="1700" WIDTH="35"/>
						<String ID="P8_ST00492" HPOS="2596" VPOS="1658" WIDTH="71" HEIGHT="43" CONTENT="des" WC="0.98" CC="013"/>
						<SP ID="P8_SP00418" HPOS="2667" VPOS="1701" WIDTH="36"/>
						<String ID="P8_ST00493" HPOS="2703" VPOS="1672" WIDTH="188" HEIGHT="27" CONTENT="mesures" WC="0.99" CC="0010603"/>
						<SP ID="P8_SP00419" HPOS="2891" VPOS="1701" WIDTH="33"/>
						<String ID="P8_ST00494" HPOS="2924" VPOS="1656" WIDTH="120" HEIGHT="43" CONTENT="calcu" SUBS_TYPE="HypPart1" SUBS_CONTENT="calculées" WC="0.99" CC="00300"/>
						<HYP HPOS="3044" VPOS="1656" WIDTH="23" CONTENT="-"/>
					</TextLine>
					<TextLine ID="P8_TL00076" HPOS="1886" VPOS="1718" WIDTH="1177" HEIGHT="54">
						<String ID="P8_ST00495" HPOS="1886" VPOS="1718" WIDTH="80" HEIGHT="43" CONTENT="lées" SUBS_TYPE="HypPart2" SUBS_CONTENT="calculées" WC="0.97" CC="1704"/>
						<SP ID="P8_SP00420" HPOS="1966" VPOS="1761" WIDTH="45"/>
						<String ID="P8_ST00496" HPOS="2011" VPOS="1734" WIDTH="49" HEIGHT="25" CONTENT="en" WC="0.59" CC="80"/>
						<SP ID="P8_SP00421" HPOS="2060" VPOS="1761" WIDTH="47"/>
						<String ID="P8_ST00497" HPOS="2107" VPOS="1719" WIDTH="209" HEIGHT="41" CONTENT="fonction" WC="1.00" CC="63000000"/>
						<SP ID="P8_SP00422" HPOS="2316" VPOS="1761" WIDTH="48"/>
						<String ID="P8_ST00498" HPOS="2364" VPOS="1720" WIDTH="57" HEIGHT="40" CONTENT="du" WC="0.67" CC="60"/>
						<SP ID="P8_SP00423" HPOS="2421" VPOS="1761" WIDTH="45"/>
						<String ID="P8_ST00499" HPOS="2466" VPOS="1731" WIDTH="232" HEIGHT="41" CONTENT="transport" WC="0.99" CC="400000076"/>
						<SP ID="P8_SP00424" HPOS="2698" VPOS="1772" WIDTH="42"/>
						<String ID="P8_ST00500" HPOS="2740" VPOS="1720" WIDTH="72" HEIGHT="40" CONTENT="des" WC="1.00" CC="000"/>
						<SP ID="P8_SP00425" HPOS="2812" VPOS="1772" WIDTH="44"/>
						<String ID="P8_ST00501" HPOS="2856" VPOS="1718" WIDTH="207" HEIGHT="45" CONTENT="malades," WC="0.99" CC="00300850"/>
					</TextLine>
					<TextLine ID="P8_TL00077" HPOS="1894" VPOS="1780" WIDTH="1171" HEIGHT="55">
						<String ID="P8_ST00502" HPOS="1894" VPOS="1794" WIDTH="12" HEIGHT="26" CONTENT="1" WC="0.47" CC="5"/>
						<SP ID="P8_SP00426" HPOS="1906" VPOS="1820" WIDTH="34"/>
						<String ID="P8_ST00503" HPOS="1940" VPOS="1795" WIDTH="55" HEIGHT="26" CONTENT="m." WC="0.77" CC="04"/>
						<SP ID="P8_SP00427" HPOS="1995" VPOS="1821" WIDTH="29"/>
						<String ID="P8_ST00504" HPOS="2024" VPOS="1795" WIDTH="60" HEIGHT="38" CONTENT="50" WC="0.88" CC="20"/>
						<SP ID="P8_SP00428" HPOS="2084" VPOS="1833" WIDTH="26"/>
						<String ID="P8_ST00505" HPOS="2110" VPOS="1781" WIDTH="245" HEIGHT="40" CONTENT="minimum" WC="0.99" CC="0650010"/>
						<SP ID="P8_SP00429" HPOS="2355" VPOS="1833" WIDTH="25"/>
						<String ID="P8_ST00506" HPOS="2380" VPOS="1796" WIDTH="115" HEIGHT="37" CONTENT="pour" WC="1.00" CC="0100"/>
						<SP ID="P8_SP00430" HPOS="2495" VPOS="1833" WIDTH="23"/>
						<String ID="P8_ST00507" HPOS="2518" VPOS="1783" WIDTH="37" HEIGHT="41" CONTENT="la" WC="0.29" CC="49"/>
						<SP ID="P8_SP00431" HPOS="2555" VPOS="1833" WIDTH="26"/>
						<String ID="P8_ST00508" HPOS="2581" VPOS="1781" WIDTH="184" HEIGHT="53" CONTENT="largeur," WC="0.99" CC="00700007"/>
						<SP ID="P8_SP00432" HPOS="2765" VPOS="1834" WIDTH="36"/>
						<String ID="P8_ST00509" HPOS="2801" VPOS="1780" WIDTH="157" HEIGHT="55" CONTENT="16/30" WC="0.88" CC="40010"/>
						<SP ID="P8_SP00433" HPOS="2958" VPOS="1835" WIDTH="22"/>
						<String ID="P8_ST00510" HPOS="2980" VPOS="1795" WIDTH="85" HEIGHT="26" CONTENT="cm." WC="0.98" CC="004"/>
					</TextLine>
					<TextLine ID="P8_TL00078" HPOS="1886" VPOS="1841" WIDTH="1179" HEIGHT="55">
						<String ID="P8_ST00511" HPOS="1886" VPOS="1841" WIDTH="26" HEIGHT="40" CONTENT="d" WC="1.00" CC="0"/>
						<SP ID="P8_SP00434" HPOS="1912" VPOS="1881" WIDTH="24"/>
						<String ID="P8_ST00512" HPOS="1936" VPOS="1842" WIDTH="377" HEIGHT="46" CONTENT="enmarchement," WC="0.86" CC="0000001400064"/>
						<SP ID="P8_SP00435" HPOS="2313" VPOS="1888" WIDTH="49"/>
						<String ID="P8_ST00513" HPOS="2362" VPOS="1842" WIDTH="301" HEIGHT="54" CONTENT="éloignement" WC="0.88" CC="00030080000"/>
						<SP ID="P8_SP00436" HPOS="2663" VPOS="1896" WIDTH="49"/>
						<String ID="P8_ST00514" HPOS="2712" VPOS="1842" WIDTH="254" HEIGHT="42" CONTENT="maximum" WC="1.00" CC="0004000"/>
						<SP ID="P8_SP00437" HPOS="2966" VPOS="1896" WIDTH="49"/>
						<String ID="P8_ST00515" HPOS="3015" VPOS="1841" WIDTH="50" HEIGHT="41" CONTENT="de" WC="1.00" CC="00"/>
					</TextLine>
					<TextLine ID="P8_TL00079" HPOS="1888" VPOS="1902" WIDTH="1180" HEIGHT="54">
						<String ID="P8_ST00516" HPOS="1888" VPOS="1917" WIDTH="59" HEIGHT="38" CONTENT="30" WC="0.82" CC="30"/>
						<SP ID="P8_SP00438" HPOS="1947" VPOS="1955" WIDTH="32"/>
						<String ID="P8_ST00517" HPOS="1979" VPOS="1917" WIDTH="100" HEIGHT="28" CONTENT="cm.," WC="0.98" CC="0044"/>
						<SP ID="P8_SP00439" HPOS="2079" VPOS="1955" WIDTH="37"/>
						<String ID="P8_ST00518" HPOS="2116" VPOS="1918" WIDTH="22" HEIGHT="25" CONTENT="2" WC="1.00" CC="0"/>
						<SP ID="P8_SP00440" HPOS="2138" VPOS="1955" WIDTH="33"/>
						<String ID="P8_ST00519" HPOS="2171" VPOS="1903" WIDTH="192" HEIGHT="43" CONTENT="escaliers" WC="0.99" CC="020032560"/>
						<SP ID="P8_SP00441" HPOS="2363" VPOS="1955" WIDTH="31"/>
						<String ID="P8_ST00520" HPOS="2394" VPOS="1918" WIDTH="115" HEIGHT="37" CONTENT="pour" WC="0.97" CC="0409"/>
						<SP ID="P8_SP00442" HPOS="2509" VPOS="1955" WIDTH="33"/>
						<String ID="P8_ST00521" HPOS="2542" VPOS="1919" WIDTH="60" HEIGHT="37" CONTENT="40" WC="0.80" CC="40"/>
						<SP ID="P8_SP00443" HPOS="2602" VPOS="1956" WIDTH="32"/>
						<String ID="P8_ST00522" HPOS="2634" VPOS="1905" WIDTH="93" HEIGHT="40" CONTENT="lits:" WC="0.98" CC="07005"/>
						<SP ID="P8_SP00444" HPOS="2727" VPOS="1956" WIDTH="35"/>
						<String ID="P8_ST00523" HPOS="2762" VPOS="1918" WIDTH="225" HEIGHT="27" CONTENT="ascenseur" WC="1.00" CC="000000207"/>
						<SP ID="P8_SP00445" HPOS="2987" VPOS="1956" WIDTH="31"/>
						<String ID="P8_ST00524" HPOS="3018" VPOS="1902" WIDTH="50" HEIGHT="41" CONTENT="de" WC="0.72" CC="05"/>
					</TextLine>
					<TextLine ID="P8_TL00080" HPOS="1894" VPOS="1966" WIDTH="1172" HEIGHT="54">
						<String ID="P8_ST00525" HPOS="1894" VPOS="1978" WIDTH="11" HEIGHT="26" CONTENT="1" WC="0.46" CC="5"/>
						<SP ID="P8_SP00446" HPOS="1905" VPOS="2004" WIDTH="40"/>
						<String ID="P8_ST00526" HPOS="1945" VPOS="1980" WIDTH="57" HEIGHT="24" CONTENT="m." WC="0.63" CC="07"/>
						<SP ID="P8_SP00447" HPOS="2002" VPOS="2004" WIDTH="33"/>
						<String ID="P8_ST00527" HPOS="2035" VPOS="1978" WIDTH="54" HEIGHT="40" CONTENT="75" WC="0.89" CC="01"/>
						<SP ID="P8_SP00448" HPOS="2089" VPOS="2018" WIDTH="35"/>
						<String ID="P8_ST00528" HPOS="2124" VPOS="1966" WIDTH="46" HEIGHT="45" CONTENT="X" WC="1.00" CC="0"/>
						<SP ID="P8_SP00449" HPOS="2170" VPOS="2018" WIDTH="34"/>
						<String ID="P8_ST00529" HPOS="2204" VPOS="1980" WIDTH="22" HEIGHT="24" CONTENT="2" WC="0.27" CC="7"/>
						<SP ID="P8_SP00450" HPOS="2226" VPOS="2018" WIDTH="30"/>
						<String ID="P8_ST00530" HPOS="2256" VPOS="1980" WIDTH="56" HEIGHT="24" CONTENT="m." WC="0.78" CC="04"/>
						<SP ID="P8_SP00451" HPOS="2312" VPOS="2018" WIDTH="33"/>
						<String ID="P8_ST00531" HPOS="2345" VPOS="1980" WIDTH="55" HEIGHT="38" CONTENT="75" WC="0.94" CC="10"/>
						<SP ID="P8_SP00452" HPOS="2400" VPOS="2018" WIDTH="32"/>
						<String ID="P8_ST00532" HPOS="2432" VPOS="1980" WIDTH="59" HEIGHT="26" CONTENT="ou" WC="0.96" CC="00"/>
						<SP ID="P8_SP00453" HPOS="2491" VPOS="2018" WIDTH="31"/>
						<String ID="P8_ST00533" HPOS="2522" VPOS="1980" WIDTH="23" HEIGHT="25" CONTENT="2" WC="1.00" CC="0"/>
						<SP ID="P8_SP00454" HPOS="2545" VPOS="2018" WIDTH="30"/>
						<String ID="P8_ST00534" HPOS="2575" VPOS="1980" WIDTH="58" HEIGHT="26" CONTENT="m." WC="0.77" CC="04"/>
						<SP ID="P8_SP00455" HPOS="2633" VPOS="2018" WIDTH="34"/>
						<String ID="P8_ST00535" HPOS="2667" VPOS="1980" WIDTH="55" HEIGHT="39" CONTENT="35" WC="0.91" CC="01"/>
						<SP ID="P8_SP00456" HPOS="2722" VPOS="2019" WIDTH="35"/>
						<String ID="P8_ST00536" HPOS="2757" VPOS="1967" WIDTH="33" HEIGHT="32" CONTENT="X" WC="0.31" CC="6"/>
						<SP ID="P8_SP00457" HPOS="2790" VPOS="2019" WIDTH="33"/>
						<String ID="P8_ST00537" HPOS="2823" VPOS="1980" WIDTH="23" HEIGHT="40" CONTENT="3" WC="1.00" CC="0"/>
						<SP ID="P8_SP00458" HPOS="2846" VPOS="2020" WIDTH="33"/>
						<String ID="P8_ST00538" HPOS="2879" VPOS="1980" WIDTH="58" HEIGHT="27" CONTENT="m." WC="0.51" CC="54"/>
						<SP ID="P8_SP00459" HPOS="2937" VPOS="2020" WIDTH="30"/>
						<String ID="P8_ST00539" HPOS="2967" VPOS="1979" WIDTH="99" HEIGHT="26" CONTENT="avec" WC="0.99" CC="0060"/>
					</TextLine>
					<TextLine ID="P8_TL00081" HPOS="1886" VPOS="2024" WIDTH="1110" HEIGHT="53">
						<String ID="P8_ST00540" HPOS="1886" VPOS="2024" WIDTH="283" HEIGHT="47" CONTENT="mécanisme;" WC="1.00" CC="2000004000"/>
						<SP ID="P8_SP00460" HPOS="2169" VPOS="2071" WIDTH="42"/>
						<String ID="P8_ST00541" HPOS="2211" VPOS="2041" WIDTH="170" HEIGHT="36" CONTENT="rampes" WC="0.99" CC="500100"/>
						<SP ID="P8_SP00461" HPOS="2381" VPOS="2077" WIDTH="39"/>
						<String ID="P8_ST00542" HPOS="2420" VPOS="2025" WIDTH="260" HEIGHT="44" CONTENT="extérieures" WC="1.00" CC="00077300000"/>
						<SP ID="P8_SP00462" HPOS="2680" VPOS="2077" WIDTH="37"/>
						<String ID="P8_ST00543" HPOS="2717" VPOS="2026" WIDTH="279" HEIGHT="42" CONTENT="éventuelles." WC="1.00" CC="700000014044"/>
					</TextLine>
					<TextLine ID="P8_TL00082" HPOS="1953" VPOS="2086" WIDTH="1115" HEIGHT="54">
						<String ID="P8_ST00544" HPOS="1953" VPOS="2086" WIDTH="80" HEIGHT="40" CONTENT="Les" WC="0.97" CC="062"/>
						<SP ID="P8_SP00463" HPOS="2033" VPOS="2126" WIDTH="28"/>
						<String ID="P8_ST00545" HPOS="2061" VPOS="2086" WIDTH="286" HEIGHT="47" CONTENT="circulations" WC="1.00" CC="016002004302"/>
						<SP ID="P8_SP00464" HPOS="2347" VPOS="2133" WIDTH="29"/>
						<String ID="P8_ST00546" HPOS="2376" VPOS="2087" WIDTH="49" HEIGHT="41" CONTENT="de" WC="1.00" CC="00"/>
						<SP ID="P8_SP00465" HPOS="2425" VPOS="2133" WIDTH="29"/>
						<String ID="P8_ST00547" HPOS="2454" VPOS="2098" WIDTH="231" HEIGHT="42" CONTENT="transport" WC="1.00" CC="000050001"/>
						<SP ID="P8_SP00466" HPOS="2685" VPOS="2140" WIDTH="29"/>
						<String ID="P8_ST00548" HPOS="2714" VPOS="2087" WIDTH="271" HEIGHT="45" CONTENT="d'aliments," WC="0.99" CC="04002000634"/>
						<SP ID="P8_SP00467" HPOS="2985" VPOS="2140" WIDTH="33"/>
						<String ID="P8_ST00549" HPOS="3018" VPOS="2086" WIDTH="50" HEIGHT="45" CONTENT="de" WC="0.69" CC="06"/>
					</TextLine>
					<TextLine ID="P8_TL00083" HPOS="1884" VPOS="2147" WIDTH="1180" HEIGHT="54">
						<String ID="P8_ST00550" HPOS="1884" VPOS="2147" WIDTH="130" HEIGHT="54" CONTENT="linge," WC="0.98" CC="056044"/>
						<SP ID="P8_SP00468" HPOS="2014" VPOS="2201" WIDTH="33"/>
						<String ID="P8_ST00551" HPOS="2047" VPOS="2159" WIDTH="94" HEIGHT="33" CONTENT="etc.," WC="0.98" CC="05074"/>
						<SP ID="P8_SP00469" HPOS="2141" VPOS="2201" WIDTH="31"/>
						<String ID="P8_ST00552" HPOS="2172" VPOS="2163" WIDTH="39" HEIGHT="25" CONTENT="se" WC="0.56" CC="16"/>
						<SP ID="P8_SP00470" HPOS="2211" VPOS="2201" WIDTH="30"/>
						<String ID="P8_ST00553" HPOS="2241" VPOS="2147" WIDTH="106" HEIGHT="43" CONTENT="font" WC="1.00" CC="0000"/>
						<SP ID="P8_SP00471" HPOS="2347" VPOS="2201" WIDTH="28"/>
						<String ID="P8_ST00554" HPOS="2375" VPOS="2164" WIDTH="51" HEIGHT="25" CONTENT="en" WC="1.00" CC="00"/>
						<SP ID="P8_SP00472" HPOS="2426" VPOS="2201" WIDTH="29"/>
						<String ID="P8_ST00555" HPOS="2455" VPOS="2148" WIDTH="193" HEIGHT="42" CONTENT="sous-sol" WC="0.99" CC="40004105"/>
						<SP ID="P8_SP00473" HPOS="2648" VPOS="2201" WIDTH="30"/>
						<String ID="P8_ST00556" HPOS="2678" VPOS="2161" WIDTH="39" HEIGHT="30" CONTENT="et" WC="1.00" CC="00"/>
						<SP ID="P8_SP00474" HPOS="2717" VPOS="2201" WIDTH="28"/>
						<String ID="P8_ST00557" HPOS="2745" VPOS="2164" WIDTH="51" HEIGHT="26" CONTENT="en" WC="1.00" CC="00"/>
						<SP ID="P8_SP00475" HPOS="2796" VPOS="2201" WIDTH="29"/>
						<String ID="P8_ST00558" HPOS="2825" VPOS="2164" WIDTH="239" HEIGHT="27" CONTENT="ascenseur." WC="1.00" CC="0000008004"/>
					</TextLine>
					<TextLine ID="P8_TL00084" HPOS="1886" VPOS="2208" WIDTH="1181" HEIGHT="53">
						<String ID="P8_ST00559" HPOS="1886" VPOS="2208" WIDTH="57" HEIGHT="41" CONTENT="Le" WC="0.58" CC="08"/>
						<SP ID="P8_SP00476" HPOS="1943" VPOS="2249" WIDTH="37"/>
						<String ID="P8_ST00560" HPOS="1980" VPOS="2209" WIDTH="231" HEIGHT="52" CONTENT="problème" WC="0.99" CC="06000700"/>
						<SP ID="P8_SP00477" HPOS="2211" VPOS="2261" WIDTH="38"/>
						<String ID="P8_ST00561" HPOS="2249" VPOS="2209" WIDTH="72" HEIGHT="41" CONTENT="des" WC="1.00" CC="000"/>
						<SP ID="P8_SP00478" HPOS="2321" VPOS="2261" WIDTH="34"/>
						<String ID="P8_ST00562" HPOS="2355" VPOS="2209" WIDTH="289" HEIGHT="42" CONTENT="circulations" WC="0.99" CC="066004065100"/>
						<SP ID="P8_SP00479" HPOS="2644" VPOS="2261" WIDTH="39"/>
						<String ID="P8_ST00563" HPOS="2683" VPOS="2221" WIDTH="61" HEIGHT="30" CONTENT="est" WC="0.95" CC="760"/>
						<SP ID="P8_SP00480" HPOS="2744" VPOS="2261" WIDTH="36"/>
						<String ID="P8_ST00564" HPOS="2780" VPOS="2211" WIDTH="21" HEIGHT="40" CONTENT="à" WC="0.29" CC="7"/>
						<SP ID="P8_SP00481" HPOS="2801" VPOS="2261" WIDTH="38"/>
						<String ID="P8_ST00565" HPOS="2839" VPOS="2210" WIDTH="228" HEIGHT="42" CONTENT="examiner" WC="0.99" CC="00005007"/>
					</TextLine>
					<TextLine ID="P8_TL00085" HPOS="1884" VPOS="2270" WIDTH="1180" HEIGHT="52">
						<String ID="P8_ST00566" HPOS="1884" VPOS="2285" WIDTH="49" HEIGHT="25" CONTENT="en" WC="0.59" CC="80"/>
						<SP ID="P8_SP00482" HPOS="1933" VPOS="2310" WIDTH="46"/>
						<String ID="P8_ST00567" HPOS="1979" VPOS="2281" WIDTH="102" HEIGHT="31" CONTENT="tout" WC="1.00" CC="0000"/>
						<SP ID="P8_SP00483" HPOS="2081" VPOS="2312" WIDTH="45"/>
						<String ID="P8_ST00568" HPOS="2126" VPOS="2270" WIDTH="188" HEIGHT="52" CONTENT="premier" WC="0.98" CC="0790260"/>
						<SP ID="P8_SP00484" HPOS="2314" VPOS="2322" WIDTH="45"/>
						<String ID="P8_ST00569" HPOS="2359" VPOS="2271" WIDTH="83" HEIGHT="41" CONTENT="lieu" WC="1.00" CC="0200"/>
						<SP ID="P8_SP00485" HPOS="2442" VPOS="2322" WIDTH="46"/>
						<String ID="P8_ST00570" HPOS="2488" VPOS="2272" WIDTH="110" HEIGHT="46" CONTENT="dans" WC="0.98" CC="0900"/>
						<SP ID="P8_SP00486" HPOS="2598" VPOS="2322" WIDTH="47"/>
						<String ID="P8_ST00571" HPOS="2645" VPOS="2270" WIDTH="314" HEIGHT="43" CONTENT="l'élaboration" WC="0.99" CC="0401901700600"/>
						<SP ID="P8_SP00487" HPOS="2959" VPOS="2322" WIDTH="47"/>
						<String ID="P8_ST00572" HPOS="3006" VPOS="2272" WIDTH="58" HEIGHT="40" CONTENT="du" WC="0.72" CC="05"/>
					</TextLine>
					<TextLine ID="P8_TL00086" HPOS="1885" VPOS="2331" WIDTH="121" HEIGHT="53">
						<String ID="P8_ST00573" HPOS="1885" VPOS="2331" WIDTH="121" HEIGHT="53" CONTENT="plan." WC="0.98" CC="90004"/>
					</TextLine>
					<TextLine ID="P8_TL00087" HPOS="1952" VPOS="2394" WIDTH="1115" HEIGHT="53">
						<String ID="P8_ST00574" HPOS="1952" VPOS="2394" WIDTH="80" HEIGHT="41" CONTENT="Les" WC="1.00" CC="000" STYLEREFS="TXT_3"/>
						<SP ID="P8_SP00488" HPOS="2032" VPOS="2435" WIDTH="36"/>
						<String ID="P8_ST00575" HPOS="2068" VPOS="2394" WIDTH="179" HEIGHT="41" CONTENT="services" WC="0.99" CC="11655000" STYLEREFS="TXT_3"/>
						<SP ID="P8_SP00489" HPOS="2247" VPOS="2435" WIDTH="37"/>
						<String ID="P8_ST00576" HPOS="2284" VPOS="2394" WIDTH="224" HEIGHT="52" CONTENT="généraux" WC="0.98" CC="26677050" STYLEREFS="TXT_3"/>
						<String ID="P8_ST00577" HPOS="2517" VPOS="2428" WIDTH="7" HEIGHT="11" CONTENT="," WC="0.54" CC="4"/>
						<SP ID="P8_SP00490" HPOS="2524" VPOS="2446" WIDTH="36"/>
						<String ID="P8_ST00578" HPOS="2560" VPOS="2394" WIDTH="140" HEIGHT="45" CONTENT="enfin," WC="0.98" CC="700604"/>
						<SP ID="P8_SP00491" HPOS="2700" VPOS="2446" WIDTH="40"/>
						<String ID="P8_ST00579" HPOS="2740" VPOS="2404" WIDTH="327" HEIGHT="43" CONTENT="comprennent" WC="1.00" CC="02000000007"/>
					</TextLine>
					<TextLine ID="P8_TL00088" HPOS="1887" VPOS="2454" WIDTH="1177" HEIGHT="54">
						<String ID="P8_ST00580" HPOS="1887" VPOS="2454" WIDTH="55" HEIGHT="41" CONTENT="les" WC="0.98" CC="400"/>
						<SP ID="P8_SP00492" HPOS="1942" VPOS="2495" WIDTH="46"/>
						<String ID="P8_ST00581" HPOS="1988" VPOS="2470" WIDTH="190" HEIGHT="38" CONTENT="groupes" WC="0.99" CC="0630004"/>
						<SP ID="P8_SP00493" HPOS="2178" VPOS="2508" WIDTH="49"/>
						<String ID="P8_ST00582" HPOS="2227" VPOS="2456" WIDTH="50" HEIGHT="40" CONTENT="de" WC="1.00" CC="00"/>
						<SP ID="P8_SP00494" HPOS="2277" VPOS="2508" WIDTH="47"/>
						<String ID="P8_ST00583" HPOS="2324" VPOS="2456" WIDTH="244" HEIGHT="42" CONTENT="bâtiments" WC="0.99" CC="076800050"/>
						<SP ID="P8_SP00495" HPOS="2568" VPOS="2508" WIDTH="46"/>
						<String ID="P8_ST00584" HPOS="2614" VPOS="2456" WIDTH="204" HEIGHT="42" CONTENT="suivants" WC="0.99" CC="10390002"/>
						<SP ID="P8_SP00496" HPOS="2818" VPOS="2508" WIDTH="47"/>
						<String ID="P8_ST00585" HPOS="2865" VPOS="2455" WIDTH="115" HEIGHT="43" CONTENT="dont" WC="0.99" CC="0004"/>
						<SP ID="P8_SP00497" HPOS="2980" VPOS="2508" WIDTH="49"/>
						<String ID="P8_ST00586" HPOS="3029" VPOS="2455" WIDTH="35" HEIGHT="41" CONTENT="le" WC="0.64" CC="70"/>
					</TextLine>
					<TextLine ID="P8_TL00089" HPOS="1886" VPOS="2516" WIDTH="501" HEIGHT="53">
						<String ID="P8_ST00587" HPOS="1886" VPOS="2516" WIDTH="87" HEIGHT="41" CONTENT="rôle" WC="0.97" CC="7600"/>
						<SP ID="P8_SP00498" HPOS="1973" VPOS="2557" WIDTH="27"/>
						<String ID="P8_ST00588" HPOS="2000" VPOS="2527" WIDTH="61" HEIGHT="30" CONTENT="est" WC="0.93" CC="736"/>
						<SP ID="P8_SP00499" HPOS="2061" VPOS="2557" WIDTH="28"/>
						<String ID="P8_ST00589" HPOS="2089" VPOS="2516" WIDTH="254" HEIGHT="53" CONTENT="important" WC="0.99" CC="400062000"/>
						<SP ID="P8_SP00500" HPOS="2343" VPOS="2569" WIDTH="35"/>
						<String ID="P8_ST00590" HPOS="2378" VPOS="2532" WIDTH="9" HEIGHT="25" CONTENT=":" WC="0.38" CC="6"/>
					</TextLine>
					<TextLine ID="P8_TL00090" HPOS="1952" VPOS="2577" WIDTH="1115" HEIGHT="52">
						<String ID="P8_ST00591" HPOS="1952" VPOS="2594" WIDTH="21" HEIGHT="24" CONTENT="a" WC="1.00" CC="0"/>
						<SP ID="P8_SP00501" HPOS="1973" VPOS="2618" WIDTH="19"/>
						<String ID="P8_ST00592" HPOS="1992" VPOS="2577" WIDTH="15" HEIGHT="52" CONTENT=")" WC="0.46" CC="5"/>
						<SP ID="P8_SP00502" HPOS="2007" VPOS="2629" WIDTH="40"/>
						<String ID="P8_ST00593" HPOS="2047" VPOS="2578" WIDTH="67" HEIGHT="43" CONTENT="La" WC="0.78" CC="22" STYLEREFS="TXT_3"/>
						<SP ID="P8_SP00503" HPOS="2114" VPOS="2629" WIDTH="21"/>
						<String ID="P8_ST00594" HPOS="2135" VPOS="2578" WIDTH="168" HEIGHT="44" CONTENT="section" WC="0.98" CC="0053276" STYLEREFS="TXT_3"/>
						<SP ID="P8_SP00504" HPOS="2303" VPOS="2629" WIDTH="22"/>
						<String ID="P8_ST00595" HPOS="2325" VPOS="2578" WIDTH="73" HEIGHT="42" CONTENT="des" WC="0.98" CC="030" STYLEREFS="TXT_3"/>
						<SP ID="P8_SP00505" HPOS="2398" VPOS="2629" WIDTH="21"/>
						<String ID="P8_ST00596" HPOS="2419" VPOS="2578" WIDTH="187" HEIGHT="43" CONTENT="cuisines" WC="0.99" CC="06200005" STYLEREFS="TXT_3"/>
						<SP ID="P8_SP00506" HPOS="2606" VPOS="2629" WIDTH="23"/>
						<String ID="P8_ST00597" HPOS="2629" VPOS="2580" WIDTH="99" HEIGHT="40" CONTENT="doit" WC="0.98" CC="0036"/>
						<SP ID="P8_SP00507" HPOS="2728" VPOS="2629" WIDTH="20"/>
						<String ID="P8_ST00598" HPOS="2748" VPOS="2578" WIDTH="88" HEIGHT="42" CONTENT="être" WC="0.96" CC="7561"/>
						<SP ID="P8_SP00508" HPOS="2836" VPOS="2629" WIDTH="22"/>
						<String ID="P8_ST00599" HPOS="2858" VPOS="2578" WIDTH="51" HEIGHT="42" CONTENT="de" WC="1.00" CC="00"/>
						<SP ID="P8_SP00509" HPOS="2909" VPOS="2629" WIDTH="23"/>
						<String ID="P8_ST00600" HPOS="2932" VPOS="2578" WIDTH="113" HEIGHT="43" CONTENT="situa" SUBS_TYPE="HypPart1" SUBS_CONTENT="situation" WC="0.99" CC="06500"/>
						<HYP HPOS="3045" VPOS="2578" WIDTH="22" CONTENT="-"/>
					</TextLine>
					<TextLine ID="P8_TL00091" HPOS="1885" VPOS="2639" WIDTH="1182" HEIGHT="54">
						<String ID="P8_ST00601" HPOS="1885" VPOS="2639" WIDTH="95" HEIGHT="40" CONTENT="tion" SUBS_TYPE="HypPart2" SUBS_CONTENT="situation" WC="0.99" CC="5000"/>
						<SP ID="P8_SP00510" HPOS="1980" VPOS="2679" WIDTH="31"/>
						<String ID="P8_ST00602" HPOS="2011" VPOS="2639" WIDTH="190" HEIGHT="42" CONTENT="centrale" WC="0.99" CC="00054010"/>
						<SP ID="P8_SP00511" HPOS="2201" VPOS="2681" WIDTH="31"/>
						<String ID="P8_ST00603" HPOS="2232" VPOS="2654" WIDTH="116" HEIGHT="38" CONTENT="pour" WC="0.98" CC="0009"/>
						<SP ID="P8_SP00512" HPOS="2348" VPOS="2692" WIDTH="33"/>
						<String ID="P8_ST00604" HPOS="2381" VPOS="2641" WIDTH="56" HEIGHT="40" CONTENT="les" WC="0.98" CC="400"/>
						<SP ID="P8_SP00513" HPOS="2437" VPOS="2692" WIDTH="32"/>
						<String ID="P8_ST00605" HPOS="2469" VPOS="2640" WIDTH="167" HEIGHT="52" CONTENT="trajets," WC="1.00" CC="07000010"/>
						<SP ID="P8_SP00514" HPOS="2636" VPOS="2692" WIDTH="35"/>
						<String ID="P8_ST00606" HPOS="2671" VPOS="2641" WIDTH="85" HEIGHT="40" CONTENT="être" WC="0.98" CC="6200"/>
						<SP ID="P8_SP00515" HPOS="2756" VPOS="2692" WIDTH="36"/>
						<String ID="P8_ST00607" HPOS="2792" VPOS="2639" WIDTH="128" HEIGHT="42" CONTENT="isolée" WC="0.98" CC="040480"/>
						<SP ID="P8_SP00516" HPOS="2920" VPOS="2692" WIDTH="30"/>
						<String ID="P8_ST00608" HPOS="2950" VPOS="2654" WIDTH="117" HEIGHT="39" CONTENT="pour" WC="0.98" CC="0106"/>
					</TextLine>
					<TextLine ID="P8_TL00092" HPOS="1886" VPOS="2700" WIDTH="1181" HEIGHT="44">
						<String ID="P8_ST00609" HPOS="1886" VPOS="2702" WIDTH="55" HEIGHT="40" CONTENT="les" WC="0.97" CC="160"/>
						<SP ID="P8_SP00517" HPOS="1941" VPOS="2742" WIDTH="28"/>
						<String ID="P8_ST00610" HPOS="1969" VPOS="2701" WIDTH="160" HEIGHT="41" CONTENT="odeurs" WC="0.99" CC="007070"/>
						<SP ID="P8_SP00518" HPOS="2129" VPOS="2742" WIDTH="28"/>
						<String ID="P8_ST00611" HPOS="2157" VPOS="2712" WIDTH="39" HEIGHT="30" CONTENT="et" WC="0.73" CC="05"/>
						<SP ID="P8_SP00519" HPOS="2196" VPOS="2742" WIDTH="25"/>
						<String ID="P8_ST00612" HPOS="2221" VPOS="2701" WIDTH="86" HEIGHT="41" CONTENT="être" WC="0.96" CC="6650"/>
						<SP ID="P8_SP00520" HPOS="2307" VPOS="2742" WIDTH="27"/>
						<String ID="P8_ST00613" HPOS="2334" VPOS="2700" WIDTH="226" HEIGHT="43" CONTENT="accessible" WC="1.00" CC="0000034140"/>
						<SP ID="P8_SP00521" HPOS="2560" VPOS="2743" WIDTH="27"/>
						<String ID="P8_ST00614" HPOS="2587" VPOS="2700" WIDTH="212" HEIGHT="44" CONTENT="aisément" WC="0.99" CC="04270000"/>
						<SP ID="P8_SP00522" HPOS="2799" VPOS="2744" WIDTH="27"/>
						<String ID="P8_ST00615" HPOS="2826" VPOS="2716" WIDTH="88" HEIGHT="28" CONTENT="aux" WC="1.00" CC="000"/>
						<SP ID="P8_SP00523" HPOS="2914" VPOS="2744" WIDTH="27"/>
						<String ID="P8_ST00616" HPOS="2941" VPOS="2701" WIDTH="101" HEIGHT="41" CONTENT="four" SUBS_TYPE="HypPart1" SUBS_CONTENT="fournisseurs;" WC="0.99" CC="3300"/>
						<HYP HPOS="3042" VPOS="2701" WIDTH="25" CONTENT="-"/>
					</TextLine>
					<TextLine ID="P8_TL00093" HPOS="1887" VPOS="2762" WIDTH="1181" HEIGHT="53">
						<String ID="P8_ST00617" HPOS="1887" VPOS="2762" WIDTH="208" HEIGHT="46" CONTENT="nisseurs;" SUBS_TYPE="HypPart2" SUBS_CONTENT="fournisseurs;" WC="0.99" CC="973000640"/>
						<SP ID="P8_SP00524" HPOS="2095" VPOS="2808" WIDTH="52"/>
						<String ID="P8_ST00618" HPOS="2147" VPOS="2763" WIDTH="99" HEIGHT="40" CONTENT="elles" WC="0.99" CC="05200"/>
						<SP ID="P8_SP00525" HPOS="2246" VPOS="2808" WIDTH="47"/>
						<String ID="P8_ST00619" HPOS="2293" VPOS="2774" WIDTH="195" HEIGHT="41" CONTENT="peuvent" WC="1.00" CC="0000000"/>
						<SP ID="P8_SP00526" HPOS="2488" VPOS="2815" WIDTH="47"/>
						<String ID="P8_ST00620" HPOS="2535" VPOS="2778" WIDTH="39" HEIGHT="25" CONTENT="se" WC="1.00" CC="00"/>
						<SP ID="P8_SP00527" HPOS="2574" VPOS="2815" WIDTH="48"/>
						<String ID="P8_ST00621" HPOS="2622" VPOS="2776" WIDTH="180" HEIGHT="29" CONTENT="trouver" WC="0.99" CC="5700007"/>
						<SP ID="P8_SP00528" HPOS="2802" VPOS="2815" WIDTH="47"/>
						<String ID="P8_ST00622" HPOS="2849" VPOS="2764" WIDTH="111" HEIGHT="40" CONTENT="dans" WC="0.99" CC="0005"/>
						<SP ID="P8_SP00529" HPOS="2960" VPOS="2815" WIDTH="51"/>
						<String ID="P8_ST00623" HPOS="3011" VPOS="2763" WIDTH="57" HEIGHT="42" CONTENT="les" WC="0.98" CC="600"/>
					</TextLine>
					<TextLine ID="P8_TL00094" HPOS="1884" VPOS="2823" WIDTH="1181" HEIGHT="54">
						<String ID="P8_ST00624" HPOS="1884" VPOS="2838" WIDTH="134" HEIGHT="26" CONTENT="caves," WC="0.98" CC="700027"/>
						<SP ID="P8_SP00530" HPOS="2018" VPOS="2864" WIDTH="35"/>
						<String ID="P8_ST00625" HPOS="2053" VPOS="2839" WIDTH="54" HEIGHT="26" CONTENT="au" WC="1.00" CC="00"/>
						<SP ID="P8_SP00531" HPOS="2107" VPOS="2865" WIDTH="37"/>
						<String ID="P8_ST00626" HPOS="2144" VPOS="2824" WIDTH="129" HEIGHT="48" CONTENT="nord," WC="0.99" CC="00604"/>
						<SP ID="P8_SP00532" HPOS="2273" VPOS="2872" WIDTH="35"/>
						<String ID="P8_ST00627" HPOS="2308" VPOS="2823" WIDTH="190" HEIGHT="54" CONTENT="séparées" WC="0.98" CC="17006870"/>
						<SP ID="P8_SP00533" HPOS="2498" VPOS="2877" WIDTH="34"/>
						<String ID="P8_ST00628" HPOS="2532" VPOS="2840" WIDTH="78" HEIGHT="37" CONTENT="par" WC="0.97" CC="007"/>
						<SP ID="P8_SP00534" HPOS="2610" VPOS="2877" WIDTH="32"/>
						<String ID="P8_ST00629" HPOS="2642" VPOS="2840" WIDTH="60" HEIGHT="25" CONTENT="un" WC="1.00" CC="00"/>
						<SP ID="P8_SP00535" HPOS="2702" VPOS="2877" WIDTH="34"/>
						<String ID="P8_ST00630" HPOS="2736" VPOS="2825" WIDTH="112" HEIGHT="42" CONTENT="local" WC="1.00" CC="00000"/>
						<SP ID="P8_SP00536" HPOS="2848" VPOS="2877" WIDTH="34"/>
						<String ID="P8_ST00631" HPOS="2882" VPOS="2825" WIDTH="91" HEIGHT="41" CONTENT="aéré" WC="0.95" CC="0768"/>
						<SP ID="P8_SP00537" HPOS="2973" VPOS="2877" WIDTH="33"/>
						<String ID="P8_ST00632" HPOS="3006" VPOS="2824" WIDTH="59" HEIGHT="41" CONTENT="du" WC="1.00" CC="00"/>
					</TextLine>
					<TextLine ID="P8_TL00095" HPOS="1885" VPOS="2884" WIDTH="1182" HEIGHT="53">
						<String ID="P8_ST00633" HPOS="1885" VPOS="2900" WIDTH="126" HEIGHT="37" CONTENT="corps" WC="0.99" CC="08000"/>
						<SP ID="P8_SP00538" HPOS="2011" VPOS="2937" WIDTH="38"/>
						<String ID="P8_ST00634" HPOS="2049" VPOS="2884" WIDTH="221" HEIGHT="53" CONTENT="principal" WC="0.98" CC="066008692"/>
						<SP ID="P8_SP00539" HPOS="2270" VPOS="2937" WIDTH="40"/>
						<String ID="P8_ST00635" HPOS="2310" VPOS="2897" WIDTH="39" HEIGHT="29" CONTENT="et" WC="0.73" CC="05"/>
						<SP ID="P8_SP00540" HPOS="2349" VPOS="2937" WIDTH="41"/>
						<String ID="P8_ST00636" HPOS="2390" VPOS="2901" WIDTH="50" HEIGHT="25" CONTENT="en" WC="1.00" CC="00"/>
						<SP ID="P8_SP00541" HPOS="2440" VPOS="2937" WIDTH="39"/>
						<String ID="P8_ST00637" HPOS="2479" VPOS="2884" WIDTH="388" HEIGHT="44" CONTENT="communication" WC="1.00" CC="0000005003510"/>
						<SP ID="P8_SP00542" HPOS="2867" VPOS="2937" WIDTH="42"/>
						<String ID="P8_ST00638" HPOS="2909" VPOS="2886" WIDTH="158" HEIGHT="41" CONTENT="directe" WC="0.99" CC="0570060"/>
					</TextLine>
					<TextLine ID="P8_TL00096" HPOS="1885" VPOS="2946" WIDTH="1180" HEIGHT="44">
						<String ID="P8_ST00639" HPOS="1885" VPOS="2961" WIDTH="98" HEIGHT="26" CONTENT="avec" WC="1.00" CC="0000"/>
						<SP ID="P8_SP00543" HPOS="1983" VPOS="2987" WIDTH="44"/>
						<String ID="P8_ST00640" HPOS="2027" VPOS="2947" WIDTH="56" HEIGHT="40" CONTENT="les" WC="0.96" CC="405"/>
						<SP ID="P8_SP00544" HPOS="2083" VPOS="2987" WIDTH="43"/>
						<String ID="P8_ST00641" HPOS="2126" VPOS="2946" WIDTH="156" HEIGHT="44" CONTENT="offices" WC="0.99" CC="0414030"/>
						<SP ID="P8_SP00545" HPOS="2282" VPOS="2990" WIDTH="40"/>
						<String ID="P8_ST00642" HPOS="2322" VPOS="2947" WIDTH="21" HEIGHT="40" CONTENT="à" WC="0.27" CC="7"/>
						<SP ID="P8_SP00546" HPOS="2343" VPOS="2990" WIDTH="43"/>
						<String ID="P8_ST00643" HPOS="2386" VPOS="2948" WIDTH="161" HEIGHT="41" CONTENT="tisanes" WC="0.99" CC="5640002"/>
						<SP ID="P8_SP00547" HPOS="2547" VPOS="2990" WIDTH="40"/>
						<String ID="P8_ST00644" HPOS="2587" VPOS="2948" WIDTH="72" HEIGHT="41" CONTENT="des" WC="1.00" CC="000"/>
						<SP ID="P8_SP00548" HPOS="2659" VPOS="2990" WIDTH="40"/>
						<String ID="P8_ST00645" HPOS="2699" VPOS="2947" WIDTH="206" HEIGHT="42" CONTENT="stations." WC="0.99" CC="460660034"/>
						<SP ID="P8_SP00549" HPOS="2905" VPOS="2990" WIDTH="43"/>
						<String ID="P8_ST00646" HPOS="2948" VPOS="2947" WIDTH="117" HEIGHT="42" CONTENT="Elles" WC="0.99" CC="01061"/>
					</TextLine>
					<TextLine ID="P8_TL00097" HPOS="1884" VPOS="3007" WIDTH="1183" HEIGHT="55">
						<String ID="P8_ST00647" HPOS="1884" VPOS="3021" WIDTH="195" HEIGHT="39" CONTENT="peuvent" WC="1.00" CC="0000000"/>
						<SP ID="P8_SP00550" HPOS="2079" VPOS="3060" WIDTH="36"/>
						<String ID="P8_ST00648" HPOS="2115" VPOS="3008" WIDTH="246" HEIGHT="53" CONTENT="également" WC="0.99" CC="890500150"/>
						<SP ID="P8_SP00551" HPOS="2361" VPOS="3061" WIDTH="36"/>
						<String ID="P8_ST00649" HPOS="2397" VPOS="3023" WIDTH="39" HEIGHT="27" CONTENT="se" WC="0.93" CC="10"/>
						<SP ID="P8_SP00552" HPOS="2436" VPOS="3061" WIDTH="38"/>
						<String ID="P8_ST00650" HPOS="2474" VPOS="3020" WIDTH="181" HEIGHT="30" CONTENT="trouver" WC="0.99" CC="0600006"/>
						<SP ID="P8_SP00553" HPOS="2655" VPOS="3061" WIDTH="35"/>
						<String ID="P8_ST00651" HPOS="2690" VPOS="3009" WIDTH="21" HEIGHT="41" CONTENT="à" WC="0.26" CC="7"/>
						<SP ID="P8_SP00554" HPOS="2711" VPOS="3061" WIDTH="40"/>
						<String ID="P8_ST00652" HPOS="2751" VPOS="3008" WIDTH="154" HEIGHT="54" CONTENT="l'étage" WC="0.98" CC="3786000"/>
						<SP ID="P8_SP00555" HPOS="2905" VPOS="3062" WIDTH="37"/>
						<String ID="P8_ST00653" HPOS="2942" VPOS="3007" WIDTH="100" HEIGHT="53" CONTENT="supé" SUBS_TYPE="HypPart1" SUBS_CONTENT="supérieur," WC="0.98" CC="2008"/>
						<HYP HPOS="3042" VPOS="3007" WIDTH="25" CONTENT="-"/>
					</TextLine>
					<TextLine ID="P8_TL00098" HPOS="1885" VPOS="3069" WIDTH="1180" HEIGHT="55">
						<String ID="P8_ST00654" HPOS="1885" VPOS="3069" WIDTH="126" HEIGHT="45" CONTENT="rieur," SUBS_TYPE="HypPart2" SUBS_CONTENT="supérieur," WC="0.97" CC="985004"/>
						<SP ID="P8_SP00556" HPOS="2011" VPOS="3114" WIDTH="45"/>
						<String ID="P8_ST00655" HPOS="2056" VPOS="3070" WIDTH="228" HEIGHT="44" CONTENT="au-dessus" WC="0.99" CC="904006280"/>
						<SP ID="P8_SP00557" HPOS="2284" VPOS="3114" WIDTH="40"/>
						<String ID="P8_ST00656" HPOS="2324" VPOS="3070" WIDTH="49" HEIGHT="40" CONTENT="de" WC="0.53" CC="09"/>
						<SP ID="P8_SP00558" HPOS="2373" VPOS="3114" WIDTH="42"/>
						<String ID="P8_ST00657" HPOS="2415" VPOS="3070" WIDTH="154" HEIGHT="54" CONTENT="l'étage" WC="0.99" CC="0370050"/>
						<SP ID="P8_SP00559" HPOS="2569" VPOS="3124" WIDTH="38"/>
						<String ID="P8_ST00658" HPOS="2607" VPOS="3069" WIDTH="328" HEIGHT="42" CONTENT="intermédiaire" WC="1.00" CC="3000308030370"/>
						<SP ID="P8_SP00560" HPOS="2935" VPOS="3124" WIDTH="40"/>
						<String ID="P8_ST00659" HPOS="2975" VPOS="3069" WIDTH="68" HEIGHT="41" CONTENT="des" SUBS_TYPE="HypPart1" SUBS_CONTENT="destiné" WC="0.99" CC="001"/>
						<HYP HPOS="3043" VPOS="3069" WIDTH="22" CONTENT="-"/>
					</TextLine>
					<TextLine ID="P8_TL00099" HPOS="1884" VPOS="3130" WIDTH="1181" HEIGHT="54">
						<String ID="P8_ST00660" HPOS="1884" VPOS="3130" WIDTH="92" HEIGHT="41" CONTENT="tiné" SUBS_TYPE="HypPart2" SUBS_CONTENT="destiné" WC="0.97" CC="0708"/>
						<SP ID="P8_SP00561" HPOS="1976" VPOS="3171" WIDTH="32"/>
						<String ID="P8_ST00661" HPOS="2008" VPOS="3146" WIDTH="54" HEIGHT="26" CONTENT="au" WC="1.00" CC="00"/>
						<SP ID="P8_SP00562" HPOS="2062" VPOS="3172" WIDTH="34"/>
						<String ID="P8_ST00662" HPOS="2096" VPOS="3132" WIDTH="228" HEIGHT="52" CONTENT="logement" WC="1.00" CC="10000000"/>
						<SP ID="P8_SP00563" HPOS="2324" VPOS="3184" WIDTH="33"/>
						<String ID="P8_ST00663" HPOS="2357" VPOS="3132" WIDTH="59" HEIGHT="41" CONTENT="du" WC="1.00" CC="00"/>
						<SP ID="P8_SP00564" HPOS="2416" VPOS="3184" WIDTH="35"/>
						<String ID="P8_ST00664" HPOS="2451" VPOS="3131" WIDTH="225" HEIGHT="53" CONTENT="personel;" WC="0.86" CC="006000014"/>
						<SP ID="P8_SP00565" HPOS="2676" VPOS="3184" WIDTH="37"/>
						<String ID="P8_ST00665" HPOS="2713" VPOS="3131" WIDTH="110" HEIGHT="41" CONTENT="dans" WC="0.99" CC="0004"/>
						<SP ID="P8_SP00566" HPOS="2823" VPOS="3184" WIDTH="35"/>
						<String ID="P8_ST00666" HPOS="2858" VPOS="3131" WIDTH="56" HEIGHT="40" CONTENT="les" WC="0.99" CC="300"/>
						<SP ID="P8_SP00567" HPOS="2914" VPOS="3184" WIDTH="35"/>
						<String ID="P8_ST00667" HPOS="2949" VPOS="3131" WIDTH="116" HEIGHT="40" CONTENT="deux" WC="0.99" CC="0003"/>
					</TextLine>
					<TextLine ID="P8_TL00100" HPOS="1882" VPOS="3191" WIDTH="1182" HEIGHT="54">
						<String ID="P8_ST00668" HPOS="1882" VPOS="3207" WIDTH="82" HEIGHT="27" CONTENT="cas," WC="0.98" CC="0054"/>
						<SP ID="P8_SP00568" HPOS="1964" VPOS="3234" WIDTH="39"/>
						<String ID="P8_ST00669" HPOS="2003" VPOS="3191" WIDTH="57" HEIGHT="41" CONTENT="les" WC="0.99" CC="200"/>
						<SP ID="P8_SP00569" HPOS="2060" VPOS="3234" WIDTH="34"/>
						<String ID="P8_ST00670" HPOS="2094" VPOS="3192" WIDTH="295" HEIGHT="53" CONTENT="monte-plats" WC="0.99" CC="00069400060"/>
						<SP ID="P8_SP00570" HPOS="2389" VPOS="3245" WIDTH="33"/>
						<String ID="P8_ST00671" HPOS="2422" VPOS="3204" WIDTH="39" HEIGHT="31" CONTENT="et" WC="1.00" CC="00"/>
						<SP ID="P8_SP00571" HPOS="2461" VPOS="3245" WIDTH="34"/>
						<String ID="P8_ST00672" HPOS="2495" VPOS="3206" WIDTH="246" HEIGHT="28" CONTENT="ascenseurs" WC="1.00" CC="0000010002"/>
						<SP ID="P8_SP00572" HPOS="2741" VPOS="3245" WIDTH="32"/>
						<String ID="P8_ST00673" HPOS="2773" VPOS="3203" WIDTH="199" HEIGHT="29" CONTENT="assurent" WC="0.99" CC="00005015"/>
						<SP ID="P8_SP00573" HPOS="2972" VPOS="3245" WIDTH="34"/>
						<String ID="P8_ST00674" HPOS="3006" VPOS="3206" WIDTH="58" HEIGHT="26" CONTENT="un" WC="1.00" CC="00"/>
					</TextLine>
					<TextLine ID="P8_TL00101" HPOS="1882" VPOS="3253" WIDTH="329" HEIGHT="44">
						<String ID="P8_ST00675" HPOS="1882" VPOS="3254" WIDTH="157" HEIGHT="41" CONTENT="service" WC="0.99" CC="5660200"/>
						<SP ID="P8_SP00574" HPOS="2039" VPOS="3295" WIDTH="31"/>
						<String ID="P8_ST00676" HPOS="2070" VPOS="3253" WIDTH="141" HEIGHT="44" CONTENT="facile." WC="0.99" CC="4002004"/>
					</TextLine>
					<TextLine ID="P8_TL00102" HPOS="1950" VPOS="3313" WIDTH="1108" HEIGHT="55">
						<String ID="P8_ST00677" HPOS="1950" VPOS="3314" WIDTH="116" HEIGHT="48" CONTENT="Elles" WC="0.97" CC="05363"/>
						<SP ID="P8_SP00575" HPOS="2066" VPOS="3362" WIDTH="30"/>
						<String ID="P8_ST00678" HPOS="2096" VPOS="3327" WIDTH="195" HEIGHT="41" CONTENT="peuvent" WC="0.98" CC="0090795"/>
						<SP ID="P8_SP00576" HPOS="2291" VPOS="3368" WIDTH="25"/>
						<String ID="P8_ST00679" HPOS="2316" VPOS="3330" WIDTH="154" HEIGHT="26" CONTENT="encore" WC="0.98" CC="940080"/>
						<SP ID="P8_SP00577" HPOS="2470" VPOS="3368" WIDTH="26"/>
						<String ID="P8_ST00680" HPOS="2496" VPOS="3315" WIDTH="86" HEIGHT="41" CONTENT="être" WC="0.96" CC="7660"/>
						<SP ID="P8_SP00578" HPOS="2582" VPOS="3368" WIDTH="26"/>
						<String ID="P8_ST00681" HPOS="2608" VPOS="3313" WIDTH="163" HEIGHT="53" CONTENT="placées" WC="0.99" CC="0400800"/>
						<SP ID="P8_SP00579" HPOS="2771" VPOS="3368" WIDTH="26"/>
						<String ID="P8_ST00682" HPOS="2797" VPOS="3329" WIDTH="51" HEIGHT="26" CONTENT="en" WC="0.98" CC="00"/>
						<SP ID="P8_SP00580" HPOS="2848" VPOS="3368" WIDTH="29"/>
						<String ID="P8_ST00683" HPOS="2877" VPOS="3328" WIDTH="181" HEIGHT="33" CONTENT="annexe," WC="0.99" CC="0000067"/>
					</TextLine>
					<TextLine ID="P8_TL00103" HPOS="1880" VPOS="3375" WIDTH="1182" HEIGHT="45">
						<String ID="P8_ST00684" HPOS="1880" VPOS="3377" WIDTH="252" HEIGHT="43" CONTENT="combinées" WC="0.99" CC="802006702"/>
						<SP ID="P8_SP00581" HPOS="2132" VPOS="3420" WIDTH="38"/>
						<String ID="P8_ST00685" HPOS="2170" VPOS="3392" WIDTH="100" HEIGHT="26" CONTENT="avec" WC="0.98" CC="0009"/>
						<SP ID="P8_SP00582" HPOS="2270" VPOS="3420" WIDTH="38"/>
						<String ID="P8_ST00686" HPOS="2308" VPOS="3378" WIDTH="39" HEIGHT="40" CONTENT="la" WC="0.82" CC="30"/>
						<SP ID="P8_SP00583" HPOS="2347" VPOS="3420" WIDTH="38"/>
						<String ID="P8_ST00687" HPOS="2385" VPOS="3376" WIDTH="242" HEIGHT="41" CONTENT="buanderie" WC="0.99" CC="680000630"/>
						<SP ID="P8_SP00584" HPOS="2627" VPOS="3420" WIDTH="36"/>
						<String ID="P8_ST00688" HPOS="2663" VPOS="3390" WIDTH="58" HEIGHT="25" CONTENT="ou" WC="0.90" CC="20"/>
						<SP ID="P8_SP00585" HPOS="2721" VPOS="3420" WIDTH="40"/>
						<String ID="P8_ST00689" HPOS="2761" VPOS="3388" WIDTH="153" HEIGHT="28" CONTENT="encore" WC="0.99" CC="000560"/>
						<SP ID="P8_SP00586" HPOS="2914" VPOS="3420" WIDTH="38"/>
						<String ID="P8_ST00690" HPOS="2952" VPOS="3375" WIDTH="110" HEIGHT="42" CONTENT="dans" WC="0.98" CC="0027"/>
					</TextLine>
					<TextLine ID="P8_TL00104" HPOS="1882" VPOS="3436" WIDTH="1180" HEIGHT="55">
						<String ID="P8_ST00691" HPOS="1882" VPOS="3455" WIDTH="61" HEIGHT="26" CONTENT="un" WC="0.50" CC="90"/>
						<SP ID="P8_SP00587" HPOS="1943" VPOS="3481" WIDTH="46"/>
						<String ID="P8_ST00692" HPOS="1989" VPOS="3440" WIDTH="223" HEIGHT="41" CONTENT="bâtiment" WC="0.99" CC="00000596"/>
						<SP ID="P8_SP00588" HPOS="2212" VPOS="3481" WIDTH="46"/>
						<String ID="P8_ST00693" HPOS="2258" VPOS="3438" WIDTH="255" HEIGHT="53" CONTENT="particulier" WC="0.99" CC="79636003404"/>
						<SP ID="P8_SP00589" HPOS="2513" VPOS="3491" WIDTH="43"/>
						<String ID="P8_ST00694" HPOS="2556" VPOS="3451" WIDTH="173" HEIGHT="27" CONTENT="comme" WC="1.00" CC="00000"/>
						<SP ID="P8_SP00590" HPOS="2729" VPOS="3491" WIDTH="44"/>
						<String ID="P8_ST00695" HPOS="2773" VPOS="3436" WIDTH="100" HEIGHT="41" CONTENT="c'est" WC="0.98" CC="04007"/>
						<SP ID="P8_SP00591" HPOS="2873" VPOS="3491" WIDTH="43"/>
						<String ID="P8_ST00696" HPOS="2916" VPOS="3436" WIDTH="35" HEIGHT="42" CONTENT="le" WC="0.72" CC="50"/>
						<SP ID="P8_SP00592" HPOS="2951" VPOS="3491" WIDTH="44"/>
						<String ID="P8_ST00697" HPOS="2995" VPOS="3452" WIDTH="67" HEIGHT="26" CONTENT="cas" WC="1.00" CC="000"/>
					</TextLine>
					<TextLine ID="P8_TL00105" HPOS="1882" VPOS="3496" WIDTH="1180" HEIGHT="56">
						<String ID="P8_ST00698" HPOS="1882" VPOS="3502" WIDTH="111" HEIGHT="40" CONTENT="dans" WC="0.94" CC="3794"/>
						<SP ID="P8_SP00593" HPOS="1993" VPOS="3542" WIDTH="32"/>
						<String ID="P8_ST00699" HPOS="2025" VPOS="3501" WIDTH="57" HEIGHT="41" CONTENT="les" WC="0.96" CC="306"/>
						<SP ID="P8_SP00594" HPOS="2082" VPOS="3542" WIDTH="32"/>
						<String ID="P8_ST00700" HPOS="2114" VPOS="3500" WIDTH="225" HEIGHT="52" CONTENT="hôpitaux" WC="0.98" CC="56476010"/>
						<SP ID="P8_SP00595" HPOS="2339" VPOS="3552" WIDTH="32"/>
						<String ID="P8_ST00701" HPOS="2371" VPOS="3500" WIDTH="21" HEIGHT="40" CONTENT="à" WC="0.28" CC="7"/>
						<SP ID="P8_SP00596" HPOS="2392" VPOS="3552" WIDTH="32"/>
						<String ID="P8_ST00702" HPOS="2424" VPOS="3498" WIDTH="229" HEIGHT="53" CONTENT="pavillons" WC="1.00" CC="000140001"/>
						<SP ID="P8_SP00597" HPOS="2653" VPOS="3552" WIDTH="30"/>
						<String ID="P8_ST00703" HPOS="2683" VPOS="3496" WIDTH="165" HEIGHT="52" CONTENT="séparés" WC="0.98" CC="0800680"/>
						<SP ID="P8_SP00598" HPOS="2848" VPOS="3552" WIDTH="31"/>
						<String ID="P8_ST00704" HPOS="2879" VPOS="3508" WIDTH="38" HEIGHT="30" CONTENT="et" WC="0.76" CC="04"/>
						<SP ID="P8_SP00599" HPOS="2917" VPOS="3552" WIDTH="31"/>
						<String ID="P8_ST00705" HPOS="2948" VPOS="3498" WIDTH="114" HEIGHT="40" CONTENT="dont" WC="0.99" CC="0006"/>
					</TextLine>
					<TextLine ID="P8_TL00106" HPOS="1884" VPOS="3558" WIDTH="1179" HEIGHT="56">
						<String ID="P8_ST00706" HPOS="1884" VPOS="3564" WIDTH="57" HEIGHT="40" CONTENT="les" WC="0.94" CC="780"/>
						<SP ID="P8_SP00600" HPOS="1941" VPOS="3604" WIDTH="44"/>
						<String ID="P8_ST00707" HPOS="1985" VPOS="3563" WIDTH="315" HEIGHT="51" CONTENT="désavantages" WC="1.00" CC="080000060800"/>
						<SP ID="P8_SP00601" HPOS="2300" VPOS="3614" WIDTH="43"/>
						<String ID="P8_ST00708" HPOS="2343" VPOS="3571" WIDTH="103" HEIGHT="29" CONTENT="sont" WC="1.00" CC="0000"/>
						<SP ID="P8_SP00602" HPOS="2446" VPOS="3614" WIDTH="42"/>
						<String ID="P8_ST00709" HPOS="2488" VPOS="3559" WIDTH="109" HEIGHT="44" CONTENT="dans" WC="0.99" CC="0004"/>
						<SP ID="P8_SP00603" HPOS="2597" VPOS="3614" WIDTH="44"/>
						<String ID="P8_ST00710" HPOS="2641" VPOS="3558" WIDTH="56" HEIGHT="40" CONTENT="les" WC="0.98" CC="303"/>
						<SP ID="P8_SP00604" HPOS="2697" VPOS="3614" WIDTH="45"/>
						<String ID="P8_ST00711" HPOS="2742" VPOS="3558" WIDTH="125" HEIGHT="53" CONTENT="longs" WC="1.00" CC="00003"/>
						<SP ID="P8_SP00605" HPOS="2867" VPOS="3614" WIDTH="42"/>
						<String ID="P8_ST00712" HPOS="2909" VPOS="3560" WIDTH="154" HEIGHT="52" CONTENT="trajets" WC="0.99" CC="0690004"/>
					</TextLine>
					<TextLine ID="P8_TL00107" HPOS="1883" VPOS="3624" WIDTH="272" HEIGHT="41">
						<String ID="P8_ST00713" HPOS="1883" VPOS="3624" WIDTH="89" HEIGHT="41" CONTENT="d'al" WC="0.33" CC="6495"/>
						<String ID="P8_ST00714" HPOS="1981" VPOS="3624" WIDTH="6" HEIGHT="22" CONTENT=":" STYLE="superscript" WC="0.25" CC="7"/>
						<String ID="P8_ST00715" HPOS="1998" VPOS="3635" WIDTH="157" HEIGHT="29" CONTENT="ments." WC="0.87" CC="000204"/>
					</TextLine>
				</TextBlock>
			</PrintSpace>
		</Page>
	</Layout>
</alto>
