3553 4419
1762 111 31 51 3

153 258 83 50 mit
265 258 145 50 Mühe
439 258 83 48 der
550 258 245 67 Epidemie
837 258 307 50 krankhafter
1176 258 381 67 Anschauungen
1597 259 121 49 über

152 339 75 49 ihr
256 339 299 66 eigentliches
588 339 194 51 Wesen.
839 339 90 50 Um
968 339 186 49 solchen
1188 341 381 64 Anschauungen
1601 339 90 49 Ver-

156 418 220 66 breitung
401 418 93 50 und
517 419 203 50 Einfluss
749 437 55 31 zu
834 418 305 56 verschaffen,
1169 418 115 48 wird
1310 419 122 49 dann
1464 428 139 40 unter
1632 419 87 49 den

153 499 181 50 Mitteln
374 499 135 50 keine
547 508 188 56 strenge
768 499 147 51 Wahl
956 498 250 66 getroffen,
1247 499 93 49 und
1371 502 126 46 eines
1528 499 82 50 der
1642 499 50 50 be-

156 578 243 50 liebtesten
444 581 78 47 für
562 578 88 48 den
693 579 261 49 erstrebten
984 579 169 47 Zweck
1185 579 54 47 ist
1270 578 72 50 die
1374 579 347 65 Verfälschung

160 657 82 49 der
287 659 292 54 Geschichte,
642 659 150 47 wobei
838 658 83 48 der
964 658 266 48 öffentliche
1275 659 190 49 Klatsch
1511 659 94 49 und
1649 658 74 50 die

159 738 361 65 leichtgläubige
553 738 314 66 Nachbetung
899 737 234 49 treffliche
1168 738 188 48 Dienste
1387 738 176 51 leisten.

279 818 62 48 So
367 818 109 65 geht
501 835 46 30 es
573 820 120 46 denn
720 820 118 46 auch
871 818 42 48 in
937 818 81 48 der
1045 817 260 56 Tonkunst,
1338 835 73 33 wo
1435 818 72 50 die
1533 826 190 42 neueste

160 897 171 50 Schule
362 898 166 47 immer
560 898 93 47 und
684 898 167 49 immer
882 900 173 47 wieder
1084 906 116 41 trotz
1233 898 267 65 unzähliger
1533 900 159 49 Wider-

162 978 235 64 legungen
430 978 71 47 die
533 977 144 50 Fabel
710 978 256 65 vorbringt,
1007 978 104 49 dass
1140 977 73 48 die
1247 978 180 49 Werke
1459 980 81 47 der
1571 983 128 61 gröss-

161 1065 76 42 ten
272 1058 203 57 Meister,
517 1060 279 47 namentlich
828 1058 322 57 Beethoven's,
1194 1067 151 40 zuerst
1375 1060 226 48 verkannt
1633 1061 90 47 und

162 1137 231 50 verhöhnt
416 1137 191 48 worden
636 1143 154 45 wären
818 1138 91 50 und
933 1138 94 49 sich
1054 1147 91 40 erst
1171 1138 71 49 bei
1268 1138 103 49 dem
1399 1140 325 55 Geschlechte,

162 1217 82 48 das
269 1218 116 47 nach
418 1217 104 48 dem
548 1218 130 49 Tode
703 1218 78 49 des
801 1220 211 48 Meisters
1035 1218 294 65 aufgeblüht,
1361 1220 363 66 Bewunderung

164 1314 236 48 errungen
433 1297 180 57 hätten;
660 1297 182 65 folglich
885 1298 61 49 sei
990 1315 47 32 es
1073 1315 117 48 ganz
1228 1300 248 55 natürlich,
1520 1300 104 49 dass
1653 1300 74 49 die

162 1376 184 51 Werke
377 1376 150 49 dieser
571 1377 441 51 reformatorischen
1044 1378 171 49 Schule
1258 1378 223 49 ebenfalls
1522 1387 93 41 erst
1653 1380 73 49 bei

164 1456 81 48 der
275 1456 301 65 zukünftigen
611 1458 263 49 Kunstwelt
903 1458 100 47 ihre
1035 1458 353 64 Anerkennung
1420 1457 155 51 finden
1601 1463 92 45 wür-

164 1537 102 48 den.
340 1537 311 65 Dergleichen
712 1540 372 64 Behauptungen
1143 1538 155 49 finden
1355 1537 122 50 dann
1533 1540 44 48 in
1637 1541 87 48 den

162 1616 398 49 Klatschblättern
606 1617 114 50 aller
764 1621 104 54 Art,
918 1618 370 56 musicalischen,
1341 1617 382 52 belletristischen

164 1695 92 49 und
289 1696 287 66 politischen,
613 1697 131 48 ihren
780 1697 311 56 Wiederhall,
1139 1698 89 47 und
1277 1715 106 48 mag
1427 1698 80 50 das
1540 1700 153 66 Gegen-

161 1775 109 49 theil
313 1776 119 47 noch
471 1792 51 31 so
567 1777 277 48 urkundlich
889 1777 264 66 dargethan
1199 1777 207 57 werden,
1448 1777 72 51 die
1550 1780 171 64 Menge

165 1855 146 48 bleibt
355 1855 71 48 bei
471 1856 149 48 ihrem
647 1856 215 49 Glauben
908 1875 56 32 an
997 1858 71 47 die
1100 1857 308 48 Unwahrheit
1450 1860 175 64 gerade
1670 1876 49 33 so

162 1933 102 57 fest,
297 1935 86 48 wie
406 1935 137 66 jener
575 1936 172 58 Bauer,
778 1937 217 57 welcher,
1027 1936 189 51 obwohl
1242 1936 146 49 durch
1413 1937 88 51 den
1526 1940 161 64 Augen-

160 2013 156 50 schein
350 2015 200 61 belehrt,
595 2016 105 49 dass
744 2034 80 31 vor
863 2018 83 49 der
992 2016 595 52 Eisenbahn-Locomotive
1619 2018 104 50 kein

162 2095 140 49 Pferd
345 2095 45 48 in
435 2096 267 66 Thätigkeit
743 2098 81 55 sei,
870 2098 81 49 mit
990 2098 272 49 Zuversicht
1304 2098 194 50 ausrief:
1554 2101 167 57 „Dann

161 2173 147 50 steckt
338 2173 82 50 das
451 2175 137 48 Pferd

280 2255 63 48 So
387 2255 158 66 bringt
580 2256 121 49 denn
741 2257 121 50 auch
900 2257 127 50 Herr
1065 2260 42 48 J.
1141 2260 51 49 B.
1223 2261 40 47 A
1279 2258 165 50 Ilfeld
1482 2258 46 50 in
1568 2258 153 50 seiner

160 2351 54 32 zu
245 2335 236 48 München
514 2336 330 49 erschienenen
877 2337 267 50 Broschüre
1173 2338 215 56 „Tristan
1413 2338 92 49 und

161 2413 72 49 die
273 2413 310 50 Fraubaserei
628 2416 174 48 wieder
846 2434 96 38 vor,
985 2416 104 51 dass
1135 2417 264 50 Beethoven
1445 2417 67 50 bis
1556 2424 44 43 in
1644 2418 73 49 die

160 2493 222 66 vierziger
423 2493 146 50 Jahre
626 2495 79 49 des
757 2497 324 48 neunzehnten
1122 2497 347 50 Jahrhunderts
1512 2498 206 64 gänzlich

159 2573 228 50 verkannt
428 2575 91 48 und
562 2575 64 49 als
664 2576 72 48 ein
769 2576 322 49 melodieloser
1121 2576 47 67 (!)
1201 2577 485 67 Verstandes-Compo-

159 2653 88 50 nist
278 2655 259 48 verworfen
570 2656 189 49 worden
790 2656 90 49 sei!
931 2656 105 51 Und
1067 2657 58 50 da
1157 2657 296 66 dergleichen
1486 2658 231 65 Angaben

160 2732 255 51 besonders
458 2751 115 48 gern
620 2735 144 49 durch
811 2736 188 66 pikante
1030 2737 367 50 Geschichtchen
1427 2742 210 61 gewürzt
1665 2756 54 31 zu

160 2812 190 50 werden
382 2812 202 67 pflegen,
623 2831 51 33 so
719 2816 114 48 wird
872 2816 120 48 auch
1032 2816 99 49 hier
1171 2816 127 49 nicht
1327 2817 306 56 unterlassen,
1674 2817 45 48 in

161 2892 128 50 einer
320 2895 311 66 Anmerkung
660 2912 54 32 zu
747 2896 264 49 berichten:

289 2972 146 56 „Eine
479 2973 227 50 niedliche
736 2972 58 69 (?)
828 2976 284 48 Illustration
1167 2975 147 49 dieses
1357 2976 155 48 Satzes
1568 2976 150 49 dünkt

161 3069 88 31 uns
278 3052 74 48 die
382 3053 161 49 wahre
574 3052 56 67 (?)
663 3055 264 56 Anekdote,
964 3056 103 48 dass
1098 3056 73 48 die
1201 3056 249 50 berühmte
1482 3057 121 49 hohe
1633 3059 61 47 So
1700 3079 18 14 j

160 3132 222 66 pranistin
416 3132 56 66 (?)
514 3133 514 65 Unger-Sabatier
1075 3136 70 48 bei
1190 3136 82 48 der
1317 3136 311 66 Hauptprobe
1670 3136 48 66 (!)

160 3211 84 49 der
278 3250 18 19 „
664 3215 265 49 Beethoven
954 3215 72 49 die
1046 3216 155 48 Noten
1227 3233 80 33 vor
1337 3215 72 51 die
1434 3217 143 49 Füsse
1603 3216 121 50 warf

160 3290 95 49 und
282 3291 209 49 weinend
517 3292 217 59 erklärte,
759 3293 104 50 dass
889 3311 105 32 man
1020 3295 100 48 eine
1149 3295 156 49 solche
1568 3295 150 51 musik

160 3371 127 49 nicht
316 3372 160 65 singen

280 3452 63 48 So
374 3452 83 48 viel
479 3452 175 57 Zeilen,
683 3469 51 34 so
764 3453 82 49 viel
872 3453 390 51 Unwahrheiten!
1291 3456 195 48 Erstens
1516 3471 100 32 war
1646 3455 72 49 die

161 3530 161 66 Unger
353 3530 133 49 keine
527 3532 151 56 „hohe
1098 3532 201 51 sondern
1343 3536 72 47 ein
1449 3535 239 48 Mezzo-So-

160 3626 136 50 pran,
338 3610 95 49 und
475 3627 114 50 sang
632 3612 45 48 in
722 3612 83 50 der
847 3621 202 41 neunten
1082 3614 207 49 Sinfonie
1319 3614 74 48 die
1423 3615 294 48 Solo-Partie

161 3690 80 48 des
272 3691 119 55 Alts,
435 3692 220 49 während
705 3692 294 50 bekanntlich
1037 3695 240 47 Henriette
1308 3695 176 65 Sontag
1528 3694 71 48 die
1629 3695 56 48 So-

160 3770 301 66 pran-Partie
491 3771 262 50 ausführte.
796 3772 230 49 Zweitens
1056 3774 55 47 ist
1140 3774 73 48 die
1243 3774 224 64 Sängerin
1501 3774 217 49 Caroline

164 3850 158 64 Unger
350 3850 181 48 überall
564 3852 63 47 als
658 3852 100 47 eine
787 3869 50 32 so
870 3851 232 66 gebildete
1133 3854 152 47 Dame
1327 3854 204 48 bekannt
1561 3870 123 47 gewe-

161 3945 98 39 sen,
303 3928 103 50 dass
448 3930 65 48 sie
548 3931 94 47 sich
682 3932 127 47 einer
851 3949 49 30 so
942 3931 174 50 derben
1147 3932 279 55 Redensart,
1474 3934 88 47 wie
1594 3934 123 47 Herr

164 4010 167 48 Allfeld
364 4010 71 48 ihr
461 4010 44 48 in
538 4010 87 49 den
651 4011 146 50 Mund
827 4012 110 63 legt,
966 4011 74 50 die
1070 4029 106 32 man
1206 4012 225 50 allenfalls
1463 4014 70 48 bei
1564 4014 149 48 einem

162 4088 188 56 Manne,
390 4108 34 30 z.
460 4090 46 48 B.
540 4106 83 32 von
659 4091 180 56 Bülow,
871 4091 145 48 durch
1051 4091 421 50 leidenschaftliche
1510 4092 178 49 Gereizt-

164 4168 94 50 heit
286 4168 350 68 entschuldigen
669 4170 140 56 kann,
834 4171 73 50 nie
937 4171 77 50 hat
1044 4171 209 66 schuldig
1286 4172 195 50 machen
1512 4172 204 56 können,

1818 257 120 49 eben
1967 275 51 31 so
2051 259 152 66 wenig
2232 261 129 48 einer
2385 259 308 68 Beleidigung
2723 261 80 49 des
2832 262 310 50 allverehrten
3165 262 222 52 Meisters

1818 336 148 49 durch
2000 337 485 52 Vordiefüssewerfen
2514 339 151 50 seiner
2696 339 343 69 Composition!
3092 342 89 50 Die
3212 343 176 66 Unger,

1820 421 155 63 später
1997 418 108 48 sehr
2128 419 299 50 vortheilhaft
2448 436 57 34 an
2523 421 155 48 Herrn
2697 419 219 53 Sabatier
2932 422 333 62 verheirathet,
3288 441 101 33 war

1821 497 180 49 damals
2032 497 71 51 23
2133 499 164 60 Jahre,
2339 501 72 48 die
2441 501 180 66 Sontag
2657 501 66 49 19
2753 502 146 50 Jahre
2928 502 79 58 alt,
3060 501 96 52 und
3186 503 196 50 obwohl

1823 577 162 58 Beide,
2029 577 87 49 fast
2151 597 89 31 nur
2281 597 58 32 an
2378 581 286 49 italiänische
2696 579 272 53 Cantilenen
3011 583 243 65 gewöhnt,
3297 582 91 51 den

1823 657 191 49 Meister
2044 675 78 31 um
2155 659 276 50 Erlaubniss
2460 679 52 30 zu
2545 661 183 67 einigen
2752 662 349 66 Aenderungen
3133 663 256 66 angingen,

1823 753 50 32 so
1905 753 161 33 waren
2097 738 64 48 sie
2192 738 117 50 doch
2343 741 107 48 weit
2480 741 149 49 davon
2660 741 219 59 entfernt,
2914 743 152 49 einem
3099 743 171 50 Manne
3300 743 93 50 wie

1826 817 265 49 Beethoven
2124 818 83 48 mit
2236 821 330 66 Anmaassung
2608 830 233 57 entgegen
2870 840 55 30 zu
2955 830 169 50 treten,
3163 840 96 33 was
3288 822 103 51 ihre

1825 897 186 65 Jugend
2053 896 94 49 und
2188 897 234 67 damalige
2451 901 214 66 Stellung
2693 901 44 48 in
2770 901 165 58 Wien,
2978 901 74 49 die
3081 902 132 50 ihren
3245 902 115 50 nach-

1827 977 192 63 herigen
2053 977 99 48 Buf
2175 986 94 41 erst
2309 978 310 66 begründete,
2665 981 322 49 selbstredend
3031 982 65 50 als
3138 999 117 49 ganz
3298 999 58 33 un-

1827 1057 215 48 denkbar
2085 1060 272 48 erscheinen
2403 1061 120 48 lässt.
2594 1062 118 47 Dass
2757 1079 95 30 nun
2895 1061 74 49 die
3011 1062 164 65 Unger
3217 1065 43 45 in
3304 1062 87 50 der

1830 1137 387 65 Hauptprobe
2267 1137 110 67 jene
2433 1140 212 64 gemeine
2702 1141 148 48 Scene
2907 1141 277 66 aufgeführt
3238 1141 156 51 haben

1826 1217 131 57 solle,
1989 1218 63 49 als
2077 1235 136 32 wenn
2243 1218 64 50 sie
2338 1222 58 47 da
2427 1228 92 41 erst
2549 1220 72 49 die
2645 1221 197 49 Stimme
2871 1237 103 33 vom
2998 1222 126 50 Blatt
3153 1239 241 49 gesungen

1830 1297 141 57 hätte,
2001 1297 55 48 ist
2086 1297 204 50 vollends
2321 1300 107 66 arg!

1952 1377 96 48 Hat
2077 1377 121 48 denn
2231 1377 114 50 aber
2377 1380 125 48 Herr
2532 1380 188 58 Allfeld,
2751 1380 87 49 ehe
2869 1396 50 33 er
2949 1381 66 49 als
3045 1381 346 51 musicalischer

1829 1456 327 49 Schriftsteller
2179 1457 97 48 derr
2292 1460 250 48 Ausdruck
2572 1460 190 57 „wahre
3083 1460 309 67 gebrauchte,

1827 1536 127 48 nicht
1982 1535 88 49 den
2103 1536 185 49 Bericht
2328 1538 359 50 Schindlers
2724 1538 121 50 über
2883 1538 82 51 das
3003 1540 272 50 Benehmen
3306 1540 85 50 der

1829 1615 165 49 beiden
2037 1617 183 48 Damen
2262 1616 124 51 beim
2428 1618 220 50 Studiren
2688 1618 126 50 ihrer
2843 1618 219 51 Partieen
3101 1636 75 33 am
3209 1621 183 49 Ciavier

1827 1695 71 50 bei
1930 1696 267 51 Beethoven
2229 1698 341 66 nachgelesen?
2611 1700 67 48 Er
2707 1700 146 49 lautet
2881 1701 88 48 Th.
2998 1701 60 56 11,
3088 1701 46 49 S.
3168 1698 99 52 75:

1956 1776 114 57 „Ein
2113 1776 201 49 anderer
2351 1778 481 51 charakterisirender
2861 1780 191 66 Beitrag
3092 1780 177 49 betrifft
3311 1780 75 50 die

1829 1855 250 67 Vorgänge
2119 1855 122 50 beim
2282 1857 217 51 Einüben
2530 1858 83 50 der
2641 1860 333 48 Solostimmen
3003 1876 84 33 aus
3116 1860 84 49 der
3227 1857 161 53 Missa

1825 1936 94 48 und
1961 1935 104 49 dem
2102 1935 175 50 vierten
2309 1938 134 50 Satze
2484 1938 84 50 der
2603 1938 209 50 Sinfonie
2850 1940 228 49 zwischen
3119 1940 269 50 Beethoven

1825 2015 94 48 und
1963 2016 88 49 den
2095 2017 322 65 Sängerinnen
2460 2017 82 51 der
2585 2020 205 66 Sopran-
2847 2018 95 50 und
2986 2018 83 51 der
3111 2020 277 50 Alt-Partie.

1826 2095 159 50 Vorab
2032 2112 124 32 muss
2199 2105 164 57 gesagt
2404 2098 114 59 sein,
2561 2097 104 52 dass
2704 2098 73 50 die
2815 2097 168 51 beiden
3026 2098 120 50 noch
3185 2098 174 68 jugend-

1822 2176 169 56 lichen,
2032 2176 67 48 bis
2141 2176 140 49 dahin
2326 2178 134 50 meist
2490 2178 83 50 mit
2599 2178 312 51 italiänischer
2939 2178 154 51 Musik
3124 2196 263 50 erzogenen

1821 2256 321 66 Sängerinnen
2188 2274 85 31 von
2319 2257 84 50 der
2447 2258 172 51 Grösse
2664 2258 94 50 und
2803 2258 360 68 Schwierigkeit
3205 2258 84 50 der
3330 2276 56 33 zu

1821 2336 254 49 leistenden
2105 2336 221 67 Aufgabe
2373 2337 127 51 nicht
2549 2338 87 50 den
2687 2338 230 66 richtigen
2963 2338 185 66 Begriff
3191 2338 193 66 gehabt.

1822 2416 141 48 Beide
1996 2416 230 49 befanden
2263 2417 94 48 sich
2389 2418 61 49 im
2483 2418 233 59 Glauben,
2759 2418 105 50 dass
2903 2417 75 51 die
3022 2418 129 50 ihrer
3186 2420 200 49 Stimme

1823 2496 328 68 unbequemen
2191 2498 152 49 Noten
2387 2498 125 50 wohl
2554 2500 45 48 in
2639 2498 259 69 bequemer
2935 2498 214 68 liegende
3194 2498 192 51 werden

1821 2584 255 57 umgesetzt
2127 2577 188 48 werden
2366 2577 203 51 können.
2627 2578 89 50 Die
2763 2578 282 66 Vorproben
3093 2578 195 50 wurden
3337 2578 47 50 in

1821 2656 305 49 Beethoven's
2157 2657 286 66 Behausung
2474 2657 302 68 abgehalten,
2809 2658 93 49 und
2933 2657 152 51 dieser
3115 2658 161 49 führte
3304 2657 78 51 die

1818 2736 229 48 Stimmen
2077 2754 75 31 am
2185 2737 178 65 Flügel.
2422 2737 96 50 Der
2551 2737 215 51 Wunsch
2796 2737 84 48 der
2909 2738 245 49 Henriette
3185 2738 197 67 Sontag,

1821 2816 117 48 für's
1975 2816 138 49 Erste
2156 2817 80 48 mit
2277 2817 147 48 ihrem
2469 2817 282 66 gewohnten
2781 2813 177 54 Mezza
2983 2831 105 37 voce
3130 2817 164 66 singen
3323 2835 59 32 zu

1821 2893 183 58 dürfen,
2047 2895 130 49 ward
2221 2896 331 65 zugestanden,
2592 2896 279 66 gleichwohl
2902 2896 96 49 dies
3038 2896 229 49 hindernd
3298 2896 83 49 für

1820 2975 73 49 die
1924 2976 183 48 Altistin
2141 2976 91 48 und
2264 2976 310 66 anstrengend
2608 2979 79 46 für
2718 2976 81 49 das
2828 2977 246 50 schwache
3106 2977 104 50 Ohr
3238 2977 113 50 Beet-

1821 3055 185 48 hoven's
2037 3072 232 50 gewesen.
2326 3059 82 47 Als
2445 3074 47 32 es
2528 3057 116 50 aber
2673 3056 299 67 nachgerade
3003 3057 82 49 mit
3113 3057 82 47 der
3226 3056 153 51 Sache

1820 3142 181 41 ernster
2042 3135 91 48 und
2173 3142 180 42 ernster
2389 3152 282 49 genommen
2702 3136 192 48 worden
2940 3135 94 49 und
3074 3136 83 48 der
3186 3136 192 50 Meister

1820 3215 73 48 die
1923 3216 115 48 volle
2071 3216 323 48 Bruststimme
2424 3234 52 30 zu
2512 3217 145 49 hören
2687 3217 257 65 verlangte,
2982 3216 63 48 als
3085 3216 80 48 das
3196 3212 187 55 Christe

1820 3295 62 49 im
2033 3292 134 69 Kyrie
2168 3295 38 48 der
2690 3292 156 54 Missa
2448 3296 44 48 in
2536 3297 174 47 seinem
2765 3296 177 48 breiten
2984 3296 266 66 Bhythmus
3294 3295 85 51 mit

1818 3373 298 50 Pfundnoten
2161 3375 190 48 intonirt
2395 3375 188 49 werden
2634 3376 148 55 sollte,
2841 3375 58 48 da
2941 3375 260 49 erlahmten
3248 3373 135 51 beide

1831 3493 18 16 „
1870 3453 200 58 „schöne
2357 3455 95 48 und
2479 3455 244 65 begannen
2748 3455 83 48 mit
2853 3453 105 50 dem
2983 3461 184 43 ernsten
3193 3455 191 49 Meister

1818 3533 219 49 zunächst
2067 3551 77 31 um
2177 3533 81 50 das
2283 3535 179 65 Tempo
2494 3535 145 48 dieses
2669 3535 157 48 Satzes
2853 3551 55 32 zu
2940 3533 360 60 unterhandeln,
3331 3550 50 34 es

1822 3614 239 64 bewegter
2093 3612 298 51 wünschend.
2433 3615 379 66 Abgeschlagen,
2843 3615 87 49 wie
2961 3614 290 66 begreiflich,
3281 3614 98 50 und

1817 3710 123 32 zwar
1971 3694 44 49 in
2047 3694 244 48 heiterster
2319 3694 179 50 Laune.
2636 3695 82 48 Als
2748 3711 47 32 es
2824 3695 82 48 mit
2935 3694 105 49 dem
3071 3694 306 50 Sinfoniesatz

1818 3774 141 47 Ernst
1990 3772 255 66 geworden
2291 3772 91 50 und
2425 3772 84 50 der
2547 3774 190 49 Meister
2766 3774 44 48 in
2841 3790 85 48 gar
2955 3774 135 48 keine
3120 3772 83 50 der
3233 3772 114 68 gebe-

1817 3860 137 41 tenen
1987 3852 383 65 Abänderungen
2410 3852 202 66 willigen
2652 3854 171 58 wollte,
2869 3852 58 50 da
2963 3852 161 50 trübte
3161 3852 94 50 sich
3295 3851 84 51 der

1820 3932 241 57 Horizont,
2094 3932 91 50 und
2218 3932 216 51 Caroline
2465 3934 161 64 Unger
2657 3934 125 48 hatte
2813 3934 86 48 den
2931 3934 152 54 Muth,
3113 3932 88 50 den
3232 3932 120 51 obsti-

1817 4020 136 41 naten
1990 4014 188 48 Meister
2208 4012 230 65 geradezu
2479 4014 132 49 einen
2643 4014 246 66 Tyrannen
2935 4012 114 50 aller
3078 4012 297 66 Singorgane

1815 4110 53 31 zu
1901 4110 196 32 nennen.
2128 4092 264 50 Beethoven
2424 4092 277 50 erwiederte
2730 4091 228 58 lächelnd,
2988 4092 64 50 sie
3080 4092 124 50 seien
3236 4091 136 51 beide

1816 4171 145 50 durch
1994 4172 71 50 die
2095 4172 283 50 italiänische
2408 4172 153 51 Musik
2591 4172 260 56 verwöhnt,
2889 4171 165 52 darum
3086 4172 142 50 ihnen
3257 4171 120 51 sol-

3068 4249 72 70 [*]
