3449 4346
1661 67 106 50 263

150 197 140 47 Seiten
320 197 342 56 durchzulesen,
698 202 245 64 Wagner's
974 204 173 47 bizarre
1179 204 88 47 und
1300 209 347 61 aussergewöhn-

148 273 113 46 liche
285 275 330 49 Schreibweise
639 277 70 47 die
734 278 286 49 herkulische
1046 281 161 47 Arbeit
1230 282 113 47 noch
1374 289 301 58 vergrössere.

148 351 129 46 Dann
312 351 173 48 kommt
513 370 49 30 er
591 355 81 47 auf
705 355 79 48 das
817 356 229 65 Vorspiel:
1089 360 122 52 „Das
1585 362 90 47 und

145 426 226 48 übersetzt
400 428 85 49 den
510 431 183 63 Anfang
717 432 80 47 der
826 441 150 38 ersten
997 435 160 53 Scene,
1189 436 222 48 nachdem
1443 455 48 30 er
1521 438 41 47 in
1594 455 52 46 ge-

144 518 145 32 nauer
314 506 361 66 Dolmetschung
705 508 70 49 die
803 511 227 47 scenische
1058 511 299 65 Einrichtung
1387 515 286 64 angegeben,

144 581 114 45 nach
291 582 197 47 welcher
527 586 174 53 „oben
743 586 70 47 die
847 586 190 48 Wasser
1066 587 77 47 des
1176 587 195 50 Rheines
1413 606 83 33 von
1528 592 147 47 rechts

143 657 114 47 nach
290 658 112 47 links
432 658 194 61 fliessen,
670 671 169 38 unten
882 663 90 47 sich
1020 665 128 47 mehr
1188 666 42 47 in
1273 667 142 47 Nebel
1465 670 208 47 auflösen

143 750 42 30 u.
215 750 32 30 s.
281 751 53 30 w.
380 736 90 47 und
515 737 92 48 drei
653 739 329 49 Rheintöchter
1025 741 127 48 darin
1206 745 240 63 anmuthig
1490 747 153 46 umher-

593 816 235 63 folgender
859 818 235 47 Maassen:

275 888 298 67 Woglinde.
618 892 127 49 Weia
771 903 160 57 waga!
981 894 160 68 Vogue,
1169 898 24 46 6
1221 912 150 51 vogue,
1409 913 137 51 vogue
1573 916 102 34 vers

143 963 38 50 le
206 966 219 49 berceau!
466 967 320 67 Wagalaweia,
816 971 197 59 wallala,
1042 972 178 60 iveiala,
1249 974 192 64 weia!*)

430 1043 326 67 Wellgunde.
1146 1047 267 62 Flosshilde,
1482 1071 41 30 u.
1554 1071 31 32 s.
1618 1072 55 32 w.

257 1119 331 52 Flosshilde
616 1124 187 68 (plonge
830 1142 54 32 en
910 1126 105 59 bas)
1047 1145 40 29 u.
1108 1143 42 32 ,s.
1181 1143 55 32 w.

258 1198 84 47 Die
372 1216 141 44 ganze
544 1202 220 54 reizvolle,
795 1204 160 47 höchst
991 1204 227 64 poetische
1247 1206 221 48 Neckerei
1500 1206 80 49 der
1612 1209 57 47 im

140 1275 367 50 Naturzustände
555 1279 59 47 im
667 1280 192 49 Wasser
907 1280 386 50 schwimmenden
1344 1284 330 50 Rheintöchter

140 1359 141 40 nennt
310 1352 120 48 dann
470 1371 71 31 am
574 1357 211 47 Schlüsse
822 1358 80 46 der
948 1357 222 56 boshafte,
1218 1359 145 48 hoher
1395 1360 278 67 Auffassung

141 1429 220 62 unfähige
392 1432 251 49 Franzose:
696 1435 127 54 „eine
868 1437 244 63 vereinigte
1142 1437 269 48 Schwimm-
1457 1439 89 47 und
1579 1440 59 49 Ge-

258 1584 83 47 Die
378 1585 364 63 Sängerfeste
784 1588 88 48 und
907 1589 286 50 Wettstreite
1222 1590 81 49 der
1331 1592 338 63 Orpheonisten

228 1677 48 31 so
306 1679 177 31 nennen
513 1664 93 47 sich
639 1664 287 50 bekanntlich
957 1668 105 46 sehr
1094 1667 268 49 bescheiden
1394 1669 69 47 die
1495 1670 150 50 franzö-

138 1738 174 48 sischen
352 1740 297 50 Liedertäfler
770 1745 196 47 nehmen
1002 1744 110 65 jetzt
1151 1747 41 45 in
1237 1747 277 48 Frankreich
1555 1750 115 46 auch

140 1814 291 51 dermaassen
466 1818 256 58 überhand,
752 1820 101 48 dass
882 1838 45 30 es
958 1821 69 47 ein
1053 1821 178 49 wahres
1255 1823 109 47 Leid
1395 1824 67 47 ist.
1494 1825 60 47 Es
1576 1825 97 64 gibt

141 1893 187 55 Dörfer,
358 1895 70 47 die
459 1896 129 47 einen
618 1898 162 48 Verein
812 1915 84 31 von
925 1914 48 33 so
1005 1899 140 48 vielen
1176 1902 204 63 Sängern
1414 1902 166 57 haben,
1611 1904 62 47 als

140 1971 180 47 Häuser
350 1973 58 47 im
435 1974 142 47 Dorfe
606 1975 113 47 sind.
750 1976 96 47 Der
868 1985 117 38 erste
1013 1976 273 50 Uebelstand
1316 1979 53 47 ist
1397 1979 151 58 dabei,
1573 1980 100 49 dass

139 2046 71 49 die
239 2049 177 63 Sänger
461 2051 347 49 unmusicalisch
850 2054 114 57 sind,
1009 2054 90 47 und
1131 2054 80 48 der
1249 2056 172 55 zweite,
1466 2056 100 49 dass
1597 2058 70 48 die

141 2124 372 65 Compositionen
559 2128 76 47 für
675 2130 62 46 sie
781 2130 85 47 wie
896 2130 212 48 Unkraut
1138 2131 233 49 wuchern.
1429 2134 131 47 Denn
1594 2135 78 47 mit

138 2202 269 49 Ausnahme
455 2205 173 64 einiger
677 2206 201 64 weniger
939 2208 151 47 Chöre
1137 2224 86 32 von
1268 2209 165 56 Adam,
1485 2213 187 64 Halevy,

139 2279 286 64 Meyerbeer,
468 2281 329 71 Niedermeyer
844 2284 89 47 und
978 2285 201 48 Thomas
1222 2286 189 47 würden
1456 2286 217 51 deutsche

140 2356 340 64 Componisten,
513 2359 83 48 wie
625 2361 70 46 ein
728 2361 202 64 Mitglied
963 2361 76 49 des
1072 2363 198 64 hiesigen
1302 2364 368 65 Organisations-

138 2434 279 52 Präsjdiums
456 2436 111 48 aller
610 2437 260 65 Orpheons,
917 2439 190 48 Camille
1137 2440 55 48 de
1225 2441 105 52 Vos,
1373 2443 137 45 selbst
1552 2451 116 56 sagt,

138 2511 189 64 gewahr
360 2512 200 56 werden,
604 2514 100 48 dass
734 2515 86 47 den
854 2516 244 54 Pianisten,
1142 2517 279 56 Violinisten,
1456 2520 214 48 Flötisten

139 2604 39 30 u.
210 2605 33 31 s.
276 2606 72 41 w.,
379 2590 70 48 die
478 2591 91 47 sich
602 2594 79 45 mit
708 2609 49 32 so
780 2601 253 56 genannter
1056 2595 503 66 Lieder-Composition
1594 2597 51 49 be-

135 2666 267 65 schäftigen,
433 2667 70 49 die
541 2677 149 46 ersten
719 2671 240 52 Elemente
988 2671 82 48 der
1100 2672 462 68 Compositionslehre
1594 2675 76 48 für

136 2744 393 66 mehrstimmigen
573 2747 184 66 Gesang
800 2749 200 64 gänzlieh
1047 2750 265 48 unbekannt
1354 2751 111 48 sind.
1535 2754 134 54 „Man

138 2820 231 51 kümmert
397 2824 90 47 sich
520 2824 122 48 nicht
919 2835 101 56 sagt
1048 2826 53 48 de
1124 2827 90 49 Vos
1239 2829 171 54 weiter,
1446 2829 113 54 „den
1579 2830 59 48 Ge-

134 2897 213 48 schmack
378 2900 77 47 des
487 2901 261 48 Publicums
776 2920 52 31 zu
861 2902 166 57 heben,
1072 2921 103 32 man
1212 2906 132 64 steigt
1387 2906 78 47 mit
1495 2906 90 47 ihm
1616 2925 52 29 zu

135 2973 103 50 dem
271 2977 225 48 Trivialen
529 2978 161 59 herab,
719 2980 97 56 das,
855 2981 47 65 je
930 2986 136 60 ärger
1095 3000 45 31 es
1170 2984 69 54 ist,
1282 2984 127 47 desto
1438 2984 230 49 sicherern

134 3053 161 65 Erfolg
325 3055 176 49 schafft.
549 3057 60 47 So
639 3057 97 48 sind
767 3060 83 45 wir
879 3058 117 49 denn
1027 3076 50 31 zu
1110 3060 85 48 den
1225 3065 252 44 äussersten
1507 3064 135 47 Extre-

135 3146 104 32 men
271 3131 41 48 in
343 3132 82 48 der
454 3133 299 66 Nuancirung
795 3136 78 47 des
902 3136 285 56 Ausdrucks,
1227 3155 52 30 zu
1317 3138 346 65 jämmerlichen

132 3208 399 66 Nachahmungen
555 3227 83 32 von
663 3213 322 56 Naturlauten,
1007 3231 51 29 zu
1084 3215 114 47 allen
1228 3216 440 65 Ausschweifungen

134 3285 77 48 des
266 3288 259 54 schlechten
583 3291 308 48 Geschmacks
944 3292 292 64 gekommen.
1291 3293 172 49 Effecte
1519 3295 143 47 durch

134 3362 409 52 Rrummstimmen
582 3367 98 48 sind
717 3368 138 49 schon
894 3370 180 63 gemein
1118 3371 264 63 geworden,
1424 3371 79 47 mit
1538 3372 130 56 Sum,

131 3455 99 33 sum
257 3441 195 67 (dzoum)
480 3445 112 47 wird
618 3445 189 48 Dienen-
841 3446 89 48 und
959 3448 414 64 Hummelngesurr
1396 3448 111 47 oder
1533 3450 101 48 Win-

132 3517 246 52 dessausen
408 3522 279 65 dargestellt,
727 3525 66 63 ja,
832 3541 104 32 man
966 3526 163 47 studirt
1157 3526 179 57 darauf,
1377 3526 71 48 die
1477 3527 193 47 Stimme

132 3593 78 50 des
239 3597 187 49 Schafes
469 3601 368 48 auszudrücken!
896 3602 132 47 Dann
1066 3602 98 65 gibt
1207 3619 44 31 es
1291 3602 238 51 crescendo
1576 3603 92 49 und

135 3671 314 66 decrescendo,
475 3695 71 30 wo
571 3695 47 31 es
639 3678 163 50 keinen
826 3680 109 48 Sinn
962 3680 92 55 hat,
1401 3681 42 48 in
1476 3682 193 47 welches

195 3838 36 46 *)
263 3839 105 34 Ganz
398 3841 188 45 wörtlich,
616 3855 113 35 sogar
757 3845 70 35 mit
855 3843 243 37 Alliteration
1133 3847 38 33 in
1213 3846 121 47 Weia,
1376 3847 138 48 Waga,
1543 3859 125 35 vogue

261 3909 38 24 u.
317 3909 28 23 s.
364 3911 57 31 w.,
452 3900 60 35 die
534 3903 142 44 jedoch
706 3904 101 35 wohl
835 3916 71 23 nur
929 3904 160 48 zufällig
1116 3906 69 34 ist:
1216 3907 145 46 „Weia,
1393 3908 134 46 Waga,
1547 3909 121 44 Woge

263 3958 58 35 die
365 3960 137 47 Welle,
550 3962 107 36 walle
699 3976 67 22 zur
808 3966 152 46 Wiege!
1014 3965 270 47 Wagalaweia,
1334 3967 163 44 wallala,
1534 3967 134 34 weiala

433 4020 122 46 (Rieh.
587 4024 197 47 Wagner.)

1752 209 78 47 auf
1856 210 162 48 einmal
2051 212 69 47 ein
2540 212 97 64 fff
2256 215 82 47 wie
2368 215 69 48 die
2467 234 153 46 grosse
2651 221 228 49 Trommel
2911 224 255 65 einschlägt.

1749 286 102 47 Und
1890 305 90 29 nun
2020 289 70 47 die
2123 290 308 49 Wettstreite!
2487 295 97 48 Von
2624 296 79 48 der
2732 299 301 65 Wichtigkeit
3067 301 80 49 der
3177 304 58 48 Ge-

1749 366 495 65 sammt-Ausführung
2277 384 178 47 grosser
2486 372 150 47 Chöre
2676 375 146 47 haben
2865 393 160 31 unsere
3055 379 179 63 Orpheo-

1752 440 139 48 nisten
1924 442 112 47 noch
2069 460 81 45 gar
2183 444 129 48 keine
2342 446 301 67 Vorstellung.
2686 451 82 47 Die
2798 452 170 55 Städte,
3000 455 168 48 welche
3196 456 70 49 die

1750 516 229 49 Concurse
2022 522 315 55 veranstalten,
2383 522 154 65 fragen
2576 529 121 45 nicht
2726 529 110 47 nach
2868 530 80 47 der
2979 531 165 55 Kunst,
3183 550 83 31 nur

1749 595 113 45 nach
1894 595 85 47 den
2011 596 240 48 Medaillen
2285 598 86 47 und
2404 600 84 48 den
2524 604 183 47 Fahnen
2741 606 85 46 und
2860 606 84 48 den
2979 609 181 47 Kosten.
3189 610 52 47 Je-

1748 668 80 49 der
1852 672 428 65 Local-Componist
2304 676 198 48 fabricirt
2524 678 117 49 dann
2665 681 128 48 einen
2820 684 312 64 Chorgesang,
3161 685 77 48 des-

1748 762 76 32 sen
1867 748 197 65 Vortrag
2107 752 286 47 unerlässlich
2440 755 74 47 ist:
2571 757 82 46 wie
2694 759 64 46 oft
2799 760 111 47 aber
2939 762 51 45 ist
3032 762 234 57 trotzdem,

1748 822 100 48 dass
1879 823 70 50 die
1978 842 158 32 armen
2167 827 175 66 Sänger
2379 830 90 47 sich
2501 831 272 49 schrecklich
2806 835 139 47 damit
2975 837 179 62 geplagt
3187 839 52 48 ha-

1750 899 103 59 ben,
1884 901 80 48 der
1996 903 121 49 Chor
2147 905 122 47 nicht
2297 907 278 55 anzuhören,
2617 911 97 47 weil
2758 927 48 31 er
2849 913 257 63 überhaupt
3147 916 119 47 nicht

1747 977 186 65 singbar
1963 981 72 47 ist!
2072 982 70 46 An
2173 983 68 46 ein
2274 983 208 65 richtiges
2514 986 277 49 Verhältniss
2818 988 79 47 der
2928 991 87 46 vier
3046 991 220 48 Stimmen

1747 1054 53 46 ist
1828 1057 138 46 selten
1997 1075 51 29 zu
2079 1057 201 48 denken:
2310 1058 80 48 der
2418 1063 155 47 zweite
2604 1063 150 49 Tenor
2787 1065 87 48 und
2905 1065 71 48 die
3006 1067 133 47 Rasse
3169 1068 95 47 sind

1749 1132 127 47 meist
1905 1150 85 30 nur
2020 1133 111 48 dazu
2163 1136 73 54 da,
2279 1136 70 47 die
2379 1138 210 55 Melodie,
2632 1140 70 48 die
2733 1142 79 47 der
2841 1151 117 39 erste
2987 1143 153 49 Tenor
3169 1145 69 62 (ge-

1752 1208 224 51 wöhnlich
2009 1213 41 46 in
2083 1212 135 48 kaum
2250 1214 313 49 erreichbarer
2594 1218 148 65 Höhe)
2789 1221 145 53 kräht,
2981 1221 78 47 mit
3088 1222 178 64 einigen

1747 1286 199 48 trivialen
1979 1288 235 48 Accorden
2244 1308 51 28 zu
2330 1291 234 64 begleiten.
2604 1294 52 47 Je
2688 1296 125 47 mehr
2843 1297 143 47 dieser
3013 1298 179 54 schreit,
3216 1300 46 62 je

1749 1363 128 47 mehr
1908 1364 110 49 wird
2050 1366 80 47 der
2156 1368 95 46 Ton
2284 1367 448 65 hinaufgeschraubt,
2763 1372 63 47 bis
2849 1390 48 30 er
2919 1390 70 30 am
3017 1373 125 48 Ende
3166 1391 71 32 ver-

1745 1449 113 55 sagt.
1910 1443 98 47 Und
2040 1443 114 50 doch
2185 1444 96 63 gibt
2310 1462 45 31 es
2397 1447 244 48 besonders
2672 1451 56 45 im
2760 1451 151 47 Süden
2944 1452 123 46 recht
3095 1451 167 49 schöne

1747 1518 424 58 Männerstimmen;
2214 1523 128 47 allein
2374 1523 81 47 der
2486 1524 280 49 Geschmack
2813 1528 50 45 ist
2897 1527 162 47 bereits
3088 1543 45 32 so
3163 1545 72 30 ver-

1745 1594 192 57 dorben,
1966 1597 101 48 dass
2097 1601 81 44 wir
2206 1599 138 47 selbst
2364 1601 153 63 Zeuge
2549 1618 169 40 waren,
2751 1604 81 46 wie
2863 1604 69 47 ein
2958 1603 168 48 kleiner
3154 1604 80 49 Ver-

1744 1672 71 47 ein
1848 1673 68 47 bei
1955 1673 101 48 dem
2097 1677 175 47 neulich
2316 1677 330 63 abgehaltenen
2689 1697 184 44 grossen
2909 1681 282 48 Wettstreite
3220 1683 43 47 in

1744 1750 178 47 Nismes
1963 1768 83 47 gar
2088 1754 120 47 nicht
2255 1754 207 48 beachtet
2491 1757 173 54 wurde,
2705 1759 125 54 „weil
2860 1775 49 31 er
3028 1761 97 45 eine
3155 1768 107 55 gute

1747 1827 308 64 Composition
2086 1830 138 49 schön
2256 1832 88 45 und
2378 1832 308 63 kunstgemäss

1862 1907 125 47 Nach
2025 1907 123 48 einer
2187 1924 50 32 so
2277 1909 298 64 aufrichtigen
2605 1910 189 49 Stimme
2826 1913 112 47 über
2968 1912 69 48 die
3067 1913 166 62 Sänger-

1747 1982 106 48 feste
1886 1983 112 48 wird
2030 2001 103 31 man
2159 1985 174 55 wissen,
2365 2003 90 31 was
2484 2003 83 32 von
2599 1988 84 47 den
2714 1988 342 65 lobpreisenden
3084 1990 154 47 Berich-

1744 2067 74 39 ten
1867 2060 41 46 in
1959 2060 139 49 vielen
2140 2063 287 47 öffentlichen
2476 2064 195 47 Blättern
2722 2065 113 47 über
2877 2067 84 47 den
3013 2065 249 49 herrlichen

1745 2136 270 49 Fortschritt
2036 2138 76 48 des
2138 2140 411 65 Männergesanges
2580 2143 40 46 in
2648 2143 273 48 Frankreich
2947 2161 49 30 zu
3024 2143 146 47 halten
3198 2144 62 47 ist.

3022 2221 47 47 B.
3100 2221 46 47 P.

2043 2408 181 72 Tages-
2266 2410 101 53 und
2410 2411 562 71 Unterhaltungs-Blatt.

1823 2524 178 37 Kolli.
2032 2526 73 34 Am
2135 2526 168 47 Sonntag
2331 2528 76 34 und
2436 2529 156 46 Montag
2621 2529 86 46 (den
2733 2527 56 37 16.
2811 2528 75 35 und
2909 2527 57 38 17.
2989 2528 31 36 d.
3041 2528 103 47 Mts.)
3174 2528 93 35 wird

1744 2585 101 34 Frau
1872 2586 31 33 R
1917 2586 144 34 istori
2102 2588 52 33 im
2183 2587 252 36 Stadttheater
2464 2590 57 33 die
2551 2590 161 34 Medea
2753 2590 76 33 und
2867 2590 147 33 Maria
3054 2589 22 34 S
3090 2594 14 29 t
3116 2589 150 34 uarda

1744 2645 135 46 geben.

1818 2763 72 33 Am
1921 2762 34 35 f).
1984 2763 78 34 und
2090 2762 34 37 7.
2156 2764 218 47 September
2396 2766 92 34 wird
2528 2768 37 33 in
2604 2768 196 35 Aachen
2839 2770 59 32 ein
2926 2778 148 35 grosses
3106 2767 135 46 Sänger-

1742 2824 73 34 fest
1841 2825 159 45 gefeiert
2028 2825 169 44 werden;
2226 2827 61 34 bei
2309 2827 83 35 dem
2413 2827 117 35 damit
2556 2828 269 36 verbundenen
2853 2829 235 45 Wettsingen
3118 2829 149 33 werden

1744 2884 97 34 auch
1878 2884 311 47 Gesangvereine
2222 2898 67 23 aus
2312 2886 240 47 Antwerpen,
2582 2888 164 45 Brüssel,
2777 2890 109 42 Gent,
2914 2888 164 46 Lüttich,
3107 2889 161 45 Brügge,

1742 2944 144 35 Namur
1912 2956 37 25 u.
1978 2957 30 24 s.
2037 2957 46 26 w.
2115 2948 255 34 concurriren.

1818 3057 211 39 Mainz,
2077 3062 86 33 Wie
2192 3072 86 23 man
2308 3061 95 44 hört,
2443 3062 251 45 beabsichtigt
2723 3062 98 34 Herr
2849 3061 418 37 Hoftheater-Director

1742 3118 234 45 Tescher,
2027 3120 64 34 der
2133 3121 162 34 Pächter
2341 3132 153 24 unseres
2536 3121 284 42 Stadttheaters,
2869 3121 58 35 die
2975 3121 291 49 Vorstellungen

1741 3178 119 35 schön
1888 3191 60 22 am
1977 3177 60 39 25.
2067 3182 162 45 August,
2272 3181 83 34 dem
2397 3181 252 46 Namenstage
2691 3192 155 23 unseres
2890 3181 287 48 Grossherzogs,
3219 3194 47 23 zu

1740 3238 205 47 beginnen.

1818 3353 329 38 Frailkfurl
2177 3365 51 26 a.
2257 3356 73 36 ]?!•
2361 3357 77 34 Der
2465 3356 190 35 bekannte
2683 3357 145 34 Pianist
2856 3356 97 35 Herr
2980 3356 203 35 Mortier
3211 3355 53 35 de

1740 3415 237 34 Fontaine
2015 3415 245 35 veranstaltet
2288 3417 180 34 während
2497 3417 120 34 dieser
2646 3417 132 33 Saison
2820 3417 38 33 in
2887 3415 69 35 den
2985 3415 281 35 benachbarten

1740 3474 148 34 Bädern
1929 3476 103 35 seine
2069 3477 39 32 in
2146 3476 126 35 vielen
2302 3476 155 35 Städten
2486 3476 280 35 Deutschlands
2805 3477 68 33 mit
2911 3487 169 35 grossem
3108 3474 159 36 Beifalle

1741 3536 342 45 aufgenommenen
2110 3537 253 35 historischen
2393 3537 195 35 Concerte.
2647 3537 114 34 Diese
2793 3533 185 39 Concerte
3015 3535 125 36 bilden
3182 3537 82 34 eine

1740 3596 224 35 Uebersicht
2008 3596 93 35 über
2140 3597 60 35 die
2240 3598 292 35 verschiedenen
2564 3598 176 35 Stilarten
2783 3598 65 34 der
2881 3595 303 36 Kammermusik
3224 3596 40 33 in

1741 3655 65 35 der
1846 3655 233 46 englischen,
2122 3657 277 44 italiänischen,
2443 3658 282 34 französischen
2770 3657 78 35 und
2892 3657 203 35 deutschen
3126 3655 136 35 Schule

1738 3727 76 23 von
1844 3717 83 34 dem
1956 3717 105 34 Ende
2090 3718 65 34 des
2180 3718 272 35 sechszehnten
2477 3718 280 35 Jahrhunderts
2784 3717 57 34 bis
2869 3718 68 33 auf
2959 3726 134 25 unsere
3121 3716 113 45 Tage.

1817 3832 50 34 Es
1895 3831 128 45 heisst,
2062 3832 85 35 dass
2174 3833 63 34 bei
2267 3833 247 46 Gelegenheit
2543 3832 64 35 des
2636 3833 267 45 Fürstentages
2933 3829 39 37 in
2999 3829 263 36 Frankfurt

1740 3904 65 23 am
1842 3893 124 34 Main
2009 3893 59 35 die
2110 3894 185 47 Sängerin
2339 3893 212 35 Adelina
2591 3894 131 34 Patti
2763 3893 218 46 eingeladen
3020 3892 151 34 worden
3200 3893 59 42 ist,

1739 3955 82 34 dort
1849 3954 247 35 aufzutreten.
