3449 4346
1650 119 103 49 261

142 269 169 30 wessen
343 252 153 49 Grabe
541 254 219 62 drängten
805 255 91 47 sich
941 255 241 48 Tausende
1227 273 81 32 von
1350 259 180 48 Frauen
1576 260 89 47 und

138 331 239 54 Männern,
407 346 75 31 um
514 329 70 48 die
614 331 160 47 letzten
805 332 400 47 Abschiedsworte
1234 351 51 28 zu
1319 335 159 53 hören,
1508 336 70 47 die
1610 353 55 30 an

141 407 146 46 dieser
324 406 143 47 Stätte
510 409 281 62 gesprochen
830 409 221 47 wurden?
1108 409 101 48 Und
1242 426 91 31 wer
1374 412 162 64 sprach
1567 412 99 47 sie?

136 485 62 46 Es
230 499 94 30 war
353 484 99 47 eine
484 485 304 53 Tänzerin,
834 485 70 47 die
937 503 103 30 man
1072 484 177 64 begrub
1295 489 89 45 und
1416 489 76 47 für
1522 489 70 48 die
1624 490 41 46 in

137 560 80 48 der
258 561 166 47 Kirche
468 562 70 46 ein
584 561 246 48 feierliches
868 565 108 44 Amt
1018 564 211 62 gehalten
1270 566 174 55 wurde,
1488 566 89 47 und
1621 583 46 30 es

139 654 96 32 war
264 636 80 48 der
369 639 209 47 Director
607 639 76 47 des
706 639 371 64 Opern-Ballets,
1107 640 79 47 der
1216 640 141 48 durch
1388 644 120 45 seine
1539 642 128 49 Rede

136 715 151 53 Allen,
317 713 71 49 die
416 715 62 47 sie
510 715 276 48 vernehmen
811 716 216 56 konnten,
1056 715 79 48 das
1159 717 120 47 Herz
1305 717 220 65 bewegte.
1559 720 108 47 Wie

136 791 133 63 lange
299 791 52 46 ist
382 807 44 31 es
457 791 118 48 denn
607 792 96 54 her,
727 792 99 48 dass
851 792 346 64 Schauspielern
1224 811 85 29 nur
1333 796 69 46 ein
1428 796 238 53 ehrliches,

136 867 287 66 geschweige
466 870 117 45 denn
632 870 69 47 ein
741 886 50 32 so
833 870 249 48 feierliches
1133 871 270 63 Begräbniss
1455 880 213 56 gestattet

137 945 112 48 wird
266 946 21 47 ?

254 1023 114 47 Dass
409 1022 80 47 der
531 1023 269 49 unheilvolle
832 1023 149 49 Brand
1016 1025 70 47 die
1126 1042 126 31 arme
1294 1027 131 64 Livry
1463 1027 42 46 in
1544 1027 124 47 einer

137 1100 150 48 Probe
324 1100 80 48 der
444 1101 266 54 „Stummen
741 1117 84 32 von
1091 1101 172 65 ergriff,
1314 1105 200 45 erinnert
1552 1103 115 47 mich

134 1176 163 56 daran,
335 1176 100 48 dass
477 1177 70 47 die
584 1187 117 38 erste
734 1178 294 49 Darstellerin
1060 1177 80 48 der
1426 1180 42 47 in
1500 1178 143 50 dersel-

136 1253 87 48 ben
261 1253 145 65 Oper,
448 1254 213 49 Madame
702 1254 541 56 Damoreau-Cinti,
1294 1256 127 48 Ende
1460 1256 209 49 Februar

133 1332 144 47 dieses
303 1332 181 55 Jahres,
527 1348 56 32 an
621 1333 101 47 dem
771 1332 486 65 fünfunddreissigsten
1285 1334 272 64 Jahrestage
1587 1334 81 49 der

137 1417 150 41 ersten
307 1409 302 65 Aufführung
639 1411 130 63 jener
799 1411 144 63 Oper,
974 1409 114 49 auch
1121 1411 234 63 begraben
1380 1412 187 48 worden
1599 1412 66 48 ist.

139 1487 135 48 Diese
619 1488 77 47 hat
725 1494 141 41 etwas
896 1487 447 65 Verhängnissvolles
1374 1506 54 30 an
1459 1489 116 47 sich!

255 1564 84 47 Mit
367 1564 80 47 der
478 1566 265 47 Damoreau
773 1564 53 47 ist
857 1564 216 64 übrigens
1102 1566 98 47 eine
1230 1566 80 47 der
1348 1566 188 48 feinsten
1576 1566 91 48 und

134 1639 301 65 gebildetsten
466 1642 313 63 Sängerinnen
813 1642 88 47 und
988 1658 91 32 was
1110 1642 114 48 noch
1254 1643 230 47 schwerer
1514 1660 52 30 zu
1596 1660 45 31 er-

132 1726 148 40 setzen
305 1719 53 47 ist
365 1719 553 64 —Gesanglehrerinnen
942 1736 99 32 vom
1060 1721 301 63 Schauplatze
1385 1722 282 63 abgetreten.

132 1795 160 65 Lange
315 1797 97 45 Zeit
433 1797 43 45 in
500 1797 279 63 glücklicher
802 1795 91 49 und
915 1797 271 63 glänzender
1210 1798 144 64 Lage,
1380 1798 146 47 trafen
1552 1798 114 47 auch

133 1873 62 47 sie
237 1873 161 47 zuletzt
437 1873 307 48 schreckliche
787 1873 287 65 körperliche
1101 1874 190 55 Leiden,
1334 1874 145 48 denen
1524 1875 62 47 sie
1624 1875 42 47 in

133 1950 145 49 ihrem
322 1950 497 65 dreiundsechszigsten
859 1952 159 54 Jahre,
1068 1968 72 32 am
1182 1952 86 48 26.
1301 1952 209 48 Februar
1540 1953 38 47 d.
1610 1954 58 55 J.,

133 2030 141 63 erlag.
331 2029 75 47 Sie
447 2046 95 31 war
583 2047 72 29 am
689 2028 47 49 6.
768 2029 211 48 Februar
1014 2028 139 51 1801
1200 2030 204 64 geboren
1441 2029 88 48 und
1564 2030 102 49 kam

133 2107 140 47 schon
303 2122 74 32 am
410 2105 128 49 Ende
569 2107 119 47 ihres
716 2107 234 47 siebenten
973 2107 163 47 Jahres
1167 2108 62 47 als
1254 2107 413 63 Gesangschülerin

133 2183 81 47 auf
240 2183 78 48 das
350 2183 400 48 Conservatorium
782 2184 43 46 in
854 2184 145 57 Paris,
1041 2201 71 30 wo
1152 2184 62 47 sie
1257 2184 119 48 dann
1416 2184 114 48 auch
1563 2184 78 48 Cia-

132 2259 110 47 vier-
292 2259 89 47 und
421 2260 546 47 Harmonie-Unterricht
1009 2260 174 47 erhielt.
1239 2260 150 47 Schon
1428 2262 59 45 im
1528 2262 140 47 Jahre

142 2335 141 48 1816
311 2337 187 48 brachte
528 2337 61 46 sie
618 2335 81 48 der
725 2337 241 48 berühmte
990 2338 165 47 Garcia
1185 2338 81 47 auf
1291 2337 70 49 die
1392 2338 276 48 italiänische

133 2413 344 64 Opernbühne;
515 2413 143 49 1825
691 2422 90 40 trat
809 2415 62 47 sie
900 2432 100 30 zum
1033 2420 149 42 ersten
1206 2415 121 47 Male
1357 2415 41 47 in
1430 2415 81 47 der
1540 2432 103 47 gros-

132 2507 77 31 sen
241 2491 75 65 Op
322 2508 47 30 er
400 2491 92 56 auf,
537 2491 70 49 bei
640 2491 197 49 welcher
865 2493 62 47 sie
955 2493 112 47 zehn
1096 2493 143 47 Jahre
1271 2493 119 47 blieb
1422 2493 89 47 und
1544 2493 123 48 dann

132 2585 77 31 zur
236 2569 262 48 komischen
515 2569 129 65 Oper
666 2569 242 63 überging.
938 2570 65 46 Im
1027 2569 142 48 Jahre
1199 2569 138 49 1841
1366 2587 80 48 zog
1472 2570 61 47 sie
1557 2570 110 56 sich,

132 2645 185 50 obwohl
349 2655 105 40 stets
484 2648 115 47 noch
631 2646 329 65 hochgefeiert,
1006 2648 154 47 mitten
1200 2663 81 32 aus
1323 2648 128 47 ihren
1483 2648 153 47 Trium-

132 2723 119 64 phen
282 2740 83 32 von
393 2724 82 48 der
505 2724 161 48 Bühne
694 2724 171 48 zurück
898 2724 91 48 und
1017 2725 137 47 nahm
1186 2724 99 49 eine
1310 2725 324 64 Gesang-Lehr-

129 2803 126 47 stelle
285 2819 91 32 am*
392 2803 399 49 Conservatorium
824 2819 74 39 an,
941 2803 80 48 der
1058 2803 62 48 sie
1162 2803 198 64 zwanzig
1389 2803 140 48 Jahre
1559 2804 107 63 lang

131 2879 226 48 vorstand.
386 2881 75 47 Sie
486 2898 95 30 war
605 2880 70 48 die
706 2888 117 40 erste
848 2881 165 55 Dame,
1045 2880 171 48 welche
1300 2881 272 64 wenigstens
1601 2881 64 47 als

129 2956 224 49 Lehrerin
397 2958 126 48 einer
560 2965 147 40 ersten
740 2958 154 48 Classe
1009 2958 44 47 in
1084 2956 78 50 das
1194 2958 443 48 Professoren-Colle-

129 3034 125 65 gium
294 3034 80 49 der
404 3035 180 48 Anstalt
626 3035 355 65 aufgenommen
1027 3035 187 48 worden
1258 3053 109 30 war.
1423 3036 73 47 Sie
1539 3035 126 48 hatte

131 3111 130 50 keine
291 3129 156 48 grosse
477 3114 209 56 Stimme,
724 3129 96 32 war
848 3112 113 49 aber
990 3112 80 49 der
1100 3112 204 49 Technik
1334 3112 155 49 beider
1517 3114 116 47 Schu-

129 3189 88 57 len,
246 3190 81 48 der
355 3191 308 48 italiänischer»
707 3190 92 48 und
829 3190 351 55 französischen,
1214 3190 306 48 vollkommen
1552 3191 83 47 Mei-

128 3269 150 48 sterin.
308 3269 230 57 Reinheit,
567 3267 286 50 Correctheit
882 3267 92 49 und
1004 3269 200 63 Eleganz
1234 3269 66 47 bis
1329 3285 78 31 zur
1437 3269 225 48 kühnsten

129 3344 269 50 Virtuosität
428 3363 156 31 waren
614 3346 98 47 ihre
743 3346 214 64 Vorzüge
986 3345 64 48 als
1079 3345 238 65 Sängerin.
1347 3345 104 48 Ihre
1481 3345 156 48 Tonlei-

128 3430 98 39 tern
259 3424 192 64 perlten,
481 3425 85 47 wie
595 3422 71 50 die
691 3424 122 48 eines
835 3424 96 47 rein
956 3424 288 63 gestimmten
1271 3422 208 49 Claviers.
1515 3422 146 49 Dabei

127 3501 157 65 spielte
313 3502 64 47 sie
406 3502 104 49 sehr
541 3510 82 56 gut
651 3501 144 48 Piano
825 3501 92 48 und
950 3501 240 65 begleitete
1219 3501 298 47 vortrefflich.

245 3580 133 47 Auch
421 3580 155 48 seinen
621 3582 205 63 grössten
872 3579 343 64 Ciavierspieler
1260 3579 77 48 hat
1381 3577 279 50 Frankreich

128 3656 220 48 verloren.
378 3657 175 49 Emile
585 3657 254 49 Prudent
861 3656 125 48 starb
1009 3656 116 48 nach
1149 3657 147 47 einem
1322 3656 166 47 kurzen
1512 3657 120 46 Kran-

128 3731 218 67 kenlager
377 3751 72 31 am
487 3735 80 48 14.
599 3735 106 48 Mai.
757 3735 63 47 Er
849 3750 97 32 war
974 3750 53 30 zu
1056 3734 291 63 Angoulfeme
1376 3735 85 45 den
1494 3731 47 51 3.
1576 3734 56 46 Fe-

128 3810 141 49 bruar
306 3810 139 49 1817
478 3829 84 32 von
594 3829 159 32 armen
786 3812 154 47 Eltern
971 3811 205 65 geboren
1219 3811 90 48 und
1343 3811 116 48 hiess
1489 3811 148 63 eigent-

125 3887 84 50 lich
240 3890 172 48 Racine
444 3890 220 48 Gaultier.
721 3890 104 48 Sein
859 3890 140 48 Vater
1030 3906 95 31 war
1155 3888 383 49 Ciavierslimmer
1571 3888 91 47 und

124 3982 99 49 zog,
265 3967 64 47 als
372 3966 71 47 die
487 3967 345 48 musicalischen
863 3968 211 64 Anlagen
1105 3966 77 48 des
1213 3966 176 48 Sohnes
1420 3967 91 47 sich
1543 3966 94 62 zeig-

124 4050 92 52 ten,
255 4045 116 48 nach
404 4045 142 52 Paris,
592 4060 69 32 wo
702 4061 50 31 er
790 4045 323 64 gewissenhaft
1144 4045 75 47 für
1247 4043 122 49 seine
1402 4045 260 63 Erziehung

1061 4135 12 11 •
1504 4135 14 13 ✓

1738 268 151 56 sorgte
1922 262 88 46 und
2043 263 73 47 ihn
2147 264 80 46 auf
2251 263 79 48 das
2354 264 394 49 Conservatorium
2782 268 198 49 brachte.
3011 271 77 46 Als
3110 270 114 47 Schu-

1740 339 64 44 ler
1834 339 376 48 Zimmermanns
2240 340 159 47 erhielt
2429 341 200 49 Prudent
2664 343 136 50 1831
2837 346 82 47 den
2950 349 183 46 zweiten
3166 346 87 47 und

1745 412 142 51 1833
1920 416 85 47 den
2043 424 149 39 ersten
2225 418 122 45 Preis
2383 418 56 45 im
2474 419 298 65 Ciavierspiel.
2829 423 125 48 Nach
2992 425 141 46 seines
3162 424 58 47 Va-

1738 498 89 39 ters
1870 491 125 47 Tode
2041 509 94 30 war
2179 509 47 30 er
2268 509 297 48 gezwungen,
2606 512 98 31 vom
2751 498 408 64 Unterrichtgeben
3203 515 52 31 zu

1740 566 147 55 leben,
1912 570 88 46 und
2028 578 165 39 musste
2215 586 135 47 sogar
2373 571 115 47 öfter
2510 571 77 48 des
2613 574 204 48 Winters
2839 576 41 46 in
2907 575 349 50 Gesellschaften

1738 661 99 30 zum
1882 646 148 46 Tanze
2074 646 260 64 aufspielen.
2392 647 83 46 Ein
2521 647 207 56 Concert,
2772 651 78 47 das
2894 669 48 30 er
2988 654 76 45 mit
3092 654 137 47 Unter-

1738 725 210 58 stützung
1972 738 83 31 von
2084 722 240 47 Freunden
2350 740 53 29 zu
2427 724 167 48 Stande
2627 726 201 56 brachte,
2860 736 103 56 trug
2993 730 89 47 ihm
3115 729 141 47 nichts

1740 799 87 52 ein,
1858 799 63 47 als
1943 799 242 48 Schulden.
2220 801 67 46 Da
2317 801 244 46 entschloss
2591 820 46 28 er
2667 804 108 53 sich,
2804 805 77 47 das
2909 807 159 46 theure
3100 806 155 47 Leben

1741 875 41 45 in
1816 876 124 47 Paris
1971 875 141 48 daran
2141 894 52 29 zu
2223 877 166 64 geben,
2430 895 82 46 zog
2542 879 89 47 sich
2672 881 110 46 nach
2823 882 145 47 seiner
2999 881 257 50 Vaterstadt

1738 952 168 47 zurück
1945 953 89 46 und
2079 953 117 64 legte
2245 955 89 45 sich
2375 955 77 45 mit
2494 971 47 31 so
2579 956 362 50 ausdauerndem
2985 960 162 46 Fleisse
3182 959 79 47 auf

1740 1027 77 48 das
1849 1028 303 64 Ciavierspiel,
2197 1030 99 47 dass
2337 1046 48 31 er
2428 1031 98 47 eine
2557 1032 239 65 Lähmung
2836 1037 55 43 im
2923 1037 111 45 Arm
3082 1035 177 48 bekam.

1741 1105 288 48 Glücklicher
2060 1107 158 47 Weise
2255 1107 291 47 verschwand
2589 1110 61 47 sie
2682 1110 102 48 bald
2818 1111 181 56 wieder,
3045 1112 88 47 und
3167 1129 89 30 nun

1740 1182 99 48 liess
1868 1200 49 30 er
1945 1185 92 45 sich
2069 1183 41 47 in
2142 1185 168 47 Nantes
2342 1185 168 55 nieder,
2540 1187 218 47 nachdem
2790 1205 65 37 er,
2886 1190 80 47 voll
3005 1190 251 47 Vertrauen

1740 1261 80 46 auf
1844 1261 120 47 seine
1996 1261 203 63 erlangte
2222 1261 267 47 Virtuosität
2517 1262 42 47 in
2591 1263 67 47 die
2682 1265 198 48 Zukunft
2911 1266 221 55 blickend,
3162 1266 91 47 sich

1740 1336 42 47 in
1813 1337 287 64 Angoul&me
2131 1337 302 48 verheirathet
2462 1338 136 47 hatte.
2641 1340 49 47 In
2719 1341 169 48 Nantes
2918 1342 186 48 wurden
3134 1343 121 46 seine

1740 1414 203 47 Stunden
1973 1414 103 47 sehr
2105 1414 190 64 gesucht
2325 1414 89 49 und
2444 1423 82 56 gut
2556 1416 191 54 bezahlt,
2782 1434 47 31 so
2860 1418 100 47 dass
3001 1437 47 30 er
3077 1436 46 31 es
3152 1418 104 50 bald

1742 1507 159 48 wagen
1934 1491 183 56 konnte,
2150 1492 167 47 wieder
2347 1492 111 47 nach
2490 1492 127 47 Paris
2645 1511 51 29 zu
2728 1494 167 49 ziehen.

1855 1568 205 48 Prudent
2089 1569 190 64 gehörte
2310 1571 91 45 also
2433 1569 121 47 nicht
2596 1588 49 30 zu
2691 1572 84 47 den
2808 1573 263 56 Künstlern,
3114 1572 146 48 denen

1741 1644 96 49 ihre
1868 1646 246 48 Laufbahn
2157 1646 141 48 durch
2343 1652 180 42 äussere
2565 1647 253 63 glückliche
2851 1649 301 47 Verhältnisse
3182 1666 52 47 ge-

1740 1722 137 48 ebnet
1906 1723 175 55 wurde,
2110 1740 47 31 er
2188 1724 122 47 hatte
2339 1724 58 46 im
2430 1723 266 65 Gegentheil
2729 1727 77 46 mit
2834 1727 79 46 der
2945 1727 207 63 Ungunst
3181 1726 80 48 der

1743 1799 246 49 Umstände
2011 1817 52 31 zu
2095 1801 226 63 kämpfen,
2353 1799 91 49 und
2475 1817 90 32 was
2598 1818 46 31 er
2674 1803 263 62 geworden,
2966 1803 218 48 verdankt
3212 1820 49 31 er

1738 1877 169 48 seinem
1942 1878 166 47 Fleisse
2140 1877 89 48 und
2258 1878 169 47 seinem
2458 1877 135 48 festen
2627 1878 266 48 Charakter.
2923 1881 73 45 Bis
3018 1897 51 29 zu
3093 1881 168 45 seinem

1742 1954 158 48 letzten
1926 1954 315 64 Augenblicke
2267 1971 95 31 war
2391 1972 48 29 er
2469 1954 118 48 ohne
2610 1957 82 45 alle
2716 1956 256 48 öffentliche
2996 1957 268 63 Anstellung

1742 2032 81 48 auf
1858 2032 86 48 den
1985 2033 169 62 Ertrag
2194 2032 146 48 seiner
2381 2032 218 47 Concerte
2644 2033 87 47 und
2764 2033 365 65 Compositionen
3175 2033 89 48 und

1743 2110 338 65 hauptsächlich
2112 2110 143 47 seines
2284 2110 284 47 Unterrichts
2599 2112 299 62 angewiesen.
2940 2112 127 47 Noch
3099 2113 57 44 im
3187 2127 50 32 vo-

1742 2187 127 63 rigen
1900 2187 139 47 Jahre
2080 2187 123 47 hatte
2244 2187 73 45 ihn
2350 2185 158 49 Auber
2537 2203 51 29 zu
2618 2188 124 46 einer
2772 2188 234 47 Professur
3038 2204 69 31 am
3142 2187 89 48 Con-

1741 2264 298 47 servatorium
2074 2264 372 64 vorgeschlagen,
2488 2263 118 48 ohne
2649 2264 141 47 damit
2832 2264 336 65 durchdringen
3212 2281 50 30 zu

1743 2342 195 48 können.
1996 2343 62 46 Im
2089 2343 121 62 Spiel
2254 2342 89 47 und
2383 2342 42 45 in
2457 2340 80 49 der
2569 2342 307 63 Composition
2909 2359 94 31 war
3034 2342 231 63 Thalberg

1741 2419 93 46 sein
1860 2418 203 48 Vorbild.
2098 2419 98 47 Von
2226 2418 86 47 den
2343 2418 141 48 vielen
2516 2419 158 47 Salon-
2706 2419 89 47 und
2827 2418 340 56 Modestücken,
3195 2418 70 48 die

1742 2513 48 31 er
1813 2495 315 65 geschrieben,
2159 2497 113 47 wird
2301 2497 76 47 ihn
2406 2497 262 47 schwerlich
2701 2497 119 47 eines
2850 2497 110 47 oder
2988 2495 77 49 das
3097 2495 167 49 andere

1741 2574 133 65 lange
1903 2574 268 53 überleben,
2211 2591 71 30 am
2314 2582 147 39 ersten
2490 2573 219 48 vielleicht
2745 2574 145 62 einige
2923 2574 192 47 Etüden.
3173 2575 92 46 Das

1741 2659 217 39 ernsteste
1990 2650 166 52 Werk,
2199 2651 79 47 das
2321 2667 49 30 er
2414 2650 391 62 herausgegeben,
2850 2667 94 30 war
2980 2651 69 46 ein

1750 2725 330 70 symphonique
2098 2728 75 47 für
2197 2729 137 46 Piano
2367 2728 88 47 und
2486 2728 265 52 Orchester,
2782 2728 192 47 welches
3003 2726 109 49 aber
3143 2726 114 49 auch

1741 2806 122 47 nicht
1892 2806 113 47 über
2036 2805 69 47 die
2137 2805 205 48 Gränzen
2371 2822 84 30 von
2489 2804 277 48 Frankreich
2796 2804 266 63 gedrungen
3093 2805 66 47 ist.

1856 2884 78 47 Als
1957 2884 174 63 Spieler
2156 2899 94 32 war
2273 2899 48 31 er
2343 2900 121 30 zwar
2488 2883 133 52 nicht,
2653 2884 82 47 wie
2766 2883 70 45 die
2869 2884 249 46 Franzosen
3149 2881 81 47 rüh-

1740 2978 119 38 men,
1902 2961 80 47 das
2027 2963 155 62 Haupt
2223 2961 80 46 der
2347 2960 326 48 französischen
2704 2960 179 53 Schule,
2927 2959 117 47 denn
3088 2975 70 31 wo
3203 2960 53 46 ist

1738 3039 262 63 überhaupt
2029 3038 120 48 diese
2180 3038 297 48 französische
2505 3036 183 55 Schule,
2730 3036 55 47 da
2827 3036 84 47 alle
2941 3052 183 48 grossen
3154 3036 76 47 Pia-

1738 3116 144 46 nisten
1925 3132 185 30 unserer
2147 3115 98 47 Zeit
2283 3115 415 47 Nicht-Franzosen
2742 3112 127 47 sind?
2919 3112 110 47 aber
3074 3129 47 30 er
3163 3129 94 32 war

1731 3194 237 65 jedenfalls
1999 3194 80 45 der
2107 3200 118 39 erste
2255 3194 239 52 Franzose,
2542 3191 80 46 der
2662 3191 90 47 sich
2796 3191 42 46 in
2869 3191 80 46 der
2978 3190 279 53 Virtuosität,

1736 3271 123 47 nicht
1900 3270 110 48 aber
2052 3286 55 31 an
2152 3270 158 56 Genie,
2362 3270 85 46 den
2500 3267 272 49 berühmten
2820 3267 239 55 Fremden,
3111 3267 144 47 einem

1737 3347 250 64 Thalberg,
2010 3347 133 54 Liszt,
2169 3346 306 66 Dreyschock,
2498 3346 131 53 Jaell,
2653 3346 132 48 Clara
2800 3345 260 47 Schumann
3087 3361 39 30 u.
3148 3361 33 31 s.
3200 3361 56 32 w.

1738 3443 41 30 u.
1808 3441 33 32 s.
1873 3441 53 31 w.
1958 3441 78 31 zur
2065 3425 120 46 Seite
2215 3425 156 46 stellen
2404 3424 180 47 konnte.

1854 3504 95 45 Aus
1972 3502 80 47 der
2084 3502 339 46 musicalischen
2451 3501 274 64 Gegenwart
2756 3500 53 47 ist
2838 3500 120 47 nicht
2984 3499 81 47 viel
3096 3516 51 31 zu
3180 3499 50 47 be-

1737 3579 185 48 richten.
1981 3579 84 47 Die
2113 3579 340 64 Operntheater
2503 3577 148 47 halten
2701 3576 90 47 sich
2842 3593 80 31 aus
2972 3576 179 65 Mangel
3200 3593 55 31 an

1733 3657 177 47 Neuem
1953 3673 56 31 an
2046 3655 425 62 Wiederholungen
2510 3653 91 47 und
2631 3653 410 64 Hervorholungen
3072 3653 75 47 des
3177 3653 51 47 Al-

1733 3741 93 47 ten,
1865 3734 88 46 und
1995 3749 122 31 zwar
2147 3735 215 45 mitunter
2404 3732 76 47 des
2522 3739 168 55 guten
2743 3732 146 46 Alten.
2945 3732 60 46 So
3036 3731 75 47 hat
3138 3747 34 30 z.
3205 3731 48 46 B.

2300 3810 167 48 wieder
2500 3808 64 47 oft
2603 3808 71 47 die
2719 3810 174 47 Räume
2930 3807 75 47 des
3036 3807 217 47 Theaters

1735 3888 80 50 der
1846 3888 259 49 komischen
2131 3888 127 65 Oper
2287 3888 177 65 gefüllt,
2495 3886 88 48 und
2615 3902 78 32 vor
2719 3887 194 46 Kurzem
2946 3886 74 47 hat
3049 3885 204 48 dasselbe

1735 3967 200 47 Theater
1963 3982 136 49 sogar
2129 3966 169 48 wieder
2328 3965 162 48 einmal
2531 3965 113 47 nach
2677 3965 123 45 einer
2829 3963 126 63 Oper
2992 3977 82 32 von

1733 4052 90 58 try
1851 4042 242 67 gegriffen,
2122 4042 93 50 und
2245 4043 119 49 nicht
2392 4042 120 48 ohne
2546 4041 168 65 Erfolg.
