<?xml version="1.0" encoding="UTF-8"?>
<alto xmlns:xsi="http://www.w3.org/2001/XMLSchema-instance" xmlns="http://www.loc.gov/standards/alto/ns-v2#" xsi:schemaLocation="http://www.loc.gov/standards/alto/ns-v2# http://www.loc.gov/standards/alto/alto-v2.0.xsd" xmlns:xlink="http://www.w3.org/1999/xlink">
	<Description>
		<MeasurementUnit>mm10</MeasurementUnit>
		<sourceImageInformation>
			<fileName>//fileserver7/IN2-2/Princeton/bmtnabb/1917/08_01/00000488.tif</fileName>
		</sourceImageInformation>
		<OCRProcessing ID="OCRPROCESSING_1">
			<preProcessingStep>
				<processingSoftware>
					<softwareCreator>CCS Content Conversion Specialists GmbH, Germany</softwareCreator>
					<softwareName>CCS docWorks</softwareName>
					<softwareVersion>6.7-1.24</softwareVersion>
				</processingSoftware>
			</preProcessingStep>
			<ocrProcessingStep>
				<processingSoftware>
					<softwareCreator>ABBYY (BIT Software), Russia</softwareCreator>
					<softwareName>FineReader</softwareName>
					<softwareVersion>10.0</softwareVersion>
				</processingSoftware>
			</ocrProcessingStep>
		</OCRProcessing>
	</Description>
	<Styles>
		<TextStyle ID="TXT_0" FONTSIZE="15" FONTFAMILY="Unknown" FONTSTYLE="bold"/>
		<TextStyle ID="TXT_1" FONTSIZE="18" FONTFAMILY="Times New Roman"/>
		<TextStyle ID="TXT_2" FONTSIZE="19" FONTFAMILY="Times New Roman" FONTSTYLE="italics"/>
		<TextStyle ID="TXT_3" FONTSIZE="11" FONTFAMILY="Times New Roman" FONTSTYLE="italics"/>
		<ParagraphStyle ID="PAR_LEFT" ALIGN="Left"/>
	</Styles>
	<Layout>
		<Page ID="P14" PHYSICAL_IMG_NR="14" HEIGHT="4269" WIDTH="2662" PRINTED_IMG_NR="12" PC="0.974">
			<TopMargin ID="P14_TM00001" HPOS="0" VPOS="0" WIDTH="2662" HEIGHT="371"/>
			<LeftMargin ID="P14_LM00001" HPOS="0" VPOS="371" WIDTH="271" HEIGHT="3414"/>
			<RightMargin ID="P14_RM00001" HPOS="2412" VPOS="371" WIDTH="250" HEIGHT="3414"/>
			<BottomMargin ID="P14_BM00001" HPOS="0" VPOS="3785" WIDTH="2662" HEIGHT="484">
				<TextBlock ID="P14_TB00001" HPOS="281" VPOS="3787" WIDTH="57" HEIGHT="55" STYLEREFS="TXT_0 PAR_LEFT">
					<TextLine ID="P14_TL00001" HPOS="281" VPOS="3787" WIDTH="57" HEIGHT="55">
						<String ID="P14_ST00001" HPOS="281" VPOS="3787" WIDTH="57" HEIGHT="55" CONTENT="12" WC="0.65" CC="70"/>
					</TextLine>
				</TextBlock>
			</BottomMargin>
			<PrintSpace ID="P14_PS00001" HPOS="271" VPOS="371" WIDTH="2141" HEIGHT="3414">
				<TextBlock ID="P14_TB00002" HPOS="271" VPOS="371" WIDTH="2141" HEIGHT="2708" STYLEREFS="TXT_1 PAR_LEFT">
					<TextLine ID="P14_TL00002" HPOS="385" VPOS="371" WIDTH="2023" HEIGHT="66">
						<String ID="P14_ST00002" HPOS="385" VPOS="372" WIDTH="68" HEIGHT="54" CONTENT="Ist" WC="1.00" CC="100"/>
						<SP ID="P14_SP00001" HPOS="453" VPOS="426" WIDTH="39"/>
						<String ID="P14_ST00003" HPOS="492" VPOS="372" WIDTH="89" HEIGHT="54" CONTENT="das" WC="0.97" CC="710"/>
						<SP ID="P14_SP00002" HPOS="581" VPOS="426" WIDTH="44"/>
						<String ID="P14_ST00004" HPOS="625" VPOS="371" WIDTH="289" HEIGHT="65" CONTENT="überhaupt" WC="0.99" CC="070670333"/>
						<SP ID="P14_SP00003" HPOS="914" VPOS="436" WIDTH="45"/>
						<String ID="P14_ST00005" HPOS="959" VPOS="371" WIDTH="254" HEIGHT="65" CONTENT="möglich?" WC="0.98" CC="11077075"/>
						<SP ID="P14_SP00004" HPOS="1213" VPOS="436" WIDTH="42"/>
						<String ID="P14_ST00006" HPOS="1255" VPOS="371" WIDTH="66" HEIGHT="55" CONTENT="Es" WC="1.00" CC="00"/>
						<SP ID="P14_SP00005" HPOS="1321" VPOS="436" WIDTH="46"/>
						<String ID="P14_ST00007" HPOS="1367" VPOS="372" WIDTH="65" HEIGHT="54" CONTENT="ist" WC="0.97" CC="700"/>
						<SP ID="P14_SP00006" HPOS="1432" VPOS="436" WIDTH="31"/>
						<String ID="P14_ST00008" HPOS="1463" VPOS="371" WIDTH="144" HEIGHT="55" CONTENT="nicht" WC="0.98" CC="57000"/>
						<SP ID="P14_SP00007" HPOS="1607" VPOS="436" WIDTH="33"/>
						<String ID="P14_ST00009" HPOS="1640" VPOS="372" WIDTH="235" HEIGHT="65" CONTENT="möglich." WC="0.99" CC="02166004"/>
						<SP ID="P14_SP00008" HPOS="1875" VPOS="437" WIDTH="55"/>
						<String ID="P14_ST00010" HPOS="1930" VPOS="372" WIDTH="106" HEIGHT="55" CONTENT="Der" WC="0.98" CC="004"/>
						<SP ID="P14_SP00009" HPOS="2036" VPOS="437" WIDTH="32"/>
						<String ID="P14_ST00011" HPOS="2068" VPOS="371" WIDTH="244" HEIGHT="54" CONTENT="Gedanke" WC="0.99" CC="0090100"/>
						<SP ID="P14_SP00010" HPOS="2312" VPOS="437" WIDTH="32"/>
						<String ID="P14_ST00012" HPOS="2344" VPOS="372" WIDTH="64" HEIGHT="54" CONTENT="ist" WC="0.95" CC="704"/>
					</TextLine>
					<TextLine ID="P14_TL00003" HPOS="272" VPOS="460" WIDTH="2136" HEIGHT="65">
						<String ID="P14_ST00013" HPOS="272" VPOS="461" WIDTH="175" HEIGHT="55" CONTENT="falsch." WC="0.99" CC="8050004"/>
						<SP ID="P14_SP00011" HPOS="447" VPOS="516" WIDTH="54"/>
						<String ID="P14_ST00014" HPOS="501" VPOS="461" WIDTH="150" HEIGHT="54" CONTENT="Denn" WC="0.98" CC="4040"/>
						<SP ID="P14_SP00012" HPOS="651" VPOS="516" WIDTH="44"/>
						<String ID="P14_ST00015" HPOS="695" VPOS="483" WIDTH="90" HEIGHT="32" CONTENT="vor" WC="1.00" CC="000"/>
						<SP ID="P14_SP00013" HPOS="785" VPOS="516" WIDTH="43"/>
						<String ID="P14_ST00016" HPOS="828" VPOS="461" WIDTH="116" HEIGHT="54" CONTENT="dem" WC="1.00" CC="000"/>
						<SP ID="P14_SP00014" HPOS="944" VPOS="516" WIDTH="48"/>
						<String ID="P14_ST00017" HPOS="992" VPOS="461" WIDTH="212" HEIGHT="56" CONTENT="Gesicht" WC="1.00" CC="0007000"/>
						<SP ID="P14_SP00015" HPOS="1204" VPOS="517" WIDTH="45"/>
						<String ID="P14_ST00018" HPOS="1249" VPOS="463" WIDTH="91" HEIGHT="53" CONTENT="der" WC="0.98" CC="004"/>
						<SP ID="P14_SP00016" HPOS="1340" VPOS="517" WIDTH="33"/>
						<String ID="P14_ST00019" HPOS="1373" VPOS="460" WIDTH="403" HEIGHT="65" CONTENT="Unbedingtheit" WC="0.81" CC="1270060000060"/>
						<SP ID="P14_SP00017" HPOS="1776" VPOS="525" WIDTH="44"/>
						<String ID="P14_ST00020" HPOS="1820" VPOS="465" WIDTH="66" HEIGHT="52" CONTENT="ist" WC="0.97" CC="701"/>
						<SP ID="P14_SP00018" HPOS="1886" VPOS="525" WIDTH="35"/>
						<String ID="P14_ST00021" HPOS="1921" VPOS="463" WIDTH="111" HEIGHT="54" CONTENT="kein" WC="0.98" CC="4050"/>
						<SP ID="P14_SP00019" HPOS="2032" VPOS="525" WIDTH="37"/>
						<String ID="P14_ST00022" HPOS="2069" VPOS="460" WIDTH="339" HEIGHT="57" CONTENT="Unterschied" WC="0.99" CC="52006007400"/>
					</TextLine>
					<TextLine ID="P14_TL00004" HPOS="272" VPOS="549" WIDTH="1678" HEIGHT="66">
						<String ID="P14_ST00023" HPOS="272" VPOS="550" WIDTH="249" HEIGHT="55" CONTENT="zwischen" WC="1.00" CC="02700000"/>
						<SP ID="P14_SP00020" HPOS="521" VPOS="605" WIDTH="33"/>
						<String ID="P14_ST00024" HPOS="554" VPOS="549" WIDTH="276" HEIGHT="66" CONTENT="Sprechen," WC="1.00" CC="000000001"/>
						<SP ID="P14_SP00021" HPOS="830" VPOS="615" WIDTH="35"/>
						<String ID="P14_ST00025" HPOS="865" VPOS="550" WIDTH="297" HEIGHT="64" CONTENT="Schreiben," WC="0.99" CC="0002067013"/>
						<SP ID="P14_SP00022" HPOS="1162" VPOS="615" WIDTH="35"/>
						<String ID="P14_ST00026" HPOS="1197" VPOS="550" WIDTH="444" HEIGHT="61" CONTENT="Veröffentlichen," WC="1.00" CC="0000880006407034"/>
						<SP ID="P14_SP00023" HPOS="1641" VPOS="615" WIDTH="33"/>
						<String ID="P14_ST00027" HPOS="1674" VPOS="552" WIDTH="104" HEIGHT="54" CONTENT="und" WC="1.00" CC="000"/>
						<SP ID="P14_SP00024" HPOS="1778" VPOS="615" WIDTH="33"/>
						<String ID="P14_ST00028" HPOS="1811" VPOS="552" WIDTH="139" HEIGHT="57" CONTENT="Tun." WC="0.98" CC="3303"/>
					</TextLine>
					<TextLine ID="P14_TL00005" HPOS="385" VPOS="639" WIDTH="1486" HEIGHT="67">
						<String ID="P14_ST00029" HPOS="385" VPOS="640" WIDTH="300" HEIGHT="65" CONTENT="Gesinnung" WC="0.99" CC="000635315"/>
						<SP ID="P14_SP00025" HPOS="685" VPOS="705" WIDTH="29"/>
						<String ID="P14_ST00030" HPOS="714" VPOS="642" WIDTH="65" HEIGHT="53" CONTENT="ist" WC="0.97" CC="700"/>
						<SP ID="P14_SP00026" HPOS="779" VPOS="705" WIDTH="32"/>
						<String ID="P14_ST00031" HPOS="811" VPOS="639" WIDTH="137" HEIGHT="55" CONTENT="alles." WC="0.99" CC="055004"/>
						<SP ID="P14_SP00027" HPOS="948" VPOS="705" WIDTH="33"/>
						<String ID="P14_ST00032" HPOS="981" VPOS="640" WIDTH="136" HEIGHT="55" CONTENT="Aber" WC="0.97" CC="0713"/>
						<SP ID="P14_SP00028" HPOS="1117" VPOS="705" WIDTH="30"/>
						<String ID="P14_ST00033" HPOS="1147" VPOS="663" WIDTH="98" HEIGHT="33" CONTENT="was" WC="1.00" CC="000"/>
						<SP ID="P14_SP00029" HPOS="1245" VPOS="705" WIDTH="32"/>
						<String ID="P14_ST00034" HPOS="1277" VPOS="643" WIDTH="68" HEIGHT="53" CONTENT="ist" WC="0.97" CC="602"/>
						<SP ID="P14_SP00030" HPOS="1345" VPOS="705" WIDTH="31"/>
						<String ID="P14_ST00035" HPOS="1376" VPOS="642" WIDTH="134" HEIGHT="53" CONTENT="diese" WC="0.99" CC="04000"/>
						<SP ID="P14_SP00031" HPOS="1510" VPOS="705" WIDTH="30"/>
						<String ID="P14_ST00036" HPOS="1540" VPOS="639" WIDTH="331" HEIGHT="67" CONTENT="Gesinnung?" WC="0.99" CC="1006446009"/>
					</TextLine>
					<TextLine ID="P14_TL00006" HPOS="388" VPOS="743" WIDTH="1811" HEIGHT="76">
						<String ID="P14_ST00037" HPOS="388" VPOS="743" WIDTH="310" HEIGHT="76" CONTENT="Qesinnung" WC="0.56" CC="554624611" STYLEREFS="TXT_2"/>
						<SP ID="P14_SP00032" HPOS="698" VPOS="819" WIDTH="34"/>
						<String ID="P14_ST00038" HPOS="732" VPOS="750" WIDTH="89" HEIGHT="61" CONTENT="ist," WC="0.96" CC="4562" STYLEREFS="TXT_2"/>
						<SP ID="P14_SP00033" HPOS="821" VPOS="819" WIDTH="39"/>
						<String ID="P14_ST00039" HPOS="860" VPOS="766" WIDTH="112" HEIGHT="33" CONTENT="was" WC="0.94" CC="509" STYLEREFS="TXT_2"/>
						<SP ID="P14_SP00034" HPOS="972" VPOS="819" WIDTH="38"/>
						<String ID="P14_ST00040" HPOS="1010" VPOS="751" WIDTH="144" HEIGHT="49" CONTENT="einer" WC="0.98" CC="54303" STYLEREFS="TXT_2"/>
						<SP ID="P14_SP00035" HPOS="1154" VPOS="819" WIDTH="34"/>
						<String ID="P14_ST00041" HPOS="1188" VPOS="752" WIDTH="95" HEIGHT="50" CONTENT="mit" WC="0.95" CC="047" STYLEREFS="TXT_2"/>
						<SP ID="P14_SP00036" HPOS="1283" VPOS="819" WIDTH="34"/>
						<String ID="P14_ST00042" HPOS="1317" VPOS="751" WIDTH="195" HEIGHT="49" CONTENT="seinem" WC="0.98" CC="337201" STYLEREFS="TXT_2"/>
						<SP ID="P14_SP00037" HPOS="1512" VPOS="819" WIDTH="34"/>
						<String ID="P14_ST00043" HPOS="1546" VPOS="767" WIDTH="210" HEIGHT="52" CONTENT="ganzen" WC="1.00" CC="000400" STYLEREFS="TXT_2"/>
						<SP ID="P14_SP00038" HPOS="1756" VPOS="819" WIDTH="39"/>
						<String ID="P14_ST00044" HPOS="1795" VPOS="745" WIDTH="179" HEIGHT="58" CONTENT="Beben" WC="0.97" CC="70581" STYLEREFS="TXT_2"/>
						<SP ID="P14_SP00039" HPOS="1974" VPOS="819" WIDTH="41"/>
						<String ID="P14_ST00045" HPOS="2015" VPOS="748" WIDTH="184" HEIGHT="55" CONTENT="macht." WC="0.97" CC="044865" STYLEREFS="TXT_2"/>
					</TextLine>
					<TextLine ID="P14_TL00007" HPOS="1325" VPOS="879" WIDTH="28" HEIGHT="28">
						<String ID="P14_ST00046" HPOS="1325" VPOS="879" WIDTH="28" HEIGHT="28" CONTENT="*" WC="1.00" CC="0" STYLEREFS="TXT_3"/>
					</TextLine>
					<TextLine ID="P14_TL00008" HPOS="388" VPOS="964" WIDTH="2020" HEIGHT="69">
						<String ID="P14_ST00047" HPOS="388" VPOS="966" WIDTH="85" HEIGHT="54" CONTENT="Ich" WC="0.96" CC="307"/>
						<SP ID="P14_SP00040" HPOS="473" VPOS="1020" WIDTH="47"/>
						<String ID="P14_ST00048" HPOS="520" VPOS="964" WIDTH="288" HEIGHT="64" CONTENT="beobachte," WC="1.00" CC="6007000002"/>
						<SP ID="P14_SP00041" HPOS="808" VPOS="1028" WIDTH="43"/>
						<String ID="P14_ST00049" HPOS="851" VPOS="966" WIDTH="99" HEIGHT="54" CONTENT="daß" WC="1.00" CC="000"/>
						<SP ID="P14_SP00042" HPOS="950" VPOS="1028" WIDTH="40"/>
						<String ID="P14_ST00050" HPOS="990" VPOS="990" WIDTH="53" HEIGHT="30" CONTENT="es" WC="1.00" CC="00"/>
						<SP ID="P14_SP00043" HPOS="1043" VPOS="1028" WIDTH="43"/>
						<String ID="P14_ST00051" HPOS="1086" VPOS="967" WIDTH="221" HEIGHT="54" CONTENT="anderen" WC="1.00" CC="0400000"/>
						<SP ID="P14_SP00044" HPOS="1307" VPOS="1028" WIDTH="31"/>
						<String ID="P14_ST00052" HPOS="1338" VPOS="966" WIDTH="219" HEIGHT="57" CONTENT="Völkern" WC="1.00" CC="0060000"/>
						<SP ID="P14_SP00045" HPOS="1557" VPOS="1028" WIDTH="45"/>
						<String ID="P14_ST00053" HPOS="1602" VPOS="966" WIDTH="140" HEIGHT="55" CONTENT="nicht" WC="0.98" CC="08070"/>
						<SP ID="P14_SP00046" HPOS="1742" VPOS="1028" WIDTH="43"/>
						<String ID="P14_ST00054" HPOS="1785" VPOS="968" WIDTH="114" HEIGHT="53" CONTENT="sehr" WC="1.00" CC="0002"/>
						<SP ID="P14_SP00047" HPOS="1899" VPOS="1028" WIDTH="43"/>
						<String ID="P14_ST00055" HPOS="1942" VPOS="969" WIDTH="94" HEIGHT="54" CONTENT="viel" WC="0.98" CC="0704"/>
						<SP ID="P14_SP00048" HPOS="2036" VPOS="1028" WIDTH="33"/>
						<String ID="P14_ST00056" HPOS="2069" VPOS="969" WIDTH="172" HEIGHT="54" CONTENT="besser" WC="0.99" CC="700001"/>
						<SP ID="P14_SP00049" HPOS="2241" VPOS="1028" WIDTH="30"/>
						<String ID="P14_ST00057" HPOS="2271" VPOS="967" WIDTH="137" HEIGHT="66" CONTENT="geht." WC="0.98" CC="40704"/>
					</TextLine>
					<TextLine ID="P14_TL00009" HPOS="272" VPOS="1054" WIDTH="2136" HEIGHT="66">
						<String ID="P14_ST00058" HPOS="272" VPOS="1054" WIDTH="163" HEIGHT="55" CONTENT="Etwas" WC="0.99" CC="00006"/>
						<SP ID="P14_SP00050" HPOS="435" VPOS="1109" WIDTH="31"/>
						<String ID="P14_ST00059" HPOS="466" VPOS="1054" WIDTH="176" HEIGHT="63" CONTENT="schon," WC="1.00" CC="000002"/>
						<SP ID="P14_SP00051" HPOS="642" VPOS="1117" WIDTH="34"/>
						<String ID="P14_ST00060" HPOS="676" VPOS="1056" WIDTH="133" HEIGHT="53" CONTENT="denn" WC="0.98" CC="0046"/>
						<SP ID="P14_SP00052" HPOS="809" VPOS="1117" WIDTH="46"/>
						<String ID="P14_ST00061" HPOS="855" VPOS="1056" WIDTH="211" HEIGHT="54" CONTENT="manche" WC="1.00" CC="006000"/>
						<SP ID="P14_SP00053" HPOS="1066" VPOS="1117" WIDTH="33"/>
						<String ID="P14_ST00062" HPOS="1099" VPOS="1056" WIDTH="251" HEIGHT="56" CONTENT="Nationen" WC="0.99" CC="00060500"/>
						<SP ID="P14_SP00054" HPOS="1350" VPOS="1117" WIDTH="36"/>
						<String ID="P14_ST00063" HPOS="1386" VPOS="1054" WIDTH="160" HEIGHT="55" CONTENT="haben" WC="0.99" CC="02601"/>
						<SP ID="P14_SP00055" HPOS="1546" VPOS="1117" WIDTH="33"/>
						<String ID="P14_ST00064" HPOS="1579" VPOS="1056" WIDTH="105" HEIGHT="61" CONTENT="das," WC="0.99" CC="0003"/>
						<SP ID="P14_SP00056" HPOS="1684" VPOS="1117" WIDTH="45"/>
						<String ID="P14_ST00065" HPOS="1729" VPOS="1057" WIDTH="52" HEIGHT="52" CONTENT="in" WC="0.66" CC="60"/>
						<SP ID="P14_SP00057" HPOS="1781" VPOS="1117" WIDTH="32"/>
						<String ID="P14_ST00066" HPOS="1813" VPOS="1057" WIDTH="398" HEIGHT="63" CONTENT="Jahrhunderten" WC="1.00" CC="0171700003000"/>
						<SP ID="P14_SP00058" HPOS="2211" VPOS="1120" WIDTH="42"/>
						<String ID="P14_ST00067" HPOS="2253" VPOS="1057" WIDTH="155" HEIGHT="55" CONTENT="selbst" WC="0.99" CC="004700"/>
					</TextLine>
					<TextLine ID="P14_TL00010" HPOS="271" VPOS="1143" WIDTH="2136" HEIGHT="69">
						<String ID="P14_ST00068" HPOS="271" VPOS="1166" WIDTH="277" HEIGHT="42" CONTENT="errungene" WC="0.99" CC="049400000"/>
						<SP ID="P14_SP00059" HPOS="548" VPOS="1208" WIDTH="39"/>
						<String ID="P14_ST00069" HPOS="587" VPOS="1143" WIDTH="186" HEIGHT="64" CONTENT="Glück," WC="0.99" CC="030003"/>
						<SP ID="P14_SP00060" HPOS="773" VPOS="1208" WIDTH="48"/>
						<String ID="P14_ST00070" HPOS="821" VPOS="1145" WIDTH="98" HEIGHT="54" CONTENT="daß" WC="1.00" CC="000"/>
						<SP ID="P14_SP00061" HPOS="919" VPOS="1208" WIDTH="44"/>
						<String ID="P14_ST00071" HPOS="963" VPOS="1145" WIDTH="79" HEIGHT="55" CONTENT="ihr" WC="0.93" CC="774"/>
						<SP ID="P14_SP00062" HPOS="1042" VPOS="1208" WIDTH="32"/>
						<String ID="P14_ST00072" HPOS="1074" VPOS="1146" WIDTH="289" HEIGHT="61" CONTENT="Bedürfnis," WC="0.99" CC="3000072401"/>
						<SP ID="P14_SP00063" HPOS="1363" VPOS="1208" WIDTH="42"/>
						<String ID="P14_ST00073" HPOS="1405" VPOS="1145" WIDTH="103" HEIGHT="54" CONTENT="laut" WC="0.99" CC="4000"/>
						<SP ID="P14_SP00064" HPOS="1508" VPOS="1208" WIDTH="43"/>
						<String ID="P14_ST00074" HPOS="1551" VPOS="1145" WIDTH="107" HEIGHT="53" CONTENT="ihre" WC="0.97" CC="7050"/>
						<SP ID="P14_SP00065" HPOS="1658" VPOS="1208" WIDTH="31"/>
						<String ID="P14_ST00075" HPOS="1689" VPOS="1145" WIDTH="106" HEIGHT="54" CONTENT="Not" WC="0.97" CC="150"/>
						<SP ID="P14_SP00066" HPOS="1795" VPOS="1208" WIDTH="30"/>
						<String ID="P14_ST00076" HPOS="1825" VPOS="1167" WIDTH="61" HEIGHT="33" CONTENT="zu" WC="0.60" CC="34"/>
						<SP ID="P14_SP00067" HPOS="1886" VPOS="1208" WIDTH="32"/>
						<String ID="P14_ST00077" HPOS="1918" VPOS="1170" WIDTH="168" HEIGHT="42" CONTENT="sagen," WC="1.00" CC="000004"/>
						<SP ID="P14_SP00068" HPOS="2086" VPOS="1212" WIDTH="42"/>
						<String ID="P14_ST00078" HPOS="2128" VPOS="1147" WIDTH="185" HEIGHT="55" CONTENT="stärker" WC="1.00" CC="0005000"/>
						<SP ID="P14_SP00069" HPOS="2313" VPOS="1212" WIDTH="31"/>
						<String ID="P14_ST00079" HPOS="2344" VPOS="1148" WIDTH="63" HEIGHT="52" CONTENT="ist" WC="0.99" CC="003"/>
					</TextLine>
					<TextLine ID="P14_TL00011" HPOS="272" VPOS="1232" WIDTH="2136" HEIGHT="57">
						<String ID="P14_ST00080" HPOS="272" VPOS="1233" WIDTH="106" HEIGHT="54" CONTENT="und" WC="0.99" CC="300"/>
						<SP ID="P14_SP00070" HPOS="378" VPOS="1287" WIDTH="35"/>
						<String ID="P14_ST00081" HPOS="413" VPOS="1232" WIDTH="189" HEIGHT="55" CONTENT="stärker" WC="0.99" CC="0060005"/>
						<SP ID="P14_SP00071" HPOS="602" VPOS="1287" WIDTH="30"/>
						<String ID="P14_ST00082" HPOS="632" VPOS="1232" WIDTH="276" HEIGHT="55" CONTENT="anerkannt" WC="1.00" CC="030200002"/>
						<SP ID="P14_SP00072" HPOS="908" VPOS="1287" WIDTH="28"/>
						<String ID="P14_ST00083" HPOS="936" VPOS="1233" WIDTH="141" HEIGHT="56" CONTENT="wird." WC="0.98" CC="07004"/>
						<SP ID="P14_SP00073" HPOS="1077" VPOS="1289" WIDTH="44"/>
						<String ID="P14_ST00084" HPOS="1121" VPOS="1233" WIDTH="135" HEIGHT="55" CONTENT="Aber" WC="0.98" CC="0702"/>
						<SP ID="P14_SP00074" HPOS="1256" VPOS="1289" WIDTH="42"/>
						<String ID="P14_ST00085" HPOS="1298" VPOS="1235" WIDTH="85" HEIGHT="53" CONTENT="die" WC="0.97" CC="080"/>
						<SP ID="P14_SP00075" HPOS="1383" VPOS="1289" WIDTH="42"/>
						<String ID="P14_ST00086" HPOS="1425" VPOS="1233" WIDTH="192" HEIGHT="54" CONTENT="Führer" WC="0.99" CC="007000"/>
						<SP ID="P14_SP00076" HPOS="1617" VPOS="1289" WIDTH="39"/>
						<String ID="P14_ST00087" HPOS="1656" VPOS="1233" WIDTH="87" HEIGHT="54" CONTENT="der" WC="1.00" CC="001"/>
						<SP ID="P14_SP00077" HPOS="1743" VPOS="1289" WIDTH="18"/>
						<String ID="P14_ST00088" HPOS="1761" VPOS="1233" WIDTH="322" HEIGHT="56" CONTENT="Menschheit" WC="1.00" CC="0020000080"/>
						<SP ID="P14_SP00078" HPOS="2083" VPOS="1289" WIDTH="40"/>
						<String ID="P14_ST00089" HPOS="2123" VPOS="1236" WIDTH="111" HEIGHT="53" CONTENT="sind" WC="0.98" CC="0700"/>
						<SP ID="P14_SP00079" HPOS="2234" VPOS="1289" WIDTH="35"/>
						<String ID="P14_ST00090" HPOS="2269" VPOS="1235" WIDTH="139" HEIGHT="54" CONTENT="nicht" WC="0.99" CC="06000"/>
					</TextLine>
					<TextLine ID="P14_TL00012" HPOS="272" VPOS="1322" WIDTH="2135" HEIGHT="68">
						<String ID="P14_ST00091" HPOS="272" VPOS="1322" WIDTH="98" HEIGHT="61" CONTENT="die," WC="0.98" CC="0602"/>
						<SP ID="P14_SP00080" HPOS="370" VPOS="1383" WIDTH="41"/>
						<String ID="P14_ST00092" HPOS="411" VPOS="1322" WIDTH="81" HEIGHT="54" CONTENT="die" WC="0.98" CC="050"/>
						<SP ID="P14_SP00081" HPOS="492" VPOS="1383" WIDTH="38"/>
						<String ID="P14_ST00093" HPOS="530" VPOS="1322" WIDTH="156" HEIGHT="54" CONTENT="selbst" WC="0.99" CC="000700"/>
						<SP ID="P14_SP00082" HPOS="686" VPOS="1383" WIDTH="40"/>
						<String ID="P14_ST00094" HPOS="726" VPOS="1322" WIDTH="108" HEIGHT="55" CONTENT="sich" WC="0.97" CC="0707"/>
						<SP ID="P14_SP00083" HPOS="834" VPOS="1383" WIDTH="40"/>
						<String ID="P14_ST00095" HPOS="874" VPOS="1324" WIDTH="127" HEIGHT="53" CONTENT="dazu" WC="1.00" CC="0010"/>
						<SP ID="P14_SP00084" HPOS="1001" VPOS="1383" WIDTH="40"/>
						<String ID="P14_ST00096" HPOS="1041" VPOS="1322" WIDTH="207" HEIGHT="55" CONTENT="erwählt" WC="1.00" CC="0000042"/>
						<SP ID="P14_SP00085" HPOS="1248" VPOS="1383" WIDTH="39"/>
						<String ID="P14_ST00097" HPOS="1287" VPOS="1322" WIDTH="180" HEIGHT="61" CONTENT="haben," WC="0.99" CC="007000"/>
						<SP ID="P14_SP00086" HPOS="1467" VPOS="1383" WIDTH="42"/>
						<String ID="P14_ST00098" HPOS="1509" VPOS="1322" WIDTH="141" HEIGHT="54" CONTENT="nicht" WC="0.98" CC="06070"/>
						<SP ID="P14_SP00087" HPOS="1650" VPOS="1383" WIDTH="39"/>
						<String ID="P14_ST00099" HPOS="1689" VPOS="1324" WIDTH="80" HEIGHT="53" CONTENT="die" WC="0.97" CC="060"/>
						<SP ID="P14_SP00088" HPOS="1769" VPOS="1383" WIDTH="39"/>
						<String ID="P14_ST00100" HPOS="1808" VPOS="1324" WIDTH="129" HEIGHT="54" CONTENT="alten" WC="0.98" CC="06005"/>
						<SP ID="P14_SP00089" HPOS="1937" VPOS="1383" WIDTH="31"/>
						<String ID="P14_ST00101" HPOS="1968" VPOS="1325" WIDTH="188" HEIGHT="65" CONTENT="großen" WC="0.99" CC="030004"/>
						<SP ID="P14_SP00090" HPOS="2156" VPOS="1390" WIDTH="31"/>
						<String ID="P14_ST00102" HPOS="2187" VPOS="1324" WIDTH="193" HEIGHT="54" CONTENT="Schrift" SUBS_TYPE="HypPart1" SUBS_CONTENT="Schriftredner," WC="0.99" CC="0000770"/>
						<HYP HPOS="2380" VPOS="1324" WIDTH="27" CONTENT="-"/>
					</TextLine>
					<TextLine ID="P14_TL00013" HPOS="272" VPOS="1411" WIDTH="2139" HEIGHT="66">
						<String ID="P14_ST00103" HPOS="272" VPOS="1411" WIDTH="197" HEIGHT="61" CONTENT="redner," SUBS_TYPE="HypPart2" SUBS_CONTENT="Schriftredner," WC="1.00" CC="0004001"/>
						<SP ID="P14_SP00091" HPOS="469" VPOS="1472" WIDTH="41"/>
						<String ID="P14_ST00104" HPOS="510" VPOS="1411" WIDTH="86" HEIGHT="54" CONTENT="auf" WC="0.97" CC="007"/>
						<SP ID="P14_SP00092" HPOS="596" VPOS="1472" WIDTH="37"/>
						<String ID="P14_ST00105" HPOS="633" VPOS="1411" WIDTH="82" HEIGHT="54" CONTENT="die" WC="0.98" CC="060"/>
						<SP ID="P14_SP00093" HPOS="715" VPOS="1472" WIDTH="41"/>
						<String ID="P14_ST00106" HPOS="756" VPOS="1411" WIDTH="75" HEIGHT="54" CONTENT="bis" WC="0.95" CC="770"/>
						<SP ID="P14_SP00094" HPOS="831" VPOS="1472" WIDTH="41"/>
						<String ID="P14_ST00107" HPOS="872" VPOS="1434" WIDTH="115" HEIGHT="32" CONTENT="zum" WC="1.00" CC="000"/>
						<SP ID="P14_SP00095" HPOS="987" VPOS="1472" WIDTH="29"/>
						<String ID="P14_ST00108" HPOS="1016" VPOS="1411" WIDTH="185" HEIGHT="65" CONTENT="Kriege" WC="0.99" CC="304000"/>
						<SP ID="P14_SP00096" HPOS="1201" VPOS="1476" WIDTH="39"/>
						<String ID="P14_ST00109" HPOS="1240" VPOS="1413" WIDTH="135" HEIGHT="64" CONTENT="jedes" WC="0.99" CC="70000"/>
						<SP ID="P14_SP00097" HPOS="1375" VPOS="1477" WIDTH="27"/>
						<String ID="P14_ST00110" HPOS="1402" VPOS="1411" WIDTH="130" HEIGHT="55" CONTENT="Volk" WC="1.00" CC="0020"/>
						<SP ID="P14_SP00098" HPOS="1532" VPOS="1477" WIDTH="38"/>
						<String ID="P14_ST00111" HPOS="1570" VPOS="1434" WIDTH="53" HEIGHT="32" CONTENT="so" WC="1.00" CC="00"/>
						<SP ID="P14_SP00099" HPOS="1623" VPOS="1477" WIDTH="23"/>
						<String ID="P14_ST00112" HPOS="1646" VPOS="1411" WIDTH="173" HEIGHT="65" CONTENT="gehört" WC="0.99" CC="007040"/>
						<SP ID="P14_SP00100" HPOS="1819" VPOS="1477" WIDTH="28"/>
						<String ID="P14_ST00113" HPOS="1847" VPOS="1413" WIDTH="99" HEIGHT="62" CONTENT="hat," WC="1.00" CC="0001"/>
						<SP ID="P14_SP00101" HPOS="1946" VPOS="1477" WIDTH="42"/>
						<String ID="P14_ST00114" HPOS="1988" VPOS="1414" WIDTH="94" HEIGHT="61" CONTENT="bis," WC="0.96" CC="7602"/>
						<SP ID="P14_SP00102" HPOS="2082" VPOS="1477" WIDTH="28"/>
						<String ID="P14_ST00115" HPOS="2110" VPOS="1415" WIDTH="70" HEIGHT="51" CONTENT="im" WC="0.66" CC="60"/>
						<SP ID="P14_SP00103" HPOS="2180" VPOS="1477" WIDTH="20"/>
						<String ID="P14_ST00116" HPOS="2200" VPOS="1411" WIDTH="176" HEIGHT="66" CONTENT="Augen" SUBS_TYPE="HypPart1" SUBS_CONTENT="Augenblick" WC="0.99" CC="20007"/>
						<HYP HPOS="2376" VPOS="1411" WIDTH="35" CONTENT="-"/>
					</TextLine>
					<TextLine ID="P14_TL00014" HPOS="271" VPOS="1499" WIDTH="2137" HEIGHT="63">
						<String ID="P14_ST00117" HPOS="271" VPOS="1499" WIDTH="131" HEIGHT="56" CONTENT="blick" SUBS_TYPE="HypPart2" SUBS_CONTENT="Augenblick" WC="0.98" CC="05800"/>
						<SP ID="P14_SP00104" HPOS="402" VPOS="1555" WIDTH="51"/>
						<String ID="P14_ST00118" HPOS="453" VPOS="1501" WIDTH="90" HEIGHT="54" CONTENT="der" WC="1.00" CC="001"/>
						<SP ID="P14_SP00105" HPOS="543" VPOS="1555" WIDTH="39"/>
						<String ID="P14_ST00119" HPOS="582" VPOS="1500" WIDTH="168" HEIGHT="62" CONTENT="Krise," WC="0.98" CC="346002"/>
						<SP ID="P14_SP00106" HPOS="750" VPOS="1562" WIDTH="42"/>
						<String ID="P14_ST00120" HPOS="792" VPOS="1501" WIDTH="81" HEIGHT="54" CONTENT="die" WC="0.97" CC="070"/>
						<SP ID="P14_SP00107" HPOS="873" VPOS="1562" WIDTH="41"/>
						<String ID="P14_ST00121" HPOS="914" VPOS="1500" WIDTH="234" HEIGHT="55" CONTENT="Eitelkeit" WC="0.99" CC="080040175"/>
						<SP ID="P14_SP00108" HPOS="1148" VPOS="1562" WIDTH="51"/>
						<String ID="P14_ST00122" HPOS="1199" VPOS="1524" WIDTH="118" HEIGHT="32" CONTENT="zum" WC="1.00" CC="000"/>
						<SP ID="P14_SP00109" HPOS="1317" VPOS="1562" WIDTH="38"/>
						<String ID="P14_ST00123" HPOS="1355" VPOS="1501" WIDTH="178" HEIGHT="54" CONTENT="Verrat" WC="0.99" CC="000600"/>
						<SP ID="P14_SP00110" HPOS="1533" VPOS="1562" WIDTH="52"/>
						<String ID="P14_ST00124" HPOS="1585" VPOS="1500" WIDTH="223" HEIGHT="62" CONTENT="schwoll," WC="0.99" CC="00700511"/>
						<SP ID="P14_SP00111" HPOS="1808" VPOS="1562" WIDTH="52"/>
						<String ID="P14_ST00125" HPOS="1860" VPOS="1503" WIDTH="61" HEIGHT="53" CONTENT="da" WC="1.00" CC="00"/>
						<SP ID="P14_SP00112" HPOS="1921" VPOS="1562" WIDTH="54"/>
						<String ID="P14_ST00126" HPOS="1975" VPOS="1503" WIDTH="82" HEIGHT="53" CONTENT="die" WC="0.97" CC="080"/>
						<SP ID="P14_SP00113" HPOS="2057" VPOS="1562" WIDTH="45"/>
						<String ID="P14_ST00127" HPOS="2102" VPOS="1501" WIDTH="184" HEIGHT="55" CONTENT="Macht" WC="0.99" CC="00005"/>
						<SP ID="P14_SP00114" HPOS="2286" VPOS="1562" WIDTH="49"/>
						<String ID="P14_ST00128" HPOS="2335" VPOS="1503" WIDTH="73" HEIGHT="52" CONTENT="sie" WC="0.97" CC="070"/>
					</TextLine>
					<TextLine ID="P14_TL00015" HPOS="272" VPOS="1589" WIDTH="2138" HEIGHT="66">
						<String ID="P14_ST00129" HPOS="272" VPOS="1590" WIDTH="465" HEIGHT="55" CONTENT="umschmeichelte." WC="1.00" CC="000000070001004"/>
						<SP ID="P14_SP00115" HPOS="737" VPOS="1645" WIDTH="41"/>
						<String ID="P14_ST00130" HPOS="778" VPOS="1590" WIDTH="101" HEIGHT="54" CONTENT="Die" WC="0.97" CC="070"/>
						<SP ID="P14_SP00116" HPOS="879" VPOS="1645" WIDTH="28"/>
						<String ID="P14_ST00131" HPOS="907" VPOS="1589" WIDTH="192" HEIGHT="55" CONTENT="Führer" WC="1.00" CC="000000"/>
						<SP ID="P14_SP00117" HPOS="1099" VPOS="1645" WIDTH="19"/>
						<String ID="P14_ST00132" HPOS="1118" VPOS="1592" WIDTH="89" HEIGHT="53" CONTENT="der" WC="1.00" CC="000"/>
						<SP ID="P14_SP00118" HPOS="1207" VPOS="1645" WIDTH="21"/>
						<String ID="P14_ST00133" HPOS="1228" VPOS="1590" WIDTH="327" HEIGHT="55" CONTENT="Menschheit" WC="1.00" CC="0000000060"/>
						<SP ID="P14_SP00119" HPOS="1555" VPOS="1645" WIDTH="33"/>
						<String ID="P14_ST00134" HPOS="1588" VPOS="1590" WIDTH="230" HEIGHT="54" CONTENT="kommen" WC="0.99" CC="000900"/>
						<SP ID="P14_SP00120" HPOS="1818" VPOS="1645" WIDTH="32"/>
						<String ID="P14_ST00135" HPOS="1850" VPOS="1614" WIDTH="86" HEIGHT="31" CONTENT="aus" WC="0.98" CC="050"/>
						<SP ID="P14_SP00121" HPOS="1936" VPOS="1645" WIDTH="20"/>
						<String ID="P14_ST00136" HPOS="1956" VPOS="1592" WIDTH="89" HEIGHT="54" CONTENT="der" WC="1.00" CC="000"/>
						<SP ID="P14_SP00122" HPOS="2045" VPOS="1646" WIDTH="22"/>
						<String ID="P14_ST00137" HPOS="2067" VPOS="1590" WIDTH="210" HEIGHT="65" CONTENT="Menge," WC="1.00" CC="002003"/>
						<SP ID="P14_SP00123" HPOS="2277" VPOS="1655" WIDTH="45"/>
						<String ID="P14_ST00138" HPOS="2322" VPOS="1592" WIDTH="88" HEIGHT="53" CONTENT="der" WC="1.00" CC="000"/>
					</TextLine>
					<TextLine ID="P14_TL00016" HPOS="273" VPOS="1679" WIDTH="2137" HEIGHT="64">
						<String ID="P14_ST00139" HPOS="273" VPOS="1679" WIDTH="70" HEIGHT="54" CONTENT="sie" WC="0.97" CC="070"/>
						<SP ID="P14_SP00124" HPOS="343" VPOS="1733" WIDTH="32"/>
						<String ID="P14_ST00140" HPOS="375" VPOS="1679" WIDTH="241" HEIGHT="64" CONTENT="gehören," WC="0.99" CC="00006053"/>
						<SP ID="P14_SP00125" HPOS="616" VPOS="1743" WIDTH="36"/>
						<String ID="P14_ST00141" HPOS="652" VPOS="1681" WIDTH="105" HEIGHT="53" CONTENT="und" WC="0.98" CC="400"/>
						<SP ID="P14_SP00126" HPOS="757" VPOS="1743" WIDTH="32"/>
						<String ID="P14_ST00142" HPOS="789" VPOS="1681" WIDTH="71" HEIGHT="53" CONTENT="sie" WC="0.97" CC="070"/>
						<SP ID="P14_SP00127" HPOS="860" VPOS="1743" WIDTH="32"/>
						<String ID="P14_ST00143" HPOS="892" VPOS="1681" WIDTH="114" HEIGHT="53" CONTENT="sind" WC="0.98" CC="0740"/>
						<SP ID="P14_SP00128" HPOS="1006" VPOS="1743" WIDTH="31"/>
						<String ID="P14_ST00144" HPOS="1037" VPOS="1679" WIDTH="296" HEIGHT="55" CONTENT="auserwählt" WC="1.00" CC="0000900000"/>
						<SP ID="P14_SP00129" HPOS="1333" VPOS="1743" WIDTH="31"/>
						<String ID="P14_ST00145" HPOS="1364" VPOS="1702" WIDTH="120" HEIGHT="32" CONTENT="vom" WC="1.00" CC="000"/>
						<SP ID="P14_SP00130" HPOS="1484" VPOS="1743" WIDTH="29"/>
						<String ID="P14_ST00146" HPOS="1513" VPOS="1679" WIDTH="164" HEIGHT="55" CONTENT="Geist." WC="0.99" CC="007024"/>
						<SP ID="P14_SP00131" HPOS="1677" VPOS="1743" WIDTH="43"/>
						<String ID="P14_ST00147" HPOS="1720" VPOS="1681" WIDTH="149" HEIGHT="53" CONTENT="Denn" WC="0.98" CC="3006"/>
						<SP ID="P14_SP00132" HPOS="1869" VPOS="1743" WIDTH="34"/>
						<String ID="P14_ST00148" HPOS="1903" VPOS="1681" WIDTH="157" HEIGHT="60" CONTENT="nicht," WC="0.99" CC="660002"/>
						<SP ID="P14_SP00133" HPOS="2060" VPOS="1743" WIDTH="33"/>
						<String ID="P14_ST00149" HPOS="2093" VPOS="1703" WIDTH="88" HEIGHT="31" CONTENT="um" WC="0.73" CC="50"/>
						<SP ID="P14_SP00134" HPOS="2181" VPOS="1743" WIDTH="34"/>
						<String ID="P14_ST00150" HPOS="2215" VPOS="1679" WIDTH="195" HEIGHT="55" CONTENT="Führer" WC="1.00" CC="000400"/>
					</TextLine>
					<TextLine ID="P14_TL00017" HPOS="273" VPOS="1768" WIDTH="2135" HEIGHT="65">
						<String ID="P14_ST00151" HPOS="273" VPOS="1791" WIDTH="63" HEIGHT="31" CONTENT="zu" WC="1.00" CC="00"/>
						<SP ID="P14_SP00135" HPOS="336" VPOS="1822" WIDTH="33"/>
						<String ID="P14_ST00152" HPOS="369" VPOS="1769" WIDTH="123" HEIGHT="60" CONTENT="sein," WC="0.98" CC="00730"/>
						<SP ID="P14_SP00136" HPOS="492" VPOS="1829" WIDTH="33"/>
						<String ID="P14_ST00153" HPOS="525" VPOS="1768" WIDTH="180" HEIGHT="54" CONTENT="führen" WC="0.99" CC="600003"/>
						<SP ID="P14_SP00137" HPOS="705" VPOS="1829" WIDTH="33"/>
						<String ID="P14_ST00154" HPOS="738" VPOS="1769" WIDTH="90" HEIGHT="61" CONTENT="sie," WC="0.98" CC="0703"/>
						<SP ID="P14_SP00138" HPOS="828" VPOS="1830" WIDTH="50"/>
						<String ID="P14_ST00155" HPOS="878" VPOS="1768" WIDTH="216" HEIGHT="55" CONTENT="sondern" WC="1.00" CC="0420000"/>
						<SP ID="P14_SP00139" HPOS="1094" VPOS="1830" WIDTH="34"/>
						<String ID="P14_ST00156" HPOS="1128" VPOS="1769" WIDTH="111" HEIGHT="54" CONTENT="weil" WC="0.98" CC="0064"/>
						<SP ID="P14_SP00140" HPOS="1239" VPOS="1830" WIDTH="34"/>
						<String ID="P14_ST00157" HPOS="1273" VPOS="1769" WIDTH="179" HEIGHT="64" CONTENT="gerade" WC="1.00" CC="000000"/>
						<SP ID="P14_SP00141" HPOS="1452" VPOS="1833" WIDTH="33"/>
						<String ID="P14_ST00158" HPOS="1485" VPOS="1768" WIDTH="113" HEIGHT="55" CONTENT="kein" WC="0.98" CC="0070"/>
						<SP ID="P14_SP00142" HPOS="1598" VPOS="1833" WIDTH="34"/>
						<String ID="P14_ST00159" HPOS="1632" VPOS="1769" WIDTH="209" HEIGHT="54" CONTENT="anderer" WC="1.00" CC="0000000"/>
						<SP ID="P14_SP00143" HPOS="1841" VPOS="1833" WIDTH="38"/>
						<String ID="P14_ST00160" HPOS="1879" VPOS="1771" WIDTH="61" HEIGHT="53" CONTENT="da" WC="1.00" CC="00"/>
						<SP ID="P14_SP00144" HPOS="1940" VPOS="1833" WIDTH="42"/>
						<String ID="P14_ST00161" HPOS="1982" VPOS="1771" WIDTH="81" HEIGHT="59" CONTENT="ist," WC="0.98" CC="8003"/>
						<SP ID="P14_SP00145" HPOS="2063" VPOS="1833" WIDTH="54"/>
						<String ID="P14_ST00162" HPOS="2117" VPOS="1772" WIDTH="88" HEIGHT="52" CONTENT="der" WC="0.97" CC="009"/>
						<SP ID="P14_SP00146" HPOS="2205" VPOS="1833" WIDTH="42"/>
						<String ID="P14_ST00163" HPOS="2247" VPOS="1792" WIDTH="53" HEIGHT="31" CONTENT="es" WC="1.00" CC="00"/>
						<SP ID="P14_SP00147" HPOS="2300" VPOS="1833" WIDTH="45"/>
						<String ID="P14_ST00164" HPOS="2345" VPOS="1792" WIDTH="63" HEIGHT="31" CONTENT="an" WC="1.00" CC="00"/>
					</TextLine>
					<TextLine ID="P14_TL00018" HPOS="273" VPOS="1856" WIDTH="2134" HEIGHT="66">
						<String ID="P14_ST00165" HPOS="273" VPOS="1857" WIDTH="133" HEIGHT="53" CONTENT="ihrer" WC="0.98" CC="70602"/>
						<SP ID="P14_SP00148" HPOS="406" VPOS="1910" WIDTH="29"/>
						<String ID="P14_ST00166" HPOS="435" VPOS="1857" WIDTH="155" HEIGHT="53" CONTENT="Stelle" WC="0.99" CC="000740"/>
						<SP ID="P14_SP00149" HPOS="590" VPOS="1910" WIDTH="43"/>
						<String ID="P14_ST00167" HPOS="633" VPOS="1868" WIDTH="124" HEIGHT="51" CONTENT="täte;" WC="0.99" CC="00006"/>
						<SP ID="P14_SP00150" HPOS="757" VPOS="1919" WIDTH="45"/>
						<String ID="P14_ST00168" HPOS="802" VPOS="1858" WIDTH="109" HEIGHT="54" CONTENT="und" WC="0.98" CC="400"/>
						<SP ID="P14_SP00151" HPOS="911" VPOS="1919" WIDTH="46"/>
						<String ID="P14_ST00169" HPOS="957" VPOS="1858" WIDTH="70" HEIGHT="52" CONTENT="sie" WC="0.97" CC="070"/>
						<SP ID="P14_SP00152" HPOS="1027" VPOS="1919" WIDTH="30"/>
						<String ID="P14_ST00170" HPOS="1057" VPOS="1872" WIDTH="91" HEIGHT="40" CONTENT="tun" WC="0.99" CC="010"/>
						<SP ID="P14_SP00153" HPOS="1148" VPOS="1919" WIDTH="36"/>
						<String ID="P14_ST00171" HPOS="1184" VPOS="1860" WIDTH="105" HEIGHT="59" CONTENT="das," WC="1.00" CC="0200"/>
						<SP ID="P14_SP00154" HPOS="1289" VPOS="1919" WIDTH="60"/>
						<String ID="P14_ST00172" HPOS="1349" VPOS="1858" WIDTH="170" HEIGHT="54" CONTENT="indem" WC="0.98" CC="84000"/>
						<SP ID="P14_SP00155" HPOS="1519" VPOS="1919" WIDTH="33"/>
						<String ID="P14_ST00173" HPOS="1552" VPOS="1860" WIDTH="71" HEIGHT="52" CONTENT="sie" WC="0.97" CC="060"/>
						<SP ID="P14_SP00156" HPOS="1623" VPOS="1919" WIDTH="33"/>
						<String ID="P14_ST00174" HPOS="1656" VPOS="1881" WIDTH="63" HEIGHT="31" CONTENT="an" WC="1.00" CC="00"/>
						<SP ID="P14_SP00157" HPOS="1719" VPOS="1919" WIDTH="31"/>
						<String ID="P14_ST00175" HPOS="1750" VPOS="1858" WIDTH="113" HEIGHT="54" CONTENT="dem" WC="1.00" CC="000"/>
						<SP ID="P14_SP00158" HPOS="1863" VPOS="1919" WIDTH="31"/>
						<String ID="P14_ST00176" HPOS="1894" VPOS="1858" WIDTH="225" HEIGHT="64" CONTENT="einzigen" WC="0.99" CC="06068000"/>
						<SP ID="P14_SP00159" HPOS="2119" VPOS="1922" WIDTH="33"/>
						<String ID="P14_ST00177" HPOS="2152" VPOS="1856" WIDTH="255" HEIGHT="63" CONTENT="Moment," WC="1.00" CC="0000003"/>
					</TextLine>
					<TextLine ID="P14_TL00019" HPOS="273" VPOS="1945" WIDTH="2134" HEIGHT="66">
						<String ID="P14_ST00178" HPOS="273" VPOS="1945" WIDTH="91" HEIGHT="54" CONTENT="der" WC="0.96" CC="009"/>
						<SP ID="P14_SP00160" HPOS="364" VPOS="1999" WIDTH="29"/>
						<String ID="P14_ST00179" HPOS="393" VPOS="1968" WIDTH="124" HEIGHT="41" CONTENT="ganz" WC="1.00" CC="0001"/>
						<SP ID="P14_SP00161" HPOS="517" VPOS="2009" WIDTH="33"/>
						<String ID="P14_ST00180" HPOS="550" VPOS="1946" WIDTH="80" HEIGHT="53" CONTENT="ihr" WC="0.97" CC="700"/>
						<SP ID="P14_SP00162" HPOS="630" VPOS="2009" WIDTH="31"/>
						<String ID="P14_ST00181" HPOS="661" VPOS="1946" WIDTH="173" HEIGHT="55" CONTENT="Leben" WC="0.98" CC="10706"/>
						<SP ID="P14_SP00163" HPOS="834" VPOS="2009" WIDTH="31"/>
						<String ID="P14_ST00182" HPOS="865" VPOS="1946" WIDTH="107" HEIGHT="55" CONTENT="und" WC="1.00" CC="000"/>
						<SP ID="P14_SP00164" HPOS="972" VPOS="2009" WIDTH="32"/>
						<String ID="P14_ST00183" HPOS="1004" VPOS="1946" WIDTH="77" HEIGHT="53" CONTENT="ihr" WC="0.92" CC="776"/>
						<SP ID="P14_SP00165" HPOS="1081" VPOS="2009" WIDTH="33"/>
						<String ID="P14_ST00184" HPOS="1114" VPOS="1946" WIDTH="220" HEIGHT="55" CONTENT="Können" WC="0.99" CC="040205"/>
						<SP ID="P14_SP00166" HPOS="1334" VPOS="2009" WIDTH="32"/>
						<String ID="P14_ST00185" HPOS="1366" VPOS="1947" WIDTH="64" HEIGHT="54" CONTENT="ist" WC="0.97" CC="800"/>
						<SP ID="P14_SP00167" HPOS="1430" VPOS="2009" WIDTH="112"/>
						<String ID="P14_ST00186" HPOS="1542" VPOS="1969" WIDTH="55" HEIGHT="32" CONTENT="so" WC="1.00" CC="00"/>
						<SP ID="P14_SP00168" HPOS="1597" VPOS="2009" WIDTH="33"/>
						<String ID="P14_ST00187" HPOS="1630" VPOS="1946" WIDTH="198" HEIGHT="56" CONTENT="einfach" WC="0.99" CC="0765000"/>
						<SP ID="P14_SP00169" HPOS="1828" VPOS="2009" WIDTH="22"/>
						<String ID="P14_ST00188" HPOS="1850" VPOS="1947" WIDTH="78" HEIGHT="54" CONTENT="die" WC="0.97" CC="080"/>
						<SP ID="P14_SP00170" HPOS="1928" VPOS="2009" WIDTH="21"/>
						<String ID="P14_ST00189" HPOS="1949" VPOS="1947" WIDTH="125" HEIGHT="54" CONTENT="auch" WC="1.00" CC="0000"/>
						<SP ID="P14_SP00171" HPOS="2074" VPOS="2009" WIDTH="22"/>
						<String ID="P14_ST00190" HPOS="2096" VPOS="1947" WIDTH="105" HEIGHT="54" CONTENT="sein" WC="0.97" CC="0076"/>
						<SP ID="P14_SP00172" HPOS="2201" VPOS="2009" WIDTH="24"/>
						<String ID="P14_ST00191" HPOS="2225" VPOS="1957" WIDTH="182" HEIGHT="54" CONTENT="mögen" WC="0.99" CC="00005"/>
					</TextLine>
					<TextLine ID="P14_TL00020" HPOS="378" VPOS="2034" WIDTH="290" HEIGHT="64">
						<String ID="P14_ST00192" HPOS="378" VPOS="2034" WIDTH="290" HEIGHT="64" CONTENT="eingreifen." WC="0.99" CC="06005076034"/>
					</TextLine>
					<TextLine ID="P14_TL00021" HPOS="384" VPOS="2122" WIDTH="2027" HEIGHT="63">
						<String ID="P14_ST00193" HPOS="384" VPOS="2122" WIDTH="119" HEIGHT="56" CONTENT="Wer" WC="0.98" CC="210"/>
						<SP ID="P14_SP00173" HPOS="503" VPOS="2178" WIDTH="30"/>
						<String ID="P14_ST00194" HPOS="533" VPOS="2126" WIDTH="180" HEIGHT="52" CONTENT="wissen" WC="0.98" CC="074304"/>
						<SP ID="P14_SP00174" HPOS="713" VPOS="2178" WIDTH="33"/>
						<String ID="P14_ST00195" HPOS="746" VPOS="2124" WIDTH="118" HEIGHT="61" CONTENT="will," WC="0.98" CC="06522"/>
						<SP ID="P14_SP00175" HPOS="864" VPOS="2185" WIDTH="34"/>
						<String ID="P14_ST00196" HPOS="898" VPOS="2125" WIDTH="92" HEIGHT="52" CONTENT="wie" WC="0.98" CC="041"/>
						<SP ID="P14_SP00176" HPOS="990" VPOS="2185" WIDTH="26"/>
						<String ID="P14_ST00197" HPOS="1016" VPOS="2148" WIDTH="52" HEIGHT="30" CONTENT="es" WC="1.00" CC="00"/>
						<SP ID="P14_SP00177" HPOS="1068" VPOS="2185" WIDTH="27"/>
						<String ID="P14_ST00198" HPOS="1095" VPOS="2139" WIDTH="149" HEIGHT="39" CONTENT="unter" WC="0.98" CC="01109"/>
						<SP ID="P14_SP00178" HPOS="1244" VPOS="2185" WIDTH="25"/>
						<String ID="P14_ST00199" HPOS="1269" VPOS="2125" WIDTH="98" HEIGHT="53" CONTENT="den" WC="1.00" CC="000"/>
						<SP ID="P14_SP00179" HPOS="1367" VPOS="2185" WIDTH="23"/>
						<String ID="P14_ST00200" HPOS="1390" VPOS="2124" WIDTH="296" HEIGHT="56" CONTENT="Deutschen" WC="1.00" CC="005000007"/>
						<SP ID="P14_SP00180" HPOS="1686" VPOS="2185" WIDTH="31"/>
						<String ID="P14_ST00201" HPOS="1717" VPOS="2125" WIDTH="144" HEIGHT="60" CONTENT="steht," WC="1.00" CC="000000"/>
						<SP ID="P14_SP00181" HPOS="1861" VPOS="2185" WIDTH="42"/>
						<String ID="P14_ST00202" HPOS="1903" VPOS="2125" WIDTH="89" HEIGHT="53" CONTENT="der" WC="0.96" CC="009"/>
						<SP ID="P14_SP00182" HPOS="1992" VPOS="2185" WIDTH="29"/>
						<String ID="P14_ST00203" HPOS="2021" VPOS="2124" WIDTH="112" HEIGHT="54" CONTENT="darf" WC="0.97" CC="0047"/>
						<SP ID="P14_SP00183" HPOS="2133" VPOS="2185" WIDTH="30"/>
						<String ID="P14_ST00204" HPOS="2163" VPOS="2124" WIDTH="141" HEIGHT="54" CONTENT="nicht" WC="0.99" CC="37000"/>
						<SP ID="P14_SP00184" HPOS="2304" VPOS="2185" WIDTH="19"/>
						<String ID="P14_ST00205" HPOS="2323" VPOS="2125" WIDTH="88" HEIGHT="53" CONTENT="auf" WC="0.99" CC="003"/>
					</TextLine>
					<TextLine ID="P14_TL00022" HPOS="273" VPOS="2213" WIDTH="705" HEIGHT="64">
						<String ID="P14_ST00206" HPOS="273" VPOS="2214" WIDTH="263" HEIGHT="63" CONTENT="gerühmte" WC="1.00" CC="00400000"/>
						<SP ID="P14_SP00185" HPOS="536" VPOS="2277" WIDTH="33"/>
						<String ID="P14_ST00207" HPOS="569" VPOS="2213" WIDTH="200" HEIGHT="54" CONTENT="Namen" WC="1.00" CC="00003"/>
						<SP ID="P14_SP00186" HPOS="769" VPOS="2277" WIDTH="34"/>
						<String ID="P14_ST00208" HPOS="803" VPOS="2214" WIDTH="175" HEIGHT="55" CONTENT="hören." WC="0.99" CC="054014"/>
					</TextLine>
					<TextLine ID="P14_TL00023" HPOS="385" VPOS="2302" WIDTH="2026" HEIGHT="66">
						<String ID="P14_ST00209" HPOS="385" VPOS="2302" WIDTH="66" HEIGHT="54" CONTENT="Er" WC="0.67" CC="06"/>
						<SP ID="P14_SP00187" HPOS="451" VPOS="2356" WIDTH="14"/>
						<String ID="P14_ST00210" HPOS="465" VPOS="2303" WIDTH="144" HEIGHT="54" CONTENT="achte" WC="1.00" CC="00000"/>
						<SP ID="P14_SP00188" HPOS="609" VPOS="2357" WIDTH="14"/>
						<String ID="P14_ST00211" HPOS="623" VPOS="2303" WIDTH="87" HEIGHT="54" CONTENT="auf" WC="0.95" CC="237"/>
						<SP ID="P14_SP00189" HPOS="710" VPOS="2357" WIDTH="14"/>
						<String ID="P14_ST00212" HPOS="724" VPOS="2304" WIDTH="82" HEIGHT="53" CONTENT="die" WC="0.97" CC="070"/>
						<SP ID="P14_SP00190" HPOS="806" VPOS="2357" WIDTH="12"/>
						<String ID="P14_ST00213" HPOS="818" VPOS="2303" WIDTH="217" HEIGHT="65" CONTENT="Jungen," WC="0.99" CC="3200030"/>
						<SP ID="P14_SP00191" HPOS="1035" VPOS="2368" WIDTH="21"/>
						<String ID="P14_ST00214" HPOS="1056" VPOS="2304" WIDTH="409" HEIGHT="64" CONTENT="Ungerühmten," WC="0.82" CC="110050066000"/>
						<SP ID="P14_SP00192" HPOS="1465" VPOS="2368" WIDTH="19"/>
						<String ID="P14_ST00215" HPOS="1484" VPOS="2305" WIDTH="122" HEIGHT="63" CONTENT="grad" WC="0.66" CC="0660"/>
						<SP ID="P14_SP00193" HPOS="1606" VPOS="2368" WIDTH="15"/>
						<String ID="P14_ST00216" HPOS="1621" VPOS="2303" WIDTH="132" HEIGHT="54" CONTENT="noch" WC="1.00" CC="0000"/>
						<SP ID="P14_SP00194" HPOS="1753" VPOS="2368" WIDTH="15"/>
						<String ID="P14_ST00217" HPOS="1768" VPOS="2303" WIDTH="139" HEIGHT="54" CONTENT="nicht" WC="0.99" CC="18000"/>
						<SP ID="P14_SP00195" HPOS="1907" VPOS="2368" WIDTH="15"/>
						<String ID="P14_ST00218" HPOS="1922" VPOS="2302" WIDTH="489" HEIGHT="64" CONTENT="Totgeschossenen." WC="1.00" CC="5310000010006033"/>
					</TextLine>
					<TextLine ID="P14_TL00024" HPOS="275" VPOS="2392" WIDTH="2136" HEIGHT="66">
						<String ID="P14_ST00219" HPOS="275" VPOS="2392" WIDTH="66" HEIGHT="53" CONTENT="Es" WC="1.00" CC="00"/>
						<SP ID="P14_SP00196" HPOS="341" VPOS="2445" WIDTH="31"/>
						<String ID="P14_ST00220" HPOS="372" VPOS="2392" WIDTH="229" HEIGHT="63" CONTENT="beginnt." WC="0.99" CC="70060004"/>
						<SP ID="P14_SP00197" HPOS="601" VPOS="2455" WIDTH="34"/>
						<String ID="P14_ST00221" HPOS="635" VPOS="2392" WIDTH="146" HEIGHT="54" CONTENT="Ganz" WC="1.00" CC="0020"/>
						<SP ID="P14_SP00198" HPOS="781" VPOS="2455" WIDTH="41"/>
						<String ID="P14_ST00222" HPOS="822" VPOS="2393" WIDTH="196" HEIGHT="64" CONTENT="winzig." WC="0.99" CC="0602804"/>
						<SP ID="P14_SP00199" HPOS="1018" VPOS="2457" WIDTH="42"/>
						<String ID="P14_ST00223" HPOS="1060" VPOS="2392" WIDTH="148" HEIGHT="54" CONTENT="Doch" WC="0.98" CC="0007"/>
						<SP ID="P14_SP00200" HPOS="1208" VPOS="2457" WIDTH="34"/>
						<String ID="P14_ST00224" HPOS="1242" VPOS="2416" WIDTH="53" HEIGHT="30" CONTENT="es" WC="1.00" CC="00"/>
						<SP ID="P14_SP00201" HPOS="1295" VPOS="2457" WIDTH="21"/>
						<String ID="P14_ST00225" HPOS="1316" VPOS="2393" WIDTH="225" HEIGHT="65" CONTENT="beginnt." WC="0.99" CC="70060004"/>
						<SP ID="P14_SP00202" HPOS="1541" VPOS="2458" WIDTH="37"/>
						<String ID="P14_ST00226" HPOS="1578" VPOS="2393" WIDTH="122" HEIGHT="55" CONTENT="Und" WC="0.98" CC="420"/>
						<SP ID="P14_SP00203" HPOS="1700" VPOS="2458" WIDTH="23"/>
						<String ID="P14_ST00227" HPOS="1723" VPOS="2394" WIDTH="157" HEIGHT="54" CONTENT="dieser" WC="0.99" CC="070002"/>
						<SP ID="P14_SP00204" HPOS="1880" VPOS="2458" WIDTH="24"/>
						<String ID="P14_ST00228" HPOS="1904" VPOS="2393" WIDTH="192" HEIGHT="62" CONTENT="Beginn" WC="0.99" CC="000700"/>
						<SP ID="P14_SP00205" HPOS="2096" VPOS="2458" WIDTH="27"/>
						<String ID="P14_ST00229" HPOS="2123" VPOS="2393" WIDTH="125" HEIGHT="53" CONTENT="wird" WC="0.98" CC="0800"/>
						<SP ID="P14_SP00206" HPOS="2248" VPOS="2458" WIDTH="21"/>
						<String ID="P14_ST00230" HPOS="2269" VPOS="2392" WIDTH="142" HEIGHT="54" CONTENT="nicht" WC="0.96" CC="65079"/>
					</TextLine>
					<TextLine ID="P14_TL00025" HPOS="276" VPOS="2481" WIDTH="2135" HEIGHT="64">
						<String ID="P14_ST00231" HPOS="276" VPOS="2481" WIDTH="91" HEIGHT="53" CONTENT="wie" WC="0.97" CC="080"/>
						<SP ID="P14_SP00207" HPOS="367" VPOS="2534" WIDTH="32"/>
						<String ID="P14_ST00232" HPOS="399" VPOS="2482" WIDTH="130" HEIGHT="52" CONTENT="einst" WC="0.98" CC="06505"/>
						<SP ID="P14_SP00208" HPOS="529" VPOS="2534" WIDTH="47"/>
						<String ID="P14_ST00233" HPOS="576" VPOS="2482" WIDTH="350" HEIGHT="63" CONTENT="organisierter" WC="1.00" CC="0500070700002"/>
						<SP ID="P14_SP00209" HPOS="926" VPOS="2545" WIDTH="33"/>
						<String ID="P14_ST00234" HPOS="959" VPOS="2481" WIDTH="438" HEIGHT="56" CONTENT="Gewerklerstreik" WC="1.00" CC="000060504004070"/>
						<SP ID="P14_SP00210" HPOS="1397" VPOS="2545" WIDTH="50"/>
						<String ID="P14_ST00235" HPOS="1447" VPOS="2483" WIDTH="162" HEIGHT="54" CONTENT="durch" WC="0.99" CC="00207"/>
						<SP ID="P14_SP00211" HPOS="1609" VPOS="2545" WIDTH="33"/>
						<String ID="P14_ST00236" HPOS="1642" VPOS="2482" WIDTH="252" HEIGHT="55" CONTENT="Verteilen" WC="0.99" CC="002006703"/>
						<SP ID="P14_SP00212" HPOS="1894" VPOS="2545" WIDTH="49"/>
						<String ID="P14_ST00237" HPOS="1943" VPOS="2503" WIDTH="98" HEIGHT="31" CONTENT="von" WC="0.99" CC="002"/>
						<SP ID="P14_SP00213" HPOS="2041" VPOS="2545" WIDTH="42"/>
						<String ID="P14_ST00238" HPOS="2083" VPOS="2481" WIDTH="328" HEIGHT="64" CONTENT="Speckseiten" WC="1.00" CC="00000006001"/>
					</TextLine>
					<TextLine ID="P14_TL00026" HPOS="275" VPOS="2568" WIDTH="2137" HEIGHT="66">
						<String ID="P14_ST00239" HPOS="275" VPOS="2591" WIDTH="87" HEIGHT="31" CONTENT="aus" WC="1.00" CC="000"/>
						<SP ID="P14_SP00214" HPOS="362" VPOS="2622" WIDTH="31"/>
						<String ID="P14_ST00240" HPOS="393" VPOS="2568" WIDTH="439" HEIGHT="66" CONTENT="Kriegskammern" WC="1.00" CC="0170700000003"/>
						<SP ID="P14_SP00215" HPOS="832" VPOS="2634" WIDTH="31"/>
						<String ID="P14_ST00241" HPOS="863" VPOS="2592" WIDTH="62" HEIGHT="32" CONTENT="zu" WC="1.00" CC="00"/>
						<SP ID="P14_SP00216" HPOS="925" VPOS="2634" WIDTH="27"/>
						<String ID="P14_ST00242" HPOS="952" VPOS="2570" WIDTH="245" HEIGHT="55" CONTENT="ersticken" WC="0.99" CC="030070007"/>
						<SP ID="P14_SP00217" HPOS="1197" VPOS="2634" WIDTH="29"/>
						<String ID="P14_ST00243" HPOS="1226" VPOS="2572" WIDTH="126" HEIGHT="52" CONTENT="sein." WC="0.98" CC="00834"/>
						<SP ID="P14_SP00218" HPOS="1352" VPOS="2634" WIDTH="53"/>
						<String ID="P14_ST00244" HPOS="1405" VPOS="2571" WIDTH="429" HEIGHT="59" CONTENT="Untheatralisch," WC="1.00" CC="000700050570071"/>
						<SP ID="P14_SP00219" HPOS="1834" VPOS="2634" WIDTH="29"/>
						<String ID="P14_ST00245" HPOS="1863" VPOS="2570" WIDTH="108" HEIGHT="59" CONTENT="zäh," WC="0.99" CC="0003"/>
						<SP ID="P14_SP00220" HPOS="1971" VPOS="2634" WIDTH="41"/>
						<String ID="P14_ST00246" HPOS="2012" VPOS="2568" WIDTH="241" HEIGHT="65" CONTENT="langsam," WC="0.99" CC="70400003"/>
						<SP ID="P14_SP00221" HPOS="2253" VPOS="2634" WIDTH="40"/>
						<String ID="P14_ST00247" HPOS="2293" VPOS="2592" WIDTH="119" HEIGHT="32" CONTENT="vom" WC="1.00" CC="000"/>
					</TextLine>
					<TextLine ID="P14_TL00027" HPOS="276" VPOS="2657" WIDTH="2136" HEIGHT="66">
						<String ID="P14_ST00248" HPOS="276" VPOS="2657" WIDTH="272" HEIGHT="54" CONTENT="Entsetzen" WC="1.00" CC="021000000"/>
						<SP ID="P14_SP00222" HPOS="548" VPOS="2711" WIDTH="26"/>
						<String ID="P14_ST00249" HPOS="574" VPOS="2658" WIDTH="89" HEIGHT="53" CONTENT="des" WC="1.00" CC="000"/>
						<SP ID="P14_SP00223" HPOS="663" VPOS="2711" WIDTH="27"/>
						<String ID="P14_ST00250" HPOS="690" VPOS="2657" WIDTH="324" HEIGHT="56" CONTENT="Einfachsten" WC="1.00" CC="07250000000"/>
						<SP ID="P14_SP00224" HPOS="1014" VPOS="2713" WIDTH="29"/>
						<String ID="P14_ST00251" HPOS="1043" VPOS="2660" WIDTH="105" HEIGHT="61" CONTENT="her," WC="0.99" CC="0023"/>
						<SP ID="P14_SP00225" HPOS="1148" VPOS="2721" WIDTH="41"/>
						<String ID="P14_ST00252" HPOS="1189" VPOS="2681" WIDTH="126" HEIGHT="42" CONTENT="ganz" WC="1.00" CC="0000"/>
						<SP ID="P14_SP00226" HPOS="1315" VPOS="2723" WIDTH="27"/>
						<String ID="P14_ST00253" HPOS="1342" VPOS="2684" WIDTH="88" HEIGHT="30" CONTENT="aus" WC="0.99" CC="010"/>
						<SP ID="P14_SP00227" HPOS="1430" VPOS="2723" WIDTH="27"/>
						<String ID="P14_ST00254" HPOS="1457" VPOS="2661" WIDTH="118" HEIGHT="53" CONTENT="dem" WC="1.00" CC="000"/>
						<SP ID="P14_SP00228" HPOS="1575" VPOS="2723" WIDTH="29"/>
						<String ID="P14_ST00255" HPOS="1604" VPOS="2660" WIDTH="210" HEIGHT="54" CONTENT="Kleinen" WC="0.99" CC="0507601"/>
						<SP ID="P14_SP00229" HPOS="1814" VPOS="2723" WIDTH="29"/>
						<String ID="P14_ST00256" HPOS="1843" VPOS="2672" WIDTH="180" HEIGHT="46" CONTENT="zuerst," WC="1.00" CC="0000013"/>
						<SP ID="P14_SP00230" HPOS="2023" VPOS="2723" WIDTH="41"/>
						<String ID="P14_ST00257" HPOS="2064" VPOS="2660" WIDTH="127" HEIGHT="52" CONTENT="wird" WC="0.97" CC="0750"/>
						<SP ID="P14_SP00231" HPOS="2191" VPOS="2723" WIDTH="40"/>
						<String ID="P14_ST00258" HPOS="2231" VPOS="2681" WIDTH="53" HEIGHT="32" CONTENT="es" WC="1.00" CC="00"/>
						<SP ID="P14_SP00232" HPOS="2284" VPOS="2723" WIDTH="39"/>
						<String ID="P14_ST00259" HPOS="2323" VPOS="2680" WIDTH="89" HEIGHT="33" CONTENT="zur" WC="0.95" CC="039"/>
					</TextLine>
					<TextLine ID="P14_TL00028" HPOS="277" VPOS="2746" WIDTH="1931" HEIGHT="67">
						<String ID="P14_ST00260" HPOS="277" VPOS="2747" WIDTH="220" HEIGHT="55" CONTENT="Freiheit" WC="0.99" CC="02070070"/>
						<SP ID="P14_SP00233" HPOS="497" VPOS="2802" WIDTH="28"/>
						<String ID="P14_ST00261" HPOS="525" VPOS="2747" WIDTH="178" HEIGHT="65" CONTENT="gehen." WC="0.99" CC="900004"/>
						<SP ID="P14_SP00234" HPOS="703" VPOS="2812" WIDTH="52"/>
						<String ID="P14_ST00262" HPOS="755" VPOS="2746" WIDTH="94" HEIGHT="55" CONTENT="Ein" WC="0.93" CC="575"/>
						<SP ID="P14_SP00235" HPOS="849" VPOS="2812" WIDTH="29"/>
						<String ID="P14_ST00263" HPOS="878" VPOS="2747" WIDTH="244" HEIGHT="56" CONTENT="schwerer" WC="1.00" CC="00002000"/>
						<SP ID="P14_SP00236" HPOS="1122" VPOS="2812" WIDTH="29"/>
						<String ID="P14_ST00264" HPOS="1151" VPOS="2749" WIDTH="149" HEIGHT="64" CONTENT="Gang" WC="0.99" CC="0050"/>
						<SP ID="P14_SP00237" HPOS="1300" VPOS="2813" WIDTH="26"/>
						<String ID="P14_ST00265" HPOS="1326" VPOS="2750" WIDTH="134" HEIGHT="56" CONTENT="noch" WC="0.99" CC="0400"/>
						<SP ID="P14_SP00238" HPOS="1460" VPOS="2813" WIDTH="26"/>
						<String ID="P14_ST00266" HPOS="1486" VPOS="2747" WIDTH="398" HEIGHT="66" CONTENT="schlafdumpfer" WC="1.00" CC="0006060510600"/>
						<SP ID="P14_SP00239" HPOS="1884" VPOS="2813" WIDTH="20"/>
						<String ID="P14_ST00267" HPOS="1904" VPOS="2747" WIDTH="304" HEIGHT="55" CONTENT="Menschen." WC="1.00" CC="000020004"/>
					</TextLine>
					<TextLine ID="P14_TL00029" HPOS="388" VPOS="2835" WIDTH="2022" HEIGHT="65">
						<String ID="P14_ST00268" HPOS="388" VPOS="2835" WIDTH="138" HEIGHT="55" CONTENT="Alles" WC="0.98" CC="17400"/>
						<SP ID="P14_SP00240" HPOS="526" VPOS="2890" WIDTH="38"/>
						<String ID="P14_ST00269" HPOS="564" VPOS="2838" WIDTH="66" HEIGHT="52" CONTENT="ist" WC="0.99" CC="200"/>
						<SP ID="P14_SP00241" HPOS="630" VPOS="2890" WIDTH="37"/>
						<String ID="P14_ST00270" HPOS="667" VPOS="2836" WIDTH="133" HEIGHT="54" CONTENT="noch" WC="0.99" CC="5000"/>
						<SP ID="P14_SP00242" HPOS="800" VPOS="2890" WIDTH="42"/>
						<String ID="P14_ST00271" HPOS="842" VPOS="2860" WIDTH="64" HEIGHT="30" CONTENT="zu" WC="0.66" CC="06"/>
						<SP ID="P14_SP00243" HPOS="906" VPOS="2890" WIDTH="38"/>
						<String ID="P14_ST00272" HPOS="944" VPOS="2850" WIDTH="112" HEIGHT="40" CONTENT="tun." WC="0.98" CC="0064"/>
						<SP ID="P14_SP00244" HPOS="1056" VPOS="2890" WIDTH="39"/>
						<String ID="P14_ST00273" HPOS="1095" VPOS="2836" WIDTH="108" HEIGHT="55" CONTENT="Wir" WC="0.95" CC="445"/>
						<SP ID="P14_SP00245" HPOS="1203" VPOS="2891" WIDTH="41"/>
						<String ID="P14_ST00274" HPOS="1244" VPOS="2839" WIDTH="176" HEIGHT="54" CONTENT="stehen" WC="1.00" CC="000000"/>
						<SP ID="P14_SP00246" HPOS="1420" VPOS="2893" WIDTH="41"/>
						<String ID="P14_ST00275" HPOS="1461" VPOS="2853" WIDTH="99" HEIGHT="39" CONTENT="erst" WC="0.99" CC="0103"/>
						<SP ID="P14_SP00247" HPOS="1560" VPOS="2893" WIDTH="41"/>
						<String ID="P14_ST00276" HPOS="1601" VPOS="2862" WIDTH="80" HEIGHT="30" CONTENT="am" WC="0.57" CC="34"/>
						<SP ID="P14_SP00248" HPOS="1681" VPOS="2893" WIDTH="26"/>
						<String ID="P14_ST00277" HPOS="1707" VPOS="2836" WIDTH="200" HEIGHT="64" CONTENT="Anfang" WC="0.99" CC="166000"/>
						<SP ID="P14_SP00249" HPOS="1907" VPOS="2900" WIDTH="36"/>
						<String ID="P14_ST00278" HPOS="1943" VPOS="2838" WIDTH="139" HEIGHT="52" CONTENT="einer" WC="0.98" CC="07004"/>
						<SP ID="P14_SP00250" HPOS="2082" VPOS="2900" WIDTH="38"/>
						<String ID="P14_ST00279" HPOS="2120" VPOS="2836" WIDTH="261" HEIGHT="55" CONTENT="Vorläufer" SUBS_TYPE="HypPart1" SUBS_CONTENT="Vorläufergeneration" WC="0.99" CC="005704505"/>
						<HYP HPOS="2381" VPOS="2836" WIDTH="29" CONTENT="-"/>
					</TextLine>
					<TextLine ID="P14_TL00030" HPOS="275" VPOS="2924" WIDTH="1806" HEIGHT="66">
						<String ID="P14_ST00280" HPOS="275" VPOS="2926" WIDTH="287" HEIGHT="64" CONTENT="generation" SUBS_TYPE="HypPart2" SUBS_CONTENT="Vorläufergeneration" WC="1.00" CC="0600000700"/>
						<SP ID="P14_SP00251" HPOS="562" VPOS="2990" WIDTH="28"/>
						<String ID="P14_ST00281" HPOS="590" VPOS="2948" WIDTH="115" HEIGHT="32" CONTENT="vom" WC="1.00" CC="000"/>
						<SP ID="P14_SP00252" HPOS="705" VPOS="2990" WIDTH="26"/>
						<String ID="P14_ST00282" HPOS="731" VPOS="2924" WIDTH="171" HEIGHT="54" CONTENT="Leben" WC="0.99" CC="00700"/>
						<SP ID="P14_SP00253" HPOS="902" VPOS="2990" WIDTH="27"/>
						<String ID="P14_ST00283" HPOS="929" VPOS="2925" WIDTH="105" HEIGHT="55" CONTENT="fürs" WC="0.98" CC="5040"/>
						<SP ID="P14_SP00254" HPOS="1034" VPOS="2990" WIDTH="29"/>
						<String ID="P14_ST00284" HPOS="1063" VPOS="2926" WIDTH="319" HEIGHT="56" CONTENT="Bewußtsein" WC="1.00" CC="0002000000"/>
						<SP ID="P14_SP00255" HPOS="1382" VPOS="2990" WIDTH="22"/>
						<String ID="P14_ST00285" HPOS="1404" VPOS="2928" WIDTH="197" HEIGHT="61" CONTENT="dessen," WC="1.00" CC="0000000"/>
						<SP ID="P14_SP00256" HPOS="1601" VPOS="2990" WIDTH="28"/>
						<String ID="P14_ST00286" HPOS="1629" VPOS="2951" WIDTH="97" HEIGHT="30" CONTENT="was" WC="1.00" CC="000"/>
						<SP ID="P14_SP00257" HPOS="1726" VPOS="2990" WIDTH="30"/>
						<String ID="P14_ST00287" HPOS="1756" VPOS="2925" WIDTH="215" HEIGHT="55" CONTENT="Freiheit" WC="0.98" CC="24067073"/>
						<SP ID="P14_SP00258" HPOS="1971" VPOS="2990" WIDTH="28"/>
						<String ID="P14_ST00288" HPOS="1999" VPOS="2928" WIDTH="82" HEIGHT="50" CONTENT="ist." WC="0.98" CC="7003"/>
					</TextLine>
					<TextLine ID="P14_TL00031" HPOS="386" VPOS="3014" WIDTH="2024" HEIGHT="65">
						<String ID="P14_ST00289" HPOS="386" VPOS="3015" WIDTH="136" HEIGHT="54" CONTENT="Aber" WC="0.96" CC="3706"/>
						<SP ID="P14_SP00259" HPOS="522" VPOS="3069" WIDTH="40"/>
						<String ID="P14_ST00290" HPOS="562" VPOS="3015" WIDTH="157" HEIGHT="55" CONTENT="schon" WC="0.99" CC="00701"/>
						<SP ID="P14_SP00260" HPOS="719" VPOS="3070" WIDTH="32"/>
						<String ID="P14_ST00291" HPOS="751" VPOS="3038" WIDTH="80" HEIGHT="31" CONTENT="am" WC="1.00" CC="00"/>
						<SP ID="P14_SP00261" HPOS="831" VPOS="3070" WIDTH="37"/>
						<String ID="P14_ST00292" HPOS="868" VPOS="3014" WIDTH="217" HEIGHT="65" CONTENT="Anfang." WC="1.00" CC="0040000"/>
						<SP ID="P14_SP00262" HPOS="1085" VPOS="3079" WIDTH="42"/>
						<String ID="P14_ST00293" HPOS="1127" VPOS="3015" WIDTH="151" HEIGHT="56" CONTENT="Denn" WC="1.00" CC="0000"/>
						<SP ID="P14_SP00263" HPOS="1278" VPOS="3079" WIDTH="41"/>
						<String ID="P14_ST00294" HPOS="1319" VPOS="3020" WIDTH="73" HEIGHT="51" CONTENT="sie" WC="0.97" CC="070"/>
						<SP ID="P14_SP00264" HPOS="1392" VPOS="3079" WIDTH="26"/>
						<String ID="P14_ST00295" HPOS="1418" VPOS="3029" WIDTH="137" HEIGHT="42" CONTENT="töten" WC="1.00" CC="00000"/>
						<SP ID="P14_SP00265" HPOS="1555" VPOS="3079" WIDTH="41"/>
						<String ID="P14_ST00296" HPOS="1596" VPOS="3017" WIDTH="99" HEIGHT="53" CONTENT="den" WC="1.00" CC="000"/>
						<SP ID="P14_SP00266" HPOS="1695" VPOS="3079" WIDTH="26"/>
						<String ID="P14_ST00297" HPOS="1721" VPOS="3015" WIDTH="144" HEIGHT="54" CONTENT="Geist" WC="0.99" CC="00600"/>
						<SP ID="P14_SP00267" HPOS="1865" VPOS="3079" WIDTH="26"/>
						<String ID="P14_ST00298" HPOS="1891" VPOS="3014" WIDTH="159" HEIGHT="62" CONTENT="nicht," WC="0.99" CC="070001"/>
						<SP ID="P14_SP00268" HPOS="2050" VPOS="3079" WIDTH="45"/>
						<String ID="P14_ST00299" HPOS="2095" VPOS="3015" WIDTH="78" HEIGHT="55" CONTENT="ihr" WC="0.98" CC="600"/>
						<SP ID="P14_SP00269" HPOS="2173" VPOS="3079" WIDTH="21"/>
						<String ID="P14_ST00300" HPOS="2194" VPOS="3015" WIDTH="216" HEIGHT="56" CONTENT="Brüder!" WC="1.00" CC="2000004"/>
					</TextLine>
				</TextBlock>
			</PrintSpace>
		</Page>
	</Layout>
</alto>
