2662 4269
329 3788 31 54 4

319 370 319 66 Geistigkeit,
684 369 133 56 steht
861 372 82 53 die
986 384 221 51 gesamte
1249 369 334 57 Geisteskraft
1632 392 205 34 unserer
1876 372 239 63 heutigen
2148 368 272 57 Menschen-

318 461 221 53 existenz
590 459 125 54 über
766 459 81 55 die
879 458 132 56 Erde
1065 459 105 56 hin.
1230 461 105 54 Das
1381 461 62 53 ist
1476 461 179 64 wenig.
1712 461 65 55 Es
1809 462 63 54 ist
1903 459 119 56 aber
2053 457 245 65 tröstlich,
2356 458 98 56 daß

318 548 272 55 immerhin
625 548 153 56 soviel
809 548 65 54 da
905 548 87 56 ist!

431 636 260 67 Folglich?
733 638 98 54 Die
864 637 357 67 Forderungen
1251 660 64 33 an
1344 638 151 66 jeden
1527 640 259 56 einzelnen
1819 663 98 33 von
1950 660 96 34 uns
2065 643 200 50 werden
2293 660 164 32 umso

319 727 197 66 größer.

433 816 200 55 Unsere
684 815 205 56 nächste
922 815 295 66 Forderung
1265 817 64 54 ist
1380 815 132 56 noch
1562 816 144 66 lange
1756 817 139 56 nicht
1943 817 91 56 das
2082 815 185 57 Glück.
2319 815 138 56 Nur:

323 905 448 56 Menschlichkeit.
811 905 106 56 Wir
949 906 113 55 sind
1094 906 117 56 aber
1244 931 62 30 zu
1338 906 211 65 wenige,
1593 929 89 32 um
1712 929 94 33 uns
1837 908 86 56 auf
1954 909 99 55 den
2084 908 221 53 anderen
2347 925 84 36 ver-

320 994 163 56 lassen
527 1017 64 32 zu
637 994 218 55 können.
908 994 107 55 Wir
1060 1005 200 45 müssen
1293 995 156 55 selbst
1480 994 273 67 anfangen;
1791 997 278 64 gleichviel,
2109 1019 100 32 was
2242 994 217 56 darüber

323 1085 91 54 mit
468 1107 96 31 uns
611 1083 144 55 wird.
808 1083 139 55 Aber
988 1084 93 54 wie
1113 1084 274 55 unendlich
1428 1084 301 56 verzweifelt
1758 1087 108 54 und
1897 1087 297 54 unbeirrbar
2224 1087 64 52 ist
2319 1084 139 55 diese

320 1173 164 55 kleine
515 1173 160 56 Schar
715 1174 88 54 der
835 1172 374 66 Erdgenossen!
1249 1173 137 56 Alles
1416 1176 65 52 ist
1513 1174 132 55 noch
1677 1198 98 32 von
1806 1198 96 33 uns
1933 1200 63 31 zu
2027 1191 112 40 tun.
2178 1174 183 57 Nichts
2393 1176 65 52 ist

320 1262 133 56 noch
484 1277 165 52 getan.
689 1262 113 55 Nur
834 1263 245 65 vorläufig
1110 1265 80 53 ein
1223 1263 107 55 Ziel
1362 1278 239 50 genannt.

435 1351 148 54 Doch
616 1351 157 54 schon
804 1352 89 53 das
926 1351 150 54 bloße
1110 1352 216 55 Nennen
1361 1352 162 55 dieses
1554 1352 134 55 Ziels
1728 1353 165 56 macht
1931 1353 292 66 gefährlich.
2255 1352 66 55 Es
2341 1352 118 65 geht

319 1440 88 54 auf
439 1463 111 39 uns,
595 1441 106 53 und
733 1463 61 31 an
827 1440 90 53 der
947 1440 143 65 Jagd,
1136 1441 81 55 die
1246 1442 115 64 jene
1392 1440 197 56 kleinen
1623 1441 320 57 Flämmchen
1985 1463 155 34 neuer
2173 1441 285 56 Menschen

322 1531 52 52 in
407 1530 82 53 die
508 1529 351 54 Zuchthäuser
889 1530 107 53 und
1028 1530 49 53 in
1110 1530 99 55 den
1232 1530 350 55 Stacheldraht
1620 1531 191 55 treiben
1844 1532 108 63 soll,
1993 1530 226 65 beteiligt
2252 1530 104 55 sich
2378 1531 82 52 die

320 1640 157 44 ganze
497 1619 243 54 entlarvte
762 1618 353 63 Gesellschaft,
1145 1619 506 66 schwerstampfende
1673 1621 399 65 Doppelsohlen,
2102 1620 92 55 der
2214 1619 246 54 Revolver

323 1709 107 53 und
464 1708 458 66 Gummiknüppel,
962 1708 579 65 Salonlackstiefelchen,
1574 1710 108 55 und
1711 1710 227 55 einfache
1966 1710 408 55 Denunzianten.

436 1797 151 56 Denn
620 1797 95 62 ihr,
748 1797 201 62 Völker,
1006 1798 108 53 seid
1146 1821 98 33 von
1289 1820 153 33 euren
1476 1798 262 65 Geistigen
1782 1813 243 41 verraten.
2064 1799 133 54 Eure
2231 1797 228 62 Dichter,

324 1887 173 53 derem
519 1886 170 54 Mund
722 1908 52 32 es
804 1887 223 65 gegeben
1058 1897 145 51 wäre,
1244 1908 118 33 euer
1395 1887 140 56 Wort
1568 1887 486 62 hinauszuschreien,
2093 1888 113 53 sind
2239 1910 98 31 von
2360 1887 99 53 den

323 1976 345 63 Regierenden
691 1997 294 43 gewonnen.
1024 1976 132 53 Eure
1179 1976 259 63 Künstler,
1477 1977 82 53 die
1590 1997 153 33 euren
1764 1976 174 64 Drang
1969 1997 89 33 zur
2076 1974 386 56 Gemeinschaft

328 2063 406 55 unauslöschlich
757 2065 249 63 gezündet
1028 2065 167 54 halten
1222 2065 196 62 sollten,
1446 2066 113 53 sind
1579 2065 257 62 Schieber,
1865 2065 225 54 Händler
2111 2067 107 52 und
2239 2065 194 64 Erfolgs-

326 2152 308 56 maschinen.
687 2152 134 55 Eure
851 2152 299 65 Aufrührer,
1184 2155 65 53 oh
1295 2176 116 33 eure
1441 2154 383 55 Revolutionäre
1959 2154 156 55 welch
2147 2156 80 52 ein
2262 2154 201 64 Kapitel

425 2242 111 54 sind
558 2242 222 61 Beamte,
822 2242 81 55 die
925 2244 243 63 angstvoll
1188 2244 82 53 die
1302 2242 207 56 Revolte
1542 2244 309 61 verstecken,
1884 2242 171 65 solang
2076 2244 88 54 das
2187 2242 121 55 Amt
2330 2242 133 55 noch

322 2330 351 64 funktioniert,
715 2333 106 53 und
846 2331 81 55 die
958 2333 166 53 weder
1156 2333 99 53 den
1277 2333 280 54 Menschen
1589 2333 196 61 wollen,
1827 2333 128 53 noch
1977 2333 287 64 überhaupt
2285 2333 179 64 irgend

323 2423 113 52 eine
466 2410 296 76 Änderung,
816 2420 172 66 solang
1032 2423 71 53 sie
1135 2421 105 55 sich
1273 2421 145 55 dabei
1451 2423 465 63 kompromittieren
1949 2421 218 56 können.
2209 2421 123 55 Und
2364 2423 100 62 die,

419 2533 145 32 wenn
597 2532 206 43 morgen
837 2512 82 53 die
940 2510 130 55 Welt
1103 2533 98 32 von
1234 2512 116 53 dem
1377 2510 406 55 Drüberstreifen
1808 2512 137 53 einer
1961 2510 271 65 göttlichen
2256 2512 179 54 Riesen-

327 2598 136 55 hand
494 2621 125 42 ganz
649 2601 375 63 umgeschüttet
1054 2599 107 55 und
1193 2622 99 33 neu
1325 2599 235 55 errichtet
1601 2611 127 43 wäre
1764 2631 78 29 —,
1875 2601 185 53 wieder
2102 2599 80 55 ihr
2211 2602 126 53 Amt
2375 2623 60 32 an-

328 2700 164 42 treten
525 2688 206 55 würden
766 2689 90 54 mit
887 2689 89 54 der
1009 2687 176 56 Miene
1217 2689 112 55 des:
1371 2688 123 64 „Ich
1527 2688 122 55 habs
1677 2689 47 65 ja
1756 2689 179 54 immer

1386 2794 28 28 *

441 2863 111 56 Wie
596 2865 177 54 schafft
822 2865 90 54 der
936 2865 267 56 Ausdruck
1249 2869 89 53 der
1371 2866 374 65 Gerechtigkeit
1777 2865 103 54 sich
1913 2880 150 41 unter
2093 2867 101 54 den
2227 2867 237 64 heutigen

328 2954 283 54 Menschen
644 2954 178 54 Bahn?

440 3043 127 54 Man
602 3043 83 54 hat
712 3044 80 53 die
812 3043 196 62 Pflicht,
1039 3044 177 65 gemäß
1235 3046 89 54 der
1345 3045 275 64 Wahrheit,
1650 3045 356 62 festzustellen,
2039 3044 99 56 daß
2158 3046 81 54 die
2260 3046 205 55 edleren

327 3131 180 56 Werke
541 3134 162 53 dieser
733 3133 128 63 Zeit,
902 3134 81 53 die
1016 3136 206 75 großen
1254 3135 265 62 Stimmen,
1552 3134 296 65 aufrichtige
1879 3135 106 54 und
2004 3134 462 57 zukunftführende

327 3222 275 55 Absichten
635 3244 235 44 ansagen,
910 3222 119 54 aber
1061 3222 143 54 keine
1236 3224 188 65 großen
1460 3223 331 57 Kunstwerke
1823 3224 132 55 sind.

441 3312 99 53 Die
572 3310 498 65 Gegenfeststellung
1113 3312 89 56 ist:
1241 3312 93 56 alle
1375 3313 185 56 bloßen
1609 3312 332 56 Kunstwerke
1983 3313 162 56 dieser
2190 3314 110 55 Zeit
2354 3314 110 55 sind

331 3399 308 55 menschlich
673 3401 387 64 minderwertig.

442 3488 108 55 Der
581 3488 176 66 größte
790 3487 625 57 Menschlichkeitsroman
1448 3490 241 68 Europas,
1743 3492 89 55 das
1871 3492 234 56 schönste
2135 3493 143 56 Buch
2309 3515 155 43 gegen

328 3578 102 55 den
451 3578 356 65 Nationalhaß,
836 3581 90 53 der
955 3580 210 54 stärkste
1192 3578 480 59 Geschichtenband
1696 3604 156 43 gegen
1885 3584 84 54 die
1994 3584 98 54 Art
2115 3584 90 54 des
2233 3584 232 63 Krieges:

329 3667 82 56 die
442 3667 93 56 alle
567 3669 239 62 könnten,
839 3669 161 56 ihrem
1029 3667 145 56 Tone
1208 3669 146 63 nach,
1386 3670 70 55 im
1489 3670 347 67 bürgerlichen
1872 3672 370 55 Familienblatt
2274 3671 190 64 stehen,
