2662 4269
2288 3797 63 54 15

353 377 234 57 Bauer:
630 378 86 56 Du
754 381 167 54 redest
960 382 91 53 wie
1091 381 80 53 ein
1211 378 158 56 Kind.
1408 378 68 55 Er
1515 378 85 56 hat
1637 379 129 56 doch
1810 379 152 65 Geld,
2008 402 52 33 er
2098 381 143 66 dingt
2279 382 65 55 Ar-

241 465 175 64 beiter,
454 468 110 55 und
603 470 80 53 die
721 468 179 56 ackern
940 470 108 55 und
1087 470 179 53 bauen.

354 557 337 56 Fremder:
749 559 139 55 Aber
926 560 81 54 die
1059 559 250 60 Arbeiter,
1373 557 82 55 die
1505 559 114 54 sind
1670 559 131 54 doch
1853 559 132 55 wohl
2036 560 128 56 auch
2216 559 160 57 Leute

242 669 98 33 von
380 647 144 55 euch.

353 738 225 54 Bauer:
620 738 176 66 Einige
834 739 116 54 sind
988 762 99 30 von
1126 738 125 61 hier,
1291 736 163 65 einige
1495 736 111 55 sind
1647 738 231 55 Fremde.

355 826 334 55 Fremder:
731 826 139 56 Aber
908 851 52 31 es
1001 829 111 55 sind
1150 825 130 56 doch
1318 825 159 56 lauter
1515 825 354 56 Bauersleute?

352 915 233 55 Bauer:
626 914 198 65 Gewiß,
863 940 53 31 es
957 918 111 55 sind
1091 917 159 56 Leute
1277 940 97 31 von
1402 938 114 32 uns.
1557 914 117 56 Wer
1699 914 93 56 soll
1816 917 135 53 denn
1980 931 138 40 sonst
2135 918 237 62 arbeiten,

239 1004 155 55 außer
432 1004 97 54 den
569 1003 233 56 Bauern?
844 1004 197 65 Gewiß,
1081 1028 50 32 es
1171 1006 112 54 sind
1322 1004 155 55 lauter
1516 1003 215 56 Bauern.

352 1093 332 56 Fremder:
728 1093 121 57 Und
888 1097 92 52 wie
1020 1096 158 62 wär's,
1218 1116 143 33 wenn
1401 1094 81 54 die
1519 1093 195 55 Bauern
1755 1093 138 56 nicht
1932 1093 81 56 für
2039 1094 87 55 ihn
2146 1094 224 56 arbeiten

239 1183 205 55 würden
474 1225 97 13 ...

349 1272 234 55 Bauer:
625 1272 232 64 Einerlei,
896 1296 98 32 uns
1032 1274 124 54 wird
1195 1295 52 33 er
1286 1274 88 54 das
1403 1272 146 56 Land
1587 1272 131 56 doch
1747 1271 139 56 nicht
1912 1271 178 67 geben.
2132 1272 123 66 Mag
2282 1274 89 54 das

239 1360 146 56 Land
423 1361 152 55 brach
613 1361 179 66 liegen,
846 1364 87 53 wir
985 1362 240 66 kriegen's
1266 1362 131 55 doch
1435 1362 157 56 nicht.
1652 1362 109 55 Wie
1802 1362 89 55 der
1930 1361 159 56 Hund
2130 1362 85 56 auf
2255 1364 115 54 dem

240 1451 113 55 Heu
489 1453 162 53 weder
688 1451 121 56 frißt
848 1453 98 54 er's
987 1451 177 64 selber,
1205 1453 127 54 noch
1373 1464 156 53 gönnt
1567 1453 97 54 er's
1703 1453 206 55 andern.

352 1540 334 55 Fremder:
728 1540 109 56 Wie
876 1540 131 57 kann
1048 1563 50 33 er
1136 1541 136 55 denn
1312 1541 95 55 das
1448 1541 144 55 Land
1631 1563 90 33 vor
1770 1541 127 55 euch
1937 1541 299 55 bewahren?
2301 1540 66 55 Es

236 1629 84 55 hat
357 1629 132 55 doch
524 1628 164 65 gewiß
730 1632 136 52 seine
904 1629 116 56 fünf
1048 1630 162 55 Werst
1237 1632 51 53 in
1330 1632 87 54 der
1455 1630 207 65 Länge?
1719 1630 150 55 Kann
1924 1652 52 33 er
2014 1653 52 32 es
2107 1632 132 53 denn
2281 1630 58 55 be-

236 1717 201 54 wachen
448 1722 24 49 ?

344 1806 225 54 Bauer:
609 1804 117 56 Was
764 1808 64 52 ist
866 1807 88 55 das
992 1807 82 55 für
1114 1806 223 56 Gerede!
1379 1807 66 55 Er
1484 1807 162 55 selber
1683 1807 119 65 liegt
1840 1806 86 54 auf
1965 1806 118 56 dem
2116 1807 105 55 Fell
2260 1808 108 55 und

231 1906 132 42 setzt
404 1892 113 56 Fett
555 1916 77 40 an,
667 1895 118 53 aber
823 1916 53 33 er
916 1895 83 54 hat
1039 1895 128 54 doch
1206 1895 249 57 Wächter.

344 1982 337 56 Fremder:
722 1983 135 55 Aber
885 1985 81 53 die
1006 1983 231 56 Wächter
1385 1985 82 54 die
1506 1985 114 54 sind
1662 1985 130 54 doch
1832 1985 130 56 wohl
2001 1986 129 55 auch
2170 1986 196 56 Bauern

232 2074 90 52 wie
362 2071 117 55 Ihr?

341 2163 230 54 Bauer:
613 2161 198 56 Gewiß.
851 2161 105 55 Das
997 2163 114 54 sind
1150 2161 129 56 auch
1319 2161 159 56 Leute
1516 2185 98 32 von
1655 2185 111 32 uns.

344 2250 329 57 Fremder:
712 2250 121 56 Also
871 2251 288 55 bearbeiten
1213 2251 81 55 die
1332 2253 197 54 Bauern
1580 2251 89 55 das
1709 2250 145 56 Land
1904 2250 81 56 für
2037 2251 98 55 den
2196 2250 166 56 Herrn

232 2339 104 55 und
372 2339 263 56 bewachen
675 2363 54 32 es
769 2340 136 55 dann
946 2362 88 33 vor
1070 2342 106 53 sich
1216 2340 195 56 selber?

341 2428 230 55 Bauer:
615 2428 110 57 Wie
766 2429 142 55 sollte
945 2430 90 54 das
1073 2429 135 55 denn
1247 2430 180 54 anders
1468 2429 143 55 sein?

344 2518 331 55 Fremder:
716 2519 66 55 Es
823 2519 142 55 sollte
1004 2542 56 31 so
1098 2521 125 62 sein,
1262 2518 99 55 daß
1401 2518 167 55 keiner
1606 2518 80 55 für
1726 2518 87 55 ihn
1834 2518 207 56 arbeitet
2067 2519 107 55 und
2194 2518 172 56 keiner

232 2606 106 54 sich
376 2607 68 53 als
484 2607 230 56 Wächter
752 2608 245 65 verdingt,
1048 2608 133 54 dann
1223 2617 127 45 wäre
1389 2608 88 54 das
1516 2607 145 55 Land
1698 2606 110 56 frei.
1873 2606 99 56 Die
2010 2607 132 55 Erde
2168 2610 62 52 ist
2262 2631 97 32 von

234 2695 140 62 Gott,
414 2697 104 55 und
556 2697 81 55 die
675 2697 282 56 Menschen
997 2697 112 54 sind
1149 2719 98 32 von
1289 2696 126 56 Gott
1453 2697 78 61 da,
1572 2720 57 31 so
1667 2719 112 43 mag
1815 2697 139 65 jeder
1991 2697 196 64 ackern,
2227 2710 134 52 säen,

232 2799 193 48 ernten,
466 2786 150 55 soviel
654 2808 52 33 er
745 2787 229 54 braucht.

343 2874 228 54 Bauer:
625 2875 105 56 Wir
768 2875 175 56 sollten
992 2876 103 55 also
1131 2875 253 56 streiken?
1436 2875 240 66 Dagegen
1704 2875 88 56 hat
1817 2899 112 32 man
1957 2876 118 55 aber
2100 2876 258 65 Soldaten,

232 2963 132 52 mein
404 2961 188 56 Bester.
649 2963 82 55 Sie
771 2964 232 56 schicken
1043 2964 81 54 die
1164 2963 238 55 Soldaten
1443 2964 106 54 her:
1601 2966 122 61 eins,
1765 2965 137 61 zwei,
1945 2964 183 54 Feuer!
2259 2964 99 56 Die

230 3052 144 53 einen
425 3053 197 53 werden
673 3054 305 62 erschossen,
1036 3054 81 53 die
1154 3054 188 53 andern
1382 3053 266 67 gefangen!
1716 3053 104 56 Mit
1858 3054 237 55 Soldaten
2123 3055 64 54 ist
2217 3055 141 56 nicht

231 3140 94 55 viel
363 3163 62 31 zu
466 3142 169 54 reden.

341 3229 332 55 Fremder:
724 3229 134 56 Aber
912 3232 82 53 die
1032 3231 238 54 Soldaten
1328 3233 112 53 sind
1492 3233 130 55 doch
1672 3232 127 56 auch
1853 3232 231 56 Bauern?
2149 3232 208 56 Warum

227 3317 234 55 schießen
501 3318 69 52 sie
608 3317 134 55 denn
782 3318 87 55 auf
907 3319 106 54 ihre
1053 3319 203 67 eigenen
1295 3319 193 58 Leute?

339 3407 230 55 Bauer:
607 3407 122 56 Und
768 3408 78 52 ihr
885 3408 128 55 Eid?

338 3496 339 55 Fremder:
719 3496 129 55 Eid?
890 3497 114 55 Was
1044 3499 63 53 ist
1147 3500 104 61 das,
1291 3501 82 53 ein
1412 3501 130 55 Eid?

335 3585 41 56 B
391 3608 69 32 au
475 3607 85 33 er:
590 3584 257 56 Verstehst
862 3586 69 54 du
951 3586 132 54 denn
1105 3587 80 55 die
1204 3587 218 68 Sprache
1444 3589 170 54 nicht?
1637 3587 95 56 Eid
1831 3590 87 55 das
1940 3587 136 56 heißt
2097 3589 128 54 eben
2240 3589 117 56 Eid.

336 3675 336 56 Fremder:
714 3675 82 55 Sie
835 3675 254 56 schwören
1130 3678 139 55 also?
