2662 4269
2312 3789 57 55 41

355 370 254 58 Während
652 372 83 56 die
765 372 195 58 Führer
1005 374 87 54 des
1132 372 182 56 Volkes
1358 372 53 54 in
1455 371 470 56 blutüberströmter
1962 371 420 57 Bescheidenheit

243 461 171 55 weiter
456 461 124 56 über
626 461 160 56 kleine
817 463 271 55 Reformen
1121 461 278 57 resultatlos
1428 460 353 64 diskutierten,
1816 463 169 54 weiter
2014 463 366 54 unverdrossen

242 572 128 34 neue
415 552 226 54 besetzte
673 552 217 63 Länder,
943 576 130 31 neue
1103 550 391 65 Versenkungen
1544 552 108 54 und
1701 573 127 33 neue
1861 549 519 67 Kriegserklärungen

245 640 241 63 buchten,
537 665 164 31 neuen
734 642 429 66 Zwangserlassen
1212 662 159 44 gegen
1422 639 88 55 das
1560 654 295 51 gemarterte
1886 639 129 56 Volk
2060 640 106 55 und
2214 663 167 32 neuen

243 728 383 56 Dankadressen
657 752 63 32 an
753 731 82 54 die
856 732 176 65 Sieger
1052 733 345 59 zustimmten,
1428 728 240 56 während
1687 752 55 31 so
1761 729 88 54 das
1879 728 130 56 Volk
2028 752 62 31 zu
2112 728 268 56 Millionen

243 819 70 54 im
334 819 148 55 Blute
513 819 167 61 ersoff,
713 821 303 56 versuchten
1049 823 50 54 in
1131 822 93 55 der
1253 821 220 53 überreif
1505 818 328 66 gewordenen
1854 817 113 57 Zeit
1997 818 89 55 der
2105 818 276 66 Philosoph

243 908 107 54 und
382 908 136 54 seine
537 906 288 67 Anhänger,
859 933 287 33 zusammen
1171 911 92 53 mit
1282 910 116 54 dem
1419 907 207 55 Kellner
1640 907 107 56 und
1767 907 116 56 dem
1903 905 478 69 Zwanzigjährigen,

242 996 85 53 die
359 996 267 66 gequälten
669 996 197 57 Herzen
905 999 83 54 für
1018 1000 83 54 die
1136 1000 115 54 Idee
1281 999 88 54 der
1400 996 226 56 Freiheit
1656 997 109 55 und
1794 996 92 55 der
1917 996 155 55 Liebe
2104 1019 62 32 zu
2193 997 189 55 öffnen.

242 1084 285 57 Versuchte
565 1089 95 53 mit
698 1087 174 56 letzter
903 1089 231 66 Hingabe
1169 1089 90 54 der
1290 1086 291 66 Philosoph,
1621 1087 118 55 dem
1770 1086 156 56 Volke
1966 1109 63 33 zu
2066 1089 189 63 zeigen,
2294 1085 89 57 auf

243 1175 219 55 welcher
481 1176 140 55 Seite
646 1179 70 52 im
737 1176 173 57 Lande
936 1179 90 54 der
1046 1178 177 62 Feind,
1252 1178 81 54 die
1352 1175 267 56 Brutalität
1639 1176 108 55 und
1766 1176 80 55 die
1866 1175 304 55 Dummheit
2198 1197 185 39 waren,

355 1265 107 55 Das
494 1265 132 56 Netz
659 1267 255 55 maßlosen
937 1268 181 54 Leides
1157 1268 106 53 und
1294 1265 221 56 dunklen
1554 1264 257 56 Aufruhrs
1841 1264 80 66 lag
1953 1265 123 55 über
2108 1265 90 55 der
2217 1265 165 55 Stadt.

355 1353 118 56 Erst
532 1354 80 55 bei
659 1355 90 55 der
796 1355 287 66 wuchtigen
1125 1354 468 66 Massenerhebung
1642 1377 157 43 gegen
1832 1354 98 55 den
1962 1354 423 65 Raubrittergeist

242 1444 192 65 einiger
472 1443 340 57 zehntausend
838 1444 444 56 mittelalterlicher
1301 1444 315 64 Existenzen,
1648 1465 154 44 gegen
1823 1443 99 56 den
1947 1443 438 65 Raubrittergeist,

242 1533 92 55 der
370 1533 98 55 den
511 1533 160 66 Krieg
707 1533 349 66 losgebunden
1098 1534 100 63 hat,
1239 1534 99 55 traf
1367 1536 82 53 die
1489 1533 200 56 Gewalt
1718 1534 99 54 den
1850 1533 358 66 Philosophen,
2240 1533 71 55 als
2330 1552 52 36 er

243 1623 54 54 in
337 1623 89 55 der
458 1622 445 66 Menschengasse,
948 1623 84 55 die
1070 1646 101 32 von
1220 1622 575 67 herangaloppierenden
1825 1622 359 56 Schutzleuten
2216 1623 51 54 in
2300 1623 82 54 die

245 1710 191 67 Menge
469 1711 390 65 hineingeritten
891 1714 202 53 worden
1127 1733 116 42 war,
1276 1714 90 53 das
1388 1711 166 56 Recht
1581 1712 87 55 des
1690 1710 284 56 Menschen
2007 1710 378 66 proklamierte;

245 1823 91 32 vor
376 1801 114 54 dem
529 1800 276 63 Leutnant,

355 1890 92 55 der
478 1890 99 55 den
609 1889 179 54 Befehl
820 1912 117 33 zum
970 1890 195 55 Feuern
1198 1889 114 65 gab.

356 1978 101 54 Die
509 1978 134 62 Idee,
696 1978 83 54 die
828 1976 144 56 nicht
1011 1976 293 58 erschossen
1355 1978 200 54 werden
1601 1975 152 65 kann,
1804 1975 154 57 brach
2010 1978 52 53 in
2113 1975 269 56 Millionen

246 2068 197 56 Herzen
476 2068 100 56 ein.

358 2157 99 54 Die
478 2157 132 54 Frau
640 2157 119 66 ging
788 2156 224 67 langsam
1042 2157 89 56 auf
1160 2157 99 54 den
1281 2156 331 55 Ermordeten
1644 2178 88 33 zu:
1766 2154 181 56 schritt
1967 2154 223 65 langsam
2213 2154 169 55 hinein

243 2248 54 54 in
350 2247 84 53 die
489 2248 174 52 zweite
694 2246 355 56 Gewehrsalve
1083 2247 183 65 junger
1305 2246 259 62 Soldaten,
1596 2246 99 61 die,
1736 2243 165 56 bleich
1943 2244 108 55 und
2081 2246 70 52 im
2184 2243 198 56 Herzen

245 2336 158 56 schon
443 2346 217 55 empört,
692 2335 133 55 noch
854 2336 52 53 in
946 2335 91 54 der
1073 2335 226 55 falschen
1332 2335 181 55 Pflicht
1544 2335 231 53 standen.

358 2425 100 53 Die
499 2425 208 63 vierzig-
746 2423 110 55 und
899 2422 420 68 fünfzigjährigen
1356 2423 522 55 Landsturmmänner
1917 2421 172 56 hatten
2137 2422 109 55 sich
2297 2444 58 43 ge-

246 2515 222 63 weigert,
501 2515 79 52 ins
612 2512 129 56 Volk
770 2512 110 55 und
910 2512 159 55 damit
1101 2512 109 55 sich
1251 2512 156 54 selbst
1437 2512 79 54 ins
1548 2511 134 56 Herz
1722 2535 63 31 zu
1816 2510 256 57 schießen.

359 2603 99 54 Am
497 2603 190 53 andern
721 2600 216 66 Morgen
979 2600 146 66 lagen
1164 2601 90 55 der
1285 2600 272 66 Philosoph
1588 2601 108 55 und
1734 2601 84 55 die
1858 2600 275 62 Ladnerin,
2174 2600 71 55 als
2284 2600 66 56 Re-

243 2703 355 56 präsentanten
640 2691 89 55 des
758 2689 202 63 Volkes,
991 2690 186 55 wieder
1205 2690 71 54 im
1304 2689 555 62 Leichenschauhause,
1887 2690 423 55 nebeneinander.

358 2783 106 53 Der
496 2782 194 54 Wärter
746 2779 150 56 stand
927 2799 90 35 vor
1047 2779 116 55 dem
1191 2779 171 55 Paare.
1422 2778 121 56 Und
1574 2779 240 66 plötzlich
1847 2779 176 55 rückte
2054 2801 55 33 er
2141 2779 82 55 die
2263 2779 122 55 zwei

245 2871 258 55 Pritschen
530 2869 145 56 dicht
706 2891 313 33 zusammen.
1069 2867 142 62 ,Man
1252 2868 123 55 liebt
1412 2869 129 55 doch
1586 2869 84 55 die
1699 2868 305 56 Menschen.
2052 2868 152 56 Liebt
2251 2868 132 56 doch

245 2962 84 53 die
363 2959 284 56 Menschen
678 3004 11 11 .
721 3003 13 11 .
765 3003 11 11 .
807 2959 101 54 Die
944 2978 171 35 armen
1146 2957 322 57 Menschen.'

358 3050 106 53 Das
499 3047 504 56 Leichenschauhaus
1056 3067 101 33 war
1200 3046 305 65 vergrößert,
1558 3047 82 55 die
1681 3047 182 62 Wand,
1913 3047 82 55 die
2037 3047 86 55 das
2161 3046 225 56 Zimmer

245 3138 89 55 des
360 3138 219 54 Wärters
605 3137 107 55 und
749 3136 90 55 das
866 3135 377 56 Wartezimmer
1268 3135 83 54 für
1375 3136 83 55 die
1474 3136 353 66 Angehörigen
1860 3136 333 65 abgesondert
2232 3136 154 63 hatte,

249 3248 100 35 war
379 3226 484 66 herausgebrochen,
895 3225 91 54 der
1004 3225 509 66 Steinplattenboden
1545 3226 297 66 fortgesetzt
1872 3226 108 56 und
2018 3226 83 55 die
2128 3225 258 56 Pritschen

247 3338 90 34 um
376 3315 248 56 sechzehn
656 3314 161 56 Stück
847 3312 256 56 vermehrt
1144 3315 222 55 worden.

360 3404 108 55 Der
496 3403 172 56 Bruch
717 3420 117 45 war,
886 3404 93 52 wie
1021 3401 80 55 bei
1134 3401 406 68 Typenmöbeln,
1591 3404 81 55 die
1714 3403 125 66 glatt
1868 3404 305 55 aneinander
2211 3403 175 66 gefügt

246 3494 202 56 werden
489 3493 218 62 können,
746 3492 148 55 nicht
933 3514 64 32 zu
1028 3492 287 57 bemerken.

358 3582 95 56 Ein
485 3583 198 62 vierter,
715 3602 156 34 neuer
901 3580 562 58 Horizontalventilator
1488 3582 182 56 kreiste
1701 3605 289 33 zusammen
2023 3583 94 53 mit
2147 3583 97 53 den
2277 3582 109 54 drei

245 3673 132 56 alten
420 3671 126 56 über
583 3671 97 56 den
721 3669 429 67 zweiunddreißig
1182 3669 241 58 Leichen.
