2662 4269
2278 3811 70 63 1

222 390 255 74 Ludwig
519 390 340 74 Rubiner:

913 541 146 69 DIE
1107 541 232 69 NEUE
1385 540 283 69 SCHAR

336 720 108 56 Wir
482 741 146 43 sagen
1014 720 136 56 Aber
1188 720 237 55 niemand
1463 719 169 56 dürfte
1672 720 177 55 daraus
1882 720 95 55 den
2006 719 190 66 Begriff
2225 720 133 55 eines

222 809 98 56 fest
350 809 88 55 auf
470 809 81 55 die
585 809 285 56 Landkarte
899 811 251 66 gemalten
1185 809 243 57 Gebildes
1460 809 174 64 hören,
1681 811 88 54 das
1808 811 217 55 national
2066 811 293 64 abgetrennt

223 922 97 32 von
352 898 151 55 Asien
536 910 144 43 wäre.
738 898 106 57 Aus
876 900 173 64 Asien,
1091 902 86 55 das
1207 901 194 54 scheint
1439 900 175 62 sicher,
1669 900 124 54 wird
1831 898 130 56 wohl
2004 900 127 54 nach
2169 901 188 53 diesem

223 987 155 65 Krieg
429 988 81 54 die
553 988 315 65 siegreichste
903 991 114 55 Idee
1061 991 87 55 der
1178 988 357 66 europäischen
1567 987 297 66 Ermüdung
1891 987 437 56 Menschlichkeits-

222 1077 109 55 blut
371 1076 271 58 zuführen:
684 1080 82 53 die
806 1080 116 54 Idee
959 1081 90 55 der
1086 1079 395 63 Nicht-Gewalt,
1535 1080 85 53 des
1660 1077 570 64 Nicht-Widerstandes,
2269 1079 87 54 des

222 1167 385 65 Nicht-Kriegs,
660 1170 90 53 der
782 1169 156 63 Güte,
987 1170 88 55 der
1114 1167 400 65 Gemeinschaft,
1566 1169 108 54 und
1724 1169 88 54 des
1853 1167 369 56 Gottesreiches
2274 1166 86 57 auf

221 1256 186 56 Erden.
485 1258 128 73 (Aus
645 1258 171 63 Asien,
856 1259 86 55 auf
979 1260 115 54 dem
1133 1259 137 65 Zuge
1310 1259 159 55 durch
1508 1256 275 68 Rußland.)

336 1354 203 66 Europa
579 1377 101 33 war
712 1380 94 30 uns
846 1355 142 56 keine
1026 1355 566 66 ethno-geographische
1624 1355 178 56 Sache.
1873 1354 201 66 Europa
2112 1374 99 36 war
2249 1354 110 55 eine

225 1443 311 66 Forderung,
578 1443 135 55 Aber
753 1446 89 52 wir
880 1446 110 62 alle,
1031 1446 81 53 die
1150 1446 91 53 wir
1277 1443 202 67 Europa
1516 1444 273 64 forderten,
1830 1443 235 66 glaubten
2104 1443 253 62 heimlich,

222 1532 99 56 daß
354 1547 150 40 etwas
532 1533 154 54 daran
719 1533 153 54 schon
907 1535 85 60 sei,
1026 1535 81 53 ein
1139 1535 387 54 unterirdisches
1553 1533 216 66 Europa,
1802 1535 89 54 das
1915 1555 178 33 unsere
2121 1533 236 62 Schritte,

223 1623 92 52 wie
348 1622 85 56 auf
466 1623 89 54 der
590 1623 136 64 Spur
759 1623 128 55 nach
918 1625 340 64 verborgenen
1291 1623 362 64 Wasseradern,
1696 1623 126 55 über
1853 1625 81 53 die
1967 1622 236 55 Grenzen
2234 1646 122 42 weg,

221 1711 160 55 durch
404 1712 134 52 seine
560 1712 202 54 Länder
782 1712 249 55 hindurch
1059 1714 166 61 lenke;
1263 1715 80 52 ein
1376 1714 339 54 himmlisches
1736 1712 199 65 Europa
1968 1712 131 55 noch
2124 1712 230 63 darüber,

221 1801 89 54 das
349 1822 184 33 unsern
569 1800 146 55 Geist
744 1800 138 66 fähig
912 1802 108 54 und
1051 1801 159 55 bereit
1241 1802 189 63 mache,
1484 1804 80 53 die
1596 1802 193 54 Brüder
1829 1824 62 31 zu
1931 1801 186 54 suchen
2155 1801 108 55 und
2293 1824 63 32 zu

221 1889 268 62 erkennen,
531 1890 106 53 und
675 1890 89 53 das
804 1891 50 54 in
887 1913 96 32 uns
1013 1890 127 55 allen
1182 1891 86 55 das
1307 1890 152 66 große
1492 1890 133 55 Herz
1666 1891 89 54 der
1787 1890 416 55 Kameradschaft
2237 1890 121 56 aller

221 1978 259 66 Sprachen
513 1979 106 55 und
653 1978 165 54 Sitten
851 1979 231 65 schlagen
1114 1979 142 55 lasse.
1309 1979 114 55 Daß
1464 1980 133 55 diese
1637 1978 169 66 große,
1845 2001 127 43 ganz
2009 1979 204 65 geistige
2251 1979 105 56 und

218 2068 362 65 unbesiegbare
613 2067 132 56 Welt
778 2069 62 54 da
871 2069 88 62 sei,
998 2068 237 65 glaubten
1268 2069 106 55 wir.

331 2166 136 54 Aber
499 2166 112 53 eine
644 2166 207 64 geistige
882 2164 132 56 Welt
1047 2167 65 52 ist
1144 2186 97 34 nur
1272 2189 54 31 so
1343 2167 112 53 weit
1487 2166 65 54 da
1567 2166 104 54 und
1704 2187 159 43 genau
1896 2166 52 53 in
1980 2166 115 54 dem
2117 2164 239 66 Umfang,

221 2255 71 54 als
332 2256 70 53 sie
442 2252 278 57 Menschen
754 2255 274 64 aufbringt,
1082 2255 80 54 die
1200 2256 71 53 sie
1310 2270 252 40 vertreten
1602 2256 107 53 und
1747 2256 52 52 in
1839 2255 138 53 ihren
2018 2255 338 64 Handlungen

219 2342 340 56 ausdrücken.
594 2343 125 55 Und
749 2343 81 55 die
862 2343 173 55 Größe
1065 2345 162 54 dieser
1247 2343 131 56 Welt
1408 2343 277 67 entspricht
1715 2365 161 43 genau
1909 2342 88 55 der
2019 2342 171 55 Größe
2221 2343 135 55 ihrer

225 2432 370 55 menschlichen
628 2432 359 65 Handlungen.

338 2530 57 54 In
429 2528 276 63 Wahrheit,
736 2529 64 53 ist
819 2529 134 55 denn
974 2529 89 55 das
1083 2529 81 53 die
1185 2529 172 65 Frage,
1385 2528 82 54 die
1488 2552 116 30 man
1622 2529 162 53 einem
1804 2526 247 56 lebenden
2072 2526 282 58 Menschen

223 2618 173 56 stellen
419 2617 136 57 darf:
576 2618 200 65 Europa
796 2618 121 54 oder
929 2618 151 54 Asien
1094 2623 25 49 ?
1150 2618 160 56 Wenn
1332 2619 89 53 wir
1442 2618 177 54 befreit
1639 2641 97 33 von
1751 2617 603 67 Theatererinnerungen,

223 2730 99 33 von
357 2705 586 65 Romanvorstellungen,
984 2707 105 54 und
1127 2730 100 30 von
1267 2705 325 58 historischen
1625 2707 252 54 Gerüsten
1916 2730 64 31 an
2019 2708 80 53 die
2130 2707 224 56 Zukunft

225 2797 87 53 der
345 2794 280 56 Menschen
656 2794 88 55 auf
774 2796 89 54 der
891 2796 132 54 Erde
1054 2794 213 64 denken,
1308 2796 133 54 dann
1475 2794 124 56 muß
1619 2797 81 53 die
1722 2796 371 66 Fragestellung
2119 2796 237 67 „Europa

223 2887 122 53 oder
600 2886 72 53 als
702 2887 235 64 irrsinnig
967 2885 312 57 erscheinen.

338 2973 148 56 Noch
520 2973 284 56 schlimmer
835 2976 72 53 als
937 2976 251 63 irrsinnig.

338 3064 116 55 Geh
476 3064 69 54 du
566 3086 116 32 zum
702 3062 178 65 Mann,
914 3064 86 54 der
1018 3084 88 34 vor
1134 3062 117 55 dem
1271 3062 353 66 Sturmangriff
1643 3064 145 62 steht,
1830 3084 89 34 vor
1949 3064 117 54 dem
2088 3062 113 57 Tod
2231 3064 121 62 also,

225 3155 106 55 und
369 3152 137 67 frage
546 3152 113 58 ihn:
698 3152 198 67 Europa
934 3154 124 53 oder
1087 3152 187 56 Asien?
1315 3152 121 55 Und
1475 3155 80 53 die
1587 3152 209 56 Infamie
1835 3154 162 54 dieser
2036 3154 154 65 Frage
2229 3155 125 55 wird

223 3243 121 54 klar.
410 3241 137 55 Aber
589 3243 126 54 wie?
777 3241 114 55 Den
924 3241 117 56 Tod
1072 3243 160 54 dieses
1263 3241 234 65 Mannes,
1543 3245 96 54 den
1671 3244 292 65 registrierst
1994 3243 68 54 du
2095 3243 261 67 kaltblütig

222 3347 149 40 unter
435 3330 223 56 dieselbe
719 3329 683 67 geschichtsphilosophische
1460 3332 337 66 Vorstellung,
1865 3332 82 54 die
1996 3332 238 54 niemand
2282 3333 70 54 im

221 3420 445 65 Schützengraben
706 3420 333 65 aussprechen
1077 3422 184 62 würde,
1294 3422 129 54 ohne
1455 3423 106 55 sich
1590 3422 237 54 ernstlich
1859 3445 62 31 zu
1952 3422 233 54 schämen
2198 3427 13 51 I

334 3520 155 54 Denn
536 3541 52 32 es
635 3517 207 55 handelt
884 3517 105 56 sich
1021 3518 137 55 nicht
1196 3542 89 32 um
1317 3520 263 55 Weltteile.
1630 3518 66 56 Es
1728 3518 203 56 handelt
1962 3518 105 56 sich
2098 3518 138 56 nicht
2265 3542 87 32 um

221 3610 81 54 die
335 3608 154 58 Ideen
529 3630 99 33 von
658 3606 302 56 Weltteilen.
1000 3606 181 57 Weder
1219 3630 88 33 um
1346 3610 81 54 die
1460 3608 170 63 Ideen,
1662 3608 83 54 die
1774 3631 88 32 aus
1888 3608 149 66 jenen
2070 3607 282 56 Weltteilen

221 3699 358 65 hervorgehen,
621 3697 131 56 noch
783 3721 88 32 um
903 3697 82 56 die
1020 3697 167 64 Ideen,
1228 3700 81 54 die
1348 3700 89 54 wir
1468 3723 95 31 uns
1594 3721 99 33 von
1723 3697 154 56 ihnen
1910 3697 230 57 machen»
