2662 4269
2311 3769 65 56 47

244 344 165 57 einem
460 345 308 67 Spiegelbild
819 348 348 57 himmlischen
1219 346 326 56 Geschehens
1595 349 215 57 werden.
1868 348 282 57 Austausch
2292 350 60 56 Er-

244 444 231 57 gänzung
607 437 166 55 wahre
804 438 368 66 Bereicherung
1213 437 118 55 aller
1369 435 311 68 Beteiligten.
1721 439 238 56 Gewinn:
2010 440 111 54 eine
2159 442 225 64 negative

245 523 415 69 Angelegenheit.
712 527 126 56 Eine
876 528 104 56 sich
1018 528 324 56 unerbittlich
1380 552 83 32 am
1501 527 260 67 Geistigen
1807 528 245 56 rächende
2089 529 295 68 Handlung.

246 613 219 56 Gewinn
495 639 83 31 am
598 616 316 56 Materiellen
946 617 157 56 lähmt
1133 618 105 55 und
1271 617 200 55 hindert
1497 617 114 66 jede
1632 617 195 56 Freude
1857 618 69 54 im
1949 617 259 67 Geistigen
2240 635 116 39 auto-

245 705 227 54 matisch.
535 705 186 72 (Bösen
758 706 305 57 Kaufleuten
1109 707 142 56 sollte
1302 730 134 39 man,
1487 708 91 54 wie
1623 708 262 64 unartigen
1929 707 196 56 kleinen
2165 710 219 66 Jungen,

245 795 433 53 zweitausendmal
691 795 392 57 abzuschreiben
1101 797 184 66 geben:
1307 797 117 56 alles
1436 796 358 66 Vergängliche
1813 799 68 52 ist
1901 819 97 34 nur
2010 799 80 54 ein
2104 799 280 55 Gleichnis.

245 880 99 54 Die
375 881 298 56 liebevollen
706 882 274 59 Verkäufer
1011 887 170 55 würde
1220 886 249 62 Christus,
1501 885 89 55 der
1620 885 140 55 Sohn
1792 885 90 55 der
1914 885 170 63 Liebe,
2125 887 138 55 nicht
2292 910 92 33 aus

242 971 91 54 der
371 970 235 57 Vorhalle
644 974 90 54 des
767 974 243 67 Tempels
1048 978 162 64 gejagt
1242 975 201 66 haben.)

317 1056 129 56 Man
486 1060 162 56 denke
687 1063 109 54 sich
837 1064 155 65 große
1032 1064 178 56 Kreise
1250 1088 97 32 von
1389 1064 299 65 Magazinen
1728 1064 201 65 gebaut,
1981 1065 52 55 in
2080 1065 166 55 denen
2287 1087 97 34 nur

245 1147 354 66 Gegenstände
639 1153 250 65 vergeben
928 1155 219 63 werden,
1195 1157 80 53 die
1318 1177 88 33 aus
1444 1154 297 56 liebevollen
1782 1154 217 55 Händen
2038 1157 107 53 und
2186 1154 196 57 Herzen

241 1239 296 55 entstanden
580 1241 131 54 sind.
766 1242 100 54 Die
895 1243 52 55 in
994 1244 82 55 die
1109 1244 157 55 Liebe
1304 1246 90 53 der
1425 1244 336 55 Nehmenden
1792 1244 112 54 eine
1937 1243 138 65 süße,
2106 1244 248 56 unaufhör-

242 1324 130 57 liche
411 1327 172 67 Magie
622 1352 100 32 von
763 1346 154 49 guten
956 1331 306 66 Wünschen,
1302 1355 97 33 von
1439 1332 377 56 unbeirrbarem
1849 1332 234 56 Glauben
2122 1333 262 56 einziehen

242 1415 180 57 lassen.
458 1418 117 63 Die,
590 1420 188 54 welche
795 1421 81 54 für
895 1421 136 54 diese
1050 1423 382 55 wundersamen
1443 1422 462 56 Vorratskammern
1923 1423 240 64 arbeiten,
2183 1425 198 54 werden

245 1506 96 53 viel
382 1506 153 57 Licht
571 1508 278 56 verbreiten
903 1511 108 55 und
1060 1511 80 55 ihr
1180 1511 171 56 Leben
1394 1514 126 53 wird
1562 1514 112 53 eine
1721 1512 174 66 heilige
1940 1512 276 66 Handlung
2258 1515 126 54 sein.

246 1595 112 54 Ihre
383 1597 237 54 atmende
646 1597 137 55 Güte
809 1599 124 54 wird
960 1599 81 54 die
1065 1600 185 55 Völker
1276 1600 320 56 entflammen
1624 1622 89 34 zur
1733 1601 253 56 Reinheit.
2018 1601 133 74 (Nur
2172 1602 210 55 Schund

242 1685 68 53 ist
341 1685 194 55 Laster.
574 1686 175 55 Laster
780 1689 64 53 ist
875 1689 80 53 ein
996 1688 180 55 Fehler
1205 1690 70 53 im
1308 1689 199 67 System
1538 1691 107 54 und
1675 1691 79 54 ein
1789 1689 206 66 Mangel
2026 1713 81 32 am
2139 1690 245 66 System.)

245 1773 105 54 Das
383 1774 139 55 Gute
551 1774 160 56 steckt
742 1798 160 42 genau
935 1799 54 32 so
1018 1798 64 33 an
1114 1779 92 53 wie
1238 1779 80 53 die
1350 1779 121 55 böse
1504 1778 294 56 Krankheit.

355 1860 101 56 Die
489 1863 197 54 Kinder
729 1865 91 54 der
851 1864 396 57 Liebesarbeiter
1288 1868 196 53 werden
1530 1889 98 32 von
1674 1867 141 53 ihren
1848 1867 204 63 Vätern,
2097 1889 99 34 von
2239 1868 142 55 ihren

244 1948 228 57 Müttern
505 1973 118 32 zum
654 1950 328 58 Bewußtsein
1013 1953 131 55 ihres
1175 1954 222 56 schönen
1430 1954 199 56 Lebens
1661 1956 108 53 und
1807 1954 136 56 ihrer
1972 1969 167 42 zarten
2173 1956 181 55 Verant-

242 2053 232 52 wortung
517 2039 393 66 herangebildet.
963 2043 186 55 Immer
1178 2043 143 55 mehr
1352 2044 126 56 wird
1510 2044 95 55 den
1651 2044 400 65 gedankenlosen
2083 2046 298 56 Maschinen

242 2128 107 55 ihre
382 2128 294 56 Herrschaft
705 2130 269 57 erschwert
1004 2132 226 57 werden:
1264 2155 115 32 man
1412 2133 126 55 wird
1568 2133 153 55 ihnen
1752 2135 53 53 in
1845 2133 178 56 vielem
2061 2135 107 54 ihre
2207 2135 177 55 Arbeit

242 2218 139 54 nicht
414 2218 141 55 mehr
585 2230 201 53 gönnen
818 2221 108 55 und
956 2222 71 52 sie
1060 2221 215 56 Sklaven
1308 2223 105 54 sein
1446 2222 178 64 lassen,
1670 2223 81 55 die
1783 2223 71 54 sie
1885 2223 124 65 ewig
2041 2246 61 32 zu
2147 2225 105 53 sein
2295 2223 58 55 be-

245 2309 192 52 stimmt
467 2307 132 55 sind.
637 2307 143 56 Viele
810 2311 150 52 weise
979 2309 151 55 Väter
1161 2311 198 55 werden
1389 2311 107 53 ihre
1514 2311 171 55 Söhne
1717 2311 138 55 nicht
1887 2312 144 54 mehr
2060 2335 89 32 aus
2168 2311 214 57 falscher

244 2396 415 55 Bescheidenheit
691 2397 249 55 schlechte
970 2397 342 64 Architekten,
1344 2401 241 64 unnötige
1625 2401 309 65 Ingenieure,
1984 2401 368 68 gemeingefähr-

244 2485 131 55 liche
404 2477 152 63 Ärzte
588 2485 119 56 oder
740 2485 188 56 Lehrer
959 2489 199 53 werden
1199 2488 178 56 lassen.
1427 2489 99 55 Die
1567 2489 173 56 Weihe
1778 2490 90 55 der
1910 2490 259 56 einfachen
2203 2491 142 55 Hand-

242 2574 205 64 lungen,
495 2574 212 55 beladen
762 2577 91 53 mit
896 2575 437 64 Menschlichkeit,
1380 2578 125 54 wird
1552 2578 167 56 besser
1759 2579 314 56 verstanden.
2135 2579 98 56 Die
2276 2580 105 56 sich

245 2662 202 64 wichtig
477 2662 281 56 nehmende
789 2663 221 65 Bildung
1128 2664 89 55 das
1250 2664 194 55 Wissen
1478 2688 98 32 von
1611 2667 487 57 Nebensächlichem
2128 2669 124 55 wird
2273 2691 82 33 ver-

245 2752 177 54 stoßen
453 2754 125 54 sein.
678 2753 174 55 Geber
883 2756 105 53 und
1015 2754 307 66 Empfänger
1347 2757 200 55 werden
1576 2778 95 34 nur
1703 2758 215 55 beseelte
1947 2758 280 56 Menschen
2255 2759 127 64 sein,

244 2843 134 54 denn
413 2864 96 31 nur
546 2843 80 52 ein
656 2843 93 54 tief
791 2843 250 66 bewegtes
1073 2843 189 56 Gemüt
1294 2866 198 45 vermag
1524 2847 80 55 die
1636 2846 350 67 Anspannung
2029 2871 63 32 zu
2136 2864 245 49 ertragen,

245 2931 81 53 die
358 2951 80 32 ein
471 2930 194 54 solches
700 2931 174 54 Leben
905 2933 92 52 mit
1030 2932 104 55 sich
1167 2932 185 65 bringt.
1392 2933 162 56 Etwas
1586 2958 97 31 von
1728 2936 219 55 wahrem
1977 2935 234 57 Arzttum
2254 2936 125 56 wird

242 3021 54 52 in
308 3020 174 54 diesen
496 3019 364 55 Austeilenden
875 3022 122 54 sein.
1013 3021 451 66 Menschengefühl
1478 3022 104 57 und
1596 3026 230 53 intuitive
1841 3025 204 61 Scham.
2066 3026 122 57 Und
2202 3029 180 53 immer

245 3107 123 55 muß
401 3107 120 54 Das
549 3109 96 54 den
678 3109 194 54 Sachen
907 3110 238 66 zugefügt
1172 3112 215 61 werden,
1420 3112 86 55 das
1534 3115 81 53 nie
1641 3114 200 66 gekauft
1873 3116 200 55 werden
2104 3116 146 63 kann,
2282 3138 100 34 nur

244 3196 160 55 durch
435 3200 365 52 antwortendes
834 3199 191 54 Gefühl
1057 3200 344 57 Bezahlbares.
1443 3203 213 56 Käufer:
1688 3204 108 62 ach,
1829 3227 92 33 wie
1958 3205 191 55 schwer
2180 3227 101 33 war
2309 3229 70 40 es,

242 3286 84 54 nie
348 3285 310 65 ungeduldig
684 3309 61 32 zu
769 3288 125 61 sein,
922 3289 81 52 nie
1030 3288 345 58 überhebend.
1408 3289 273 69 Ungeduld
1700 3293 64 54 ist
1784 3294 146 53 meist
1956 3293 391 56 Schuldbewußt-

242 3375 125 55 sein.
420 3364 349 76 Überhebung
904 3375 316 59 Dummheit.
1264 3378 137 56 Aber
1431 3403 87 33 um
1549 3403 89 33 vor
1671 3382 341 56 Genesenden
2042 3384 108 55 und
2180 3383 196 66 Stillen,

242 3485 89 34 vor
358 3462 251 67 Mutigen,
640 3463 353 66 Ungläubigen
1027 3466 104 54 und
1159 3466 273 57 Betrübten
1464 3471 88 53 das
1580 3469 225 56 Wunder
1829 3471 249 66 aufgehen
2104 3495 62 33 zu
2193 3472 186 58 lassen:

241 3568 151 41 etwas
430 3552 296 62 Ersehntes;
764 3575 87 44 gar
888 3553 137 55 nicht
1064 3554 309 66 Erwartetes,
1412 3558 97 56 viel
1548 3582 61 32 zu
1642 3558 225 64 Reiches,
1901 3560 180 57 Liebes
2122 3561 257 57 bekommt

241 3666 116 32 man
387 3642 292 64 geschenkt.
715 3642 315 57 Geschenkt!
