2662 4269
305 3774 66 55 24

304 357 328 72 Leonhard
673 357 246 72 Frank:

1011 476 168 69 DAS
1225 476 510 72 LIEBESPAAR

412 625 135 56 Früh
597 648 88 33 um
735 624 115 57 fünf
881 625 113 56 Uhr
1024 625 182 57 läutete
1245 628 81 56 die
1357 625 471 67 Wohnungsglocke
1869 625 335 67 langgezogen
2245 625 52 55 in
2336 625 100 55 den

301 713 192 57 Traum
530 715 89 55 des
652 713 428 57 Rechtsanwaltes
1112 714 189 58 hinein.

412 802 108 57 Der
545 803 418 56 Schlaftrunkene
1001 817 174 53 tappte
1213 806 159 55 durch
1405 806 98 55 den
1542 803 224 58 dunklen
1789 803 396 67 Wohnungsflur
2217 825 90 34 zur
2327 823 84 35 ver-

300 891 316 57 schlossenen
658 891 127 57 Tür.
815 892 157 65 „Wer
1010 893 67 55 ist

412 982 136 65 „Die

412 1071 173 57 Sofort
615 1071 81 56 fiel
735 1072 105 55 ihm
870 1072 99 62 ein,
1004 1071 100 56 daß
1142 1095 54 34 er
1232 1096 80 32 am
1345 1072 138 68 Tage
1523 1073 179 55 vorher
1740 1072 52 55 in
1832 1072 138 54 einer
2003 1071 332 56 Gesellschaft
2355 1094 56 43 ge-

303 1174 104 51 sagt
463 1160 164 56 hatte:
682 1160 145 63 „Der
865 1160 362 65 Hotelkellner,
1272 1162 89 55 der
1408 1162 81 55 die
1527 1162 408 55 revolutionären
1983 1160 423 56 Friedensdemon-

300 1250 280 55 strationen
605 1250 291 55 verursacht
919 1250 108 55 und
1052 1250 144 56 dabei
1222 1251 97 55 den
1347 1251 191 55 Leuten
1566 1251 195 61 erklärt,
1789 1249 100 56 daß
1911 1249 317 56 militärische
2250 1249 158 54 Erobe-

300 1358 193 46 rungen
525 1339 538 66 menschenunwürdig
1102 1340 106 55 und
1241 1339 318 56 militärische
1598 1340 145 66 Siege
1781 1339 141 55 nicht
1969 1336 315 68 maßgebend
2323 1339 115 53 sind

301 1428 82 56 für
398 1429 99 55 den
517 1429 210 55 inneren
748 1428 139 56 Wert
917 1428 138 54 einer
1085 1429 206 62 Nation,
1323 1429 162 55 leistet
1536 1429 81 56 für
1662 1430 82 54 die
1764 1428 228 56 Zukunft
2031 1449 203 33 unseres
2255 1427 183 55 Volkes

301 1517 159 63 mehr,
493 1517 71 56 als
590 1518 89 55 der
712 1517 343 56 berühmteste

413 1606 123 54 Und
563 1608 121 65 jetzt
722 1607 160 54 lassen
915 1607 132 54 mich
1088 1607 81 54 die
1196 1607 361 56 Scharfrichter
1593 1608 89 55 der
1701 1604 423 57 Menschlichkeit
2161 1604 279 64 verhaften,

300 1695 183 55 dachte
514 1695 90 54 der
643 1695 367 55 Rechtsanwalt
1049 1696 107 54 und
1187 1695 202 55 öffnete.
1422 1696 162 62 „Wen
1625 1696 190 54 suchen

413 1783 142 64 „Der
596 1783 88 55 bin
722 1785 81 54 ich

416 1874 119 63 „Sie
574 1874 235 55 möchten
848 1874 78 54 ins
966 1874 503 55 Leichenschauhaus
1509 1874 250 62 kommen,
1801 1874 132 54 Herr
1961 1874 212 55 Doktor.
2213 1872 133 57 Dort
2373 1875 65 53 ist

300 1961 83 55 ein
418 1961 379 57 Selbstmörder
835 1962 307 65 eingeliefert
1179 1962 221 63 worden,
1441 1962 80 55 bei
1552 1962 116 55 dem
1707 1982 97 34 nur
1837 1961 112 55 Ihre
1988 1961 334 56 Visitenkarte
2350 1984 58 43 ge-

300 2049 192 58 funden
534 2050 189 56 wurde.
762 2050 154 56 Sonst

416 2139 188 64 „Sonst
642 2139 200 56 nichts?
882 2183 13 13 .
925 2182 11 13 .
967 2183 13 12 .
1016 2140 84 55 Ich
1137 2140 180 63 meine,
1357 2153 140 42 sonst
1532 2139 121 66 liegt
1691 2140 165 55 nichts

414 2228 121 63 „Sie
574 2229 237 55 möchten
850 2228 292 63 feststellen,
1182 2249 101 35 wer
1312 2229 88 55 der
1430 2228 369 56 Selbstmörder

416 2317 147 57 Noch
596 2317 349 67 Morgenstille
976 2319 51 54 in
1067 2317 187 57 Berlin.
1295 2318 346 65 Dämmerung
1678 2319 53 54 in
1763 2319 97 54 den
1899 2317 437 67 Asphaltstraßen.

413 2407 123 56 Eine
576 2407 151 56 leicht
768 2408 237 66 bewegte,
1037 2408 51 54 in
1116 2407 344 56 Viererreihen
1488 2422 169 51 streng
1681 2408 269 65 geordnete
1971 2407 468 66 Menschenmenge

301 2497 131 56 steht
483 2520 62 33 an
600 2497 90 56 der
732 2496 301 57 Markthalle
1084 2496 223 66 entlang.
1356 2496 157 63 Grau,
1569 2496 239 67 spukhaft
1858 2497 107 55 und
2017 2496 292 66 ungeheuer
2350 2497 60 55 be-

301 2585 197 56 drückt.

416 2672 141 65 „Auf
592 2697 98 33 was
728 2689 187 41 warten
945 2675 83 53 die
1329 2674 157 67 fragte
1517 2675 87 55 der
1630 2674 194 56 Anwalt
1848 2675 148 55 einen
2027 2674 134 56 alten
2186 2675 253 63 Arbeiter,

303 2764 89 54 der
430 2764 287 61 zerrissene,
750 2764 91 54 mit
872 2761 283 57 Bindfaden
1188 2764 226 66 geflickte
1455 2763 322 57 Lackschuhe
1815 2763 220 55 anhatte.

413 2854 104 64 „Es
539 2853 107 66 gibt
666 2853 268 56 städtische
954 2853 178 56 Fische
1155 2896 13 14 .
1201 2897 11 13 .
1241 2897 14 12 .
1278 2853 104 57 Um
1403 2855 80 54 ein
1509 2854 112 55 Uhr
1637 2854 181 65 mittag
1833 2853 206 66 beginnt
2059 2854 89 55 der

416 2942 160 63 „Und
613 2942 64 54 da
708 2942 175 54 stehen
922 2942 82 54 die
1044 2940 159 56 Leute
1240 2944 121 65 jetzt
1392 2943 157 56 schon
1583 2943 137 55 hier?
1762 2942 136 56 Früh
1940 2965 87 33 um
2065 2942 117 56 fünf

416 3032 110 57 Wie
562 3032 84 56 die
685 3032 170 56 Worte
895 3031 198 67 klingen
1124 3032 51 54 in
1215 3033 90 56 der
1342 3032 160 63 Stille,
1541 3033 179 55 dachte
1758 3052 71 36 er.

416 3122 142 63 „Wir
613 3121 175 56 stehen
834 3121 156 56 schon
1034 3121 93 54 seit
1165 3136 196 49 gestern
1404 3122 165 56 abend
1620 3145 87 32 um
1752 3119 127 58 zehn
1921 3121 113 54 Uhr
2073 3121 105 54 hier
2209 3164 13 13 .
2252 3164 12 13 .
2295 3165 12 12 .
2340 3121 100 56 Die

304 3210 400 66 Rückwärtigen,
742 3210 84 55 die
863 3224 101 40 erst
1002 3230 157 46 gegen
1185 3210 331 57 Mitternacht
1555 3211 293 66 gekommen
1889 3210 132 62 sind,
2053 3210 203 66 kriegen
2278 3211 130 56 wahr-

303 3299 269 57 scheinlich
605 3299 169 55 nichts
798 3343 14 11 .
842 3342 12 12 .
887 3342 16 15 .
940 3297 263 57 Vielleicht
1241 3299 118 55 aber
1397 3300 158 63 doch;
1582 3299 411 57 wahrscheinlich
2034 3299 119 55 aber

417 3389 104 57 Der
544 3389 198 56 Anwalt
780 3390 118 66 ging
935 3389 92 54 mit
1052 3389 116 53 dem
1194 3387 343 59 Schutzmann
1583 3391 185 54 weiter.
1801 3389 144 63 ,Man
1992 3390 85 55 hat
2121 3390 191 55 diesem
2349 3390 92 55 tief

304 3479 382 62 wunderbaren,
707 3479 176 65 geistig
912 3476 291 57 entsetzlich
1234 3479 271 54 ruinierten
1538 3479 155 56 Volke
1725 3480 81 55 die
1834 3479 197 62 Pflicht,
2062 3478 82 55 für
2172 3480 99 53 den
2300 3479 140 54 Staat

304 3591 63 31 zu
399 3566 146 56 leben
586 3566 105 56 und
731 3589 63 32 zu
826 3566 217 63 sterben,
1071 3565 324 66 eingegeben,
1433 3568 108 53 und
1571 3591 63 33 an
1668 3569 189 55 diesem
1884 3568 223 56 Brocken
2135 3578 201 55 würgen
2358 3568 82 53 die

304 3657 188 65 siebzig
516 3655 267 56 Millionen
869 3657 201 54 daheim
1085 3655 107 55 und
1207 3677 61 32 an
1291 3654 99 55 den
1413 3654 221 57 Fronten
1764 3657 233 65 solange,
2030 3657 76 54 bis
2137 3657 69 54 sie
2236 3655 204 56 erstickt
