2662 4269
321 3807 62 54 16

411 395 233 53 Bauer:
712 392 179 55 Gewiß
931 392 146 55 doch.
1140 392 104 56 Der
1283 393 173 56 Soldat
1508 393 213 55 schwört
1773 392 134 54 beim
1947 391 169 55 Kreuz
2167 392 105 54 und
2330 393 95 54 den

300 482 316 66 Evangelien,
656 481 82 55 für
776 481 176 55 Thron
994 481 105 55 und
1137 482 268 57 Vaterland
1444 485 106 53 sein
1592 481 174 55 Leben
1805 482 330 54 einzusetzen.

413 571 341 55 Fremder:
794 571 136 54 Aber
968 571 81 54 ich
1085 573 182 62 meine,
1306 574 86 54 das
1432 573 142 54 sollte
1613 593 115 32 man
1768 569 139 56 nicht
1945 585 110 41 tun.

413 661 230 54 Bauer:
685 660 116 55 Was
840 660 173 53 nicht?

414 750 329 54 Fremder:
784 748 124 54 Man
948 748 90 54 soll
1076 749 137 55 nicht
1253 750 270 55 schwören.

413 839 222 54 Bauer:
679 839 110 55 Wie
828 838 91 55 soll
959 861 115 32 man
1116 839 135 55 nicht
1291 840 270 60 schwören,
1602 860 143 31 wenn
1786 861 51 30 es
1875 839 69 54 im
1984 838 183 55 Gesetz
2205 838 149 53 steht.

417 928 323 55 Fremder:
808 927 150 62 Nein,
1013 928 69 52 im
1124 927 211 56 Gesetze
1385 928 131 55 steht
1566 950 50 30 es
1654 926 156 54 nicht.
1876 926 74 55 Im
1989 927 212 54 Gesetze
2241 926 186 55 Christi

303 1018 137 55 heißt
479 1041 52 31 es
569 1040 125 43 ganz
733 1016 125 54 klar:
898 1017 88 53 Du
1024 1017 141 55 sollst
1202 1018 279 65 überhaupt
1521 1016 138 54 nicht
1697 1016 269 57 schwören.

413 1107 220 54 Bauer:
675 1105 137 56 Oho!
867 1106 118 53 aber
1023 1105 79 54 die
1142 1107 244 55 Priester?

413 1195 297 54 Fremder
770 1196 201 71 (nimmt
1015 1195 89 53 das
1140 1195 156 62 Buch,
1336 1194 318 66 schlägtauf,
1695 1194 143 54 sucht
1864 1195 81 54 die
1966 1195 152 54 Stelle
2144 1196 106 53 und
2270 1196 157 67 liest):

304 1284 102 63 „Es
446 1286 62 52 ist
547 1299 168 51 gesagt
756 1284 225 54 worden:
1041 1284 86 53 Du
1185 1285 138 55 sollst
1376 1285 180 53 deinen
1597 1282 95 55 Eid
1739 1282 180 63 halten,
2299 1305 133 54 sage

305 1374 140 65 euch,
500 1375 108 52 daß
649 1373 84 54 ihr
781 1373 295 75 überhaupt
1116 1375 148 53 nicht
1305 1375 256 53 schwören
1602 1371 145 55 sofft.
1785 1371 131 55 Eure
1955 1370 140 55 Rede
2121 1371 96 54 sei:
2255 1373 63 62 ja,
2356 1374 74 62 ja;

304 1464 132 58 nein,
491 1463 143 59 nein;
682 1483 98 32 was
825 1462 213 54 darüber
1076 1463 78 61 ist,
1196 1463 85 53 das
1333 1464 62 52 ist
1442 1486 115 30 vom
1846 1456 209 68 (Matth.
2095 1459 61 56 V.
2199 1460 84 60 34,
2326 1459 105 65 37.)

305 1552 146 54 Nach
491 1552 117 53 dem
649 1550 183 55 Gesetz
862 1549 186 56 Christi
1089 1550 109 55 darf
1236 1575 114 30 man
1390 1552 100 53 also
1530 1550 138 55 nicht
1704 1549 274 55 schwören.

416 1641 228 53 Bauer:
688 1639 135 54 Aber
862 1639 130 55 ohne
1032 1639 111 63 Eid,
1185 1642 63 53 da
1286 1641 122 64 gäbe
1446 1663 52 31 es
1535 1642 45 62 ja
1620 1638 280 66 überhaupt
1940 1638 138 56 keine
2116 1639 259 55 Soldaten.

420 1729 328 55 Fremder:
792 1728 156 56 Wozu
989 1728 209 55 braucht
1239 1751 111 32 man
1390 1729 133 54 denn
1565 1729 81 54 die
1686 1727 274 55 Soldaten?

417 1817 231 55 Bauer:
714 1816 193 56 Wozu?
967 1817 110 55 Wie
1128 1817 123 55 wird
1291 1818 86 54 das
1416 1818 133 61 aber,
1607 1839 145 31 wenn
1792 1837 209 33 unseren
2041 1816 160 56 Zaren
2241 1817 191 55 fremde

307 1906 158 55 Zaren
507 1906 273 55 überfallen
930 1929 98 32 was
1069 1907 167 54 dann?

420 1996 334 54 Fremder:
797 1995 99 55 Die
934 1994 161 56 Zaren
1141 1995 182 65 fangen
1375 1995 152 55 selbst
1565 1996 152 55 Streit
1764 2018 80 39 an,
1902 1995 62 55 da
2002 1995 151 55 sollen
2195 1996 70 52 sie
2303 1995 129 55 auch

305 2085 164 55 selber
510 2085 330 53 miteinander
878 2084 146 65 fertig
1061 2085 215 55 werden.

420 2174 226 55 Bauer:
688 2173 55 64 Ja
895 2178 52 49 a!
989 2173 110 56 Wie
1138 2175 65 52 ist
1240 2173 88 54 das
1367 2173 240 63 möglich!

422 2262 320 55 Fremder:
787 2259 66 56 Es
891 2262 64 52 ist
994 2283 78 32 so:
1114 2262 115 54 Wer
1254 2283 62 32 an
1347 2260 125 55 Gott
1498 2262 189 63 glaubt,
1729 2262 88 53 der
1843 2260 121 55 wird
1991 2259 139 55 keine
2149 2259 283 56 Menschen

308 2363 159 50 töten,
510 2375 114 30 man
668 2372 112 42 mag
818 2351 107 54 ihm
963 2373 165 44 sagen,
1170 2373 97 31 was
1307 2373 113 31 man
1461 2349 116 56 will.

420 2441 227 54 Bauer:
695 2439 206 55 Warum
942 2439 85 54 hat
1066 2438 103 55 also
1207 2439 88 54 der
1333 2439 134 65 Pope
1523 2439 51 54 in
1632 2438 88 55 der
1762 2438 183 55 Kirche
1991 2438 95 53 den
2128 2438 150 53 Erlaß
2326 2460 82 34 ver-

308 2530 153 59 lesen,
502 2530 71 53 als
613 2528 87 55 der
722 2528 155 65 Krieg
916 2528 213 65 begann,
1169 2527 94 56 alle
1301 2527 310 55 Reservisten
1651 2527 206 55 müßten
1899 2527 103 55 sich
2041 2527 206 55 stellen?

423 2618 320 54 Fremder:
787 2618 105 54 Das
933 2618 125 54 weiß
1098 2617 81 55 ich
1218 2617 154 61 nicht,
1423 2617 81 55 ich
1542 2616 126 55 weiß
1707 2638 113 41 nur,
1867 2616 98 55 daß
2003 2639 51 32 es
2092 2617 70 54 im
2201 2617 233 55 sechsten

312 2709 170 54 Gebot
535 2707 352 55 ausdrücklich
936 2707 160 55 heißt:
1145 2702 85 60 Du
1270 2707 139 54 sollst
1448 2707 137 54 nicht
1624 2718 156 43 töten.
1831 2706 64 55 Es
1933 2707 63 54 ist
2032 2706 105 53 also
2177 2706 257 64 verboten,

310 2796 98 56 daß
447 2798 80 53 ein
569 2796 215 55 Mensch
821 2796 99 54 den
961 2798 217 53 anderen
1217 2808 121 43 töte.

422 2885 219 55 Bauer:
682 2885 105 54 Das
826 2886 63 53 ist
926 2885 71 54 im
1038 2884 230 55 Frieden.
1306 2884 136 55 Aber
1480 2884 70 53 im
1579 2884 152 66 Krieg
1768 2884 115 65 geht
1921 2905 50 32 es
2011 2883 155 54 nicht.
2204 2884 80 53 Da
2325 2884 111 55 sind

309 2977 81 54 die
431 2975 188 55 Feinde
660 2974 81 57 da.

425 3064 312 55 Fremder:
779 3063 145 55 Nach
963 3063 117 55 dem
1118 3063 326 65 Evangelium
1471 3062 188 57 Christi
1697 3063 106 65 gibt
1842 3085 51 30 es
1919 3060 141 55 keine
2090 3062 205 62 Feinde,
2322 3085 114 33 man

312 3153 91 55 soll
442 3152 112 54 Alle
592 3152 162 54 lieben
794 3152 211 72 (schlägt
1042 3152 89 53 das
1169 3151 322 66 Evangelium
1530 3152 85 54 auf
1653 3153 105 53 und
1795 3149 183 73 sucht).

425 3242 216 53 Bauer:
685 3241 116 54 Lies
840 3241 132 54 doch
1010 3246 112 48 vor!

425 3331 293 55 Fremder
797 3331 180 66 (liest):
1034 3328 118 64 „Ihr
1193 3328 119 55 habt
1349 3330 189 63 gehört,
1580 3330 98 54 daß
1716 3353 61 31 zu
1818 3330 99 53 den
1955 3328 151 55 Alten
2145 3344 168 50 gesagt
2351 3330 88 54 ist:

315 3420 88 54 Du
442 3420 141 54 sollst
620 3419 141 55 nicht
799 3431 162 51 töten;
1000 3439 98 34 wer
1136 3417 115 55 aber
1288 3429 140 51 tötet,
1470 3420 89 53 der
1585 3419 91 54 soll
1702 3419 87 54 des
1817 3417 233 57 Gerichts
2069 3419 230 64 schuldig
2319 3421 121 52 sein.

317 3510 87 55 Ich
442 3510 119 55 aber
604 3532 115 43 sage
759 3509 148 56 euch:
949 3509 118 54 Wer
1107 3507 90 55 mit
1236 3507 188 55 seinem
1451 3509 194 54 Bruder
1676 3518 161 52 zürnt,
1876 3509 89 54 der
2003 3510 65 52 ist
2095 3509 86 54 des
2210 3507 230 55 Gerichts

642 3598 124 56 Und
812 3599 135 53 dann
997 3596 139 56 heißt
1173 3619 50 32 es
1263 3596 148 55 auch:
1456 3598 119 61 „Ihr
1615 3598 116 54 habt
1770 3598 191 64 gehört,
2006 3596 100 55 daß
2144 3612 170 49 gesagt
2352 3598 87 52 ist:

317 3688 86 54 Du
453 3687 138 55 sollst
641 3688 180 54 deinen
862 3688 257 54 Nächsten
1166 3685 163 56 lieben
1373 3687 107 53 und
1526 3689 181 53 deinen
1749 3688 156 54 Feind
1958 3688 194 53 hassen.
2200 3687 86 54 Ich
2323 3685 120 56 aber
