<?xml version="1.0" encoding="UTF-8"?>
<alto xmlns:xsi="http://www.w3.org/2001/XMLSchema-instance" xmlns="http://www.loc.gov/standards/alto/ns-v2#" xsi:schemaLocation="http://www.loc.gov/standards/alto/ns-v2# http://www.loc.gov/standards/alto/alto-v2.0.xsd" xmlns:xlink="http://www.w3.org/1999/xlink">
	<Description>
		<MeasurementUnit>mm10</MeasurementUnit>
		<sourceImageInformation>
			<fileName>//fileserver7/IN2-2/Princeton/bmtnabb/1917/08_01/00000527.tif</fileName>
		</sourceImageInformation>
		<OCRProcessing ID="OCRPROCESSING_1">
			<preProcessingStep>
				<processingSoftware>
					<softwareCreator>CCS Content Conversion Specialists GmbH, Germany</softwareCreator>
					<softwareName>CCS docWorks</softwareName>
					<softwareVersion>6.7-1.24</softwareVersion>
				</processingSoftware>
			</preProcessingStep>
			<ocrProcessingStep>
				<processingSoftware>
					<softwareCreator>ABBYY (BIT Software), Russia</softwareCreator>
					<softwareName>FineReader</softwareName>
					<softwareVersion>10.0</softwareVersion>
				</processingSoftware>
			</ocrProcessingStep>
		</OCRProcessing>
	</Description>
	<Styles>
		<TextStyle ID="TXT_0" FONTSIZE="16" FONTFAMILY="Times New Roman"/>
		<TextStyle ID="TXT_1" FONTSIZE="16" FONTFAMILY="Times New Roman" FONTSTYLE="italics"/>
		<ParagraphStyle ID="PAR_RIGHT" ALIGN="Right"/>
		<ParagraphStyle ID="PAR_BLOCK" ALIGN="Block"/>
	</Styles>
	<Layout>
		<Page ID="P53" PHYSICAL_IMG_NR="53" HEIGHT="4269" WIDTH="2662" PRINTED_IMG_NR="51" PC="0.979">
			<TopMargin ID="P53_TM00001" HPOS="0" VPOS="0" WIDTH="2662" HEIGHT="345"/>
			<LeftMargin ID="P53_LM00001" HPOS="0" VPOS="345" WIDTH="198" HEIGHT="3422"/>
			<RightMargin ID="P53_RM00001" HPOS="2397" VPOS="345" WIDTH="265" HEIGHT="3422"/>
			<BottomMargin ID="P53_BM00001" HPOS="0" VPOS="3767" WIDTH="2662" HEIGHT="502">
				<TextBlock ID="P53_TB00001" HPOS="2301" VPOS="3769" WIDTH="59" HEIGHT="56" STYLEREFS="TXT_0 PAR_RIGHT">
					<TextLine ID="P53_TL00001" HPOS="2301" VPOS="3770" WIDTH="59" HEIGHT="55">
						<String ID="P53_ST00001" HPOS="2301" VPOS="3770" WIDTH="59" HEIGHT="55" CONTENT="51" WC="0.40" CC="47"/>
					</TextLine>
				</TextBlock>
			</BottomMargin>
			<PrintSpace ID="P53_PS00001" HPOS="198" VPOS="345" WIDTH="2199" HEIGHT="3422">
				<TextBlock ID="P53_TB00002" HPOS="198" VPOS="345" WIDTH="2199" HEIGHT="3378" STYLEREFS="TXT_0 PAR_BLOCK">
					<TextLine ID="P53_TL00002" HPOS="263" VPOS="345" WIDTH="2134" HEIGHT="60">
						<String ID="P53_ST00002" HPOS="263" VPOS="345" WIDTH="608" HEIGHT="60" CONTENT="Maschinengewehrfeuer" WC="1.00" CC="00002050500005030600"/>
						<SP ID="P53_SP00001" HPOS="871" VPOS="405" WIDTH="23"/>
						<String ID="P53_ST00003" HPOS="894" VPOS="348" WIDTH="410" HEIGHT="57" CONTENT="niedergemacht;" WC="1.00" CC="62003000200034"/>
						<SP ID="P53_SP00002" HPOS="1304" VPOS="405" WIDTH="70"/>
						<String ID="P53_ST00004" HPOS="1374" VPOS="345" WIDTH="75" HEIGHT="46" CONTENT="die" WC="0.99" CC="000"/>
						<SP ID="P53_SP00003" HPOS="1449" VPOS="405" WIDTH="33"/>
						<String ID="P53_ST00005" HPOS="1482" VPOS="345" WIDTH="47" HEIGHT="45" CONTENT="in" WC="0.35" CC="57"/>
						<SP ID="P53_SP00004" HPOS="1529" VPOS="405" WIDTH="27"/>
						<String ID="P53_ST00006" HPOS="1556" VPOS="346" WIDTH="73" HEIGHT="44" CONTENT="die" WC="0.99" CC="030"/>
						<SP ID="P53_SP00005" HPOS="1629" VPOS="405" WIDTH="27"/>
						<String ID="P53_ST00007" HPOS="1656" VPOS="346" WIDTH="220" HEIGHT="56" CONTENT="Stellung" WC="0.99" CC="00070050"/>
						<SP ID="P53_SP00006" HPOS="1876" VPOS="405" WIDTH="24"/>
						<String ID="P53_ST00008" HPOS="1900" VPOS="346" WIDTH="297" HEIGHT="56" CONTENT="dringenden" WC="0.99" CC="0075003005"/>
						<SP ID="P53_SP00007" HPOS="2197" VPOS="405" WIDTH="25"/>
						<String ID="P53_ST00009" HPOS="2222" VPOS="345" WIDTH="175" HEIGHT="45" CONTENT="Feinde" WC="0.99" CC="000436"/>
					</TextLine>
					<TextLine ID="P53_TL00003" HPOS="264" VPOS="419" WIDTH="2133" HEIGHT="61">
						<String ID="P53_ST00010" HPOS="264" VPOS="421" WIDTH="190" HEIGHT="45" CONTENT="werden" WC="0.99" CC="340032"/>
						<SP ID="P53_SP00008" HPOS="454" VPOS="466" WIDTH="33"/>
						<String ID="P53_ST00011" HPOS="487" VPOS="423" WIDTH="92" HEIGHT="44" CONTENT="mit" WC="0.98" CC="040"/>
						<SP ID="P53_SP00009" HPOS="579" VPOS="467" WIDTH="35"/>
						<String ID="P53_ST00012" HPOS="614" VPOS="423" WIDTH="108" HEIGHT="44" CONTENT="dem" WC="1.00" CC="000"/>
						<SP ID="P53_SP00010" HPOS="722" VPOS="467" WIDTH="31"/>
						<String ID="P53_ST00013" HPOS="753" VPOS="423" WIDTH="188" HEIGHT="49" CONTENT="Kolben" WC="0.98" CC="631600"/>
						<SP ID="P53_SP00011" HPOS="941" VPOS="472" WIDTH="28"/>
						<String ID="P53_ST00014" HPOS="969" VPOS="421" WIDTH="448" HEIGHT="59" CONTENT="niedergeschlagen" WC="1.00" CC="1606000000022007"/>
						<SP ID="P53_SP00012" HPOS="1417" VPOS="480" WIDTH="24"/>
						<String ID="P53_ST00015" HPOS="1441" VPOS="420" WIDTH="99" HEIGHT="43" CONTENT="und" WC="0.95" CC="850"/>
						<SP ID="P53_SP00013" HPOS="1540" VPOS="480" WIDTH="23"/>
						<String ID="P53_ST00016" HPOS="1563" VPOS="420" WIDTH="92" HEIGHT="45" CONTENT="mit" WC="1.00" CC="000"/>
						<SP ID="P53_SP00014" HPOS="1655" VPOS="480" WIDTH="24"/>
						<String ID="P53_ST00017" HPOS="1679" VPOS="420" WIDTH="108" HEIGHT="43" CONTENT="dem" WC="1.00" CC="000"/>
						<SP ID="P53_SP00015" HPOS="1787" VPOS="480" WIDTH="25"/>
						<String ID="P53_ST00018" HPOS="1812" VPOS="420" WIDTH="235" HEIGHT="56" CONTENT="Bajonett" WC="0.99" CC="04400060"/>
						<SP ID="P53_SP00016" HPOS="2047" VPOS="480" WIDTH="34"/>
						<String ID="P53_ST00019" HPOS="2081" VPOS="419" WIDTH="316" HEIGHT="46" CONTENT="durchbohrt." WC="1.00" CC="00000030004"/>
					</TextLine>
					<TextLine ID="P53_TL00004" HPOS="265" VPOS="494" WIDTH="2131" HEIGHT="61">
						<String ID="P53_ST00020" HPOS="265" VPOS="496" WIDTH="112" HEIGHT="45" CONTENT="Und" WC="0.96" CC="360"/>
						<SP ID="P53_SP00017" HPOS="377" VPOS="541" WIDTH="36"/>
						<String ID="P53_ST00021" HPOS="413" VPOS="498" WIDTH="190" HEIGHT="43" CONTENT="daheim" WC="1.00" CC="000010"/>
						<SP ID="P53_SP00018" HPOS="603" VPOS="541" WIDTH="33"/>
						<String ID="P53_ST00022" HPOS="636" VPOS="498" WIDTH="64" HEIGHT="44" CONTENT="im" WC="0.70" CC="50"/>
						<SP ID="P53_SP00019" HPOS="700" VPOS="542" WIDTH="25"/>
						<String ID="P53_ST00023" HPOS="725" VPOS="498" WIDTH="291" HEIGHT="44" CONTENT="Vaterlande" WC="0.99" CC="0000060790"/>
						<SP ID="P53_SP00020" HPOS="1016" VPOS="542" WIDTH="23"/>
						<String ID="P53_ST00024" HPOS="1039" VPOS="498" WIDTH="198" HEIGHT="57" CONTENT="jauchzt" WC="0.99" CC="0240000"/>
						<SP ID="P53_SP00021" HPOS="1237" VPOS="555" WIDTH="24"/>
						<String ID="P53_ST00025" HPOS="1261" VPOS="496" WIDTH="85" HEIGHT="45" CONTENT="das" WC="0.96" CC="900"/>
						<SP ID="P53_SP00022" HPOS="1346" VPOS="555" WIDTH="25"/>
						<String ID="P53_ST00026" HPOS="1371" VPOS="495" WIDTH="139" HEIGHT="55" CONTENT="Volk," WC="0.99" CC="00611"/>
						<SP ID="P53_SP00023" HPOS="1510" VPOS="555" WIDTH="35"/>
						<String ID="P53_ST00027" HPOS="1545" VPOS="506" WIDTH="138" HEIGHT="33" CONTENT="wenn" WC="0.99" CC="0013"/>
						<SP ID="P53_SP00024" HPOS="1683" VPOS="555" WIDTH="25"/>
						<String ID="P53_ST00028" HPOS="1708" VPOS="496" WIDTH="75" HEIGHT="43" CONTENT="ein" WC="0.97" CC="043"/>
						<SP ID="P53_SP00025" HPOS="1783" VPOS="555" WIDTH="24"/>
						<String ID="P53_ST00029" HPOS="1807" VPOS="506" WIDTH="185" HEIGHT="46" CONTENT="grosser" WC="1.00" CC="0010000"/>
						<SP ID="P53_SP00026" HPOS="1992" VPOS="555" WIDTH="26"/>
						<String ID="P53_ST00030" HPOS="2018" VPOS="494" WIDTH="108" HEIGHT="58" CONTENT="Sieg" WC="1.00" CC="0000"/>
						<SP ID="P53_SP00027" HPOS="2126" VPOS="555" WIDTH="23"/>
						<String ID="P53_ST00031" HPOS="2149" VPOS="494" WIDTH="247" HEIGHT="45" CONTENT="erfochten" WC="1.00" CC="001500003"/>
					</TextLine>
					<TextLine ID="P53_TL00005" HPOS="263" VPOS="569" WIDTH="1404" HEIGHT="59">
						<String ID="P53_ST00032" HPOS="263" VPOS="570" WIDTH="78" HEIGHT="44" CONTENT="ist." WC="0.98" CC="5004"/>
						<SP ID="P53_SP00028" HPOS="341" VPOS="614" WIDTH="64"/>
						<String ID="P53_ST00033" HPOS="405" VPOS="571" WIDTH="129" HEIGHT="45" CONTENT="Aber" WC="1.00" CC="0000"/>
						<SP ID="P53_SP00029" HPOS="534" VPOS="616" WIDTH="36"/>
						<String ID="P53_ST00034" HPOS="570" VPOS="571" WIDTH="142" HEIGHT="57" CONTENT="Jesus" WC="0.99" CC="30010"/>
						<SP ID="P53_SP00030" HPOS="712" VPOS="628" WIDTH="33"/>
						<String ID="P53_ST00035" HPOS="745" VPOS="571" WIDTH="234" HEIGHT="57" CONTENT="gebietet:" WC="1.00" CC="000100020"/>
						<SP ID="P53_SP00031" HPOS="979" VPOS="628" WIDTH="66"/>
						<String ID="P53_ST00036" HPOS="1045" VPOS="572" WIDTH="203" HEIGHT="55" CONTENT="„Liebet" WC="1.00" CC="0050000"/>
						<SP ID="P53_SP00032" HPOS="1248" VPOS="628" WIDTH="34"/>
						<String ID="P53_ST00037" HPOS="1282" VPOS="581" WIDTH="110" HEIGHT="33" CONTENT="eure" WC="1.00" CC="0200"/>
						<SP ID="P53_SP00033" HPOS="1392" VPOS="628" WIDTH="35"/>
						<String ID="P53_ST00038" HPOS="1427" VPOS="569" WIDTH="240" HEIGHT="45" CONTENT='Feinde!"' WC="0.99" CC="30300061"/>
					</TextLine>
					<TextLine ID="P53_TL00006" HPOS="352" VPOS="651" WIDTH="2043" HEIGHT="57">
						<String ID="P53_ST00039" HPOS="352" VPOS="653" WIDTH="113" HEIGHT="44" CONTENT="Man" WC="0.98" CC="005"/>
						<SP ID="P53_SP00034" HPOS="465" VPOS="697" WIDTH="34"/>
						<String ID="P53_ST00040" HPOS="499" VPOS="664" WIDTH="129" HEIGHT="33" CONTENT="muss" WC="1.00" CC="0000"/>
						<SP ID="P53_SP00035" HPOS="628" VPOS="697" WIDTH="35"/>
						<String ID="P53_ST00041" HPOS="663" VPOS="654" WIDTH="100" HEIGHT="43" CONTENT="hier" WC="0.98" CC="4300"/>
						<SP ID="P53_SP00036" HPOS="763" VPOS="697" WIDTH="34"/>
						<String ID="P53_ST00042" HPOS="797" VPOS="655" WIDTH="235" HEIGHT="44" CONTENT="zunächst" WC="1.00" CC="02340000"/>
						<SP ID="P53_SP00037" HPOS="1032" VPOS="699" WIDTH="35"/>
						<String ID="P53_ST00043" HPOS="1067" VPOS="655" WIDTH="102" HEIGHT="43" CONTENT="klar" WC="1.00" CC="0100"/>
						<SP ID="P53_SP00038" HPOS="1169" VPOS="699" WIDTH="33"/>
						<String ID="P53_ST00044" HPOS="1202" VPOS="655" WIDTH="98" HEIGHT="42" CONTENT="und" WC="1.00" CC="000"/>
						<SP ID="P53_SP00039" HPOS="1300" VPOS="699" WIDTH="33"/>
						<String ID="P53_ST00045" HPOS="1333" VPOS="651" WIDTH="250" HEIGHT="46" CONTENT="bestimmt" WC="1.00" CC="30000000"/>
						<SP ID="P53_SP00040" HPOS="1583" VPOS="699" WIDTH="36"/>
						<String ID="P53_ST00046" HPOS="1619" VPOS="653" WIDTH="331" HEIGHT="55" CONTENT="eingestehen:" WC="1.00" CC="010000006023"/>
						<SP ID="P53_SP00041" HPOS="1950" VPOS="708" WIDTH="53"/>
						<String ID="P53_ST00047" HPOS="2003" VPOS="651" WIDTH="143" HEIGHT="57" CONTENT="Jesus" WC="0.99" CC="60020"/>
						<SP ID="P53_SP00042" HPOS="2146" VPOS="708" WIDTH="33"/>
						<String ID="P53_ST00048" HPOS="2179" VPOS="651" WIDTH="86" HEIGHT="45" CONTENT="hat" WC="1.00" CC="000"/>
						<SP ID="P53_SP00043" HPOS="2265" VPOS="708" WIDTH="46"/>
						<String ID="P53_ST00049" HPOS="2311" VPOS="651" WIDTH="84" HEIGHT="43" CONTENT="das" WC="0.99" CC="020"/>
					</TextLine>
					<TextLine ID="P53_TL00007" HPOS="265" VPOS="726" WIDTH="2132" HEIGHT="57">
						<String ID="P53_ST00050" HPOS="265" VPOS="726" WIDTH="158" HEIGHT="46" CONTENT="Gebot" WC="0.99" CC="40400"/>
						<SP ID="P53_SP00044" HPOS="423" VPOS="772" WIDTH="34"/>
						<String ID="P53_ST00051" HPOS="457" VPOS="739" WIDTH="90" HEIGHT="33" CONTENT="nur" WC="0.97" CC="600"/>
						<SP ID="P53_SP00045" HPOS="547" VPOS="772" WIDTH="29"/>
						<String ID="P53_ST00052" HPOS="576" VPOS="727" WIDTH="78" HEIGHT="44" CONTENT="für" WC="0.99" CC="200"/>
						<SP ID="P53_SP00046" HPOS="654" VPOS="772" WIDTH="33"/>
						<String ID="P53_ST00053" HPOS="687" VPOS="729" WIDTH="91" HEIGHT="43" CONTENT="den" WC="0.98" CC="005"/>
						<SP ID="P53_SP00047" HPOS="778" VPOS="772" WIDTH="35"/>
						<String ID="P53_ST00054" HPOS="813" VPOS="729" WIDTH="213" HEIGHT="44" CONTENT="Verkehr" WC="1.00" CC="0000000"/>
						<SP ID="P53_SP00048" HPOS="1026" VPOS="773" WIDTH="30"/>
						<String ID="P53_ST00055" HPOS="1056" VPOS="730" WIDTH="234" HEIGHT="44" CONTENT="zwischen" WC="1.00" CC="00100004"/>
						<SP ID="P53_SP00049" HPOS="1290" VPOS="774" WIDTH="42"/>
						<String ID="P53_ST00056" HPOS="1332" VPOS="730" WIDTH="90" HEIGHT="42" CONTENT="den" WC="1.00" CC="001"/>
						<SP ID="P53_SP00050" HPOS="1422" VPOS="774" WIDTH="33"/>
						<String ID="P53_ST00057" HPOS="1455" VPOS="726" WIDTH="235" HEIGHT="46" CONTENT="einzelnen" WC="0.99" CC="002060060" STYLEREFS="TXT_1"/>
						<SP ID="P53_SP00051" HPOS="1690" VPOS="774" WIDTH="32"/>
						<String ID="P53_ST00058" HPOS="1722" VPOS="727" WIDTH="258" HEIGHT="44" CONTENT="Menschen" WC="1.00" CC="00300004"/>
						<SP ID="P53_SP00052" HPOS="1980" VPOS="774" WIDTH="34"/>
						<String ID="P53_ST00059" HPOS="2014" VPOS="726" WIDTH="225" HEIGHT="57" CONTENT="gegeben," WC="1.00" CC="00006010"/>
						<SP ID="P53_SP00053" HPOS="2239" VPOS="783" WIDTH="44"/>
						<String ID="P53_ST00060" HPOS="2283" VPOS="726" WIDTH="114" HEIGHT="45" CONTENT="aber" WC="0.99" CC="3002"/>
					</TextLine>
					<TextLine ID="P53_TL00008" HPOS="207" VPOS="800" WIDTH="2188" HEIGHT="57">
						<String ID="P53_ST00061" HPOS="207" VPOS="818" WIDTH="10" HEIGHT="15" CONTENT="•" WC="0.55" CC="4"/>
						<SP ID="P53_SP00054" HPOS="217" VPOS="833" WIDTH="46"/>
						<String ID="P53_ST00062" HPOS="263" VPOS="802" WIDTH="133" HEIGHT="45" CONTENT="nicht" WC="0.99" CC="00060"/>
						<SP ID="P53_SP00055" HPOS="396" VPOS="847" WIDTH="46"/>
						<String ID="P53_ST00063" HPOS="442" VPOS="802" WIDTH="78" HEIGHT="44" CONTENT="für" WC="0.98" CC="500"/>
						<SP ID="P53_SP00056" HPOS="520" VPOS="847" WIDTH="47"/>
						<String ID="P53_ST00064" HPOS="567" VPOS="802" WIDTH="86" HEIGHT="44" CONTENT="das" WC="1.00" CC="000"/>
						<SP ID="P53_SP00057" HPOS="653" VPOS="847" WIDTH="34"/>
						<String ID="P53_ST00065" HPOS="687" VPOS="802" WIDTH="277" HEIGHT="46" CONTENT="Verhältnis" WC="1.00" CC="0000023370"/>
						<SP ID="P53_SP00058" HPOS="964" VPOS="848" WIDTH="34"/>
						<String ID="P53_ST00066" HPOS="998" VPOS="805" WIDTH="83" HEIGHT="43" CONTENT="der" WC="1.00" CC="000"/>
						<SP ID="P53_SP00059" HPOS="1081" VPOS="848" WIDTH="22"/>
						<String ID="P53_ST00067" HPOS="1103" VPOS="804" WIDTH="178" HEIGHT="44" CONTENT="Völker" WC="1.00" CC="003000"/>
						<SP ID="P53_SP00060" HPOS="1281" VPOS="848" WIDTH="48"/>
						<String ID="P53_ST00068" HPOS="1329" VPOS="802" WIDTH="307" HEIGHT="44" CONTENT="zueinander." WC="0.99" CC="35046110003"/>
						<SP ID="P53_SP00061" HPOS="1636" VPOS="848" WIDTH="73"/>
						<String ID="P53_ST00069" HPOS="1709" VPOS="802" WIDTH="66" HEIGHT="44" CONTENT="Im" WC="0.66" CC="60"/>
						<SP ID="P53_SP00062" HPOS="1775" VPOS="848" WIDTH="48"/>
						<String ID="P53_ST00070" HPOS="1823" VPOS="801" WIDTH="333" HEIGHT="56" CONTENT="persönlichen" WC="1.00" CC="000061450002"/>
						<SP ID="P53_SP00063" HPOS="2156" VPOS="857" WIDTH="26"/>
						<String ID="P53_ST00071" HPOS="2182" VPOS="800" WIDTH="213" HEIGHT="44" CONTENT="Verkehr" WC="1.00" CC="0000000"/>
					</TextLine>
					<TextLine ID="P53_TL00009" HPOS="261" VPOS="875" WIDTH="2135" HEIGHT="54">
						<String ID="P53_ST00072" HPOS="261" VPOS="876" WIDTH="87" HEIGHT="43" CONTENT="soll" WC="1.00" CC="0000"/>
						<SP ID="P53_SP00064" HPOS="348" VPOS="919" WIDTH="44"/>
						<String ID="P53_ST00073" HPOS="392" VPOS="877" WIDTH="83" HEIGHT="43" CONTENT="der" WC="0.98" CC="006"/>
						<SP ID="P53_SP00065" HPOS="475" VPOS="920" WIDTH="42"/>
						<String ID="P53_ST00074" HPOS="517" VPOS="876" WIDTH="161" HEIGHT="46" CONTENT="Christ" WC="0.99" CC="000700"/>
						<SP ID="P53_SP00066" HPOS="678" VPOS="922" WIDTH="44"/>
						<String ID="P53_ST00075" HPOS="722" VPOS="879" WIDTH="164" HEIGHT="43" CONTENT="seinen" WC="1.00" CC="001300"/>
						<SP ID="P53_SP00067" HPOS="886" VPOS="922" WIDTH="50"/>
						<String ID="P53_ST00076" HPOS="936" VPOS="879" WIDTH="148" HEIGHT="44" CONTENT="Feind" WC="0.99" CC="40020"/>
						<SP ID="P53_SP00068" HPOS="1084" VPOS="923" WIDTH="45"/>
						<String ID="P53_ST00077" HPOS="1129" VPOS="879" WIDTH="216" HEIGHT="43" CONTENT="dadurch" WC="1.00" CC="0000000"/>
						<SP ID="P53_SP00069" HPOS="1345" VPOS="923" WIDTH="43"/>
						<String ID="P53_ST00078" HPOS="1388" VPOS="889" WIDTH="57" HEIGHT="31" CONTENT="zu" WC="1.00" CC="00"/>
						<SP ID="P53_SP00070" HPOS="1445" VPOS="923" WIDTH="46"/>
						<String ID="P53_ST00079" HPOS="1491" VPOS="876" WIDTH="153" HEIGHT="44" CONTENT="lieben" WC="0.98" CC="260405"/>
						<SP ID="P53_SP00071" HPOS="1644" VPOS="923" WIDTH="45"/>
						<String ID="P53_ST00080" HPOS="1689" VPOS="876" WIDTH="283" HEIGHT="53" CONTENT="versuchen," WC="1.00" CC="1000005020"/>
						<SP ID="P53_SP00072" HPOS="1972" VPOS="929" WIDTH="45"/>
						<String ID="P53_ST00081" HPOS="2017" VPOS="875" WIDTH="110" HEIGHT="44" CONTENT="dass" WC="1.00" CC="0000"/>
						<SP ID="P53_SP00073" HPOS="2127" VPOS="929" WIDTH="41"/>
						<String ID="P53_ST00082" HPOS="2168" VPOS="885" WIDTH="49" HEIGHT="33" CONTENT="er" WC="0.85" CC="20"/>
						<SP ID="P53_SP00074" HPOS="2217" VPOS="929" WIDTH="45"/>
						<String ID="P53_ST00083" HPOS="2262" VPOS="875" WIDTH="134" HEIGHT="44" CONTENT="nicht" WC="1.00" CC="00000"/>
					</TextLine>
					<TextLine ID="P53_TL00010" HPOS="259" VPOS="948" WIDTH="2136" HEIGHT="60">
						<String ID="P53_ST00084" HPOS="259" VPOS="950" WIDTH="204" HEIGHT="56" CONTENT="gleiches" WC="1.00" CC="04010000"/>
						<SP ID="P53_SP00075" HPOS="463" VPOS="1006" WIDTH="42"/>
						<String ID="P53_ST00085" HPOS="505" VPOS="951" WIDTH="89" HEIGHT="43" CONTENT="mit" WC="0.99" CC="020"/>
						<SP ID="P53_SP00076" HPOS="594" VPOS="1006" WIDTH="33"/>
						<String ID="P53_ST00086" HPOS="627" VPOS="951" WIDTH="230" HEIGHT="57" CONTENT="gleichem" WC="1.00" CC="00010009"/>
						<SP ID="P53_SP00077" HPOS="857" VPOS="1008" WIDTH="47"/>
						<String ID="P53_ST00087" HPOS="904" VPOS="953" WIDTH="187" HEIGHT="55" CONTENT="vergilt." WC="1.00" CC="00004402"/>
						<SP ID="P53_SP00078" HPOS="1091" VPOS="1008" WIDTH="63"/>
						<String ID="P53_ST00088" HPOS="1154" VPOS="952" WIDTH="128" HEIGHT="43" CONTENT="Aber" WC="1.00" CC="0000"/>
						<SP ID="P53_SP00079" HPOS="1282" VPOS="1008" WIDTH="40"/>
						<String ID="P53_ST00089" HPOS="1322" VPOS="951" WIDTH="62" HEIGHT="43" CONTENT="im" WC="0.93" CC="10"/>
						<SP ID="P53_SP00080" HPOS="1384" VPOS="1008" WIDTH="37"/>
						<String ID="P53_ST00090" HPOS="1421" VPOS="950" WIDTH="150" HEIGHT="45" CONTENT="Streit" WC="1.00" CC="000000"/>
						<SP ID="P53_SP00081" HPOS="1571" VPOS="1008" WIDTH="42"/>
						<String ID="P53_ST00091" HPOS="1613" VPOS="950" WIDTH="83" HEIGHT="44" CONTENT="der" WC="1.00" CC="001"/>
						<SP ID="P53_SP00082" HPOS="1696" VPOS="1008" WIDTH="41"/>
						<String ID="P53_ST00092" HPOS="1737" VPOS="950" WIDTH="243" HEIGHT="44" CONTENT="Nationen" WC="1.00" CC="00030001"/>
						<SP ID="P53_SP00083" HPOS="1980" VPOS="1008" WIDTH="40"/>
						<String ID="P53_ST00093" HPOS="2020" VPOS="948" WIDTH="375" HEIGHT="45" CONTENT="untereinander" WC="1.00" CC="0002000301000"/>
					</TextLine>
					<TextLine ID="P53_TL00011" HPOS="259" VPOS="1022" WIDTH="2136" HEIGHT="50">
						<String ID="P53_ST00094" HPOS="259" VPOS="1026" WIDTH="86" HEIGHT="42" CONTENT="hat" WC="0.97" CC="440"/>
						<SP ID="P53_SP00084" HPOS="345" VPOS="1068" WIDTH="52"/>
						<String ID="P53_ST00095" HPOS="397" VPOS="1025" WIDTH="76" HEIGHT="44" CONTENT="die" WC="0.98" CC="040"/>
						<SP ID="P53_SP00085" HPOS="473" VPOS="1069" WIDTH="55"/>
						<String ID="P53_ST00096" HPOS="528" VPOS="1025" WIDTH="326" HEIGHT="47" CONTENT="Feindesliebe" WC="1.00" CC="013000004010"/>
						<SP ID="P53_SP00086" HPOS="854" VPOS="1072" WIDTH="54"/>
						<String ID="P53_ST00097" HPOS="908" VPOS="1028" WIDTH="76" HEIGHT="42" CONTENT="ein" WC="1.00" CC="000"/>
						<SP ID="P53_SP00087" HPOS="984" VPOS="1072" WIDTH="57"/>
						<String ID="P53_ST00098" HPOS="1041" VPOS="1027" WIDTH="149" HEIGHT="45" CONTENT="Ende." WC="0.99" CC="50002"/>
						<SP ID="P53_SP00088" HPOS="1190" VPOS="1072" WIDTH="67"/>
						<String ID="P53_ST00099" HPOS="1257" VPOS="1026" WIDTH="189" HEIGHT="44" CONTENT="Hierbei" WC="1.00" CC="0000006"/>
						<SP ID="P53_SP00089" HPOS="1446" VPOS="1072" WIDTH="65"/>
						<String ID="P53_ST00100" HPOS="1511" VPOS="1025" WIDTH="85" HEIGHT="44" CONTENT="hat" WC="1.00" CC="000"/>
						<SP ID="P53_SP00090" HPOS="1596" VPOS="1072" WIDTH="65"/>
						<String ID="P53_ST00101" HPOS="1661" VPOS="1025" WIDTH="82" HEIGHT="43" CONTENT="der" WC="1.00" CC="000"/>
						<SP ID="P53_SP00091" HPOS="1743" VPOS="1072" WIDTH="63"/>
						<String ID="P53_ST00102" HPOS="1806" VPOS="1025" WIDTH="211" HEIGHT="43" CONTENT="einzelne" WC="1.00" CC="03020010"/>
						<SP ID="P53_SP00092" HPOS="2017" VPOS="1072" WIDTH="57"/>
						<String ID="P53_ST00103" HPOS="2074" VPOS="1022" WIDTH="169" HEIGHT="46" CONTENT="Soldat" WC="1.00" CC="005000"/>
						<SP ID="P53_SP00093" HPOS="2243" VPOS="1072" WIDTH="52"/>
						<String ID="P53_ST00104" HPOS="2295" VPOS="1023" WIDTH="100" HEIGHT="44" CONTENT="sich" WC="1.00" CC="0000"/>
					</TextLine>
					<TextLine ID="P53_TL00012" HPOS="256" VPOS="1097" WIDTH="2140" HEIGHT="57">
						<String ID="P53_ST00105" HPOS="256" VPOS="1110" WIDTH="85" HEIGHT="44" CONTENT="gar" WC="1.00" CC="000"/>
						<SP ID="P53_SP00094" HPOS="341" VPOS="1154" WIDTH="49"/>
						<String ID="P53_ST00106" HPOS="390" VPOS="1097" WIDTH="137" HEIGHT="44" CONTENT="keine" WC="1.00" CC="00010"/>
						<SP ID="P53_SP00095" HPOS="527" VPOS="1154" WIDTH="53"/>
						<String ID="P53_ST00107" HPOS="580" VPOS="1098" WIDTH="370" HEIGHT="47" CONTENT="Gewissenbisse" WC="1.00" CC="1000000543001"/>
						<SP ID="P53_SP00096" HPOS="950" VPOS="1154" WIDTH="49"/>
						<String ID="P53_ST00108" HPOS="999" VPOS="1114" WIDTH="57" HEIGHT="31" CONTENT="zu" WC="0.72" CC="05"/>
						<SP ID="P53_SP00097" HPOS="1056" VPOS="1154" WIDTH="47"/>
						<String ID="P53_ST00109" HPOS="1103" VPOS="1101" WIDTH="218" HEIGHT="43" CONTENT="machen." WC="1.00" CC="0200000"/>
						<SP ID="P53_SP00098" HPOS="1321" VPOS="1154" WIDTH="68"/>
						<String ID="P53_ST00110" HPOS="1389" VPOS="1101" WIDTH="61" HEIGHT="42" CONTENT="Er" WC="0.78" CC="40"/>
						<SP ID="P53_SP00099" HPOS="1450" VPOS="1154" WIDTH="51"/>
						<String ID="P53_ST00111" HPOS="1501" VPOS="1098" WIDTH="129" HEIGHT="56" CONTENT="trägt" WC="0.99" CC="01500"/>
						<SP ID="P53_SP00100" HPOS="1630" VPOS="1154" WIDTH="54"/>
						<String ID="P53_ST00112" HPOS="1684" VPOS="1098" WIDTH="49" HEIGHT="56" CONTENT="ja" WC="0.78" CC="40"/>
						<SP ID="P53_SP00101" HPOS="1733" VPOS="1154" WIDTH="55"/>
						<String ID="P53_ST00113" HPOS="1788" VPOS="1098" WIDTH="133" HEIGHT="43" CONTENT="nicht" WC="1.00" CC="02000"/>
						<SP ID="P53_SP00102" HPOS="1921" VPOS="1154" WIDTH="52"/>
						<String ID="P53_ST00114" HPOS="1973" VPOS="1097" WIDTH="75" HEIGHT="43" CONTENT="die" WC="1.00" CC="000"/>
						<SP ID="P53_SP00103" HPOS="2048" VPOS="1154" WIDTH="47"/>
						<String ID="P53_ST00115" HPOS="2095" VPOS="1097" WIDTH="271" HEIGHT="44" CONTENT="Verantwor" SUBS_TYPE="HypPart1" SUBS_CONTENT="Verantwortung" WC="1.00" CC="000000000"/>
						<HYP HPOS="2366" VPOS="1097" WIDTH="30" CONTENT="-"/>
					</TextLine>
					<TextLine ID="P53_TL00013" HPOS="255" VPOS="1171" WIDTH="2141" HEIGHT="59">
						<String ID="P53_ST00116" HPOS="255" VPOS="1173" WIDTH="122" HEIGHT="56" CONTENT="tung" SUBS_TYPE="HypPart2" SUBS_CONTENT="Verantwortung" WC="0.96" CC="0569"/>
						<SP ID="P53_SP00104" HPOS="377" VPOS="1229" WIDTH="32"/>
						<String ID="P53_ST00117" HPOS="409" VPOS="1172" WIDTH="78" HEIGHT="44" CONTENT="für" WC="0.97" CC="700"/>
						<SP ID="P53_SP00105" HPOS="487" VPOS="1229" WIDTH="33"/>
						<String ID="P53_ST00118" HPOS="520" VPOS="1174" WIDTH="101" HEIGHT="44" CONTENT="sein" WC="1.00" CC="0010"/>
						<SP ID="P53_SP00106" HPOS="621" VPOS="1229" WIDTH="33"/>
						<String ID="P53_ST00119" HPOS="654" VPOS="1174" WIDTH="173" HEIGHT="55" CONTENT="Töten," WC="0.99" CC="001033"/>
						<SP ID="P53_SP00107" HPOS="827" VPOS="1229" WIDTH="36"/>
						<String ID="P53_ST00120" HPOS="863" VPOS="1176" WIDTH="205" HEIGHT="44" CONTENT="sondern" WC="1.00" CC="0040002"/>
						<SP ID="P53_SP00108" HPOS="1068" VPOS="1229" WIDTH="34"/>
						<String ID="P53_ST00121" HPOS="1102" VPOS="1176" WIDTH="128" HEIGHT="43" CONTENT="seine" WC="0.99" CC="00500"/>
						<SP ID="P53_SP00109" HPOS="1230" VPOS="1229" WIDTH="36"/>
						<String ID="P53_ST00122" HPOS="1266" VPOS="1173" WIDTH="268" HEIGHT="57" CONTENT="Obrigkeit." WC="1.00" CC="4401000200"/>
						<SP ID="P53_SP00110" HPOS="1534" VPOS="1230" WIDTH="65"/>
						<String ID="P53_ST00123" HPOS="1599" VPOS="1172" WIDTH="199" HEIGHT="57" CONTENT="Solange" WC="1.00" CC="0000070" STYLEREFS="TXT_1"/>
						<SP ID="P53_SP00111" HPOS="1798" VPOS="1230" WIDTH="50"/>
						<String ID="P53_ST00124" HPOS="1848" VPOS="1171" WIDTH="75" HEIGHT="45" CONTENT="die" WC="1.00" CC="000" STYLEREFS="TXT_1"/>
						<SP ID="P53_SP00112" HPOS="1923" VPOS="1230" WIDTH="36"/>
						<String ID="P53_ST00125" HPOS="1959" VPOS="1172" WIDTH="210" HEIGHT="44" CONTENT="Schlacht" WC="0.99" CC="00500041" STYLEREFS="TXT_1"/>
						<SP ID="P53_SP00113" HPOS="2169" VPOS="1230" WIDTH="33"/>
						<String ID="P53_ST00126" HPOS="2202" VPOS="1171" WIDTH="104" HEIGHT="56" CONTENT="tobt," WC="1.00" CC="00020" STYLEREFS="TXT_1"/>
						<SP ID="P53_SP00114" HPOS="2306" VPOS="1230" WIDTH="29"/>
						<String ID="P53_ST00127" HPOS="2335" VPOS="1171" WIDTH="61" HEIGHT="44" CONTENT="ist" WC="1.00" CC="000" STYLEREFS="TXT_1"/>
					</TextLine>
					<TextLine ID="P53_TL00014" HPOS="256" VPOS="1246" WIDTH="2136" HEIGHT="62">
						<String ID="P53_ST00128" HPOS="256" VPOS="1249" WIDTH="85" HEIGHT="42" CONTENT="das" WC="0.99" CC="200" STYLEREFS="TXT_1"/>
						<SP ID="P53_SP00115" HPOS="341" VPOS="1291" WIDTH="33"/>
						<String ID="P53_ST00129" HPOS="374" VPOS="1248" WIDTH="286" HEIGHT="57" CONTENT="Liebesgebot" WC="0.99" CC="20100073205" STYLEREFS="TXT_1"/>
						<SP ID="P53_SP00116" HPOS="660" VPOS="1305" WIDTH="31"/>
						<String ID="P53_ST00130" HPOS="691" VPOS="1251" WIDTH="119" HEIGHT="56" CONTENT="Jesu" WC="1.00" CC="0002" STYLEREFS="TXT_1"/>
						<SP ID="P53_SP00117" HPOS="810" VPOS="1307" WIDTH="32"/>
						<String ID="P53_ST00131" HPOS="842" VPOS="1251" WIDTH="137" HEIGHT="57" CONTENT="völlig" WC="0.99" CC="034300" STYLEREFS="TXT_1"/>
						<SP ID="P53_SP00118" HPOS="979" VPOS="1308" WIDTH="32"/>
						<String ID="P53_ST00132" HPOS="1011" VPOS="1249" WIDTH="278" HEIGHT="59" CONTENT="aufgehoben" WC="1.00" CC="0400004000" STYLEREFS="TXT_1"/>
						<String ID="P53_ST00133" HPOS="1296" VPOS="1282" WIDTH="11" HEIGHT="12" CONTENT="." WC="0.55" CC="4"/>
						<SP ID="P53_SP00119" HPOS="1307" VPOS="1308" WIDTH="39"/>
						<String ID="P53_ST00134" HPOS="1346" VPOS="1251" WIDTH="62" HEIGHT="42" CONTENT="Es" WC="0.82" CC="30"/>
						<SP ID="P53_SP00120" HPOS="1408" VPOS="1308" WIDTH="33"/>
						<String ID="P53_ST00135" HPOS="1441" VPOS="1248" WIDTH="87" HEIGHT="57" CONTENT="gilt" WC="0.97" CC="0650"/>
						<SP ID="P53_SP00121" HPOS="1528" VPOS="1308" WIDTH="34"/>
						<String ID="P53_ST00136" HPOS="1562" VPOS="1248" WIDTH="133" HEIGHT="45" CONTENT="nicht" WC="1.00" CC="20000"/>
						<SP ID="P53_SP00122" HPOS="1695" VPOS="1308" WIDTH="32"/>
						<String ID="P53_ST00137" HPOS="1727" VPOS="1247" WIDTH="79" HEIGHT="44" CONTENT="für" WC="0.99" CC="300"/>
						<SP ID="P53_SP00123" HPOS="1806" VPOS="1308" WIDTH="31"/>
						<String ID="P53_ST00138" HPOS="1837" VPOS="1247" WIDTH="75" HEIGHT="44" CONTENT="die" WC="0.99" CC="010"/>
						<SP ID="P53_SP00124" HPOS="1912" VPOS="1308" WIDTH="37"/>
						<String ID="P53_ST00139" HPOS="1949" VPOS="1246" WIDTH="221" HEIGHT="45" CONTENT="Stunden" WC="1.00" CC="0003000"/>
						<SP ID="P53_SP00125" HPOS="2170" VPOS="1308" WIDTH="23"/>
						<String ID="P53_ST00140" HPOS="2193" VPOS="1246" WIDTH="83" HEIGHT="44" CONTENT="des" WC="1.00" CC="000"/>
						<SP ID="P53_SP00126" HPOS="2276" VPOS="1308" WIDTH="29"/>
						<String ID="P53_ST00141" HPOS="2305" VPOS="1247" WIDTH="58" HEIGHT="43" CONTENT="Ge" SUBS_TYPE="HypPart1" SUBS_CONTENT="Gefechts." WC="0.99" CC="00"/>
						<HYP HPOS="2363" VPOS="1247" WIDTH="29" CONTENT="-"/>
					</TextLine>
					<TextLine ID="P53_TL00015" HPOS="255" VPOS="1319" WIDTH="2139" HEIGHT="57">
						<String ID="P53_ST00142" HPOS="255" VPOS="1322" WIDTH="173" HEIGHT="44" CONTENT="fechts." SUBS_TYPE="HypPart2" SUBS_CONTENT="Gefechts." WC="0.99" CC="6000040"/>
						<SP ID="P53_SP00127" HPOS="428" VPOS="1366" WIDTH="66"/>
						<String ID="P53_ST00143" HPOS="494" VPOS="1322" WIDTH="98" HEIGHT="44" CONTENT="Das" WC="0.99" CC="200"/>
						<SP ID="P53_SP00128" HPOS="592" VPOS="1366" WIDTH="53"/>
						<String ID="P53_ST00144" HPOS="645" VPOS="1323" WIDTH="157" HEIGHT="46" CONTENT="Gebot" WC="0.99" CC="30300"/>
						<SP ID="P53_SP00129" HPOS="802" VPOS="1369" WIDTH="51"/>
						<String ID="P53_ST00145" HPOS="853" VPOS="1324" WIDTH="81" HEIGHT="44" CONTENT="der" WC="0.99" CC="003"/>
						<SP ID="P53_SP00130" HPOS="934" VPOS="1369" WIDTH="32"/>
						<String ID="P53_ST00146" HPOS="966" VPOS="1321" WIDTH="322" HEIGHT="47" CONTENT="Feindesliebe" WC="1.00" CC="200000060000"/>
						<SP ID="P53_SP00131" HPOS="1288" VPOS="1369" WIDTH="34"/>
						<String ID="P53_ST00147" HPOS="1322" VPOS="1323" WIDTH="84" HEIGHT="45" CONTENT="hat" WC="0.98" CC="600"/>
						<SP ID="P53_SP00132" HPOS="1406" VPOS="1369" WIDTH="33"/>
						<String ID="P53_ST00148" HPOS="1439" VPOS="1322" WIDTH="77" HEIGHT="43" CONTENT="für" WC="0.99" CC="300"/>
						<SP ID="P53_SP00133" HPOS="1516" VPOS="1369" WIDTH="33"/>
						<String ID="P53_ST00149" HPOS="1549" VPOS="1333" WIDTH="87" HEIGHT="32" CONTENT="uns" WC="0.98" CC="400"/>
						<SP ID="P53_SP00134" HPOS="1636" VPOS="1369" WIDTH="35"/>
						<String ID="P53_ST00150" HPOS="1671" VPOS="1321" WIDTH="81" HEIGHT="45" CONTENT="auf" WC="0.97" CC="016"/>
						<SP ID="P53_SP00135" HPOS="1752" VPOS="1369" WIDTH="32"/>
						<String ID="P53_ST00151" HPOS="1784" VPOS="1321" WIDTH="109" HEIGHT="44" CONTENT="dem" WC="1.00" CC="000"/>
						<SP ID="P53_SP00136" HPOS="1893" VPOS="1369" WIDTH="37"/>
						<String ID="P53_ST00152" HPOS="1930" VPOS="1319" WIDTH="349" HEIGHT="46" CONTENT="Schlachtfelde" WC="1.00" CC="0005000060200"/>
						<SP ID="P53_SP00137" HPOS="2279" VPOS="1369" WIDTH="32"/>
						<String ID="P53_ST00153" HPOS="2311" VPOS="1331" WIDTH="83" HEIGHT="45" CONTENT="gar" WC="1.00" CC="000" STYLEREFS="TXT_1"/>
					</TextLine>
					<TextLine ID="P53_TL00016" HPOS="256" VPOS="1394" WIDTH="2136" HEIGHT="61">
						<String ID="P53_ST00154" HPOS="256" VPOS="1394" WIDTH="135" HEIGHT="47" CONTENT="keine" WC="1.00" CC="00000" STYLEREFS="TXT_1"/>
						<SP ID="P53_SP00138" HPOS="391" VPOS="1441" WIDTH="29"/>
						<String ID="P53_ST00155" HPOS="420" VPOS="1397" WIDTH="271" HEIGHT="57" CONTENT="Bedeutung" WC="0.99" CC="000050505" STYLEREFS="TXT_1"/>
						<SP ID="P53_SP00139" HPOS="691" VPOS="1454" WIDTH="25"/>
						<String ID="P53_ST00156" HPOS="716" VPOS="1398" WIDTH="152" HEIGHT="44" CONTENT="mehr." WC="0.99" CC="00340"/>
						<SP ID="P53_SP00140" HPOS="868" VPOS="1454" WIDTH="36"/>
						<String ID="P53_ST00157" HPOS="904" VPOS="1398" WIDTH="58" HEIGHT="57" CONTENT="Je" WC="1.00" CC="00"/>
						<SP ID="P53_SP00141" HPOS="962" VPOS="1455" WIDTH="33"/>
						<String ID="P53_ST00158" HPOS="995" VPOS="1398" WIDTH="394" HEIGHT="44" CONTENT="rücksichtsloser" WC="1.00" CC="000000000050000"/>
						<SP ID="P53_SP00142" HPOS="1389" VPOS="1455" WIDTH="18"/>
						<String ID="P53_ST00159" HPOS="1407" VPOS="1397" WIDTH="85" HEIGHT="44" CONTENT="wir" WC="1.00" CC="000"/>
						<SP ID="P53_SP00143" HPOS="1492" VPOS="1455" WIDTH="31"/>
						<String ID="P53_ST00160" HPOS="1523" VPOS="1407" WIDTH="167" HEIGHT="33" CONTENT="unsere" WC="0.99" CC="530000"/>
						<SP ID="P53_SP00144" HPOS="1690" VPOS="1455" WIDTH="24"/>
						<String ID="P53_ST00161" HPOS="1714" VPOS="1395" WIDTH="192" HEIGHT="46" CONTENT="Waffen" WC="0.99" CC="002504"/>
						<SP ID="P53_SP00145" HPOS="1906" VPOS="1455" WIDTH="24"/>
						<String ID="P53_ST00162" HPOS="1930" VPOS="1395" WIDTH="282" HEIGHT="55" CONTENT="anwenden," WC="0.99" CC="046050023"/>
						<SP ID="P53_SP00146" HPOS="2212" VPOS="1455" WIDTH="29"/>
						<String ID="P53_ST00163" HPOS="2241" VPOS="1406" WIDTH="82" HEIGHT="33" CONTENT="um" WC="0.96" CC="00"/>
						<SP ID="P53_SP00147" HPOS="2323" VPOS="1455" WIDTH="19"/>
						<String ID="P53_ST00164" HPOS="2342" VPOS="1406" WIDTH="50" HEIGHT="33" CONTENT="so" WC="1.00" CC="00"/>
					</TextLine>
					<TextLine ID="P53_TL00017" HPOS="256" VPOS="1469" WIDTH="2138" HEIGHT="60">
						<String ID="P53_ST00165" HPOS="256" VPOS="1472" WIDTH="353" HEIGHT="57" CONTENT="barmherziger" WC="1.00" CC="510000015000"/>
						<SP ID="P53_SP00148" HPOS="609" VPOS="1529" WIDTH="33"/>
						<String ID="P53_ST00166" HPOS="642" VPOS="1473" WIDTH="61" HEIGHT="44" CONTENT="ist" WC="1.00" CC="000"/>
						<SP ID="P53_SP00149" HPOS="703" VPOS="1529" WIDTH="35"/>
						<String ID="P53_ST00167" HPOS="738" VPOS="1474" WIDTH="100" HEIGHT="54" CONTENT="das," WC="1.00" CC="0001"/>
						<SP ID="P53_SP00150" HPOS="838" VPOS="1529" WIDTH="36"/>
						<String ID="P53_ST00168" HPOS="874" VPOS="1473" WIDTH="124" HEIGHT="43" CONTENT="denn" WC="0.99" CC="0012"/>
						<SP ID="P53_SP00151" HPOS="998" VPOS="1529" WIDTH="37"/>
						<String ID="P53_ST00169" HPOS="1035" VPOS="1484" WIDTH="80" HEIGHT="32" CONTENT="um" WC="0.92" CC="10"/>
						<SP ID="P53_SP00152" HPOS="1115" VPOS="1529" WIDTH="34"/>
						<String ID="P53_ST00170" HPOS="1149" VPOS="1484" WIDTH="52" HEIGHT="32" CONTENT="so" WC="1.00" CC="00"/>
						<SP ID="P53_SP00153" HPOS="1201" VPOS="1529" WIDTH="33"/>
						<String ID="P53_ST00171" HPOS="1234" VPOS="1473" WIDTH="231" HEIGHT="44" CONTENT="schneller" WC="0.99" CC="000403402"/>
						<SP ID="P53_SP00154" HPOS="1465" VPOS="1529" WIDTH="47"/>
						<String ID="P53_ST00172" HPOS="1512" VPOS="1472" WIDTH="118" HEIGHT="44" CONTENT="wird" WC="1.00" CC="0000"/>
						<SP ID="P53_SP00155" HPOS="1630" VPOS="1529" WIDTH="50"/>
						<String ID="P53_ST00173" HPOS="1680" VPOS="1470" WIDTH="84" HEIGHT="45" CONTENT="der" WC="1.00" CC="000"/>
						<SP ID="P53_SP00156" HPOS="1764" VPOS="1529" WIDTH="49"/>
						<String ID="P53_ST00174" HPOS="1813" VPOS="1469" WIDTH="146" HEIGHT="59" CONTENT="Krieg" WC="0.98" CC="40600"/>
						<SP ID="P53_SP00157" HPOS="1959" VPOS="1529" WIDTH="49"/>
						<String ID="P53_ST00175" HPOS="2008" VPOS="1472" WIDTH="222" HEIGHT="43" CONTENT="beendet." WC="0.99" CC="50040004"/>
						<SP ID="P53_SP00158" HPOS="2230" VPOS="1529" WIDTH="63"/>
						<String ID="P53_ST00176" HPOS="2293" VPOS="1469" WIDTH="101" HEIGHT="45" CONTENT="Das" WC="0.99" CC="200" STYLEREFS="TXT_1"/>
					</TextLine>
					<TextLine ID="P53_TL00018" HPOS="260" VPOS="1545" WIDTH="2131" HEIGHT="57">
						<String ID="P53_ST00177" HPOS="260" VPOS="1547" WIDTH="140" HEIGHT="44" CONTENT="Töten" WC="0.97" CC="69350" STYLEREFS="TXT_1"/>
						<SP ID="P53_SP00159" HPOS="400" VPOS="1591" WIDTH="34"/>
						<String ID="P53_ST00178" HPOS="434" VPOS="1547" WIDTH="61" HEIGHT="44" CONTENT="ist" WC="1.00" CC="000" STYLEREFS="TXT_1"/>
						<SP ID="P53_SP00160" HPOS="495" VPOS="1591" WIDTH="31"/>
						<String ID="P53_ST00179" HPOS="526" VPOS="1548" WIDTH="48" HEIGHT="43" CONTENT="in" WC="0.84" CC="20"/>
						<SP ID="P53_SP00161" HPOS="574" VPOS="1591" WIDTH="35"/>
						<String ID="P53_ST00180" HPOS="609" VPOS="1548" WIDTH="178" HEIGHT="44" CONTENT="diesem" WC="1.00" CC="010000"/>
						<SP ID="P53_SP00162" HPOS="787" VPOS="1592" WIDTH="36"/>
						<String ID="P53_ST00181" HPOS="823" VPOS="1548" WIDTH="100" HEIGHT="44" CONTENT="Fall" WC="0.99" CC="3000"/>
						<SP ID="P53_SP00163" HPOS="923" VPOS="1592" WIDTH="36"/>
						<String ID="P53_ST00182" HPOS="959" VPOS="1548" WIDTH="136" HEIGHT="43" CONTENT="keine" WC="1.00" CC="00000"/>
						<SP ID="P53_SP00164" HPOS="1095" VPOS="1592" WIDTH="26"/>
						<String ID="P53_ST00183" HPOS="1121" VPOS="1548" WIDTH="178" HEIGHT="54" CONTENT="Sünde," WC="1.00" CC="000000"/>
						<SP ID="P53_SP00165" HPOS="1299" VPOS="1602" WIDTH="25"/>
						<String ID="P53_ST00184" HPOS="1324" VPOS="1547" WIDTH="205" HEIGHT="44" CONTENT="sondern" WC="0.99" CC="0050013"/>
						<SP ID="P53_SP00166" HPOS="1529" VPOS="1602" WIDTH="25"/>
						<String ID="P53_ST00185" HPOS="1554" VPOS="1547" WIDTH="75" HEIGHT="43" CONTENT="ein" WC="0.97" CC="052"/>
						<SP ID="P53_SP00167" HPOS="1629" VPOS="1602" WIDTH="29"/>
						<String ID="P53_ST00186" HPOS="1658" VPOS="1547" WIDTH="169" HEIGHT="43" CONTENT="Dienst" WC="1.00" CC="050000"/>
						<SP ID="P53_SP00168" HPOS="1827" VPOS="1602" WIDTH="23"/>
						<String ID="P53_ST00187" HPOS="1850" VPOS="1557" WIDTH="79" HEIGHT="33" CONTENT="am" WC="1.00" CC="00"/>
						<SP ID="P53_SP00169" HPOS="1929" VPOS="1602" WIDTH="24"/>
						<String ID="P53_ST00188" HPOS="1953" VPOS="1545" WIDTH="310" HEIGHT="55" CONTENT="Vaterlande," WC="1.00" CC="01000201003"/>
						<SP ID="P53_SP00170" HPOS="2263" VPOS="1602" WIDTH="24"/>
						<String ID="P53_ST00189" HPOS="2287" VPOS="1545" WIDTH="104" HEIGHT="43" CONTENT="eine" WC="0.98" CC="0340"/>
					</TextLine>
					<TextLine ID="P53_TL00019" HPOS="255" VPOS="1618" WIDTH="2136" HEIGHT="59">
						<String ID="P53_ST00190" HPOS="255" VPOS="1620" WIDTH="269" HEIGHT="45" CONTENT="christliche" WC="1.00" CC="05000006030"/>
						<SP ID="P53_SP00171" HPOS="524" VPOS="1665" WIDTH="36"/>
						<String ID="P53_ST00191" HPOS="560" VPOS="1622" WIDTH="192" HEIGHT="54" CONTENT="Pflicht," WC="1.00" CC="41012000"/>
						<SP ID="P53_SP00172" HPOS="752" VPOS="1676" WIDTH="35"/>
						<String ID="P53_ST00192" HPOS="787" VPOS="1622" WIDTH="50" HEIGHT="55" CONTENT="ja" WC="0.76" CC="40"/>
						<SP ID="P53_SP00173" HPOS="837" VPOS="1677" WIDTH="31"/>
						<String ID="P53_ST00193" HPOS="868" VPOS="1622" WIDTH="77" HEIGHT="44" CONTENT="ein" WC="1.00" CC="000" STYLEREFS="TXT_1"/>
						<SP ID="P53_SP00174" HPOS="945" VPOS="1677" WIDTH="33"/>
						<String ID="P53_ST00194" HPOS="978" VPOS="1622" WIDTH="318" HEIGHT="43" CONTENT="Gottesdienst." WC="1.00" CC="0430000000003" STYLEREFS="TXT_1"/>
						<SP ID="P53_SP00175" HPOS="1296" VPOS="1677" WIDTH="65"/>
						<String ID="P53_ST00195" HPOS="1361" VPOS="1622" WIDTH="154" HEIGHT="44" CONTENT="Unser" WC="1.00" CC="03000"/>
						<SP ID="P53_SP00176" HPOS="1515" VPOS="1677" WIDTH="35"/>
						<String ID="P53_ST00196" HPOS="1550" VPOS="1619" WIDTH="224" HEIGHT="55" CONTENT="Heiland," WC="1.00" CC="00060003"/>
						<SP ID="P53_SP00177" HPOS="1774" VPOS="1677" WIDTH="27"/>
						<String ID="P53_ST00197" HPOS="1801" VPOS="1620" WIDTH="141" HEIGHT="57" CONTENT="Jesus" WC="0.99" CC="00040"/>
						<SP ID="P53_SP00178" HPOS="1942" VPOS="1677" WIDTH="36"/>
						<String ID="P53_ST00198" HPOS="1978" VPOS="1619" WIDTH="215" HEIGHT="44" CONTENT="Christus" WC="1.00" CC="20000000"/>
						<SP ID="P53_SP00179" HPOS="2193" VPOS="1677" WIDTH="33"/>
						<String ID="P53_ST00199" HPOS="2226" VPOS="1618" WIDTH="165" HEIGHT="56" CONTENT="selbst," WC="1.00" CC="0042001"/>
					</TextLine>
					<TextLine ID="P53_TL00020" HPOS="255" VPOS="1693" WIDTH="2139" HEIGHT="59">
						<String ID="P53_ST00200" HPOS="255" VPOS="1696" WIDTH="84" HEIGHT="42" CONTENT="der" WC="1.00" CC="000"/>
						<SP ID="P53_SP00180" HPOS="339" VPOS="1738" WIDTH="32"/>
						<String ID="P53_ST00201" HPOS="371" VPOS="1707" WIDTH="89" HEIGHT="31" CONTENT="uns" WC="0.97" CC="610"/>
						<SP ID="P53_SP00181" HPOS="460" VPOS="1738" WIDTH="31"/>
						<String ID="P53_ST00202" HPOS="491" VPOS="1696" WIDTH="162" HEIGHT="56" CONTENT="gebot," WC="1.00" CC="010003"/>
						<SP ID="P53_SP00182" HPOS="653" VPOS="1752" WIDTH="35"/>
						<String ID="P53_ST00203" HPOS="688" VPOS="1696" WIDTH="92" HEIGHT="42" CONTENT="den" WC="0.98" CC="012"/>
						<SP ID="P53_SP00183" HPOS="780" VPOS="1752" WIDTH="33"/>
						<String ID="P53_ST00204" HPOS="813" VPOS="1693" WIDTH="146" HEIGHT="47" CONTENT="Feind" WC="0.99" CC="00640"/>
						<SP ID="P53_SP00184" HPOS="959" VPOS="1752" WIDTH="34"/>
						<String ID="P53_ST00205" HPOS="993" VPOS="1708" WIDTH="58" HEIGHT="32" CONTENT="zu" WC="0.86" CC="02"/>
						<SP ID="P53_SP00185" HPOS="1051" VPOS="1752" WIDTH="35"/>
						<String ID="P53_ST00206" HPOS="1086" VPOS="1696" WIDTH="169" HEIGHT="54" CONTENT="lieben," WC="0.99" CC="3100023"/>
						<SP ID="P53_SP00186" HPOS="1255" VPOS="1752" WIDTH="34"/>
						<String ID="P53_ST00207" HPOS="1289" VPOS="1695" WIDTH="86" HEIGHT="45" CONTENT="hat" WC="0.98" CC="400"/>
						<SP ID="P53_SP00187" HPOS="1375" VPOS="1752" WIDTH="33"/>
						<String ID="P53_ST00208" HPOS="1408" VPOS="1695" WIDTH="98" HEIGHT="45" CONTENT="sich" WC="0.99" CC="0300"/>
						<SP ID="P53_SP00188" HPOS="1506" VPOS="1752" WIDTH="34"/>
						<String ID="P53_ST00209" HPOS="1540" VPOS="1695" WIDTH="122" HEIGHT="43" CONTENT="auch" WC="0.99" CC="0500"/>
						<SP ID="P53_SP00189" HPOS="1662" VPOS="1752" WIDTH="34"/>
						<String ID="P53_ST00210" HPOS="1696" VPOS="1694" WIDTH="135" HEIGHT="44" CONTENT="nicht" WC="0.99" CC="45000"/>
						<SP ID="P53_SP00190" HPOS="1831" VPOS="1752" WIDTH="24"/>
						<String ID="P53_ST00211" HPOS="1855" VPOS="1693" WIDTH="112" HEIGHT="44" CONTENT="alles" WC="0.98" CC="04600"/>
						<SP ID="P53_SP00191" HPOS="1967" VPOS="1752" WIDTH="24"/>
						<String ID="P53_ST00212" HPOS="1991" VPOS="1693" WIDTH="201" HEIGHT="56" CONTENT="gefallen" WC="1.00" CC="00400000"/>
						<SP ID="P53_SP00192" HPOS="2192" VPOS="1752" WIDTH="25"/>
						<String ID="P53_ST00213" HPOS="2217" VPOS="1693" WIDTH="177" HEIGHT="44" CONTENT="lassen." WC="1.00" CC="0400003"/>
					</TextLine>
					<TextLine ID="P53_TL00021" HPOS="256" VPOS="1768" WIDTH="2133" HEIGHT="58">
						<String ID="P53_ST00214" HPOS="256" VPOS="1769" WIDTH="103" HEIGHT="43" CONTENT="Den" WC="0.99" CC="102"/>
						<SP ID="P53_SP00193" HPOS="359" VPOS="1812" WIDTH="37"/>
						<String ID="P53_ST00215" HPOS="396" VPOS="1770" WIDTH="245" HEIGHT="53" CONTENT="Soldaten," WC="1.00" CC="010005013"/>
						<SP ID="P53_SP00194" HPOS="641" VPOS="1823" WIDTH="34"/>
						<String ID="P53_ST00216" HPOS="675" VPOS="1769" WIDTH="86" HEIGHT="44" CONTENT="der" WC="1.00" CC="000"/>
						<SP ID="P53_SP00195" HPOS="761" VPOS="1823" WIDTH="30"/>
						<String ID="P53_ST00217" HPOS="791" VPOS="1770" WIDTH="99" HEIGHT="43" CONTENT="ihm" WC="0.98" CC="500"/>
						<SP ID="P53_SP00196" HPOS="890" VPOS="1823" WIDTH="34"/>
						<String ID="P53_ST00218" HPOS="924" VPOS="1771" WIDTH="73" HEIGHT="44" CONTENT="ins" WC="0.99" CC="030"/>
						<SP ID="P53_SP00197" HPOS="997" VPOS="1823" WIDTH="37"/>
						<String ID="P53_ST00219" HPOS="1034" VPOS="1770" WIDTH="193" HEIGHT="45" CONTENT="Gesicht" WC="0.99" CC="3005000"/>
						<SP ID="P53_SP00198" HPOS="1227" VPOS="1823" WIDTH="33"/>
						<String ID="P53_ST00220" HPOS="1260" VPOS="1770" WIDTH="180" HEIGHT="56" CONTENT="schlug," WC="0.99" CC="0003652"/>
						<SP ID="P53_SP00199" HPOS="1440" VPOS="1826" WIDTH="34"/>
						<String ID="P53_ST00221" HPOS="1474" VPOS="1770" WIDTH="87" HEIGHT="43" CONTENT="hat" WC="0.98" CC="600"/>
						<SP ID="P53_SP00200" HPOS="1561" VPOS="1826" WIDTH="31"/>
						<String ID="P53_ST00222" HPOS="1592" VPOS="1779" WIDTH="49" HEIGHT="33" CONTENT="er" WC="0.82" CC="03"/>
						<SP ID="P53_SP00201" HPOS="1641" VPOS="1826" WIDTH="31"/>
						<String ID="P53_ST00223" HPOS="1672" VPOS="1769" WIDTH="219" HEIGHT="44" CONTENT="strafend" WC="1.00" CC="00005040"/>
						<SP ID="P53_SP00202" HPOS="1891" VPOS="1826" WIDTH="24"/>
						<String ID="P53_ST00224" HPOS="1915" VPOS="1780" WIDTH="84" HEIGHT="31" CONTENT="zur" WC="0.97" CC="060"/>
						<SP ID="P53_SP00203" HPOS="1999" VPOS="1826" WIDTH="25"/>
						<String ID="P53_ST00225" HPOS="2024" VPOS="1768" WIDTH="128" HEIGHT="47" CONTENT="Rede" WC="0.99" CC="2000"/>
						<SP ID="P53_SP00204" HPOS="2152" VPOS="1826" WIDTH="25"/>
						<String ID="P53_ST00226" HPOS="2177" VPOS="1768" WIDTH="212" HEIGHT="57" CONTENT="gestellt:" WC="0.99" CC="000606610"/>
					</TextLine>
					<TextLine ID="P53_TL00022" HPOS="251" VPOS="1844" WIDTH="802" HEIGHT="57">
						<String ID="P53_ST00227" HPOS="251" VPOS="1844" WIDTH="233" HEIGHT="53" CONTENT="„Warum" WC="1.00" CC="000040"/>
						<SP ID="P53_SP00205" HPOS="484" VPOS="1897" WIDTH="33"/>
						<String ID="P53_ST00228" HPOS="517" VPOS="1845" WIDTH="209" HEIGHT="56" CONTENT="schlägst" WC="0.99" CC="00068000"/>
						<SP ID="P53_SP00206" HPOS="726" VPOS="1901" WIDTH="32"/>
						<String ID="P53_ST00229" HPOS="758" VPOS="1845" WIDTH="65" HEIGHT="43" CONTENT="du" WC="1.00" CC="00"/>
						<SP ID="P53_SP00207" HPOS="823" VPOS="1901" WIDTH="33"/>
						<String ID="P53_ST00230" HPOS="856" VPOS="1844" WIDTH="197" HEIGHT="45" CONTENT='mich?"' WC="0.99" CC="050023"/>
					</TextLine>
					<TextLine ID="P53_TL00023" HPOS="343" VPOS="1915" WIDTH="2048" HEIGHT="58">
						<String ID="P53_ST00231" HPOS="343" VPOS="1919" WIDTH="61" HEIGHT="42" CONTENT="Es" WC="0.93" CC="10"/>
						<SP ID="P53_SP00208" HPOS="404" VPOS="1961" WIDTH="34"/>
						<String ID="P53_ST00232" HPOS="438" VPOS="1919" WIDTH="61" HEIGHT="43" CONTENT="ist" WC="0.98" CC="600"/>
						<SP ID="P53_SP00209" HPOS="499" VPOS="1962" WIDTH="35"/>
						<String ID="P53_ST00233" HPOS="534" VPOS="1917" WIDTH="171" HEIGHT="45" CONTENT="darum" WC="1.00" CC="00000"/>
						<SP ID="P53_SP00210" HPOS="705" VPOS="1962" WIDTH="35"/>
						<String ID="P53_ST00234" HPOS="740" VPOS="1919" WIDTH="75" HEIGHT="43" CONTENT="ein" WC="0.99" CC="001"/>
						<SP ID="P53_SP00211" HPOS="815" VPOS="1962" WIDTH="29"/>
						<String ID="P53_ST00235" HPOS="844" VPOS="1919" WIDTH="334" HEIGHT="44" CONTENT="Gottesdienst" WC="1.00" CC="100000000300"/>
						<SP ID="P53_SP00212" HPOS="1178" VPOS="1963" WIDTH="26"/>
						<String ID="P53_ST00236" HPOS="1204" VPOS="1919" WIDTH="99" HEIGHT="43" CONTENT="und" WC="1.00" CC="000"/>
						<SP ID="P53_SP00213" HPOS="1303" VPOS="1963" WIDTH="34"/>
						<String ID="P53_ST00237" HPOS="1337" VPOS="1919" WIDTH="103" HEIGHT="43" CONTENT="eine" WC="1.00" CC="0000"/>
						<SP ID="P53_SP00214" HPOS="1440" VPOS="1963" WIDTH="24"/>
						<String ID="P53_ST00238" HPOS="1464" VPOS="1916" WIDTH="168" HEIGHT="57" CONTENT="heilige" WC="0.99" CC="0030700"/>
						<SP ID="P53_SP00215" HPOS="1632" VPOS="1973" WIDTH="24"/>
						<String ID="P53_ST00239" HPOS="1656" VPOS="1916" WIDTH="194" HEIGHT="55" CONTENT="Pflicht," WC="0.99" CC="06700000"/>
						<SP ID="P53_SP00216" HPOS="1850" VPOS="1973" WIDTH="34"/>
						<String ID="P53_ST00240" HPOS="1884" VPOS="1916" WIDTH="91" HEIGHT="45" CONTENT="alle" WC="0.99" CC="3110"/>
						<SP ID="P53_SP00217" HPOS="1975" VPOS="1973" WIDTH="33"/>
						<String ID="P53_ST00241" HPOS="2008" VPOS="1928" WIDTH="169" HEIGHT="33" CONTENT="unsere" WC="1.00" CC="120000"/>
						<SP ID="P53_SP00218" HPOS="2177" VPOS="1973" WIDTH="27"/>
						<String ID="P53_ST00242" HPOS="2204" VPOS="1915" WIDTH="187" HEIGHT="58" CONTENT="Gegner" WC="1.00" CC="000100"/>
					</TextLine>
					<TextLine ID="P53_TL00024" HPOS="249" VPOS="1991" WIDTH="2140" HEIGHT="56">
						<String ID="P53_ST00243" HPOS="249" VPOS="1992" WIDTH="90" HEIGHT="44" CONTENT="mit" WC="0.95" CC="741"/>
						<SP ID="P53_SP00219" HPOS="339" VPOS="2036" WIDTH="32"/>
						<String ID="P53_ST00244" HPOS="371" VPOS="1991" WIDTH="307" HEIGHT="46" CONTENT="furchtbarer" WC="1.00" CC="20000040000"/>
						<SP ID="P53_SP00220" HPOS="678" VPOS="2037" WIDTH="37"/>
						<String ID="P53_ST00245" HPOS="715" VPOS="1992" WIDTH="184" HEIGHT="45" CONTENT="Gewalt" WC="0.99" CC="203050"/>
						<SP ID="P53_SP00221" HPOS="899" VPOS="2037" WIDTH="33"/>
						<String ID="P53_ST00246" HPOS="932" VPOS="2005" WIDTH="58" HEIGHT="32" CONTENT="zu" WC="1.00" CC="00"/>
						<SP ID="P53_SP00222" HPOS="990" VPOS="2037" WIDTH="33"/>
						<String ID="P53_ST00247" HPOS="1023" VPOS="1992" WIDTH="182" HEIGHT="45" CONTENT="strafen" WC="1.00" CC="0000600"/>
						<SP ID="P53_SP00223" HPOS="1205" VPOS="2037" WIDTH="46"/>
						<String ID="P53_ST00248" HPOS="1251" VPOS="1992" WIDTH="115" HEIGHT="55" CONTENT="und," WC="0.99" CC="0003"/>
						<SP ID="P53_SP00224" HPOS="1366" VPOS="2047" WIDTH="32"/>
						<String ID="P53_ST00249" HPOS="1398" VPOS="2003" WIDTH="138" HEIGHT="34" CONTENT="wenn" WC="0.98" CC="0026"/>
						<SP ID="P53_SP00225" HPOS="1536" VPOS="2047" WIDTH="49"/>
						<String ID="P53_ST00250" HPOS="1585" VPOS="2003" WIDTH="47" HEIGHT="31" CONTENT="es" WC="1.00" CC="00"/>
						<SP ID="P53_SP00226" HPOS="1632" VPOS="2047" WIDTH="39"/>
						<String ID="P53_ST00251" HPOS="1671" VPOS="1991" WIDTH="99" HEIGHT="43" CONTENT="sein" WC="0.99" CC="0030"/>
						<SP ID="P53_SP00227" HPOS="1770" VPOS="2047" WIDTH="33"/>
						<String ID="P53_ST00252" HPOS="1803" VPOS="2003" WIDTH="147" HEIGHT="43" CONTENT="muss," WC="0.94" CC="02000"/>
						<SP ID="P53_SP00228" HPOS="1950" VPOS="2047" WIDTH="49"/>
						<String ID="P53_ST00253" HPOS="1999" VPOS="2004" WIDTH="57" HEIGHT="32" CONTENT="zu" WC="0.92" CC="01"/>
						<SP ID="P53_SP00229" HPOS="2056" VPOS="2047" WIDTH="34"/>
						<String ID="P53_ST00254" HPOS="2090" VPOS="1991" WIDTH="299" HEIGHT="45" CONTENT="vernichten." WC="1.00" CC="00041060034"/>
					</TextLine>
					<TextLine ID="P53_TL00025" HPOS="253" VPOS="2065" WIDTH="2134" HEIGHT="58">
						<String ID="P53_ST00255" HPOS="253" VPOS="2066" WIDTH="201" HEIGHT="57" CONTENT="Solange" WC="0.99" CC="0053100"/>
						<SP ID="P53_SP00230" HPOS="454" VPOS="2123" WIDTH="44"/>
						<String ID="P53_ST00256" HPOS="498" VPOS="2067" WIDTH="47" HEIGHT="43" CONTENT="in" WC="0.98" CC="00"/>
						<SP ID="P53_SP00231" HPOS="545" VPOS="2123" WIDTH="44"/>
						<String ID="P53_ST00257" HPOS="589" VPOS="2067" WIDTH="177" HEIGHT="45" CONTENT="diesem" WC="1.00" CC="020200"/>
						<SP ID="P53_SP00232" HPOS="766" VPOS="2123" WIDTH="35"/>
						<String ID="P53_ST00258" HPOS="801" VPOS="2067" WIDTH="288" HEIGHT="56" CONTENT="Weltkriege" WC="1.00" CC="0060000000"/>
						<SP ID="P53_SP00233" HPOS="1089" VPOS="2123" WIDTH="33"/>
						<String ID="P53_ST00259" HPOS="1122" VPOS="2066" WIDTH="77" HEIGHT="44" CONTENT="die" WC="1.00" CC="000"/>
						<SP ID="P53_SP00234" HPOS="1199" VPOS="2123" WIDTH="38"/>
						<String ID="P53_ST00260" HPOS="1237" VPOS="2067" WIDTH="233" HEIGHT="49" CONTENT="Kanonen" WC="1.00" CC="0020100"/>
						<SP ID="P53_SP00235" HPOS="1470" VPOS="2123" WIDTH="42"/>
						<String ID="P53_ST00261" HPOS="1512" VPOS="2066" WIDTH="233" HEIGHT="55" CONTENT="donnern," WC="0.99" CC="05710041"/>
						<SP ID="P53_SP00236" HPOS="1745" VPOS="2123" WIDTH="44"/>
						<String ID="P53_ST00262" HPOS="1789" VPOS="2066" WIDTH="85" HEIGHT="43" CONTENT="hat" WC="1.00" CC="000"/>
						<SP ID="P53_SP00237" HPOS="1874" VPOS="2123" WIDTH="45"/>
						<String ID="P53_ST00263" HPOS="1919" VPOS="2065" WIDTH="84" HEIGHT="44" CONTENT="das" WC="0.99" CC="030"/>
						<SP ID="P53_SP00238" HPOS="2003" VPOS="2123" WIDTH="48"/>
						<String ID="P53_ST00264" HPOS="2051" VPOS="2066" WIDTH="157" HEIGHT="44" CONTENT="Gebot" WC="0.99" CC="00505"/>
						<SP ID="P53_SP00239" HPOS="2208" VPOS="2123" WIDTH="46"/>
						<String ID="P53_ST00265" HPOS="2254" VPOS="2065" WIDTH="133" HEIGHT="57" CONTENT="Jesu," WC="1.00" CC="00000"/>
					</TextLine>
					<TextLine ID="P53_TL00026" HPOS="247" VPOS="2137" WIDTH="2139" HEIGHT="60">
						<String ID="P53_ST00266" HPOS="247" VPOS="2141" WIDTH="204" HEIGHT="55" CONTENT="„Liebet" WC="1.00" CC="2050000"/>
						<SP ID="P53_SP00240" HPOS="451" VPOS="2196" WIDTH="25"/>
						<String ID="P53_ST00267" HPOS="476" VPOS="2152" WIDTH="108" HEIGHT="32" CONTENT="eure" WC="0.99" CC="0600"/>
						<SP ID="P53_SP00241" HPOS="584" VPOS="2196" WIDTH="22"/>
						<String ID="P53_ST00268" HPOS="606" VPOS="2137" WIDTH="233" HEIGHT="48" CONTENT='Feinde!"' WC="0.99" CC="00350054"/>
						<SP ID="P53_SP00242" HPOS="839" VPOS="2196" WIDTH="26"/>
						<String ID="P53_ST00269" HPOS="865" VPOS="2141" WIDTH="136" HEIGHT="43" CONTENT="keine" WC="0.99" CC="00420"/>
						<SP ID="P53_SP00243" HPOS="1001" VPOS="2196" WIDTH="26"/>
						<String ID="P53_ST00270" HPOS="1027" VPOS="2140" WIDTH="210" HEIGHT="57" CONTENT="Geltung" WC="0.99" CC="1050050"/>
						<SP ID="P53_SP00244" HPOS="1237" VPOS="2197" WIDTH="32"/>
						<String ID="P53_ST00271" HPOS="1269" VPOS="2140" WIDTH="147" HEIGHT="45" CONTENT="mehr." WC="0.99" CC="00304"/>
						<SP ID="P53_SP00245" HPOS="1416" VPOS="2197" WIDTH="33"/>
						<String ID="P53_ST00272" HPOS="1449" VPOS="2137" WIDTH="110" HEIGHT="47" CONTENT="Fort" WC="0.99" CC="0200"/>
						<SP ID="P53_SP00246" HPOS="1559" VPOS="2197" WIDTH="24"/>
						<String ID="P53_ST00273" HPOS="1583" VPOS="2140" WIDTH="92" HEIGHT="44" CONTENT="mit" WC="0.98" CC="050"/>
						<SP ID="P53_SP00247" HPOS="1675" VPOS="2197" WIDTH="23"/>
						<String ID="P53_ST00274" HPOS="1698" VPOS="2138" WIDTH="120" HEIGHT="45" CONTENT="allen" WC="0.99" CC="02005"/>
						<SP ID="P53_SP00248" HPOS="1818" VPOS="2197" WIDTH="28"/>
						<String ID="P53_ST00275" HPOS="1846" VPOS="2137" WIDTH="540" HEIGHT="47" CONTENT="Gewissensbedenken!" WC="1.00" CC="400701050500040003"/>
					</TextLine>
					<TextLine ID="P53_TL00027" HPOS="251" VPOS="2212" WIDTH="1666" HEIGHT="58">
						<String ID="P53_ST00276" HPOS="251" VPOS="2215" WIDTH="136" HEIGHT="55" CONTENT="Jetzt" WC="0.99" CC="00050"/>
						<SP ID="P53_SP00249" HPOS="387" VPOS="2270" WIDTH="34"/>
						<String ID="P53_ST00277" HPOS="421" VPOS="2216" WIDTH="61" HEIGHT="43" CONTENT="ist" WC="0.95" CC="614"/>
						<SP ID="P53_SP00250" HPOS="482" VPOS="2270" WIDTH="33"/>
						<String ID="P53_ST00278" HPOS="515" VPOS="2216" WIDTH="138" HEIGHT="44" CONTENT="keine" WC="1.00" CC="00010"/>
						<SP ID="P53_SP00251" HPOS="653" VPOS="2270" WIDTH="33"/>
						<String ID="P53_ST00279" HPOS="686" VPOS="2216" WIDTH="104" HEIGHT="44" CONTENT="Zeit" WC="1.00" CC="0000"/>
						<SP ID="P53_SP00252" HPOS="790" VPOS="2270" WIDTH="30"/>
						<String ID="P53_ST00280" HPOS="820" VPOS="2216" WIDTH="78" HEIGHT="43" CONTENT="für" WC="0.99" CC="100"/>
						<SP ID="P53_SP00253" HPOS="898" VPOS="2270" WIDTH="30"/>
						<String ID="P53_ST00281" HPOS="928" VPOS="2212" WIDTH="320" HEIGHT="50" CONTENT="Feindesliebe" WC="1.00" CC="000100035000"/>
						<SP ID="P53_SP00254" HPOS="1248" VPOS="2270" WIDTH="34"/>
						<String ID="P53_ST00282" HPOS="1282" VPOS="2215" WIDTH="84" HEIGHT="44" CONTENT="auf" WC="0.96" CC="234"/>
						<SP ID="P53_SP00255" HPOS="1366" VPOS="2270" WIDTH="33"/>
						<String ID="P53_ST00283" HPOS="1399" VPOS="2216" WIDTH="108" HEIGHT="43" CONTENT="dem" WC="1.00" CC="000"/>
						<SP ID="P53_SP00256" HPOS="1507" VPOS="2270" WIDTH="38"/>
						<String ID="P53_ST00284" HPOS="1545" VPOS="2213" WIDTH="372" HEIGHT="46" CONTENT="Schlachtfelde." WC="1.00" CC="00010001600004"/>
					</TextLine>
					<TextLine ID="P53_TL00028" HPOS="340" VPOS="2296" WIDTH="2045" HEIGHT="57">
						<String ID="P53_ST00285" HPOS="340" VPOS="2297" WIDTH="112" HEIGHT="45" CONTENT="Und" WC="0.98" CC="060"/>
						<SP ID="P53_SP00257" HPOS="452" VPOS="2342" WIDTH="32"/>
						<String ID="P53_ST00286" HPOS="484" VPOS="2309" WIDTH="137" HEIGHT="31" CONTENT="wenn" WC="0.99" CC="0040"/>
						<SP ID="P53_SP00258" HPOS="621" VPOS="2342" WIDTH="34"/>
						<String ID="P53_ST00287" HPOS="655" VPOS="2298" WIDTH="65" HEIGHT="42" CONTENT="im" WC="1.00" CC="00"/>
						<SP ID="P53_SP00259" HPOS="720" VPOS="2342" WIDTH="38"/>
						<String ID="P53_ST00288" HPOS="758" VPOS="2297" WIDTH="142" HEIGHT="56" CONTENT="Krieg" WC="0.98" CC="06500"/>
						<SP ID="P53_SP00260" HPOS="900" VPOS="2353" WIDTH="21"/>
						<String ID="P53_ST00289" HPOS="921" VPOS="2296" WIDTH="461" HEIGHT="46" CONTENT="Hunderttausende" WC="1.00" CC="004022050000000"/>
						<SP ID="P53_SP00261" HPOS="1382" VPOS="2353" WIDTH="31"/>
						<String ID="P53_ST00290" HPOS="1413" VPOS="2296" WIDTH="163" HEIGHT="54" CONTENT="fallen," WC="1.00" CC="3000000"/>
						<SP ID="P53_SP00262" HPOS="1576" VPOS="2353" WIDTH="34"/>
						<String ID="P53_ST00291" HPOS="1610" VPOS="2296" WIDTH="130" HEIGHT="44" CONTENT="dann" WC="0.98" CC="0026"/>
						<SP ID="P53_SP00263" HPOS="1740" VPOS="2353" WIDTH="23"/>
						<String ID="P53_ST00292" HPOS="1763" VPOS="2296" WIDTH="168" HEIGHT="44" CONTENT="wissen" WC="1.00" CC="030000"/>
						<SP ID="P53_SP00264" HPOS="1931" VPOS="2353" WIDTH="23"/>
						<String ID="P53_ST00293" HPOS="1954" VPOS="2296" WIDTH="85" HEIGHT="43" CONTENT="wir" WC="1.00" CC="000"/>
						<SP ID="P53_SP00265" HPOS="2039" VPOS="2353" WIDTH="21"/>
						<String ID="P53_ST00294" HPOS="2060" VPOS="2307" WIDTH="122" HEIGHT="45" CONTENT="ganz" WC="1.00" CC="0002"/>
						<SP ID="P53_SP00266" HPOS="2182" VPOS="2353" WIDTH="21"/>
						<String ID="P53_ST00295" HPOS="2203" VPOS="2296" WIDTH="182" HEIGHT="56" CONTENT="gewiss," WC="1.00" CC="7000000"/>
					</TextLine>
					<TextLine ID="P53_TL00029" HPOS="250" VPOS="2368" WIDTH="2132" HEIGHT="60">
						<String ID="P53_ST00296" HPOS="250" VPOS="2372" WIDTH="109" HEIGHT="43" CONTENT="dass" WC="1.00" CC="0000"/>
						<SP ID="P53_SP00267" HPOS="359" VPOS="2415" WIDTH="54"/>
						<String ID="P53_ST00297" HPOS="413" VPOS="2372" WIDTH="119" HEIGHT="43" CONTENT="Gott" WC="0.99" CC="5000"/>
						<SP ID="P53_SP00268" HPOS="532" VPOS="2415" WIDTH="48"/>
						<String ID="P53_ST00298" HPOS="580" VPOS="2372" WIDTH="121" HEIGHT="43" CONTENT="auch" WC="0.99" CC="3300"/>
						<SP ID="P53_SP00269" HPOS="701" VPOS="2415" WIDTH="34"/>
						<String ID="P53_ST00299" HPOS="735" VPOS="2371" WIDTH="79" HEIGHT="43" CONTENT="für" WC="1.00" CC="100"/>
						<SP ID="P53_SP00270" HPOS="814" VPOS="2415" WIDTH="33"/>
						<String ID="P53_ST00300" HPOS="847" VPOS="2372" WIDTH="65" HEIGHT="42" CONTENT="sie" WC="1.00" CC="000"/>
						<SP ID="P53_SP00271" HPOS="912" VPOS="2415" WIDTH="33"/>
						<String ID="P53_ST00301" HPOS="945" VPOS="2372" WIDTH="189" HEIGHT="56" CONTENT="gesorgt" WC="1.00" CC="0000300"/>
						<SP ID="P53_SP00272" HPOS="1134" VPOS="2428" WIDTH="34"/>
						<String ID="P53_ST00302" HPOS="1168" VPOS="2372" WIDTH="102" HEIGHT="43" CONTENT="hat." WC="0.99" CC="0004"/>
						<SP ID="P53_SP00273" HPOS="1270" VPOS="2428" WIDTH="63"/>
						<String ID="P53_ST00303" HPOS="1333" VPOS="2368" WIDTH="92" HEIGHT="46" CONTENT="Für" WC="1.00" CC="000"/>
						<SP ID="P53_SP00274" HPOS="1425" VPOS="2428" WIDTH="33"/>
						<String ID="P53_ST00304" HPOS="1458" VPOS="2371" WIDTH="76" HEIGHT="43" CONTENT="die" WC="1.00" CC="000"/>
						<SP ID="P53_SP00275" HPOS="1534" VPOS="2428" WIDTH="38"/>
						<String ID="P53_ST00305" HPOS="1572" VPOS="2371" WIDTH="273" HEIGHT="44" CONTENT="Gefallenen" WC="0.99" CC="1031500407"/>
						<SP ID="P53_SP00276" HPOS="1845" VPOS="2428" WIDTH="34"/>
						<String ID="P53_ST00306" HPOS="1879" VPOS="2382" WIDTH="131" HEIGHT="33" CONTENT="muss" WC="0.96" CC="0100"/>
						<SP ID="P53_SP00277" HPOS="2010" VPOS="2428" WIDTH="36"/>
						<String ID="P53_ST00307" HPOS="2046" VPOS="2370" WIDTH="81" HEIGHT="45" CONTENT="der" WC="1.00" CC="000"/>
						<SP ID="P53_SP00278" HPOS="2127" VPOS="2428" WIDTH="29"/>
						<String ID="P53_ST00308" HPOS="2156" VPOS="2371" WIDTH="107" HEIGHT="44" CONTENT="Tod" WC="0.99" CC="100"/>
						<SP ID="P53_SP00279" HPOS="2263" VPOS="2428" WIDTH="34"/>
						<String ID="P53_ST00309" HPOS="2297" VPOS="2371" WIDTH="85" HEIGHT="44" CONTENT="das" WC="0.98" CC="040"/>
					</TextLine>
					<TextLine ID="P53_TL00030" HPOS="250" VPOS="2444" WIDTH="2135" HEIGHT="58">
						<String ID="P53_ST00310" HPOS="250" VPOS="2447" WIDTH="142" HEIGHT="43" CONTENT="Beste" WC="1.00" CC="00000"/>
						<SP ID="P53_SP00280" HPOS="392" VPOS="2490" WIDTH="33"/>
						<String ID="P53_ST00311" HPOS="425" VPOS="2457" WIDTH="215" HEIGHT="45" CONTENT="gewesen" WC="1.00" CC="0000000"/>
						<SP ID="P53_SP00281" HPOS="640" VPOS="2502" WIDTH="34"/>
						<String ID="P53_ST00312" HPOS="674" VPOS="2446" WIDTH="117" HEIGHT="54" CONTENT="sein," WC="0.99" CC="00033"/>
						<SP ID="P53_SP00282" HPOS="791" VPOS="2502" WIDTH="39"/>
						<String ID="P53_ST00313" HPOS="830" VPOS="2446" WIDTH="118" HEIGHT="44" CONTENT="Gott" WC="1.00" CC="2000"/>
						<SP ID="P53_SP00283" HPOS="948" VPOS="2502" WIDTH="32"/>
						<String ID="P53_ST00314" HPOS="980" VPOS="2446" WIDTH="159" HEIGHT="43" CONTENT="wollte" WC="0.99" CC="004400"/>
						<SP ID="P53_SP00284" HPOS="1139" VPOS="2502" WIDTH="34"/>
						<String ID="P53_ST00315" HPOS="1173" VPOS="2446" WIDTH="99" HEIGHT="43" CONTENT="ihre" WC="0.99" CC="4000"/>
						<SP ID="P53_SP00285" HPOS="1272" VPOS="2502" WIDTH="41"/>
						<String ID="P53_ST00316" HPOS="1313" VPOS="2444" WIDTH="128" HEIGHT="45" CONTENT="Seele" WC="0.99" CC="00050"/>
						<SP ID="P53_SP00286" HPOS="1441" VPOS="2502" WIDTH="35"/>
						<String ID="P53_ST00317" HPOS="1476" VPOS="2446" WIDTH="146" HEIGHT="43" CONTENT="schon" WC="1.00" CC="00000"/>
						<SP ID="P53_SP00287" HPOS="1622" VPOS="2502" WIDTH="31"/>
						<String ID="P53_ST00318" HPOS="1653" VPOS="2444" WIDTH="104" HEIGHT="56" CONTENT="jetzt" WC="0.99" CC="30302" STYLEREFS="TXT_1"/>
						<SP ID="P53_SP00288" HPOS="1757" VPOS="2502" WIDTH="45"/>
						<String ID="P53_ST00319" HPOS="1802" VPOS="2444" WIDTH="175" HEIGHT="46" CONTENT="haben." WC="0.99" CC="005054"/>
						<SP ID="P53_SP00289" HPOS="1977" VPOS="2502" WIDTH="69"/>
						<String ID="P53_ST00320" HPOS="2046" VPOS="2446" WIDTH="89" HEIGHT="44" CONTENT="Ein" WC="0.94" CC="457"/>
						<SP ID="P53_SP00290" HPOS="2135" VPOS="2502" WIDTH="38"/>
						<String ID="P53_ST00321" HPOS="2173" VPOS="2444" WIDTH="212" HEIGHT="58" CONTENT="längeres" WC="1.00" CC="00300500"/>
					</TextLine>
					<TextLine ID="P53_TL00031" HPOS="250" VPOS="2518" WIDTH="2136" HEIGHT="57">
						<String ID="P53_ST00322" HPOS="250" VPOS="2519" WIDTH="157" HEIGHT="45" CONTENT="Leben" WC="0.98" CC="03602"/>
						<SP ID="P53_SP00291" HPOS="407" VPOS="2564" WIDTH="36"/>
						<String ID="P53_ST00323" HPOS="443" VPOS="2519" WIDTH="137" HEIGHT="44" CONTENT="hätte" WC="1.00" CC="00000"/>
						<SP ID="P53_SP00292" HPOS="580" VPOS="2564" WIDTH="34"/>
						<String ID="P53_ST00324" HPOS="614" VPOS="2519" WIDTH="144" HEIGHT="44" CONTENT="ihnen" WC="0.99" CC="60001"/>
						<SP ID="P53_SP00293" HPOS="758" VPOS="2564" WIDTH="33"/>
						<String ID="P53_ST00325" HPOS="791" VPOS="2518" WIDTH="241" HEIGHT="46" CONTENT="vielleicht" WC="1.00" CC="0000603000"/>
						<SP ID="P53_SP00294" HPOS="1032" VPOS="2564" WIDTH="32"/>
						<String ID="P53_ST00326" HPOS="1064" VPOS="2518" WIDTH="205" HEIGHT="43" CONTENT="schwere" WC="1.00" CC="0000000"/>
						<SP ID="P53_SP00295" HPOS="1269" VPOS="2564" WIDTH="27"/>
						<String ID="P53_ST00327" HPOS="1296" VPOS="2518" WIDTH="195" HEIGHT="43" CONTENT="Sünden" WC="0.99" CC="006000"/>
						<SP ID="P53_SP00296" HPOS="1491" VPOS="2564" WIDTH="25"/>
						<String ID="P53_ST00328" HPOS="1516" VPOS="2519" WIDTH="98" HEIGHT="42" CONTENT="und" WC="0.97" CC="007"/>
						<SP ID="P53_SP00297" HPOS="1614" VPOS="2564" WIDTH="25"/>
						<String ID="P53_ST00329" HPOS="1639" VPOS="2518" WIDTH="342" HEIGHT="57" CONTENT="Vergehungen" WC="1.00" CC="00000006000"/>
						<SP ID="P53_SP00298" HPOS="1981" VPOS="2575" WIDTH="24"/>
						<String ID="P53_ST00330" HPOS="2005" VPOS="2518" WIDTH="248" HEIGHT="57" CONTENT="gebracht." WC="1.00" CC="003000024"/>
						<SP ID="P53_SP00299" HPOS="2253" VPOS="2575" WIDTH="38"/>
						<String ID="P53_ST00331" HPOS="2291" VPOS="2518" WIDTH="95" HEIGHT="45" CONTENT="Der" WC="0.99" CC="000"/>
					</TextLine>
					<TextLine ID="P53_TL00032" HPOS="245" VPOS="2592" WIDTH="2140" HEIGHT="58">
						<String ID="P53_ST00332" HPOS="245" VPOS="2593" WIDTH="137" HEIGHT="45" CONTENT="frühe" WC="0.99" CC="60000"/>
						<SP ID="P53_SP00300" HPOS="382" VPOS="2638" WIDTH="52"/>
						<String ID="P53_ST00333" HPOS="434" VPOS="2593" WIDTH="377" HEIGHT="46" CONTENT="Schlachtentod" WC="1.00" CC="0004000001000"/>
						<SP ID="P53_SP00301" HPOS="811" VPOS="2639" WIDTH="50"/>
						<String ID="P53_ST00334" HPOS="861" VPOS="2593" WIDTH="86" HEIGHT="45" CONTENT="hat" WC="1.00" CC="000"/>
						<SP ID="P53_SP00302" HPOS="947" VPOS="2639" WIDTH="33"/>
						<String ID="P53_ST00335" HPOS="980" VPOS="2593" WIDTH="66" HEIGHT="45" CONTENT="sie" WC="0.98" CC="040"/>
						<SP ID="P53_SP00303" HPOS="1046" VPOS="2639" WIDTH="33"/>
						<String ID="P53_ST00336" HPOS="1079" VPOS="2603" WIDTH="87" HEIGHT="33" CONTENT="vor" WC="1.00" CC="000"/>
						<SP ID="P53_SP00304" HPOS="1166" VPOS="2639" WIDTH="31"/>
						<String ID="P53_ST00337" HPOS="1197" VPOS="2592" WIDTH="238" HEIGHT="44" CONTENT="schweren" WC="1.00" CC="00000003"/>
						<SP ID="P53_SP00305" HPOS="1435" VPOS="2639" WIDTH="34"/>
						<String ID="P53_ST00338" HPOS="1469" VPOS="2593" WIDTH="363" HEIGHT="57" CONTENT="Züchtigungen" WC="1.00" CC="000000000001"/>
						<SP ID="P53_SP00306" HPOS="1832" VPOS="2650" WIDTH="36"/>
						<String ID="P53_ST00339" HPOS="1868" VPOS="2593" WIDTH="96" HEIGHT="43" CONTENT="und" WC="0.96" CC="630"/>
						<SP ID="P53_SP00307" HPOS="1964" VPOS="2650" WIDTH="35"/>
						<String ID="P53_ST00340" HPOS="1999" VPOS="2593" WIDTH="181" HEIGHT="45" CONTENT="bittern" WC="1.00" CC="0100000"/>
						<SP ID="P53_SP00308" HPOS="2180" VPOS="2650" WIDTH="37"/>
						<String ID="P53_ST00341" HPOS="2217" VPOS="2593" WIDTH="140" HEIGHT="45" CONTENT="Erfah" SUBS_TYPE="HypPart1" SUBS_CONTENT="Erfahrungen" WC="1.00" CC="00002"/>
						<HYP HPOS="2357" VPOS="2593" WIDTH="28" CONTENT="-"/>
					</TextLine>
					<TextLine ID="P53_TL00033" HPOS="245" VPOS="2665" WIDTH="2137" HEIGHT="60">
						<String ID="P53_ST00342" HPOS="245" VPOS="2681" WIDTH="181" HEIGHT="44" CONTENT="rungen" SUBS_TYPE="HypPart2" SUBS_CONTENT="Erfahrungen" WC="0.99" CC="055000"/>
						<SP ID="P53_SP00309" HPOS="426" VPOS="2725" WIDTH="36"/>
						<String ID="P53_ST00343" HPOS="462" VPOS="2669" WIDTH="230" HEIGHT="45" CONTENT="bewahrt." WC="0.99" CC="60000004"/>
						<SP ID="P53_SP00310" HPOS="692" VPOS="2725" WIDTH="48"/>
						<String ID="P53_ST00344" HPOS="740" VPOS="2668" WIDTH="76" HEIGHT="46" CONTENT="Sie" WC="0.98" CC="060"/>
						<SP ID="P53_SP00311" HPOS="816" VPOS="2725" WIDTH="35"/>
						<String ID="P53_ST00345" HPOS="851" VPOS="2668" WIDTH="150" HEIGHT="43" CONTENT="ruhen" WC="0.99" CC="01004"/>
						<SP ID="P53_SP00312" HPOS="1001" VPOS="2725" WIDTH="40"/>
						<String ID="P53_ST00346" HPOS="1041" VPOS="2678" WIDTH="98" HEIGHT="32" CONTENT="nun" WC="0.98" CC="400"/>
						<SP ID="P53_SP00313" HPOS="1139" VPOS="2725" WIDTH="34"/>
						<String ID="P53_ST00347" HPOS="1173" VPOS="2667" WIDTH="47" HEIGHT="43" CONTENT="in" WC="0.56" CC="53"/>
						<SP ID="P53_SP00314" HPOS="1220" VPOS="2725" WIDTH="38"/>
						<String ID="P53_ST00348" HPOS="1258" VPOS="2665" WIDTH="171" HEIGHT="45" CONTENT="Gottes" WC="1.00" CC="000000"/>
						<SP ID="P53_SP00315" HPOS="1429" VPOS="2725" WIDTH="36"/>
						<String ID="P53_ST00349" HPOS="1465" VPOS="2667" WIDTH="143" HEIGHT="44" CONTENT="Hand" WC="1.00" CC="0000"/>
						<SP ID="P53_SP00316" HPOS="1608" VPOS="2725" WIDTH="34"/>
						<String ID="P53_ST00350" HPOS="1642" VPOS="2668" WIDTH="98" HEIGHT="42" CONTENT="und" WC="0.97" CC="340"/>
						<SP ID="P53_SP00317" HPOS="1740" VPOS="2725" WIDTH="34"/>
						<String ID="P53_ST00351" HPOS="1774" VPOS="2668" WIDTH="110" HEIGHT="43" CONTENT="dort" WC="1.00" CC="0000"/>
						<SP ID="P53_SP00318" HPOS="1884" VPOS="2725" WIDTH="32"/>
						<String ID="P53_ST00352" HPOS="1916" VPOS="2667" WIDTH="158" HEIGHT="45" CONTENT="haben" WC="0.99" CC="00601"/>
						<SP ID="P53_SP00319" HPOS="2074" VPOS="2725" WIDTH="34"/>
						<String ID="P53_ST00353" HPOS="2108" VPOS="2668" WIDTH="65" HEIGHT="43" CONTENT="sie" WC="0.99" CC="010"/>
						<SP ID="P53_SP00320" HPOS="2173" VPOS="2725" WIDTH="34"/>
						<String ID="P53_ST00354" HPOS="2207" VPOS="2668" WIDTH="175" HEIGHT="56" CONTENT="seligen" WC="0.99" CC="0026000"/>
					</TextLine>
					<TextLine ID="P53_TL00034" HPOS="242" VPOS="2740" WIDTH="2140" HEIGHT="60">
						<String ID="P53_ST00355" HPOS="242" VPOS="2740" WIDTH="214" HEIGHT="47" CONTENT="Frieden." WC="1.00" CC="00000033"/>
						<SP ID="P53_SP00321" HPOS="456" VPOS="2787" WIDTH="37"/>
						<String ID="P53_ST00356" HPOS="493" VPOS="2744" WIDTH="80" HEIGHT="56" CONTENT="Ja," WC="0.99" CC="020"/>
						<SP ID="P53_SP00322" HPOS="573" VPOS="2800" WIDTH="34"/>
						<String ID="P53_ST00357" HPOS="607" VPOS="2754" WIDTH="49" HEIGHT="32" CONTENT="er" WC="1.00" CC="00"/>
						<SP ID="P53_SP00323" HPOS="656" VPOS="2800" WIDTH="32"/>
						<String ID="P53_ST00358" HPOS="688" VPOS="2743" WIDTH="133" HEIGHT="56" CONTENT="sorgt" WC="1.00" CC="00000"/>
						<SP ID="P53_SP00324" HPOS="821" VPOS="2800" WIDTH="31"/>
						<String ID="P53_ST00359" HPOS="852" VPOS="2742" WIDTH="77" HEIGHT="43" CONTENT="für" WC="0.99" CC="300"/>
						<SP ID="P53_SP00325" HPOS="929" VPOS="2800" WIDTH="33"/>
						<String ID="P53_ST00360" HPOS="962" VPOS="2740" WIDTH="131" HEIGHT="56" CONTENT="jedes" WC="1.00" CC="20000"/>
						<SP ID="P53_SP00326" HPOS="1093" VPOS="2800" WIDTH="31"/>
						<String ID="P53_ST00361" HPOS="1124" VPOS="2742" WIDTH="256" HEIGHT="43" CONTENT="Menschen" WC="1.00" CC="00202102"/>
						<SP ID="P53_SP00327" HPOS="1380" VPOS="2800" WIDTH="35"/>
						<String ID="P53_ST00362" HPOS="1415" VPOS="2740" WIDTH="321" HEIGHT="46" CONTENT="unsterbliche" WC="1.00" CC="510200005000"/>
						<SP ID="P53_SP00328" HPOS="1736" VPOS="2800" WIDTH="38"/>
						<String ID="P53_ST00363" HPOS="1774" VPOS="2742" WIDTH="147" HEIGHT="45" CONTENT="Seele." WC="0.99" CC="000403"/>
						<SP ID="P53_SP00329" HPOS="1921" VPOS="2800" WIDTH="36"/>
						<String ID="P53_ST00364" HPOS="1957" VPOS="2743" WIDTH="197" HEIGHT="44" CONTENT="Warum" WC="1.00" CC="00030"/>
						<SP ID="P53_SP00330" HPOS="2154" VPOS="2800" WIDTH="31"/>
						<String ID="P53_ST00365" HPOS="2185" VPOS="2744" WIDTH="197" HEIGHT="42" CONTENT="wurden" WC="1.00" CC="030001"/>
					</TextLine>
					<TextLine ID="P53_TL00035" HPOS="242" VPOS="2815" WIDTH="2142" HEIGHT="57">
						<String ID="P53_ST00366" HPOS="242" VPOS="2828" WIDTH="51" HEIGHT="33" CONTENT="so" WC="0.94" CC="00"/>
						<SP ID="P53_SP00331" HPOS="293" VPOS="2861" WIDTH="33"/>
						<String ID="P53_ST00367" HPOS="326" VPOS="2818" WIDTH="122" HEIGHT="44" CONTENT="viele" WC="0.99" CC="04000"/>
						<SP ID="P53_SP00332" HPOS="448" VPOS="2862" WIDTH="34"/>
						<String ID="P53_ST00368" HPOS="482" VPOS="2818" WIDTH="209" HEIGHT="44" CONTENT="tausend" WC="1.00" CC="0000000"/>
						<SP ID="P53_SP00333" HPOS="691" VPOS="2862" WIDTH="33"/>
						<String ID="P53_ST00369" HPOS="724" VPOS="2818" WIDTH="203" HEIGHT="43" CONTENT="Männer" WC="0.99" CC="006100"/>
						<SP ID="P53_SP00334" HPOS="927" VPOS="2862" WIDTH="35"/>
						<String ID="P53_ST00370" HPOS="962" VPOS="2828" WIDTH="58" HEIGHT="32" CONTENT="zu" WC="1.00" CC="00"/>
						<SP ID="P53_SP00335" HPOS="1020" VPOS="2862" WIDTH="38"/>
						<String ID="P53_ST00371" HPOS="1058" VPOS="2815" WIDTH="246" HEIGHT="57" CONTENT="Krüppeln" WC="0.99" CC="07030025"/>
						<SP ID="P53_SP00336" HPOS="1304" VPOS="2872" WIDTH="34"/>
						<String ID="P53_ST00372" HPOS="1338" VPOS="2817" WIDTH="319" HEIGHT="54" CONTENT="geschossen?" WC="1.00" CC="00000000030"/>
						<SP ID="P53_SP00337" HPOS="1657" VPOS="2872" WIDTH="70"/>
						<String ID="P53_ST00373" HPOS="1727" VPOS="2815" WIDTH="188" HEIGHT="46" CONTENT="Warum" WC="0.99" CC="10060" STYLEREFS="TXT_1"/>
						<SP ID="P53_SP00338" HPOS="1915" VPOS="2872" WIDTH="35"/>
						<String ID="P53_ST00374" HPOS="1950" VPOS="2819" WIDTH="188" HEIGHT="43" CONTENT="wurden" WC="0.99" CC="340000" STYLEREFS="TXT_1"/>
						<SP ID="P53_SP00339" HPOS="2138" VPOS="2872" WIDTH="42"/>
						<String ID="P53_ST00375" HPOS="2180" VPOS="2828" WIDTH="54" HEIGHT="33" CONTENT="so" WC="1.00" CC="00" STYLEREFS="TXT_1"/>
						<SP ID="P53_SP00340" HPOS="2234" VPOS="2872" WIDTH="37"/>
						<String ID="P53_ST00376" HPOS="2271" VPOS="2818" WIDTH="113" HEIGHT="44" CONTENT="viele" WC="1.00" CC="00000" STYLEREFS="TXT_1"/>
					</TextLine>
					<TextLine ID="P53_TL00036" HPOS="241" VPOS="2892" WIDTH="1861" HEIGHT="54">
						<String ID="P53_ST00377" HPOS="241" VPOS="2899" WIDTH="198" HEIGHT="45" CONTENT="hundert" WC="1.00" CC="0000600" STYLEREFS="TXT_1"/>
						<SP ID="P53_SP00341" HPOS="439" VPOS="2944" WIDTH="31"/>
						<String ID="P53_ST00378" HPOS="470" VPOS="2899" WIDTH="219" HEIGHT="45" CONTENT="Soldaten" WC="1.00" CC="00000200" STYLEREFS="TXT_1"/>
						<SP ID="P53_SP00342" HPOS="689" VPOS="2944" WIDTH="28"/>
						<String ID="P53_ST00379" HPOS="717" VPOS="2892" WIDTH="188" HEIGHT="54" CONTENT="blind?" WC="0.99" CC="024000" STYLEREFS="TXT_1"/>
						<SP ID="P53_SP00343" HPOS="905" VPOS="2946" WIDTH="55"/>
						<String ID="P53_ST00380" HPOS="960" VPOS="2895" WIDTH="121" HEIGHT="47" CONTENT="Weil" WC="0.98" CC="4500" STYLEREFS="TXT_1"/>
						<SP ID="P53_SP00344" HPOS="1081" VPOS="2946" WIDTH="27"/>
						<String ID="P53_ST00381" HPOS="1108" VPOS="2897" WIDTH="103" HEIGHT="45" CONTENT="Gott" WC="0.98" CC="2130" STYLEREFS="TXT_1"/>
						<SP ID="P53_SP00345" HPOS="1211" VPOS="2946" WIDTH="32"/>
						<String ID="P53_ST00382" HPOS="1243" VPOS="2898" WIDTH="202" HEIGHT="44" CONTENT="dadurch" WC="1.00" CC="0000010" STYLEREFS="TXT_1"/>
						<SP ID="P53_SP00346" HPOS="1445" VPOS="2946" WIDTH="34"/>
						<String ID="P53_ST00383" HPOS="1479" VPOS="2898" WIDTH="96" HEIGHT="44" CONTENT="ihre" WC="1.00" CC="0000" STYLEREFS="TXT_1"/>
						<SP ID="P53_SP00347" HPOS="1575" VPOS="2946" WIDTH="31"/>
						<String ID="P53_ST00384" HPOS="1606" VPOS="2898" WIDTH="126" HEIGHT="46" CONTENT="Seele" WC="0.99" CC="06000" STYLEREFS="TXT_1"/>
						<SP ID="P53_SP00348" HPOS="1732" VPOS="2946" WIDTH="31"/>
						<String ID="P53_ST00385" HPOS="1763" VPOS="2902" WIDTH="138" HEIGHT="42" CONTENT="retten" WC="0.99" CC="003021" STYLEREFS="TXT_1"/>
						<SP ID="P53_SP00349" HPOS="1901" VPOS="2946" WIDTH="36"/>
						<String ID="P53_ST00386" HPOS="1937" VPOS="2899" WIDTH="165" HEIGHT="46" CONTENT="wollte!" WC="1.00" CC="0600000" STYLEREFS="TXT_1"/>
					</TextLine>
					<TextLine ID="P53_TL00037" HPOS="335" VPOS="2994" WIDTH="2045" HEIGHT="60">
						<String ID="P53_ST00387" HPOS="335" VPOS="2997" WIDTH="183" HEIGHT="44" CONTENT="Gerade" WC="1.00" CC="000000"/>
						<SP ID="P53_SP00350" HPOS="518" VPOS="3041" WIDTH="49"/>
						<String ID="P53_ST00388" HPOS="567" VPOS="2997" WIDTH="83" HEIGHT="44" CONTENT="der" WC="0.99" CC="002"/>
						<SP ID="P53_SP00351" HPOS="650" VPOS="3041" WIDTH="47"/>
						<String ID="P53_ST00389" HPOS="697" VPOS="2996" WIDTH="262" HEIGHT="56" CONTENT="Weltkrieg" WC="1.00" CC="000000300"/>
						<SP ID="P53_SP00352" HPOS="959" VPOS="3052" WIDTH="47"/>
						<String ID="P53_ST00390" HPOS="1006" VPOS="2994" WIDTH="89" HEIGHT="45" CONTENT="mit" WC="1.00" CC="000"/>
						<SP ID="P53_SP00353" HPOS="1095" VPOS="3052" WIDTH="48"/>
						<String ID="P53_ST00391" HPOS="1143" VPOS="2994" WIDTH="161" HEIGHT="44" CONTENT="seinen" WC="1.00" CC="000100"/>
						<SP ID="P53_SP00354" HPOS="1304" VPOS="3052" WIDTH="47"/>
						<String ID="P53_ST00392" HPOS="1351" VPOS="2994" WIDTH="174" HEIGHT="45" CONTENT="Leiden" WC="0.99" CC="106002"/>
						<SP ID="P53_SP00355" HPOS="1525" VPOS="3052" WIDTH="36"/>
						<String ID="P53_ST00393" HPOS="1561" VPOS="2996" WIDTH="97" HEIGHT="43" CONTENT="und" WC="0.99" CC="030"/>
						<SP ID="P53_SP00356" HPOS="1658" VPOS="3052" WIDTH="40"/>
						<String ID="P53_ST00394" HPOS="1698" VPOS="2997" WIDTH="204" HEIGHT="43" CONTENT="Greueln" WC="0.99" CC="4006001"/>
						<SP ID="P53_SP00357" HPOS="1902" VPOS="3052" WIDTH="32"/>
						<String ID="P53_ST00395" HPOS="1934" VPOS="2997" WIDTH="90" HEIGHT="44" CONTENT="hat" WC="0.99" CC="030"/>
						<SP ID="P53_SP00358" HPOS="2024" VPOS="3052" WIDTH="32"/>
						<String ID="P53_ST00396" HPOS="2056" VPOS="3008" WIDTH="89" HEIGHT="33" CONTENT="uns" WC="0.97" CC="340"/>
						<SP ID="P53_SP00359" HPOS="2145" VPOS="3052" WIDTH="33"/>
						<String ID="P53_ST00397" HPOS="2178" VPOS="2998" WIDTH="202" HEIGHT="56" CONTENT="gezeigt," WC="1.00" CC="00000003"/>
					</TextLine>
					<TextLine ID="P53_TL00038" HPOS="242" VPOS="3068" WIDTH="2136" HEIGHT="57">
						<String ID="P53_ST00398" HPOS="242" VPOS="3073" WIDTH="108" HEIGHT="43" CONTENT="dass" WC="0.85" CC="0060"/>
						<SP ID="P53_SP00360" HPOS="350" VPOS="3116" WIDTH="35"/>
						<String ID="P53_ST00399" HPOS="385" VPOS="3072" WIDTH="75" HEIGHT="43" CONTENT="die" WC="0.98" CC="050"/>
						<SP ID="P53_SP00361" HPOS="460" VPOS="3116" WIDTH="38"/>
						<String ID="P53_ST00400" HPOS="498" VPOS="3071" WIDTH="123" HEIGHT="44" CONTENT="Erde" WC="0.99" CC="2030"/>
						<SP ID="P53_SP00362" HPOS="621" VPOS="3116" WIDTH="32"/>
						<String ID="P53_ST00401" HPOS="653" VPOS="3071" WIDTH="78" HEIGHT="44" CONTENT="für" WC="0.99" CC="200"/>
						<SP ID="P53_SP00363" HPOS="731" VPOS="3116" WIDTH="32"/>
						<String ID="P53_ST00402" HPOS="763" VPOS="3081" WIDTH="90" HEIGHT="34" CONTENT="uns" WC="0.95" CC="660"/>
						<SP ID="P53_SP00364" HPOS="853" VPOS="3116" WIDTH="36"/>
						<String ID="P53_ST00403" HPOS="889" VPOS="3069" WIDTH="138" HEIGHT="43" CONTENT="keine" WC="0.99" CC="00600"/>
						<SP ID="P53_SP00365" HPOS="1027" VPOS="3116" WIDTH="48"/>
						<String ID="P53_ST00404" HPOS="1075" VPOS="3068" WIDTH="249" HEIGHT="46" CONTENT="bleibende" WC="0.99" CC="340520100"/>
						<SP ID="P53_SP00366" HPOS="1324" VPOS="3116" WIDTH="52"/>
						<String ID="P53_ST00405" HPOS="1376" VPOS="3071" WIDTH="162" HEIGHT="44" CONTENT="Stätte" WC="1.00" CC="000100"/>
						<SP ID="P53_SP00367" HPOS="1538" VPOS="3116" WIDTH="48"/>
						<String ID="P53_ST00406" HPOS="1586" VPOS="3071" WIDTH="99" HEIGHT="44" CONTENT="sein" WC="0.99" CC="0003"/>
						<SP ID="P53_SP00368" HPOS="1685" VPOS="3116" WIDTH="55"/>
						<String ID="P53_ST00407" HPOS="1740" VPOS="3072" WIDTH="152" HEIGHT="53" CONTENT="kann;" WC="0.99" CC="00204"/>
						<SP ID="P53_SP00369" HPOS="1892" VPOS="3125" WIDTH="48"/>
						<String ID="P53_ST00408" HPOS="1940" VPOS="3072" WIDTH="87" HEIGHT="44" CONTENT="wir" WC="0.98" CC="060"/>
						<SP ID="P53_SP00370" HPOS="2027" VPOS="3125" WIDTH="48"/>
						<String ID="P53_ST00409" HPOS="2075" VPOS="3073" WIDTH="178" HEIGHT="45" CONTENT="suchen" WC="1.00" CC="000013"/>
						<SP ID="P53_SP00371" HPOS="2253" VPOS="3125" WIDTH="49"/>
						<String ID="P53_ST00410" HPOS="2302" VPOS="3073" WIDTH="76" HEIGHT="43" CONTENT="die" WC="1.00" CC="000"/>
					</TextLine>
					<TextLine ID="P53_TL00039" HPOS="241" VPOS="3143" WIDTH="1506" HEIGHT="58">
						<String ID="P53_ST00411" HPOS="241" VPOS="3144" WIDTH="281" HEIGHT="57" CONTENT="zukünftige" WC="0.99" CC="4600010700"/>
						<SP ID="P53_SP00372" HPOS="522" VPOS="3201" WIDTH="35"/>
						<String ID="P53_ST00412" HPOS="557" VPOS="3146" WIDTH="214" HEIGHT="43" CONTENT="Heimat." WC="0.99" CC="0040004"/>
						<SP ID="P53_SP00373" HPOS="771" VPOS="3201" WIDTH="34"/>
						<String ID="P53_ST00413" HPOS="805" VPOS="3143" WIDTH="184" HEIGHT="56" CONTENT="„Bring" WC="0.99" CC="230040"/>
						<SP ID="P53_SP00374" HPOS="989" VPOS="3201" WIDTH="34"/>
						<String ID="P53_ST00414" HPOS="1023" VPOS="3153" WIDTH="105" HEIGHT="45" CONTENT="uns," WC="0.98" CC="0610"/>
						<SP ID="P53_SP00375" HPOS="1128" VPOS="3201" WIDTH="36"/>
						<String ID="P53_ST00415" HPOS="1164" VPOS="3143" WIDTH="136" HEIGHT="55" CONTENT="Herr," WC="1.00" CC="00004"/>
						<SP ID="P53_SP00376" HPOS="1300" VPOS="3201" WIDTH="43"/>
						<String ID="P53_ST00416" HPOS="1343" VPOS="3143" WIDTH="73" HEIGHT="43" CONTENT="ins" WC="1.00" CC="010"/>
						<SP ID="P53_SP00377" HPOS="1416" VPOS="3201" WIDTH="49"/>
						<String ID="P53_ST00417" HPOS="1465" VPOS="3144" WIDTH="282" HEIGHT="45" CONTENT='Paradies!"' WC="1.00" CC="1000040064"/>
					</TextLine>
					<TextLine ID="P53_TL00040" HPOS="334" VPOS="3217" WIDTH="2044" HEIGHT="58">
						<String ID="P53_ST00418" HPOS="334" VPOS="3219" WIDTH="161" HEIGHT="43" CONTENT="Dieses" WC="1.00" CC="020000"/>
						<SP ID="P53_SP00378" HPOS="495" VPOS="3262" WIDTH="24"/>
						<String ID="P53_ST00419" HPOS="519" VPOS="3219" WIDTH="299" HEIGHT="56" CONTENT="blutgierige," WC="0.99" CC="350304036002"/>
						<SP ID="P53_SP00379" HPOS="818" VPOS="3275" WIDTH="26"/>
						<String ID="P53_ST00420" HPOS="844" VPOS="3218" WIDTH="125" HEIGHT="43" CONTENT="Hass" WC="1.00" CC="0000"/>
						<SP ID="P53_SP00380" HPOS="969" VPOS="3275" WIDTH="23"/>
						<String ID="P53_ST00421" HPOS="992" VPOS="3217" WIDTH="320" HEIGHT="44" CONTENT="schäumende" WC="1.00" CC="0020000200"/>
						<SP ID="P53_SP00381" HPOS="1312" VPOS="3275" WIDTH="23"/>
						<String ID="P53_ST00422" HPOS="1335" VPOS="3219" WIDTH="348" HEIGHT="56" CONTENT="Mordgeschrei" WC="1.00" CC="000000000005"/>
						<SP ID="P53_SP00382" HPOS="1683" VPOS="3275" WIDTH="25"/>
						<String ID="P53_ST00423" HPOS="1708" VPOS="3231" WIDTH="95" HEIGHT="33" CONTENT="von" WC="1.00" CC="000"/>
						<SP ID="P53_SP00383" HPOS="1803" VPOS="3275" WIDTH="24"/>
						<String ID="P53_ST00424" HPOS="1827" VPOS="3219" WIDTH="129" HEIGHT="43" CONTENT="einer" WC="1.00" CC="00000"/>
						<SP ID="P53_SP00384" HPOS="1956" VPOS="3275" WIDTH="28"/>
						<String ID="P53_ST00425" HPOS="1984" VPOS="3219" WIDTH="162" HEIGHT="55" CONTENT="Stelle," WC="0.99" CC="0604400"/>
						<SP ID="P53_SP00385" HPOS="2146" VPOS="3275" WIDTH="34"/>
						<String ID="P53_ST00426" HPOS="2180" VPOS="3219" WIDTH="74" HEIGHT="45" CONTENT="die" WC="0.98" CC="060"/>
						<SP ID="P53_SP00386" HPOS="2254" VPOS="3275" WIDTH="25"/>
						<String ID="P53_ST00427" HPOS="2279" VPOS="3220" WIDTH="99" HEIGHT="45" CONTENT="sich" WC="1.00" CC="0000"/>
					</TextLine>
					<TextLine ID="P53_TL00041" HPOS="239" VPOS="3290" WIDTH="2137" HEIGHT="60">
						<String ID="P53_ST00428" HPOS="239" VPOS="3293" WIDTH="312" HEIGHT="56" CONTENT='„Seelsorge"' WC="1.00" CC="20055000004"/>
						<SP ID="P53_SP00387" HPOS="551" VPOS="3349" WIDTH="20"/>
						<String ID="P53_ST00429" HPOS="571" VPOS="3304" WIDTH="187" HEIGHT="32" CONTENT="nennen" WC="1.00" CC="000003"/>
						<SP ID="P53_SP00388" HPOS="758" VPOS="3349" WIDTH="22"/>
						<String ID="P53_ST00430" HPOS="780" VPOS="3292" WIDTH="106" HEIGHT="44" CONTENT="darf" WC="1.00" CC="0001"/>
						<SP ID="P53_SP00389" HPOS="886" VPOS="3349" WIDTH="17"/>
						<String ID="P53_ST00431" HPOS="903" VPOS="3290" WIDTH="106" HEIGHT="57" CONTENT="(wie" WC="1.00" CC="1000"/>
						<SP ID="P53_SP00390" HPOS="1009" VPOS="3349" WIDTH="19"/>
						<String ID="P53_ST00432" HPOS="1028" VPOS="3302" WIDTH="111" HEIGHT="45" CONTENT="mag" WC="1.00" CC="000"/>
						<SP ID="P53_SP00391" HPOS="1139" VPOS="3349" WIDTH="18"/>
						<String ID="P53_ST00433" HPOS="1157" VPOS="3290" WIDTH="91" HEIGHT="45" CONTENT="den" WC="0.98" CC="005"/>
						<SP ID="P53_SP00392" HPOS="1248" VPOS="3349" WIDTH="23"/>
						<String ID="P53_ST00434" HPOS="1271" VPOS="3292" WIDTH="179" HEIGHT="55" CONTENT="Seelen," WC="1.00" CC="0000022"/>
						<SP ID="P53_SP00393" HPOS="1450" VPOS="3349" WIDTH="22"/>
						<String ID="P53_ST00435" HPOS="1472" VPOS="3306" WIDTH="78" HEIGHT="31" CONTENT="um" WC="0.82" CC="30"/>
						<SP ID="P53_SP00394" HPOS="1550" VPOS="3349" WIDTH="22"/>
						<String ID="P53_ST00436" HPOS="1572" VPOS="3294" WIDTH="74" HEIGHT="45" CONTENT="die" WC="0.99" CC="030"/>
						<SP ID="P53_SP00395" HPOS="1646" VPOS="3349" WIDTH="19"/>
						<String ID="P53_ST00437" HPOS="1665" VPOS="3306" WIDTH="51" HEIGHT="31" CONTENT="so" WC="1.00" CC="00"/>
						<SP ID="P53_SP00396" HPOS="1716" VPOS="3349" WIDTH="19"/>
						<String ID="P53_ST00438" HPOS="1735" VPOS="3293" WIDTH="273" HEIGHT="44" CONTENT="satanische" WC="1.00" CC="0200320040"/>
						<SP ID="P53_SP00397" HPOS="2008" VPOS="3349" WIDTH="23"/>
						<String ID="P53_ST00439" HPOS="2031" VPOS="3293" WIDTH="143" HEIGHT="57" CONTENT="Sorge" WC="1.00" CC="00300"/>
						<SP ID="P53_SP00398" HPOS="2174" VPOS="3350" WIDTH="18"/>
						<String ID="P53_ST00440" HPOS="2192" VPOS="3295" WIDTH="184" HEIGHT="55" CONTENT="waltet," WC="0.99" CC="0060002"/>
					</TextLine>
					<TextLine ID="P53_TL00042" HPOS="239" VPOS="3365" WIDTH="2134" HEIGHT="55">
						<String ID="P53_ST00441" HPOS="239" VPOS="3369" WIDTH="196" HEIGHT="43" CONTENT="zumute" WC="0.98" CC="229600"/>
						<SP ID="P53_SP00399" HPOS="435" VPOS="3412" WIDTH="22"/>
						<String ID="P53_ST00442" HPOS="457" VPOS="3365" WIDTH="143" HEIGHT="55" CONTENT="sein!)" WC="0.99" CC="010340"/>
						<SP ID="P53_SP00400" HPOS="600" VPOS="3420" WIDTH="14"/>
						<String ID="P53_ST00443" HPOS="614" VPOS="3369" WIDTH="87" HEIGHT="42" CONTENT="hat" WC="1.00" CC="010"/>
						<SP ID="P53_SP00401" HPOS="701" VPOS="3420" WIDTH="16"/>
						<String ID="P53_ST00444" HPOS="717" VPOS="3369" WIDTH="146" HEIGHT="42" CONTENT="etwas" WC="1.00" CC="00000"/>
						<SP ID="P53_SP00402" HPOS="863" VPOS="3420" WIDTH="18"/>
						<String ID="P53_ST00445" HPOS="881" VPOS="3365" WIDTH="285" HEIGHT="46" CONTENT="wunderbar" WC="1.00" CC="040000400"/>
						<SP ID="P53_SP00403" HPOS="1166" VPOS="3420" WIDTH="15"/>
						<String ID="P53_ST00446" HPOS="1181" VPOS="3366" WIDTH="147" HEIGHT="45" CONTENT="Gutes" WC="1.00" CC="01100"/>
						<SP ID="P53_SP00404" HPOS="1328" VPOS="3420" WIDTH="19"/>
						<String ID="P53_ST00447" HPOS="1347" VPOS="3379" WIDTH="59" HEIGHT="33" CONTENT="an" WC="1.00" CC="00"/>
						<SP ID="P53_SP00405" HPOS="1406" VPOS="3420" WIDTH="19"/>
						<String ID="P53_ST00448" HPOS="1425" VPOS="3369" WIDTH="114" HEIGHT="44" CONTENT="sich." WC="0.99" CC="04004"/>
						<SP ID="P53_SP00406" HPOS="1539" VPOS="3420" WIDTH="28"/>
						<String ID="P53_ST00449" HPOS="1567" VPOS="3369" WIDTH="96" HEIGHT="43" CONTENT="Das" WC="1.00" CC="000"/>
						<SP ID="P53_SP00407" HPOS="1663" VPOS="3420" WIDTH="18"/>
						<String ID="P53_ST00450" HPOS="1681" VPOS="3369" WIDTH="62" HEIGHT="43" CONTENT="ist" WC="0.97" CC="610"/>
						<SP ID="P53_SP00408" HPOS="1743" VPOS="3420" WIDTH="18"/>
						<String ID="P53_ST00451" HPOS="1761" VPOS="3369" WIDTH="83" HEIGHT="43" CONTENT="der" WC="1.00" CC="000"/>
						<SP ID="P53_SP00409" HPOS="1844" VPOS="3420" WIDTH="9"/>
						<String ID="P53_ST00452" HPOS="1853" VPOS="3368" WIDTH="124" HEIGHT="44" CONTENT="Titel" WC="0.99" CC="06000"/>
						<SP ID="P53_SP00410" HPOS="1977" VPOS="3420" WIDTH="19"/>
						<String ID="P53_ST00453" HPOS="1996" VPOS="3369" WIDTH="83" HEIGHT="43" CONTENT="der" WC="1.00" CC="000"/>
						<SP ID="P53_SP00411" HPOS="2079" VPOS="3420" WIDTH="10"/>
						<String ID="P53_ST00454" HPOS="2089" VPOS="3369" WIDTH="284" HEIGHT="44" CONTENT="Broschüre:" WC="1.00" CC="3000000010"/>
					</TextLine>
					<TextLine ID="P53_TL00043" HPOS="236" VPOS="3440" WIDTH="2136" HEIGHT="59">
						<String ID="P53_ST00455" HPOS="236" VPOS="3440" WIDTH="404" HEIGHT="59" CONTENT='~Kriegerzweifel"' WC="0.78" CC="0049000000800650" STYLEREFS="TXT_1"/>
						<String ID="P53_ST00456" HPOS="645" VPOS="3441" WIDTH="44" HEIGHT="44" CONTENT="." WC="0.55" CC="4"/>
						<SP ID="P53_SP00412" HPOS="689" VPOS="3499" WIDTH="36"/>
						<String ID="P53_ST00457" HPOS="725" VPOS="3440" WIDTH="176" HEIGHT="45" CONTENT="Würde" WC="1.00" CC="00000"/>
						<SP ID="P53_SP00413" HPOS="901" VPOS="3499" WIDTH="35"/>
						<String ID="P53_ST00458" HPOS="936" VPOS="3450" WIDTH="110" HEIGHT="33" CONTENT="man" WC="0.99" CC="010"/>
						<SP ID="P53_SP00414" HPOS="1046" VPOS="3499" WIDTH="35"/>
						<String ID="P53_ST00459" HPOS="1081" VPOS="3452" WIDTH="47" HEIGHT="33" CONTENT="es" WC="0.80" CC="03"/>
						<SP ID="P53_SP00415" HPOS="1128" VPOS="3499" WIDTH="35"/>
						<String ID="P53_ST00460" HPOS="1163" VPOS="3441" WIDTH="132" HEIGHT="45" CONTENT="nicht" WC="0.99" CC="12050"/>
						<SP ID="P53_SP00416" HPOS="1295" VPOS="3499" WIDTH="34"/>
						<String ID="P53_ST00461" HPOS="1329" VPOS="3441" WIDTH="158" HEIGHT="58" CONTENT="längst" WC="0.99" CC="200600"/>
						<SP ID="P53_SP00417" HPOS="1487" VPOS="3499" WIDTH="32"/>
						<String ID="P53_ST00462" HPOS="1519" VPOS="3444" WIDTH="186" HEIGHT="53" CONTENT="wissen," WC="0.99" CC="0700024"/>
						<SP ID="P53_SP00418" HPOS="1705" VPOS="3499" WIDTH="33"/>
						<String ID="P53_ST00463" HPOS="1738" VPOS="3454" WIDTH="52" HEIGHT="33" CONTENT="so" WC="0.83" CC="03"/>
						<SP ID="P53_SP00419" HPOS="1790" VPOS="3499" WIDTH="22"/>
						<String ID="P53_ST00464" HPOS="1812" VPOS="3443" WIDTH="138" HEIGHT="44" CONTENT="hätte" WC="1.00" CC="00000"/>
						<SP ID="P53_SP00420" HPOS="1950" VPOS="3499" WIDTH="25"/>
						<String ID="P53_ST00465" HPOS="1975" VPOS="3454" WIDTH="113" HEIGHT="33" CONTENT="man" WC="0.99" CC="002"/>
						<SP ID="P53_SP00421" HPOS="2088" VPOS="3499" WIDTH="24"/>
						<String ID="P53_ST00466" HPOS="2112" VPOS="3444" WIDTH="150" HEIGHT="44" CONTENT="durch" WC="1.00" CC="03000"/>
						<SP ID="P53_SP00422" HPOS="2262" VPOS="3499" WIDTH="26"/>
						<String ID="P53_ST00467" HPOS="2288" VPOS="3445" WIDTH="84" HEIGHT="43" CONTENT="das" WC="1.00" CC="000"/>
					</TextLine>
					<TextLine ID="P53_TL00044" HPOS="235" VPOS="3514" WIDTH="2142" HEIGHT="60">
						<String ID="P53_ST00468" HPOS="235" VPOS="3514" WIDTH="534" HEIGHT="57" CONTENT='„Soldatenbüchlein"' WC="1.00" CC="406505000600030024"/>
						<SP ID="P53_SP00423" HPOS="769" VPOS="3571" WIDTH="32"/>
						<String ID="P53_ST00469" HPOS="801" VPOS="3514" WIDTH="324" HEIGHT="57" CONTENT="Aufklärung;" WC="1.00" CC="00500000403"/>
						<SP ID="P53_SP00424" HPOS="1125" VPOS="3571" WIDTH="36"/>
						<String ID="P53_ST00470" HPOS="1161" VPOS="3515" WIDTH="74" HEIGHT="45" CONTENT="die" WC="0.99" CC="010"/>
						<SP ID="P53_SP00425" HPOS="1235" VPOS="3571" WIDTH="39"/>
						<String ID="P53_ST00471" HPOS="1274" VPOS="3516" WIDTH="195" HEIGHT="58" CONTENT="Krieger" WC="1.00" CC="0700000"/>
						<SP ID="P53_SP00426" HPOS="1469" VPOS="3574" WIDTH="32"/>
						<String ID="P53_ST00472" HPOS="1501" VPOS="3516" WIDTH="211" HEIGHT="45" CONTENT="zweifeln" WC="0.99" CC="00005060"/>
						<SP ID="P53_SP00427" HPOS="1712" VPOS="3574" WIDTH="24"/>
						<String ID="P53_ST00473" HPOS="1736" VPOS="3518" WIDTH="115" HEIGHT="44" CONTENT="also." WC="0.99" CC="04003"/>
						<SP ID="P53_SP00428" HPOS="1851" VPOS="3574" WIDTH="37"/>
						<String ID="P53_ST00474" HPOS="1888" VPOS="3516" WIDTH="112" HEIGHT="45" CONTENT="Und" WC="0.97" CC="150"/>
						<SP ID="P53_SP00429" HPOS="2000" VPOS="3574" WIDTH="121"/>
						<String ID="P53_ST00475" HPOS="2121" VPOS="3528" WIDTH="97" HEIGHT="33" CONTENT="was" WC="0.98" CC="060"/>
						<SP ID="P53_SP00430" HPOS="2218" VPOS="3574" WIDTH="25"/>
						<String ID="P53_ST00476" HPOS="2243" VPOS="3519" WIDTH="134" HEIGHT="43" CONTENT="mehr" WC="1.00" CC="0000"/>
					</TextLine>
					<TextLine ID="P53_TL00045" HPOS="235" VPOS="3587" WIDTH="2143" HEIGHT="63">
						<String ID="P53_ST00477" HPOS="235" VPOS="3593" WIDTH="62" HEIGHT="43" CONTENT="ist" WC="0.98" CC="040"/>
						<SP ID="P53_SP00431" HPOS="297" VPOS="3636" WIDTH="46"/>
						<String ID="P53_ST00478" HPOS="343" VPOS="3590" WIDTH="68" HEIGHT="46" CONTENT="als" WC="0.98" CC="040"/>
						<SP ID="P53_SP00432" HPOS="411" VPOS="3636" WIDTH="43"/>
						<String ID="P53_ST00479" HPOS="454" VPOS="3591" WIDTH="84" HEIGHT="43" CONTENT="der" WC="0.96" CC="702"/>
						<SP ID="P53_SP00433" HPOS="538" VPOS="3636" WIDTH="32"/>
						<String ID="P53_ST00480" HPOS="570" VPOS="3590" WIDTH="156" HEIGHT="44" CONTENT="blosse" WC="1.00" CC="300000"/>
						<SP ID="P53_SP00434" HPOS="726" VPOS="3636" WIDTH="36"/>
						<String ID="P53_ST00481" HPOS="762" VPOS="3587" WIDTH="190" HEIGHT="46" CONTENT="Zweifel" WC="0.99" CC="0004054"/>
						<SP ID="P53_SP00435" HPOS="952" VPOS="3636" WIDTH="35"/>
						<String ID="P53_ST00482" HPOS="987" VPOS="3600" WIDTH="77" HEIGHT="32" CONTENT="am" WC="1.00" CC="00"/>
						<SP ID="P53_SP00436" HPOS="1064" VPOS="3636" WIDTH="37"/>
						<String ID="P53_ST00483" HPOS="1101" VPOS="3590" WIDTH="115" HEIGHT="44" CONTENT="Sinn" WC="0.99" CC="0401"/>
						<SP ID="P53_SP00437" HPOS="1216" VPOS="3636" WIDTH="35"/>
						<String ID="P53_ST00484" HPOS="1251" VPOS="3590" WIDTH="81" HEIGHT="46" CONTENT="des" WC="1.00" CC="000"/>
						<SP ID="P53_SP00438" HPOS="1332" VPOS="3636" WIDTH="39"/>
						<String ID="P53_ST00485" HPOS="1371" VPOS="3593" WIDTH="195" HEIGHT="57" CONTENT="Krieges" WC="0.97" CC="0777077"/>
						<SP ID="P53_SP00439" HPOS="1566" VPOS="3650" WIDTH="37"/>
						<String ID="P53_ST00486" HPOS="1603" VPOS="3593" WIDTH="114" HEIGHT="43" CONTENT="oder" WC="1.00" CC="0000"/>
						<SP ID="P53_SP00440" HPOS="1717" VPOS="3650" WIDTH="32"/>
						<String ID="P53_ST00487" HPOS="1749" VPOS="3604" WIDTH="78" HEIGHT="33" CONTENT="am" WC="0.91" CC="10"/>
						<SP ID="P53_SP00441" HPOS="1827" VPOS="3650" WIDTH="38"/>
						<String ID="P53_ST00488" HPOS="1865" VPOS="3593" WIDTH="166" HEIGHT="55" CONTENT="Erfolg" WC="0.99" CC="004010"/>
						<SP ID="P53_SP00442" HPOS="2031" VPOS="3650" WIDTH="120"/>
						<String ID="P53_ST00489" HPOS="2151" VPOS="3593" WIDTH="66" HEIGHT="44" CONTENT="sie" WC="0.99" CC="030"/>
						<SP ID="P53_SP00443" HPOS="2217" VPOS="3650" WIDTH="23"/>
						<String ID="P53_ST00490" HPOS="2240" VPOS="3594" WIDTH="111" HEIGHT="44" CONTENT="zwei" SUBS_TYPE="HypPart1" SUBS_CONTENT="zweifeln" WC="0.99" CC="0006"/>
						<HYP HPOS="2351" VPOS="3594" WIDTH="27" CONTENT="-"/>
					</TextLine>
					<TextLine ID="P53_TL00046" HPOS="232" VPOS="3661" WIDTH="2141" HEIGHT="62">
						<String ID="P53_ST00491" HPOS="232" VPOS="3665" WIDTH="98" HEIGHT="46" CONTENT="feln" SUBS_TYPE="HypPart2" SUBS_CONTENT="zweifeln" WC="0.97" CC="6007"/>
						<SP ID="P53_SP00444" HPOS="330" VPOS="3711" WIDTH="34"/>
						<String ID="P53_ST00492" HPOS="364" VPOS="3676" WIDTH="61" HEIGHT="33" CONTENT="an" WC="0.77" CC="13"/>
						<SP ID="P53_SP00445" HPOS="425" VPOS="3711" WIDTH="36"/>
						<String ID="P53_ST00493" HPOS="461" VPOS="3665" WIDTH="82" HEIGHT="43" CONTENT="der" WC="1.00" CC="000"/>
						<SP ID="P53_SP00446" HPOS="543" VPOS="3711" WIDTH="32"/>
						<String ID="P53_ST00494" HPOS="575" VPOS="3662" WIDTH="314" HEIGHT="46" CONTENT="moralischen" WC="0.99" CC="00126700604"/>
						<SP ID="P53_SP00447" HPOS="889" VPOS="3711" WIDTH="35"/>
						<String ID="P53_ST00495" HPOS="924" VPOS="3661" WIDTH="352" HEIGHT="61" CONTENT="Berechtigung" WC="1.00" CC="400000040520"/>
						<SP ID="P53_SP00448" HPOS="1276" VPOS="3722" WIDTH="47"/>
						<String ID="P53_ST00496" HPOS="1323" VPOS="3665" WIDTH="81" HEIGHT="46" CONTENT="des" WC="1.00" CC="000"/>
						<SP ID="P53_SP00449" HPOS="1404" VPOS="3722" WIDTH="46"/>
						<String ID="P53_ST00497" HPOS="1450" VPOS="3665" WIDTH="282" HEIGHT="57" CONTENT="Kämpfens." WC="0.99" CC="060037002"/>
						<SP ID="P53_SP00450" HPOS="1732" VPOS="3722" WIDTH="188"/>
						<String ID="P53_ST00498" HPOS="1920" VPOS="3666" WIDTH="85" HEIGHT="46" CONTENT="Die" WC="0.98" CC="220"/>
						<SP ID="P53_SP00451" HPOS="2005" VPOS="3722" WIDTH="46"/>
						<String ID="P53_ST00499" HPOS="2051" VPOS="3666" WIDTH="322" HEIGHT="57" CONTENT="theologische" WC="1.00" CC="100063050000"/>
					</TextLine>
				</TextBlock>
			</PrintSpace>
		</Page>
	</Layout>
</alto>
