2662 4269
292 3760 31 56 8

304 337 299 56 Romancier
654 352 146 42 unter
841 337 441 67 Geisteskämpfen
1331 338 106 54 und
1481 351 147 41 unter
1673 338 297 64 äußerstem,
2023 338 413 56 sozialistischem

304 427 212 55 Denken
549 434 120 48 vor?
713 427 106 54 Der
857 425 174 65 Feind,
1072 427 90 55 der
1194 426 411 66 Großkapitalist,
1647 427 64 55 ist
1749 450 85 33 vor
1863 429 183 66 Jahren
2079 429 156 53 selbst
2266 429 142 53 Prole-

302 519 149 53 tarier
488 540 246 42 gewesen,
781 516 106 55 und
927 516 83 55 hat
1049 518 84 54 die
1171 533 165 39 ersten
1377 518 327 54 vierhundert
1745 518 165 63 Taler,
1958 519 83 53 die
2080 519 99 53 den
2224 518 178 54 Grund-

301 606 140 55 stock
479 629 61 32 zu
581 608 96 53 den
718 617 230 55 späteren
988 605 266 56 Millionen
1296 606 106 55 und
1442 629 62 32 zu
1544 606 160 54 seiner
1757 614 133 66 (vom
1929 608 143 56 Staat
2119 609 95 52 mit
2254 606 182 55 Polizei

301 695 107 55 und
447 694 194 56 Militär
681 694 284 66 betreuten)
1006 694 311 57 Fabrikstadt
1355 695 159 65 legen,
1566 697 166 53 einem
1778 697 389 64 proletarischen
2207 695 201 55 Arbeits-

300 784 296 56 kameraden
648 785 160 55 durch
859 785 311 67 schmutzige
1210 784 251 56 Manöver
1511 785 237 55 entlockt.
1809 788 120 55 Und
1981 788 130 55 dazu
2163 787 133 53 noch
2353 787 83 52 nie

301 873 429 56 zurückerstattet.
784 874 181 54 Dieser
1009 873 255 56 Millionär
1306 876 204 63 weigert
1560 873 105 55 sich
1710 876 125 54 auch
1882 877 125 53 viele
2050 876 149 66 Jahre
2251 886 184 54 später,

301 963 236 56 während
577 965 90 53 der
697 963 291 55 Hochblüte
1017 965 163 54 seines
1210 965 248 62 Betriebs,
1499 965 87 53 das
1619 963 134 56 Geld
1783 966 116 54 dem
1931 966 128 56 alten
2096 966 339 61 Kameraden,

299 1052 91 55 der
432 1053 112 54 eine
583 1052 328 56 erbärmliche
949 1052 667 57 Proletarier-Arbeitsstelle
1666 1055 50 52 in
1757 1055 285 56 demselben
2084 1055 203 56 Betrieb
2333 1055 100 61 hat,

299 1141 430 66 zurückzugeben.
780 1141 105 55 Das
927 1142 64 55 ist
1034 1142 81 55 die
1147 1144 406 62 Voraussetzung
1597 1142 87 54 des
1716 1142 211 64 Buches,
1966 1145 81 53 die
2091 1144 87 54 auf
2218 1144 185 64 kompli-

296 1234 206 52 ziertem
553 1231 172 65 Wege,
781 1230 88 56 auf
901 1231 298 55 Hunderten
1251 1254 99 32 von
1400 1230 355 55 Romanseiten
1802 1233 216 55 enthüllt
2065 1234 142 53 wird.
2276 1234 157 52 Diese

297 1321 402 65 Voraussetzung
729 1321 64 54 ist
824 1343 63 32 zu
920 1321 194 55 dumm.
1147 1321 108 54 Der
1283 1323 150 63 junge
1458 1320 233 56 Arbeiter
1716 1321 133 63 aber,
1878 1324 162 53 dieser
2066 1347 130 30 neue
2224 1321 208 56 Fabrik-

295 1410 247 61 Bakunin,
582 1410 100 54 will
714 1410 115 54 dem
864 1410 331 55 Fabrikherrn
1235 1412 88 53 das
1355 1410 222 54 erlistete
1612 1409 131 56 Geld
1772 1412 277 62 entreißen,
2093 1413 93 53 mit
2218 1410 214 56 Zinsen:

297 1499 201 65 Kapital
541 1499 107 55 und
691 1499 123 55 Zins
953 1499 91 54 der
1082 1499 122 55 Zins
1242 1500 66 54 ist
1346 1499 88 54 das
1476 1498 315 57 Fabrikwerk
2234 1502 52 53 in
2333 1500 99 54 den

294 1588 165 55 Besitz
508 1588 90 55 der
647 1588 233 55 Arbeiter
929 1588 232 64 bringen,
1217 1610 99 31 von
1369 1588 163 53 denen
1585 1610 52 31 es
1682 1603 214 41 stammt.
1962 1591 103 53 Um
2116 1591 83 53 die
2249 1588 184 56 Fabrik

586 1700 116 33 zum
730 1677 275 65 Eigentum
1035 1678 90 54 der
1155 1677 232 55 Arbeiter
1416 1701 64 31 zu
1514 1678 207 54 machen
1762 1685 133 67 (man
1928 1680 110 54 liest
2070 1680 201 64 richtig,
2314 1701 118 32 zum

719 1767 99 54 will
862 1788 54 33 er
960 1766 372 55 Rechtsanwalt
1376 1767 221 55 werden.
1638 1767 146 54 Denn
1830 1791 52 31 es
1913 1770 222 52 existiert
2183 1770 83 52 ein
2308 1768 124 54 alter

292 1855 139 56 Brief
483 1857 89 54 des
605 1856 350 65 Kapitalisten,
1014 1857 50 54 in
1115 1856 118 55 dem
1284 1857 81 54 die
1398 1856 756 56 Vierhundert-Taler-Schuld
2214 1879 62 32 an
2329 1857 99 54 den

292 1945 195 65 greisen
520 1944 229 56 Arbeiter
793 1945 232 65 bestätigt
1068 1945 142 56 wird.
1270 1942 151 75 (Man
1453 1946 112 54 liest
1593 1945 202 66 richtig:
1839 1948 79 52 ein
1950 1946 123 54 alter
2103 1946 179 65 Brief.)
2326 1946 104 55 Um

292 2033 367 55 Rechtsanwalt
702 2057 61 30 zu
798 2034 218 62 werden,
1062 2034 131 54 lernt
1223 2054 52 34 er
1313 2034 198 54 Latein.
1577 2034 150 54 Seine
1763 2034 409 56 Lateinkenntnis
2218 2035 212 55 erweckt

291 2123 213 54 radikale
531 2123 324 65 Hoffnungen
888 2125 52 52 in
972 2124 89 53 der
1091 2123 413 57 Arbeiterschaft.
1560 2124 114 55 Daß
1707 2146 52 33 er
1790 2124 116 55 aber
1938 2125 179 54 Latein
2150 2124 131 55 lernt
2320 2127 110 53 und

290 2213 97 55 den
429 2212 132 56 alten
595 2212 138 56 Brief
772 2212 195 63 besitzt,
1015 2213 88 53 das
1142 2213 199 55 erwirkt
1382 2214 52 54 in
1466 2214 299 64 geheimem,
1806 2213 323 55 nächtlichen
2167 2214 261 65 Gespräch

292 2303 87 53 der
409 2302 253 66 Syndikus
706 2302 106 54 und
852 2303 172 64 eigene
1056 2302 266 65 Schwager
1365 2302 89 54 des
1489 2303 350 65 Kapitalisten,
1878 2302 88 54 der
2000 2302 430 66 Familienintrige

290 2389 167 56 treibt.
494 2389 197 56 Zudem
724 2391 84 54 hat
840 2392 80 53 die
958 2391 283 54 Schwester
1271 2391 88 54 des
1387 2393 190 64 jungen
1613 2391 252 54 Arbeiters
1898 2392 78 52 ein
2011 2391 281 54 Verhältnis
2337 2393 91 54 mit

288 2482 166 54 einem
485 2480 170 54 Sohne
688 2481 88 55 des
798 2481 334 65 Kapitalisten
1163 2481 107 56 und
1298 2481 99 55 will
1424 2480 220 57 Kokotte
1675 2481 216 55 werden.
1929 2480 104 54 Auf
2058 2481 186 55 Grund
2267 2482 163 54 dieser

292 2569 150 55 Fabel
483 2576 72 65 (es
586 2571 64 52 ist
681 2570 221 54 wirklich
934 2571 110 53 eine
1064 2569 168 63 Fabel,
1274 2570 284 54 kindischer
1590 2570 130 54 kann
1741 2572 71 51 sie
1845 2569 138 54 nicht
2026 2570 142 54 mehr
2206 2571 222 66 werden)

288 2659 64 53 ist
384 2657 245 55 natürlich
661 2659 138 54 nicht
819 2660 82 53 die
921 2659 256 66 benötigte
1204 2659 418 56 Arbeiterrevolte
1645 2657 233 66 möglich.
1918 2659 214 64 Jedoch:
2155 2660 91 53 der
2268 2660 128 65 Kapi-

288 2748 148 61 talist,
476 2748 82 54 die
588 2746 198 64 Polizei,
827 2748 88 54 das
948 2748 208 63 Militär,
1189 2750 81 54 ein
1304 2749 265 56 Irrenhaus
1608 2749 107 53 und
1754 2749 80 52 ein
1867 2748 332 54 bestochener
2252 2749 151 53 sozial-

290 2835 420 56 demokratischer
730 2835 190 56 Führer
951 2837 192 54 kreisen
1175 2838 98 54 den
1304 2839 186 65 jungen
1511 2837 228 54 Arbeiter
1763 2838 96 61 ein,
1900 2859 89 32 um
2009 2837 88 54 ihn
2120 2861 81 30 am
2224 2837 174 55 Latein-

288 2925 225 55 studium
544 2948 63 31 zu
640 2925 231 55 hindern.
930 2924 77 55 Da
1042 2925 116 65 geht
1190 2950 52 30 es
1274 2927 90 54 los.
1424 2925 131 55 Zum
1581 2923 192 56 Schluß
1801 2923 194 57 kommt
2027 2925 89 55 der
2135 2925 292 66 Weltkrieg,

288 3016 107 53 und
445 3014 118 55 alles
596 3017 148 56 [hatte
789 3013 175 55 keinen
998 3013 145 57 Sinn.
1181 3014 159 74 [(Was
1373 3014 232 65 stimmt.)
1663 3013 105 55 Aus
1800 3014 117 54 dem
1952 3014 221 66 Gewoge
2206 3016 222 54 schwebt

291 3104 88 55 der
409 3103 249 57 wirkliche
690 3103 364 57 Freiheitsheld
1085 3126 191 43 empor,
1316 3106 81 54 ein
1429 3102 469 67 fünfzehnjähriger,
1937 3104 159 55 feiner
2126 3106 180 66 Junge,
2342 3107 88 55 der

287 3193 93 55 alle
413 3192 255 57 Gefahren
715 3193 290 65 rechtzeitig
1047 3204 129 44 errät
1207 3195 108 53 und
1359 3193 245 60 verhütet,
1645 3193 105 54 und
1783 3193 89 54 der
1905 3193 80 55 die
2017 3193 283 58 Schwester
2339 3196 88 55 des

290 3282 254 56 Arbeiters
575 3284 243 54 wahrhaft
862 3282 143 63 liebt;
1057 3305 51 32 es
1149 3284 64 53 ist
1256 3284 89 53 der
1376 3282 139 55 Sohn
1571 3282 89 55 des
1692 3282 270 68 Syndikus.
2099 3285 180 56 Dieser
2317 3300 83 39 ent-

287 3371 234 56 setzliche
553 3372 210 55 Schund
804 3372 109 74 (der
962 3372 52 54 in
1056 3371 165 66 jedem
1254 3371 275 65 beliebigen
1564 3370 123 56 Stile
1718 3372 327 65 geschrieben
2079 3376 107 52 sein
2220 3374 207 63 konnte,

287 3460 134 64 aber,
470 3461 138 56 nicht
658 3461 180 66 gerade
887 3459 586 63 überraschenderweise,
1541 3461 50 55 in
1645 3461 349 60 modernisiert
2025 3463 401 66 kurzgefaßterer

288 3550 237 66 Sprache,
556 3550 126 56 nach
714 3552 93 55 Art
837 3553 89 54 der
956 3552 280 66 ungebeten
1264 3549 335 57 zutraulichen
1621 3552 386 58 Schreibmache
2026 3555 86 54 des
2132 3554 148 62 alten,
2303 3554 98 53 libe-

287 3639 135 56 ralen
454 3640 297 66 Spielhagen
782 3640 234 66 abgefaßt
1047 3640 102 66 ist),
1177 3639 160 56 dieser
1357 3640 323 65 grauenhafte
1713 3643 432 57 Meisterschund:
2185 3643 128 64 zeigt
2343 3643 82 55 die
