2662 4269
2325 3813 30 55 3

335 382 160 57 Nicht
512 383 348 67 Umlagerung
879 384 90 55 der
990 382 348 57 Gesellschaft.
1371 382 157 56 Nicht
1549 382 375 67 Verbesserung
1943 407 62 32 an
2028 383 336 67 kämpfenden

226 473 235 57 Klassen;
480 475 160 55 Nicht
660 473 408 66 Umschichtung
1089 476 89 53 der
1196 472 213 56 Gewalt.
1449 473 160 55 Nicht
1630 473 413 68 Handänderung
2063 476 89 54 der
2169 473 198 59 Macht.

226 564 57 54 In
317 564 189 54 diesem
541 564 128 55 allen
701 565 63 53 ist
797 564 143 54 keine
961 564 238 66 Heilung,
1232 585 96 33 nur
1360 562 150 55 kurze
1529 562 302 66 Betäubung
1848 565 137 53 eines
2010 564 197 54 kleinen
2227 564 140 55 Teils

226 654 89 54 der
346 654 324 56 Schmerzen;

339 743 106 55 Wir
484 743 177 54 wollen
703 741 399 57 Gemeinschaft.

326 833 121 54 Und
486 853 95 34 nur
614 834 88 53 der
741 833 309 66 unbedingte
1083 833 146 56 Wille
1267 853 89 34 zur
1390 831 399 65 Gemeinschaft,
1849 854 95 33 nur
1983 834 88 53 der
2104 833 127 67 Flug
2281 834 86 56 auf

227 923 86 55 das
344 923 150 53 letzte
526 922 306 54 erdenkbare
852 922 150 56 Licht
1028 922 369 56 menschlichen
1420 920 374 64 Beieinanders,
1835 943 96 35 nur
1963 923 89 53 der
2076 922 149 56 letzte
2239 923 94 56 Vor-

223 1012 116 54 stoß
378 1035 117 31 zum
526 1012 182 56 letzten
746 1012 106 53 Ziel
884 1013 90 53 der
993 1012 248 62 Zukunft,
1282 1012 122 54 wird
1456 1011 383 54 rückstrahlend
1878 1013 81 53 die
1991 1013 373 66 ungeistigeren

226 1102 105 55 und
381 1101 120 54 bloß
552 1116 292 41 momentan
898 1102 306 55 bessernden
1254 1099 343 68 Änderungen
1649 1102 91 53 der
1790 1101 305 66 Gegenwart
2147 1102 217 66 möglich

227 1190 229 57 machen.
495 1190 161 55 Wenn
678 1191 79 53 ihr
787 1191 180 57 denkt:
1007 1191 202 56 Friede!
1329 1191 135 54 dann
1497 1191 259 54 bekommt
1775 1191 79 54 ihr
1873 1191 287 66 überhaupt
2180 1192 186 57 nichts.

339 1280 84 54 Ihr
468 1280 146 54 müßt
665 1280 220 54 denken:
947 1280 356 66 Umwälzung!
1477 1280 134 54 dann
1647 1280 260 56 bekommt
1948 1280 77 56 ihr
2058 1296 168 41 zuerst
2265 1282 97 55 den

227 1369 232 54 Frieden.

335 1459 136 54 Aber
503 1459 92 53 mit
622 1458 112 55 List
763 1459 66 54 ist
860 1459 63 54 da
955 1458 165 54 nichts
1153 1482 61 31 zu
1248 1458 229 55 machen.
1516 1459 452 66 Versprechungen
2004 1460 167 55 helfen
2206 1460 158 56 nicht.

230 1548 105 53 Das
367 1549 62 53 da
468 1549 65 52 ist
566 1546 141 55 keine
741 1546 591 67 Erfolgsangelegenheit.
1399 1548 327 62 Mißbrauch,
1768 1549 403 65 vorgetäuschter
2203 1549 163 65 Wille,

225 1637 452 64 Augenzwinkern,
731 1637 286 54 Schwindel
1063 1638 91 53 mit
1197 1637 459 63 Zukunftswerten,
1709 1661 88 32 um
1846 1638 83 55 die
1972 1638 301 66 Gegenwart
2311 1640 51 54 in

225 1727 283 53 Sicherheit
520 1750 61 30 zu
598 1727 237 63 bringen:
871 1742 212 50 versagt.
1111 1727 66 54 Es
1200 1727 122 54 muß
1343 1727 155 54 schon
1519 1750 181 43 ganzer
1721 1728 149 52 Ernst
1892 1728 231 64 gemacht
2145 1729 218 56 werden.

334 1814 66 54 Es
432 1816 63 52 ist
528 1814 150 63 wahr,
719 1813 100 56 daß
853 1814 147 55 heute
1053 1828 147 41 unter
1243 1814 128 55 allen
1407 1814 282 55 Menschen
1728 1816 81 53 die
1842 1816 117 53 Idee
2000 1817 89 53 der
2122 1816 208 56 Gemein-

222 1903 160 55 schaft
414 1903 158 55 klarer
603 1905 107 53 und
741 1903 257 56 ersehnter
1030 1906 141 53 wird.

331 1992 113 55 Nur
476 2015 56 31 so
564 1992 119 62 klar,
724 1992 99 55 daß
862 1994 71 53 sie
974 1997 289 71 unbedingt
1298 1992 198 66 gewollt
1526 1994 144 60 wird,
1703 1994 63 53 ist
1806 1994 70 53 sie
1907 1994 132 55 noch
2072 1995 159 56 nicht.

326 2081 254 56 Niemand
631 2081 110 56 darf
791 2081 126 56 über
966 2082 83 55 die
1092 2081 259 57 Wahrheit
1401 2084 260 63 getäuscht
1713 2084 218 62 werden,
1983 2085 100 55 daß
2131 2086 51 54 in
2232 2086 130 55 allen

223 2171 231 55 Ländern
489 2193 128 33 zwar
649 2173 82 53 die
763 2170 157 56 Schar
969 2173 89 54 der
1092 2171 317 56 Kameraden
1464 2173 64 54 da
1573 2174 80 61 ist,
1708 2173 118 54 aber
1856 2171 100 56 daß
2000 2174 71 53 sie
2104 2173 132 55 klein
2281 2176 82 54 ist.

332 2261 168 54 Heute
557 2261 65 54 ist
672 2260 134 66 jeder
838 2259 218 57 Mensch
1108 2284 160 42 genau
1321 2284 54 32 so
1428 2261 115 63 viel,
1600 2261 71 55 als
1722 2283 53 33 er
1812 2261 81 55 für
1928 2263 81 53 die
2041 2261 227 58 Zukunft
2300 2287 61 32 an

223 2349 402 56 Menschlichem
674 2373 64 31 zu
783 2349 376 56 verwirklichen
1219 2350 249 56 wünscht.
1525 2350 67 55 Es
1642 2350 109 66 gibt
1782 2349 146 56 keine
1959 2353 403 56 unterirdischen

222 2438 442 64 Brüderschaften,
705 2439 80 54 die
818 2441 69 53 im
919 2439 318 66 Augenblick
1274 2439 91 55 der
1397 2439 105 54 Not
1545 2461 90 33 zur
1669 2439 137 55 Hilfe
1840 2441 400 57 hervorstürzen.
2295 2442 67 56 Es

223 2527 108 65 gibt
362 2527 142 55 nicht
538 2528 80 55 die
640 2528 178 55 Stillen
849 2529 73 54 im
950 2528 194 62 Lande,
1185 2529 81 54 die
1298 2550 90 33 zur
1416 2527 138 56 Hilfe
1587 2528 158 55 bereit
1775 2529 132 55 sind.
1948 2529 117 56 Wer
2086 2529 160 58 bereit
2277 2532 84 62 ist,

223 2616 85 54 hat
339 2639 52 31 es
424 2616 147 56 heute
604 2617 154 55 schon
790 2618 212 65 gezeigt.
1061 2616 356 56 Unterirdisch
1467 2618 66 54 ist
1580 2617 138 66 jeder
1749 2617 176 56 Helfer
1964 2640 98 34 nur
2103 2620 53 54 in
2198 2622 164 55 seiner

225 2706 163 62 Kraft,
429 2706 119 55 aber
579 2707 105 54 sein
719 2706 189 55 Dasein
941 2707 67 54 ist
1041 2706 156 55 schon
1229 2707 168 64 längst
1427 2706 277 56 öffentlich.

335 2795 99 53 Die
465 2816 153 44 ganze
646 2795 252 66 Erdkugel
929 2796 84 54 hat
1046 2796 149 54 heute
1225 2816 98 34 nur
1351 2795 80 55 ein
1465 2818 118 43 paar
1604 2795 200 65 Wesen,
1837 2796 80 56 die
1950 2799 100 54 den
2074 2797 285 58 Menschen

223 2884 188 54 helfen.
451 2881 125 57 Man
608 2885 132 56 kann
772 2885 105 53 ihre
900 2885 200 55 Namen
1135 2884 282 56 herzählen.
1456 2884 127 56 Man
1615 2885 156 56 kennt
1802 2888 71 53 sie
1902 2888 51 53 in
1978 2888 168 64 jedem
2168 2888 193 57 Lande.

225 2973 109 56 Wie
365 2975 163 64 wenig
560 2975 112 54 sind
705 2999 67 38 es,
813 2977 91 52 wie
936 2975 131 55 klein
1100 2975 64 54 ist
1195 2975 133 54 diese
1361 2974 174 57 Schar.

335 3062 105 55 Wir
471 3062 174 55 stehen
677 3063 130 56 noch
849 3087 96 32 vor
973 3064 115 55 dem
1110 3063 219 63 Anfang.
1370 3063 111 56 Alle
1501 3064 386 66 Vorstellungen
1909 3088 95 32 von
2027 3065 90 55 der
2137 3065 194 68 Geistig-

225 3150 101 56 keit
357 3172 207 34 unserer
597 3152 218 56 Mitwelt
846 3154 236 55 erwiesen
1114 3152 106 54 sich
1252 3153 72 53 als
1355 3153 176 57 falsch.
1571 3154 113 56 Alle
1717 3154 193 56 Führer
1943 3157 162 53 dieser
2137 3156 194 67 Geistig-

223 3241 103 53 keit
357 3241 236 53 erwiesen
628 3241 105 54 sich
773 3243 69 54 als
875 3242 261 63 Betrüger.

335 3330 124 55 Und
491 3330 83 54 die
599 3331 200 65 geringe
832 3330 124 54 Zahl
988 3354 98 30 von
1116 3331 224 54 Führern
1374 3332 89 56 der
1492 3332 227 56 Zukunft
1751 3332 211 56 erkennt
2001 3356 115 33 man
2156 3358 62 31 an
2258 3335 101 54 den

219 3421 282 62 Mündern,
541 3421 81 53 die
654 3421 51 52 in
735 3421 168 64 jedem
929 3420 174 54 Lande
1134 3443 157 43 gegen
1317 3422 81 55 die
1420 3422 196 56 Gewalt
1639 3424 261 66 sprachen.
1939 3424 154 55 Diese
2114 3425 245 66 Wenigen

219 3510 115 56 sind
383 3509 145 54 keine
572 3507 191 68 großen
797 3509 178 62 Leute,
1023 3510 70 53 sie
1140 3511 112 55 sind
1291 3512 141 55 nicht
1477 3512 114 55 sehr
1634 3512 296 65 intelligent,
1971 3515 70 53 sie
2072 3514 115 54 sind
2218 3514 143 56 nicht

218 3599 286 58 Menschen
538 3622 97 33 von
668 3599 348 56 umfassender
1042 3599 192 57 Stärke.
1272 3601 66 55 Es
1361 3604 113 53 sind
1495 3603 228 54 einfache
1743 3604 107 54 und
1870 3603 166 55 wahre
2056 3604 303 56 Menschen.

217 3689 258 67 Nirgends
519 3692 65 53 ist
626 3689 110 56 ihre
777 3688 333 57 Geisteskraft
1149 3692 141 63 groß.
1347 3692 123 55 Und
1515 3716 161 41 genau
1722 3693 86 56 auf
1851 3694 118 55 dem
2016 3693 172 56 Grade
2225 3693 136 57 ihrer
