2542 3362
803 407 513 63 PROLOGUE
1374 402 247 63 POUR
1660 401 322 61 VARIA

790 561 44 48 Je
859 560 71 39 suis
957 574 48 24 im
1031 557 148 40 homme
1205 564 157 42 etrange,
1393 559 22 33 a
1441 567 43 24 cc
1509 566 71 36 que
1606 551 71 38 l'on
1702 565 60 24 me
1788 549 59 40 dit.

797 629 91 40 Aux
911 644 96 37 yeux
1033 627 48 39 de
1107 626 172 51 quelques
1304 638 66 25 uns
1397 637 67 36 pur
1490 628 34 32 et
1549 620 127 51 simple
1701 619 135 51 bandit,

796 700 72 38 Pur
895 706 34 32 et
955 697 127 51 simple
1108 694 162 40 imbecile
1297 709 70 23 aux
1392 706 94 37 yeux
1512 690 48 39 de
1586 690 173 51 quelques
1785 696 127 31 autres.

796 770 170 39 D'autres
992 782 110 24 encor
1127 766 110 38 m'ont
1262 763 66 40 mis
1354 778 47 23 au
1426 776 92 36 rang
1545 760 65 38 des
1635 759 83 39 faux
1744 764 153 45 apötres.

796 837 205 53 Pourquoi?
1032 837 186 39 D'aucuns
1233 833 94 39 enfin
1345 848 47 24 au
1403 846 93 36 rang
1513 829 66 40 des
1593 828 130 40 dieux?
1753 827 194 52 Pourquoi,

796 909 94 39 Mon
904 907 112 40 Dieu!
1044 904 123 53 quand
1184 904 38 51 je
1239 918 47 24 ne
1303 903 71 39 suis
1391 903 106 50 qu'un
1510 900 75 39 bon
1598 898 148 40 homme
1764 913 101 24 assez
1880 897 66 51 coi,

796 980 154 39 Somme
975 984 107 42 toute,
1110 990 44 24 en
1181 973 97 51 depit
1303 972 49 39 de
1378 971 154 52 quelque
1557 968 245 40 incoherence.

798 1129 69 50 Or,
889 1126 59 53 j'ai
973 1124 146 41 souffert
1144 1137 66 37 pas
1237 1122 72 38 mal
1337 1128 34 31 et
1392 1119 77 52 joui
1493 1134 75 23 non
1594 1117 130 40 moins:
1762 1132 109 24 rance

790 1196 248 54 Juste-milieu,
1061 1195 38 51 je
1125 1192 56 40 t'ai
1205 1191 159 52 toujours
1391 1190 71 39 mal
1487 1188 131 51 renifle,

797 1268 144 52 Malgre
967 1273 75 32 tout
1067 1262 206 41 mondesir
1299 1261 48 39 de
1372 1259 98 40 vivre
1497 1258 118 39 mieux
1640 1257 110 52 regle,

797 1339 125 39 Mieux
949 1334 167 54 equilibre
1142 1347 144 25 comme
1312 1328 163 54 parlerait
1502 1344 47 23 un
1574 1342 91 37 sage

797 1410 63 39 De
886 1422 67 25 nos
975 1406 100 51 jours
1101 1417 105 38 apres
1232 1409 76 32 tout
1333 1415 107 37 sages
1466 1399 101 39 selon
1592 1398 136 51 l'usage

797 1480 81 39 Des
900 1478 99 51 jours
1025 1473 142 41 anciens
1194 1480 34 31 et
1254 1471 66 40 des
1346 1470 119 39 futurs.

1419 1612 123 50 Donc,
1564 1610 60 52 j'ai
1649 1609 146 40 souffert

797 1695 197 46 Beaucoup
1022 1696 33 31 et
1080 1693 161 34 sourtout
1267 1684 47 40 de
1340 1698 87 25 mon
1452 1682 67 51 fait,
1546 1687 22 34 a
1595 1681 196 39 decouvert

797 1766 70 38 Par
894 1759 163 52 exemple
1085 1765 34 33 et
1143 1755 164 53 saignant
1336 1753 85 40 ainsi
1447 1768 70 36 que
1544 1766 93 37 pour
1662 1750 188 51 l'exemple

798 1836 50 39 Et
873 1830 218 43 scandaleux
1117 1841 143 26 comme
1287 1840 49 24 un
1360 1824 91 39 ilote.
1505 1822 86 51 Oui,
1610 1820 89 41 mais
1726 1821 82 51 quel
1827 1820 120 51 ample

797 1905 49 40 Et
871 1903 75 40 bon
972 1898 163 42 remords
1161 1912 60 24 me
1246 1895 77 52 prit,
1349 1909 66 37 par
1440 1893 35 39 la
1500 1898 112 46 gräce
1640 1892 46 39 de
1712 1891 109 52 Dieu,

798 1975 63 40 De
886 1987 78 26 mes
989 1970 110 40 fautes
1126 1968 143 39 d'antan
1293 1979 156 38 presque
1471 1963 93 52 juste
1590 1979 47 23 au
1662 1962 117 40 milieu

798 2046 62 39 De
887 2041 198 52 l'expiation
1110 2038 48 39 de
1183 2044 74 32 tant
1284 2035 47 40 de
1353 2033 231 53 jouissances.

799 2197 49 39 Et
884 2193 65 41 des
974 2192 81 50 lors,
1078 2188 58 53 j'ai
1161 2202 93 25 vecu
1279 2186 48 39 de
1353 2193 116 32 toutes
1497 2184 50 40 les
1576 2184 208 52 puissances

799 2267 63 39 Du
889 2277 108 25 coeur
1024 2267 34 33 et
1084 2258 47 40 de
1157 2255 129 53 l'esprit
1310 2255 84 40 bien
1420 2255 109 40 müris
1555 2270 67 36 par
1647 2255 78 40 l'ete

801 2332 198 55 Splendide
1026 2330 49 40 du
1099 2327 166 42 bonheur
1293 2335 34 32 et
1353 2327 49 40 de
1427 2326 207 41 l'adversite.

801 2485 108 40 Voilä
934 2481 154 54 purquoi
1110 2482 36 51 je
1172 2480 71 41 suis
1270 2495 42 25 cc
1339 2482 108 50 qu'on
1473 2494 147 25 nomme
1647 2486 56 33 cet
1729 2477 149 40 homme

799 2557 162 52 Etrange
989 2562 34 32 et
1049 2553 60 53 qui
1134 2568 47 24 ne
1208 2553 73 39 lest
1309 2567 132 25 encore
1467 2552 107 51 qu'on
1600 2550 34 40 le
1659 2564 147 26 nomme

801 2628 79 40 Tel.
933 2626 67 41 Au
1027 2626 90 52 plus,
1143 2640 49 24 un
1218 2623 164 53 original:
1420 2637 120 38 encor,
1567 2621 133 41 encor?

801 2700 76 42 Car
900 2699 36 54 je
962 2714 46 24 ne
1035 2712 92 38 pose
1153 2711 67 37 pas
1247 2695 91 42 dans
1364 2695 47 41 tel
1437 2710 49 25 ou
1511 2695 46 39 tel
1585 2694 111 40 decor

1228 3018 0 0 13
