2542 3362
791 301 241 42 NOTIZEN

530 365 35 19 An
584 365 58 25 düßr
657 365 57 19 Stelle
731 367 67 18 wollen
816 367 35 18 wir
868 366 82 26 künftig
956 367 60 24 folche
1032 366 111 26 Tbatfacben
1156 372 36 13 aus
1207 367 44 18 dem
1260 367 88 25 jeweilig

459 399 71 25 jüngß
543 399 119 24 verfloffenen
676 399 114 24 Kmifllcben
804 400 220 25 nebmeinand&rftellen,
1039 400 31 18 du
1084 406 37 13 uns
1135 406 37 12 von
1189 400 117 24 Wichtigkeit
1318 406 19 12 er-

458 433 92 24 fcheinen.
578 432 91 19 Daneben
680 433 62 23 follen
761 433 39 18 hier
818 433 38 18 alle
870 433 107 26 diejenigen
992 433 116 19 Nadiricbten
1123 433 51 18 ihren
1189 433 54 18 Platt
1256 433 90 23 erhalten,

463 466 33 18 die
503 465 42 25 für
557 466 30 18 die
603 465 148 25 Genoffmfcbaft
766 466 41 19 imd
815 466 41 25 für
868 466 32 19 die
914 466 104 24 Zeitfebrift
1031 466 34 18 PA
1071 466 21 19 N
1103 472 38 12 von
1154 466 119 18 besonderem
1287 466 50 18 Inter-

464 499 33 24 eße
506 498 53 24 find.
587 498 38 19 Die
639 498 199 26 Zufammmftelhmg
850 500 59 18 erhebt
922 499 83 19 diesmal
1019 499 43 19 nodi
1076 499 48 19 nidit
1131 499 97 24 Anfprud)
1242 499 42 24 auf
1295 500 41 18 Voll-

458 531 127 25 ßändigkeit.

759 597 121 26 ALTE
904 596 155 26 KUNST

465 654 20 28 C
497 654 107 26 Museen.
618 654 20 27 D
651 655 34 25 Im
693 655 113 27 Louvre
817 655 27 32 iß
851 654 39 25 ein
900 662 75 17 neuer
982 654 58 24 Saal
1049 655 50 28 für
1108 654 40 24 die
1157 654 63 24 altm
1229 654 118 33 deutflchm

464 695 82 25 Bilder
556 695 145 31 eingerichtet
715 696 102 24 worden.
852 695 52 24 Der
913 694 58 25 Saal
986 695 44 23 der
1044 693 154 32 italienifchm
1210 694 137 25 Primitivm

465 736 62 23 wird
549 742 47 17 neu
618 737 114 29 geordnet
755 736 55 23 und
833 742 48 17 von
905 735 47 23 dm
975 733 98 24 Bildern
1096 733 135 32 germgerm
1255 735 93 31 Ranges

462 776 127 31 gefläubert.
612 789 34 3 —
663 776 51 23 Das
731 775 111 30 Mufleum
862 774 27 23 in
905 773 79 25 Köln
1004 773 94 29 erfland
1116 774 49 29 auf
1181 775 44 22 der
1239 774 108 25 Auktion

465 815 97 24 Baudot
580 815 27 23 in
627 814 75 32 Dijon
717 815 50 29 für
784 820 72 24 9000
878 812 49 25 Frs.
950 811 70 25 einm
1042 812 94 24 klemm
1158 813 128 32 Reifealtar
1304 815 46 24 mit

465 857 44 22 der
525 853 170 33 Dreieinigkeit
716 853 54 24 und
785 853 49 29 auf
851 853 47 22 den
918 852 103 30 Flügeln
1042 853 45 22 dm
1111 853 53 23 vier
1181 853 166 33 Evangeliflen,

465 896 45 23 der
528 895 49 29 auf
590 893 151 25 Broederlam
760 892 95 32 getauft
874 898 53 17 war
943 892 55 23 und
1018 892 59 24 wohl
1097 898 46 18 aus
1159 893 73 32 defflen
1249 894 101 31 nädffer

467 933 141 31 Umgebung
617 933 105 30 flammt.

467 973 19 26 G
502 972 195 30 Ausstellungen.
716 970 20 27 3
752 971 125 29 London,
893 970 90 26 Royal
994 970 143 27 Academy
1148 971 47 31 (bis
1206 974 33 23 16.
1251 974 84 32 März)
1335 981 13 19 '•'

466 1013 128 31 Befonders
611 1012 47 31 gut
673 1011 113 24 vertretm
803 1010 124 31 Reynolds,
947 1010 179 32 Gainsborougb
1146 1013 54 23 und
1217 1013 131 32 Conflable;

467 1052 112 30 wichtiges
601 1057 55 17 vom
678 1049 70 25 Duke
772 1049 28 29 of
820 1048 150 32 Weflmmfler
991 1050 149 32 befgefteuert,
1166 1053 119 25 darunter
1308 1055 40 24 die

467 1090 95 33 Anficht
577 1097 46 17 von
641 1089 120 24 Dortrecht
782 1096 46 17 von
846 1088 74 31 Cuyp,
942 1096 46 18 von
1004 1090 148 26 Rembrandt
1171 1094 54 24 vier
1238 1094 109 32 Bildniffe

467 1131 55 24 und
538 1130 39 24 die
595 1129 175 31 Heimfuchumg
784 1135 47 17 von
847 1129 69 31 1640,
935 1130 72 25 unter
1016 1130 158 27 Rembrandts
1185 1133 94 25 Namm
1296 1134 51 24 eine

467 1168 157 26 wunderbare
636 1167 148 32 Landfebaft,
798 1168 177 31 wahrscheinlich
989 1178 46 17 von
1047 1172 123 31 Brouwer;
1181 1173 109 33 Bildniffe
1301 1182 46 16 von

467 1208 85 32 Tizian
569 1207 103 32 (Ariofl)
691 1208 54 24 und
762 1206 138 34 Tintoretto;
917 1217 47 17 von
983 1211 126 33 Velazquez
1128 1213 44 24 der
1181 1213 78 32 junge
1276 1214 72 32 Prinz

467 1249 125 30 Balthaflar
607 1247 95 31 Carlos;
723 1254 47 18 von
789 1248 129 25 Verrocchio
934 1250 52 24 eine
1003 1251 140 32 Madonna;
1165 1253 168 28 Goldfchmiede-

469 1288 103 24 arbeitm
597 1288 54 23 und
673 1288 326 34 Goldfihmüdezeichnungen
1023 1291 41 24 des
1085 1298 30 24 15.
1138 1294 54 23 und
1211 1293 33 24 16.
1259 1294 88 29 Jahrb.,

467 1334 47 18 von
529 1328 23 30 J.
574 1327 27 24 C.
625 1327 115 32 Robmfon
762 1328 134 32 ausgeflellt.
920 1344 33 2 —
975 1330 124 31 London,
1122 1332 73 25 New
1211 1333 136 26 Gallery-.

468 1367 210 33 Altvmezianiflehe
694 1368 83 32 Kunfl,
795 1376 66 24 wozu
879 1369 65 31 Lady
961 1370 135 25 Ashburton
1114 1371 120 32 befonders
1250 1372 98 25 reidMcb

467 1407 145 31 beigeßeuert
631 1408 46 30 bai,
695 1410 31 28 fo
746 1416 47 17 von
813 1409 133 32 Mantegna
971 1411 40 24 die
1032 1411 133 33 Anbetung
1186 1413 45 23 der
1250 1412 97 32 Könige,

467 1448 52 23 eine
535 1448 127 24 Madonna
679 1455 47 17 von
744 1449 52 24 Gio.
809 1449 92 31 Bellini,
920 1449 51 25 eine
982 1451 139 31 Landfdiaft
1135 1452 46 24 mit
1190 1452 100 31 Figuren
1302 1459 46 17 von

469 1488 138 32 Giorgione;
623 1496 47 16 von
687 1489 88 24 Bellini
790 1490 127 31 außerdem
935 1491 42 23 das
992 1490 95 26 Bildnis
1104 1491 63 25 eines
1178 1492 99 24 Knabm
1295 1493 54 23 und

469 1527 39 25 ein
524 1529 143 25 männliebes
684 1530 101 30 Bildnis,
804 1530 138 31 desgleichen
960 1530 108 32 Bildniffe
1085 1538 46 16 von
1149 1531 128 24 Antonello
1295 1532 55 23 und

467 1568 133 31 Sebaftiano
624 1571 39 23 dcl
688 1570 107 31 Piombo;
820 1577 47 17 von
889 1570 99 24 Crivelli
1010 1571 51 23 eine
1082 1571 127 23 Madonna
1234 1572 54 23 und
1309 1571 39 24 ein

466 1609 51 23 heil.
535 1609 88 32 Georg;
640 1617 46 16 von
704 1609 127 32 Giorgione
848 1609 40 25 die
905 1609 52 24 drei
973 1609 158 31 Lebensalter;
1152 1610 39 24 ein
1208 1610 141 24 männliches

466 1648 97 25 Bildnis
582 1657 46 16 von
650 1650 77 30 Lotto;
749 1649 119 25 weiterhin
889 1649 82 24 Bilder
990 1657 48 17 von
1059 1648 89 33 Tizian,
1173 1649 131 32 Tintoretto,
1323 1651 25 23 P.

468 1689 112 31 Veronefe,
599 1688 98 32 Tiepolo,
717 1690 103 24 Guardi.
846 1689 37 25 Zu
900 1691 46 22 den
963 1690 60 24 etwa
1034 1696 51 25 350
1097 1689 132 25 Gemälden
1241 1690 107 24 kommen

467 1729 54 24 noch
538 1729 162 31 Zeiehnungm
721 1736 45 17 aus
785 1730 110 30 Windflor
915 1731 54 22 und
984 1731 60 22 etwa
1059 1736 51 25 500
1129 1730 160 30 Gegmflände
1307 1731 44 22 der

466 1768 147 31 Kteinhunß,
640 1769 138 24 nammtlieb
800 1770 59 23 Glas
881 1770 54 22 und
956 1769 98 32 Spitzm.
1076 1782 33 4 —
1124 1770 99 29 fanuar
1241 1770 34 23 bis
1297 1770 55 23 Mai

470 1809 60 28 1896
546 1808 94 25 Wiener
655 1808 272 33 Kongrefl-Ausftettung
943 1808 25 23 in
988 1809 82 30 Wien;
1090 1808 39 23 die
1150 1808 53 31 erfle
1220 1808 132 32 Abteilung

459 1848 49 31 foll
530 1848 167 32 Abbildungm
720 1848 135 32 (Portraits,
880 1847 174 32 Feflliehkeitm,
1081 1847 131 33 Anfidtten,
1240 1847 109 32 Trachten,

468 1888 177 32 Autographen)
670 1889 128 30 mthaltm,
830 1889 40 24 die
895 1888 80 32 zweite
997 1895 46 17 aus
1067 1889 44 23 der
1134 1888 51 24 Zeit
1202 1888 149 31 ftammmde

469 1927 159 32 Gegenflände
646 1929 82 30 Möbel,
748 1929 93 30 Gerätb,
860 1928 192 31 Schmuckfachm,
1065 1928 214 32 Kleidungsßüdie,
1297 1929 36 23 An-

467 1968 98 23 dmhm.
597 1981 33 4 —
662 1968 110 31 Berlin,
799 1968 112 26 Königl.
938 1968 311 26 Kupferstichkabmet.
1276 1968 62 24 Zeido-

468 2014 97 25 tiungm
586 2008 61 24 alter
663 2007 94 32 Meifler
775 2008 62 24 aller
852 2007 96 25 Schulen
969 2015 53 17 vom
1044 2014 30 27 iß.
1097 2008 36 24 bis
1154 2015 55 25 zum
1228 2013 30 19 18.
1270 2008 79 31 Jahrb.

469 2046 87 24 Ferner
575 2047 148 24 Miniaturen
747 2047 289 32 (Deckfarbenmalereien,
1054 2048 66 31 meift
1135 2049 48 29 auf
1200 2048 149 31 Pergament)

468 2093 54 17 vom
539 2094 33 23 14.
590 2087 35 24 bis
642 2088 33 23 16.
687 2088 86 30 Jahrb.,
792 2088 165 31 Einzelblätter
973 2090 54 22 und
1043 2088 186 32 Handfebriften.

469 2124 20 27 C
504 2125 226 33 Versteigerungen.
745 2127 20 26 3
777 2128 49 23 Am
833 2134 25 24 9.
868 2128 55 23 Mai
931 2128 25 23 in
966 2128 116 32 Stuttgart
1093 2128 35 23 bei
1136 2129 30 23 H.
1176 2129 30 23 G.
1217 2128 134 28 Gutekunß

469 2166 39 23 die
531 2167 99 31 wichtige
650 2167 278 32 Kupferftiehflammlung
949 2168 40 23 des
1012 2167 26 24 in
1057 2167 116 24 Mailand
1193 2167 156 32 verflorbmen

469 2206 79 22 Herrn
559 2206 132 32 Angiolini,
704 2207 120 31 beflonders
835 2207 47 24 alte
890 2208 91 23 Blätter
990 2207 141 24 mtbaltend.
1141 2221 34 3 —
1182 2208 39 23 26.
1231 2207 71 32 März
1307 2207 43 32 flg.

471 2244 226 34 Waffmflammlung
721 2246 162 32 Küppelmayr
907 2246 56 32 (aus
987 2247 135 31 Müncbm),
1148 2247 36 24 bei
1204 2247 96 25 Heberle
1325 2247 25 24 in

469 2283 70 23 Köln.
552 2298 31 2 —
600 2290 29 19 18.
648 2286 70 31 März
728 2287 44 30 flg-
792 2287 226 32 Waffmflammlung
1032 2294 47 17 von
1096 2288 87 23 Edwin
1194 2288 23 29 J.
1236 2288 64 23 Brett
1315 2287 36 24 bei

470 2322 106 32 Chriflies
592 2324 26 23 in
635 2325 104 24 London.

471 2360 20 27 G
502 2361 192 27 Publikationen,
714 2365 20 26 3
751 2366 47 24 Die
819 2366 96 32 Truftees
935 2368 41 23 des
997 2366 114 32 britiflchm
1134 2367 123 31 Mufleums
1276 2366 74 25 habm

469 2401 40 24 die
533 2402 149 32 Herausgabe
706 2406 40 23 des
770 2406 45 24 mit
838 2407 173 24 wunderbaren
1032 2407 148 24 Miniaturm
1198 2408 44 23 der
1257 2406 80 25 altmai-

470 2441 131 30 ländiflcben
613 2442 77 25 Schule
705 2446 117 30 gezierten
834 2447 150 24 Gebetbuches
999 2449 44 22 der
1053 2448 117 31 Herzogin
1181 2448 66 23 Bona
1260 2446 89 32 Sforza,

471 2481 90 23 welches
578 2482 61 29 John
663 2483 113 26 Malcolm
800 2487 28 28 of
848 2487 122 24 Poltalloch
992 2494 43 17 vor
1056 2487 39 24 ein
1116 2490 65 28 paar
1194 2487 90 31 Jabrm
1308 2487 44 23 der

470 2521 126 23 londoner
616 2521 249 29 National-Bibliothek
887 2527 113 24 vermacht
1020 2527 67 31 hatte,
1109 2527 124 32 veranlaßt
1250 2526 84 31 (Mmia-

471 2560 63 23 tures
557 2561 52 22 and
631 2560 93 26 borders
742 2564 67 28 from
833 2565 34 24 the
889 2566 60 23 Book
975 2568 28 29 of
1019 2567 80 24 Hours
1120 2568 28 29 of
1171 2567 67 24 Bona
1259 2566 89 32 Sforza,

470 2598 102 26 Duchess
596 2600 27 29 of
641 2600 90 31 Milan,
757 2603 45 23 mit
824 2603 66 25 einer
910 2605 139 32 Einleitung
1071 2614 47 17 von
1143 2607 30 24 G.
1197 2607 23 24 F.
1244 2606 104 31 Warner,

470 2640 73 24 Land.
562 2644 65 26 1894,
646 2640 25 23 in
688 2648 16 22 4
710 2643 8 10 0
719 2641 26 30 );
762 2648 31 23 29
810 2643 44 23 der
861 2644 101 30 flchönm
979 2646 235 31 Randeinfaffungm
1224 2645 62 33 find
1301 2646 50 24 hier

470 2679 161 31 nachgebildet,
640 2680 75 30 fowie
727 2680 74 31 einige
813 2681 87 25 Probm
917 2685 44 22 der
977 2692 46 16 von
1040 2686 44 22 der
1096 2685 100 32 gleichm
1208 2686 76 24 Hand
1300 2686 37 24 ber-

470 2719 133 25 rührmden
625 2719 148 24 Miniaturm
798 2720 25 24 in
847 2722 47 23 dm
914 2723 241 31 Pergammtdruckm
1177 2726 44 23 der
1240 2732 62 24 1490
1323 2725 26 25 in

469 2759 116 25 Mailand
602 2758 143 32 gedruckten
767 2758 120 33 Sforziade
904 2768 46 18 von
968 2762 134 33 Simonetta,
1120 2764 39 24 die
1176 2764 33 25 im
1226 2765 122 32 Britiflchm

469 2800 111 31 Mufleum
592 2800 54 23 und
657 2798 26 24 in
694 2800 44 23 der
748 2799 91 31 Parifer
847 2801 231 26 Nationalbibliothek
1091 2804 147 24 aufbewahrt
1247 2806 100 23 werdm.

469 2840 53 24 Der
539 2838 138 32 Verfertiger
692 2839 75 31 diefer
778 2839 148 25 Miniaturm
944 2841 27 31 ifl
986 2843 184 31 möglidjerweife
1187 2845 44 23 der
1246 2845 88 23 mailän-

469 2879 72 33 difebe
553 2879 179 25 Portraitmaler
742 2879 126 32 Ambrogio
879 2881 29 23 de
917 2881 88 31 Predis,
1019 2882 112 25 vielleicht
1140 2884 57 23 auch
1208 2885 43 22 der
1258 2885 90 23 Mmia-

1427 302 36 23 Tor
1474 301 147 31 Giampietro
1632 302 90 31 Birago.
1753 309 27 25 iy
1792 302 68 29 feine
1876 303 195 31 niederländiflche
2089 303 148 24 Miniaturm
2246 301 61 33 find

1427 341 42 31 erfl
1485 348 42 17 um
1545 348 50 26 1519
1597 356 33 2 —
1630 347 25 18 21
1672 342 155 32 hinzugeSügt
1842 343 102 30 worden,
1963 343 36 23 als
2016 344 42 23 das
2074 342 126 26 Gebetbuch
2208 341 49 34 fieh
2274 341 33 24 im

1426 380 73 33 Befitz
1516 381 83 32 Kaifer
1614 381 72 25 Karls
1698 382 27 24 Y.
1740 382 95 30 befand.
1844 397 34 2 —
1886 383 24 24 L.
1923 382 110 25 Scheibler
2043 384 53 23 und
2107 382 27 25 C.
2147 383 159 28 Aldenhoven,

1427 421 39 24 die
1483 420 110 32 kölniflebe
1604 421 149 32 Malerfehule
1764 421 105 31 (Lübeck,
1880 422 122 32 Nöbring),
2017 429 44 17 100
2073 421 78 31 TaSeln
2162 421 146 25 Lichtdrucke

1427 460 26 24 in
1463 467 20 25 3
1499 461 157 32 Lieferungen
1677 468 14 26 z
1692 468 17 17 u
1729 468 35 25 40
1781 462 35 23 M.
1836 475 34 4 —
1886 462 55 24 Alb.
1962 463 40 30 Ilg,
2019 462 91 24 Album
2131 469 46 17 von
2195 462 113 32 Objekten

1427 507 45 17 aus
1483 501 45 23 der
1535 500 144 33 Sammlung
1685 502 228 31 kunftinduftrieller
1920 502 160 32 Gegenftände
2091 503 41 23 des
2141 502 166 31 Allerböehftm

1427 540 167 32 Kaiflerbaufles.
1619 540 112 25 Arbeiten
1748 542 44 24 der
1808 542 182 31 Goldjehmiede-
2007 543 55 23 und
2078 540 229 34 Steinflcbliffteehnik.

1422 586 35 26 ßo
1475 579 77 31 Tafeln
1570 580 26 24 in
1614 580 134 25 Lichtdruck
1765 582 52 30 u.fl.
1830 589 28 17 w.
1879 581 73 31 Wien,
1964 582 23 30 f.
2005 582 68 30 Lövy,
2091 587 60 26 189$.
2180 583 47 24 Fol.

1494 620 23 24 F.
1536 620 31 25 A.
1586 620 116 25 Seemann
1720 622 25 23 in
1757 621 93 32 Leipzig
1859 622 51 31 gibt
1919 622 40 23 die
1971 640 11 12 „
1988 622 168 30 Meifterwerke
2167 623 44 23 der
2220 622 75 23 bildm-

1427 660 46 24 dm
1590 661 25 23 in
1628 667 45 17 100
1687 661 173 24 Wandbildern
1871 662 91 29 heraus,
1975 662 43 23 mit
2027 661 55 24 Text
2091 669 46 16 von
2147 662 29 24 G.
2191 660 117 26 Warneck.

1427 700 70 30 Diefle
1508 700 128 32 vorzüglich
1648 701 24 23 in
1684 700 134 25 Lichtdruck
1830 701 165 31 ausgeführtm
2005 700 79 31 Tafeln
2090 702 96 31 größten
2195 700 113 29 Formats,

1427 740 39 23 die
1473 741 49 29 für
1529 739 95 26 Schulen
1637 742 54 23 und
1702 740 124 32 öffentliche
1836 741 107 31 Vorträge
1957 741 167 25 unmtbehrlieh
2133 740 67 32 find,
2213 741 95 24 werdm

1428 779 25 24 in
1465 780 56 31 zehn
1533 781 157 30 Lüferumgm
1703 788 31 24 zu
1745 782 54 23 dem
1812 781 147 31 unglaublich
1974 781 92 31 billigm
2079 781 74 31 Preife
2163 788 47 17 von
2222 788 24 24 15
2258 779 50 26 Mh.

1422 820 50 29 für
1486 821 39 23 die
1543 821 129 30 Lieferung
1687 821 138 31 ausgegeben
1843 822 101 22 werdm.
1957 833 33 5 —
2002 821 49 24 Von
2062 822 31 23 G.
2110 828 22 16 v.
2144 820 80 30 Tereys
2236 819 62 26 Zeieb-

1427 866 98 25 nungm
1534 861 41 22 des
1586 860 70 23 Hans
1664 860 116 32 Baidung
1790 860 76 29 Grim,
1879 860 27 29 iß
1916 861 43 23 der
1968 860 79 32 zweite
2056 861 78 30 Band,
2146 859 164 31 hauptsächlich

1427 899 40 24 die
1484 900 49 30 auf
1546 900 44 24 der
1607 899 61 32 Veflte
1686 900 95 32 Koburg
1797 900 130 24 bewahrten
1944 900 125 30 Entwürfe
2080 902 50 29 für
2144 900 166 32 Glasgemälde

1427 939 141 31 mthaltmd,
1587 939 127 32 erflchienm
1731 940 144 31 (Straßburg,
1894 939 74 33 Heitz,
1987 947 45 18 100
2050 941 70 31 Mk).

1494 979 123 24 Bernhard
1637 980 121 30 Bermflon,
1781 980 87 32 Lormz
1889 980 70 30 Lotto,
1981 987 33 17 an
2037 982 58 30 eflfay
2116 980 27 24 in
2160 980 151 32 conflructive

1427 1020 40 23 art
1482 1018 111 25 criticism
1610 1019 137 30 (New-York
1764 1020 28 23 &
1808 1021 108 29 London,
1935 1020 124 24 Putnams'
2075 1020 65 31 Sons,
2160 1026 54 26 1895

1427 1058 46 24 mit
1488 1058 138 33 zahlreichst
1643 1059 182 31 Lichtdruckm).
1854 1059 48 25 Von
1923 1059 89 25 diesem
2028 1059 132 33 Anbänger
2176 1061 55 23 und
2245 1059 52 25 Fort-

1422 1098 88 29 führer
1529 1099 44 23 der
1593 1098 106 25 Methode
1722 1099 107 24 Morellis
1851 1106 79 17 warm
1952 1099 33 25 im
2006 1106 149 25 vergangnm
2170 1100 71 31 fahre
2263 1098 47 26 Tbc

1428 1138 126 25 Vmetiane
1581 1139 108 24 Painters
1713 1140 28 29 of
1763 1139 34 24 tbc
1819 1139 149 32 Rmaißänce
1991 1139 135 32 erflchienm.
2152 1153 34 4 —
2210 1134 101 38 Äußerfl

1427 1178 132 31 lefmswert
1574 1179 27 31 iß
1617 1179 39 24 die
1668 1179 120 31 Broflehüre
1799 1186 47 17 von
1858 1180 71 29 Mary
1941 1180 91 31 Logan:
2050 1180 79 24 Guide
2142 1181 22 23 to
2176 1180 35 23 tbc
2222 1180 88 24 Italian

1427 1218 105 24 Pictures
1549 1219 27 23 at
1591 1219 121 30 Hampton
1725 1219 76 24 Court
1817 1218 61 32 (Tbc
1890 1219 69 30 Kyrie
1971 1219 130 31 Pampbiets
2113 1219 43 26 Nr.
2168 1226 22 24 2,
2204 1219 105 31 London,

1427 1258 71 24 Innes
1510 1258 28 24 &
1550 1258 48 32 Co.,
1617 1258 77 32 1894),
1707 1259 74 24 worin
1793 1258 209 30 Cbarakterißikm
2013 1266 47 17 von
2072 1259 133 32 Giorgione,
2220 1258 89 34 Tizian,

1427 1297 131 33 Mantegna
1575 1306 24 17 u.
1610 1300 22 30 f.
1645 1307 28 16 w.
1682 1299 98 31 gegeben
1792 1300 101 24 werden.
1905 1313 34 3 —
1950 1299 46 25 Die
2008 1300 107 24 Berliner
2126 1300 184 31 Goldfchmiede-

1427 1339 72 30 Zunft
1521 1345 47 18 von
1589 1339 115 24 Friedrich
1726 1339 73 24 Sarre.
1839 1339 53 31 (Bei
1906 1340 23 29 f.
1946 1340 32 23 A.
1996 1339 126 32 Stargardt
2140 1340 81 24 Berlin
2245 1346 63 25 1895.

1427 1384 34 18 20
1472 1378 79 31 Mark,
1565 1378 56 25 Titel
1632 1380 131 30 vonjofeph
1775 1379 90 24 Sattler.
1888 1380 146 31 Eingehende
2046 1380 121 31 Geflehuhte
2178 1381 44 23 der
2232 1380 79 30 Zunft

1428 1418 55 23 und
1499 1418 44 23 der
1558 1417 100 32 Technik,
1678 1418 288 33 Urkundm-Verzeichnis
1983 1419 43 24 der
2036 1419 107 25 Berliner
2152 1419 94 32 Meifler
2261 1427 47 17 von

1428 1457 59 31 1462
1488 1471 33 3 —
1521 1462 66 20 1800.
1611 1458 126 25 Zahlreiche
1754 1458 168 32 Abbildungm
1939 1465 47 18 von
1997 1459 117 31 Afbeitm,
2133 1460 113 24 Portraits
2256 1459 53 27 etc.)

1684 1674 211 27 MODERNE
1916 1675 145 26 KUNST

1430 1728 19 27 G
1465 1728 288 27 Personalnachrichten.
1771 1730 20 26 3
1807 1731 110 31 Klingers
1927 1732 141 23 Parisurteil
2079 1733 83 23 wurde
2173 1733 33 24 im
2212 1733 101 30 fanuar

1429 1776 47 17 von
1493 1769 76 25 einem
1586 1770 178 31 Kunflfreunde
1781 1771 26 23 in
1823 1770 66 31 Trieft
1904 1772 142 31 angekauft;
2063 1772 33 24 im
2107 1772 104 24 Februar
2220 1773 91 24 erwarb

1429 1808 39 25 ein
1486 1809 108 32 leipziger
1610 1810 167 31 Kunflfreund
1793 1811 72 31 defflen
1883 1811 139 32 Kaffandra,
2040 1818 43 18 um
2091 1811 38 33 fie
2145 1811 66 25 einer
2228 1814 71 31 öffent-

1429 1849 70 24 liehm
1520 1849 145 33 Sammlung
1683 1857 31 25 zu
1731 1850 121 32 flebmhm.
1885 1850 187 32 Augenblicklich
2088 1852 51 24 hält
2145 1852 49 31 fieh
2212 1853 100 32 Klinger

1430 1889 25 23 in
1472 1890 69 24 Paris
1557 1891 51 30 auf,
1627 1897 36 17 wo
1680 1897 27 17 er
1721 1891 46 23 dm
1781 1890 56 32 Guß
1853 1890 169 32 verflehiedmer
2032 1891 129 25 Statuetten
2173 1893 136 24 überwacht.

1429 1929 35 24 Im
1474 1929 215 31 Juni-Juli-Hefte
1706 1931 41 23 des
1758 1930 75 25 PAN
1845 1930 63 24 wird
1924 1930 50 24 eine
1984 1930 83 32 feiner
2076 1932 103 30 nädtflm
2191 1932 118 31 Arbeitm,

1428 1968 52 25 eine
1494 1969 143 32 Radierung
1651 1971 54 22 und
1715 1969 52 24 eine
1778 1970 157 31 Lithographie
1947 1976 32 26 zu
1990 1970 100 25 Richard
2101 1971 109 24 Debmels
2222 1972 89 26 Venus

1429 2009 107 26 Regina
1553 2009 132 32 erfldmnm.
1705 2023 29 3 —
1753 2009 50 25 Am
1825 2010 32 24 16.
1869 2010 99 30 fanuar
1986 2011 82 23 wurde
2089 2017 13 26 z
2103 2017 16 17 u
2137 2011 75 24 Ehrm
2233 2012 76 24 Puvis

1428 2049 30 23 de
1476 2048 149 26 Chavannes'
1642 2049 34 24 im
1697 2049 69 25 Hotel
1784 2049 153 25 Continmtal
1956 2057 13 24 z
1970 2057 17 17 u
2005 2051 69 23 Paris
2095 2050 39 24 ein
2151 2052 82 30 großes
2254 2051 46 31 Feft-

1430 2089 64 24 mabl
1505 2089 105 31 gegebm.
1640 2090 47 24 Die
1705 2089 182 32 Genoffmfcbaft
1902 2090 77 25 PAN
1993 2097 53 17 war
2060 2090 71 24 durch
2142 2091 64 23 ihrm
2221 2092 92 31 parifer

1430 2129 214 30 Korrefpondentm
1665 2130 112 23 vertreten
1800 2131 55 22 und
1874 2130 41 23 hat
1934 2131 126 30 außerdem
2077 2129 39 25 ein
2134 2131 164 24 Gratulations-

1431 2169 133 31 telegramm
1578 2170 105 31 geflandt.
1695 2183 34 3 —
1746 2169 97 24 Sattlers
1857 2169 273 30 Wiedertäufer-Cyklus
2142 2170 62 24 wird
2214 2178 84 17 voraus-

1421 2208 100 31 fiditlich
1537 2215 56 25 zum
1610 2208 55 24 Mai
1674 2209 77 31 fertig
1766 2209 101 23 werdm.
1885 2223 34 2 —
1935 2208 50 25 Für
1999 2210 43 23 das
2062 2209 205 33 Kunfl-Mufleum
2285 2211 26 24 in

1430 2248 86 32 Brüflfel
1527 2247 73 33 find.
1610 2248 24 24 in
1655 2249 44 23 der
1716 2249 82 31 letzten
1819 2248 52 25 Zeit
1887 2248 132 32 angekauft
2035 2249 115 25 Gemälde
2171 2258 46 16 von
2234 2251 79 24 Emiel

1431 2287 74 25 Claus
1531 2289 54 23 und
1601 2288 76 24 Anna
1698 2288 69 31 Boeb;
1792 2289 49 29 für
1863 2290 42 23 das
1926 2289 110 31 Mufleum
2057 2289 25 24 in
2099 2290 144 31 Antweipen
2265 2291 32 24 Ge-

1430 2328 79 24 mälde
1525 2335 47 17 von
1588 2328 88 30 Alfred
1694 2329 96 30 Verwee,
1809 2329 91 31 Guflav
1916 2335 48 17 van
1982 2329 61 32 Aifle,
2066 2330 71 23 Evert
2154 2330 96 31 Larock;
2264 2331 51 30 für

1430 2368 42 23 das
1485 2368 25 23 in
1522 2368 69 29 Gmf
1604 2368 39 23 ein
1657 2369 81 31 großes
1756 2368 157 32 Marineftüek
1930 2376 46 17 von
1988 2369 141 25 Alexander
2144 2370 117 25 Marcette.
2271 2368 9 32 ■
2280 2368 32 32 —■

1430 2407 47 24 Die
1496 2407 181 32 Wandgemälde
1698 2416 46 16 von
1767 2408 105 24 weiland
1891 2409 80 24 Baron
1988 2409 30 24 H.
2036 2410 62 30 Leys,
2114 2411 23 29 fl.
2155 2410 24 24 Z.
2192 2412 50 28 für
2261 2410 51 30 fein

1430 2446 89 33 eigmes
1534 2447 70 25 Haus
1621 2448 26 24 in
1659 2448 144 31 Antwerpm
1819 2449 94 31 gemalt,
1923 2448 62 32 find
1996 2450 49 29 für
2057 2451 42 22 das
2116 2450 105 24 Rathaus
2237 2451 77 31 diefer

1430 2487 70 25 Stadt
1521 2488 132 31 angekauft
1674 2490 101 22 wordm.
1803 2502 33 4 —
1855 2489 43 30 fef
1916 2489 141 24 Lambeaux'
2077 2489 90 31 riefiges
2189 2490 122 30 Basrelief,

1429 2528 63 29 „Die
1509 2528 156 31 mmfeblichm
1908 2528 61 24 wird
1985 2528 177 32 vorausfiehtlich
2173 2529 33 24 im
2218 2529 95 33 Auguß

1429 2567 72 32 diefles
1516 2567 83 31 Jahres
1624 2568 101 24 mthüllt
1748 2569 101 23 werden.
1867 2583 33 3 —
1917 2569 51 24 Der
1987 2569 171 31 Jymbolifliflche
2182 2569 130 31 Illuflrator

1429 2606 117 25 Hmricus
1565 2606 94 33 (Haag)
1680 2607 95 25 arbeitet
1797 2616 33 16 an
1853 2608 66 25 einer
1939 2608 68 25 Reihe
2029 2608 160 32 Zeichnungen
2211 2617 31 24 zu
2267 2609 33 24 alt-

1428 2646 137 32 vlämifchen
1586 2647 101 24 Liedern
1709 2649 54 23 und
1783 2648 154 31 Dichtungen.
1955 2662 33 3 —
2005 2648 49 24 Am
2071 2655 24 25 3.
2115 2650 70 30 März
2198 2649 24 31 fl
2223 2655 42 18 aro
2286 2648 25 24 in

1429 2686 70 25 Paris
1520 2686 34 24 im
1564 2686 70 25 Alter
1648 2694 47 17 von
1708 2694 30 26 55
1748 2688 89 30 Jahrm
1855 2689 39 23 die
1912 2688 179 32 ausgezeichnete
2108 2689 105 24 Malerin
2230 2689 81 24 Berthe

1429 2726 102 31 Moriflot,
1554 2727 39 23 die
1610 2727 144 30 Schwägerin
1775 2729 55 22 und
1850 2727 118 25 Schülerin
1990 2728 101 31 Manets,
2112 2728 39 25 die
2172 2730 73 23 unter
2264 2729 47 22 dm

1428 2765 187 32 Impreflfioniften
1633 2766 51 25 eine
1701 2766 181 33 hervorragende
1902 2767 67 25 Stelle
1986 2767 119 25 einnahm.

1429 2804 20 27 C
1469 2805 289 31 Sonderausstellungen.
1781 2805 21 27 3
1823 2806 35 26 Im
1873 2807 99 30 fanuar
1991 2808 25 23 in
2038 2809 109 25 Berlin:
2170 2807 142 25 Alexander

1429 2844 102 32 (Saflcha)
1556 2845 128 31 Schneider,
1711 2846 103 25 Cartons
1840 2848 54 23 und
1920 2847 78 24 Werke
2021 2854 46 17 von
2086 2848 81 30 James
2191 2846 120 26 Pitkairn-

1428 2885 110 24 Knowles
1554 2885 116 32 (Gurlitt)
1696 2899 34 4 —
1748 2887 79 30 Jofeph
1853 2887 91 31 Sattler,
1970 2887 161 33 Zeiehnungm
2154 2887 108 32 (Amsler
2282 2885 29 24 Sr

1461 3076 0 0 44
