2542 3362
577 1106 631 47 ZARATHUSTRAVOR
1240 1107 144 43 DEM
1417 1107 297 44 KOENIGE

1106 1194 57 18 VON

887 1247 232 31 FRIEDRICH
1142 1248 252 30 NIETZSCHE

1031 1321 192 28 (FRAGMENT)

350 1399 56 39 „Es
424 1398 36 29 ist
480 1394 82 33 nicht
582 1392 82 32 mehr
683 1390 46 32 die
748 1387 68 32 Zeit
835 1384 48 32 für
899 1384 128 41 Könige:
1052 1384 45 30 die

287 1449 114 33 Völker
412 1447 63 32 sind
486 1457 28 20 es
526 1444 80 32 nicht
618 1437 191 36 mehrwerth,
821 1435 118 41 Könige
946 1445 36 20 zu
996 1433 101 32 haben.

352 1501 50 30 Du
410 1499 63 31 hast
484 1508 27 19 es
522 1502 107 35 gesagt,
641 1490 113 41 König:
771 1488 49 30 das
830 1486 72 35 Bild,
912 1485 49 30 das
967 1495 55 20 vor
1030 1484 68 31 dem

286 1550 100 33 Volke
397 1547 127 41 hergeht,
535 1546 49 30 das
597 1542 70 35 Bild,
679 1551 36 20 an
726 1538 67 31 dem
804 1538 38 29 sie
853 1536 50 30 alle
915 1546 36 19 zu
961 1534 137 31 Bildnern

285 1602 128 31 werden:
439 1598 49 31 das
504 1594 64 32 Bild
583 1592 53 32 soll
651 1591 68 30 dem
726 1587 99 32 Volke
843 1587 50 30 der
909 1585 101 41 König
1026 1585 71 30 sein!

351 1647 190 34 Vernichten,
564 1640 169 34 vernichten
754 1638 78 32 sollst
856 1637 48 35 du,
928 1635 40 30 oh
987 1635 110 41 König,

286 1703 46 30 die
350 1697 168 34 Menschen,
536 1703 55 21 vor
609 1692 95 30 denen
720 1689 65 31 kein
804 1687 61 31 Bild
886 1683 138 33 herläuft:
1047 1685 50 30 das

285 1751 64 32 sind
372 1748 66 32 aller
461 1742 184 34 Menschheit
668 1739 179 32 schlimmste
869 1736 119 31 Feinde!

350 1797 73 33 Und
432 1795 64 33 sind
504 1795 46 30 die
559 1792 116 40 Könige
683 1789 91 32 selber
782 1787 103 37 solche,
897 1797 33 21 so
937 1785 160 36 vernichte,

285 1852 41 31 oh
347 1847 110 42 König,
479 1846 46 30 die
547 1843 125 41 Könige,
693 1851 34 20 so
749 1840 40 30 du
811 1848 29 21 es

351 1948 116 42 „Meine
488 1946 123 33 Richter
625 1942 62 33 und
708 1937 192 45 Fürsprecher
916 1937 49 31 des
986 1935 111 32 Rechts

395 1999 121 34 überein
560 1996 186 44 gekommen,
791 1990 82 32 einen
914 1985 183 33 schädlichen

287 2053 164 33 Menschen
474 2062 37 19 zu
533 2046 188 36 vernichten;
749 2044 38 30 sie
818 2040 101 42 fragen
940 2036 88 37 mich,
1057 2035 40 31 ob

286 2106 48 30 ich
357 2105 68 30 dem
449 2101 114 33 Rechte
585 2099 99 31 seinen
705 2093 83 34 Lauf
806 2093 90 31 lassen
917 2089 86 31 wolle
1025 2086 73 31 oder

287 2156 47 28 die
357 2153 109 31 Gnade
488 2162 56 20 vor
566 2150 69 31 dem

351 2203 93 36 „Was
463 2202 37 31 ist
516 2201 50 31 das
586 2198 168 33 Schwerere
768 2206 37 21 zu
820 2193 114 32 wählen
950 2189 48 32 für
1014 2189 83 31 einen

286 2251 111 41 König,
421 2252 46 30 die
491 2250 109 31 Gnade
622 2250 73 30 oder
719 2248 49 29 das

351 2301 78 36 „Das
603 2306 175 24 antwortete
801 2295 51 32 der
879 2292 113 41 König;
1021 2289 76 32 denn

286 2361 31 20 er
339 2360 62 20 war
423 2349 110 32 milden
556 2349 110 31 Sinnes.

351 2399 58 39 „So
423 2399 95 31 wähle
533 2400 50 30 das
599 2398 99 31 Recht
713 2397 62 31 und
790 2397 53 30 lass
859 2395 46 32 die
920 2392 106 33 Gnade
1042 2390 57 31 den

288 2449 278 35 Gewaltmenschen
583 2449 37 30 als
638 2448 61 30 ihre
715 2448 83 40 eigne

352 2500 65 40 „Ich
438 2500 125 31 erkenne
585 2498 198 35 Zarathustra,
805 2506 79 31 sagte
903 2495 51 31 der

289 2555 101 42 König
408 2552 56 32 mit
483 2549 139 33 Lächeln:
645 2559 61 20 wer
726 2546 157 31 verstünde

289 2606 79 35 wohl
384 2602 93 47 gleich
492 2599 191 34 Zarathustra
699 2596 56 32 auf
766 2597 64 30 eine

289 2660 90 33 stolze
381 2655 101 34 Weise
489 2652 60 33 sich
557 2662 37 20 zu
601 2649 197 42 erniedrigen?

290 2712 82 33 Aber
387 2709 58 37 das,
464 2716 59 21 was
543 2704 40 32 du
600 2699 155 37 aufhobst,

290 2774 62 22 war
374 2762 46 31 ein

1239 1384 74 31 Und
1337 1395 30 19 er
1389 1384 40 31 las
1451 1384 132 42 langsam
1604 1386 101 31 daraus
1729 1388 62 30 und
1815 1389 56 30 mit
1893 1389 100 31 halber

1175 1434 134 36 Stimme,
1332 1434 56 30 wie
1411 1434 39 31 als
1476 1434 40 31 ob
1540 1445 30 20 er
1594 1436 56 30 mit
1672 1436 61 31 sich
1756 1437 83 31 allein
1861 1439 53 30 sei:

1240 1484 78 36 „Des
1324 1483 102 31 Todes
1437 1483 134 43 schuldig
1580 1503 33 3 —
1624 1484 192 33 Zarathustra
1827 1488 50 30 des
1878 1489 114 31 Volkes

1239 1583 120 38 „Tödte
1394 1583 59 36 ihn,
1491 1594 88 20 wenn
1616 1585 40 31 du
1694 1585 46 31 die
1774 1586 106 31 Macht
1915 1588 75 31 dazu

1282 1652 42 4 —
1354 1632 59 32 rief
1438 1632 192 32 Zarathustra
1656 1633 56 32 auf
1731 1635 63 30 eine
1821 1635 169 34 furchtbare

1174 1684 101 31 Weise
1296 1683 154 37 abermals;
1472 1683 62 31 und
1554 1684 77 30 seine
1650 1683 100 32 Blicke
1767 1685 222 33 durchbohrten

1174 1735 46 30 die
1244 1732 165 32 Gedanken
1434 1733 49 30 des
1507 1733 121 41 Königs.

1236 1783 75 31 Und
1345 1783 51 31 der
1429 1783 102 41 König
1566 1792 57 22 trat
1656 1784 201 32 nachsinnend
1893 1787 95 42 einige

1173 1833 125 31 Schritte
1324 1832 119 36 zurück,
1471 1832 43 32 bis
1543 1832 99 32 hinein
1671 1834 31 30 in
1731 1835 47 30 die
1800 1836 115 32 Nische
1939 1838 50 31 des

1172 1884 147 35 Fensters;
1348 1893 30 20 er
1407 1882 102 42 sprach
1538 1883 68 31 kein
1625 1884 94 31 Wort
1742 1886 63 30 und
1832 1886 51 31 sah
1913 1887 76 31 auch

1173 1932 190 32 Zarathustra
1385 1931 83 32 nicht
1494 1944 43 20 an.
1582 1934 127 31 Endlich
1732 1936 120 31 wandte
1874 1947 30 21 er
1928 1937 61 31 sich

1171 1995 70 19 zum
1264 1984 125 29 Fenster.

1236 2034 54 30 Als
1318 2044 29 19 er
1370 2031 67 32 aber
1466 2043 68 20 zum
1561 2034 118 31 Fenster
1705 2035 221 39 hinausblickte,
1954 2038 36 31 da

1172 2083 66 32 sähe
1254 2094 30 20 er
1299 2092 97 28 etwas,
1413 2083 93 31 darob
1523 2084 46 30 die
1584 2084 90 32 Farbe
1690 2086 92 32 seines
1796 2087 194 42 Angesichtes

1172 2133 61 32 sich
1256 2133 204 30 verwandelte.

1235 2183 216 38 „Zarathustra,
1478 2193 79 32 sagte
1585 2196 30 19 er
1640 2185 57 31 mit
1719 2186 52 31 der
1794 2186 196 33 Höflichkeit

1172 2236 76 31 eines
1270 2234 123 42 Königs,
1414 2234 129 42 vergieb,
1570 2234 63 32 dass
1655 2235 47 32 ich
1722 2237 44 30 dir
1788 2237 83 31 nicht
1895 2239 93 40 gleich

1173 2294 184 23 antwortete.
1402 2284 50 31 Du
1485 2284 85 42 gabst
1601 2286 57 31 mir
1687 2287 84 30 einen
1801 2288 92 31 Rath:
1927 2289 62 31 und

1173 2334 188 44 wahrhaftig,
1384 2334 47 33 ich
1455 2334 85 33 hörte
1562 2347 88 31 gerne
1672 2337 92 32 schon
1787 2337 56 32 auf
1860 2339 63 31 ihn!
1950 2360 34 2 —

1174 2388 82 31 Aber
1278 2397 30 20 er
1330 2386 121 31 kommt
1473 2397 37 19 zu

1242 2437 58 32 Mit
1315 2437 98 31 diesen
1424 2436 132 31 Worten
1577 2438 99 30 zerriss
1697 2449 30 19 er
1745 2438 50 31 das
1814 2439 177 42 Pergament

1324 2487 61 31 -md
1392 2486 80 32 warf
1481 2498 29 20 es
1522 2486 56 32 auf
1588 2488 57 30 den
1656 2488 108 32 Boden.
1794 2490 195 43 Schweigend

1400 2539 125 41 giengen
1548 2538 40 31 sie
1610 2540 207 31 voneinander.

1449 2589 76 31 Was
1541 2589 50 31 der
1602 2589 102 43 König
1720 2589 68 33 aber
1803 2602 62 21 von
1880 2592 109 31 seinem

1492 2640 117 32 Fenster
1624 2652 50 20 aus
1690 2641 124 42 gesehen
1831 2642 87 38 hatte,
1939 2644 51 31 das

1519 2702 61 21 war
1612 2691 50 32 das
1685 2692 106 31 Volk:
1833 2694 50 30 das
1906 2694 83 32 Volk

1574 2752 120 23 wartete
1716 2743 57 32 auf
1791 2744 197 33 Zarathustra.

2075 3195 0 0 1h
