2542 3362
616 311 39 25 ein
678 311 65 25 Werk
769 318 46 18 von
838 311 98 25 Gabriel
958 310 98 30 Mourey
1073 309 58 24 über
1150 308 106 32 engliflche
1280 308 83 31 Kunfl,

482 353 159 32 insbeflondere
659 352 39 24 die
715 351 210 30 Praeraphaelitm.

561 542 299 33 LITTERATUR,
883 540 222 32 THEATER,
1130 538 159 26 MUSIK

483 597 190 27 ([Literatur.])
690 598 28 25 O.
726 598 27 25 E.
760 597 140 26 Hartlebm:
916 595 191 26 Goethe-Brevier
1117 594 134 31 (München,
1265 593 98 31 Schüler,

483 638 72 32 1893),
579 639 114 30 „Goethes
713 638 73 24 Lehm
809 638 26 24 in
849 636 85 32 fleinm
1118 646 31 5 —
1167 634 49 23 Ad.
1234 633 61 30 Frey,
1317 633 47 24 Ein

482 677 145 33 Todtentanz-
645 692 34 3 —
694 678 91 31 Gufltav
799 676 71 25 Falke
885 674 130 32 „Zwiflchm
1032 673 60 33 zwei
1250 673 113 24 Gedichte.

481 717 42 25 Bei
541 717 74 25 Cotta.
627 732 35 2 —
679 717 30 25 O.
721 718 26 24 E.
759 716 127 25 Hartleben
903 715 97 31 „Meine
1133 712 42 24 Bei
1191 712 22 24 S.
1226 712 90 32 Fifdter.
1330 726 34 3 —

480 772 35 2 —
531 758 31 24 A.
581 758 108 31 Daudet,
711 758 33 24 La
762 756 71 31 petite
851 755 114 30 paroisse,
988 759 92 18 moeurs
1097 751 143 33 conjugales,
1262 752 100 25 Roman.

480 811 35 4 —
538 798 88 31 Holger
644 797 164 30 Drachmann,
832 793 109 27 Wieland
962 794 44 23 der
1025 791 113 31 Schmied,
1161 791 100 31 deulflehe
1281 792 69 24 Ueber-

473 838 109 31 fletzung.
606 850 34 4 —
665 837 45 24 Die
736 835 171 32 Ueberfletzung
929 839 46 17 von
999 832 69 24 Knut
1085 832 125 23 Hamsuns
1229 832 82 23 «Pan»
1329 831 36 25 bei

481 878 103 30 Langm,
601 877 76 23 Paris.
696 889 33 4 —
747 874 62 25 Paul
825 873 114 30 Hervuu,
957 872 161 30 L'Armature,
1136 871 101 25 Roman.

548 916 37 26 Zu
610 915 137 31 erwähnen,
772 915 26 23 in
822 914 47 23 den
892 911 193 30 Niederlanden,
1109 911 39 23 ein
1169 911 196 32 hervorragmder

481 956 95 25 Roman
590 956 42 24 des
646 955 72 24 Louis
734 954 129 29 Couperus,
880 950 121 33 Majefleit,
1015 950 51 24 eine
1078 950 95 26 Novelle
1184 952 40 23 des
1236 951 128 25 Marcellus

482 996 120 30 Ermants,
618 995 50 24 Eeti
684 993 130 31 nagelakm
825 991 138 25 Bekentmis
974 992 55 23 und
1043 989 39 25 ein
1094 990 154 31 Flandrifldies
1263 991 86 25 Kultur-

481 1036 51 24 bild
548 1042 46 17 von
613 1033 80 31 Cyriel
709 1032 85 32 Buyjfle,
813 1031 99 32 Surflum
930 1031 85 24 Corda.

549 1074 50 24 Von
622 1071 130 33 Nietzsches
772 1071 133 31 geplantem
932 1070 155 30 Hauptwerk,
1112 1071 45 23 der
1177 1071 188 32 „Umwerthung

480 1115 62 23 aller
696 1111 28 31 ifl
742 1111 44 24 das
802 1110 54 31 erfle
872 1109 74 25 Buch:
969 1111 44 23 der
1028 1109 133 33 Antührifl,
1185 1110 93 33 Verfluch
1298 1110 67 25 einer

485 1153 79 25 Kritik
585 1154 41 22 des
648 1151 174 31 Chriflmtums,
844 1149 134 32 erflchienm.
996 1165 33 1 —
1042 1150 50 31 Job.
1111 1150 91 31 Volkelt,
1220 1151 143 31 Aeflbetifldie

480 1193 133 30 Zeitfragm
632 1191 135 31 (München,
787 1190 66 31 Beck,
875 1190 73 32 1893),
963 1189 145 33 feinfinnige
1126 1190 98 24 Studien
1242 1191 58 23 über
1316 1192 46 22 den

480 1232 189 26 Naturalismus.
687 1245 33 3 —
737 1231 72 24 Konr.
828 1231 86 31 Lange,
935 1231 45 24 Die
996 1231 103 32 bewußte
1114 1231 197 32 Selbfltäufldtung
1326 1231 37 24 als

480 1272 66 24 Kern
568 1272 41 23 des
630 1270 175 33 künftleriflchm
827 1270 110 32 Gmufes
958 1270 114 33 (Leipzig,
1096 1270 50 25 Veit
1166 1271 27 24 Sr
1215 1270 47 31 Co.,
1282 1270 80 33 1893);

480 1312 72 24 darin
569 1312 45 24 der
623 1310 67 33 Satz:
715 1310 61 31 „Die
788 1310 78 32 Kunfl
880 1311 41 24 hat
936 1310 61 25 nicht
1007 1312 59 30 „das
1200 1311 161 31 darzuftellm,

473 1352 109 31 fondern
598 1350 37 33 fie
655 1352 41 23 hat
716 1352 87 24 Werthe
823 1358 13 25 z
837 1358 17 17 u
870 1351 115 33 fehaffm,
1009 1352 40 23 die
1071 1365 34 3 —
1119 1352 27 31 je
1167 1351 57 24 nach
1245 1352 47 23 dm
1309 1350 36 25 An-

472 1391 154 33 flehauungm
643 1392 44 24 der
703 1391 52 25 Zeit
769 1406 34 2 —
820 1392 45 24 dm
883 1391 58 33 Reiz
961 1396 45 20 der
1024 1392 121 31 Gewußten
1167 1391 197 31 Selbfltäuflchung

622 1430 6 34 ■
628 1446 32 3 —
671 1432 51 25 Für
737 1433 45 24 den
800 1432 70 32 März
887 1432 28 31 ift
930 1433 44 24 das
987 1431 134 32 Erflehänm
1138 1438 46 18 von
1201 1431 29 24 G.
1243 1430 118 25 Brandes'

480 1472 146 31 Shakspeare,
644 1472 93 32 damfeh
753 1474 54 22 und
820 1472 96 32 deutflcb,
935 1472 170 31 angekündigt.
1121 1485 33 3 —
1169 1471 35 24 Im
1223 1470 80 25 Verein
1315 1471 49 29 für

474 1513 74 30 freies
566 1513 135 30 Schrifttum
722 1514 94 23 werdm
838 1512 131 30 demnach/}
984 1512 106 24 Romane
1110 1518 47 17 von
1175 1510 90 30 Guflav
1284 1510 77 30 Falke,

478 1553 35 24 M.
532 1553 29 25 G.
580 1552 98 25 Conrad
698 1554 55 23 und
775 1552 28 25 O.
814 1552 22 31 J.
853 1552 127 24 Bierbaum
1002 1551 132 32 erflehänm.
1153 1564 33 3 —
1203 1550 35 24 M.
1254 1550 107 30 Maurer,

478 1593 204 32 Pflanzenformen
701 1593 125 31 (Dresdm,
851 1592 26 24 in
893 1592 54 30 Fol.,
967 1591 29 24 68
1013 1590 55 32 M.),
1086 1590 51 24 eine
1154 1590 135 31 Anleitung
1305 1596 55 25 zum

477 1632 124 33 Stilifieren
613 1634 44 23 der
667 1633 204 32 Fflanzmformm
883 1633 49 29 auf
941 1632 91 24 Grund
1042 1631 41 23 des
1087 1629 174 33 forgfältigßm
1271 1629 75 26 Natur-

472 1673 129 31 ftudiums.
613 1687 34 2 —
664 1673 28 24 In
709 1673 85 31 dieflem
805 1672 71 30 Jahre
894 1671 63 24 wird
974 1671 26 24 in
1011 1670 96 30 Belgien
1119 1670 89 23 wieder
1217 1669 90 24 einmal
1319 1670 44 23 der

475 1713 69 31 große
555 1713 62 30 fünf
618 1712 107 32 jährliche
742 1711 140 31 Staatspreis
899 1711 51 30 für
969 1711 43 23 das
1037 1709 55 31 befle
1114 1709 158 31 bettetrifliflcbe
1293 1709 67 30 Buch,

478 1752 27 24 in
522 1752 212 32 niederländiflcber
749 1750 94 32 Sprache
862 1751 25 23 in
904 1750 47 24 dm
964 1757 17 25 3
992 1750 88 30 Jabrm
1098 1755 58 24 1890
1157 1763 33 3 —
1191 1755 54 26 1893
1261 1750 99 30 'verfaßt,

477 1792 140 32 ausgegebm
629 1793 101 23 werden.
755 1791 62 25 Noch
828 1791 40 24 nie
875 1789 61 33 find
948 1790 26 23 in
988 1789 114 32 Vlämifch
1114 1789 95 31 Belgien
1227 1789 51 23 eine
1288 1789 73 31 Solche

477 1832 70 24 Reibe
563 1832 100 24 wirklid:
674 1831 171 32 künftteriflcber
858 1830 89 25 Bücher
962 1829 128 31 erflchienm
1102 1829 44 25 wie
1162 1829 26 23 in
1203 1829 75 31 diefler
1286 1830 60 29 fünf-

472 1871 110 32 jährigen
599 1871 107 25 Periode:
723 1871 107 25 Romane
847 1877 46 17 von
911 1869 113 25 Fräulein
1036 1869 105 30 Virginie
1154 1868 114 31 Loveling,
1283 1867 78 31 Cyriel

477 1911 89 32 Buyße,
588 1911 119 26 Reimond
727 1910 82 32 Styns,
831 1910 77 25 Isidor
924 1909 118 31 Tärlmck,
1064 1909 44 26 Dr.
1125 1909 30 23 de
1180 1908 52 30 Vos,
1256 1907 105 25 Gedieht-

471 1952 171 30 Jdmmlungm
659 1958 46 17 von
716 1951 50 31 Jan
784 1958 48 16 van
848 1949 193 33 Droogmbroeck,
1060 1949 82 24 Guido
1157 1949 97 31 Gezette,
1272 1947 44 24 Pol
1333 1948 28 23 de

477 1991 76 31 Mont,
566 1991 75 24 Hilda
650 1992 69 29 Rani,
731 1990 134 31 literariflehe
875 1990 171 31 Kritihfludien
1057 1996 47 17 von
1117 1988 61 25 Max
1186 1988 81 32 Roofles
1278 1987 83 32 u.fl.w.

476 2044 34 4 —
529 2032 47 23 Als
595 2031 114 31 „Edition
730 2032 34 22 du
782 2030 109 24 Mercure
912 2031 29 23 de
1086 2028 107 32 erscheint
1212 2028 34 24 im
1267 2027 95 25 Format

477 2076 24 18 18
518 2070 97 32 coquille
637 2071 27 23 in
683 2077 48 25 299
749 2070 155 31 Exemplarm
926 2070 52 24 eine
995 2069 155 32 Neuausgabe
1170 2076 47 16 von
1234 2067 127 31 „Gaflpard

477 2110 29 23 de
523 2110 25 24 la
674 2111 54 24 dem
748 2110 71 31 böcbft
831 2110 77 32 fleltm
928 2111 154 30 gewordmm
1106 2109 78 25 Werke
1205 2109 41 23 des
1267 2114 79 17 roman-

477 2148 80 32 tiflehen
580 2150 103 25 Dichters
704 2149 110 32 Aloyfius
834 2150 126 31 Bertrand,
982 2150 44 24 der
1046 2148 77 33 zuerfl
1142 2150 42 22 das
1206 2146 157 33 Proflagedicht

477 2188 27 24 in
516 2188 135 26 Frankreich
663 2189 123 30 einführte.
802 2186 39 33 —■
850 2189 84 25 Anton
946 2189 132 25 Bettelheim
1089 2188 105 31 kündigt
1203 2187 52 25 eine
1268 2186 82 25 Viertel-

472 2228 156 32 jahresfehrift
655 2230 72 23 unter
753 2230 55 23 dem
833 2228 56 25 Titel
916 2229 167 31 Biographifd)e
1109 2229 91 23 Blätter
1222 2234 40 24 an,
1289 2228 72 23 deren

479 2268 79 23 Inhalt
573 2268 56 24 reich
645 2275 31 25 zu
693 2270 94 23 werdm
799 2269 126 32 verflpricht.
944 2282 31 4 —
993 2269 38 24 En
1043 2269 81 30 Route,
1142 2269 44 22 der
1196 2275 60 16 neue
1267 2267 94 24 Roman

479 2313 48 17 von
541 2307 23 29 J.
582 2308 29 23 K.
629 2308 150 31 Huysmans,
802 2309 43 24 der
865 2308 52 25 eine
935 2308 149 33 Fortfletzung
1102 2315 47 17 von
1165 2308 100 24 La-Bas
1282 2306 77 30 bildet,

480 2346 27 29 ifl
522 2346 37 23 bei
575 2346 66 32 Treffe
653 2349 53 23 und
717 2348 65 24 Stock
801 2349 25 23 in
838 2349 70 24 Paris
925 2348 132 32 erflchienm.
1077 2361 30 3 —
1125 2347 32 25 St.
1169 2346 192 33 Przybyzewskis

480 2392 75 17 neuer
569 2386 93 25 Roman
870 2388 109 31 erfleheint
997 2388 36 24 bei
1049 2388 110 24 Fontane.
1195 2386 55 25 Sein
1267 2387 93 24 Drama

601 2426 28 30 ifl
637 2427 83 30 floeben
737 2429 116 22 vollmdet
869 2429 102 23 wordm.

479 2462 20 28 G
520 2463 110 26 Theater.
650 2464 20 27 3
688 2465 74 33 Ibfens
782 2467 162 31 Klein-Eyolf
961 2468 83 24 wurde
1064 2467 76 33 zuerß
1160 2467 26 24 in
1202 2465 159 32 Deutflehland

481 2504 91 30 (Berlin
593 2505 53 30 etc.)
667 2506 54 23 und
742 2507 68 23 dann
832 2507 44 31 erft
897 2508 26 23 in
945 2507 142 32 Chrifltiania
1108 2506 142 32 aufgeführt.
1273 2519 31 4 —
1322 2506 38 24 Fr.

480 2543 98 31 Coppee,
602 2545 65 23 Pour
687 2545 25 23 la
736 2552 127 25 couronne,
887 2547 94 24 Drama
1005 2548 25 23 in
1047 2554 17 25 3
1085 2547 78 24 Akten
1188 2545 114 33 (Odeon).
1326 2560 34 3 —

472 2584 68 30 Jules
556 2583 120 31 Ixmaitre,
697 2584 67 31 Läge
784 2585 96 32 difficile
898 2586 138 32 (Gymnase,
1058 2587 44 24 mit
1118 2586 105 25 Antome
1243 2587 55 24 und
1317 2587 44 23 der

472 2622 93 32 Judic).
584 2636 31 3 —
634 2623 108 32 Derflelbe,
754 2624 29 24 Le
791 2626 94 29 pardon
897 2625 26 31 (1
928 2626 77 25 beätre
1016 2627 121 30 Francais,
1153 2627 46 23 mit
1208 2628 44 23 der
1261 2626 97 31 Bartet).

478 2677 34 3 —
528 2662 96 32 Figaros
641 2662 107 32 Hochzeit
767 2671 46 17 von
831 2665 92 31 Mozart
942 2667 82 23 wurde
1043 2673 41 17 am
1105 2672 31 18 12.
1154 2667 61 23 Febr.
1233 2667 34 23 im
1284 2667 57 23 Mün-

478 2702 69 25 chner
562 2701 199 33 Refidmztbeater
776 2703 34 24 im
827 2704 181 30 Rokokokoflüm
1022 2706 102 31 gegebm,
1143 2706 46 24 mit
1204 2707 43 23 der
1262 2704 97 28 Ternina

479 2744 55 23 und
546 2743 76 24 Gura.
640 2755 34 4 —
691 2742 136 31 Mascagnis
839 2743 134 31 Guglielmo
984 2745 99 32 Rateliff
1095 2747 82 23 wurde
1193 2746 25 24 in
1233 2747 43 23 der
1289 2746 70 24 Scala

478 2790 32 25 ZU
527 2783 116 24 Mailand
659 2788 40 18 am
716 2783 33 22 16.
761 2782 61 24 Febr.
840 2789 57 25 zum
914 2783 71 31 erftm
996 2784 55 24 Mal
1067 2786 142 30 ausgeführt.
1227 2799 34 3 —
1277 2786 82 31 Kleifts

478 2821 140 33 Pmtbefilea
632 2822 48 32 foll
699 2822 49 29 auf
761 2822 53 23 dem
835 2822 95 24 Wiener
945 2824 151 30 Burgtheater
1112 2825 26 23 in
1155 2826 43 22 der
1216 2825 129 24 Wilbrandt-

480 2863 72 31 fehm,
574 2863 26 24 in
618 2861 117 25 München
758 2861 56 32 (mit
831 2861 72 25 Clara
921 2862 100 31 Zügler)
1040 2864 26 23 in
1083 2865 43 22 der
1141 2864 156 32 Bearbeitung
1311 2872 47 16 von

477 2904 65 25 Rud.
561 2904 77 24 Gmee
659 2903 89 24 wieder
766 2902 137 31 aufgeführt
921 2904 102 23 wordm.
1044 2917 33 4 —
1098 2904 51 24 Für
1162 2904 68 25 Ende
1246 2905 70 32 März
1332 2904 28 32 ift

1444 307 40 25 die
1505 307 160 32 Auffülnung
1686 313 47 17 von
1754 306 140 32 Smareglias
1914 306 151 31 Iflrianifleher
2084 305 108 33 Hochzeit
2207 305 25 23 in
2253 300 68 33 Trieft,

1444 347 46 24 mit
1504 348 44 23 der
1558 346 145 31 Bettincioni,
1721 346 170 32 angekündigt.
1908 359 34 3 —
1958 345 50 24 Am
2024 351 30 26 13.
2066 345 61 25 Febr.
2140 351 88 25 errang
2237 343 72 24 Suder-

1443 394 89 17 manns
1549 386 102 31 Heimat,
1670 387 72 23 unter
1757 387 54 23 dem
1829 384 58 26 Titel
1903 385 99 32 Magda,
2020 385 34 24 im
2070 382 255 35 Rmaiflflance-Tbeater

1443 433 32 25 Zu
1492 426 77 30 Paris,
1587 426 67 24 dank
1671 427 54 23 dem
1742 426 197 31 ausgezeidmetm
1956 425 63 30 Spiel
2035 426 44 23 der
2094 424 75 26 Sarah
2185 421 136 30 Bernhardt,

1444 466 68 23 einen
1529 466 219 23 bemerkenswertm
1766 466 86 31 Erfolg.
1871 479 33 3 —
1921 465 139 31 Ediegarays
2076 464 138 32 vieraktiges
2231 464 92 25 Drama

1444 505 68 30 „Der
1522 505 71 31 Fleck,
1612 506 44 23 der
1778 505 28 28 iß
1821 505 26 23 in
1859 505 101 23 Madrid
1970 505 44 29 auf
2015 505 92 31 geführt
2117 505 102 23 worden.
2231 517 33 4 —
2275 501 49 26 Am

1444 551 30 26 13.
1492 545 71 32 März
1580 545 83 23 wurde
1682 544 34 24 im
1733 544 96 24 Theätre
1850 545 29 23 de
1895 544 110 24 l'Oeuvre
2026 551 26 17 m
2073 544 70 25 Paris
2159 541 164 28 Maeterlincks

1444 585 68 24 Ende
1537 590 59 26 1894
1619 584 150 32 erfehienmes
1795 584 70 25 Stück
2059 584 26 24 in
2110 583 155 33 vorzüglicher
2285 582 25 24 In-

1443 624 142 32 szmierung
1610 624 143 31 aufgefüM.
1791 624 52 24 Der
1865 623 93 25 Dichter
1983 624 97 30 wohnte,
2110 625 72 24 unter
2204 625 47 23 dm
2276 621 32 25 Zu-

1437 664 115 31 flehauern
1572 664 130 31 verborgm,
1723 665 44 22 der
1784 664 164 30 AufSührung
1967 663 41 24 bei.
2031 677 34 4 —
2088 664 67 24 Ende
2171 664 72 29 April
2263 660 61 27 wird

1443 704 77 31 Ibflens
1743 705 48 29 auf
1804 704 128 31 demfelben
1949 703 96 24 Theater
2057 704 98 31 gegebm
2172 704 101 23 werdm.
2291 713 31 6 —

1443 744 61 24 Max
1520 743 74 25 Halbe
1614 743 63 24 wird
1697 743 130 31 demnächft
1842 743 56 32 flein
1918 750 71 18 neues
2010 743 94 25 Drama
2120 743 71 31 „Das
2214 741 95 32 tausend-

1437 783 94 31 jährige
1666 784 117 24 vollmdet
1807 783 79 25 habm.
1917 797 33 3 —
1976 783 100 26 Richard
2099 783 98 25 Dehmel
2221 783 40 24 hat
2283 781 39 24 ein

1444 824 92 23 Drama
1553 824 69 30 „Der
1805 824 123 23 vollmdet.

1444 861 20 27 C
1481 862 87 25 Musik.
1588 862 20 27 3
1628 864 51 23 Das
1695 863 352 31 Ridiard-Wagner-Mufleum
2065 863 62 23 wird
2143 863 57 23 nach
2216 859 107 35 Eiflenaeh

1443 903 121 30 kommen;
1586 903 128 30 Kaufpreis
1731 908 88 27 83,000
1836 903 35 24 M.
1889 916 34 3 —
1942 903 67 24 Peter
2024 903 92 30 Benoit,
2135 903 43 23 der
2198 900 111 28 National-

1442 942 128 31 komponift
1588 942 235 32 Vlämiflch-Belgiens
1840 942 94 25 arbeitet
1949 949 34 17 an
2000 949 65 17 mner
2082 941 68 32 Oper,
2168 942 71 24 denn
2257 940 52 26 Dich-

1443 983 66 30 tung,
1527 982 143 32 „PrinzeSSin
1682 981 191 32 Sonnmflcbein"';
1890 989 46 17 von
1954 981 42 25 Pol
2012 982 30 23 de
2058 981 72 24 Mont
2144 981 112 25 herrührt.
2291 980 34 24 Er

1442 1022 66 32 hofft,
1524 1021 38 31 fie
1583 1022 81 24 bereits
1685 1022 33 24 im
1740 1021 56 25 Mai
1814 1028 14 25 z
1829 1029 16 17 u
1866 1021 131 32 bemdigm.
2032 1021 55 25 Sein
2110 1021 100 32 lyriflches
2230 1022 92 24 Drama

1603 1061 68 32 (nach
1688 1063 54 23 dem
1758 1062 157 31 Bulwerflchm
1932 1061 105 31 Roman)
2055 1062 28 30 ifl
2098 1061 111 32 berndigt.

1766 1138 19 18 *
1873 1151 19 18 *
1980 1138 20 18 *

1711 1212 343 27 VERSCHIEDENES

1509 1269 51 24 Der
1572 1269 70 31 große
1657 1269 120 30 Rompreis
1789 1269 27 30 iß
1830 1275 45 17 von
1891 1269 44 24 der
1947 1269 93 32 Parifer
2051 1269 201 30 Kunflakademie
2267 1268 42 30 auf-

1438 1308 100 32 gehoben
1555 1309 103 24 worden.
1692 1308 119 25 Demnach
1829 1308 62 24 wird
1907 1316 23 17 es
1946 1308 138 32 künftigbin
2104 1310 47 22 den
2168 1309 153 30 prämiierten

1442 1348 127 31 Künfllern
1578 1347 148 26 Frankreichs
1734 1347 170 32 geflattetflein,
1912 1347 48 33 fid)
1971 1356 31 24 zu
2013 1349 61 24 Hörer
2084 1349 239 30 Vervollkommnung

1441 1395 34 17 an
1492 1389 46 23 den
1554 1387 46 25 Ort
1614 1395 13 25 z
1628 1395 16 17 u
1662 1387 101 32 begeben,
1781 1389 44 23 der
1840 1388 70 24 ihnm
1922 1390 49 28 für
1986 1389 38 23 ihr
2039 1388 79 24 Tälmt
2132 1390 44 23 der
2187 1389 134 32 geeignetfle

1441 1428 113 32 erfleheint.
1583 1428 47 23 Ein
1642 1427 80 24 Schritt
1736 1428 80 23 weiter
1829 1434 46 26 zur
1885 1429 182 32 Emanzipation
2081 1435 47 17 von
2140 1429 44 24 der
2193 1429 127 24 Schablone.

1441 1481 34 3 —
1483 1468 52 24 Der
1544 1468 101 29 deutsche
1654 1468 83 31 Kaifler
1747 1468 41 23 hat
1794 1468 130 31 anfleinem
1934 1468 152 32 Geburtstage
2097 1468 117 32 beftimmt,
2227 1469 48 32 daß
2282 1468 40 24 die

1441 1507 135 32 Siegesattee
1587 1507 37 24 als
1638 1507 69 24 einen
1719 1507 134 25 bleibmden
1865 1507 177 32 Eltrenflchmuck
2051 1509 50 29 Sür
2112 1509 39 23 die
2163 1509 93 30 Haupt-
2268 1508 54 25 und

1441 1546 180 33 Refidenzftadt
1640 1548 39 24 die
1697 1547 251 31 Mannorftandbilder
1967 1550 44 22 der
2025 1548 94 31 Fürflm
2136 1549 184 31 Brandmburgs

1442 1588 54 23 und
1507 1588 119 30 Preußms
1640 1588 54 23 und
1710 1587 73 24 neben
1800 1588 70 23 ihnen
1887 1589 39 22 die
1938 1588 130 23 Bildwerke
2079 1589 28 30 je
2123 1588 64 24 eines
2198 1589 49 29 für
2254 1589 67 31 fleitu

1441 1627 50 23 Zeit
1502 1627 120 31 befonders
1633 1627 214 32 charakteriftifldien
1858 1628 110 31 Mannes,
1979 1628 39 31 fei
2028 1634 23 18 es
2062 1628 89 30 Soldat,
2166 1628 155 25 Staatsmann

1441 1668 58 23 oder
1508 1667 96 31 Bürger,
1622 1668 26 23 in
1657 1667 182 30 fortlaufender
1848 1667 69 26 Reibe
1932 1667 102 24 erbalten
2042 1668 54 31 flott,
2114 1674 47 25 zur
2170 1668 153 32 Darflettung

1441 1707 480 31 derEntwickelungdervaterländifchm
1928 1707 121 31 Geflcbidite
2056 1715 45 16 von
2109 1709 42 22 der
2158 1709 164 29 Begründung

1440 1748 45 23 der
1494 1747 71 24 Mark
1577 1747 173 31 Brandenburg
1764 1747 36 24 bis
1815 1755 46 24 zur
1872 1747 244 31 Wuderaufridrtung
2129 1748 40 23 des
2180 1747 96 24 Reiches.
2289 1760 32 4 —

1441 1787 47 24 Die
1506 1787 137 31 Sdienkung
1662 1788 44 23 der
1722 1787 144 32 Sammlung
1882 1787 140 31 Caillebolte,
2045 1787 71 23 durdt
2133 1787 78 24 weldoe
2228 1787 79 32 weflmt-

1440 1827 54 23 liehe
1511 1827 91 24 Lückm
1620 1828 40 23 des
1676 1827 169 32 Luxembourg,
1864 1827 138 24 namentlich
2021 1827 26 23 in
2063 1827 80 32 Bezug
2157 1827 49 30 auf
2219 1827 39 24 du
2276 1827 30 24 Im-

1438 1866 162 32 prejfioniften,
1618 1868 131 30 ausgefüllt
1764 1868 95 24 werden
1875 1867 102 31 könnm,
1995 1866 29 26 ifl
2036 1873 48 18 von
2098 1868 44 23 der
2151 1866 169 33 franzöfifehen

1442 1907 228 31 Kunflverwaltung
1676 1914 171 24 angenommm
1857 1908 101 29 wordm,
1971 1906 53 25 doch
2034 1906 61 25 wird
2098 1905 37 33 fie
2144 1914 78 24 wegm
2230 1908 73 24 Raum-

1441 1947 106 31 mangels
1549 1948 59 29 fürs
1615 1947 61 30 Erfle
1685 1947 53 23 noch
1746 1947 61 24 nicht
1813 1948 130 31 ausgeßellt
1949 1948 101 23 werdm.
2057 1961 34 3 —
2098 1947 49 24 Seit
2153 1947 102 25 Oktober
2261 1953 59 25 1894

1440 1987 109 31 erfleheint
1559 1987 25 24 in
1596 1987 76 31 Paris,
1689 1993 24 24 9,
1731 1993 43 18 rue
1785 1988 29 23 de
1827 1987 125 31 Varmnes,
1969 1987 37 24 als
2017 1987 228 32 Dreimonatsfchrift
2256 1988 27 24 in
2293 1994 16 24 4
2311 1989 11 10 0

1441 2027 153 31 L'Ymagier,
1607 2026 51 25 eine
1670 2026 288 32 hünftleriflch-literarifldeie
1968 2027 150 25 Publikation
2129 2028 107 31 vonflehr
2245 2027 61 25 merk-

1441 2066 130 32 würdigem
1582 2066 133 25 Charakter.
1740 2067 47 24 Die
1799 2066 81 25 beidm
1891 2067 163 30 vorliegmdm
2062 2067 69 30 Heflte
2141 2067 113 31 (Oktober
2261 2073 58 25 1894

1442 2106 223 32 undjanuartß93)
1674 2106 92 24 machen
1773 2108 46 22 dm
1826 2107 121 24 Eindruck
1955 2114 46 16 von
2008 2107 255 25 Raritätenkabinetten
2272 2108 47 23 voll

1441 2147 44 23 der
1503 2147 201 31 abflonderliehftm
1725 2147 63 23 alten
1806 2148 54 22 und
1880 2153 77 18 neum
1974 2147 155 32 Curiofitäten
2149 2147 171 33 hünftleriflcber

1440 2186 54 24 Art.
1521 2186 46 25 Vor
1576 2187 80 24 Allem
1663 2185 62 33 find
1736 2193 23 18 es
1770 2187 45 24 alte
1827 2187 164 32 Holzflchnitte,
2007 2187 39 24 die
2059 2187 46 24 wir
2115 2187 25 24 in
2152 2187 84 32 Menge
2239 2188 78 31 flehm.

1440 2226 51 24 Das
1501 2226 54 31 erfle
1566 2226 176 31 Heftfammelt
1750 2226 152 25 vornehmlich
1909 2227 81 31 flolche,
2006 2228 39 23 die
2057 2228 38 24 die
2108 2227 211 32 Leidensgeflchidtte

1441 2265 85 31 Chrifti
1543 2273 56 23 zum
1621 2267 121 29 VorwurSe
1762 2267 73 23 haben
1856 2268 53 22 und
1927 2267 64 31 giebt
2003 2268 87 28 ferner
2108 2267 51 24 eine
2180 2268 64 24 Serie
2261 2268 58 31 „Les

1441 2305 122 24 Cavaliers
1604 2306 39 24 Da
1646 2306 71 24 nehm
1725 2306 143 24 wunderlich
1874 2307 177 32 arehaifiermde
2055 2307 110 24 Arbeitm
2174 2315 46 17 von
2227 2308 89 32 Filiger,

1440 2346 76 23 Emile
1532 2346 109 24 Bernard
1656 2346 41 24 etc.
1731 2345 53 25 Text
1802 2353 46 17 von
1865 2346 73 31 Remy
1957 2348 30 23 de
2007 2347 136 24 Gourmont
2162 2349 54 23 und
2231 2348 88 31 AlSred

1433 2384 78 31 Jarry.
1528 2399 35 3 —
1579 2386 47 24 Die
1643 2384 79 33 zweite
1736 2385 129 32 Lieferung
1880 2386 74 24 erhält
1969 2386 38 25 ihr
2018 2386 105 32 Gepräge
2140 2394 46 18 von
2204 2387 113 33 indifchm

1439 2425 182 31 HolzJchnittm.
1651 2425 79 25 Neben
1745 2425 70 25 ihnm
1825 2427 80 29 Sallm
1915 2427 163 30 hauptsächlich
2092 2427 59 32 zwei
2166 2428 71 23 bunte
2248 2427 56 30 Holz-

1432 2465 99 31 flchnitte
1551 2465 26 24 in
1598 2466 45 23 der
1657 2465 51 24 Art
1726 2466 84 31 unflrer
1825 2466 169 30 Neuruppiner
2008 2467 152 32 Bilderbogm
2182 2468 51 29 auf.
2268 2467 51 24 Der

1439 2505 52 24 eine
1501 2506 65 30 fltettt
1582 2506 40 23 die
1634 2505 98 24 Schlacht
1748 2505 35 23 bei
1799 2506 46 24 dm
1858 2506 148 32 Pyramiden,
2024 2508 44 23 der
2083 2508 89 24 andere
2184 2507 39 24 ein
2237 2506 67 26 Wirts-

1439 2545 126 32 bausSchild
1581 2546 51 30 dar,
1651 2546 48 30 auf
1710 2546 54 23 dem
1776 2546 69 31 gutes
1856 2546 149 32 Märzmbier
2014 2546 93 31 (Bonne
2118 2547 66 24 Biere
2196 2549 29 22 de
2237 2544 79 32 Mars)

1438 2585 122 32 angezeigt
1570 2585 68 24 wird.
1664 2584 57 25 Sehr
1734 2585 132 31 intereffant
1870 2585 63 32 find
1946 2587 40 24 die
1998 2587 110 24 Arbeitm
2122 2594 46 17 von
2179 2587 32 24 A.
2223 2586 93 31 Seguin,

1438 2626 54 24 eine
1501 2626 271 31 Originalzinkographie
1785 2627 54 23 und
1848 2626 39 23 ein
1897 2626 151 32 Holzjehnitt.
2066 2627 46 23 Als
2120 2626 195 24 Excmtricitätm

1439 2673 31 26 ZU
1483 2673 108 17 nennm:
1609 2666 51 23 Der
1670 2666 78 31 Krieg,
1764 2666 201 32 Federzeichnung
1974 2666 49 29 auf
2030 2666 54 23 dem
2096 2666 77 24 Steine
2184 2673 46 17 von
2241 2662 77 27 Hmri

1438 2707 114 31 Rouffeau
1570 2706 54 24 und
1642 2705 59 33 zwei
1716 2705 162 33 Zeichnungm
1896 2713 25 17 m
1938 2706 115 32 derflelbm
2071 2705 89 26 Technik
2177 2713 45 17 von
2239 2705 28 25 R.
2286 2704 30 23 G.

1439 2748 55 23 und
1505 2746 30 24 A.
1543 2746 31 30 f.,
1592 2746 40 24 die
1648 2745 52 24 eine
1716 2745 52 24 eine
1781 2745 188 32 Verkündigung
1984 2746 146 30 darflettend,
2149 2745 112 25 wältrmd
2277 2743 39 24 die

1438 2787 89 23 andere
1543 2787 46 22 den
1605 2785 55 24 Titel
1676 2785 210 31 Ceflar-Anteehrifl
1895 2785 77 32 führt,
1990 2799 34 4 —
2040 2787 50 22 Das
2106 2786 127 32 Einzelheft
2248 2782 69 33 koftet

1435 2832 55 27 3,30
1502 2827 66 30 frcs.,
1587 2826 43 23 der
1634 2826 226 32 Jäbresbezugspreis
1872 2826 89 31 beträgt
1970 2827 50 29 für
2035 2826 38 24 die
2088 2825 151 32 gewöhnliche
2250 2823 49 25 Aus-

1435 2866 59 32 gabe
1506 2872 26 18 12
1540 2867 94 29 francs.
1651 2860 40 38 —•
1701 2866 47 24 Die
1760 2866 75 32 Pflege
1849 2865 66 24 einer
1928 2865 228 33 hunftgewerblidom
2169 2865 54 24 und
2236 2860 67 32 kunfl-

1438 2905 137 32 hiftoriflehm
1593 2905 136 32 Spezialität
1747 2906 41 24 hat
1798 2906 49 31 fieh
1868 2914 55 25 zum
1940 2906 62 25 Ziele
2019 2907 84 31 gefetzt
2118 2906 39 25 die
2174 2900 143 36 „Zeitfchriflt

1473 3095 0 0 46
