3477 4417
1746 225 63 47 14

255 379 65 41 set
348 388 80 32 uns
759 367 242 63 entspricht
1022 367 85 47 den
1131 367 178 47 Chören
1337 363 81 48 der
1436 366 175 62 Jünger
1633 379 43 32 u.
1699 378 33 32 s.

255 463 56 32 w.
339 448 42 46 in
409 446 78 47 der
508 444 180 49 Passion
717 440 89 49 und
829 442 150 47 macht
1006 442 77 45 mit
1108 440 144 47 seiner
1272 438 464 56 charakteristischen,

256 538 108 48 ganz
405 518 307 63 selbstständig
753 517 235 63 gehenden
1021 515 291 49 malerischen
1340 514 269 64 Begleitung
1649 512 87 48 den

254 597 227 49 Eindruck
503 594 224 62 freudiger
748 593 376 62 Ueberraschung
1152 590 91 49 und
1271 590 339 63 sehnsüchtiger
1623 589 113 47 Eile.

255 675 91 45 Das
369 670 202 65 folgende
595 668 343 48 Bass-Recitativ
969 673 237 40 antwortet
1233 665 84 47 den
1338 665 113 47 nach
1475 663 264 48 Gewissheit

254 745 324 65 verlangenden
606 745 158 47 Hirten
795 743 90 47 und
910 740 247 50 verkündet
1183 741 42 46 in
1255 740 257 47 erhabenen
1540 739 166 63 prophe-

254 824 165 47 tischen
449 823 195 47 Worten
684 819 90 47 und
815 819 250 63 geweihten
1106 816 156 49 Tönen
1303 815 77 48 das
1423 814 314 49 Gnadenwerk

254 899 75 47 des
357 898 252 48 Heilandes.
664 896 58 46 So
763 895 119 46 leitet
922 909 44 32 es
1006 893 111 47 über
1143 910 51 30 zu
1224 891 102 47 dem
1354 908 182 47 grossen
1568 890 164 47 Choral

254 974 78 47 der
360 971 265 50 Gemeinde:
665 970 117 55 „Uns
810 970 113 46 allen
952 969 78 45 hat
1058 984 48 29 er
1514 966 49 46 In
1592 965 143 47 einem

251 1050 290 62 Zwiegesang
569 1046 216 48 zwischen
807 1046 174 62 Sopran
1006 1042 87 47 und
1117 1045 108 46 Bass
1248 1042 111 49 wird
1380 1042 120 47 dann
1522 1041 78 47 das
1623 1041 84 47 Ver-

252 1125 141 47 dienst
433 1124 75 47 des
550 1124 202 45 Erlösers
792 1136 82 31 von
924 1119 159 48 beiden
1111 1119 184 47 Theilen
1338 1117 80 47 der
1458 1116 278 48 Menschheit

251 1200 113 47 noch
393 1199 153 47 weiter
573 1197 242 64 gepriesen.
853 1196 94 46 Aus
976 1194 79 47 der
1084 1194 234 63 folgenden
1347 1192 361 64 Evangelien-Rc-

251 1277 193 54 citation,
473 1275 69 47 die
570 1274 77 47 mit
669 1272 83 47 den
777 1272 194 46 Worten
1001 1268 156 49 endet:
1197 1268 129 56 „Und
1346 1270 145 47 Maria
1512 1268 221 63 bewegte,

251 1369 92 30 was
369 1352 61 46 sie
458 1350 174 63 gehört,
659 1348 43 46 in
730 1347 140 46 ihrem
1173 1345 132 48 fliesst
1345 1345 71 47 die
1456 1343 150 64 innige
1634 1345 97 47 Alt-

249 1429 130 46 Arie:
433 1426 254 55 „Schliesse,
729 1422 114 47 mein
872 1423 160 52 Herze,
1074 1421 92 47 dies
1206 1422 134 62 selige
1672 1420 63 47 als

250 1503 95 46 eine
374 1501 215 48 herzliche
616 1496 339 65 Aufforderung
997 1514 54 30 an
1093 1497 69 47 die
1192 1495 244 49 Gemeinde
1463 1511 100 31 zum
1595 1495 110 47 Glau-

250 1577 86 48 ben
364 1577 90 47 und
481 1592 98 31 zum
604 1576 198 46 Genüsse
823 1573 144 47 seiner
989 1573 208 47 Früchte.
1227 1573 49 47 In
1304 1572 86 47 den
1413 1569 160 49 beiden
1597 1571 108 47 näch-

249 1661 92 41 sten
369 1652 249 48 Nummern
646 1649 113 49 wird
786 1649 80 47 der
894 1648 340 64 Aufforderung
1260 1648 78 48 das
1366 1647 239 48 Gelöbniss
1636 1647 73 46 hin-

247 1729 230 64 zugefügt,
506 1735 88 40 erst
614 1726 318 48 recitativisch:
971 1727 96 53 „Ja,
1089 1726 64 62 ja,
1182 1726 117 45 mein
1323 1726 118 45 Herz
1468 1724 81 46 soll
1578 1738 45 31 es
1655 1722 51 48 be-

527 1803 115 47 dann
692 1803 43 46 in
776 1817 198 48 grossem
1014 1802 188 47 Choral:
1256 1801 100 54 „Ich
1395 1799 87 46 will
1519 1798 97 47 dich
1656 1798 80 47 mit

247 1881 136 47 Fleiss
733 1877 86 47 Die
840 1877 162 47 Hirten
1030 1876 169 48 kehren
1225 1876 183 54 zurück,
1439 1873 90 48 und
1552 1873 68 48 die
1646 1873 58 47 Ge-

247 1956 174 48 meinde
461 1956 166 47 stimmt
667 1954 69 47 ein
777 1953 43 46 in
861 1953 70 46 ihr
962 1952 99 48 Lob
1092 1953 152 47 Gottes
1285 1952 79 47 mit
1404 1949 103 48 dem
1539 1950 193 47 Choral:

259 2032 128 57 „Seid
595 2030 79 47 der
696 2030 42 46 in
758 2029 166 47 seinem
954 2029 342 64 ungewöhnlich
1323 2028 136 47 freien
1482 2027 253 63 Rhythmus

247 2108 317 63 vorzugsweise
593 2105 242 65 Festigkeit
874 2104 91 48 und
1006 2105 249 47 Sicherheit
1294 2104 91 47 und
1413 2102 316 64 Siegesfreude

249 2183 254 51 ausdrückt.

358 2262 94 45 Der
498 2259 133 47 vierte
673 2257 126 47 Theil
839 2257 200 47 schliesst
1070 2273 91 31 nun
1202 2255 87 47 den
1331 2272 195 47 engeren
1568 2255 132 49 Weih-

247 2335 339 64 nachts-Cyklus
627 2331 88 58 (die
760 2331 161 49 beiden
967 2333 157 47 letzten
1167 2331 212 47 beziehen
1418 2331 91 47 sich
1553 2331 81 47 auf
1656 2330 79 50 das

245 2411 352 64 Dreikönigsfest
636 2409 90 47 und
768 2409 178 47 können
988 2425 71 31 am
1100 2409 254 47 leichtesten
1383 2408 117 47 ohne
1528 2408 207 48 Schaden

246 2488 75 48 des
368 2489 177 47 Ganzen
594 2486 268 64 abgetrennt
908 2483 226 66 werden);
1183 2485 83 47 alle
1313 2484 121 47 seine
1479 2485 254 46 Nummern

244 2565 194 47 drücken
462 2564 141 47 daher
630 2563 77 47 das
730 2561 166 49 Gefühl
927 2561 143 49 hoher
1091 2560 180 48 Freude
1294 2560 90 48 und
1406 2561 179 64 innigen
1606 2563 95 45 Dan-

245 2640 74 48 kes
348 2657 78 30 aus
456 2639 86 48 und
571 2638 85 48 den
687 2638 136 47 festen
846 2638 200 57 Vorsatz,
1077 2638 143 47 fortan
1249 2654 86 31 nur
1361 2636 109 56 ihm,
1500 2636 101 47 dem
1624 2638 82 45 Hei-

246 2715 142 57 lande,
435 2734 51 29 zu
528 2715 142 48 leben.
725 2714 124 47 Nach
895 2712 102 49 dem
1045 2729 185 48 grossen
1277 2712 454 64 Einleitungs-Chor:

255 2794 141 53 „Fallt
437 2794 77 45 mit
548 2791 205 52 Danken,
796 2790 91 47 fallt
928 2789 79 48 mit
1368 2789 247 48 verkündet
1655 2789 78 48 das

245 2869 132 47 kurze
402 2867 308 65 Evangelium,
752 2866 97 47 dass
891 2865 78 48 das
1009 2865 211 48 Kindlein
1262 2865 85 48 den
1388 2866 176 47 Namen
1602 2866 130 47 Jesus

246 2945 184 65 (Retter)
462 2946 197 47 erhalten
689 2942 130 49 habe.
874 2944 121 45 Alles
1025 2942 231 64 Folgende
1298 2942 54 47 ist
1392 2942 241 64 gleichsam
1663 2942 70 47 die

242 3021 339 65 Interpretation
611 3019 89 49 und
721 3017 301 66 Anwendung
1050 3019 75 47 des
1148 3020 211 46 Namens.
1387 3020 161 46 Zuerst
1568 3019 167 63 spricht

244 3097 90 49 dies
374 3099 96 47 eine
496 3096 284 50 Basstsimme
813 3096 44 46 in
886 3095 101 48 dem
1032 3111 183 47 grossen
1249 3095 239 48 Recitativ:
1542 3096 159 55 „Imma-

434 3190 94 41 aus,
571 3173 78 46 mit
689 3171 212 48 welchem
938 3172 90 47 sich
1059 3172 98 47 eine
1186 3171 354 65 Sopranstimme
1568 3171 42 47 in
1641 3172 69 46 ein-

245 3251 148 47 zelnen
432 3248 326 64 choralartigen
782 3250 154 45 Sätzen
976 3247 245 48 verbindet.
1271 3250 94 44 Das
1394 3247 214 47 Recitativ
1637 3255 72 40 ent-

246 3327 163 64 spricht
447 3327 43 46 in
533 3325 244 48 feierlicher
810 3323 182 50 Würde
1027 3323 92 49 und
1157 3322 327 50 hinreissender
1512 3323 224 65 Innigkeit

246 3401 99 48 dem
392 3402 277 48 erhabenen:
727 3401 112 56 „Am
870 3400 176 57 Abend,
1088 3400 56 48 da
1181 3416 44 32 es
1261 3401 137 46 kühle
1655 3401 80 47 der

247 3478 440 47 Matthäus-Passion.
716 3477 84 46 Die
823 3477 277 55 Gewissheit,
1129 3476 100 48 dass
1256 3494 90 30 nun
1376 3476 70 47 die
1475 3476 256 48 Schrecken

247 3553 75 48 des
352 3553 143 48 Todes
522 3552 345 49 verschwunden
896 3553 135 56 seien,
1060 3552 160 48 drückt
1247 3553 98 47 eine
1373 3553 356 65 Sopranstimme

246 3629 42 49 in
319 3631 120 47 einer
467 3629 107 47 Arie
602 3645 91 40 aus,
734 3628 42 47 in
806 3629 193 59 Fragen,
1041 3627 70 48 die
1148 3629 61 47 sie
1237 3629 90 46 sich
1356 3628 137 48 selbst
1521 3646 79 30 aus
1630 3629 101 47 dem

1663 3689 19 13 \

244 3706 169 48 Munde
442 3706 76 47 des
546 3704 239 49 Heilandes
813 3704 308 50 beantwortet.
1164 3708 92 46 Das
1284 3706 142 55 Echo,
1456 3707 79 47 das
1564 3706 97 48 hier
1689 3707 43 47 in

244 3782 411 65 geistreich-naiver
684 3781 154 48 Weise
866 3781 268 64 angewandt
1173 3782 68 56 ist,
1282 3782 218 47 verstärkt
1538 3783 85 46 wie
1663 3782 70 48 die

242 3861 190 47 Stimme
461 3858 118 48 eines
608 3857 335 48 antwortenden
970 3859 166 63 Engels
1164 3858 121 48 diese
1312 3859 270 49 Zuversicht.
1615 3861 120 48 Wer

241 3937 119 47 diese
377 3935 259 47 Echo-Arie
664 3934 42 47 in
734 3933 222 65 tüchtiger
978 3935 287 64 Darstellung
1286 3935 162 64 gehört
1469 3937 94 54 hat,
1592 3952 137 42 muss,

240 4012 214 64 ergriffen
482 4028 83 29 von
594 4009 78 48 der
692 4009 241 50 Wahrheit
961 4009 88 47 und
1070 4012 327 47 Natürlichkeit
1423 4012 77 47 des
1521 4012 211 58 Effectes,

232 4088 135 64 jeden
397 4087 247 50 Gedanken
674 4103 53 31 an
758 4085 212 66 Spielerei
999 4085 266 51 verbannen.
1303 4090 95 46 Der
1426 4089 306 50 musicalische

1810 360 212 50 Gedanke
2044 362 55 47 ist
2117 377 48 32 so
2188 359 171 66 gesund
2389 360 90 47 und
2500 362 55 47 ist
2580 377 49 32 so
2658 367 273 59 consequent
2953 359 349 64 durchgeführt,

1808 438 99 47 dass
1948 453 105 31 man
2089 437 75 47 ihn
2206 437 89 47 sich
2339 453 83 46 gar
2458 437 121 47 nicht
2615 435 161 49 anders
2803 437 175 47 denken
3010 435 134 56 kann,
3189 435 114 49 auch

1807 528 131 31 wenn
1968 510 69 49 die
2066 512 166 48 Worte
2259 510 122 49 nicht
2408 510 130 49 dabei
2568 515 165 44 wären.
2762 512 95 47 Aus
2880 512 145 47 dieser
3045 510 259 49 Zuversicht

1808 588 247 62 entspringt
2081 586 79 49 das
2189 585 221 57 Gelübde,
2452 586 100 47 dass
2580 586 91 47 sein
2701 588 144 45 Name
2875 588 130 47 allein
3035 586 58 47 im
3124 586 179 49 Herzen

1808 663 130 47 leben
1972 664 131 53 solle;
2145 663 98 47 eine
2269 661 287 47 Bassstimme
2597 663 91 62 legt
2728 661 141 47 dieses
2912 661 206 47 Gelübde
3160 661 57 49 ab
3257 661 45 49 in

1810 739 142 47 einem
1982 738 233 56 Recitativ,
2254 738 113 47 über
2395 738 100 47 dem
2535 738 43 47 in
2608 738 144 47 einem
2782 738 329 62 choralartigen
3143 738 163 47 Arioso

1810 814 97 46 eine
1944 813 352 63 Sopranstimme
2338 813 124 47 ihren
2500 811 134 49 Jubel
2676 815 265 45 ausströmt:
2983 813 149 54 „Jesu,
3161 811 146 49 meine

1811 887 164 49 Freud'
2005 887 88 47 und
2409 889 85 45 Die
2521 889 132 54 Bitte,
2695 886 100 48 dass
2836 887 80 47 der
2955 887 189 47 Heiland
3173 887 134 49 Kraft

1808 964 146 63 geben
1977 967 149 60 möge,
2154 964 91 47 ihm
2268 980 52 29 zu
2349 964 146 54 leben,
2525 964 69 47 die
2616 964 43 45 in
2682 964 123 45 einer
2828 962 277 49 wunderbar
3121 979 185 47 grossen

1810 1040 283 47 Tenor-Arie
2131 1040 357 63 ausgesprochen
2527 1039 127 55 wird,
2697 1039 135 47 fliesst
2859 1039 118 47 dann
3006 1040 114 47 über
3147 1040 44 46 in
3220 1039 86 48 den

1807 1131 184 47 grossen
2020 1116 397 46 Schluss-Choral:
2469 1117 171 54 „•Jesus,
2682 1115 140 47 richte
2864 1115 118 47 mein

1808 1191 94 55 der,
1925 1191 241 64 gleichsam
2191 1190 69 47 die
2282 1191 187 47 Summe
2490 1191 111 46 aller
2616 1190 691 63 Weihnachts-Betrachtungen

1806 1266 200 56 ziehend,
2036 1266 78 47 das
2144 1266 223 47 feierliche
2390 1266 206 47 Gelübde
2625 1266 79 47 der
2729 1265 260 56 Gemeinde,
3019 1282 86 31 nur
3132 1266 91 47 ihm
3251 1284 55 29 zu

1807 1342 146 56 leben,
1995 1346 278 60 emporträgt
2314 1359 52 29 zu
2404 1342 165 47 seinem
2601 1342 172 62 ewigen
2803 1342 195 47 Throne.
3050 1343 94 46 Der
3173 1343 133 55 Text,

1806 1435 110 46 ganz
1939 1434 57 30 an
2018 1417 71 47 die
2109 1416 391 48 Zinzendorf'sche
2518 1416 507 48 Gefühlsschwärmerei
3049 1417 257 56 erinnernd,

1804 1492 113 48 wird
1940 1492 141 48 durch
2107 1493 84 47 den
2216 1493 122 47 Geist
2358 1492 80 48 der
2461 1495 126 45 Töne
2610 1493 194 64 geweiht
2826 1492 88 48 und
2940 1493 118 47 kann
3080 1492 101 48 dem
3207 1503 66 37 mü-

1804 1569 197 49 sicalisch
2030 1569 361 64 Empfindenden
2418 1569 43 47 in
2491 1569 153 47 keiner
2677 1569 154 47 Weise
2860 1571 184 45 Anstoss
3073 1569 161 64 geben.

1921 1646 115 47 Was
2064 1662 91 31 nun
2191 1644 69 49 die
2288 1646 299 63 Aufführung
2627 1644 138 49 selbst
2800 1644 184 58 betrifft,
3026 1661 48 32 so
3105 1644 113 49 wird
3246 1646 61 47 sie

1808 1721 235 64 allgemein
2074 1721 61 47 als
2164 1721 96 47 eine
2288 1721 104 47 sehr
2414 1721 268 63 gelungene,
2705 1719 310 65 abgerundete
3040 1721 264 48 anerkannt.

1808 1799 94 45 Für
1943 1798 128 47 einen
2116 1797 121 47 Chor
2281 1796 96 64 (der
2405 1797 164 47 Verein
2607 1797 116 47 zählt
2753 1797 108 62 jetzt
2890 1796 113 47 über
3031 1797 108 48 250
3171 1797 137 48 active

1807 1873 287 65 Mitglieder),
2124 1873 80 47 der
2231 1873 80 47 mit
2339 1873 199 47 innerem
2555 1872 312 48 Verständniss
2890 1873 98 47 eine
3010 1873 184 47 Passion
3215 1873 93 48 und

1806 1949 99 48 eine
1930 1948 200 49 H-moll-
2132 1949 144 47 Messe
2310 1948 213 48 ausführt
2563 1949 91 47 und
2697 1949 130 47 beide
2857 1948 177 48 Werke
3072 1947 234 67 beständig

1807 2025 81 47 auf
1910 2025 165 47 seinem
2104 2025 266 64 Repertoire
2399 2024 91 56 hat,
2519 2041 98 31 war
2644 2024 70 48 die
2742 2019 212 69 Aufgabe
2983 2024 168 65 gerade
3179 2025 129 47 keine

1807 2102 278 64 schwierige,
2127 2118 50 31 er
2212 2102 125 47 lös'te
2364 2100 63 47 sie
2453 2100 82 49 mit
2561 2102 134 47 Kraft
2721 2100 92 49 und
2841 2100 339 66 Regeisterung.
3222 2102 86 48 Die

1808 2194 184 49 grossen
2017 2178 191 48 Choräle
2231 2177 188 48 wurden
2448 2177 117 48 ohne
2585 2178 271 63 Begleitung
2883 2177 301 48 vollkommen
3212 2178 97 48 rein

1807 2254 91 48 und
1926 2255 118 47 ohne
2072 2254 79 48 das
2180 2253 216 48 mindeste
2424 2253 286 48 Schwanken
2744 2253 80 48 der
2853 2253 258 65 Stimmung
3139 2269 136 47 gesun-

1806 2348 109 48 gen;
1952 2331 62 47 sie
2043 2330 210 48 machten
2281 2329 132 48 tiefen
2442 2329 248 57 Eindruck,
2729 2329 91 48 und
2847 2329 137 48 selbst
3011 2329 70 47 die
3109 2329 199 65 geübten

1806 2406 365 47 Orchesterleute
2199 2406 218 64 sprachen
2445 2405 99 48 ihre
2572 2405 351 65 Bewunderung
2953 2420 92 32 aus.
3092 2405 88 47 Die
3205 2422 101 31 zum

1806 2483 125 47 Theil
1953 2483 295 63 schwierigen
2277 2498 185 48 grossen
2480 2481 150 49 Chöre
2655 2489 148 41 traten
2833 2481 97 49 klar
2958 2480 91 48 und
3076 2480 230 50 bestimmt

1806 2559 42 47 in
1876 2560 125 46 ihren
2030 2559 195 48 Motiven
2254 2559 165 47 hervor
2457 2558 92 48 und
2578 2558 189 48 wurden
2795 2558 316 63 schwunghaft
3139 2574 137 48 gesun-

1804 2653 101 47 gen.
1949 2636 85 46 Die
2064 2635 88 48 Soli
2192 2652 153 31 waren
2387 2635 84 47 alle
2511 2635 44 47 in
2597 2634 86 48 den
2712 2634 192 48 Händen
2942 2650 85 32 von
3054 2635 248 48 Künstlern

1804 2712 92 47 und
1937 2711 374 48 Künstlerinnen:
2359 2712 126 47 Frau
2525 2711 509 48 Nissen-Saloman
3077 2709 230 67 (Sopran),

1806 2789 209 47 Fräulein
2043 2787 417 49 Kissenheimer
2489 2786 127 65 (Alt),
2655 2789 122 47 Herr
2804 2789 113 47 Bau
2932 2804 159 32 mann
3120 2786 186 65 (Tenor)

1806 2865 90 47 und
1937 2866 123 46 Herr
2098 2865 227 47 Pichler
2367 2862 168 66 (Bass);
2575 2864 63 48 sie
2667 2864 186 48 wurden
2884 2862 178 65 würdig
3099 2864 92 48 und
3227 2864 81 48 mit

1806 2958 176 48 grosser
2005 2940 201 48 Technik
2229 2941 283 64 ausgeführt.
2541 2941 86 47 Die
2649 2940 124 48 Ehre
2801 2940 77 48 des
2902 2940 185 48 Abends
3109 2939 200 48 verdient

1806 3034 133 30 unser
1967 3017 330 49 vortrefflicher
2324 3017 112 47 Bau
2448 3034 177 38 mann,
2654 3016 81 48 der
2763 3016 85 48 den
2878 3016 316 64 Evangelisten
3222 3034 56 30 un-

1803 3093 310 64 vergleichlich
2142 3093 139 49 schön
2310 3092 90 48 und
2429 3093 197 64 geistvoll
2655 3109 112 48 sang
2803 3092 92 48 und
2923 3093 43 46 in
2997 3092 85 47 den
3111 3092 198 48 überaus

1803 3170 295 64 schwierigen
2126 3170 138 48 Arien
2307 3170 121 47 seine
2456 3170 326 47 Meisterschaft
2818 3168 215 65 glänzend
3063 3168 246 50 bewährte.

1804 3248 93 46 Das
1911 3246 244 47 Orchester
2166 3246 155 63 spielte
2338 3246 80 46 mit
2429 3245 264 64 gewohnter
2707 3245 310 64 Tüchtigkeit;
3033 3260 102 32 man
3149 3245 162 57 fühlte,

1804 3322 101 48 dass
1934 3322 70 47 die
2020 3322 173 64 Spieler
2221 3321 70 48 die
2310 3322 165 48 Grösse
2497 3321 76 48 des
2594 3321 201 49 Werkes
2817 3321 264 56 erkannten,
3110 3321 91 48 und
3231 3320 81 49 der

1807 3400 123 48 Geist
1949 3400 161 47 Bach's
2132 3400 150 47 schien
2311 3398 61 49 sie
2401 3416 50 31 zu
2476 3398 337 49 umschweben.
2842 3400 157 47 Wenn
3022 3398 70 47 ich
3116 3415 195 32 unseren

1804 3476 211 48 Director
2041 3477 212 47 Messer
2279 3476 159 47 zuletzt
2466 3474 229 60 erwähne,
2733 3488 49 35 so
2812 3474 229 65 geschieht
3068 3474 111 58 dies,
3208 3474 101 49 weil

1804 3568 49 31 er
1881 3551 77 49 das
1986 3552 41 47 A
2056 3552 90 47 und
2177 3553 39 46 0
2248 3551 71 48 bei
2349 3551 79 48 der
2457 3551 301 64 Aufführung
2786 3567 109 32 war.
2949 3551 136 47 Nicht
3123 3567 86 31 nur
3237 3551 71 48 die

1803 3628 327 65 Einstudirung
2157 3628 77 47 des
2263 3645 110 47 ganz
2403 3643 146 32 neuen
2578 3627 202 48 Werkes
2814 3628 74 64 lag
2923 3627 93 47 ihm
3048 3627 58 48 ob
3144 3626 144 64 (inner-

1804 3704 105 49 halb
1929 3706 29 48 8
1976 3706 137 48 —lO
2135 3704 246 65 Wochen),
2410 3721 50 32 er
2486 3704 122 49 hatte
2639 3703 70 48 die
2729 3704 116 49 noch
2870 3704 104 47 weit
2994 3704 318 65 schwierigere

1804 3782 229 63 Aufgabe,
2062 3781 70 48 die
2160 3781 398 48 Instrumentation
2587 3779 76 49 des
2692 3781 201 48 Werkes
2925 3781 74 47 für
3026 3797 164 32 unsere
3215 3781 98 48 Zeit

1804 3858 91 47 und
1917 3858 113 48 doch
2055 3859 59 47 im
2138 3858 150 48 Geiste
2309 3858 161 47 Bach's
2493 3857 321 56 herzustellen;
2846 3858 91 47 also
2968 3857 86 48 den
3083 3857 120 48 bloss
3231 3855 52 50 be-

1803 3935 200 47 zifferten
2030 3937 126 56 Bass,
2187 3934 85 50 den
2300 3935 123 49 Bach
2452 3934 137 48 selbst
2616 3935 81 47 auf
2720 3934 80 48 der
2828 3935 142 64 Orgel
2999 3934 232 57 ausfüllte,
3267 3934 45 48 in

1804 4012 70 47 die
1903 4010 249 66 passenden
2194 4012 301 47 Instrumente
2531 4028 53 29 zu
2613 4010 295 66 übertragen,
2949 4010 213 49 veraltete
3203 4009 110 50 oder

1803 4088 382 51 verschwundene
2213 4090 303 47 Instrumente
2549 4088 81 49 mit
2669 4088 87 49 den
2798 4088 308 64 geeignetsten
3132 4106 54 30 zu
3214 4104 98 33 ver-
