2476 4008
1354 1158 117 43 LES

608 1314 844 89 EXCENTRICITÉS
1546 1332 597 82 MUSICALES

2166 1330 53 45 (0

529 1823 49 35 Le
600 1825 180 35 chanteur
801 1827 43 32 de
865 1825 297 37 chansonnettes.
1249 1829 67 35 Les
1338 1831 210 45 Tyroliens.
1630 1837 53 33 De
1711 1838 133 45 Meyer,
1876 1840 177 37 l'homme
2079 1843 20 34 à
2124 1846 34 32 la
2185 1844 87 36 clari-

570 1889 111 26 nette.
703 1901 12 4 -
766 1883 28 32 L
808 1883 153 33 homme
982 1895 73 22 aux
1076 1885 142 35 chiens.
1239 1906 44 7 ——
1304 1888 48 33 Le
1373 1890 168 44 marquis
1562 1891 44 33 de
1625 1892 34 34 la
1680 1893 138 37 Vessie.
1839 1914 22 7 —
1861 1916 21 6 —
1904 1898 47 33 Le
1973 1899 112 45 piano
2105 1900 20 34 à
2145 1912 142 33 vapeur.

632 1938 50 32 Le
703 1949 110 33 piano
835 1938 44 33 de
900 1939 151 44 pierres.
1133 1942 66 33 Les
1222 1944 141 33 clowns
1384 1945 49 33 du
1455 1946 127 45 cirque
1604 1947 155 40 Loisset,
1844 1954 49 32 Le
1912 1955 226 43 xylophone.
2212 1959 57 33 Sol-

521 2009 8 26 l
568 1993 281 45 si-ré-pif-pan.
952 1996 27 31 L
994 1995 384 39 homme-Orchestre.
1402 2002 123 33 —Un
1552 2004 87 35 trait
1665 2006 44 33 de
1737 2007 194 36 Lablache.
2020 2012 80 33 Une
2126 2015 162 34 vocation

568 2051 197 44 manquée.
849 2051 49 34 Le
919 2051 112 45 piano
1051 2053 45 33 de
1118 2053 161 35 cochons
1300 2056 44 32 de
1364 2057 77 34 lait.

1281 2306 76 28 ous
1379 2307 138 30 avons
1550 2297 66 43 dit
1643 2312 85 43 que
1756 2300 41 42 la
1824 2304 208 56 musique
2062 2304 141 56 jouait
2230 2318 58 31 un

1285 2368 137 52 grand
1457 2372 89 40 rôle
1580 2373 109 41 dans
1723 2373 59 42 les
1814 2376 103 43 fêtes
1947 2379 266 55 populaires,
2250 2389 38 33 et

1285 2441 98 42 c'est
1420 2445 115 41 vrai!
1584 2446 165 56 Depuis
1796 2450 38 41 le
1875 2452 149 42 diseur
2061 2455 51 40 de
2150 2456 139 41 bonne

1283 2525 212 34 aventure
1516 2532 59 28 ou
1595 2520 41 41 la
1657 2521 158 44 femme
1830 2528 23 37 à
1876 2526 145 55 barbe,
2045 2528 78 54 qui
2146 2531 143 40 louent

1283 2603 113 41 pour
1430 2606 86 28 une
1552 2594 181 54 journée
1775 2598 115 43 deux
1924 2601 129 55 petits
2097 2602 189 56 Italiens,

1284 2663 237 58 jusqu'aux
1536 2673 184 52 grandes
1735 2674 116 54 loges
1869 2674 77 56 qui
1968 2676 149 56 paient
2135 2678 153 55 quinze

1281 2753 57 27 ou
1369 2740 128 56 vingt
1524 2746 239 42 musiciens
1791 2751 181 53 engagés
1994 2754 23 37 à
2044 2751 182 55 l'année,
2248 2752 38 41 la

1284 2816 206 55 musique
1510 2829 62 31 est
1599 2834 112 41 pour
1731 2830 103 34 tous
1861 2823 59 41 les
1952 2826 254 54 banquistes
2227 2840 58 27 un

1283 2890 225 56 attractifs
1527 2892 202 55 puissant
1751 2910 158 41 moyen
1984 2906 96 47 trop
2100 2900 186 53 bruyant

1282 2963 162 56 parfois
1545 2980 112 42 pour
1681 2968 148 42 attirer
1854 2971 41 41 la
1916 2972 117 42 foule
2062 2982 41 33 et
2126 2975 41 40 la
2197 2989 66 26 ras-

1281 3040 187 41 sembler
1498 3041 160 42 devant
1688 3043 59 41 les
1783 3046 208 53 planches
2019 3049 50 41 de
2095 3049 191 43 l'estrade

1281 3125 75 30 sur
1386 3115 229 56 lesquelles
1649 3117 60 41 les
1741 3119 134 55 pitres
1903 3121 96 45 font
2020 3124 117 42 leurs
2159 3123 100 44 boni-

1278 3196 158 37 ments.

561 3328 47 46 (i)
637 3330 94 37 C'est
759 3346 19 22 a
809 3332 237 49 î'obligeance
1079 3341 44 33 de
1144 3342 48 33 M.
1217 3344 140 36 Gaston
1380 3347 179 37 Escudier
1578 3362 74 34 que
1681 3364 94 25 nous
1804 3357 138 35 devons
1966 3359 314 37 communication

516 3388 52 31 du
590 3393 95 29 texte
708 3396 33 27 et
761 3391 63 33 des
846 3393 176 43 planches
1041 3398 47 32 de
1110 3405 52 27 cet
1183 3401 137 44 article,
1339 3404 152 35 détaché
1512 3408 262 45 spécialement
1795 3424 95 32 pour
1908 3415 36 33 la
1967 3417 208 44 Chronique
2195 3419 57 33 Mu-

515 3447 126 40 sicale,
665 3447 43 32 de
729 3457 68 24 son
820 3448 90 35 beau
927 3452 150 35 volume
1098 3454 71 35 LES
1188 3457 316 42 SALTIMBANQUES.
