2476 4008
967 391 78 40 LA
1077 389 381 51 CHRONIQUE
1492 389 320 42 MUSICALE

514 389 81 42 156

566 537 238 53 Cariselly
808 568 10 21 ,
842 537 144 40 entrée
1006 537 51 40 de
1078 537 133 41 ballet
1233 537 167 55 (Lully,
1427 541 145 52 1702).

564 611 67 39 La
653 609 231 41 Sérénade
906 610 252 42 vénitienne
1164 643 9 20 ,
1198 613 144 40 entrée
1364 612 50 40 de
1438 611 131 41 ballet
1592 610 168 56 (Lully,
1792 610 143 56 1702).

569 682 175 47 Médus,
770 682 72 41 roi
863 683 78 41 des
958 683 174 54 Mèdes,
1157 685 191 54 tragédie
1378 686 188 54 lyrique,
1591 684 102 55 cinq
1721 692 114 33 actes
1858 685 240 52 (Bouvard,
2131 692 136 56 1702),

569 757 62 40 Le
651 757 91 40 Bal
763 756 278 56 interrompu
1049 791 6 19 )
1077 760 146 40 entrée
1245 759 51 41 de
1316 758 133 42 ballet
1473 758 171 54 (Lully,
1675 758 148 56 1708).

572 830 67 41 La
662 830 126 54 Lyre
809 831 236 41 enchantée
1051 864 10 20 ,
1085 833 143 40 entrée
1249 832 52 41 de
1323 831 128 42 ballet
1478 832 236 52 (Rameau,
1746 833 145 54 1757).

572 903 86 40 Les
682 903 129 41 Fêtes
831 904 56 42 de
906 906 177 54 PaphoS
1089 939 9 19 ,
1122 906 299 54 opéra-ballet,
1446 906 104 40 trois
1573 916 112 30 acres
1708 905 339 54 (Mondonville,
2081 909 142 55 1758).

571 976 85 41 Les
680 977 213 55 Caprices
915 979 54 40 de
995 979 219 41 Galathée
1219 1012 9 19 ,
1257 980 129 41 ballet
1409 980 227 53 (Noverre,
1663 981 185 52 corégr.,
1878 980 147 54 1760).

572 1051 66 40 La
675 1052 111 40 Fête
836 1053 54 39 de
937 1052 172 56 Mir\a,
1148 1052 130 43 ballet
1326 1066 103 28 avec
1479 1053 510 56 divertissement-opéra
2032 1053 171 55 (Gardel
2240 1068 36 33 et

518 1122 172 56 Grétry,
725 1125 149 55 1781).

569 1198 196 53 Apollon
785 1205 43 33 et
847 1198 190 53 Daphné
1042 1231 9 20 ,
1070 1198 216 55 fragment
1308 1200 186 55 (Mayei\
1524 1200 148 56 1762).

569 1271 193 53 Ariane,
786 1272 113 40 dans
922 1271 94 42 Vîle
1037 1273 55 40 de
1113 1273 163 42 Naxos
1282 1308 7 17 ,
1315 1274 219 53 fragment
1559 1274 285 55 (Edelmann,
1875 1274 145 55 1782).

569 1343 85 40 Les
677 1344 237 55 Sauvages
920 1378 9 20 ,
957 1345 128 41 ballet
1111 1346 187 51 (Gardel,
1319 1349 184 53 corégr.,
1535 1347 147 56 1786).

574 1417 167 55 Œdipe
764 1420 26 39 à
820 1419 164 42 Thèbes
990 1453 8 19 ,
1022 1428 251 35 autrement
1300 1421 64 41 dit
1391 1423 166 53 Œdipe
1586 1429 40 34 et
1654 1422 183 41 Jocaste
1843 1453 8 20 ,
1877 1421 185 55 tragédie
2093 1421 176 56 lyrique,

516 1491 104 41 trois
643 1500 114 33 actes
781 1493 193 53 (Lefroid
998 1496 50 39 de
1073 1496 227 53 Mereaux,
1333 1512 78 40 179
1425 1512 11 25 1
1446 1494 30 58 ).

568 1565 64 39 Le
652 1565 238 55 Jugement
910 1567 55 41 de
984 1569 141 40 Paris
1131 1602 10 19 ,
1165 1569 133 42 ballet
1321 1570 191 51 (Méhul,
1550 1571 148 55 1793).

567 1638 205 41 Bacchus
793 1647 42 33 et
856 1640 171 42 Ariane
1030 1675 9 13 ,
1068 1642 134 41 ballet
1223 1642 269 55 (Rochefort,
1521 1644 145 54 1794).

567 1712 163 41 Médée
752 1714 184 53 (théâtre
960 1716 238 55 Feydeau).
1301 1717 280 56 (Cherubini,
1611 1719 148 56 1797).

569 1786 68 40 La
668 1786 111 42 Fête
801 1788 59 41 du
880 1796 33 43 4
929 1789 177 54 février
1127 1791 209 55 (Steibelt,
1365 1792 145 55 1806).

566 1860 69 41 La
658 1861 110 41 Fête
784 1861 56 42 de
857 1862 134 42 Mars
1010 1863 246 56 (Kreutzer,
1284 1866 146 56 1809).

565 1933 89 44 Les
678 1935 181 44 Croisés
882 1936 200 56 (Stadler,
1116 1938 144 58 1819).

1040 2107 185 41 OPÉRAS
1265 2121 96 27 NON
1401 2108 346 42 REPRÉSENTÉS

563 2233 228 42 Bélisaire
814 2235 300 56 (Désaugiers,
1139 2237 39 41 le
1200 2241 99 52 père
1320 2238 59 42 du
1403 2239 329 55 chansonnier).

563 2307 173 42 Brutus
763 2308 161 57 (Pierre
948 2310 265 57 Candeille).

565 2379 150 60 Ogier
738 2384 41 40 le
801 2385 174 41 Danois
1000 2385 158 56 (Roll).

561 2459 243 53 L'Hymne
827 2461 25 37 à
878 2460 42 39 la
954 2460 199 41 Victoire
1159 2494 8 16 ,
1193 2474 58 27 ou
1275 2461 40 40 le
1337 2463 170 40 Retour
1538 2461 77 42 des
1637 2463 238 55 guerriers
1896 2463 191 58 (Gossec)

563 2533 86 40 Les
682 2531 132 42 Incas
837 2533 92 52 (Fr.
955 2533 82 42 Ch.
1065 2534 245 56 Lefebvre).

560 2607 252 41 Antiochus
835 2615 41 33 et
901 2607 264 42 Stratonice
1186 2609 201 56 (Langlé.
1488 2611 250 54 Versailles,
1770 2613 145 55 1786).

560 2682 62 39 Le
643 2681 223 50 Sacrifice
932 2682 232 42 Abraham
1186 2683 218 54 (Mathieu
1427 2685 66 42 dit
1517 2686 219 56 Lepidor).

564 2754 189 55 Sylvius
774 2756 154 41 Nerva
953 2756 281 57 (Lemoyne).

562 2828 287 55 Pygmalion
870 2830 228 55 (Halévy).

567 2977 84 41 Des
675 2978 297 54 irrégularités
996 2994 99 28 sans
1118 2982 183 41 nombre
1322 2990 79 33 ont
1425 2984 64 40 été
1512 2986 254 44 constatées.
1804 2987 129 40 Ainsi
1955 2987 26 41 Y
1988 2988 155 55 Idylle
2165 2987 88 56 figu-

507 3051 83 40 rait
614 3065 75 27 sur
711 3053 38 40 le
769 3053 177 54 registre
967 3069 102 26 sous
1098 3056 38 40 le
1158 3070 104 26 nom
1292 3058 51 38 de
1365 3057 25 40 Y
1395 3057 142 43 Idole.
1564 3058 116 41 C'est
1708 3074 58 26 un
1806 3060 351 42 divertissement
2181 3063 96 53 joué

506 3138 96 28 vers
631 3127 110 53 1730
764 3135 41 31 et
827 3130 202 52 composé
1051 3130 73 40 des
1145 3130 112 41 deux
1279 3133 168 38 entrées
1468 3132 52 40 de
1550 3132 133 55 Lully
1709 3148 7 26 :
1743 3135 209 54 L'ldylle
1983 3149 80 27 sur
2098 3138 43 39 la
2169 3137 111 54 paix

505 3207 43 33 et
570 3187 253 67 YÉglogue
845 3201 53 39 de
931 3201 246 42 Versailles
1183 3236 8 19 ,
1216 3218 84 40 que
1331 3204 295 55 l'imprimeur
1650 3206 176 42 Ballard
1849 3210 169 55 appelle
2042 3212 43 39 la
2126 3210 154 41 Grotte

504 3272 55 40 de
591 3273 244 41 Versailles
848 3287 9 41 ;
956 3276 105 53 quoi
1078 3277 133 53 qu'en
1232 3277 118 41 aient
1369 3278 63 41 dit
1451 3279 187 42 certains
1663 3282 343 55 musicologues,
2028 3284 26 40 Y
2058 3284 158 53 Idylle
2238 3291 40 33 et

503 3342 255 59 YÉglogue
776 3348 236 42 formaient
1033 3350 112 41 deux
1169 3354 165 39 entrées
1360 3353 308 54 parfaitement
1690 3355 243 44 distinctes.

559 3421 67 40 La
647 3421 111 43 Fête
780 3423 54 41 de
854 3424 151 55 Mir\a
1026 3424 107 41 était
1155 3425 99 56 plus
1277 3427 176 54 étrange
1475 3441 167 33 encore.
1666 3429 85 43 Sur
1767 3444 62 28 un
1853 3440 165 47 paquet
2039 3432 52 42 de
2114 3432 158 55 parties
