<?xml version="1.0" encoding="UTF-8"?>
<alto xmlns:xsi="http://www.w3.org/2001/XMLSchema-instance" xmlns="http://www.loc.gov/standards/alto/ns-v2#" xsi:schemaLocation="http://www.loc.gov/standards/alto/ns-v2# http://www.loc.gov/standards/alto/alto-v2.0.xsd" xmlns:xlink="http://www.w3.org/1999/xlink">
	<Description>
		<MeasurementUnit>mm10</MeasurementUnit>
		<sourceImageInformation>
			<fileName>//fileserver7/IN2/Princeton/Batch3/bmtnabc/1875/02/15_01/00000183.tif</fileName>
		</sourceImageInformation>
		<OCRProcessing ID="OCRPROCESSING_1">
			<preProcessingStep>
				<processingSoftware>
					<softwareCreator>CCS Content Conversion Specialists GmbH, Germany</softwareCreator>
					<softwareName>CCS docWORKS</softwareName>
					<softwareVersion>6.6-1.18</softwareVersion>
				</processingSoftware>
			</preProcessingStep>
			<ocrProcessingStep>
				<processingSoftware>
					<softwareCreator>ABBYY (BIT Software), Russia</softwareCreator>
					<softwareName>NA</softwareName>
				</processingSoftware>
			</ocrProcessingStep>
		</OCRProcessing>
		<OCRProcessing ID="OCRPROCESSING_2">
			<preProcessingStep>
				<processingSoftware>
					<softwareCreator>CCS Content Conversion Specialists GmbH, Germany</softwareCreator>
					<softwareName>CCS docWORKS</softwareName>
					<softwareVersion>6.6-1.18</softwareVersion>
				</processingSoftware>
			</preProcessingStep>
			<ocrProcessingStep>
				<processingSoftware>
					<softwareCreator>ABBYY (BIT Software), Russia</softwareCreator>
					<softwareName>FineReader</softwareName>
					<softwareVersion>10.0</softwareVersion>
				</processingSoftware>
			</ocrProcessingStep>
		</OCRProcessing>
	</Description>
	<Styles>
		<TextStyle ID="TXT_0" FONTSIZE="23" FONTFAMILY="Times New Roman" FONTSTYLE="italics"/>
		<TextStyle ID="TXT_1" FONTSIZE="23" FONTFAMILY="Times New Roman"/>
		<TextStyle ID="TXT_2" FONTSIZE="10" FONTFAMILY="Times New Roman"/>
		<TextStyle ID="TXT_3" FONTSIZE="13" FONTFAMILY="Times New Roman"/>
		<TextStyle ID="TXT_4" FONTSIZE="14" FONTFAMILY="Times New Roman"/>
		<TextStyle ID="TXT_5" FONTSIZE="16" FONTFAMILY="Times New Roman" FONTSTYLE="italics"/>
		<TextStyle ID="TXT_6" FONTSIZE="4" FONTFAMILY="Times New Roman" FONTSTYLE="bold"/>
		<TextStyle ID="TXT_7" FONTSIZE="15" FONTFAMILY="Times New Roman"/>
		<ParagraphStyle ID="PAR_RIGHT" ALIGN="Right"/>
		<ParagraphStyle ID="PAR_LEFT" ALIGN="Left"/>
	</Styles>
	<Layout>
		<Page ID="P3" PHYSICAL_IMG_NR="3" HEIGHT="4008" WIDTH="2476" PC="0.887">
			<TopMargin ID="P3_TM00001" HPOS="0" VPOS="0" WIDTH="2476" HEIGHT="395"/>
			<LeftMargin ID="P3_LM00001" HPOS="0" VPOS="395" WIDTH="254" HEIGHT="3130"/>
			<RightMargin ID="P3_RM00001" HPOS="2017" VPOS="395" WIDTH="459" HEIGHT="3130"/>
			<BottomMargin ID="P3_BM00001" HPOS="0" VPOS="3525" WIDTH="2476" HEIGHT="483"/>
			<PrintSpace ID="P3_PS00001" HPOS="254" VPOS="395" WIDTH="1763" HEIGHT="3130">
				<TextBlock ID="P3_TB00001" HPOS="758" VPOS="1017" WIDTH="1242" HEIGHT="106" STYLEREFS="TXT_0 PAR_RIGHT">
					<TextLine ID="P3_TL00001" HPOS="759" VPOS="1018" WIDTH="1241" HEIGHT="96">
						<String ID="P3_ST00001" HPOS="759" VPOS="1018" WIDTH="53" HEIGHT="61" CONTENT="E" WC="1.00" CC="0"/>
						<SP ID="P3_SP00001" HPOS="812" VPOS="1079" WIDTH="43"/>
						<String ID="P3_ST00002" HPOS="855" VPOS="1020" WIDTH="521" HEIGHT="94" CONTENT="CHEUALIER" WC="0.96" CC="000000000"/>
						<SP ID="P3_SP00002" HPOS="1376" VPOS="1114" WIDTH="69"/>
						<String ID="P3_ST00003" HPOS="1445" VPOS="1018" WIDTH="139" HEIGHT="96" CONTENT="AU" WC="0.98" CC="00" STYLEREFS="TXT_1"/>
						<SP ID="P3_SP00003" HPOS="1584" VPOS="1114" WIDTH="69"/>
						<String ID="P3_ST00004" HPOS="1653" VPOS="1018" WIDTH="347" HEIGHT="96" CONTENT="CYGNE" WC="0.98" CC="00000" STYLEREFS="TXT_1"/>
					</TextLine>
				</TextBlock>
				<TextBlock ID="P3_TB00002" HPOS="1106" VPOS="1237" WIDTH="503" HEIGHT="50" STYLEREFS="TXT_2 PAR_RIGHT">
					<TextLine ID="P3_TL00002" HPOS="1108" VPOS="1239" WIDTH="500" HEIGHT="46">
						<String ID="P3_ST00005" HPOS="1108" VPOS="1239" WIDTH="217" HEIGHT="40" CONTENT="LÉGENDE" WC="0.99" CC="0702070"/>
						<SP ID="P3_SP00004" HPOS="1325" VPOS="1279" WIDTH="42"/>
						<String ID="P3_ST00006" HPOS="1367" VPOS="1257" WIDTH="241" HEIGHT="28" CONTENT="MUSICALE" WC="0.99" CC="01163000"/>
					</TextLine>
				</TextBlock>
				<TextBlock ID="P3_TB00003" HPOS="1350" VPOS="1485" WIDTH="18" HEIGHT="47" STYLEREFS="TXT_3 PAR_RIGHT">
					<TextLine ID="P3_TL00003" HPOS="1350" VPOS="1498" WIDTH="18" HEIGHT="33">
						<String ID="P3_ST00007" HPOS="1350" VPOS="1498" WIDTH="18" HEIGHT="33" CONTENT="I" WC="0.98" CC="0"/>
					</TextLine>
				</TextBlock>
				<TextBlock ID="P3_TB00004" HPOS="1233" VPOS="1622" WIDTH="706" HEIGHT="294" STYLEREFS="TXT_4 PAR_LEFT">
					<TextLine ID="P3_TL00004" HPOS="1238" VPOS="1625" WIDTH="698" HEIGHT="72">
						<String ID="P3_ST00008" HPOS="1238" VPOS="1636" WIDTH="33" HEIGHT="39" CONTENT="il" WC="0.34" CC="66" STYLEREFS="TXT_5"/>
						<SP ID="P3_SP00005" HPOS="1271" VPOS="1675" WIDTH="30"/>
						<String ID="P3_ST00009" HPOS="1301" VPOS="1631" WIDTH="167" HEIGHT="60" CONTENT="tempo" WC="0.95" CC="77897"/>
						<SP ID="P3_SP00006" HPOS="1468" VPOS="1691" WIDTH="32"/>
						<String ID="P3_ST00010" HPOS="1500" VPOS="1625" WIDTH="163" HEIGHT="72" CONTENT="jaîïtp»" WC="0.23" CC="7777797"/>
						<SP ID="P3_SP00007" HPOS="1663" VPOS="1697" WIDTH="39"/>
						<String ID="P3_ST00011" HPOS="1702" VPOS="1640" WIDTH="30" HEIGHT="42" CONTENT="il" WC="0.62" CC="07"/>
						<SP ID="P3_SP00008" HPOS="1732" VPOS="1697" WIDTH="27"/>
						<String ID="P3_ST00012" HPOS="1759" VPOS="1656" WIDTH="29" HEIGHT="41" CONTENT="y" WC="0.52" CC="4"/>
						<SP ID="P3_SP00009" HPOS="1788" VPOS="1697" WIDTH="32"/>
						<String ID="P3_ST00013" HPOS="1820" VPOS="1647" WIDTH="116" HEIGHT="40" CONTENT="avait" WC="0.96" CC="64626"/>
					</TextLine>
					<TextLine ID="P3_TL00005" HPOS="1238" VPOS="1715" WIDTH="694" HEIGHT="62">
						<String ID="P3_ST00014" HPOS="1238" VPOS="1727" WIDTH="55" HEIGHT="27" CONTENT="au" WC="0.47" CC="63"/>
						<SP ID="P3_SP00010" HPOS="1293" VPOS="1754" WIDTH="35"/>
						<String ID="P3_ST00015" HPOS="1328" VPOS="1715" WIDTH="180" HEIGHT="44" CONTENT="château" WC="0.98" CC="0428065"/>
						<SP ID="P3_SP00011" HPOS="1508" VPOS="1759" WIDTH="23"/>
						<String ID="P3_ST00016" HPOS="1531" VPOS="1719" WIDTH="51" HEIGHT="40" CONTENT="de" WC="1.00" CC="00"/>
						<SP ID="P3_SP00012" HPOS="1582" VPOS="1759" WIDTH="22"/>
						<String ID="P3_ST00017" HPOS="1604" VPOS="1719" WIDTH="328" HEIGHT="58" CONTENT="Valenciennes," WC="0.69" CC="1930537004104"/>
					</TextLine>
					<TextLine ID="P3_TL00006" HPOS="1235" VPOS="1793" WIDTH="700" HEIGHT="46">
						<String ID="P3_ST00018" HPOS="1235" VPOS="1795" WIDTH="246" HEIGHT="38" CONTENT="autrement" WC="0.98" CC="076646076"/>
						<SP ID="P3_SP00013" HPOS="1481" VPOS="1833" WIDTH="37"/>
						<String ID="P3_ST00019" HPOS="1518" VPOS="1793" WIDTH="66" HEIGHT="41" CONTENT="dit" WC="0.97" CC="221"/>
						<SP ID="P3_SP00014" HPOS="1584" VPOS="1834" WIDTH="30"/>
						<String ID="P3_ST00020" HPOS="1614" VPOS="1795" WIDTH="60" HEIGHT="40" CONTENT="du" WC="1.00" CC="00"/>
						<SP ID="P3_SP00015" HPOS="1674" VPOS="1835" WIDTH="42"/>
						<String ID="P3_ST00021" HPOS="1716" VPOS="1796" WIDTH="219" HEIGHT="43" CONTENT="Val-aux-" WC="0.53" CC="46560626"/>
					</TextLine>
					<TextLine ID="P3_TL00007" HPOS="1236" VPOS="1860" WIDTH="701" HEIGHT="56">
						<String ID="P3_ST00022" HPOS="1236" VPOS="1860" WIDTH="187" HEIGHT="56" CONTENT="Cygnes," WC="0.78" CC="4005004"/>
						<SP ID="P3_SP00016" HPOS="1423" VPOS="1916" WIDTH="28"/>
						<String ID="P3_ST00023" HPOS="1451" VPOS="1879" WIDTH="84" HEIGHT="29" CONTENT="une" WC="0.95" CC="076"/>
						<SP ID="P3_SP00017" HPOS="1535" VPOS="1916" WIDTH="22"/>
						<String ID="P3_ST00024" HPOS="1557" VPOS="1867" WIDTH="127" HEIGHT="49" CONTENT="jeune" WC="0.98" CC="60050"/>
						<SP ID="P3_SP00018" HPOS="1684" VPOS="1916" WIDTH="39"/>
						<String ID="P3_ST00025" HPOS="1723" VPOS="1871" WIDTH="214" HEIGHT="45" CONTENT="princesse" WC="0.99" CC="054700020"/>
					</TextLine>
				</TextBlock>
				<TextBlock ID="P3_TB00005" HPOS="928" VPOS="1917" WIDTH="1009" HEIGHT="810" STYLEREFS="TXT_4 PAR_LEFT">
					<Shape>
						<Polygon POINTS="928,1917 1937,1917 1937,2445 1321,2445 1321,2727 928,2727"/>
					</Shape>
					<TextLine ID="P3_TL00008" HPOS="1307" VPOS="1917" WIDTH="426" HEIGHT="7">
						<String ID="P3_ST00026" HPOS="1307" VPOS="1917" WIDTH="17" HEIGHT="1" CONTENT="-" WC="0.60" CC="3" STYLEREFS="TXT_6"/>
						<SP ID="P3_SP00019" HPOS="1324" VPOS="1918" WIDTH="233"/>
						<String ID="P3_ST00027" HPOS="1557" VPOS="1917" WIDTH="8" HEIGHT="5" CONTENT="/" WC="0.25" CC="7" STYLEREFS="TXT_6"/>
						<SP ID="P3_SP00020" HPOS="1565" VPOS="1922" WIDTH="157"/>
						<String ID="P3_ST00028" HPOS="1722" VPOS="1917" WIDTH="11" HEIGHT="7" CONTENT="J." WC="0.63" CC="70" STYLEREFS="TXT_6"/>
					</TextLine>
					<TextLine ID="P3_TL00009" HPOS="937" VPOS="1931" WIDTH="996" HEIGHT="65">
						<String ID="P3_ST00029" HPOS="937" VPOS="1931" WIDTH="79" HEIGHT="53" CONTENT="qui" WC="0.97" CC="052"/>
						<SP ID="P3_SP00021" HPOS="1016" VPOS="1984" WIDTH="24"/>
						<String ID="P3_ST00030" HPOS="1040" VPOS="1945" WIDTH="43" HEIGHT="27" CONTENT="se" WC="1.00" CC="00"/>
						<SP ID="P3_SP00022" HPOS="1083" VPOS="1984" WIDTH="21"/>
						<String ID="P3_ST00031" HPOS="1104" VPOS="1936" WIDTH="218" HEIGHT="41" CONTENT="nommait" WC="0.98" CC="4106653"/>
						<SP ID="P3_SP00023" HPOS="1322" VPOS="1984" WIDTH="29"/>
						<String ID="P3_ST00032" HPOS="1351" VPOS="1937" WIDTH="173" HEIGHT="43" CONTENT="Béatrix" WC="0.68" CC="0700353"/>
						<SP ID="P3_SP00024" HPOS="1524" VPOS="1984" WIDTH="22"/>
						<String ID="P3_ST00033" HPOS="1546" VPOS="1950" WIDTH="40" HEIGHT="31" CONTENT="et" WC="0.76" CC="04"/>
						<SP ID="P3_SP00025" HPOS="1586" VPOS="1984" WIDTH="28"/>
						<String ID="P3_ST00034" HPOS="1614" VPOS="1942" WIDTH="77" HEIGHT="54" CONTENT="qui" WC="0.96" CC="072"/>
						<SP ID="P3_SP00026" HPOS="1691" VPOS="1996" WIDTH="31"/>
						<String ID="P3_ST00035" HPOS="1722" VPOS="1944" WIDTH="102" HEIGHT="41" CONTENT="était" WC="0.97" CC="29046"/>
						<SP ID="P3_SP00027" HPOS="1824" VPOS="1996" WIDTH="23"/>
						<String ID="P3_ST00036" HPOS="1847" VPOS="1945" WIDTH="65" HEIGHT="41" CONTENT="l'u" SUBS_TYPE="HypPart1" SUBS_CONTENT="l'unique" WC="0.96" CC="536"/>
						<HYP HPOS="1912" VPOS="1945" WIDTH="21" CONTENT="-"/>
					</TextLine>
					<TextLine ID="P3_TL00010" HPOS="936" VPOS="2004" WIDTH="996" HEIGHT="63">
						<String ID="P3_ST00037" HPOS="936" VPOS="2004" WIDTH="132" HEIGHT="54" CONTENT="nique" SUBS_TYPE="HypPart2" SUBS_CONTENT="l'unique" WC="0.98" CC="70030"/>
						<SP ID="P3_SP00028" HPOS="1068" VPOS="2058" WIDTH="22"/>
						<String ID="P3_ST00038" HPOS="1090" VPOS="2006" WIDTH="200" HEIGHT="43" CONTENT="héritière" WC="0.99" CC="367603250"/>
						<SP ID="P3_SP00029" HPOS="1290" VPOS="2058" WIDTH="25"/>
						<String ID="P3_ST00039" HPOS="1315" VPOS="2010" WIDTH="57" HEIGHT="41" CONTENT="du" WC="0.94" CC="10"/>
						<SP ID="P3_SP00030" HPOS="1372" VPOS="2058" WIDTH="30"/>
						<String ID="P3_ST00040" HPOS="1402" VPOS="2025" WIDTH="209" HEIGHT="42" CONTENT="royaume" WC="0.99" CC="5061000"/>
						<SP ID="P3_SP00031" HPOS="1611" VPOS="2067" WIDTH="32"/>
						<String ID="P3_ST00041" HPOS="1643" VPOS="2016" WIDTH="51" HEIGHT="40" CONTENT="de" WC="0.73" CC="50"/>
						<SP ID="P3_SP00032" HPOS="1694" VPOS="2067" WIDTH="24"/>
						<String ID="P3_ST00042" HPOS="1718" VPOS="2016" WIDTH="214" HEIGHT="45" CONTENT="Lillefort." WC="0.66" CC="6407006033"/>
					</TextLine>
					<TextLine ID="P3_TL00011" HPOS="991" VPOS="2078" WIDTH="943" HEIGHT="66">
						<String ID="P3_ST00043" HPOS="991" VPOS="2078" WIDTH="78" HEIGHT="54" CONTENT="Or," WC="0.94" CC="384"/>
						<SP ID="P3_SP00033" HPOS="1069" VPOS="2132" WIDTH="30"/>
						<String ID="P3_ST00044" HPOS="1099" VPOS="2081" WIDTH="39" HEIGHT="40" CONTENT="le" WC="0.79" CC="40"/>
						<SP ID="P3_SP00034" HPOS="1138" VPOS="2132" WIDTH="22"/>
						<String ID="P3_ST00045" HPOS="1160" VPOS="2082" WIDTH="195" HEIGHT="42" CONTENT="malheur" WC="0.99" CC="0063002"/>
						<SP ID="P3_SP00035" HPOS="1355" VPOS="2132" WIDTH="22"/>
						<String ID="P3_ST00046" HPOS="1377" VPOS="2087" WIDTH="115" HEIGHT="41" CONTENT="avait" WC="0.97" CC="84033"/>
						<SP ID="P3_SP00036" HPOS="1492" VPOS="2132" WIDTH="22"/>
						<String ID="P3_ST00047" HPOS="1514" VPOS="2090" WIDTH="135" HEIGHT="39" CONTENT="voulu" WC="0.98" CC="60050"/>
						<SP ID="P3_SP00037" HPOS="1649" VPOS="2132" WIDTH="22"/>
						<String ID="P3_ST00048" HPOS="1671" VPOS="2093" WIDTH="140" HEIGHT="51" CONTENT="qu'un" WC="0.98" CC="00327"/>
						<SP ID="P3_SP00038" HPOS="1811" VPOS="2144" WIDTH="25"/>
						<String ID="P3_ST00049" HPOS="1836" VPOS="2106" WIDTH="66" HEIGHT="27" CONTENT="mo" SUBS_TYPE="HypPart1" SUBS_CONTENT="monarque" WC="0.95" CC="80"/>
						<HYP HPOS="1902" VPOS="2106" WIDTH="32" CONTENT="-"/>
					</TextLine>
					<TextLine ID="P3_TL00012" HPOS="934" VPOS="2150" WIDTH="1000" HEIGHT="65">
						<String ID="P3_ST00050" HPOS="934" VPOS="2166" WIDTH="165" HEIGHT="42" CONTENT="narque" SUBS_TYPE="HypPart2" SUBS_CONTENT="monarque" WC="0.98" CC="804040"/>
						<SP ID="P3_SP00039" HPOS="1099" VPOS="2208" WIDTH="21"/>
						<String ID="P3_ST00051" HPOS="1120" VPOS="2155" WIDTH="141" HEIGHT="42" CONTENT="voisin" WC="0.99" CC="004038"/>
						<SP ID="P3_SP00040" HPOS="1261" VPOS="2208" WIDTH="32"/>
						<String ID="P3_ST00052" HPOS="1293" VPOS="2162" WIDTH="179" HEIGHT="53" CONTENT="usurpât" WC="1.00" CC="0000130"/>
						<SP ID="P3_SP00041" HPOS="1472" VPOS="2215" WIDTH="27"/>
						<String ID="P3_ST00053" HPOS="1499" VPOS="2161" WIDTH="59" HEIGHT="41" CONTENT="les" WC="1.00" CC="000"/>
						<SP ID="P3_SP00042" HPOS="1558" VPOS="2215" WIDTH="23"/>
						<String ID="P3_ST00054" HPOS="1581" VPOS="2150" WIDTH="122" HEIGHT="54" CONTENT="États" WC="1.00" CC="10000"/>
						<SP ID="P3_SP00043" HPOS="1703" VPOS="2215" WIDTH="28"/>
						<String ID="P3_ST00055" HPOS="1731" VPOS="2164" WIDTH="52" HEIGHT="41" CONTENT="de" WC="1.00" CC="00"/>
						<SP ID="P3_SP00044" HPOS="1783" VPOS="2215" WIDTH="17"/>
						<String ID="P3_ST00056" HPOS="1800" VPOS="2166" WIDTH="112" HEIGHT="42" CONTENT="Lille" SUBS_TYPE="HypPart1" SUBS_CONTENT="Lillefort," WC="0.99" CC="03500"/>
						<HYP HPOS="1912" VPOS="2166" WIDTH="22" CONTENT="-"/>
					</TextLine>
					<TextLine ID="P3_TL00013" HPOS="932" VPOS="2225" WIDTH="1003" HEIGHT="66">
						<String ID="P3_ST00057" HPOS="932" VPOS="2225" WIDTH="95" HEIGHT="54" CONTENT="fort," SUBS_TYPE="HypPart2" SUBS_CONTENT="Lillefort," WC="0.99" CC="11007"/>
						<SP ID="P3_SP00045" HPOS="1027" VPOS="2279" WIDTH="36"/>
						<String ID="P3_ST00058" HPOS="1063" VPOS="2232" WIDTH="119" HEIGHT="52" CONTENT="après" WC="0.97" CC="33950"/>
						<SP ID="P3_SP00046" HPOS="1182" VPOS="2284" WIDTH="24"/>
						<String ID="P3_ST00059" HPOS="1206" VPOS="2231" WIDTH="121" HEIGHT="41" CONTENT="avoir" WC="0.98" CC="08060"/>
						<SP ID="P3_SP00047" HPOS="1327" VPOS="2284" WIDTH="26"/>
						<String ID="P3_ST00060" HPOS="1353" VPOS="2234" WIDTH="151" HEIGHT="54" CONTENT="égorgé" WC="0.99" CC="103003"/>
						<SP ID="P3_SP00048" HPOS="1504" VPOS="2288" WIDTH="22"/>
						<String ID="P3_ST00061" HPOS="1526" VPOS="2235" WIDTH="38" HEIGHT="40" CONTENT="le" WC="0.90" CC="10"/>
						<SP ID="P3_SP00049" HPOS="1564" VPOS="2288" WIDTH="21"/>
						<String ID="P3_ST00062" HPOS="1585" VPOS="2237" WIDTH="81" HEIGHT="54" CONTENT="roi," WC="0.96" CC="7154"/>
						<SP ID="P3_SP00050" HPOS="1666" VPOS="2291" WIDTH="24"/>
						<String ID="P3_ST00063" HPOS="1690" VPOS="2237" WIDTH="39" HEIGHT="42" CONTENT="la" WC="0.64" CC="07"/>
						<SP ID="P3_SP00051" HPOS="1729" VPOS="2291" WIDTH="22"/>
						<String ID="P3_ST00064" HPOS="1751" VPOS="2239" WIDTH="117" HEIGHT="42" CONTENT="reine" WC="0.97" CC="50580"/>
						<SP ID="P3_SP00052" HPOS="1868" VPOS="2291" WIDTH="24"/>
						<String ID="P3_ST00065" HPOS="1892" VPOS="2249" WIDTH="43" HEIGHT="33" CONTENT="et" WC="0.71" CC="05"/>
					</TextLine>
					<TextLine ID="P3_TL00014" HPOS="928" VPOS="2294" WIDTH="1006" HEIGHT="70">
						<String ID="P3_ST00066" HPOS="928" VPOS="2300" WIDTH="115" HEIGHT="43" CONTENT="leurs" WC="0.98" CC="40460"/>
						<SP ID="P3_SP00053" HPOS="1043" VPOS="2343" WIDTH="47"/>
						<String ID="P3_ST00067" HPOS="1090" VPOS="2305" WIDTH="183" HEIGHT="42" CONTENT="enfants." WC="0.99" CC="00608902"/>
						<SP ID="P3_SP00054" HPOS="1273" VPOS="2347" WIDTH="36"/>
						<String ID="P3_ST00068" HPOS="1309" VPOS="2294" WIDTH="230" HEIGHT="70" CONTENT="Échappée" WC="1.00" CC="32100010"/>
						<SP ID="P3_SP00055" HPOS="1539" VPOS="2364" WIDTH="35"/>
						<String ID="P3_ST00069" HPOS="1574" VPOS="2313" WIDTH="118" HEIGHT="40" CONTENT="seule" WC="0.99" CC="00260"/>
						<SP ID="P3_SP00056" HPOS="1692" VPOS="2364" WIDTH="33"/>
						<String ID="P3_ST00070" HPOS="1725" VPOS="2328" WIDTH="56" HEIGHT="27" CONTENT="au" WC="0.29" CC="85"/>
						<SP ID="P3_SP00057" HPOS="1781" VPOS="2364" WIDTH="39"/>
						<String ID="P3_ST00071" HPOS="1820" VPOS="2328" WIDTH="86" HEIGHT="27" CONTENT="mas" SUBS_TYPE="HypPart1" SUBS_CONTENT="massacre," WC="0.99" CC="000"/>
						<HYP HPOS="1906" VPOS="2328" WIDTH="28" CONTENT="-"/>
					</TextLine>
					<TextLine ID="P3_TL00015" HPOS="929" VPOS="2379" WIDTH="1003" HEIGHT="67">
						<String ID="P3_ST00072" HPOS="929" VPOS="2391" WIDTH="128" HEIGHT="38" CONTENT="sacre," SUBS_TYPE="HypPart2" SUBS_CONTENT="massacre," WC="0.97" CC="094904"/>
						<SP ID="P3_SP00058" HPOS="1057" VPOS="2429" WIDTH="40"/>
						<String ID="P3_ST00073" HPOS="1097" VPOS="2379" WIDTH="174" HEIGHT="43" CONTENT="Béatrix" WC="0.64" CC="6507050"/>
						<SP ID="P3_SP00059" HPOS="1271" VPOS="2429" WIDTH="32"/>
						<String ID="P3_ST00074" HPOS="1303" VPOS="2383" WIDTH="116" HEIGHT="43" CONTENT="avait" WC="0.98" CC="00079"/>
						<SP ID="P3_SP00060" HPOS="1419" VPOS="2429" WIDTH="23"/>
						<String ID="P3_ST00075" HPOS="1442" VPOS="2387" WIDTH="64" HEIGHT="40" CONTENT="été" WC="0.98" CC="004"/>
						<SP ID="P3_SP00061" HPOS="1506" VPOS="2429" WIDTH="19"/>
						<String ID="P3_ST00076" HPOS="1525" VPOS="2388" WIDTH="213" HEIGHT="42" CONTENT="recueillie" WC="0.99" CC="0003357150"/>
						<SP ID="P3_SP00062" HPOS="1738" VPOS="2430" WIDTH="17"/>
						<String ID="P3_ST00077" HPOS="1755" VPOS="2404" WIDTH="78" HEIGHT="42" CONTENT="par" WC="0.95" CC="056"/>
						<SP ID="P3_SP00063" HPOS="1833" VPOS="2446" WIDTH="20"/>
						<String ID="P3_ST00078" HPOS="1853" VPOS="2404" WIDTH="79" HEIGHT="28" CONTENT="son" WC="0.97" CC="008"/>
					</TextLine>
					<TextLine ID="P3_TL00016" HPOS="928" VPOS="2451" WIDTH="390" HEIGHT="53">
						<String ID="P3_ST00079" HPOS="928" VPOS="2451" WIDTH="137" HEIGHT="53" CONTENT="oncle," WC="0.98" CC="080704"/>
						<SP ID="P3_SP00064" HPOS="1065" VPOS="2504" WIDTH="34"/>
						<String ID="P3_ST00080" HPOS="1099" VPOS="2452" WIDTH="37" HEIGHT="41" CONTENT="le" WC="0.61" CC="70"/>
						<SP ID="P3_SP00065" HPOS="1136" VPOS="2504" WIDTH="37"/>
						<String ID="P3_ST00081" HPOS="1173" VPOS="2454" WIDTH="121" HEIGHT="41" CONTENT="châte" SUBS_TYPE="HypPart1" SUBS_CONTENT="châtelain" WC="0.99" CC="00260"/>
						<HYP HPOS="1294" VPOS="2454" WIDTH="24" CONTENT="-"/>
					</TextLine>
					<TextLine ID="P3_TL00017" HPOS="928" VPOS="2522" WIDTH="394" HEIGHT="46">
						<String ID="P3_ST00082" HPOS="928" VPOS="2522" WIDTH="84" HEIGHT="42" CONTENT="lain" SUBS_TYPE="HypPart2" SUBS_CONTENT="châtelain" WC="0.98" CC="1018"/>
						<SP ID="P3_SP00066" HPOS="1012" VPOS="2564" WIDTH="48"/>
						<String ID="P3_ST00083" HPOS="1060" VPOS="2526" WIDTH="51" HEIGHT="40" CONTENT="de" WC="1.00" CC="00"/>
						<SP ID="P3_SP00067" HPOS="1111" VPOS="2566" WIDTH="52"/>
						<String ID="P3_ST00084" HPOS="1163" VPOS="2527" WIDTH="133" HEIGHT="41" CONTENT="Valen" SUBS_TYPE="HypPart1" SUBS_CONTENT="Valenciennes." WC="0.84" CC="00004"/>
						<HYP HPOS="1296" VPOS="2527" WIDTH="26" CONTENT="-"/>
					</TextLine>
					<TextLine ID="P3_TL00018" HPOS="928" VPOS="2596" WIDTH="395" HEIGHT="57">
						<String ID="P3_ST00085" HPOS="928" VPOS="2596" WIDTH="187" HEIGHT="42" CONTENT="ciennes." SUBS_TYPE="HypPart2" SUBS_CONTENT="Valenciennes." WC="0.67" CC="16077002"/>
						<SP ID="P3_SP00068" HPOS="1115" VPOS="2638" WIDTH="42"/>
						<String ID="P3_ST00086" HPOS="1157" VPOS="2599" WIDTH="166" HEIGHT="54" CONTENT="Malgré" WC="0.99" CC="006006"/>
					</TextLine>
					<TextLine ID="P3_TL00019" HPOS="929" VPOS="2672" WIDTH="396" HEIGHT="41">
						<String ID="P3_ST00087" HPOS="929" VPOS="2684" WIDTH="76" HEIGHT="26" CONTENT="son" WC="0.95" CC="508"/>
						<SP ID="P3_SP00069" HPOS="1005" VPOS="2710" WIDTH="18"/>
						<String ID="P3_ST00088" HPOS="1023" VPOS="2684" WIDTH="102" HEIGHT="27" CONTENT="nom" WC="0.97" CC="700"/>
						<SP ID="P3_SP00070" HPOS="1125" VPOS="2711" WIDTH="17"/>
						<String ID="P3_ST00089" HPOS="1142" VPOS="2672" WIDTH="51" HEIGHT="40" CONTENT="de" WC="1.00" CC="00"/>
						<SP ID="P3_SP00071" HPOS="1193" VPOS="2712" WIDTH="17"/>
						<String ID="P3_ST00090" HPOS="1210" VPOS="2674" WIDTH="115" HEIGHT="39" CONTENT="doux" WC="0.99" CC="0060"/>
					</TextLine>
				</TextBlock>
				<TextBlock ID="P3_TB00006" HPOS="254" VPOS="3317" WIDTH="1763" HEIGHT="208" STYLEREFS="TXT_4 PAR_LEFT">
					<TextLine ID="P3_TL00020" HPOS="254" VPOS="3319" WIDTH="1763" HEIGHT="56">
						<String ID="P3_ST00091" HPOS="254" VPOS="3333" WIDTH="179" HEIGHT="42" CONTENT="augure," WC="0.99" CC="5604004"/>
						<SP ID="P3_SP00072" HPOS="433" VPOS="3375" WIDTH="47"/>
						<String ID="P3_ST00092" HPOS="480" VPOS="3319" WIDTH="38" HEIGHT="41" CONTENT="la" WC="0.77" CC="03"/>
						<SP ID="P3_SP00073" HPOS="518" VPOS="3375" WIDTH="30"/>
						<String ID="P3_ST00093" HPOS="548" VPOS="3319" WIDTH="210" HEIGHT="55" CONTENT="princesse" WC="0.99" CC="004720005"/>
						<SP ID="P3_SP00074" HPOS="758" VPOS="3375" WIDTH="27"/>
						<String ID="P3_ST00094" HPOS="785" VPOS="3319" WIDTH="151" HEIGHT="43" CONTENT="n'était" WC="0.98" CC="7470006"/>
						<SP ID="P3_SP00075" HPOS="936" VPOS="3375" WIDTH="27"/>
						<String ID="P3_ST00095" HPOS="963" VPOS="3333" WIDTH="75" HEIGHT="42" CONTENT="pas" WC="0.98" CC="400"/>
						<SP ID="P3_SP00076" HPOS="1038" VPOS="3375" WIDTH="34"/>
						<String ID="P3_ST00096" HPOS="1072" VPOS="3319" WIDTH="209" HEIGHT="42" CONTENT="heureuse" WC="1.00" CC="10000600"/>
						<SP ID="P3_SP00077" HPOS="1281" VPOS="3375" WIDTH="19"/>
						<String ID="P3_ST00097" HPOS="1300" VPOS="3334" WIDTH="8" HEIGHT="27" CONTENT=":" WC="0.90" CC="0"/>
						<SP ID="P3_SP00078" HPOS="1308" VPOS="3375" WIDTH="39"/>
						<String ID="P3_ST00098" HPOS="1347" VPOS="3319" WIDTH="196" HEIGHT="54" CONTENT="toujours" WC="0.98" CC="02775600"/>
						<SP ID="P3_SP00079" HPOS="1543" VPOS="3375" WIDTH="33"/>
						<String ID="P3_ST00099" HPOS="1576" VPOS="3319" WIDTH="79" HEIGHT="40" CONTENT="elle" WC="0.98" CC="0601"/>
						<SP ID="P3_SP00080" HPOS="1655" VPOS="3375" WIDTH="25"/>
						<String ID="P3_ST00100" HPOS="1680" VPOS="3319" WIDTH="170" HEIGHT="54" CONTENT="pensait" WC="0.98" CC="4170079"/>
						<SP ID="P3_SP00081" HPOS="1850" VPOS="3375" WIDTH="30"/>
						<String ID="P3_ST00101" HPOS="1880" VPOS="3324" WIDTH="20" HEIGHT="37" CONTENT="à" WC="0.20" CC="8"/>
						<SP ID="P3_SP00082" HPOS="1900" VPOS="3375" WIDTH="39"/>
						<String ID="P3_ST00102" HPOS="1939" VPOS="3335" WIDTH="78" HEIGHT="27" CONTENT="son" WC="0.96" CC="027"/>
					</TextLine>
					<TextLine ID="P3_TL00021" HPOS="268" VPOS="3394" WIDTH="377" HEIGHT="55">
						<String ID="P3_ST00103" HPOS="268" VPOS="3407" WIDTH="206" HEIGHT="42" CONTENT="royaume" WC="0.98" CC="5660040"/>
						<SP ID="P3_SP00083" HPOS="474" VPOS="3449" WIDTH="22"/>
						<String ID="P3_ST00104" HPOS="496" VPOS="3394" WIDTH="149" HEIGHT="54" CONTENT="perdu." WC="0.99" CC="000562"/>
					</TextLine>
					<TextLine ID="P3_TL00022" HPOS="315" VPOS="3468" WIDTH="1702" HEIGHT="57">
						<String ID="P3_ST00105" HPOS="315" VPOS="3485" WIDTH="19" HEIGHT="21" CONTENT="«" WC="0.49" CC="5"/>
						<SP ID="P3_SP00084" HPOS="334" VPOS="3506" WIDTH="24"/>
						<String ID="P3_ST00106" HPOS="358" VPOS="3468" WIDTH="69" HEIGHT="41" CONTENT="Ah" WC="0.79" CC="40"/>
						<SP ID="P3_SP00085" HPOS="427" VPOS="3509" WIDTH="17"/>
						<String ID="P3_ST00107" HPOS="444" VPOS="3471" WIDTH="7" HEIGHT="38" CONTENT="!" WC="1.00" CC="0"/>
						<SP ID="P3_SP00086" HPOS="451" VPOS="3509" WIDTH="37"/>
						<String ID="P3_ST00108" HPOS="488" VPOS="3468" WIDTH="232" HEIGHT="43" CONTENT="disait-elle" WC="1.00" CC="02000740310"/>
						<SP ID="P3_SP00087" HPOS="720" VPOS="3511" WIDTH="35"/>
						<String ID="P3_ST00109" HPOS="755" VPOS="3478" WIDTH="200" HEIGHT="47" CONTENT="souvent," WC="0.99" CC="10064607"/>
						<SP ID="P3_SP00088" HPOS="955" VPOS="3525" WIDTH="33"/>
						<String ID="P3_ST00110" HPOS="988" VPOS="3469" WIDTH="33" HEIGHT="42" CONTENT="si" WC="0.71" CC="05"/>
						<SP ID="P3_SP00089" HPOS="1021" VPOS="3525" WIDTH="34"/>
						<String ID="P3_ST00111" HPOS="1055" VPOS="3468" WIDTH="242" HEIGHT="57" CONTENT="quelqu'un" WC="0.98" CC="357064777"/>
						<SP ID="P3_SP00090" HPOS="1297" VPOS="3525" WIDTH="32"/>
						<String ID="P3_ST00112" HPOS="1329" VPOS="3468" WIDTH="179" HEIGHT="56" CONTENT="pouvait" WC="0.98" CC="5033524"/>
						<SP ID="P3_SP00091" HPOS="1508" VPOS="3525" WIDTH="33"/>
						<String ID="P3_ST00113" HPOS="1541" VPOS="3480" WIDTH="68" HEIGHT="29" CONTENT="me" WC="1.00" CC="00"/>
						<SP ID="P3_SP00092" HPOS="1609" VPOS="3525" WIDTH="20"/>
						<String ID="P3_ST00114" HPOS="1629" VPOS="3469" WIDTH="152" HEIGHT="40" CONTENT="rendre" WC="0.99" CC="007000"/>
						<SP ID="P3_SP00093" HPOS="1781" VPOS="3525" WIDTH="28"/>
						<String ID="P3_ST00115" HPOS="1809" VPOS="3483" WIDTH="71" HEIGHT="26" CONTENT="ma" WC="1.00" CC="00"/>
						<SP ID="P3_SP00094" HPOS="1880" VPOS="3525" WIDTH="39"/>
						<String ID="P3_ST00116" HPOS="1919" VPOS="3482" WIDTH="98" HEIGHT="27" CONTENT="cou-" WC="0.99" CC="0014"/>
					</TextLine>
				</TextBlock>
				<ComposedBlock ID="P3_CB00001" HPOS="255" VPOS="395" WIDTH="1748" HEIGHT="219" STYLEREFS="TXT_7 PAR_LEFT" TYPE="Illustration">
					<GraphicalElement ID="P3_CB00001_SUB" HPOS="255" VPOS="395" WIDTH="1748" HEIGHT="219"/>
				</ComposedBlock>
				<ComposedBlock ID="P3_CB00002" HPOS="372" VPOS="831" WIDTH="1569" HEIGHT="2444" STYLEREFS="TXT_7 PAR_LEFT" TYPE="Illustration">
					<Shape>
						<Polygon POINTS="372,831 709,831 709,1512 908,1512 908,2748 1333,2748 1333,2472 1941,2472 1941,3275 372,3275"/>
					</Shape>
					<GraphicalElement ID="P3_CB00002_SUB" HPOS="372" VPOS="831" WIDTH="1569" HEIGHT="2444"/>
				</ComposedBlock>
				<ComposedBlock ID="P3_CB00003" HPOS="947" VPOS="1622" WIDTH="265" HEIGHT="284" STYLEREFS="TXT_7 PAR_LEFT" TYPE="Illustration">
					<GraphicalElement ID="P3_CB00003_SUB" HPOS="947" VPOS="1622" WIDTH="265" HEIGHT="284"/>
				</ComposedBlock>
			</PrintSpace>
		</Page>
	</Layout>
</alto>
