2476 4008
602 389 110 42 LES
745 376 504 55 EXCENTRICITÉS
1282 387 347 44 MUSICALES

1919 389 77 41 165

242 548 197 40 hommes
458 546 77 54 qui
558 545 231 40 exécutent
810 544 52 40 de
887 544 226 41 brillantes
1136 543 240 41 variations
1399 556 75 27 sur
1499 542 41 41 le
1564 542 228 41 Carnaval
1825 542 55 40 de
1916 542 57 41 Ve-

239 623 104 40 nise.
373 621 79 40 Les
475 633 100 27 sons
597 618 283 41 ressemblent
902 622 23 37 à
947 618 72 41 des
1037 618 82 40 cris
1138 626 202 49 perçants
1441 630 100 27 sans
1576 617 254 41 calembour
1958 623 43 34 et

238 694 287 56 quelquefois,
543 692 198 55 lorsqu'il
765 692 93 40 faut
879 690 181 54 dégager
1078 704 61 26 un
1161 703 80 41 peu
1266 690 53 40 de
1340 703 182 41 vapeur,
1535 690 37 40 le
1588 690 119 42 bruit
1729 697 62 33 est
1808 690 34 40 si
1865 690 83 40 fort
1965 698 41 33 et

240 768 33 40 si
291 767 198 55 puissant
509 779 85 41 que
618 765 88 41 l'on
727 763 108 42 croit
851 764 40 40 la
908 762 199 42 machine
1130 763 150 42 brisée.
1297 762 103 41 Cela
1419 764 145 40 arriva
1581 778 60 26 un
1658 763 97 54 jour
1771 777 54 26 au
1846 763 160 56 champ

238 843 49 40 de
310 842 133 50 Mars,
468 840 85 40 àla
576 839 82 41 fête
678 838 59 41 du
767 836 21 56 i
810 836 21 56 5
853 836 107 56 août.
983 837 80 41 Les
1080 836 227 42 assistants
1400 845 40 33 et
1455 838 53 39 ils
1525 837 161 41 étaient
1698 837 303 41 nombreux—

238 924 77 32 ont
337 915 63 40 été
423 913 90 54 pris
534 913 132 40 d'une
689 911 97 42 telle
804 911 209 56 panique,
1039 911 111 54 qu'il
1167 923 42 28 se
1232 918 99 33 sont
1353 909 228 56 précipités
1603 923 95 28 vers
1719 910 40 41 la
1783 918 119 47 porte
1926 923 76 41 par

238 988 162 43 crainte
418 987 131 41 d'être
572 986 169 41 blessés.
767 984 184 42 Chacun
974 984 170 45 croyait
1166 998 85 40 que
1273 984 40 40 la
1334 984 202 40 machine
1567 983 148 41 venait
1750 983 51 40 de
1839 991 162 33 sauter.

296 1060 194 56 Puisque
502 1073 309 30 noussommes
832 1073 74 26 sur
922 1059 58 41 les
996 1057 166 58 pianos,
1180 1057 252 44 n'oublions
1448 1071 74 43 pas
1544 1057 41 41 le
1595 1057 137 56 piano
1748 1058 54 41 de
1808 1056 196 55 pierres.

848 1193 86 40 Les
946 1190 180 56 pierres
1147 1188 227 42 chantent.

621 1268 170 53 Entre%
807 1266 18 42 !
846 1272 146 48 entre\
1009 1266 16 37 !
1044 1251 176 54 Écoute
1221 1275 23 43 {
1268 1261 261 42 l'harmonie
1541 1264 45 37 !!
1602 1264 16 37 !

300 1400 74 41 Un
400 1397 260 43 cantonnier
681 1397 60 41 du
763 1395 176 42 chemin
961 1394 52 40 de
1035 1393 61 41 fer
1116 1391 229 42 d'Orléans
1367 1393 98 38 s'est
1487 1389 118 41 avisé
1627 1389 50 41 de
1701 1403 209 27 ramasser
1931 1390 75 40 des

247 1474 118 48 silex,
393 1474 47 40 de
454 1473 59 40 les
536 1470 238 56 suspendre
794 1475 22 35 à
832 1470 73 40 des
926 1467 166 53 cordes,
1116 1466 51 40 de
1185 1465 59 42 les
1267 1464 171 56 frapper
1468 1477 103 27 avec
1602 1477 87 27 une
1715 1464 203 53 baguette
1957 1463 52 40 de

249 1548 59 41 fer
330 1557 40 31 et
390 1548 50 40 de
452 1547 59 40 les
536 1558 223 40 comparer
780 1548 22 36 à
823 1543 72 41 des
912 1541 245 54 diapasons.
1182 1541 39 38 A
1245 1538 111 41 force
1367 1537 52 40 de
1442 1536 262 52 recherches,
1731 1537 31 40 il
1783 1544 61 34 est
1869 1536 142 41 arrivé

249 1626 22 37 à
293 1621 247 42 construire
562 1633 61 27 un
649 1616 191 58 appareil
861 1620 24 37 à
906 1628 84 43 peu
1016 1614 95 54 près
1127 1611 129 56 juste,
1279 1611 161 55 auquel
1459 1610 30 41 il
1510 1624 23 27 a
1567 1611 147 40 donné
1750 1610 37 41 le
1822 1623 105 27 nom
1960 1609 51 41 de

249 1697 141 41 Piano
414 1696 55 41 de
477 1695 195 56 pierres.
698 1692 183 53 Chaque
903 1689 106 41 silex
1028 1695 63 33 est
1114 1685 225 56 suspendu
1381 1698 78 42 par
1494 1697 89 28 une
1617 1683 160 55 tringle
1799 1683 155 41 d'acier
1987 1686 23 36 à

242 1784 85 27 une
346 1769 126 41 corde
499 1783 9 37 ;
536 1768 62 41 les
615 1776 95 31 tons
729 1773 99 34 sont
844 1762 265 56 représentés
1138 1774 76 42 par
1235 1759 73 41 des
1331 1758 158 56 pierres
1528 1758 184 53 longues
1728 1772 10 35 ;
1779 1757 59 40 les
1868 1755 114 41 demi-

239 1853 93 34 tons
352 1858 76 41 par
449 1843 73 41 des
544 1841 182 41 caillous
752 1840 98 54 plus
872 1839 144 53 petits.
1041 1835 135 40 Armé
1198 1833 109 42 d'un
1352 1839 198 34 marteau
1591 1845 53 26 en
1676 1831 74 51 fer,
1790 1830 31 41 il
1861 1830 148 54 frappe

242 1933 73 27 sur
334 1918 197 40 chacune
547 1915 51 41 de
618 1929 67 26 ces
706 1912 182 42 touches
903 1919 41 32 et
966 1910 38 40 le
1028 1922 78 28 son
1129 1921 42 27 se
1201 1906 196 56 produit,
1420 1905 238 41 semblable
1675 1918 56 27 au
1761 1903 123 42 bruit
1922 1915 86 42 que

240 1993 94 42 font
357 1995 59 38 les
434 1991 133 54 galets
587 1989 144 41 roulés
752 2001 76 42 par
847 1986 40 40 la
904 1998 107 27 mer.

292 2066 221 54 Ajoutons
533 2077 84 42 que
635 2063 38 40 le
694 2066 303 37 constructeur
1035 2058 51 40 de
1119 2069 46 27 ce
1195 2054 182 42 curieux
1412 2053 271 42 instrument
1712 2053 51 40 de
1803 2051 206 54 musique

244 2143 173 39 exécute
437 2141 51 39 de
509 2138 182 55 grandes
713 2134 239 43 variations
976 2145 74 29 sur
1074 2131 39 41 le
1141 2129 129 41 Clair
1292 2129 55 40 de
1370 2129 44 40 la
1439 2128 125 50 lune,
1583 2125 336 54 Marlborough
1942 2127 61 38 les

237 2217 144 40 Petits
402 2216 208 40 Bateaux
615 2246 10 16 ,
647 2221 79 33 etc.
756 2211 36 40 Il
816 2223 22 27 a
860 2208 156 54 refusé,
1040 2204 196 53 disait-il,
1261 2204 29 40 il
1310 2218 29 41 y
1361 2218 22 26 a
1412 2202 211 56 quelques
1658 2200 129 51 mois,
1828 2201 166 52 25,000

238 2290 141 41 francs
400 2289 51 41 de
473 2303 77 26 son
574 2287 286 40 instrument.

292 2362 193 55 J'ignore
507 2361 67 41 s'il
592 2361 59 41 les
670 2374 22 26 a
715 2357 193 56 acceptés
924 2353 171 56 depuis.

295 2907 72 39 Au
391 2903 138 55 grand
551 2902 150 54 cirque
724 2900 191 53 Loisset,
931 2901 14 39 l
948 2899 9 20 ?
966 2912 59 28 un
1047 2898 72 40 des
1141 2896 97 56 plus
1263 2898 141 39 beaux
1427 2904 84 43 que
1524 2890 37 55 je
1594 2886 229 43 connaisse
1851 2893 42 33 et
1924 2898 54 27 au-

242 2981 101 53 quel
364 2980 37 54 je
423 2974 267 45 consacrerai
727 2988 61 27 un
817 2973 195 54 chapitre
1039 2979 98 33 tout
1173 2969 175 56 spécial,
1387 2967 10 54 j
1418 2966 39 40 ai
1498 2962 193 43 entendu
1714 2961 111 40 deux
1845 2959 162 40 clowns

239 3054 198 40 exécuter
452 3065 73 28 sur
541 3051 72 40 des
631 3056 96 49 pots
748 3048 50 41 de
817 3047 130 41 fleurs
967 3053 42 33 et
1025 3057 75 29 sur
1124 3044 71 40 des
1217 3056 142 28 verres
1377 3041 63 41 les
1461 3038 188 42 Cloches
1669 3035 59 41 du
1740 3035 263 50 monastère,

240 3128 51 39 de
315 3126 211 42 Lefébure
541 3124 148 55 Wely.

299 3201 80 40 Les
420 3208 95 46 pots
548 3199 50 40 de
638 3197 131 41 fleurs
807 3195 162 42 étaient
1000 3191 247 58 suspendus
1284 3202 75 42 par
1392 3188 72 40 des
1503 3185 147 42 cordes
1672 3188 21 35 à
1724 3183 71 39 des
1827 3178 180 52 tringles

245 3274 171 52 d'acier,
440 3272 148 42 reliées
610 3280 121 32 entre
755 3271 100 40 elles
877 3285 52 27 en
955 3270 136 41 forme
1113 3263 92 54 d'if,
1229 3275 170 29 comme
1421 3262 59 40 les
1501 3258 218 54 lampions
1742 3256 71 39 des
1836 3251 149 42 illumi-

249 3346 174 41 nations
466 3345 251 56 publiques.
761 3344 58 40 Le
859 3345 144 40 clown
1043 3338 187 56 frappait
1269 3349 77 27 sur
1384 3335 167 40 chacun
1591 3331 26 39 d
1637 3343 83 26 eux
1761 3339 100 27 avec
1899 3324 113 39 deux

252 3420 155 42 bâtons
428 3420 209 42 terminés
661 3432 77 41 par
761 3431 86 27 une
868 3418 134 54 petite
1028 3413 127 45 boule
1188 3409 155 44 d'acier
1363 3423 10 35 ;
1411 3416 42 32 et
1472 3404 144 44 c'était
1637 3402 218 42 vraiment
1889 3397 126 39 chose
