2476 4008
978 387 78 40 LA
1087 386 387 51 CHRONIQUE
1507 388 317 43 MUSICALE

536 398 77 41 172

580 532 66 39 En
676 534 25 52 i
701 534 100 52 554,
828 531 251 41 Duchemin
1102 532 206 55 imprima
1331 548 60 26 un
1413 535 186 40 Recueil
1629 536 54 40 de
1710 536 227 41 Chansons
1969 538 277 53 spirituelles
2264 560 12 30 ;

524 618 53 26 en
607 605 24 50 i
631 605 99 50 556,
759 604 134 52 VArt,
912 604 174 41 science
1107 612 42 33 et
1169 607 208 54 pratique
1395 607 54 40 de
1462 608 152 53 pleine
1635 609 196 54 musique
1852 616 42 33 et
1914 609 55 40 de
1992 611 284 43 l'institution

524 677 227 47 musicale,
775 680 90 37 très
895 677 126 51 utile,
1038 678 246 54 profitable
1307 687 40 33 et
1361 680 255 53 familière,
1636 683 324 40 nouvellement
1984 687 223 50 composée
2230 699 49 27 en

517 750 210 53 français
732 783 10 16 ,
766 753 130 37 ïn-12
922 754 119 48 (sans
1063 753 131 54 date).
1225 753 66 41 En
1321 754 126 49 1558,
1468 754 30 41 il
1531 754 111 41 livra
1676 769 55 26 au
1765 755 150 54 public
1944 757 157 40 Missœ
2131 759 118 39 modu-

524 823 128 49 latœ;
695 822 100 41 c'est
836 838 62 27 un
935 826 158 40 recueil
1124 827 50 40 de
1216 840 158 28 messes
1414 828 128 41 mises
1580 842 52 26 en
1676 828 205 55 musique
1916 843 75 40 par
2031 829 245 51 Goudimel,

525 896 200 42 Orlando
746 898 50 40 de
818 898 174 52 Lassus,
1016 900 205 56 Philippe
1242 901 51 40 de
1317 902 130 40 Mons
1469 911 40 32 et
1531 910 144 33 autres
1706 902 316 54 compositeurs
2043 903 59 40 du
2125 912 154 46 temps,

524 969 97 40 in-8
668 974 116 49 (sans
823 972 134 54 date).
1001 973 59 41 Ce
1098 976 157 39 recueil
1289 983 63 32 est
1385 989 108 39 rare,
1518 989 171 27 comme
1722 976 40 39 la
1797 976 178 53 plupart
2004 976 53 40 de
2091 990 108 27 ceux
2223 978 57 40 du

521 1042 194 42 seizième
754 1044 145 43 siècle.
944 1046 255 41 Duchemin
1237 1047 167 54 publia,
1430 1057 120 32 entre
1591 1051 111 51 1554
1732 1056 41 33 et
1801 1051 44 38 15
1858 1049 70 52 58,
1961 1063 86 26 une
2085 1052 198 51 quantité

519 1115 217 42 d'œuvres
759 1118 230 41 musicales
1013 1120 138 53 parmi
1176 1120 225 55 lesquelles
1424 1135 42 25 se
1481 1129 207 33 trouvent
1708 1123 72 39 des
1805 1122 215 40 chansons
2039 1123 49 40 de
2111 1124 172 42 Claude

524 1190 238 41 Goudimel
768 1223 7 19 ,
800 1191 72 40 des
892 1193 216 41 Psaumes
1115 1226 7 18 ,
1149 1200 79 34 etc.
1257 1194 59 40 La
1349 1194 95 40 date
1476 1194 208 55 probable
1706 1194 51 41 de
1788 1209 44 26 sa
1858 1203 116 33 mort
1997 1204 61 32 est
2083 1197 105 40 1565
2211 1197 69 52 ;il

521 1270 63 33 est
603 1264 163 40 certain
789 1265 111 53 qu'il
922 1279 148 45 exerça
1091 1266 51 40 de
1168 1268 102 52 1541
1300 1271 22 36 à
1351 1269 127 53 1554.

578 1337 82 40 Les
692 1336 215 59 poinçons
938 1348 42 31 et
1017 1340 201 41 matrices
1250 1341 51 40 de
1337 1341 249 40 Duchemin
1615 1345 221 51 passèrent
1864 1343 96 55 plus
1984 1343 93 40 tard
2099 1343 106 40 dans
2224 1343 58 42 les

525 1409 171 41 ateliers
718 1411 58 40 du
809 1410 67 42 fils
901 1412 58 41 Le
984 1413 73 42 Bé.
1085 1413 79 41 Ces
1182 1415 163 39 mêmes
1365 1415 212 58 poinçons
1599 1415 179 42 finirent
1798 1430 77 40 par
1895 1416 134 41 servir
2049 1430 85 26 aux
2151 1430 97 27 nom-

519 1483 173 41 breuses
726 1484 188 42 éditions
943 1486 51 40 de
1026 1488 204 53 musique
1254 1487 72 41 des
1362 1488 189 51 Ballard,
1579 1488 345 55 conjointement
1952 1503 104 26 avec
2093 1503 107 26 ceux
2231 1490 50 40 de

524 1555 254 42 Guillaume
805 1557 58 41 Le
886 1559 59 40 Bé
969 1559 51 54 (le
1042 1560 128 54 père).

578 1632 148 40 Parmi
748 1632 60 40 les
830 1646 214 40 ouvrages
1065 1634 50 40 de
1142 1634 206 54 musique
1378 1635 226 54 imprimés
1625 1639 23 36 à
1684 1635 122 41 Paris
1829 1651 55 25 au
1911 1637 199 40 seizième
2140 1637 140 48 siècle,

521 1705 142 41 citons
695 1719 60 26 un
788 1706 107 40 livre
932 1706 52 40 de
1013 1707 172 40 litanies
1209 1712 22 35 à
1253 1717 153 44 quatre
1585 1722 109 41 paru
1724 1723 53 27 en
1806 1724 12 25 1
1834 1712 17 38 5
1958 1710 102 40 chez
2083 1710 198 40 Thomas

520 1778 194 40 Brumen
757 1780 84 52 (1).
876 1779 80 40 Les
994 1783 232 38 caractères
1265 1781 51 40 de
1351 1781 206 54 musique
1596 1783 51 38 de
1688 1795 65 26 ces
1784 1781 170 42 litanies
1993 1791 98 33 sont
2129 1784 147 41 mieux

518 1851 161 40 formés
702 1861 38 32 et
762 1852 98 54 plus
882 1853 190 53 élégants
1095 1868 85 40 que
1202 1868 108 27 ceux
1332 1856 219 54 employés
1575 1869 75 40 par
1676 1856 168 40 Robert
1877 1856 187 54 Ballard,
2089 1865 163 34 contem-

519 1925 153 53 porain
696 1925 50 40 de
772 1926 210 41 Brumen.

573 1998 174 41 Adrien
771 2012 57 27 ou
850 1999 178 42 Adrian
1050 2002 62 39 Le
1131 2002 105 53 Roy
1241 2039 9 15 ,
1276 2002 214 40 musicien
1513 2004 50 38 de
1588 2002 138 42 Henri
1752 2002 40 41 II
1816 2005 83 50 (2),
1923 2002 156 43 s'étant
2099 2004 177 52 associé,

517 2084 113 41 pour
650 2072 291 54 l'impression
960 2074 50 40 de
1028 2074 41 40 la
1087 2075 220 54 musique,
1326 2089 100 28 avec
1443 2076 163 41 Robert
1623 2077 199 40 Ballard
1840 2090 76 27 son
1940 2077 247 41 beau-frère
2201 2078 78 55 (3),

514 2145 145 40 obtint
681 2145 59 41 du
763 2147 62 39 roi
849 2147 72 40 des
943 2147 145 41 lettres
1110 2156 195 46 patentes
1328 2150 38 40 le
1391 2164 50 40 14
1464 2152 105 39 août
1596 2152 125 49 issi,
1747 2151 108 39 dont
1877 2150 114 40 voici
2014 2150 187 42 l'extrait
2224 2152 55 40 tel

520 2222 133 50 qu'on
677 2218 37 41 le
747 2229 153 31 trouve
922 2220 107 41 dans
1061 2221 58 41 les
1145 2223 230 40 Chansons
1406 2225 55 40 de
1498 2224 183 53 Certon,
1705 2223 194 56 publiées
1940 2232 120 32 entre
2100 2226 107 41 1552
2244 2235 39 31 et

524 2305 11 26 1
555 2293 82 54 55y
660 2305 77 40 par
757 2306 66 27 ces
845 2293 114 41 deux
990 2295 282 54 imprimeurs
1296 2296 183 40 associés
1505 2310 9 29 :

573 2365 38 41 Il
634 2373 64 33 est
711 2368 166 52 permis
898 2369 26 39 à
943 2369 178 41 Adrian
1143 2370 59 40 Le
1225 2371 105 53 Roy
1345 2377 42 34 et
1411 2371 164 41 Robert
1589 2373 213 50 Ballard,
1829 2373 230 54 imprimer
2080 2387 57 28 ou
2145 2373 134 54 faire

514 2438 229 56 imprimer
765 2447 43 34 et
828 2455 190 41 exposer
1039 2455 50 28 en
1112 2450 126 34 vente
1267 2450 99 35 tous
1401 2446 61 39 les
1498 2445 137 41 livres
1666 2447 54 40 de
1750 2448 215 55 musique,
1992 2455 96 34 tant
2120 2449 162 41 instru-

557 2588 49 42 (1)
623 2588 175 44 Lytanioe
823 2590 35 33 in
879 2591 99 32 aima
999 2590 106 34 domo
1126 2592 226 43 Lauretana,
1376 2593 166 33 omnibus
1566 2594 127 33 diebus
1712 2594 156 42 sabbati,
1891 2595 229 44 vigiliarum.
2144 2601 36 28 et
2193 2597 63 42 fes
2262 2620 17 6 -

512 2647 132 39 torum,
668 2644 221 34 beatissimœ
918 2645 168 43 Virginis
1106 2648 135 32 musice
1269 2648 44 33 de
1336 2650 146 31 cantari
1501 2648 135 33 solitœ.
1665 2650 179 41 Parisiis,
1867 2651 98 42 apud
1992 2650 166 34 Thoman
2179 2652 75 32 Bru-

511 2699 194 43 mennium,
730 2700 36 33 in
798 2700 135 33 Clauso
961 2701 177 34 Brunello
1169 2702 64 33 sub
1265 2703 108 44 signe
1408 2703 117 34 Olivœ
1529 2729 8 16 ,
1696 2704 121 33 in-12.
1843 2706 161 32 Brumen
2024 2706 157 43 exerçait
2203 2707 79 43 déjà

514 2763 45 22 en
586 2754 39 32 15
634 2754 58 45 sg.

552 2810 49 40 (2)
625 2810 135 32 Adrien
780 2810 48 33 Le
848 2810 80 45 Roy
949 2810 88 34 était
1055 2811 179 34 chanteur
1257 2813 43 31 de
1323 2813 33 31 la
1371 2813 164 44 chapelle
1555 2813 49 33 du
1627 2813 52 33 roi
1700 2815 114 32 Henri
1840 2815 28 33 II
1884 2827 9 31 ;
1914 2827 45 21 en
1985 2816 102 44 1571,
2114 2815 24 34 il
2159 2818 122 32 donna

514 2863 238 43 l'hospitalité
776 2865 19 32 à
814 2865 163 33 Orlando
1004 2867 45 33 de
1082 2867 135 33 Lassus
1220 2893 9 15 ,
1248 2868 74 32 lors
1347 2868 43 32 de
1418 2879 68 22 son
1514 2868 137 34 arrivée
1673 2869 19 33 à
1710 2870 113 34 Paris.
1857 2871 48 33 Ce
1928 2872 47 32 Le
1998 2872 81 42 Roy
2100 2872 85 33 était
2206 2872 55 32 lui-

520 2919 122 31 même
677 2920 274 43 compositeur;
985 2933 47 21 on
1058 2934 19 22 a
1102 2923 43 32 de
1168 2923 54 32 lui
1256 2923 208 34 différentes
1490 2924 186 33 chansons
1693 2925 19 32 à
1733 2931 130 37 quatre
1889 2925 96 43 voix,
2008 2926 82 44 puis
2119 2937 129 22 encore
2269 2937 8 22 :

508 2973 226 34 Instruction
757 2975 44 33 de
818 2977 126 42 partir
964 2981 97 29 toute
1082 2978 162 44 musique
1274 2980 62 32 des
1357 2980 78 32 huit
1456 2980 122 33 divers
1599 2985 80 28 tons
1702 2991 42 22 en
1778 2980 183 34 tablature
1981 2982 43 32 de
2048 2981 88 43 luth,
2163 2981 62 33 155
2233 2994 19 31 7
2270 2993 8 31 ;

509 3027 95 33 enfin
629 3039 46 23 un
703 3029 91 34 livre
815 3031 113 33 d'airs
949 3032 44 33 de
1019 3043 90 23 cour
1136 3034 68 33 mis
1236 3044 63 23 sur
1320 3034 32 33 le
1373 3035 75 32 luth
1453 3061 7 16 ,
1489 3035 104 44 1571.
1615 3036 96 32 Dans
1731 3036 32 31 la
1785 3034 141 35 famille
1947 3037 64 32 des
2034 3037 156 42 Ballard,
2211 3037 25 32 il
2256 3048 23 32 y

508 3090 63 26 eut
601 3084 95 33 aussi
729 3084 183 44 plusieurs
942 3087 269 44 compositeurs
1236 3090 43 32 de
1307 3088 186 45 musique.
1524 3091 50 32 Ce
1604 3091 121 32 cumul
1752 3090 179 33 d'éditeur
1958 3097 34 26 et
2020 3091 43 32 de
2089 3092 166 43 composi-

509 3144 83 26 teur
613 3149 37 22 se
672 3138 76 33 voit
769 3150 131 23 encore
921 3141 43 32 de
992 3152 68 22 nos
1090 3143 112 42 jours,
1222 3144 176 43 quoique,
1423 3145 18 32 à
1463 3151 105 27 notre
1596 3145 87 42 avis,
1707 3145 32 33 la
1761 3144 56 34 vie
1839 3145 72 33 soit
1937 3152 83 37 trop
2042 3154 123 26 courte
2185 3158 94 33 pour

509 3192 81 33 bien
613 3194 156 43 remplir
789 3205 72 22 une
882 3196 101 32 seule
1004 3196 44 33 de
1069 3207 57 22 ces
1148 3198 93 32 deux
1260 3199 185 33 carrières.

553 3247 50 43 (3)
627 3247 59 33 On
717 3256 140 36 trouve,
881 3250 90 33 dans
1005 3251 32 32 le
1077 3252 208 44 Catalogue
1324 3253 289 45 chronologique
1644 3256 62 32 des
1739 3256 184 42 libraires,
1950 3262 88 35 etc.,
2061 3257 43 33 de
2138 3257 137 40 Lottin,

507 3313 146 23 comme
674 3305 192 33 succédant
884 3305 19 32 à
921 3305 137 33 Robert
1088 3307 156 43 Ballard,
1268 3315 96 26 mort
1386 3319 44 23 en
1458 3309 104 43 1606,
1585 3321 38 22 sa
1653 3321 115 24 veuve
1798 3312 156 32 Lucrèce
1977 3312 49 32 Le
2057 3312 49 32 Bé
2121 3323 9 31 ;
2161 3312 116 33 c'était

508 3368 86 23 sans
615 3358 111 33 doute
747 3369 73 22 une
842 3358 72 34 fille
938 3360 42 32 de
1003 3361 211 33 Guillaume
1237 3362 47 32 Le
1318 3363 58 42 Bé,
1399 3363 63 44 qui
1485 3364 95 34 avait
1605 3364 121 35 fourni
1752 3366 51 33 les
1827 3366 179 44 premiers
2027 3366 179 45 poinçons
2231 3367 43 31 de

508 3412 173 44 musique
704 3413 19 33 à
745 3415 45 34 A.
813 3415 47 33 Le
882 3415 82 44 Roy
979 3422 34 26 et
1035 3415 138 35 Robert
1190 3417 156 34 Ballard.
