2476 4008
749 368 77 41 LE
856 367 364 44 CHEVALIER
1255 368 86 43 DU
1375 366 207 44 CYGNE

1963 368 78 40 151

286 529 162 53 Hélias,
473 527 64 42 roi
558 526 52 42 de
634 525 209 43 Lillefort.
865 527 60 42 Ce
950 540 105 28 nom
1076 533 41 34 et
1145 538 44 28 ce
1210 524 97 43 titre
1327 524 94 42 leur
1442 523 216 43 suffiront.
1685 521 364 43 Entendez-vous

282 620 66 30 ces
370 603 110 43 cris?
503 615 46 27 ce
570 609 99 33 sont
690 601 59 41 les
775 600 81 42 cris
889 600 50 41 de
959 613 90 28 mes
1076 613 158 43 cygnes
1257 599 76 56 qui
1355 606 172 49 passent
1546 597 178 42 là-haut
1744 604 42 35 et
1808 596 79 56 qui
1907 598 114 53 m'ap-

282 679 172 57 pellent.
478 676 166 43 Encore
666 688 87 30 une
774 674 201 57 question
1212 675 25 41 ô
1260 686 71 29 ma
1353 672 278 55 bien-aimée,
1655 681 41 33 et
1716 672 38 55 je
1775 670 107 44 serai
1904 670 145 55 obligé

282 755 49 41 de
353 754 58 41 les
434 752 144 42 suivre
602 754 9 40 !

338 827 150 43 Hélias
509 839 222 45 prononça
750 838 66 29 ces
834 831 118 37 mots
967 837 104 29 avec
1091 836 61 29 un
1171 822 58 42 tel
1250 830 148 35 accent
1419 822 52 41 de
1490 822 186 42 tristesse
1693 828 41 35 et
1754 820 52 43 de
1827 820 221 56 reproche,

281 917 83 42 que
388 901 172 42 Béatrix
582 903 120 39 n'osa
722 902 100 54 plus
844 898 172 42 revenir
1036 911 73 29 sur
1129 910 46 28 ce
1207 896 126 54 sujet.
1357 896 55 42 Sa
1432 896 205 42 curiosité
1665 895 100 42 n'en
1786 895 102 43 était
1914 909 107 41 pour-

281 985 92 36 tant
395 976 45 42 ni
461 975 146 42 moins
628 974 114 54 vive,
766 974 46 41 ni
830 973 144 42 moins
996 971 191 54 ardente,
1206 978 42 37 et
1267 969 78 44 elle
1363 969 183 43 chercha
1568 983 77 43 par
1665 982 63 29 un
1749 975 122 36 autre
1892 980 157 43 moyen

281 1055 22 39 à
325 1051 140 42 savoir
485 1051 39 40 le
545 1048 103 43 fatal
670 1054 152 38 secret.

340 1143 18 21 cc
382 1125 44 42 Si
449 1124 39 56 je
508 1123 243 57 l'apprends
774 1136 98 28 sans
895 1122 109 56 qu'il
1027 1135 70 28 me
1118 1121 38 43 le
1185 1121 106 55 dise,
1312 1119 289 58 pensait-elle,
1622 1117 168 56 Hélias,
1808 1117 61 42 du
1888 1116 162 55 moins,

284 1215 52 28 ne
357 1213 88 28 sera
468 1213 75 42 pas
566 1198 114 42 forcé
700 1197 52 42 de
775 1210 69 29 me
864 1197 179 56 quitter.
1069 1213 19 23 »

339 1274 91 42 Elle
451 1273 50 43 fit
516 1273 124 42 venir
660 1274 41 41 la
722 1272 145 43 vieille
888 1272 196 54 sorcière,
1102 1272 107 43 dont
1223 1271 40 43 la
1285 1270 241 56 prédiction
1547 1267 139 44 s'était
1707 1267 35 43 si
1761 1267 99 42 bien
1880 1279 142 30 accom-

282 1350 99 56 plie,
409 1357 42 35 et
471 1348 76 42 elle
567 1350 41 40 la
630 1347 198 43 consulta
850 1361 54 28 en
924 1347 207 43 cachette.

408 1424 109 41 Mon
552 1431 65 35 art
645 1436 55 28 ne
721 1437 53 27 va
795 1436 91 42 pas,
918 1422 203 55 répondit
1155 1420 187 50 celle-ci,
1373 1420 172 56 jusqu'à
1578 1417 227 43 découvrir
1839 1430 46 28 ce
1918 1415 134 56 qu'on

279 1513 107 28 vous
409 1498 84 42 cèle
511 1512 11 38 ;
545 1498 110 41 mais
681 1497 115 56 priez
824 1497 60 41 les
905 1510 162 42 cygnes
1103 1497 51 40 de
1183 1495 39 42 le
1254 1495 236 42 demander
1512 1499 23 37 à
1567 1507 108 28 ceux
1704 1490 76 57 qui
1802 1497 77 35 ont
1900 1490 152 41 amené

279 1584 118 33 votre
429 1575 159 54 époux,
609 1580 40 34 et
670 1573 216 55 peut-être
906 1585 110 28 vous
1037 1570 39 42 le
1095 1570 242 41 diront-ils.

408 1648 238 42 Comment
679 1646 183 56 ferai-je,
898 1645 65 42 dit
999 1645 186 50 Béatrix,
1222 1644 34 42 si
1290 1644 179 55 j'ignore
1489 1643 39 41 le
1549 1642 181 55 langage
1751 1641 73 41 des
1846 1639 178 42 oiseaux
2039 1641 15 38 ?

418 1723 163 41 Prenez
620 1728 108 35 cette
754 1721 142 54 bague
929 1721 54 41 de
1018 1719 147 42 cuivre
1198 1724 58 37 où
1296 1728 61 33 est
1394 1718 296 42 enchatonnée
1723 1728 87 28 une
1845 1713 114 57 perle
2001 1712 52 42 de

280 1805 106 29 rose.
425 1791 181 55 Chaque
644 1789 82 42 fois
757 1803 84 42 que
874 1802 109 28 vous
1004 1797 230 34 tournerez
1267 1787 37 42 le
1335 1787 158 42 chaton
1516 1799 53 28 en
1599 1785 178 51 dedans,
1800 1796 109 27 vous
1930 1794 90 28 com-

279 1867 203 58 prendrez
504 1866 39 41 le
569 1865 185 55 langage
782 1864 73 41 des
888 1864 200 52 oiseaux;
1113 1877 110 28 vous
1243 1875 183 43 pourrez
1446 1861 92 42 leur
1559 1860 137 56 parler
1718 1865 41 35 et
1779 1857 52 41 ils
1853 1869 109 28 vous
1983 1857 45 39 ré-

280 1941 234 56 pondront.

338 2015 171 43 Béatrix
536 2015 84 56 prit
653 2015 40 42 la
717 2016 141 55 bague
887 2022 57 48 et,
968 2027 54 29 en
1057 2013 206 55 échange,
1295 2012 148 41 donna
1473 2015 23 37 à
1529 2008 40 44 la
1597 2008 178 42 sorcière
1796 2019 87 29 une
1908 2018 142 42 grosse

281 2102 164 30 somme
470 2090 105 43 dor.

1129 2236 69 44 VI

333 2393 162 52 Quand
515 2393 96 41 vint
633 2392 40 41 la
692 2391 143 42 saison
857 2395 58 38 où
936 2390 60 43 les
1016 2389 127 56 loups
1162 2388 152 43 vivent
1329 2386 52 42 de
1399 2393 119 48 vent,
1545 2385 80 41 elle
1646 2387 148 51 guetta
1815 2379 38 43 le
1872 2390 177 45 passage

277 2467 71 42 des
369 2481 162 42 cygnes
555 2475 40 34 et
614 2466 93 42 leur
728 2466 87 41 cria
834 2480 9 27 :

406 2540 160 42 Blancs
599 2540 191 52 oiseaux,
817 2539 77 55 qui
916 2539 120 41 volez
1062 2552 77 42 par
1163 2537 60 42 les
1255 2549 125 36 nues,
1415 2535 282 40 n'avez-vous
1730 2529 123 57 point
1891 2540 59 28 vu
1984 2526 64 40 six

277 2615 136 42 beaux
435 2629 174 42 cygnes,
634 2616 148 41 blancs
816 2628 171 29 comme
1007 2627 126 40 vous,
1157 2620 41 34 et
1218 2618 174 49 portant
1413 2610 71 40 des
1502 2607 164 41 colliers
1688 2605 26 40 d
1732 2617 47 28 or
1796 2607 15 36 ?

418 2692 125 40 Nous
568 2704 54 28 ne
650 2690 60 42 les
738 2704 135 28 avons
895 2688 127 57 point
1048 2702 99 38 vus,
1179 2681 366 60 répondirent-ils,
1576 2679 111 43 mais
1721 2685 195 33 attendez
1937 2687 59 41 qu
2016 2672 30 41 il

277 2765 104 41 fasse
414 2765 146 42 moins
588 2764 110 42 froid
731 2772 40 34 et
807 2777 84 42 que
928 2777 111 28 nous
1065 2761 217 43 revolions
1305 2773 56 28 au
1385 2771 104 43 pays
1510 2755 72 42 des
1604 2753 162 54 neiges,
1790 2763 110 28 nous
1923 2748 98 41 cher-

275 2840 178 41 cherons
475 2840 58 41 les
562 2854 158 41 cygnes
740 2854 85 27 aux
847 2838 167 42 colliers
1036 2838 104 41 d'or.

402 2915 122 41 Vous
547 2915 93 40 leur
660 2913 303 54 demanderez,
986 2912 131 55 reprit
1150 2909 192 52 Béatrix,
1368 2907 104 42 d'où
1507 2912 63 34 est
1591 2916 115 28 venu
1742 2900 165 53 Hélias,
1942 2910 103 29 mon

275 2990 155 55 époux,
455 2996 41 35 et
517 2989 143 56 quelle
679 2998 61 32 est
760 3001 78 28 son
859 2987 185 55 origine.

411 3064 39 39 A
476 3070 122 34 notre
628 3070 163 43 retour,
816 3076 112 27 nous
950 3074 109 28 vous
1100 3060 38 41 le
1171 3058 167 53 dirons,
1364 3053 283 58 répondirent
1667 3051 58 43 les
1757 3062 175 44 cygnes.

331 3135 169 42 Béatrix
535 3137 121 42 n'eut
677 3137 51 41 de
760 3137 85 55 joie
874 3136 188 55 qu'alors
1086 3148 84 41 que
1190 3134 39 40 le
1260 3144 167 30 coucou
1450 3141 252 40 commença
1723 3125 52 41 de
1805 3139 17 26 s
1839 3134 201 31 enrouer.

279 3209 79 41 Les
381 3224 158 42 cygnes
562 3211 223 42 revinrent
806 3210 119 42 enfin
956 3219 41 33 et
1017 3209 266 42 déclarèrent
1304 3205 129 57 qu'ils
1462 3201 219 44 n'avaient
1697 3200 125 55 point
1843 3210 57 27 vu
1929 3196 114 40 leurs

277 3282 125 43 frères
423 3299 85 27 aux
531 3285 164 41 colliers
717 3286 110 42 d'or.

330 3359 125 41 Alors
478 3358 77 42 elle
576 3359 241 55 interrogea
844 3367 101 35 tour
982 3362 24 39 à
1030 3367 101 35 tour
1151 3358 59 42 les
1240 3370 147 42 grues,
1410 3355 59 41 les
1490 3353 89 42 oies
1601 3358 41 34 et
1663 3349 58 41 les
1742 3345 178 44 canards
1942 3356 75 28 sau-

278 3445 124 41 vages
424 3448 10 35 ;
460 3443 38 31 et
515 3433 59 41 les
596 3447 144 39 grues,
763 3435 58 40 les
840 3434 88 41 oies
949 3442 40 33 et
1009 3435 58 40 les
1090 3432 181 42 canards
1293 3430 61 41 lui
1377 3429 127 41 firent
1526 3427 38 41 la
1585 3425 140 41 même
1747 3422 197 53 réponse.
