<?xml version="1.0" encoding="UTF-8"?>
<alto xmlns:xsi="http://www.w3.org/2001/XMLSchema-instance" xmlns="http://www.loc.gov/standards/alto/ns-v2#" xsi:schemaLocation="http://www.loc.gov/standards/alto/ns-v2# http://www.loc.gov/standards/alto/alto-v2.0.xsd" xmlns:xlink="http://www.w3.org/1999/xlink">
	<Description>
		<MeasurementUnit>mm10</MeasurementUnit>
		<sourceImageInformation>
			<fileName>//fileserver7/IN2/Princeton/Batch3/bmtnaac/1920/12_01/00000023.tif</fileName>
		</sourceImageInformation>
		<OCRProcessing ID="OCRPROCESSING_1">
			<preProcessingStep>
				<processingSoftware>
					<softwareCreator>CCS Content Conversion Specialists GmbH, Germany</softwareCreator>
					<softwareName>CCS docWORKS</softwareName>
					<softwareVersion>6.6-1.18</softwareVersion>
				</processingSoftware>
			</preProcessingStep>
			<ocrProcessingStep>
				<processingSoftware>
					<softwareCreator>ABBYY (BIT Software), Russia</softwareCreator>
					<softwareName>FineReader</softwareName>
					<softwareVersion>10.0</softwareVersion>
				</processingSoftware>
			</ocrProcessingStep>
		</OCRProcessing>
	</Description>
	<Styles>
		<TextStyle ID="TXT_0" FONTSIZE="32" FONTFAMILY="Times New Roman"/>
		<TextStyle ID="TXT_1" FONTSIZE="13" FONTFAMILY="Times New Roman"/>
		<TextStyle ID="TXT_2" FONTSIZE="16" FONTFAMILY="Times New Roman" FONTSTYLE="bold"/>
		<ParagraphStyle ID="PAR_CENTER" ALIGN="Center"/>
		<ParagraphStyle ID="PAR_RIGHT" ALIGN="Right"/>
		<ParagraphStyle ID="PAR_LEFT" ALIGN="Left"/>
		<ParagraphStyle ID="PAR_BLOCK" ALIGN="Block"/>
	</Styles>
	<Layout>
		<Page ID="P23" PHYSICAL_IMG_NR="23" HEIGHT="4087" WIDTH="2629" PRINTED_IMG_NR="45" PC="0.944">
			<TopMargin ID="P23_TM00001" HPOS="0" VPOS="0" WIDTH="2629" HEIGHT="151"/>
			<LeftMargin ID="P23_LM00001" HPOS="0" VPOS="151" WIDTH="98" HEIGHT="3543"/>
			<RightMargin ID="P23_RM00001" HPOS="2513" VPOS="151" WIDTH="116" HEIGHT="3543"/>
			<BottomMargin ID="P23_BM00001" HPOS="0" VPOS="3694" WIDTH="2629" HEIGHT="393">
				<TextBlock ID="P23_TB00001" HPOS="1290" VPOS="3697" WIDTH="61" HEIGHT="48" STYLEREFS="TXT_0 PAR_CENTER">
					<TextLine ID="P23_TL00001" HPOS="1290" VPOS="3697" WIDTH="61" HEIGHT="48">
						<String ID="P23_ST00001" HPOS="1290" VPOS="3697" WIDTH="61" HEIGHT="48" CONTENT="45" WC="1.00" CC="00"/>
					</TextLine>
				</TextBlock>
				<TextBlock ID="P23_TB00002" HPOS="1945" VPOS="3697" WIDTH="429" HEIGHT="52" STYLEREFS="TXT_1 PAR_RIGHT">
					<TextLine ID="P23_TL00002" HPOS="1946" VPOS="3699" WIDTH="426" HEIGHT="50">
						<String ID="P23_ST00002" HPOS="1946" VPOS="3699" WIDTH="297" HEIGHT="48" CONTENT="DÉCEMBRE" WC="0.98" CC="63078607"/>
						<SP ID="P23_SP00001" HPOS="2243" VPOS="3747" WIDTH="40"/>
						<String ID="P23_ST00003" HPOS="2283" VPOS="3714" WIDTH="89" HEIGHT="35" CONTENT="19Z0" WC="0.41" CC="8473"/>
					</TextLine>
				</TextBlock>
				<TextBlock ID="P23_TB00003" HPOS="222" VPOS="3698" WIDTH="259" HEIGHT="50" STYLEREFS="TXT_1 PAR_LEFT">
					<TextLine ID="P23_TL00003" HPOS="224" VPOS="3699" WIDTH="255" HEIGHT="47">
						<String ID="P23_ST00004" HPOS="224" VPOS="3709" WIDTH="77" HEIGHT="37" CONTENT="LÀ" WC="0.39" CC="47"/>
						<SP ID="P23_SP00002" HPOS="301" VPOS="3746" WIDTH="54"/>
						<String ID="P23_ST00005" HPOS="355" VPOS="3699" WIDTH="124" HEIGHT="47" CONTENT="CITÉ" WC="0.97" CC="0442"/>
					</TextLine>
				</TextBlock>
			</BottomMargin>
			<PrintSpace ID="P23_PS00001" HPOS="98" VPOS="151" WIDTH="2415" HEIGHT="3543">
				<TextBlock ID="P23_TB00004" HPOS="991" VPOS="197" WIDTH="690" HEIGHT="49" STYLEREFS="TXT_1 PAR_RIGHT">
					<TextLine ID="P23_TL00004" HPOS="991" VPOS="198" WIDTH="690" HEIGHT="48">
						<String ID="P23_ST00006" HPOS="991" VPOS="198" WIDTH="690" HEIGHT="48" CONTENT="HABITAT" WC="0.99" CC="0535000"/>
					</TextLine>
				</TextBlock>
				<TextBlock ID="P23_TB00005" HPOS="99" VPOS="405" WIDTH="1170" HEIGHT="795" STYLEREFS="TXT_1 PAR_BLOCK">
					<TextLine ID="P23_TL00005" HPOS="106" VPOS="407" WIDTH="1155" HEIGHT="56">
						<String ID="P23_ST00007" HPOS="106" VPOS="407" WIDTH="369" HEIGHT="42" CONTENT="l'intermédiaire" WC="1.00" CC="000000006040450"/>
						<SP ID="P23_SP00003" HPOS="475" VPOS="449" WIDTH="32"/>
						<String ID="P23_ST00008" HPOS="507" VPOS="408" WIDTH="79" HEIGHT="41" CONTENT="des" WC="1.00" CC="000"/>
						<SP ID="P23_SP00004" HPOS="586" VPOS="449" WIDTH="33"/>
						<String ID="P23_ST00009" HPOS="619" VPOS="413" WIDTH="216" HEIGHT="38" CONTENT="autorités" WC="0.99" CC="000641070"/>
						<SP ID="P23_SP00005" HPOS="835" VPOS="451" WIDTH="33"/>
						<String ID="P23_ST00010" HPOS="868" VPOS="411" WIDTH="179" HEIGHT="48" CONTENT="locales," WC="0.99" CC="23603003"/>
						<SP ID="P23_SP00006" HPOS="1047" VPOS="459" WIDTH="37"/>
						<String ID="P23_ST00011" HPOS="1084" VPOS="414" WIDTH="40" HEIGHT="40" CONTENT="le" WC="1.00" CC="00"/>
						<SP ID="P23_SP00007" HPOS="1124" VPOS="459" WIDTH="30"/>
						<String ID="P23_ST00012" HPOS="1154" VPOS="432" WIDTH="81" HEIGHT="31" CONTENT="gou" SUBS_TYPE="HypPart1" SUBS_CONTENT="gouvernement" WC="0.98" CC="030"/>
						<HYP HPOS="1235" VPOS="432" WIDTH="26" CONTENT="-"/>
					</TextLine>
					<TextLine ID="P23_TL00006" HPOS="104" VPOS="470" WIDTH="1159" HEIGHT="50">
						<String ID="P23_ST00013" HPOS="104" VPOS="480" WIDTH="269" HEIGHT="29" CONTENT="vernement" SUBS_TYPE="HypPart2" SUBS_CONTENT="gouvernement" WC="1.00" CC="000700000"/>
						<SP ID="P23_SP00008" HPOS="373" VPOS="509" WIDTH="24"/>
						<String ID="P23_ST00014" HPOS="397" VPOS="479" WIDTH="161" HEIGHT="31" CONTENT="trouva" WC="1.00" CC="003000"/>
						<SP ID="P23_SP00009" HPOS="558" VPOS="510" WIDTH="24"/>
						<String ID="P23_ST00015" HPOS="582" VPOS="470" WIDTH="40" HEIGHT="40" CONTENT="le" WC="1.00" CC="00"/>
						<SP ID="P23_SP00010" HPOS="622" VPOS="510" WIDTH="24"/>
						<String ID="P23_ST00016" HPOS="646" VPOS="488" WIDTH="167" HEIGHT="32" CONTENT="moyen" WC="0.99" CC="05000"/>
						<SP ID="P23_SP00011" HPOS="813" VPOS="520" WIDTH="26"/>
						<String ID="P23_ST00017" HPOS="839" VPOS="472" WIDTH="176" HEIGHT="43" CONTENT="d'aider" WC="0.99" CC="0403004"/>
						<SP ID="P23_SP00012" HPOS="1015" VPOS="520" WIDTH="26"/>
						<String ID="P23_ST00018" HPOS="1041" VPOS="475" WIDTH="62" HEIGHT="40" CONTENT="les" WC="0.99" CC="100"/>
						<SP ID="P23_SP00013" HPOS="1103" VPOS="520" WIDTH="21"/>
						<String ID="P23_ST00019" HPOS="1124" VPOS="479" WIDTH="116" HEIGHT="38" CONTENT="socié" SUBS_TYPE="HypPart1" SUBS_CONTENT="sociétés" WC="0.99" CC="00045"/>
						<HYP HPOS="1240" VPOS="479" WIDTH="23" CONTENT="-"/>
					</TextLine>
					<TextLine ID="P23_TL00007" HPOS="108" VPOS="529" WIDTH="1157" HEIGHT="55">
						<String ID="P23_ST00020" HPOS="108" VPOS="533" WIDTH="65" HEIGHT="36" CONTENT="tés" SUBS_TYPE="HypPart2" SUBS_CONTENT="sociétés" WC="0.98" CC="060"/>
						<SP ID="P23_SP00014" HPOS="173" VPOS="569" WIDTH="41"/>
						<String ID="P23_ST00021" HPOS="214" VPOS="529" WIDTH="192" HEIGHT="41" CONTENT="d'utilité" WC="0.99" CC="045040205"/>
						<SP ID="P23_SP00015" HPOS="406" VPOS="570" WIDTH="39"/>
						<String ID="P23_ST00022" HPOS="445" VPOS="530" WIDTH="219" HEIGHT="51" CONTENT="publique" WC="0.99" CC="05053000"/>
						<SP ID="P23_SP00016" HPOS="664" VPOS="581" WIDTH="37"/>
						<String ID="P23_ST00023" HPOS="701" VPOS="535" WIDTH="26" HEIGHT="38" CONTENT="à" WC="0.20" CC="7"/>
						<SP ID="P23_SP00017" HPOS="727" VPOS="581" WIDTH="38"/>
						<String ID="P23_ST00024" HPOS="765" VPOS="536" WIDTH="143" HEIGHT="48" CONTENT="ériger" WC="0.99" CC="621000"/>
						<SP ID="P23_SP00018" HPOS="908" VPOS="584" WIDTH="40"/>
						<String ID="P23_ST00025" HPOS="948" VPOS="535" WIDTH="79" HEIGHT="41" CONTENT="des" WC="1.00" CC="000"/>
						<SP ID="P23_SP00019" HPOS="1027" VPOS="584" WIDTH="40"/>
						<String ID="P23_ST00026" HPOS="1067" VPOS="540" WIDTH="198" HEIGHT="38" CONTENT="maisons" WC="0.99" CC="0014300"/>
					</TextLine>
					<TextLine ID="P23_TL00008" HPOS="108" VPOS="591" WIDTH="1157" HEIGHT="49">
						<String ID="P23_ST00027" HPOS="108" VPOS="593" WIDTH="228" HEIGHT="39" CONTENT="ouvrières" WC="1.00" CC="000017000"/>
						<SP ID="P23_SP00020" HPOS="336" VPOS="632" WIDTH="27"/>
						<String ID="P23_ST00028" HPOS="363" VPOS="591" WIDTH="322" HEIGHT="44" CONTENT="convenables." WC="1.00" CC="000000000002"/>
						<SP ID="P23_SP00021" HPOS="685" VPOS="635" WIDTH="32"/>
						<String ID="P23_ST00029" HPOS="717" VPOS="593" WIDTH="66" HEIGHT="43" CONTENT="En" WC="0.71" CC="40"/>
						<SP ID="P23_SP00022" HPOS="783" VPOS="636" WIDTH="28"/>
						<String ID="P23_ST00030" HPOS="811" VPOS="594" WIDTH="94" HEIGHT="43" CONTENT="leur" WC="0.98" CC="4005"/>
						<SP ID="P23_SP00023" HPOS="905" VPOS="637" WIDTH="26"/>
						<String ID="P23_ST00031" HPOS="931" VPOS="598" WIDTH="249" HEIGHT="41" CONTENT="accordant" WC="1.00" CC="500030000"/>
						<SP ID="P23_SP00024" HPOS="1180" VPOS="639" WIDTH="28"/>
						<String ID="P23_ST00032" HPOS="1208" VPOS="616" WIDTH="57" HEIGHT="24" CONTENT="un" WC="0.72" CC="50"/>
					</TextLine>
					<TextLine ID="P23_TL00009" HPOS="107" VPOS="652" WIDTH="1158" HEIGHT="56">
						<String ID="P23_ST00033" HPOS="107" VPOS="652" WIDTH="184" HEIGHT="42" CONTENT="subside" WC="1.00" CC="3000300"/>
						<SP ID="P23_SP00025" HPOS="291" VPOS="694" WIDTH="28"/>
						<String ID="P23_ST00034" HPOS="319" VPOS="653" WIDTH="59" HEIGHT="40" CONTENT="de" WC="1.00" CC="00"/>
						<SP ID="P23_SP00026" HPOS="378" VPOS="694" WIDTH="27"/>
						<String ID="P23_ST00035" HPOS="405" VPOS="652" WIDTH="59" HEIGHT="42" CONTENT="30" WC="0.81" CC="30"/>
						<SP ID="P23_SP00027" HPOS="464" VPOS="694" WIDTH="27"/>
						<String ID="P23_ST00036" HPOS="491" VPOS="671" WIDTH="43" HEIGHT="33" CONTENT="p." WC="0.78" CC="04"/>
						<SP ID="P23_SP00028" HPOS="534" VPOS="704" WIDTH="32"/>
						<String ID="P23_ST00037" HPOS="566" VPOS="672" WIDTH="34" HEIGHT="23" CONTENT="c." WC="0.83" CC="03"/>
						<SP ID="P23_SP00029" HPOS="600" VPOS="704" WIDTH="34"/>
						<String ID="P23_ST00038" HPOS="634" VPOS="654" WIDTH="81" HEIGHT="42" CONTENT="des" WC="1.00" CC="000"/>
						<SP ID="P23_SP00030" HPOS="715" VPOS="704" WIDTH="23"/>
						<String ID="P23_ST00039" HPOS="738" VPOS="654" WIDTH="188" HEIGHT="53" CONTENT="charges" WC="0.99" CC="0705000"/>
						<SP ID="P23_SP00031" HPOS="926" VPOS="707" WIDTH="26"/>
						<String ID="P23_ST00040" HPOS="952" VPOS="675" WIDTH="86" HEIGHT="33" CONTENT="que" WC="0.99" CC="200"/>
						<SP ID="P23_SP00032" HPOS="1038" VPOS="708" WIDTH="29"/>
						<String ID="P23_ST00041" HPOS="1067" VPOS="659" WIDTH="92" HEIGHT="41" CONTENT="leur" WC="0.99" CC="4001"/>
						<SP ID="P23_SP00033" HPOS="1159" VPOS="708" WIDTH="26"/>
						<String ID="P23_ST00042" HPOS="1185" VPOS="663" WIDTH="54" HEIGHT="37" CONTENT="im" SUBS_TYPE="HypPart1" SUBS_CONTENT="impose" WC="0.96" CC="50"/>
						<HYP HPOS="1239" VPOS="663" WIDTH="26" CONTENT="-"/>
					</TextLine>
					<TextLine ID="P23_TL00010" HPOS="108" VPOS="714" WIDTH="1159" HEIGHT="56">
						<String ID="P23_ST00043" HPOS="108" VPOS="731" WIDTH="113" HEIGHT="34" CONTENT="pose" SUBS_TYPE="HypPart2" SUBS_CONTENT="impose" WC="0.98" CC="1207"/>
						<SP ID="P23_SP00034" HPOS="221" VPOS="765" WIDTH="55"/>
						<String ID="P23_ST00044" HPOS="276" VPOS="714" WIDTH="39" HEIGHT="40" CONTENT="le" WC="0.67" CC="06"/>
						<SP ID="P23_SP00035" HPOS="315" VPOS="765" WIDTH="35"/>
						<String ID="P23_ST00045" HPOS="350" VPOS="715" WIDTH="167" HEIGHT="51" CONTENT="capital" WC="0.99" CC="0603071"/>
						<SP ID="P23_SP00036" HPOS="517" VPOS="766" WIDTH="54"/>
						<String ID="P23_ST00046" HPOS="571" VPOS="715" WIDTH="186" HEIGHT="51" CONTENT="qu'elles" WC="0.99" CC="05400200"/>
						<SP ID="P23_SP00037" HPOS="757" VPOS="766" WIDTH="38"/>
						<String ID="P23_ST00047" HPOS="795" VPOS="727" WIDTH="79" HEIGHT="32" CONTENT="ont" WC="1.00" CC="000"/>
						<SP ID="P23_SP00038" HPOS="874" VPOS="766" WIDTH="53"/>
						<String ID="P23_ST00048" HPOS="927" VPOS="721" WIDTH="26" HEIGHT="39" CONTENT="à" WC="0.37" CC="6"/>
						<SP ID="P23_SP00039" HPOS="953" VPOS="766" WIDTH="53"/>
						<String ID="P23_ST00049" HPOS="1006" VPOS="733" WIDTH="261" HEIGHT="37" CONTENT="emprunter" WC="0.99" CC="000560005"/>
					</TextLine>
					<TextLine ID="P23_TL00011" HPOS="117" VPOS="775" WIDTH="1150" HEIGHT="57">
						<String ID="P23_ST00050" HPOS="117" VPOS="775" WIDTH="208" HEIGHT="51" CONTENT="(subside" WC="1.00" CC="03000300"/>
						<SP ID="P23_SP00040" HPOS="325" VPOS="826" WIDTH="25"/>
						<String ID="P23_ST00051" HPOS="350" VPOS="779" WIDTH="132" HEIGHT="47" CONTENT="porté" WC="0.98" CC="02206"/>
						<SP ID="P23_SP00041" HPOS="482" VPOS="826" WIDTH="26"/>
						<String ID="P23_ST00052" HPOS="508" VPOS="780" WIDTH="25" HEIGHT="37" CONTENT="à" WC="0.14" CC="8"/>
						<SP ID="P23_SP00042" HPOS="533" VPOS="826" WIDTH="27"/>
						<String ID="P23_ST00053" HPOS="560" VPOS="776" WIDTH="60" HEIGHT="42" CONTENT="50" WC="0.82" CC="11"/>
						<SP ID="P23_SP00043" HPOS="620" VPOS="826" WIDTH="27"/>
						<String ID="P23_ST00054" HPOS="647" VPOS="795" WIDTH="42" HEIGHT="33" CONTENT="p." WC="0.84" CC="03"/>
						<SP ID="P23_SP00044" HPOS="689" VPOS="828" WIDTH="31"/>
						<String ID="P23_ST00055" HPOS="720" VPOS="796" WIDTH="34" HEIGHT="24" CONTENT="c." WC="0.80" CC="04"/>
						<SP ID="P23_SP00045" HPOS="754" VPOS="828" WIDTH="29"/>
						<String ID="P23_ST00056" HPOS="783" VPOS="780" WIDTH="209" HEIGHT="50" CONTENT="jusqu'en" WC="0.99" CC="20460300"/>
						<SP ID="P23_SP00046" HPOS="992" VPOS="830" WIDTH="35"/>
						<String ID="P23_ST00057" HPOS="1027" VPOS="781" WIDTH="85" HEIGHT="42" CONTENT="192" WC="0.72" CC="800"/>
						<SP ID="P23_SP00047" HPOS="1112" VPOS="830" WIDTH="14"/>
						<String ID="P23_ST00058" HPOS="1126" VPOS="782" WIDTH="71" HEIGHT="50" CONTENT="7)," WC="0.85" CC="003"/>
						<SP ID="P23_SP00048" HPOS="1197" VPOS="832" WIDTH="30"/>
						<String ID="P23_ST00059" HPOS="1227" VPOS="783" WIDTH="40" HEIGHT="41" CONTENT="le" WC="0.76" CC="40"/>
					</TextLine>
					<TextLine ID="P23_TL00012" HPOS="110" VPOS="840" WIDTH="1158" HEIGHT="48">
						<String ID="P23_ST00060" HPOS="110" VPOS="849" WIDTH="361" HEIGHT="38" CONTENT="gouvernement" WC="1.00" CC="017000020000"/>
						<SP ID="P23_SP00049" HPOS="471" VPOS="887" WIDTH="32"/>
						<String ID="P23_ST00061" HPOS="503" VPOS="855" WIDTH="175" HEIGHT="33" CONTENT="prouve" WC="1.00" CC="030000"/>
						<SP ID="P23_SP00050" HPOS="678" VPOS="888" WIDTH="32"/>
						<String ID="P23_ST00062" HPOS="710" VPOS="857" WIDTH="83" HEIGHT="25" CONTENT="son" WC="1.00" CC="000"/>
						<SP ID="P23_SP00051" HPOS="793" VPOS="888" WIDTH="34"/>
						<String ID="P23_ST00063" HPOS="827" VPOS="840" WIDTH="118" HEIGHT="44" CONTENT="désir" WC="0.97" CC="07464"/>
						<SP ID="P23_SP00052" HPOS="945" VPOS="888" WIDTH="30"/>
						<String ID="P23_ST00064" HPOS="975" VPOS="842" WIDTH="57" HEIGHT="42" CONTENT="de" WC="1.00" CC="00"/>
						<SP ID="P23_SP00053" HPOS="1032" VPOS="888" WIDTH="32"/>
						<String ID="P23_ST00065" HPOS="1064" VPOS="847" WIDTH="99" HEIGHT="37" CONTENT="voir" WC="0.99" CC="0023"/>
						<SP ID="P23_SP00054" HPOS="1163" VPOS="888" WIDTH="29"/>
						<String ID="P23_ST00066" HPOS="1192" VPOS="861" WIDTH="76" HEIGHT="24" CONTENT="ces" WC="0.99" CC="300"/>
					</TextLine>
					<TextLine ID="P23_TL00013" HPOS="107" VPOS="898" WIDTH="1155" HEIGHT="52">
						<String ID="P23_ST00067" HPOS="107" VPOS="900" WIDTH="192" HEIGHT="40" CONTENT="sociétés" WC="0.98" CC="35137063"/>
						<SP ID="P23_SP00055" HPOS="299" VPOS="940" WIDTH="31"/>
						<String ID="P23_ST00068" HPOS="330" VPOS="898" WIDTH="284" HEIGHT="52" CONTENT="développer" WC="1.00" CC="0700020000"/>
						<SP ID="P23_SP00056" HPOS="614" VPOS="950" WIDTH="31"/>
						<String ID="P23_ST00069" HPOS="645" VPOS="900" WIDTH="93" HEIGHT="42" CONTENT="leur" WC="0.97" CC="4312"/>
						<SP ID="P23_SP00057" HPOS="738" VPOS="950" WIDTH="30"/>
						<String ID="P23_ST00070" HPOS="768" VPOS="905" WIDTH="151" HEIGHT="39" CONTENT="action" WC="1.00" CC="000500"/>
						<SP ID="P23_SP00058" HPOS="919" VPOS="950" WIDTH="29"/>
						<String ID="P23_ST00071" HPOS="948" VPOS="903" WIDTH="314" HEIGHT="44" CONTENT="bienfaisante." WC="1.00" CC="0000603000004"/>
					</TextLine>
					<TextLine ID="P23_TL00014" HPOS="175" VPOS="959" WIDTH="1091" HEIGHT="56">
						<String ID="P23_ST00072" HPOS="175" VPOS="959" WIDTH="102" HEIGHT="42" CONTENT="Une" WC="0.98" CC="500"/>
						<SP ID="P23_SP00059" HPOS="277" VPOS="1001" WIDTH="24"/>
						<String ID="P23_ST00073" HPOS="301" VPOS="959" WIDTH="226" HEIGHT="43" CONTENT="brochure" WC="0.99" CC="01307000"/>
						<SP ID="P23_SP00060" HPOS="527" VPOS="1002" WIDTH="26"/>
						<String ID="P23_ST00074" HPOS="553" VPOS="965" WIDTH="73" HEIGHT="46" CONTENT="qui" WC="0.98" CC="005"/>
						<SP ID="P23_SP00061" HPOS="626" VPOS="1011" WIDTH="26"/>
						<String ID="P23_ST00075" HPOS="652" VPOS="966" WIDTH="129" HEIGHT="38" CONTENT="traite" WC="1.00" CC="000500"/>
						<SP ID="P23_SP00062" HPOS="781" VPOS="1011" WIDTH="25"/>
						<String ID="P23_ST00076" HPOS="806" VPOS="964" WIDTH="80" HEIGHT="41" CONTENT="des" WC="1.00" CC="000"/>
						<SP ID="P23_SP00063" HPOS="886" VPOS="1011" WIDTH="24"/>
						<String ID="P23_ST00077" HPOS="910" VPOS="968" WIDTH="217" HEIGHT="47" CONTENT="quartiers" WC="0.99" CC="158103044"/>
						<SP ID="P23_SP00064" HPOS="1127" VPOS="1015" WIDTH="26"/>
						<String ID="P23_ST00078" HPOS="1153" VPOS="968" WIDTH="91" HEIGHT="40" CONTENT="insa" SUBS_TYPE="HypPart1" SUBS_CONTENT="insalubres" WC="0.99" CC="3000"/>
						<HYP HPOS="1244" VPOS="968" WIDTH="22" CONTENT="-"/>
					</TextLine>
					<TextLine ID="P23_TL00015" HPOS="109" VPOS="1021" WIDTH="1159" HEIGHT="55">
						<String ID="P23_ST00079" HPOS="109" VPOS="1021" WIDTH="149" HEIGHT="41" CONTENT="lubres" SUBS_TYPE="HypPart2" SUBS_CONTENT="insalubres" WC="0.99" CC="400400"/>
						<SP ID="P23_SP00065" HPOS="258" VPOS="1062" WIDTH="36"/>
						<String ID="P23_ST00080" HPOS="294" VPOS="1023" WIDTH="209" HEIGHT="49" CONTENT="apprend" WC="1.00" CC="0005000"/>
						<SP ID="P23_SP00066" HPOS="503" VPOS="1072" WIDTH="38"/>
						<String ID="P23_ST00081" HPOS="541" VPOS="1036" WIDTH="233" HEIGHT="29" CONTENT="comment" WC="1.00" CC="0100000"/>
						<SP ID="P23_SP00067" HPOS="774" VPOS="1072" WIDTH="36"/>
						<String ID="P23_ST00082" HPOS="810" VPOS="1024" WIDTH="93" HEIGHT="43" CONTENT="l'on" WC="0.97" CC="3450"/>
						<SP ID="P23_SP00068" HPOS="903" VPOS="1072" WIDTH="37"/>
						<String ID="P23_ST00083" HPOS="940" VPOS="1037" WIDTH="109" HEIGHT="39" CONTENT="peut" WC="1.00" CC="0000"/>
						<SP ID="P23_SP00069" HPOS="1049" VPOS="1076" WIDTH="33"/>
						<String ID="P23_ST00084" HPOS="1082" VPOS="1030" WIDTH="186" HEIGHT="38" CONTENT="assainir" WC="0.99" CC="00005054"/>
					</TextLine>
					<TextLine ID="P23_TL00016" HPOS="108" VPOS="1085" WIDTH="1160" HEIGHT="54">
						<String ID="P23_ST00085" HPOS="108" VPOS="1099" WIDTH="74" HEIGHT="25" CONTENT="ces" WC="0.99" CC="300"/>
						<SP ID="P23_SP00070" HPOS="182" VPOS="1124" WIDTH="38"/>
						<String ID="P23_ST00086" HPOS="220" VPOS="1086" WIDTH="219" HEIGHT="47" CONTENT="quartiers" WC="0.99" CC="573003010"/>
						<SP ID="P23_SP00071" HPOS="439" VPOS="1133" WIDTH="40"/>
						<String ID="P23_ST00087" HPOS="479" VPOS="1095" WIDTH="43" HEIGHT="29" CONTENT="et" WC="1.00" CC="00"/>
						<SP ID="P23_SP00072" HPOS="522" VPOS="1133" WIDTH="40"/>
						<String ID="P23_ST00088" HPOS="562" VPOS="1085" WIDTH="40" HEIGHT="41" CONTENT="le" WC="0.54" CC="35"/>
						<SP ID="P23_SP00073" HPOS="602" VPOS="1133" WIDTH="39"/>
						<String ID="P23_ST00089" HPOS="641" VPOS="1102" WIDTH="139" HEIGHT="33" CONTENT="genre" WC="1.00" CC="00000"/>
						<SP ID="P23_SP00074" HPOS="780" VPOS="1135" WIDTH="36"/>
						<String ID="P23_ST00090" HPOS="816" VPOS="1086" WIDTH="326" HEIGHT="43" CONTENT="d'habitations" WC="1.00" CC="0400050004000"/>
						<SP ID="P23_SP00075" HPOS="1142" VPOS="1135" WIDTH="39"/>
						<String ID="P23_ST00091" HPOS="1181" VPOS="1107" WIDTH="87" HEIGHT="32" CONTENT="que" WC="0.97" CC="052"/>
					</TextLine>
					<TextLine ID="P23_TL00017" HPOS="107" VPOS="1143" WIDTH="962" HEIGHT="55">
						<String ID="P23_ST00092" HPOS="107" VPOS="1143" WIDTH="93" HEIGHT="42" CONTENT="l'on" WC="0.99" CC="0060"/>
						<SP ID="P23_SP00076" HPOS="200" VPOS="1185" WIDTH="28"/>
						<String ID="P23_ST00093" HPOS="228" VPOS="1156" WIDTH="110" HEIGHT="39" CONTENT="peut" WC="1.00" CC="0000"/>
						<SP ID="P23_SP00077" HPOS="338" VPOS="1195" WIDTH="26"/>
						<String ID="P23_ST00094" HPOS="364" VPOS="1145" WIDTH="160" HEIGHT="42" CONTENT="édifier" WC="0.98" CC="7014405"/>
						<SP ID="P23_SP00078" HPOS="524" VPOS="1195" WIDTH="25"/>
						<String ID="P23_ST00095" HPOS="549" VPOS="1148" WIDTH="25" HEIGHT="39" CONTENT="à" WC="0.46" CC="5"/>
						<SP ID="P23_SP00079" HPOS="574" VPOS="1195" WIDTH="28"/>
						<String ID="P23_ST00096" HPOS="602" VPOS="1146" WIDTH="94" HEIGHT="42" CONTENT="leur" WC="0.98" CC="0043"/>
						<SP ID="P23_SP00080" HPOS="696" VPOS="1195" WIDTH="26"/>
						<String ID="P23_ST00097" HPOS="722" VPOS="1148" WIDTH="347" HEIGHT="50" CONTENT="emplacement." WC="1.00" CC="000002000004"/>
					</TextLine>
				</TextBlock>
				<TextBlock ID="P23_TB00006" HPOS="109" VPOS="1227" WIDTH="1158" HEIGHT="113" STYLEREFS="TXT_2 PAR_LEFT">
					<TextLine ID="P23_TL00018" HPOS="110" VPOS="1230" WIDTH="705" HEIGHT="44">
						<String ID="P23_ST00098" HPOS="110" VPOS="1230" WIDTH="356" HEIGHT="42" CONTENT="NOUVEAUX" WC="0.99" CC="00300340"/>
						<SP ID="P23_SP00081" HPOS="466" VPOS="1272" WIDTH="35"/>
						<String ID="P23_ST00099" HPOS="501" VPOS="1230" WIDTH="314" HEIGHT="44" CONTENT="POUVOIRS" WC="1.00" CC="00000200"/>
					</TextLine>
					<TextLine ID="P23_TL00019" HPOS="515" VPOS="1291" WIDTH="750" HEIGHT="47">
						<String ID="P23_ST00100" HPOS="515" VPOS="1291" WIDTH="77" HEIGHT="43" CONTENT="ET" WC="1.00" CC="00"/>
						<SP ID="P23_SP00082" HPOS="592" VPOS="1334" WIDTH="22"/>
						<String ID="P23_ST00101" HPOS="614" VPOS="1293" WIDTH="356" HEIGHT="43" CONTENT="NOUVEAUX" WC="1.00" CC="12000000"/>
						<SP ID="P23_SP00083" HPOS="970" VPOS="1336" WIDTH="26"/>
						<String ID="P23_ST00102" HPOS="996" VPOS="1295" WIDTH="269" HEIGHT="43" CONTENT="DEVOIRS" WC="0.99" CC="4000500"/>
					</TextLine>
				</TextBlock>
				<TextBlock ID="P23_TB00007" HPOS="98" VPOS="1361" WIDTH="1170" HEIGHT="1825" STYLEREFS="TXT_1 PAR_BLOCK">
					<TextLine ID="P23_TL00020" HPOS="175" VPOS="1364" WIDTH="1091" HEIGHT="55">
						<String ID="P23_ST00103" HPOS="175" VPOS="1364" WIDTH="110" HEIGHT="42" CONTENT="Afin" WC="1.00" CC="0000"/>
						<SP ID="P23_SP00084" HPOS="285" VPOS="1406" WIDTH="43"/>
						<String ID="P23_ST00104" HPOS="328" VPOS="1364" WIDTH="58" HEIGHT="40" CONTENT="de" WC="0.64" CC="07"/>
						<SP ID="P23_SP00085" HPOS="386" VPOS="1406" WIDTH="40"/>
						<String ID="P23_ST00105" HPOS="426" VPOS="1364" WIDTH="62" HEIGHT="41" CONTENT="les" WC="0.98" CC="050"/>
						<SP ID="P23_SP00086" HPOS="488" VPOS="1406" WIDTH="39"/>
						<String ID="P23_ST00106" HPOS="527" VPOS="1376" WIDTH="164" HEIGHT="30" CONTENT="mettre" WC="1.00" CC="000000"/>
						<SP ID="P23_SP00087" HPOS="691" VPOS="1406" WIDTH="38"/>
						<String ID="P23_ST00107" HPOS="729" VPOS="1369" WIDTH="24" HEIGHT="38" CONTENT="à" WC="0.29" CC="7"/>
						<SP ID="P23_SP00088" HPOS="753" VPOS="1407" WIDTH="42"/>
						<String ID="P23_ST00108" HPOS="795" VPOS="1371" WIDTH="150" HEIGHT="37" CONTENT="même" WC="0.99" CC="0600"/>
						<SP ID="P23_SP00089" HPOS="945" VPOS="1408" WIDTH="42"/>
						<String ID="P23_ST00109" HPOS="987" VPOS="1369" WIDTH="57" HEIGHT="40" CONTENT="de" WC="1.00" CC="00"/>
						<SP ID="P23_SP00090" HPOS="1044" VPOS="1409" WIDTH="39"/>
						<String ID="P23_ST00110" HPOS="1083" VPOS="1370" WIDTH="183" HEIGHT="49" CONTENT="remplir" WC="0.99" CC="2000750"/>
					</TextLine>
					<TextLine ID="P23_TL00021" HPOS="108" VPOS="1425" WIDTH="1157" HEIGHT="52">
						<String ID="P23_ST00111" HPOS="108" VPOS="1426" WIDTH="116" HEIGHT="41" CONTENT="leurs" WC="1.00" CC="00000"/>
						<SP ID="P23_SP00091" HPOS="224" VPOS="1467" WIDTH="35"/>
						<String ID="P23_ST00112" HPOS="259" VPOS="1425" WIDTH="275" HEIGHT="51" CONTENT="obligations" WC="1.00" CC="00050001000"/>
						<SP ID="P23_SP00092" HPOS="534" VPOS="1476" WIDTH="36"/>
						<String ID="P23_ST00113" HPOS="570" VPOS="1427" WIDTH="61" HEIGHT="41" CONTENT="les" WC="1.00" CC="100"/>
						<SP ID="P23_SP00093" HPOS="631" VPOS="1476" WIDTH="34"/>
						<String ID="P23_ST00114" HPOS="665" VPOS="1428" WIDTH="99" HEIGHT="49" CONTENT="plus" WC="0.99" CC="0300"/>
						<SP ID="P23_SP00094" HPOS="764" VPOS="1477" WIDTH="36"/>
						<String ID="P23_ST00115" HPOS="800" VPOS="1430" WIDTH="300" HEIGHT="46" CONTENT="immédiates," WC="0.99" CC="50060500003"/>
						<SP ID="P23_SP00095" HPOS="1100" VPOS="1477" WIDTH="37"/>
						<String ID="P23_ST00116" HPOS="1137" VPOS="1430" WIDTH="107" HEIGHT="41" CONTENT="c'est" SUBS_TYPE="HypPart1" SUBS_CONTENT="c'està-dire" WC="0.99" CC="13000"/>
						<HYP HPOS="1244" VPOS="1430" WIDTH="21" CONTENT="-"/>
					</TextLine>
					<TextLine ID="P23_TL00022" HPOS="106" VPOS="1487" WIDTH="1160" HEIGHT="45">
						<String ID="P23_ST00117" HPOS="106" VPOS="1487" WIDTH="146" HEIGHT="41" CONTENT="à-dire" SUBS_TYPE="HypPart2" SUBS_CONTENT="c'està-dire" WC="0.99" CC="540030"/>
						<SP ID="P23_SP00096" HPOS="252" VPOS="1528" WIDTH="30"/>
						<String ID="P23_ST00118" HPOS="282" VPOS="1487" WIDTH="57" HEIGHT="41" CONTENT="de" WC="1.00" CC="00"/>
						<SP ID="P23_SP00097" HPOS="339" VPOS="1528" WIDTH="30"/>
						<String ID="P23_ST00119" HPOS="369" VPOS="1491" WIDTH="247" HEIGHT="38" CONTENT="construire" WC="1.00" CC="0000030342"/>
						<SP ID="P23_SP00098" HPOS="616" VPOS="1529" WIDTH="32"/>
						<String ID="P23_ST00120" HPOS="648" VPOS="1489" WIDTH="57" HEIGHT="40" CONTENT="de" WC="1.00" CC="00"/>
						<SP ID="P23_SP00099" HPOS="705" VPOS="1529" WIDTH="29"/>
						<String ID="P23_ST00121" HPOS="734" VPOS="1490" WIDTH="233" HEIGHT="41" CONTENT="nouvelles" WC="1.00" CC="006003000"/>
						<SP ID="P23_SP00100" HPOS="967" VPOS="1531" WIDTH="28"/>
						<String ID="P23_ST00122" HPOS="995" VPOS="1495" WIDTH="197" HEIGHT="36" CONTENT="maisons" WC="1.00" CC="0020000"/>
						<SP ID="P23_SP00101" HPOS="1192" VPOS="1531" WIDTH="31"/>
						<String ID="P23_ST00123" HPOS="1223" VPOS="1503" WIDTH="43" HEIGHT="29" CONTENT="et" WC="1.00" CC="00"/>
					</TextLine>
					<TextLine ID="P23_TL00023" HPOS="109" VPOS="1548" WIDTH="1152" HEIGHT="53">
						<String ID="P23_ST00124" HPOS="109" VPOS="1548" WIDTH="57" HEIGHT="42" CONTENT="de" WC="1.00" CC="00"/>
						<SP ID="P23_SP00102" HPOS="166" VPOS="1590" WIDTH="35"/>
						<String ID="P23_ST00125" HPOS="201" VPOS="1548" WIDTH="111" HEIGHT="41" CONTENT="faire" WC="0.99" CC="60300"/>
						<SP ID="P23_SP00103" HPOS="312" VPOS="1590" WIDTH="35"/>
						<String ID="P23_ST00126" HPOS="347" VPOS="1549" WIDTH="270" HEIGHT="50" CONTENT="disparaître" WC="1.00" CC="03000201040"/>
						<SP ID="P23_SP00104" HPOS="617" VPOS="1599" WIDTH="36"/>
						<String ID="P23_ST00127" HPOS="653" VPOS="1550" WIDTH="60" HEIGHT="40" CONTENT="les" WC="0.99" CC="200"/>
						<SP ID="P23_SP00105" HPOS="713" VPOS="1599" WIDTH="36"/>
						<String ID="P23_ST00128" HPOS="749" VPOS="1554" WIDTH="217" HEIGHT="47" CONTENT="quartiers" WC="1.00" CC="000301040"/>
						<SP ID="P23_SP00106" HPOS="966" VPOS="1601" WIDTH="34"/>
						<String ID="P23_ST00129" HPOS="1000" VPOS="1552" WIDTH="261" HEIGHT="47" CONTENT="insalubres," WC="1.00" CC="00000000003"/>
					</TextLine>
					<TextLine ID="P23_TL00024" HPOS="108" VPOS="1610" WIDTH="1158" HEIGHT="44">
						<String ID="P23_ST00130" HPOS="108" VPOS="1610" WIDTH="61" HEIGHT="40" CONTENT="les" WC="1.00" CC="000"/>
						<SP ID="P23_SP00107" HPOS="169" VPOS="1650" WIDTH="28"/>
						<String ID="P23_ST00131" HPOS="197" VPOS="1610" WIDTH="235" HEIGHT="41" CONTENT="Autorités" WC="0.99" CC="039030071"/>
						<SP ID="P23_SP00108" HPOS="432" VPOS="1651" WIDTH="29"/>
						<String ID="P23_ST00132" HPOS="461" VPOS="1611" WIDTH="167" HEIGHT="40" CONTENT="locales" WC="1.00" CC="1000000"/>
						<SP ID="P23_SP00109" HPOS="628" VPOS="1651" WIDTH="28"/>
						<String ID="P23_ST00133" HPOS="656" VPOS="1623" WIDTH="102" HEIGHT="30" CONTENT="sont" WC="1.00" CC="0000"/>
						<SP ID="P23_SP00110" HPOS="758" VPOS="1653" WIDTH="27"/>
						<String ID="P23_ST00134" HPOS="785" VPOS="1616" WIDTH="175" HEIGHT="37" CONTENT="armées" WC="0.99" CC="040700"/>
						<SP ID="P23_SP00111" HPOS="960" VPOS="1653" WIDTH="29"/>
						<String ID="P23_ST00135" HPOS="989" VPOS="1613" WIDTH="57" HEIGHT="41" CONTENT="de" WC="1.00" CC="00"/>
						<SP ID="P23_SP00112" HPOS="1046" VPOS="1654" WIDTH="29"/>
						<String ID="P23_ST00136" HPOS="1075" VPOS="1624" WIDTH="100" HEIGHT="30" CONTENT="tous" WC="1.00" CC="0000"/>
						<SP ID="P23_SP00113" HPOS="1175" VPOS="1654" WIDTH="29"/>
						<String ID="P23_ST00137" HPOS="1204" VPOS="1613" WIDTH="62" HEIGHT="41" CONTENT="les" WC="1.00" CC="100"/>
					</TextLine>
					<TextLine ID="P23_TL00025" HPOS="107" VPOS="1673" WIDTH="1158" HEIGHT="50">
						<String ID="P23_ST00138" HPOS="107" VPOS="1674" WIDTH="217" HEIGHT="47" CONTENT="pouvoirs" WC="1.00" CC="01001200"/>
						<SP ID="P23_SP00114" HPOS="324" VPOS="1721" WIDTH="40"/>
						<String ID="P23_ST00139" HPOS="364" VPOS="1675" WIDTH="271" HEIGHT="38" CONTENT="nécessaires" WC="1.00" CC="07000000200"/>
						<SP ID="P23_SP00115" HPOS="635" VPOS="1721" WIDTH="42"/>
						<String ID="P23_ST00140" HPOS="677" VPOS="1676" WIDTH="24" HEIGHT="37" CONTENT="à" WC="1.00" CC="0"/>
						<SP ID="P23_SP00116" HPOS="701" VPOS="1721" WIDTH="42"/>
						<String ID="P23_ST00141" HPOS="743" VPOS="1673" WIDTH="299" HEIGHT="50" CONTENT="l'acquisition" WC="1.00" CC="3200000030300"/>
						<SP ID="P23_SP00117" HPOS="1042" VPOS="1723" WIDTH="42"/>
						<String ID="P23_ST00142" HPOS="1084" VPOS="1675" WIDTH="57" HEIGHT="40" CONTENT="de" WC="1.00" CC="00"/>
						<SP ID="P23_SP00118" HPOS="1141" VPOS="1723" WIDTH="40"/>
						<String ID="P23_ST00143" HPOS="1181" VPOS="1685" WIDTH="63" HEIGHT="30" CONTENT="ter" SUBS_TYPE="HypPart1" SUBS_CONTENT="terrains." WC="0.98" CC="004"/>
						<HYP HPOS="1244" VPOS="1685" WIDTH="21" CONTENT="-"/>
					</TextLine>
					<TextLine ID="P23_TL00026" HPOS="103" VPOS="1732" WIDTH="1157" HEIGHT="51">
						<String ID="P23_ST00144" HPOS="103" VPOS="1735" WIDTH="132" HEIGHT="38" CONTENT="rains." SUBS_TYPE="HypPart2" SUBS_CONTENT="terrains." WC="0.99" CC="901003"/>
						<SP ID="P23_SP00119" HPOS="235" VPOS="1773" WIDTH="34"/>
						<String ID="P23_ST00145" HPOS="269" VPOS="1732" WIDTH="117" HEIGHT="41" CONTENT="Elles" WC="0.99" CC="60000"/>
						<SP ID="P23_SP00120" HPOS="386" VPOS="1773" WIDTH="26"/>
						<String ID="P23_ST00146" HPOS="412" VPOS="1745" WIDTH="201" HEIGHT="38" CONTENT="peuvent" WC="1.00" CC="0000000"/>
						<SP ID="P23_SP00121" HPOS="613" VPOS="1783" WIDTH="29"/>
						<String ID="P23_ST00147" HPOS="642" VPOS="1735" WIDTH="269" HEIGHT="48" CONTENT="également," WC="1.00" CC="5003002002"/>
						<SP ID="P23_SP00122" HPOS="911" VPOS="1783" WIDTH="32"/>
						<String ID="P23_ST00148" HPOS="943" VPOS="1738" WIDTH="34" HEIGHT="37" CONTENT="si" WC="0.89" CC="02"/>
						<SP ID="P23_SP00123" HPOS="977" VPOS="1783" WIDTH="30"/>
						<String ID="P23_ST00149" HPOS="1007" VPOS="1738" WIDTH="107" HEIGHT="38" CONTENT="c'est" WC="1.00" CC="01000"/>
						<SP ID="P23_SP00124" HPOS="1114" VPOS="1783" WIDTH="28"/>
						<String ID="P23_ST00150" HPOS="1142" VPOS="1736" WIDTH="118" HEIGHT="46" CONTENT="utile," WC="0.99" CC="301002"/>
					</TextLine>
					<TextLine ID="P23_TL00027" HPOS="106" VPOS="1794" WIDTH="1157" HEIGHT="51">
						<String ID="P23_ST00151" HPOS="106" VPOS="1794" WIDTH="181" HEIGHT="40" CONTENT="acheter" WC="1.00" CC="0000003"/>
						<SP ID="P23_SP00125" HPOS="287" VPOS="1834" WIDTH="30"/>
						<String ID="P23_ST00152" HPOS="317" VPOS="1794" WIDTH="79" HEIGHT="40" CONTENT="des" WC="1.00" CC="000"/>
						<SP ID="P23_SP00126" HPOS="396" VPOS="1834" WIDTH="29"/>
						<String ID="P23_ST00153" HPOS="425" VPOS="1798" WIDTH="198" HEIGHT="38" CONTENT="maisons" WC="1.00" CC="0020100"/>
						<SP ID="P23_SP00127" HPOS="623" VPOS="1836" WIDTH="29"/>
						<String ID="P23_ST00154" HPOS="652" VPOS="1799" WIDTH="72" HEIGHT="46" CONTENT="qui" WC="1.00" CC="000"/>
						<SP ID="P23_SP00128" HPOS="724" VPOS="1845" WIDTH="31"/>
						<String ID="P23_ST00155" HPOS="755" VPOS="1808" WIDTH="79" HEIGHT="29" CONTENT="ont" WC="1.00" CC="000"/>
						<SP ID="P23_SP00129" HPOS="834" VPOS="1845" WIDTH="27"/>
						<String ID="P23_ST00156" HPOS="861" VPOS="1800" WIDTH="122" HEIGHT="37" CONTENT="cessé" WC="0.99" CC="00007"/>
						<SP ID="P23_SP00130" HPOS="983" VPOS="1845" WIDTH="31"/>
						<String ID="P23_ST00157" HPOS="1014" VPOS="1797" WIDTH="56" HEIGHT="40" CONTENT="de" WC="1.00" CC="00"/>
						<SP ID="P23_SP00131" HPOS="1070" VPOS="1845" WIDTH="28"/>
						<String ID="P23_ST00158" HPOS="1098" VPOS="1814" WIDTH="138" HEIGHT="24" CONTENT="conve" SUBS_TYPE="HypPart1" SUBS_CONTENT="convenir" WC="0.99" CC="00500"/>
						<HYP HPOS="1236" VPOS="1814" WIDTH="27" CONTENT="-"/>
					</TextLine>
					<TextLine ID="P23_TL00028" HPOS="106" VPOS="1855" WIDTH="1158" HEIGHT="52">
						<String ID="P23_ST00159" HPOS="106" VPOS="1857" WIDTH="66" HEIGHT="39" CONTENT="nir" SUBS_TYPE="HypPart2" SUBS_CONTENT="convenir" WC="0.99" CC="020"/>
						<SP ID="P23_SP00132" HPOS="172" VPOS="1896" WIDTH="27"/>
						<String ID="P23_ST00160" HPOS="199" VPOS="1858" WIDTH="25" HEIGHT="37" CONTENT="à" WC="0.04" CC="9"/>
						<SP ID="P23_SP00133" HPOS="224" VPOS="1896" WIDTH="27"/>
						<String ID="P23_ST00161" HPOS="251" VPOS="1855" WIDTH="41" HEIGHT="41" CONTENT="la" WC="0.93" CC="10"/>
						<SP ID="P23_SP00134" HPOS="292" VPOS="1896" WIDTH="29"/>
						<String ID="P23_ST00162" HPOS="321" VPOS="1857" WIDTH="141" HEIGHT="40" CONTENT="classe" WC="1.00" CC="000000"/>
						<SP ID="P23_SP00135" HPOS="462" VPOS="1897" WIDTH="29"/>
						<String ID="P23_ST00163" HPOS="491" VPOS="1857" WIDTH="165" HEIGHT="40" CONTENT="sociale" WC="1.00" CC="0003040"/>
						<SP ID="P23_SP00136" HPOS="656" VPOS="1897" WIDTH="28"/>
						<String ID="P23_ST00164" HPOS="684" VPOS="1875" WIDTH="116" HEIGHT="32" CONTENT="pour" WC="0.99" CC="0004"/>
						<SP ID="P23_SP00137" HPOS="800" VPOS="1907" WIDTH="27"/>
						<String ID="P23_ST00165" HPOS="827" VPOS="1857" WIDTH="194" HEIGHT="50" CONTENT="laquelle" WC="1.00" CC="20000050"/>
						<SP ID="P23_SP00138" HPOS="1021" VPOS="1907" WIDTH="28"/>
						<String ID="P23_ST00166" HPOS="1049" VPOS="1858" WIDTH="108" HEIGHT="41" CONTENT="elles" WC="1.00" CC="00000"/>
						<SP ID="P23_SP00139" HPOS="1157" VPOS="1907" WIDTH="29"/>
						<String ID="P23_ST00167" HPOS="1186" VPOS="1870" WIDTH="78" HEIGHT="29" CONTENT="ont" WC="0.94" CC="049"/>
					</TextLine>
					<TextLine ID="P23_TL00029" HPOS="104" VPOS="1919" WIDTH="1159" HEIGHT="49">
						<String ID="P23_ST00168" HPOS="104" VPOS="1919" WIDTH="72" HEIGHT="38" CONTENT="été" WC="0.96" CC="604"/>
						<SP ID="P23_SP00140" HPOS="176" VPOS="1957" WIDTH="24"/>
						<String ID="P23_ST00169" HPOS="200" VPOS="1919" WIDTH="268" HEIGHT="39" CONTENT="construites" WC="1.00" CC="00000404000"/>
						<SP ID="P23_SP00141" HPOS="468" VPOS="1958" WIDTH="24"/>
						<String ID="P23_ST00170" HPOS="492" VPOS="1929" WIDTH="44" HEIGHT="29" CONTENT="et" WC="1.00" CC="00"/>
						<SP ID="P23_SP00142" HPOS="536" VPOS="1958" WIDTH="25"/>
						<String ID="P23_ST00171" HPOS="561" VPOS="1921" WIDTH="73" HEIGHT="47" CONTENT="qui" WC="0.96" CC="053"/>
						<SP ID="P23_SP00143" HPOS="634" VPOS="1968" WIDTH="26"/>
						<String ID="P23_ST00172" HPOS="660" VPOS="1930" WIDTH="200" HEIGHT="38" CONTENT="peuvent" WC="1.00" CC="0050000"/>
						<SP ID="P23_SP00144" HPOS="860" VPOS="1968" WIDTH="27"/>
						<String ID="P23_ST00173" HPOS="887" VPOS="1919" WIDTH="260" HEIGHT="41" CONTENT="facilement" WC="0.99" CC="7004010070"/>
						<SP ID="P23_SP00145" HPOS="1147" VPOS="1968" WIDTH="26"/>
						<String ID="P23_ST00174" HPOS="1173" VPOS="1931" WIDTH="41" HEIGHT="29" CONTENT="et" WC="0.93" CC="01"/>
						<SP ID="P23_SP00146" HPOS="1214" VPOS="1968" WIDTH="25"/>
						<String ID="P23_ST00175" HPOS="1239" VPOS="1923" WIDTH="24" HEIGHT="37" CONTENT="à" WC="1.00" CC="9"/>
					</TextLine>
					<TextLine ID="P23_TL00030" HPOS="106" VPOS="1978" WIDTH="1157" HEIGHT="50">
						<String ID="P23_ST00176" HPOS="106" VPOS="1995" WIDTH="87" HEIGHT="33" CONTENT="peu" WC="1.00" CC="000"/>
						<SP ID="P23_SP00147" HPOS="193" VPOS="2028" WIDTH="34"/>
						<String ID="P23_ST00177" HPOS="227" VPOS="1978" WIDTH="57" HEIGHT="41" CONTENT="de" WC="0.77" CC="04"/>
						<SP ID="P23_SP00148" HPOS="284" VPOS="2028" WIDTH="35"/>
						<String ID="P23_ST00178" HPOS="319" VPOS="1978" WIDTH="103" HEIGHT="41" CONTENT="frais" WC="0.98" CC="62020"/>
						<SP ID="P23_SP00149" HPOS="422" VPOS="2028" WIDTH="34"/>
						<String ID="P23_ST00179" HPOS="456" VPOS="1982" WIDTH="93" HEIGHT="38" CONTENT="être" WC="0.98" CC="5010"/>
						<SP ID="P23_SP00150" HPOS="549" VPOS="2028" WIDTH="31"/>
						<String ID="P23_ST00180" HPOS="580" VPOS="1983" WIDTH="255" HEIGHT="38" CONTENT="converties" WC="1.00" CC="0100040300"/>
						<SP ID="P23_SP00151" HPOS="835" VPOS="2028" WIDTH="32"/>
						<String ID="P23_ST00181" HPOS="867" VPOS="1998" WIDTH="54" HEIGHT="22" CONTENT="en" WC="1.00" CC="00"/>
						<SP ID="P23_SP00152" HPOS="921" VPOS="2028" WIDTH="34"/>
						<String ID="P23_ST00182" HPOS="955" VPOS="1984" WIDTH="199" HEIGHT="37" CONTENT="maisons" WC="1.00" CC="0020000"/>
						<SP ID="P23_SP00153" HPOS="1154" VPOS="2028" WIDTH="33"/>
						<String ID="P23_ST00183" HPOS="1187" VPOS="1999" WIDTH="51" HEIGHT="22" CONTENT="ou" SUBS_TYPE="HypPart1" SUBS_CONTENT="ouvrières." WC="0.98" CC="00"/>
						<HYP HPOS="1238" VPOS="1999" WIDTH="25" CONTENT="-"/>
					</TextLine>
					<TextLine ID="P23_TL00031" HPOS="104" VPOS="2039" WIDTH="1157" HEIGHT="52">
						<String ID="P23_ST00184" HPOS="104" VPOS="2042" WIDTH="178" HEIGHT="38" CONTENT="vrières." SUBS_TYPE="HypPart2" SUBS_CONTENT="ouvrières." WC="0.99" CC="06174003"/>
						<SP ID="P23_SP00154" HPOS="282" VPOS="2080" WIDTH="30"/>
						<String ID="P23_ST00185" HPOS="312" VPOS="2039" WIDTH="83" HEIGHT="42" CONTENT="Les" WC="0.99" CC="030"/>
						<SP ID="P23_SP00155" HPOS="395" VPOS="2081" WIDTH="24"/>
						<String ID="P23_ST00186" HPOS="419" VPOS="2040" WIDTH="130" HEIGHT="50" CONTENT="plans" WC="0.99" CC="00005"/>
						<SP ID="P23_SP00156" HPOS="549" VPOS="2090" WIDTH="24"/>
						<String ID="P23_ST00187" HPOS="573" VPOS="2052" WIDTH="42" HEIGHT="29" CONTENT="et" WC="1.00" CC="00"/>
						<SP ID="P23_SP00157" HPOS="615" VPOS="2090" WIDTH="24"/>
						<String ID="P23_ST00188" HPOS="639" VPOS="2041" WIDTH="61" HEIGHT="40" CONTENT="les" WC="0.99" CC="020"/>
						<SP ID="P23_SP00158" HPOS="700" VPOS="2090" WIDTH="24"/>
						<String ID="P23_ST00189" HPOS="724" VPOS="2044" WIDTH="226" HEIGHT="47" CONTENT="principes" WC="0.99" CC="033002105"/>
						<SP ID="P23_SP00159" HPOS="950" VPOS="2091" WIDTH="24"/>
						<String ID="P23_ST00190" HPOS="974" VPOS="2042" WIDTH="183" HEIGHT="49" CONTENT="d'après" WC="0.98" CC="9200370"/>
						<SP ID="P23_SP00160" HPOS="1157" VPOS="2091" WIDTH="25"/>
						<String ID="P23_ST00191" HPOS="1182" VPOS="2042" WIDTH="60" HEIGHT="40" CONTENT="les" SUBS_TYPE="HypPart1" SUBS_CONTENT="lesquels" WC="0.99" CC="000"/>
						<HYP HPOS="1242" VPOS="2042" WIDTH="19" CONTENT="-"/>
					</TextLine>
					<TextLine ID="P23_TL00032" HPOS="106" VPOS="2101" WIDTH="1157" HEIGHT="50">
						<String ID="P23_ST00192" HPOS="106" VPOS="2101" WIDTH="124" HEIGHT="50" CONTENT="quels" SUBS_TYPE="HypPart2" SUBS_CONTENT="lesquels" WC="0.98" CC="56000"/>
						<SP ID="P23_SP00161" HPOS="230" VPOS="2151" WIDTH="28"/>
						<String ID="P23_ST00193" HPOS="258" VPOS="2117" WIDTH="73" HEIGHT="25" CONTENT="ces" WC="0.98" CC="302"/>
						<SP ID="P23_SP00162" HPOS="331" VPOS="2151" WIDTH="47"/>
						<String ID="P23_ST00194" HPOS="378" VPOS="2102" WIDTH="396" HEIGHT="41" CONTENT="transformations" WC="1.00" CC="010024420006000"/>
						<SP ID="P23_SP00163" HPOS="774" VPOS="2151" WIDTH="30"/>
						<String ID="P23_ST00195" HPOS="804" VPOS="2103" WIDTH="189" HEIGHT="41" CONTENT="doivent" WC="1.00" CC="0020000"/>
						<SP ID="P23_SP00164" HPOS="993" VPOS="2151" WIDTH="46"/>
						<String ID="P23_ST00196" HPOS="1039" VPOS="2107" WIDTH="92" HEIGHT="37" CONTENT="être" WC="0.97" CC="6060"/>
						<SP ID="P23_SP00165" HPOS="1131" VPOS="2151" WIDTH="31"/>
						<String ID="P23_ST00197" HPOS="1162" VPOS="2107" WIDTH="76" HEIGHT="37" CONTENT="exé" SUBS_TYPE="HypPart1" SUBS_CONTENT="exécutées" WC="0.98" CC="007"/>
						<HYP HPOS="1238" VPOS="2107" WIDTH="25" CONTENT="-"/>
					</TextLine>
					<TextLine ID="P23_TL00033" HPOS="106" VPOS="2163" WIDTH="1158" HEIGHT="51">
						<String ID="P23_ST00198" HPOS="106" VPOS="2166" WIDTH="150" HEIGHT="37" CONTENT="cutées" SUBS_TYPE="HypPart2" SUBS_CONTENT="exécutées" WC="1.00" CC="000500"/>
						<SP ID="P23_SP00166" HPOS="256" VPOS="2203" WIDTH="43"/>
						<String ID="P23_ST00199" HPOS="299" VPOS="2163" WIDTH="100" HEIGHT="40" CONTENT="font" WC="0.99" CC="3000"/>
						<SP ID="P23_SP00167" HPOS="399" VPOS="2203" WIDTH="41"/>
						<String ID="P23_ST00200" HPOS="440" VPOS="2163" WIDTH="163" HEIGHT="50" CONTENT="l'objet" WC="1.00" CC="0100300"/>
						<SP ID="P23_SP00168" HPOS="603" VPOS="2213" WIDTH="39"/>
						<String ID="P23_ST00201" HPOS="642" VPOS="2163" WIDTH="138" HEIGHT="41" CONTENT="d'une" WC="0.99" CC="04500"/>
						<SP ID="P23_SP00169" HPOS="780" VPOS="2213" WIDTH="39"/>
						<String ID="P23_ST00202" HPOS="819" VPOS="2164" WIDTH="223" HEIGHT="40" CONTENT="brochure" WC="0.99" CC="71006600"/>
						<SP ID="P23_SP00170" HPOS="1042" VPOS="2213" WIDTH="41"/>
						<String ID="P23_ST00203" HPOS="1083" VPOS="2164" WIDTH="181" HEIGHT="50" CONTENT="publiée" WC="0.99" CC="0000270"/>
					</TextLine>
					<TextLine ID="P23_TL00034" HPOS="105" VPOS="2224" WIDTH="775" HEIGHT="50">
						<String ID="P23_ST00204" HPOS="105" VPOS="2241" WIDTH="80" HEIGHT="31" CONTENT="par" WC="0.97" CC="007"/>
						<SP ID="P23_SP00171" HPOS="185" VPOS="2272" WIDTH="29"/>
						<String ID="P23_ST00205" HPOS="214" VPOS="2224" WIDTH="38" HEIGHT="40" CONTENT="le" WC="0.65" CC="70"/>
						<SP ID="P23_SP00172" HPOS="252" VPOS="2272" WIDTH="30"/>
						<String ID="P23_ST00206" HPOS="282" VPOS="2224" WIDTH="231" HEIGHT="40" CONTENT="Ministère" WC="0.99" CC="030604750"/>
						<SP ID="P23_SP00173" HPOS="513" VPOS="2272" WIDTH="30"/>
						<String ID="P23_ST00207" HPOS="543" VPOS="2225" WIDTH="57" HEIGHT="40" CONTENT="de" WC="1.00" CC="00"/>
						<SP ID="P23_SP00174" HPOS="600" VPOS="2272" WIDTH="28"/>
						<String ID="P23_ST00208" HPOS="628" VPOS="2225" WIDTH="10" HEIGHT="40" CONTENT="1" WC="0.83" CC="1"/>
						<SP ID="P23_SP00175" HPOS="638" VPOS="2272" WIDTH="22"/>
						<String ID="P23_ST00209" HPOS="660" VPOS="2225" WIDTH="220" HEIGHT="49" CONTENT="Hygiène." WC="0.99" CC="00047004"/>
					</TextLine>
					<TextLine ID="P23_TL00035" HPOS="176" VPOS="2284" WIDTH="1089" HEIGHT="52">
						<String ID="P23_ST00210" HPOS="176" VPOS="2284" WIDTH="61" HEIGHT="41" CONTENT="La" WC="0.50" CC="09"/>
						<SP ID="P23_SP00176" HPOS="237" VPOS="2325" WIDTH="47"/>
						<String ID="P23_ST00211" HPOS="284" VPOS="2286" WIDTH="58" HEIGHT="39" CONTENT="loi" WC="0.99" CC="001"/>
						<SP ID="P23_SP00177" HPOS="342" VPOS="2325" WIDTH="44"/>
						<String ID="P23_ST00212" HPOS="386" VPOS="2286" WIDTH="213" HEIGHT="40" CONTENT="nouvelle" WC="0.99" CC="00504210"/>
						<SP ID="P23_SP00178" HPOS="599" VPOS="2326" WIDTH="43"/>
						<String ID="P23_ST00213" HPOS="642" VPOS="2298" WIDTH="243" HEIGHT="38" CONTENT="augmente" WC="1.00" CC="00000000"/>
						<SP ID="P23_SP00179" HPOS="885" VPOS="2336" WIDTH="44"/>
						<String ID="P23_ST00214" HPOS="929" VPOS="2287" WIDTH="311" HEIGHT="41" CONTENT="considérable" SUBS_TYPE="HypPart1" SUBS_CONTENT="considérablement" WC="0.99" CC="030030650600"/>
						<HYP HPOS="1240" VPOS="2287" WIDTH="25" CONTENT="-"/>
					</TextLine>
					<TextLine ID="P23_TL00036" HPOS="105" VPOS="2347" WIDTH="1157" HEIGHT="49">
						<String ID="P23_ST00215" HPOS="105" VPOS="2357" WIDTH="124" HEIGHT="30" CONTENT="ment" SUBS_TYPE="HypPart2" SUBS_CONTENT="considérablement" WC="1.00" CC="0000"/>
						<SP ID="P23_SP00180" HPOS="229" VPOS="2387" WIDTH="24"/>
						<String ID="P23_ST00216" HPOS="253" VPOS="2347" WIDTH="63" HEIGHT="40" CONTENT="les" WC="0.97" CC="700"/>
						<SP ID="P23_SP00181" HPOS="316" VPOS="2387" WIDTH="25"/>
						<String ID="P23_ST00217" HPOS="341" VPOS="2350" WIDTH="217" HEIGHT="46" CONTENT="pouvoirs" WC="0.99" CC="00600340"/>
						<SP ID="P23_SP00182" HPOS="558" VPOS="2396" WIDTH="26"/>
						<String ID="P23_ST00218" HPOS="584" VPOS="2359" WIDTH="42" HEIGHT="29" CONTENT="et" WC="1.00" CC="00"/>
						<SP ID="P23_SP00183" HPOS="626" VPOS="2396" WIDTH="26"/>
						<String ID="P23_ST00219" HPOS="652" VPOS="2347" WIDTH="62" HEIGHT="41" CONTENT="les" WC="1.00" CC="100"/>
						<SP ID="P23_SP00184" HPOS="714" VPOS="2396" WIDTH="24"/>
						<String ID="P23_ST00220" HPOS="738" VPOS="2348" WIDTH="182" HEIGHT="41" CONTENT="devoirs" WC="1.00" CC="0003300"/>
						<SP ID="P23_SP00185" HPOS="920" VPOS="2396" WIDTH="25"/>
						<String ID="P23_ST00221" HPOS="945" VPOS="2349" WIDTH="80" HEIGHT="40" CONTENT="des" WC="1.00" CC="000"/>
						<SP ID="P23_SP00186" HPOS="1025" VPOS="2396" WIDTH="21"/>
						<String ID="P23_ST00222" HPOS="1046" VPOS="2351" WIDTH="216" HEIGHT="38" CONTENT="autorités" WC="0.99" CC="020044970"/>
					</TextLine>
					<TextLine ID="P23_TL00037" HPOS="106" VPOS="2408" WIDTH="1155" HEIGHT="42">
						<String ID="P23_ST00223" HPOS="106" VPOS="2408" WIDTH="166" HEIGHT="40" CONTENT="locales" WC="1.00" CC="0000200"/>
						<SP ID="P23_SP00187" HPOS="272" VPOS="2448" WIDTH="34"/>
						<String ID="P23_ST00224" HPOS="306" VPOS="2408" WIDTH="113" HEIGHT="40" CONTENT="dans" WC="1.00" CC="0000"/>
						<SP ID="P23_SP00188" HPOS="419" VPOS="2448" WIDTH="33"/>
						<String ID="P23_ST00225" HPOS="452" VPOS="2408" WIDTH="39" HEIGHT="40" CONTENT="le" WC="0.77" CC="40"/>
						<SP ID="P23_SP00189" HPOS="491" VPOS="2448" WIDTH="31"/>
						<String ID="P23_ST00226" HPOS="522" VPOS="2408" WIDTH="81" HEIGHT="41" CONTENT="but" WC="0.99" CC="003"/>
						<SP ID="P23_SP00190" HPOS="603" VPOS="2449" WIDTH="35"/>
						<String ID="P23_ST00227" HPOS="638" VPOS="2408" WIDTH="234" HEIGHT="42" CONTENT="d'amener" WC="1.00" CC="03000003"/>
						<SP ID="P23_SP00191" HPOS="872" VPOS="2450" WIDTH="33"/>
						<String ID="P23_ST00228" HPOS="905" VPOS="2427" WIDTH="87" HEIGHT="23" CONTENT="une" WC="0.98" CC="500"/>
						<SP ID="P23_SP00192" HPOS="992" VPOS="2450" WIDTH="32"/>
						<String ID="P23_ST00229" HPOS="1024" VPOS="2410" WIDTH="211" HEIGHT="40" CONTENT="améliora" SUBS_TYPE="HypPart1" SUBS_CONTENT="amélioration" WC="0.99" CC="00655060"/>
						<HYP HPOS="1235" VPOS="2410" WIDTH="26" CONTENT="-"/>
					</TextLine>
					<TextLine ID="P23_TL00038" HPOS="105" VPOS="2469" WIDTH="1158" HEIGHT="51">
						<String ID="P23_ST00230" HPOS="105" VPOS="2471" WIDTH="93" HEIGHT="38" CONTENT="tion" SUBS_TYPE="HypPart2" SUBS_CONTENT="amélioration" WC="1.00" CC="0000"/>
						<SP ID="P23_SP00193" HPOS="198" VPOS="2509" WIDTH="36"/>
						<String ID="P23_ST00231" HPOS="234" VPOS="2469" WIDTH="57" HEIGHT="40" CONTENT="de" WC="1.00" CC="00"/>
						<SP ID="P23_SP00194" HPOS="291" VPOS="2509" WIDTH="33"/>
						<String ID="P23_ST00232" HPOS="324" VPOS="2469" WIDTH="127" HEIGHT="41" CONTENT="l'état" WC="0.99" CC="527000"/>
						<SP ID="P23_SP00195" HPOS="451" VPOS="2510" WIDTH="50"/>
						<String ID="P23_ST00233" HPOS="501" VPOS="2470" WIDTH="57" HEIGHT="40" CONTENT="de" WC="1.00" CC="00"/>
						<SP ID="P23_SP00196" HPOS="558" VPOS="2510" WIDTH="34"/>
						<String ID="P23_ST00234" HPOS="592" VPOS="2470" WIDTH="40" HEIGHT="40" CONTENT="la" WC="0.67" CC="60"/>
						<SP ID="P23_SP00197" HPOS="632" VPOS="2510" WIDTH="50"/>
						<String ID="P23_ST00235" HPOS="682" VPOS="2474" WIDTH="230" HEIGHT="46" CONTENT="propriété" WC="0.99" CC="030055507"/>
						<SP ID="P23_SP00198" HPOS="912" VPOS="2520" WIDTH="50"/>
						<String ID="P23_ST00236" HPOS="962" VPOS="2471" WIDTH="301" HEIGHT="41" CONTENT="immobilière" WC="0.99" CC="20000504750"/>
					</TextLine>
					<TextLine ID="P23_TL00039" HPOS="108" VPOS="2530" WIDTH="1156" HEIGHT="43">
						<String ID="P23_ST00237" HPOS="108" VPOS="2530" WIDTH="112" HEIGHT="42" CONTENT="dans" WC="1.00" CC="0000"/>
						<SP ID="P23_SP00199" HPOS="220" VPOS="2572" WIDTH="41"/>
						<String ID="P23_ST00238" HPOS="261" VPOS="2531" WIDTH="61" HEIGHT="40" CONTENT="les" WC="0.99" CC="100"/>
						<SP ID="P23_SP00200" HPOS="322" VPOS="2572" WIDTH="42"/>
						<String ID="P23_ST00239" HPOS="364" VPOS="2530" WIDTH="262" HEIGHT="42" CONTENT="différentes" WC="0.99" CC="03576000000"/>
						<SP ID="P23_SP00201" HPOS="626" VPOS="2572" WIDTH="41"/>
						<String ID="P23_ST00240" HPOS="667" VPOS="2531" WIDTH="213" HEIGHT="41" CONTENT="localités." WC="0.99" CC="3000530603"/>
						<SP ID="P23_SP00202" HPOS="880" VPOS="2572" WIDTH="46"/>
						<String ID="P23_ST00241" HPOS="926" VPOS="2532" WIDTH="83" HEIGHT="40" CONTENT="Les" WC="0.99" CC="100"/>
						<SP ID="P23_SP00203" HPOS="1009" VPOS="2572" WIDTH="39"/>
						<String ID="P23_ST00242" HPOS="1048" VPOS="2535" WIDTH="216" HEIGHT="38" CONTENT="autorités" WC="1.00" CC="000033060"/>
					</TextLine>
					<TextLine ID="P23_TL00040" HPOS="106" VPOS="2592" WIDTH="1157" HEIGHT="51">
						<String ID="P23_ST00243" HPOS="106" VPOS="2592" WIDTH="166" HEIGHT="40" CONTENT="locales" WC="1.00" CC="0000000"/>
						<SP ID="P23_SP00204" HPOS="272" VPOS="2632" WIDTH="31"/>
						<String ID="P23_ST00244" HPOS="303" VPOS="2603" WIDTH="201" HEIGHT="39" CONTENT="peuvent" WC="1.00" CC="0050000"/>
						<SP ID="P23_SP00205" HPOS="504" VPOS="2642" WIDTH="32"/>
						<String ID="P23_ST00245" HPOS="536" VPOS="2592" WIDTH="170" HEIGHT="40" CONTENT="édicter" WC="0.78" CC="6040004"/>
						<SP ID="P23_SP00206" HPOS="706" VPOS="2642" WIDTH="33"/>
						<String ID="P23_ST00246" HPOS="739" VPOS="2593" WIDTH="79" HEIGHT="40" CONTENT="des" WC="1.00" CC="000"/>
						<SP ID="P23_SP00207" HPOS="818" VPOS="2642" WIDTH="31"/>
						<String ID="P23_ST00247" HPOS="849" VPOS="2592" WIDTH="272" HEIGHT="51" CONTENT="règlements" WC="0.99" CC="5700000605"/>
						<SP ID="P23_SP00208" HPOS="1121" VPOS="2643" WIDTH="32"/>
						<String ID="P23_ST00248" HPOS="1153" VPOS="2611" WIDTH="83" HEIGHT="23" CONTENT="con" SUBS_TYPE="HypPart1" SUBS_CONTENT="concernant" WC="0.98" CC="008"/>
						<HYP HPOS="1236" VPOS="2611" WIDTH="27" CONTENT="-"/>
					</TextLine>
					<TextLine ID="P23_TL00041" HPOS="105" VPOS="2653" WIDTH="1156" HEIGHT="47">
						<String ID="P23_ST00249" HPOS="105" VPOS="2665" WIDTH="185" HEIGHT="29" CONTENT="cernant" SUBS_TYPE="HypPart2" SUBS_CONTENT="concernant" WC="0.99" CC="2040065"/>
						<SP ID="P23_SP00209" HPOS="290" VPOS="2694" WIDTH="29"/>
						<String ID="P23_ST00250" HPOS="319" VPOS="2653" WIDTH="421" HEIGHT="47" CONTENT="l'encombrement," WC="1.00" CC="030020002000003"/>
						<SP ID="P23_SP00210" HPOS="740" VPOS="2700" WIDTH="33"/>
						<String ID="P23_ST00251" HPOS="773" VPOS="2655" WIDTH="62" HEIGHT="40" CONTENT="les" WC="0.99" CC="300"/>
						<SP ID="P23_SP00211" HPOS="835" VPOS="2700" WIDTH="28"/>
						<String ID="P23_ST00252" HPOS="863" VPOS="2655" WIDTH="258" HEIGHT="40" CONTENT="conditions" WC="1.00" CC="0000102000"/>
						<SP ID="P23_SP00212" HPOS="1121" VPOS="2700" WIDTH="26"/>
						<String ID="P23_ST00253" HPOS="1147" VPOS="2659" WIDTH="92" HEIGHT="36" CONTENT="sani" SUBS_TYPE="HypPart1" SUBS_CONTENT="sanitaires," WC="0.99" CC="0005"/>
						<HYP HPOS="1239" VPOS="2659" WIDTH="22" CONTENT="-"/>
					</TextLine>
					<TextLine ID="P23_TL00042" HPOS="108" VPOS="2715" WIDTH="1155" HEIGHT="50">
						<String ID="P23_ST00254" HPOS="108" VPOS="2718" WIDTH="141" HEIGHT="42" CONTENT="taires," SUBS_TYPE="HypPart2" SUBS_CONTENT="sanitaires," WC="0.99" CC="6025003"/>
						<SP ID="P23_SP00213" HPOS="249" VPOS="2760" WIDTH="38"/>
						<String ID="P23_ST00255" HPOS="287" VPOS="2715" WIDTH="520" HEIGHT="50" CONTENT="l'approvisionnement" WC="1.00" CC="1300060020000000000"/>
						<SP ID="P23_SP00214" HPOS="807" VPOS="2765" WIDTH="33"/>
						<String ID="P23_ST00256" HPOS="840" VPOS="2733" WIDTH="53" HEIGHT="23" CONTENT="en" WC="0.72" CC="05"/>
						<SP ID="P23_SP00215" HPOS="893" VPOS="2765" WIDTH="35"/>
						<String ID="P23_ST00257" HPOS="928" VPOS="2733" WIDTH="83" HEIGHT="23" CONTENT="eau" WC="1.00" CC="000"/>
						<SP ID="P23_SP00216" HPOS="1011" VPOS="2765" WIDTH="31"/>
						<String ID="P23_ST00258" HPOS="1042" VPOS="2728" WIDTH="44" HEIGHT="29" CONTENT="et" WC="0.80" CC="40"/>
						<SP ID="P23_SP00217" HPOS="1086" VPOS="2765" WIDTH="30"/>
						<String ID="P23_ST00259" HPOS="1116" VPOS="2726" WIDTH="147" HEIGHT="31" CONTENT="toutes" WC="1.00" CC="040000"/>
					</TextLine>
					<TextLine ID="P23_TL00043" HPOS="105" VPOS="2775" WIDTH="1156" HEIGHT="51">
						<String ID="P23_ST00260" HPOS="105" VPOS="2775" WIDTH="62" HEIGHT="42" CONTENT="les" WC="0.99" CC="300"/>
						<SP ID="P23_SP00218" HPOS="167" VPOS="2817" WIDTH="36"/>
						<String ID="P23_ST00261" HPOS="203" VPOS="2787" WIDTH="149" HEIGHT="30" CONTENT="autres" WC="1.00" CC="000400"/>
						<SP ID="P23_SP00219" HPOS="352" VPOS="2817" WIDTH="36"/>
						<String ID="P23_ST00262" HPOS="388" VPOS="2779" WIDTH="230" HEIGHT="47" CONTENT="questions" WC="1.00" CC="040000200"/>
						<SP ID="P23_SP00220" HPOS="618" VPOS="2826" WIDTH="36"/>
						<String ID="P23_ST00263" HPOS="654" VPOS="2780" WIDTH="72" HEIGHT="46" CONTENT="qui" WC="0.98" CC="005"/>
						<SP ID="P23_SP00221" HPOS="726" VPOS="2826" WIDTH="36"/>
						<String ID="P23_ST00264" HPOS="762" VPOS="2780" WIDTH="265" HEIGHT="37" CONTENT="intéressent" WC="1.00" CC="30053000000"/>
						<SP ID="P23_SP00222" HPOS="1027" VPOS="2826" WIDTH="36"/>
						<String ID="P23_ST00265" HPOS="1063" VPOS="2777" WIDTH="39" HEIGHT="40" CONTENT="le" WC="0.97" CC="00"/>
						<SP ID="P23_SP00223" HPOS="1102" VPOS="2826" WIDTH="36"/>
						<String ID="P23_ST00266" HPOS="1138" VPOS="2777" WIDTH="99" HEIGHT="41" CONTENT="bien" SUBS_TYPE="HypPart1" SUBS_CONTENT="bienêtre," WC="0.98" CC="0408"/>
						<HYP HPOS="1237" VPOS="2777" WIDTH="24" CONTENT="-"/>
					</TextLine>
					<TextLine ID="P23_TL00044" HPOS="105" VPOS="2837" WIDTH="1155" HEIGHT="50">
						<String ID="P23_ST00267" HPOS="105" VPOS="2841" WIDTH="106" HEIGHT="40" CONTENT="être," SUBS_TYPE="HypPart2" SUBS_CONTENT="bienêtre," WC="0.99" CC="70100"/>
						<SP ID="P23_SP00224" HPOS="211" VPOS="2881" WIDTH="36"/>
						<String ID="P23_ST00268" HPOS="247" VPOS="2838" WIDTH="41" HEIGHT="40" CONTENT="le" WC="0.78" CC="40"/>
						<SP ID="P23_SP00225" HPOS="288" VPOS="2881" WIDTH="31"/>
						<String ID="P23_ST00269" HPOS="319" VPOS="2838" WIDTH="183" HEIGHT="40" CONTENT="confort" WC="0.99" CC="0206000"/>
						<SP ID="P23_SP00226" HPOS="502" VPOS="2881" WIDTH="32"/>
						<String ID="P23_ST00270" HPOS="534" VPOS="2848" WIDTH="43" HEIGHT="30" CONTENT="et" WC="1.00" CC="00"/>
						<SP ID="P23_SP00227" HPOS="577" VPOS="2881" WIDTH="49"/>
						<String ID="P23_ST00271" HPOS="626" VPOS="2837" WIDTH="41" HEIGHT="41" CONTENT="la" WC="0.77" CC="40"/>
						<SP ID="P23_SP00228" HPOS="667" VPOS="2881" WIDTH="33"/>
						<String ID="P23_ST00272" HPOS="700" VPOS="2841" WIDTH="145" HEIGHT="37" CONTENT="sûreté" WC="0.99" CC="051005"/>
						<SP ID="P23_SP00229" HPOS="845" VPOS="2881" WIDTH="51"/>
						<String ID="P23_ST00273" HPOS="896" VPOS="2838" WIDTH="78" HEIGHT="40" CONTENT="des" WC="0.99" CC="003"/>
						<SP ID="P23_SP00230" HPOS="974" VPOS="2881" WIDTH="32"/>
						<String ID="P23_ST00274" HPOS="1006" VPOS="2838" WIDTH="254" HEIGHT="49" CONTENT="logements" WC="1.00" CC="000000000"/>
					</TextLine>
					<TextLine ID="P23_TL00045" HPOS="103" VPOS="2899" WIDTH="1157" HEIGHT="50">
						<String ID="P23_ST00275" HPOS="103" VPOS="2899" WIDTH="233" HEIGHT="40" CONTENT="collectifs." WC="0.99" CC="52020003503"/>
						<SP ID="P23_SP00231" HPOS="336" VPOS="2939" WIDTH="35"/>
						<String ID="P23_ST00276" HPOS="371" VPOS="2899" WIDTH="117" HEIGHT="40" CONTENT="Elles" WC="0.98" CC="75000"/>
						<SP ID="P23_SP00232" HPOS="488" VPOS="2939" WIDTH="30"/>
						<String ID="P23_ST00277" HPOS="518" VPOS="2910" WIDTH="199" HEIGHT="39" CONTENT="peuvent" WC="1.00" CC="0050000"/>
						<SP ID="P23_SP00233" HPOS="717" VPOS="2949" WIDTH="30"/>
						<String ID="P23_ST00278" HPOS="747" VPOS="2899" WIDTH="257" HEIGHT="49" CONTENT="également" WC="1.00" CC="600000000"/>
						<SP ID="P23_SP00234" HPOS="1004" VPOS="2949" WIDTH="31"/>
						<String ID="P23_ST00279" HPOS="1035" VPOS="2899" WIDTH="109" HEIGHT="40" CONTENT="faire" WC="0.98" CC="50520"/>
						<SP ID="P23_SP00235" HPOS="1144" VPOS="2949" WIDTH="30"/>
						<String ID="P23_ST00280" HPOS="1174" VPOS="2916" WIDTH="65" HEIGHT="23" CONTENT="res" SUBS_TYPE="HypPart1" SUBS_CONTENT="restaurer," WC="0.99" CC="100"/>
						<HYP HPOS="1239" VPOS="2916" WIDTH="21" CONTENT="-"/>
					</TextLine>
					<TextLine ID="P23_TL00046" HPOS="105" VPOS="2960" WIDTH="1155" HEIGHT="50">
						<String ID="P23_ST00281" HPOS="105" VPOS="2970" WIDTH="160" HEIGHT="36" CONTENT="taurer," SUBS_TYPE="HypPart2" SUBS_CONTENT="restaurer," WC="0.99" CC="0034004"/>
						<SP ID="P23_SP00236" HPOS="265" VPOS="3006" WIDTH="24"/>
						<String ID="P23_ST00282" HPOS="289" VPOS="2977" WIDTH="87" HEIGHT="24" CONTENT="aux" WC="1.00" CC="000"/>
						<SP ID="P23_SP00237" HPOS="376" VPOS="3006" WIDTH="22"/>
						<String ID="P23_ST00283" HPOS="398" VPOS="2960" WIDTH="105" HEIGHT="41" CONTENT="frais" WC="0.98" CC="65030"/>
						<SP ID="P23_SP00238" HPOS="503" VPOS="3006" WIDTH="23"/>
						<String ID="P23_ST00284" HPOS="526" VPOS="2960" WIDTH="80" HEIGHT="41" CONTENT="des" WC="1.00" CC="000"/>
						<SP ID="P23_SP00239" HPOS="606" VPOS="3006" WIDTH="21"/>
						<String ID="P23_ST00285" HPOS="627" VPOS="2963" WIDTH="332" HEIGHT="47" CONTENT="propriétaires," WC="1.00" CC="05001660012102"/>
						<SP ID="P23_SP00240" HPOS="959" VPOS="3010" WIDTH="28"/>
						<String ID="P23_ST00286" HPOS="987" VPOS="2960" WIDTH="61" HEIGHT="41" CONTENT="les" WC="0.99" CC="002"/>
						<SP ID="P23_SP00241" HPOS="1048" VPOS="3010" WIDTH="21"/>
						<String ID="P23_ST00287" HPOS="1069" VPOS="2963" WIDTH="160" HEIGHT="38" CONTENT="immeu" SUBS_TYPE="HypPart1" SUBS_CONTENT="immeubles" WC="0.99" CC="50000"/>
						<HYP HPOS="1229" VPOS="2963" WIDTH="31" CONTENT="-"/>
					</TextLine>
					<TextLine ID="P23_TL00047" HPOS="104" VPOS="3021" WIDTH="1157" HEIGHT="50">
						<String ID="P23_ST00288" HPOS="104" VPOS="3021" WIDTH="95" HEIGHT="41" CONTENT="bles" SUBS_TYPE="HypPart2" SUBS_CONTENT="immeubles" WC="1.00" CC="0000"/>
						<SP ID="P23_SP00242" HPOS="199" VPOS="3062" WIDTH="33"/>
						<String ID="P23_ST00289" HPOS="232" VPOS="3021" WIDTH="248" HEIGHT="41" CONTENT="détériorés" WC="0.99" CC="0707530070"/>
						<SP ID="P23_SP00243" HPOS="480" VPOS="3062" WIDTH="31"/>
						<String ID="P23_ST00290" HPOS="511" VPOS="3040" WIDTH="57" HEIGHT="23" CONTENT="ou" WC="0.69" CC="06"/>
						<SP ID="P23_SP00244" HPOS="568" VPOS="3063" WIDTH="31"/>
						<String ID="P23_ST00291" HPOS="599" VPOS="3038" WIDTH="194" HEIGHT="24" CONTENT="avancer" WC="1.00" CC="0000004"/>
						<SP ID="P23_SP00245" HPOS="793" VPOS="3063" WIDTH="31"/>
						<String ID="P23_ST00292" HPOS="824" VPOS="3038" WIDTH="88" HEIGHT="24" CONTENT="aux" WC="0.98" CC="060"/>
						<SP ID="P23_SP00246" HPOS="912" VPOS="3063" WIDTH="30"/>
						<String ID="P23_ST00293" HPOS="942" VPOS="3024" WIDTH="319" HEIGHT="47" CONTENT="propriétaires" WC="1.00" CC="0200517005500"/>
					</TextLine>
					<TextLine ID="P23_TL00048" HPOS="104" VPOS="3083" WIDTH="1154" HEIGHT="50">
						<String ID="P23_ST00294" HPOS="104" VPOS="3086" WIDTH="73" HEIGHT="46" CONTENT="qui" WC="0.98" CC="004"/>
						<SP ID="P23_SP00247" HPOS="177" VPOS="3132" WIDTH="28"/>
						<String ID="P23_ST00295" HPOS="205" VPOS="3083" WIDTH="251" HEIGHT="41" CONTENT="n'auraient" WC="1.00" CC="0000704000"/>
						<SP ID="P23_SP00248" HPOS="456" VPOS="3132" WIDTH="26"/>
						<String ID="P23_ST00296" HPOS="482" VPOS="3100" WIDTH="82" HEIGHT="33" CONTENT="pas" WC="1.00" CC="000"/>
						<SP ID="P23_SP00249" HPOS="564" VPOS="3133" WIDTH="27"/>
						<String ID="P23_ST00297" HPOS="591" VPOS="3083" WIDTH="57" HEIGHT="40" CONTENT="de" WC="0.96" CC="00"/>
						<SP ID="P23_SP00250" HPOS="648" VPOS="3133" WIDTH="26"/>
						<String ID="P23_ST00298" HPOS="674" VPOS="3100" WIDTH="191" HEIGHT="32" CONTENT="moyens" WC="1.00" CC="000000"/>
						<SP ID="P23_SP00251" HPOS="865" VPOS="3133" WIDTH="27"/>
						<String ID="P23_ST00299" HPOS="892" VPOS="3083" WIDTH="190" HEIGHT="49" CONTENT="l'argent" WC="1.00" CC="43000000"/>
						<SP ID="P23_SP00252" HPOS="1082" VPOS="3133" WIDTH="27"/>
						<String ID="P23_ST00300" HPOS="1109" VPOS="3085" WIDTH="125" HEIGHT="38" CONTENT="néces" SUBS_TYPE="HypPart1" SUBS_CONTENT="nécessaire" WC="0.98" CC="07230"/>
						<HYP HPOS="1234" VPOS="3085" WIDTH="24" CONTENT="-"/>
					</TextLine>
					<TextLine ID="P23_TL00049" HPOS="103" VPOS="3144" WIDTH="871" HEIGHT="41">
						<String ID="P23_ST00301" HPOS="103" VPOS="3147" WIDTH="113" HEIGHT="37" CONTENT="saire" SUBS_TYPE="HypPart2" SUBS_CONTENT="nécessaire" WC="0.99" CC="00030"/>
						<SP ID="P23_SP00253" HPOS="216" VPOS="3184" WIDTH="25"/>
						<String ID="P23_ST00302" HPOS="241" VPOS="3147" WIDTH="25" HEIGHT="37" CONTENT="à" WC="0.21" CC="7"/>
						<SP ID="P23_SP00254" HPOS="266" VPOS="3184" WIDTH="26"/>
						<String ID="P23_ST00303" HPOS="292" VPOS="3144" WIDTH="270" HEIGHT="41" CONTENT="l'exécution" WC="1.00" CC="52007000200"/>
						<SP ID="P23_SP00255" HPOS="562" VPOS="3185" WIDTH="29"/>
						<String ID="P23_ST00304" HPOS="591" VPOS="3145" WIDTH="57" HEIGHT="40" CONTENT="de" WC="1.00" CC="00"/>
						<SP ID="P23_SP00256" HPOS="648" VPOS="3185" WIDTH="25"/>
						<String ID="P23_ST00305" HPOS="673" VPOS="3161" WIDTH="73" HEIGHT="24" CONTENT="ces" WC="0.99" CC="020"/>
						<SP ID="P23_SP00257" HPOS="746" VPOS="3185" WIDTH="28"/>
						<String ID="P23_ST00306" HPOS="774" VPOS="3156" WIDTH="200" HEIGHT="29" CONTENT="travaux." WC="0.99" CC="03000504"/>
					</TextLine>
				</TextBlock>
				<TextBlock ID="P23_TB00008" HPOS="290" VPOS="3227" WIDTH="786" HEIGHT="44" STYLEREFS="TXT_2 PAR_LEFT">
					<TextLine ID="P23_TL00050" HPOS="290" VPOS="3228" WIDTH="786" HEIGHT="43">
						<String ID="P23_ST00307" HPOS="290" VPOS="3229" WIDTH="278" HEIGHT="42" CONTENT="MESURES" WC="1.00" CC="0000010"/>
						<SP ID="P23_SP00258" HPOS="568" VPOS="3271" WIDTH="39"/>
						<String ID="P23_ST00308" HPOS="607" VPOS="3228" WIDTH="469" HEIGHT="42" CONTENT="PRELIMINAIRES" WC="1.00" CC="0000605000000"/>
					</TextLine>
				</TextBlock>
				<TextBlock ID="P23_TB00009" HPOS="104" VPOS="3299" WIDTH="1158" HEIGHT="236" STYLEREFS="TXT_1 PAR_BLOCK">
					<TextLine ID="P23_TL00051" HPOS="172" VPOS="3301" WIDTH="1089" HEIGHT="50">
						<String ID="P23_ST00309" HPOS="172" VPOS="3302" WIDTH="86" HEIGHT="40" CONTENT="Ces" WC="0.98" CC="040"/>
						<SP ID="P23_SP00259" HPOS="258" VPOS="3342" WIDTH="24"/>
						<String ID="P23_ST00310" HPOS="282" VPOS="3319" WIDTH="198" HEIGHT="23" CONTENT="mesures" WC="1.00" CC="0000400"/>
						<SP ID="P23_SP00260" HPOS="480" VPOS="3342" WIDTH="26"/>
						<String ID="P23_ST00311" HPOS="506" VPOS="3304" WIDTH="182" HEIGHT="38" CONTENT="avaient" WC="1.00" CC="0000000"/>
						<SP ID="P23_SP00261" HPOS="688" VPOS="3342" WIDTH="27"/>
						<String ID="P23_ST00312" HPOS="715" VPOS="3319" WIDTH="114" HEIGHT="32" CONTENT="pour" WC="1.00" CC="0002"/>
						<SP ID="P23_SP00262" HPOS="829" VPOS="3351" WIDTH="25"/>
						<String ID="P23_ST00313" HPOS="854" VPOS="3302" WIDTH="82" HEIGHT="40" CONTENT="but" WC="0.99" CC="030"/>
						<SP ID="P23_SP00263" HPOS="936" VPOS="3351" WIDTH="28"/>
						<String ID="P23_ST00314" HPOS="964" VPOS="3301" WIDTH="56" HEIGHT="40" CONTENT="de" WC="1.00" CC="00"/>
						<SP ID="P23_SP00264" HPOS="1020" VPOS="3351" WIDTH="26"/>
						<String ID="P23_ST00315" HPOS="1046" VPOS="3304" WIDTH="215" HEIGHT="47" CONTENT="préparer" WC="0.99" CC="00700500"/>
					</TextLine>
					<TextLine ID="P23_TL00052" HPOS="105" VPOS="3362" WIDTH="1155" HEIGHT="50">
						<String ID="P23_ST00316" HPOS="105" VPOS="3363" WIDTH="40" HEIGHT="40" CONTENT="la" WC="1.00" CC="00"/>
						<SP ID="P23_SP00265" HPOS="145" VPOS="3403" WIDTH="27"/>
						<String ID="P23_ST00317" HPOS="172" VPOS="3366" WIDTH="103" HEIGHT="37" CONTENT="voie" WC="1.00" CC="0000"/>
						<SP ID="P23_SP00266" HPOS="275" VPOS="3403" WIDTH="27"/>
						<String ID="P23_ST00318" HPOS="302" VPOS="3366" WIDTH="25" HEIGHT="37" CONTENT="à" WC="1.00" CC="9"/>
						<SP ID="P23_SP00267" HPOS="327" VPOS="3403" WIDTH="28"/>
						<String ID="P23_ST00319" HPOS="355" VPOS="3381" WIDTH="86" HEIGHT="23" CONTENT="une" WC="1.00" CC="000"/>
						<SP ID="P23_SP00268" HPOS="441" VPOS="3404" WIDTH="28"/>
						<String ID="P23_ST00320" HPOS="469" VPOS="3362" WIDTH="316" HEIGHT="42" CONTENT="amélioration" WC="1.00" CC="005130300200"/>
						<SP ID="P23_SP00269" HPOS="785" VPOS="3404" WIDTH="29"/>
						<String ID="P23_ST00321" HPOS="814" VPOS="3367" WIDTH="278" HEIGHT="45" CONTENT="importante" WC="1.00" CC="2000400000"/>
						<SP ID="P23_SP00270" HPOS="1092" VPOS="3412" WIDTH="25"/>
						<String ID="P23_ST00322" HPOS="1117" VPOS="3374" WIDTH="44" HEIGHT="29" CONTENT="et" WC="1.00" CC="00"/>
						<SP ID="P23_SP00271" HPOS="1161" VPOS="3412" WIDTH="26"/>
						<String ID="P23_ST00323" HPOS="1187" VPOS="3365" WIDTH="49" HEIGHT="47" CONTENT="gé" SUBS_TYPE="HypPart1" SUBS_CONTENT="générale" WC="0.96" CC="07"/>
						<HYP HPOS="1236" VPOS="3365" WIDTH="24" CONTENT="-"/>
					</TextLine>
					<TextLine ID="P23_TL00053" HPOS="105" VPOS="3423" WIDTH="1156" HEIGHT="51">
						<String ID="P23_ST00324" HPOS="105" VPOS="3425" WIDTH="150" HEIGHT="41" CONTENT="nérale" SUBS_TYPE="HypPart2" SUBS_CONTENT="générale" WC="0.99" CC="072010"/>
						<SP ID="P23_SP00272" HPOS="255" VPOS="3466" WIDTH="26"/>
						<String ID="P23_ST00325" HPOS="281" VPOS="3425" WIDTH="59" HEIGHT="40" CONTENT="du" WC="1.00" CC="00"/>
						<SP ID="P23_SP00273" HPOS="340" VPOS="3466" WIDTH="26"/>
						<String ID="P23_ST00326" HPOS="366" VPOS="3425" WIDTH="233" HEIGHT="49" CONTENT="logement" WC="1.00" CC="00000400"/>
						<SP ID="P23_SP00274" HPOS="599" VPOS="3474" WIDTH="25"/>
						<String ID="P23_ST00327" HPOS="624" VPOS="3442" WIDTH="54" HEIGHT="24" CONTENT="en" WC="0.84" CC="30"/>
						<SP ID="P23_SP00275" HPOS="678" VPOS="3474" WIDTH="26"/>
						<String ID="P23_ST00328" HPOS="704" VPOS="3424" WIDTH="283" HEIGHT="50" CONTENT="Angleterre." WC="1.00" CC="00030000004"/>
						<SP ID="P23_SP00276" HPOS="987" VPOS="3474" WIDTH="30"/>
						<String ID="P23_ST00329" HPOS="1017" VPOS="3423" WIDTH="117" HEIGHT="42" CONTENT="Elles" WC="0.98" CC="60320"/>
						<SP ID="P23_SP00277" HPOS="1134" VPOS="3474" WIDTH="25"/>
						<String ID="P23_ST00330" HPOS="1159" VPOS="3434" WIDTH="102" HEIGHT="30" CONTENT="sont" WC="1.00" CC="0200"/>
					</TextLine>
					<TextLine ID="P23_TL00054" HPOS="104" VPOS="3485" WIDTH="1158" HEIGHT="50">
						<String ID="P23_ST00331" HPOS="104" VPOS="3485" WIDTH="333" HEIGHT="42" CONTENT="suffisamment" WC="1.00" CC="506110000000"/>
						<SP ID="P23_SP00278" HPOS="437" VPOS="3527" WIDTH="33"/>
						<String ID="P23_ST00332" HPOS="470" VPOS="3489" WIDTH="299" HEIGHT="46" CONTENT="importantes" WC="1.00" CC="30003000000"/>
						<SP ID="P23_SP00279" HPOS="769" VPOS="3535" WIDTH="51"/>
						<String ID="P23_ST00333" HPOS="820" VPOS="3498" WIDTH="43" HEIGHT="29" CONTENT="et" WC="1.00" CC="00"/>
						<SP ID="P23_SP00280" HPOS="863" VPOS="3535" WIDTH="33"/>
						<String ID="P23_ST00334" HPOS="896" VPOS="3486" WIDTH="219" HEIGHT="40" CONTENT="étendues" WC="0.99" CC="60100500"/>
						<SP ID="P23_SP00281" HPOS="1115" VPOS="3535" WIDTH="32"/>
						<String ID="P23_ST00335" HPOS="1147" VPOS="3502" WIDTH="115" HEIGHT="33" CONTENT="pour" WC="1.00" CC="0000"/>
					</TextLine>
				</TextBlock>
				<TextBlock ID="P23_TB00010" HPOS="1340" VPOS="417" WIDTH="1168" HEIGHT="3119" STYLEREFS="TXT_1 PAR_BLOCK">
					<TextLine ID="P23_TL00055" HPOS="1346" VPOS="418" WIDTH="1158" HEIGHT="42">
						<String ID="P23_ST00336" HPOS="1346" VPOS="433" WIDTH="185" HEIGHT="25" CONTENT="amener" WC="0.98" CC="301406"/>
						<SP ID="P23_SP00282" HPOS="1531" VPOS="458" WIDTH="36"/>
						<String ID="P23_ST00337" HPOS="1567" VPOS="434" WIDTH="87" HEIGHT="24" CONTENT="une" WC="0.97" CC="430"/>
						<SP ID="P23_SP00283" HPOS="1654" VPOS="458" WIDTH="37"/>
						<String ID="P23_ST00338" HPOS="1691" VPOS="418" WIDTH="374" HEIGHT="42" CONTENT="transformation" WC="1.00" CC="00600704030260"/>
						<SP ID="P23_SP00284" HPOS="2065" VPOS="460" WIDTH="39"/>
						<String ID="P23_ST00339" HPOS="2104" VPOS="419" WIDTH="57" HEIGHT="40" CONTENT="de" WC="0.66" CC="60"/>
						<SP ID="P23_SP00285" HPOS="2161" VPOS="460" WIDTH="37"/>
						<String ID="P23_ST00340" HPOS="2198" VPOS="429" WIDTH="126" HEIGHT="31" CONTENT="toute" WC="0.99" CC="00500"/>
						<SP ID="P23_SP00286" HPOS="2324" VPOS="460" WIDTH="35"/>
						<String ID="P23_ST00341" HPOS="2359" VPOS="420" WIDTH="39" HEIGHT="40" CONTENT="la" WC="0.72" CC="50"/>
						<SP ID="P23_SP00287" HPOS="2398" VPOS="460" WIDTH="36"/>
						<String ID="P23_ST00342" HPOS="2434" VPOS="423" WIDTH="70" HEIGHT="37" CONTENT="vie" WC="0.93" CC="576"/>
					</TextLine>
					<TextLine ID="P23_TL00056" HPOS="1350" VPOS="477" WIDTH="1157" HEIGHT="53">
						<String ID="P23_ST00343" HPOS="1350" VPOS="477" WIDTH="287" HEIGHT="52" CONTENT="domestique" WC="0.99" CC="6600204400"/>
						<SP ID="P23_SP00288" HPOS="1637" VPOS="529" WIDTH="25"/>
						<String ID="P23_ST00344" HPOS="1662" VPOS="478" WIDTH="211" HEIGHT="51" CONTENT="anglaise." WC="0.99" CC="007703001"/>
						<SP ID="P23_SP00289" HPOS="1873" VPOS="529" WIDTH="31"/>
						<String ID="P23_ST00345" HPOS="1904" VPOS="479" WIDTH="115" HEIGHT="41" CONTENT="Mais" WC="0.99" CC="0030"/>
						<SP ID="P23_SP00290" HPOS="2019" VPOS="529" WIDTH="24"/>
						<String ID="P23_ST00346" HPOS="2043" VPOS="498" WIDTH="50" HEIGHT="22" CONTENT="ce" WC="0.86" CC="20"/>
						<SP ID="P23_SP00291" HPOS="2093" VPOS="529" WIDTH="26"/>
						<String ID="P23_ST00347" HPOS="2119" VPOS="480" WIDTH="105" HEIGHT="50" CONTENT="qu'il" WC="0.99" CC="00051"/>
						<SP ID="P23_SP00292" HPOS="2224" VPOS="530" WIDTH="27"/>
						<String ID="P23_ST00348" HPOS="2251" VPOS="498" WIDTH="28" HEIGHT="32" CONTENT="y" WC="0.62" CC="3"/>
						<SP ID="P23_SP00293" HPOS="2279" VPOS="530" WIDTH="25"/>
						<String ID="P23_ST00349" HPOS="2304" VPOS="484" WIDTH="121" HEIGHT="38" CONTENT="avait" WC="0.99" CC="00030"/>
						<SP ID="P23_SP00294" HPOS="2425" VPOS="530" WIDTH="26"/>
						<String ID="P23_ST00350" HPOS="2451" VPOS="481" WIDTH="56" HEIGHT="41" CONTENT="de" WC="1.00" CC="00"/>
					</TextLine>
					<TextLine ID="P23_TL00057" HPOS="1347" VPOS="540" WIDTH="1159" HEIGHT="52">
						<String ID="P23_ST00351" HPOS="1347" VPOS="540" WIDTH="101" HEIGHT="50" CONTENT="plus" WC="0.99" CC="0040"/>
						<SP ID="P23_SP00295" HPOS="1448" VPOS="590" WIDTH="32"/>
						<String ID="P23_ST00352" HPOS="1480" VPOS="551" WIDTH="174" HEIGHT="39" CONTENT="urgent," WC="0.98" CC="0870006"/>
						<SP ID="P23_SP00296" HPOS="1654" VPOS="590" WIDTH="37"/>
						<String ID="P23_ST00353" HPOS="1691" VPOS="541" WIDTH="153" HEIGHT="42" CONTENT="c'était" WC="0.99" CC="0060040"/>
						<SP ID="P23_SP00297" HPOS="1844" VPOS="590" WIDTH="34"/>
						<String ID="P23_ST00354" HPOS="1878" VPOS="541" WIDTH="57" HEIGHT="41" CONTENT="de" WC="1.00" CC="00"/>
						<SP ID="P23_SP00298" HPOS="1935" VPOS="590" WIDTH="33"/>
						<String ID="P23_ST00355" HPOS="1968" VPOS="545" WIDTH="218" HEIGHT="47" CONTENT="pourvoir" WC="0.99" CC="05020033"/>
						<SP ID="P23_SP00299" HPOS="2186" VPOS="592" WIDTH="33"/>
						<String ID="P23_ST00356" HPOS="2219" VPOS="559" WIDTH="57" HEIGHT="24" CONTENT="au" WC="0.66" CC="06"/>
						<SP ID="P23_SP00300" HPOS="2276" VPOS="592" WIDTH="33"/>
						<String ID="P23_ST00357" HPOS="2309" VPOS="559" WIDTH="197" HEIGHT="33" CONTENT="manque" WC="1.00" CC="000004"/>
					</TextLine>
					<TextLine ID="P23_TL00058" HPOS="1350" VPOS="600" WIDTH="1156" HEIGHT="49">
						<String ID="P23_ST00358" HPOS="1350" VPOS="600" WIDTH="326" HEIGHT="43" CONTENT="d'habitations" WC="0.99" CC="0070610405601"/>
						<SP ID="P23_SP00301" HPOS="1676" VPOS="643" WIDTH="55"/>
						<String ID="P23_ST00359" HPOS="1731" VPOS="602" WIDTH="126" HEIGHT="47" CONTENT="dont," WC="0.98" CC="91005"/>
						<SP ID="P23_SP00302" HPOS="1857" VPOS="649" WIDTH="57"/>
						<String ID="P23_ST00360" HPOS="1914" VPOS="620" WIDTH="57" HEIGHT="24" CONTENT="au" WC="0.67" CC="06"/>
						<SP ID="P23_SP00303" HPOS="1971" VPOS="649" WIDTH="54"/>
						<String ID="P23_ST00361" HPOS="2025" VPOS="602" WIDTH="261" HEIGHT="44" CONTENT="lendemain" WC="1.00" CC="000010730"/>
						<SP ID="P23_SP00304" HPOS="2286" VPOS="649" WIDTH="56"/>
						<String ID="P23_ST00362" HPOS="2342" VPOS="604" WIDTH="57" HEIGHT="40" CONTENT="de" WC="1.00" CC="00"/>
						<SP ID="P23_SP00305" HPOS="2399" VPOS="649" WIDTH="68"/>
						<String ID="P23_ST00363" HPOS="2467" VPOS="604" WIDTH="39" HEIGHT="41" CONTENT="la" WC="0.50" CC="09"/>
					</TextLine>
					<TextLine ID="P23_TL00059" HPOS="1348" VPOS="663" WIDTH="1159" HEIGHT="52">
						<String ID="P23_ST00364" HPOS="1348" VPOS="678" WIDTH="171" HEIGHT="34" CONTENT="guerre," WC="1.00" CC="0000303"/>
						<SP ID="P23_SP00306" HPOS="1519" VPOS="712" WIDTH="40"/>
						<String ID="P23_ST00365" HPOS="1559" VPOS="663" WIDTH="40" HEIGHT="41" CONTENT="le" WC="0.69" CC="60"/>
						<SP ID="P23_SP00307" HPOS="1599" VPOS="712" WIDTH="35"/>
						<String ID="P23_ST00366" HPOS="1634" VPOS="680" WIDTH="115" HEIGHT="34" CONTENT="pays" WC="0.99" CC="0330"/>
						<SP ID="P23_SP00308" HPOS="1749" VPOS="714" WIDTH="52"/>
						<String ID="P23_ST00367" HPOS="1801" VPOS="681" WIDTH="45" HEIGHT="24" CONTENT="se" WC="0.78" CC="04"/>
						<SP ID="P23_SP00309" HPOS="1846" VPOS="714" WIDTH="37"/>
						<String ID="P23_ST00368" HPOS="1883" VPOS="665" WIDTH="178" HEIGHT="40" CONTENT="rendait" WC="0.99" CC="4000060"/>
						<SP ID="P23_SP00310" HPOS="2061" VPOS="714" WIDTH="51"/>
						<String ID="P23_ST00369" HPOS="2112" VPOS="667" WIDTH="35" HEIGHT="39" CONTENT="si" WC="0.88" CC="02"/>
						<SP ID="P23_SP00311" HPOS="2147" VPOS="714" WIDTH="37"/>
						<String ID="P23_ST00370" HPOS="2184" VPOS="665" WIDTH="323" HEIGHT="50" CONTENT="parfaitement" WC="1.00" CC="002004000007"/>
					</TextLine>
					<TextLine ID="P23_TL00060" HPOS="1348" VPOS="724" WIDTH="1159" HEIGHT="51">
						<String ID="P23_ST00371" HPOS="1348" VPOS="734" WIDTH="199" HEIGHT="41" CONTENT="compte." WC="1.00" CC="0000003"/>
						<SP ID="P23_SP00312" HPOS="1547" VPOS="775" WIDTH="47"/>
						<String ID="P23_ST00372" HPOS="1594" VPOS="724" WIDTH="62" HEIGHT="42" CONTENT="La" WC="0.92" CC="10"/>
						<SP ID="P23_SP00313" HPOS="1656" VPOS="775" WIDTH="40"/>
						<String ID="P23_ST00373" HPOS="1696" VPOS="727" WIDTH="164" HEIGHT="39" CONTENT="vitesse" WC="0.99" CC="9400000"/>
						<SP ID="P23_SP00314" HPOS="1860" VPOS="775" WIDTH="38"/>
						<String ID="P23_ST00374" HPOS="1898" VPOS="728" WIDTH="127" HEIGHT="39" CONTENT="étant" WC="0.99" CC="70000"/>
						<SP ID="P23_SP00315" HPOS="2025" VPOS="775" WIDTH="39"/>
						<String ID="P23_ST00375" HPOS="2064" VPOS="743" WIDTH="59" HEIGHT="24" CONTENT="un" WC="0.98" CC="00"/>
						<SP ID="P23_SP00316" HPOS="2123" VPOS="775" WIDTH="43"/>
						<String ID="P23_ST00376" HPOS="2166" VPOS="727" WIDTH="80" HEIGHT="40" CONTENT="des" WC="1.00" CC="000"/>
						<SP ID="P23_SP00317" HPOS="2246" VPOS="775" WIDTH="40"/>
						<String ID="P23_ST00377" HPOS="2286" VPOS="727" WIDTH="221" HEIGHT="40" CONTENT="éléments" WC="0.99" CC="81500000"/>
					</TextLine>
					<TextLine ID="P23_TL00061" HPOS="1348" VPOS="785" WIDTH="1157" HEIGHT="52">
						<String ID="P23_ST00378" HPOS="1348" VPOS="785" WIDTH="228" HEIGHT="42" CONTENT="essentiels" WC="1.00" CC="0000004000"/>
						<SP ID="P23_SP00318" HPOS="1576" VPOS="827" WIDTH="28"/>
						<String ID="P23_ST00379" HPOS="1604" VPOS="787" WIDTH="58" HEIGHT="40" CONTENT="de" WC="1.00" CC="00"/>
						<SP ID="P23_SP00319" HPOS="1662" VPOS="827" WIDTH="27"/>
						<String ID="P23_ST00380" HPOS="1689" VPOS="804" WIDTH="51" HEIGHT="23" CONTENT="ce" WC="0.92" CC="01"/>
						<SP ID="P23_SP00320" HPOS="1740" VPOS="827" WIDTH="28"/>
						<String ID="P23_ST00381" HPOS="1768" VPOS="787" WIDTH="240" HEIGHT="50" CONTENT="problème" WC="0.99" CC="03330704"/>
						<SP ID="P23_SP00321" HPOS="2008" VPOS="837" WIDTH="120"/>
						<String ID="P23_ST00382" HPOS="2128" VPOS="790" WIDTH="113" HEIGHT="39" CONTENT="mais" WC="0.99" CC="0033"/>
						<SP ID="P23_SP00322" HPOS="2241" VPOS="837" WIDTH="28"/>
						<String ID="P23_ST00383" HPOS="2269" VPOS="804" WIDTH="51" HEIGHT="25" CONTENT="ce" WC="1.00" CC="00"/>
						<SP ID="P23_SP00323" HPOS="2320" VPOS="837" WIDTH="29"/>
						<String ID="P23_ST00384" HPOS="2349" VPOS="788" WIDTH="156" HEIGHT="41" CONTENT="n'était" WC="0.99" CC="0400064"/>
					</TextLine>
					<TextLine ID="P23_TL00062" HPOS="1346" VPOS="846" WIDTH="277" HEIGHT="52">
						<String ID="P23_ST00385" HPOS="1346" VPOS="865" WIDTH="82" HEIGHT="33" CONTENT="pas" WC="0.97" CC="080"/>
						<SP ID="P23_SP00324" HPOS="1428" VPOS="898" WIDTH="24"/>
						<String ID="P23_ST00386" HPOS="1452" VPOS="846" WIDTH="41" HEIGHT="43" CONTENT="le" WC="0.90" CC="20"/>
						<SP ID="P23_SP00325" HPOS="1493" VPOS="898" WIDTH="23"/>
						<String ID="P23_ST00387" HPOS="1516" VPOS="846" WIDTH="107" HEIGHT="44" CONTENT="seul." WC="0.96" CC="67733"/>
					</TextLine>
					<TextLine ID="P23_TL00063" HPOS="1414" VPOS="909" WIDTH="1091" HEIGHT="53">
						<String ID="P23_ST00388" HPOS="1414" VPOS="909" WIDTH="126" HEIGHT="42" CONTENT="Nous" WC="0.99" CC="0400"/>
						<SP ID="P23_SP00326" HPOS="1540" VPOS="951" WIDTH="37"/>
						<String ID="P23_ST00389" HPOS="1577" VPOS="927" WIDTH="145" HEIGHT="25" CONTENT="avons" WC="0.98" CC="50306"/>
						<SP ID="P23_SP00327" HPOS="1722" VPOS="952" WIDTH="40"/>
						<String ID="P23_ST00390" HPOS="1762" VPOS="910" WIDTH="105" HEIGHT="52" CONTENT="déjà" WC="0.97" CC="0627"/>
						<SP ID="P23_SP00328" HPOS="1867" VPOS="962" WIDTH="38"/>
						<String ID="P23_ST00391" HPOS="1905" VPOS="910" WIDTH="82" HEIGHT="42" CONTENT="fait" WC="0.99" CC="3020"/>
						<SP ID="P23_SP00329" HPOS="1987" VPOS="962" WIDTH="35"/>
						<String ID="P23_ST00392" HPOS="2022" VPOS="911" WIDTH="191" HEIGHT="42" CONTENT="allusion" WC="0.99" CC="02400320"/>
						<SP ID="P23_SP00330" HPOS="2213" VPOS="962" WIDTH="38"/>
						<String ID="P23_ST00393" HPOS="2251" VPOS="915" WIDTH="26" HEIGHT="37" CONTENT="à" WC="0.36" CC="6"/>
						<SP ID="P23_SP00331" HPOS="2277" VPOS="962" WIDTH="39"/>
						<String ID="P23_ST00394" HPOS="2316" VPOS="911" WIDTH="189" HEIGHT="51" CONTENT="l'aspect" WC="1.00" CC="03000000"/>
					</TextLine>
					<TextLine ID="P23_TL00064" HPOS="1350" VPOS="971" WIDTH="1155" HEIGHT="52">
						<String ID="P23_ST00395" HPOS="1350" VPOS="971" WIDTH="270" HEIGHT="50" CONTENT="déplorable" WC="1.00" CC="0000220060"/>
						<SP ID="P23_SP00332" HPOS="1620" VPOS="1021" WIDTH="30"/>
						<String ID="P23_ST00396" HPOS="1650" VPOS="972" WIDTH="56" HEIGHT="40" CONTENT="de" WC="0.90" CC="02"/>
						<SP ID="P23_SP00333" HPOS="1706" VPOS="1021" WIDTH="30"/>
						<String ID="P23_ST00397" HPOS="1736" VPOS="972" WIDTH="41" HEIGHT="41" CONTENT="la" WC="1.00" CC="00"/>
						<SP ID="P23_SP00334" HPOS="1777" VPOS="1021" WIDTH="28"/>
						<String ID="P23_ST00398" HPOS="1805" VPOS="972" WIDTH="182" HEIGHT="50" CONTENT="plupart" WC="0.99" CC="0460010"/>
						<SP ID="P23_SP00335" HPOS="1987" VPOS="1022" WIDTH="31"/>
						<String ID="P23_ST00399" HPOS="2018" VPOS="973" WIDTH="80" HEIGHT="41" CONTENT="des" WC="0.98" CC="005"/>
						<SP ID="P23_SP00336" HPOS="2098" VPOS="1022" WIDTH="28"/>
						<String ID="P23_ST00400" HPOS="2126" VPOS="973" WIDTH="128" HEIGHT="41" CONTENT="villes" WC="0.98" CC="073306"/>
						<SP ID="P23_SP00337" HPOS="2254" VPOS="1022" WIDTH="28"/>
						<String ID="P23_ST00401" HPOS="2282" VPOS="973" WIDTH="223" HEIGHT="50" CONTENT="anglaises" WC="0.99" CC="007105000"/>
					</TextLine>
					<TextLine ID="P23_TL00065" HPOS="1349" VPOS="1032" WIDTH="1157" HEIGHT="52">
						<String ID="P23_ST00402" HPOS="1349" VPOS="1043" WIDTH="45" HEIGHT="31" CONTENT="et" WC="0.76" CC="40"/>
						<SP ID="P23_SP00338" HPOS="1394" VPOS="1074" WIDTH="39"/>
						<String ID="P23_ST00403" HPOS="1433" VPOS="1049" WIDTH="89" HEIGHT="25" CONTENT="aux" WC="0.97" CC="080"/>
						<SP ID="P23_SP00339" HPOS="1522" VPOS="1074" WIDTH="42"/>
						<String ID="P23_ST00404" HPOS="1564" VPOS="1032" WIDTH="207" HEIGHT="42" CONTENT="résultats" WC="0.99" CC="060440530"/>
						<SP ID="P23_SP00340" HPOS="1771" VPOS="1074" WIDTH="42"/>
						<String ID="P23_ST00405" HPOS="1813" VPOS="1033" WIDTH="264" HEIGHT="42" CONTENT="désastreux" WC="1.00" CC="0000203030"/>
						<SP ID="P23_SP00341" HPOS="2077" VPOS="1075" WIDTH="42"/>
						<String ID="P23_ST00406" HPOS="2119" VPOS="1035" WIDTH="218" HEIGHT="49" CONTENT="auxquels" WC="0.99" CC="00045040"/>
						<SP ID="P23_SP00342" HPOS="2337" VPOS="1084" WIDTH="43"/>
						<String ID="P23_ST00407" HPOS="2380" VPOS="1051" WIDTH="59" HEIGHT="24" CONTENT="on" WC="0.81" CC="30"/>
						<SP ID="P23_SP00343" HPOS="2439" VPOS="1084" WIDTH="43"/>
						<String ID="P23_ST00408" HPOS="2482" VPOS="1053" WIDTH="24" HEIGHT="22" CONTENT="a" WC="1.00" CC="9"/>
					</TextLine>
					<TextLine ID="P23_TL00066" HPOS="1347" VPOS="1094" WIDTH="1158" HEIGHT="52">
						<String ID="P23_ST00409" HPOS="1347" VPOS="1094" WIDTH="157" HEIGHT="41" CONTENT="abouti" WC="0.99" CC="003003"/>
						<SP ID="P23_SP00344" HPOS="1504" VPOS="1135" WIDTH="32"/>
						<String ID="P23_ST00410" HPOS="1536" VPOS="1094" WIDTH="218" HEIGHT="42" CONTENT="autrefois" WC="1.00" CC="000303330"/>
						<SP ID="P23_SP00345" HPOS="1754" VPOS="1136" WIDTH="34"/>
						<String ID="P23_ST00411" HPOS="1788" VPOS="1112" WIDTH="55" HEIGHT="24" CONTENT="en" WC="1.00" CC="00"/>
						<SP ID="P23_SP00346" HPOS="1843" VPOS="1136" WIDTH="34"/>
						<String ID="P23_ST00412" HPOS="1877" VPOS="1098" WIDTH="301" HEIGHT="38" CONTENT="construisant" WC="1.00" CC="010000010000"/>
						<SP ID="P23_SP00347" HPOS="2178" VPOS="1136" WIDTH="32"/>
						<String ID="P23_ST00413" HPOS="2210" VPOS="1098" WIDTH="295" HEIGHT="48" CONTENT="uniquement" WC="1.00" CC="0040000001"/>
					</TextLine>
					<TextLine ID="P23_TL00067" HPOS="1347" VPOS="1155" WIDTH="1151" HEIGHT="43">
						<String ID="P23_ST00414" HPOS="1347" VPOS="1171" WIDTH="54" HEIGHT="25" CONTENT="en" WC="1.00" CC="00"/>
						<SP ID="P23_SP00348" HPOS="1401" VPOS="1196" WIDTH="22"/>
						<String ID="P23_ST00415" HPOS="1423" VPOS="1171" WIDTH="91" HEIGHT="25" CONTENT="vue" WC="0.98" CC="006"/>
						<SP ID="P23_SP00349" HPOS="1514" VPOS="1196" WIDTH="24"/>
						<String ID="P23_ST00416" HPOS="1538" VPOS="1155" WIDTH="57" HEIGHT="42" CONTENT="de" WC="1.00" CC="00"/>
						<SP ID="P23_SP00350" HPOS="1595" VPOS="1197" WIDTH="23"/>
						<String ID="P23_ST00417" HPOS="1618" VPOS="1155" WIDTH="111" HEIGHT="42" CONTENT="faire" WC="0.98" CC="54430"/>
						<SP ID="P23_SP00351" HPOS="1729" VPOS="1197" WIDTH="26"/>
						<String ID="P23_ST00418" HPOS="1755" VPOS="1155" WIDTH="100" HEIGHT="43" CONTENT="face" WC="0.98" CC="7000"/>
						<SP ID="P23_SP00352" HPOS="1855" VPOS="1198" WIDTH="23"/>
						<String ID="P23_ST00419" HPOS="1878" VPOS="1173" WIDTH="88" HEIGHT="24" CONTENT="aux" WC="1.00" CC="000"/>
						<SP ID="P23_SP00353" HPOS="1966" VPOS="1198" WIDTH="23"/>
						<String ID="P23_ST00420" HPOS="1989" VPOS="1157" WIDTH="184" HEIGHT="41" CONTENT="besoins" WC="1.00" CC="0000502"/>
						<SP ID="P23_SP00354" HPOS="2173" VPOS="1198" WIDTH="23"/>
						<String ID="P23_ST00421" HPOS="2196" VPOS="1157" WIDTH="60" HEIGHT="41" CONTENT="du" WC="1.00" CC="00"/>
						<SP ID="P23_SP00355" HPOS="2256" VPOS="1198" WIDTH="25"/>
						<String ID="P23_ST00422" HPOS="2281" VPOS="1169" WIDTH="217" HEIGHT="29" CONTENT="moment." WC="0.98" CC="0400983"/>
					</TextLine>
					<TextLine ID="P23_TL00068" HPOS="1347" VPOS="1216" WIDTH="1157" HEIGHT="52">
						<String ID="P23_ST00423" HPOS="1347" VPOS="1216" WIDTH="64" HEIGHT="42" CONTENT="En" WC="0.74" CC="50"/>
						<SP ID="P23_SP00356" HPOS="1411" VPOS="1258" WIDTH="36"/>
						<String ID="P23_ST00424" HPOS="1447" VPOS="1227" WIDTH="117" HEIGHT="31" CONTENT="cette" WC="1.00" CC="00000"/>
						<SP ID="P23_SP00357" HPOS="1564" VPOS="1258" WIDTH="33"/>
						<String ID="P23_ST00425" HPOS="1597" VPOS="1220" WIDTH="201" HEIGHT="44" CONTENT="matière," WC="0.99" CC="00045203"/>
						<SP ID="P23_SP00358" HPOS="1798" VPOS="1264" WIDTH="35"/>
						<String ID="P23_ST00426" HPOS="1833" VPOS="1217" WIDTH="27" HEIGHT="41" CONTENT="il" WC="0.47" CC="54"/>
						<SP ID="P23_SP00359" HPOS="1860" VPOS="1264" WIDTH="34"/>
						<String ID="P23_ST00427" HPOS="1894" VPOS="1218" WIDTH="115" HEIGHT="41" CONTENT="n'est" WC="1.00" CC="01000"/>
						<SP ID="P23_SP00360" HPOS="2009" VPOS="1264" WIDTH="33"/>
						<String ID="P23_ST00428" HPOS="2042" VPOS="1221" WIDTH="136" HEIGHT="47" CONTENT="guère" WC="0.97" CC="91640"/>
						<SP ID="P23_SP00361" HPOS="2178" VPOS="1268" WIDTH="33"/>
						<String ID="P23_ST00429" HPOS="2211" VPOS="1218" WIDTH="202" HEIGHT="50" CONTENT="possible" WC="1.00" CC="00005040"/>
						<SP ID="P23_SP00362" HPOS="2413" VPOS="1268" WIDTH="34"/>
						<String ID="P23_ST00430" HPOS="2447" VPOS="1219" WIDTH="57" HEIGHT="41" CONTENT="de" WC="0.81" CC="03"/>
					</TextLine>
					<TextLine ID="P23_TL00069" HPOS="1345" VPOS="1279" WIDTH="1159" HEIGHT="51">
						<String ID="P23_ST00431" HPOS="1345" VPOS="1288" WIDTH="163" HEIGHT="31" CONTENT="mettre" WC="1.00" CC="000000"/>
						<SP ID="P23_SP00363" HPOS="1508" VPOS="1319" WIDTH="26"/>
						<String ID="P23_ST00432" HPOS="1534" VPOS="1296" WIDTH="55" HEIGHT="23" CONTENT="en" WC="0.72" CC="50"/>
						<SP ID="P23_SP00364" HPOS="1589" VPOS="1319" WIDTH="24"/>
						<String ID="P23_ST00433" HPOS="1613" VPOS="1281" WIDTH="209" HEIGHT="48" CONTENT="pratique" WC="1.00" CC="01003000"/>
						<SP ID="P23_SP00365" HPOS="1822" VPOS="1329" WIDTH="24"/>
						<String ID="P23_ST00434" HPOS="1846" VPOS="1279" WIDTH="41" HEIGHT="41" CONTENT="le" WC="0.97" CC="00"/>
						<SP ID="P23_SP00366" HPOS="1887" VPOS="1329" WIDTH="23"/>
						<String ID="P23_ST00435" HPOS="1910" VPOS="1279" WIDTH="169" HEIGHT="42" CONTENT="conseil" WC="0.99" CC="0600235"/>
						<SP ID="P23_SP00367" HPOS="2079" VPOS="1329" WIDTH="26"/>
						<String ID="P23_ST00436" HPOS="2105" VPOS="1280" WIDTH="299" HEIGHT="50" CONTENT="évangélique" WC="0.67" CC="60009634060"/>
						<SP ID="P23_SP00368" HPOS="2404" VPOS="1330" WIDTH="27"/>
						<String ID="P23_ST00437" HPOS="2431" VPOS="1283" WIDTH="73" HEIGHT="47" CONTENT="qui" WC="0.96" CC="065"/>
					</TextLine>
					<TextLine ID="P23_TL00070" HPOS="1348" VPOS="1338" WIDTH="1025" HEIGHT="52">
						<String ID="P23_ST00438" HPOS="1348" VPOS="1339" WIDTH="67" HEIGHT="41" CONTENT="dit" WC="0.98" CC="050"/>
						<SP ID="P23_SP00369" HPOS="1415" VPOS="1380" WIDTH="27"/>
						<String ID="P23_ST00439" HPOS="1442" VPOS="1338" WIDTH="58" HEIGHT="42" CONTENT="de" WC="0.75" CC="05"/>
						<SP ID="P23_SP00370" HPOS="1500" VPOS="1380" WIDTH="28"/>
						<String ID="P23_ST00440" HPOS="1528" VPOS="1357" WIDTH="56" HEIGHT="23" CONTENT="ne" WC="0.83" CC="03"/>
						<SP ID="P23_SP00371" HPOS="1584" VPOS="1380" WIDTH="30"/>
						<String ID="P23_ST00441" HPOS="1614" VPOS="1357" WIDTH="81" HEIGHT="33" CONTENT="pas" WC="1.00" CC="000"/>
						<SP ID="P23_SP00372" HPOS="1695" VPOS="1390" WIDTH="28"/>
						<String ID="P23_ST00442" HPOS="1723" VPOS="1357" WIDTH="46" HEIGHT="24" CONTENT="se" WC="0.79" CC="04"/>
						<SP ID="P23_SP00373" HPOS="1769" VPOS="1390" WIDTH="30"/>
						<String ID="P23_ST00443" HPOS="1799" VPOS="1343" WIDTH="174" HEIGHT="39" CONTENT="soucier" WC="0.99" CC="2000700"/>
						<SP ID="P23_SP00374" HPOS="1973" VPOS="1390" WIDTH="31"/>
						<String ID="P23_ST00444" HPOS="2004" VPOS="1341" WIDTH="59" HEIGHT="41" CONTENT="du" WC="1.00" CC="00"/>
						<SP ID="P23_SP00375" HPOS="2063" VPOS="1390" WIDTH="30"/>
						<String ID="P23_ST00445" HPOS="2093" VPOS="1340" WIDTH="280" HEIGHT="42" CONTENT="lendemain!" WC="1.00" CC="0000000300"/>
					</TextLine>
					<TextLine ID="P23_TL00071" HPOS="1415" VPOS="1401" WIDTH="1090" HEIGHT="52">
						<String ID="P23_ST00446" HPOS="1415" VPOS="1401" WIDTH="62" HEIGHT="41" CONTENT="Le" WC="1.00" CC="00"/>
						<SP ID="P23_SP00376" HPOS="1477" VPOS="1442" WIDTH="35"/>
						<String ID="P23_ST00447" HPOS="1512" VPOS="1417" WIDTH="198" HEIGHT="34" CONTENT="manque" WC="1.00" CC="000000"/>
						<SP ID="P23_SP00377" HPOS="1710" VPOS="1451" WIDTH="37"/>
						<String ID="P23_ST00448" HPOS="1747" VPOS="1401" WIDTH="56" HEIGHT="41" CONTENT="de" WC="0.90" CC="01"/>
						<SP ID="P23_SP00378" HPOS="1803" VPOS="1451" WIDTH="52"/>
						<String ID="P23_ST00449" HPOS="1855" VPOS="1402" WIDTH="258" HEIGHT="50" CONTENT="popularité" WC="1.00" CC="0100002506"/>
						<SP ID="P23_SP00379" HPOS="2113" VPOS="1452" WIDTH="37"/>
						<String ID="P23_ST00450" HPOS="2150" VPOS="1402" WIDTH="114" HEIGHT="41" CONTENT="dont" WC="1.00" CC="0000"/>
						<SP ID="P23_SP00380" HPOS="2264" VPOS="1452" WIDTH="52"/>
						<String ID="P23_ST00451" HPOS="2316" VPOS="1406" WIDTH="113" HEIGHT="47" CONTENT="jouit" WC="0.97" CC="64049"/>
						<SP ID="P23_SP00381" HPOS="2429" VPOS="1453" WIDTH="37"/>
						<String ID="P23_ST00452" HPOS="2466" VPOS="1404" WIDTH="39" HEIGHT="40" CONTENT="le" WC="0.69" CC="23"/>
					</TextLine>
					<TextLine ID="P23_TL00072" HPOS="1347" VPOS="1460" WIDTH="1157" HEIGHT="54">
						<String ID="P23_ST00453" HPOS="1347" VPOS="1460" WIDTH="231" HEIGHT="43" CONTENT="Ministère" WC="0.99" CC="020300742"/>
						<SP ID="P23_SP00382" HPOS="1578" VPOS="1503" WIDTH="32"/>
						<String ID="P23_ST00454" HPOS="1610" VPOS="1462" WIDTH="58" HEIGHT="41" CONTENT="de" WC="0.84" CC="03"/>
						<SP ID="P23_SP00383" HPOS="1668" VPOS="1503" WIDTH="33"/>
						<String ID="P23_ST00455" HPOS="1701" VPOS="1462" WIDTH="241" HEIGHT="50" CONTENT="l'Hygiène" WC="0.99" CC="340005600"/>
						<SP ID="P23_SP00384" HPOS="1942" VPOS="1512" WIDTH="33"/>
						<String ID="P23_ST00456" HPOS="1975" VPOS="1481" WIDTH="136" HEIGHT="33" CONTENT="parce" WC="1.00" CC="00300"/>
						<SP ID="P23_SP00385" HPOS="2111" VPOS="1514" WIDTH="34"/>
						<String ID="P23_ST00457" HPOS="2145" VPOS="1465" WIDTH="105" HEIGHT="49" CONTENT="qu'il" WC="0.98" CC="06441"/>
						<SP ID="P23_SP00386" HPOS="2250" VPOS="1514" WIDTH="36"/>
						<String ID="P23_ST00458" HPOS="2286" VPOS="1469" WIDTH="128" HEIGHT="45" CONTENT="exige" WC="0.98" CC="03471"/>
						<SP ID="P23_SP00387" HPOS="2414" VPOS="1514" WIDTH="34"/>
						<String ID="P23_ST00459" HPOS="2448" VPOS="1465" WIDTH="56" HEIGHT="40" CONTENT="de" WC="0.32" CC="93"/>
					</TextLine>
					<TextLine ID="P23_TL00073" HPOS="1348" VPOS="1522" WIDTH="1156" HEIGHT="53">
						<String ID="P23_ST00460" HPOS="1348" VPOS="1522" WIDTH="42" HEIGHT="42" CONTENT="la" WC="0.98" CC="00"/>
						<SP ID="P23_SP00388" HPOS="1390" VPOS="1564" WIDTH="38"/>
						<String ID="P23_ST00461" HPOS="1428" VPOS="1523" WIDTH="243" HEIGHT="50" CONTENT="prudence," WC="1.00" CC="020004050"/>
						<SP ID="P23_SP00389" HPOS="1671" VPOS="1573" WIDTH="45"/>
						<String ID="P23_ST00462" HPOS="1716" VPOS="1524" WIDTH="57" HEIGHT="40" CONTENT="de" WC="1.00" CC="00"/>
						<SP ID="P23_SP00390" HPOS="1773" VPOS="1573" WIDTH="39"/>
						<String ID="P23_ST00463" HPOS="1812" VPOS="1524" WIDTH="40" HEIGHT="40" CONTENT="la" WC="0.83" CC="30"/>
						<SP ID="P23_SP00391" HPOS="1852" VPOS="1573" WIDTH="41"/>
						<String ID="P23_ST00464" HPOS="1893" VPOS="1528" WIDTH="291" HEIGHT="46" CONTENT="prévoyance" WC="1.00" CC="0060000030"/>
						<SP ID="P23_SP00392" HPOS="2184" VPOS="1574" WIDTH="37"/>
						<String ID="P23_ST00465" HPOS="2221" VPOS="1537" WIDTH="43" HEIGHT="29" CONTENT="et" WC="1.00" CC="00"/>
						<SP ID="P23_SP00393" HPOS="2264" VPOS="1574" WIDTH="38"/>
						<String ID="P23_ST00466" HPOS="2302" VPOS="1543" WIDTH="58" HEIGHT="23" CONTENT="un" WC="1.00" CC="00"/>
						<SP ID="P23_SP00394" HPOS="2360" VPOS="1574" WIDTH="41"/>
						<String ID="P23_ST00467" HPOS="2401" VPOS="1543" WIDTH="78" HEIGHT="32" CONTENT="pro" SUBS_TYPE="HypPart1" SUBS_CONTENT="programme," WC="0.97" CC="090"/>
						<HYP HPOS="2479" VPOS="1543" WIDTH="25" CONTENT="-"/>
					</TextLine>
					<TextLine ID="P23_TL00074" HPOS="1347" VPOS="1585" WIDTH="1156" HEIGHT="49">
						<String ID="P23_ST00468" HPOS="1347" VPOS="1601" WIDTH="217" HEIGHT="33" CONTENT="gramme," SUBS_TYPE="HypPart2" SUBS_CONTENT="programme," WC="1.00" CC="0300003"/>
						<SP ID="P23_SP00395" HPOS="1564" VPOS="1634" WIDTH="35"/>
						<String ID="P23_ST00469" HPOS="1599" VPOS="1585" WIDTH="115" HEIGHT="41" CONTENT="n'est" WC="0.99" CC="52000"/>
						<SP ID="P23_SP00396" HPOS="1714" VPOS="1634" WIDTH="31"/>
						<String ID="P23_ST00470" HPOS="1745" VPOS="1589" WIDTH="92" HEIGHT="37" CONTENT="rien" WC="0.99" CC="3100"/>
						<SP ID="P23_SP00397" HPOS="1837" VPOS="1634" WIDTH="33"/>
						<String ID="P23_ST00471" HPOS="1870" VPOS="1589" WIDTH="25" HEIGHT="37" CONTENT="à" WC="0.26" CC="7"/>
						<SP ID="P23_SP00398" HPOS="1895" VPOS="1634" WIDTH="31"/>
						<String ID="P23_ST00472" HPOS="1926" VPOS="1589" WIDTH="101" HEIGHT="37" CONTENT="côté" WC="0.97" CC="0605"/>
						<SP ID="P23_SP00399" HPOS="2027" VPOS="1634" WIDTH="34"/>
						<String ID="P23_ST00473" HPOS="2061" VPOS="1587" WIDTH="56" HEIGHT="40" CONTENT="de" WC="1.00" CC="00"/>
						<SP ID="P23_SP00400" HPOS="2117" VPOS="1634" WIDTH="33"/>
						<String ID="P23_ST00474" HPOS="2150" VPOS="1586" WIDTH="40" HEIGHT="41" CONTENT="la" WC="0.72" CC="50"/>
						<SP ID="P23_SP00401" HPOS="2190" VPOS="1634" WIDTH="32"/>
						<String ID="P23_ST00475" HPOS="2222" VPOS="1587" WIDTH="250" HEIGHT="40" CONTENT="condamna" SUBS_TYPE="HypPart1" SUBS_CONTENT="condamnation" WC="1.00" CC="30000003"/>
						<HYP HPOS="2472" VPOS="1587" WIDTH="31" CONTENT="-"/>
					</TextLine>
					<TextLine ID="P23_TL00075" HPOS="1346" VPOS="1646" WIDTH="1156" HEIGHT="52">
						<String ID="P23_ST00476" HPOS="1346" VPOS="1648" WIDTH="94" HEIGHT="38" CONTENT="tion" SUBS_TYPE="HypPart2" SUBS_CONTENT="condamnation" WC="0.99" CC="0200"/>
						<SP ID="P23_SP00402" HPOS="1440" VPOS="1686" WIDTH="28"/>
						<String ID="P23_ST00477" HPOS="1468" VPOS="1646" WIDTH="107" HEIGHT="50" CONTENT="qu'il" WC="0.98" CC="00435"/>
						<SP ID="P23_SP00403" HPOS="1575" VPOS="1696" WIDTH="27"/>
						<String ID="P23_ST00478" HPOS="1602" VPOS="1650" WIDTH="282" HEIGHT="38" CONTENT="encourerait" WC="0.88" CC="00000403040"/>
						<SP ID="P23_SP00404" HPOS="1884" VPOS="1696" WIDTH="29"/>
						<String ID="P23_ST00479" HPOS="1913" VPOS="1647" WIDTH="57" HEIGHT="41" CONTENT="de" WC="1.00" CC="00"/>
						<SP ID="P23_SP00405" HPOS="1970" VPOS="1696" WIDTH="29"/>
						<String ID="P23_ST00480" HPOS="1999" VPOS="1647" WIDTH="40" HEIGHT="41" CONTENT="la" WC="0.78" CC="40"/>
						<SP ID="P23_SP00406" HPOS="2039" VPOS="1696" WIDTH="27"/>
						<String ID="P23_ST00481" HPOS="2066" VPOS="1659" WIDTH="102" HEIGHT="37" CONTENT="part" WC="0.99" CC="0040"/>
						<SP ID="P23_SP00407" HPOS="2168" VPOS="1696" WIDTH="29"/>
						<String ID="P23_ST00482" HPOS="2197" VPOS="1648" WIDTH="56" HEIGHT="40" CONTENT="de" WC="1.00" CC="00"/>
						<SP ID="P23_SP00408" HPOS="2253" VPOS="1696" WIDTH="30"/>
						<String ID="P23_ST00483" HPOS="2283" VPOS="1648" WIDTH="40" HEIGHT="40" CONTENT="la" WC="0.81" CC="30"/>
						<SP ID="P23_SP00409" HPOS="2323" VPOS="1696" WIDTH="29"/>
						<String ID="P23_ST00484" HPOS="2352" VPOS="1651" WIDTH="125" HEIGHT="47" CONTENT="posté" SUBS_TYPE="HypPart1" SUBS_CONTENT="postérité" WC="0.98" CC="03095"/>
						<HYP HPOS="2477" VPOS="1651" WIDTH="25" CONTENT="-"/>
					</TextLine>
					<TextLine ID="P23_TL00076" HPOS="1346" VPOS="1707" WIDTH="1158" HEIGHT="51">
						<String ID="P23_ST00485" HPOS="1346" VPOS="1709" WIDTH="80" HEIGHT="38" CONTENT="rité" SUBS_TYPE="HypPart2" SUBS_CONTENT="postérité" WC="0.98" CC="2105"/>
						<SP ID="P23_SP00410" HPOS="1426" VPOS="1747" WIDTH="41"/>
						<String ID="P23_ST00486" HPOS="1467" VPOS="1708" WIDTH="65" HEIGHT="39" CONTENT="s'il" WC="0.98" CC="0442"/>
						<SP ID="P23_SP00411" HPOS="1532" VPOS="1747" WIDTH="44"/>
						<String ID="P23_ST00487" HPOS="1576" VPOS="1707" WIDTH="220" HEIGHT="42" CONTENT="marchait" WC="0.99" CC="00346010"/>
						<SP ID="P23_SP00412" HPOS="1796" VPOS="1749" WIDTH="40"/>
						<String ID="P23_ST00488" HPOS="1836" VPOS="1711" WIDTH="25" HEIGHT="38" CONTENT="à" WC="0.28" CC="7"/>
						<SP ID="P23_SP00413" HPOS="1861" VPOS="1749" WIDTH="39"/>
						<String ID="P23_ST00489" HPOS="1900" VPOS="1708" WIDTH="225" HEIGHT="50" CONTENT="l'aveugle" WC="1.00" CC="040000030"/>
						<SP ID="P23_SP00414" HPOS="2125" VPOS="1758" WIDTH="41"/>
						<String ID="P23_ST00490" HPOS="2166" VPOS="1719" WIDTH="43" HEIGHT="30" CONTENT="et" WC="0.95" CC="00"/>
						<SP ID="P23_SP00415" HPOS="2209" VPOS="1758" WIDTH="41"/>
						<String ID="P23_ST00491" HPOS="2250" VPOS="1709" WIDTH="165" HEIGHT="40" CONTENT="laissait" WC="0.99" CC="10400043"/>
						<SP ID="P23_SP00416" HPOS="2415" VPOS="1758" WIDTH="42"/>
						<String ID="P23_ST00492" HPOS="2457" VPOS="1726" WIDTH="47" HEIGHT="23" CONTENT="se" WC="0.64" CC="70"/>
					</TextLine>
					<TextLine ID="P23_TL00077" HPOS="1347" VPOS="1768" WIDTH="1156" HEIGHT="51">
						<String ID="P23_ST00493" HPOS="1347" VPOS="1768" WIDTH="283" HEIGHT="50" CONTENT="développer" WC="1.00" CC="0600100000"/>
						<SP ID="P23_SP00417" HPOS="1630" VPOS="1818" WIDTH="31"/>
						<String ID="P23_ST00494" HPOS="1661" VPOS="1787" WIDTH="54" HEIGHT="23" CONTENT="en" WC="1.00" CC="00"/>
						<SP ID="P23_SP00418" HPOS="1715" VPOS="1818" WIDTH="28"/>
						<String ID="P23_ST00495" HPOS="1743" VPOS="1770" WIDTH="272" HEIGHT="49" CONTENT="Angleterre" WC="0.99" CC="3005300320"/>
						<SP ID="P23_SP00419" HPOS="2015" VPOS="1819" WIDTH="29"/>
						<String ID="P23_ST00496" HPOS="2044" VPOS="1787" WIDTH="59" HEIGHT="23" CONTENT="un" WC="1.00" CC="00"/>
						<SP ID="P23_SP00420" HPOS="2103" VPOS="1819" WIDTH="31"/>
						<String ID="P23_ST00497" HPOS="2134" VPOS="1772" WIDTH="92" HEIGHT="39" CONTENT="état" WC="0.99" CC="6000"/>
						<SP ID="P23_SP00421" HPOS="2226" VPOS="1819" WIDTH="32"/>
						<String ID="P23_ST00498" HPOS="2258" VPOS="1770" WIDTH="56" HEIGHT="40" CONTENT="de" WC="1.00" CC="00"/>
						<SP ID="P23_SP00422" HPOS="2314" VPOS="1819" WIDTH="30"/>
						<String ID="P23_ST00499" HPOS="2344" VPOS="1770" WIDTH="159" HEIGHT="41" CONTENT="choses" WC="0.99" CC="200005"/>
					</TextLine>
					<TextLine ID="P23_TL00078" HPOS="1347" VPOS="1829" WIDTH="1155" HEIGHT="51">
						<String ID="P23_ST00500" HPOS="1347" VPOS="1829" WIDTH="271" HEIGHT="41" CONTENT="défectueux" WC="1.00" CC="0650000020"/>
						<SP ID="P23_SP00423" HPOS="1618" VPOS="1870" WIDTH="31"/>
						<String ID="P23_ST00501" HPOS="1649" VPOS="1842" WIDTH="42" HEIGHT="28" CONTENT="et" WC="1.00" CC="00"/>
						<SP ID="P23_SP00424" HPOS="1691" VPOS="1870" WIDTH="30"/>
						<String ID="P23_ST00502" HPOS="1721" VPOS="1830" WIDTH="90" HEIGHT="40" CONTENT="mal" WC="0.98" CC="004"/>
						<SP ID="P23_SP00425" HPOS="1811" VPOS="1870" WIDTH="30"/>
						<String ID="P23_ST00503" HPOS="1841" VPOS="1848" WIDTH="157" HEIGHT="32" CONTENT="conçu," WC="0.99" CC="000450"/>
						<SP ID="P23_SP00426" HPOS="1998" VPOS="1880" WIDTH="32"/>
						<String ID="P23_ST00504" HPOS="2030" VPOS="1849" WIDTH="56" HEIGHT="22" CONTENT="au" WC="1.00" CC="00"/>
						<SP ID="P23_SP00427" HPOS="2086" VPOS="1880" WIDTH="31"/>
						<String ID="P23_ST00505" HPOS="2117" VPOS="1844" WIDTH="206" HEIGHT="28" CONTENT="moment" WC="0.99" CC="000009"/>
						<SP ID="P23_SP00428" HPOS="2323" VPOS="1880" WIDTH="29"/>
						<String ID="P23_ST00506" HPOS="2352" VPOS="1835" WIDTH="150" HEIGHT="37" CONTENT="même" WC="0.99" CC="0600"/>
					</TextLine>
					<TextLine ID="P23_TL00079" HPOS="1347" VPOS="1893" WIDTH="1155" HEIGHT="40">
						<String ID="P23_ST00507" HPOS="1347" VPOS="1895" WIDTH="57" HEIGHT="37" CONTENT="où" WC="0.77" CC="04"/>
						<SP ID="P23_SP00429" HPOS="1404" VPOS="1932" WIDTH="44"/>
						<String ID="P23_ST00508" HPOS="1448" VPOS="1909" WIDTH="113" HEIGHT="24" CONTENT="nous" WC="0.98" CC="0350"/>
						<SP ID="P23_SP00430" HPOS="1561" VPOS="1933" WIDTH="41"/>
						<String ID="P23_ST00509" HPOS="1602" VPOS="1908" WIDTH="114" HEIGHT="25" CONTENT="nous" WC="1.00" CC="0000"/>
						<SP ID="P23_SP00431" HPOS="1716" VPOS="1933" WIDTH="43"/>
						<String ID="P23_ST00510" HPOS="1759" VPOS="1902" WIDTH="219" HEIGHT="31" CONTENT="trouvons" WC="1.00" CC="00000000"/>
						<SP ID="P23_SP00432" HPOS="1978" VPOS="1933" WIDTH="44"/>
						<String ID="P23_ST00511" HPOS="2022" VPOS="1893" WIDTH="57" HEIGHT="40" CONTENT="de" WC="1.00" CC="00"/>
						<SP ID="P23_SP00433" HPOS="2079" VPOS="1933" WIDTH="44"/>
						<String ID="P23_ST00512" HPOS="2123" VPOS="1909" WIDTH="210" HEIGHT="24" CONTENT="nouveau" WC="1.00" CC="0110000"/>
						<SP ID="P23_SP00434" HPOS="2333" VPOS="1933" WIDTH="43"/>
						<String ID="P23_ST00513" HPOS="2376" VPOS="1896" WIDTH="25" HEIGHT="37" CONTENT="à" WC="0.29" CC="7"/>
						<SP ID="P23_SP00435" HPOS="2401" VPOS="1933" WIDTH="44"/>
						<String ID="P23_ST00514" HPOS="2445" VPOS="1910" WIDTH="57" HEIGHT="23" CONTENT="un" WC="0.63" CC="07"/>
					</TextLine>
					<TextLine ID="P23_TL00080" HPOS="1345" VPOS="1952" WIDTH="406" HEIGHT="51">
						<String ID="P23_ST00515" HPOS="1345" VPOS="1955" WIDTH="129" HEIGHT="48" CONTENT="point" WC="0.99" CC="03300"/>
						<SP ID="P23_SP00436" HPOS="1474" VPOS="2003" WIDTH="22"/>
						<String ID="P23_ST00516" HPOS="1496" VPOS="1952" WIDTH="56" HEIGHT="42" CONTENT="de" WC="1.00" CC="00"/>
						<SP ID="P23_SP00437" HPOS="1552" VPOS="2003" WIDTH="24"/>
						<String ID="P23_ST00517" HPOS="1576" VPOS="1953" WIDTH="175" HEIGHT="50" CONTENT="départ." WC="0.99" CC="0600003"/>
					</TextLine>
					<TextLine ID="P23_TL00081" HPOS="1414" VPOS="2014" WIDTH="1091" HEIGHT="51">
						<String ID="P23_ST00518" HPOS="1414" VPOS="2015" WIDTH="61" HEIGHT="40" CONTENT="Le" WC="1.00" CC="00"/>
						<SP ID="P23_SP00438" HPOS="1475" VPOS="2055" WIDTH="37"/>
						<String ID="P23_ST00519" HPOS="1512" VPOS="2017" WIDTH="120" HEIGHT="38" CONTENT="tracé" WC="0.99" CC="05005"/>
						<SP ID="P23_SP00439" HPOS="1632" VPOS="2055" WIDTH="38"/>
						<String ID="P23_ST00520" HPOS="1670" VPOS="2024" WIDTH="42" HEIGHT="31" CONTENT="et" WC="0.96" CC="00"/>
						<SP ID="P23_SP00440" HPOS="1712" VPOS="2055" WIDTH="54"/>
						<String ID="P23_ST00521" HPOS="1766" VPOS="2014" WIDTH="384" HEIGHT="51" CONTENT="l'aménagement" WC="1.00" CC="2300650000000"/>
						<SP ID="P23_SP00441" HPOS="2150" VPOS="2065" WIDTH="54"/>
						<String ID="P23_ST00522" HPOS="2204" VPOS="2016" WIDTH="181" HEIGHT="49" CONTENT="général" WC="0.99" CC="0404302"/>
						<SP ID="P23_SP00442" HPOS="2385" VPOS="2065" WIDTH="40"/>
						<String ID="P23_ST00523" HPOS="2425" VPOS="2016" WIDTH="80" HEIGHT="40" CONTENT="des" WC="0.95" CC="904"/>
					</TextLine>
					<TextLine ID="P23_TL00082" HPOS="1346" VPOS="2074" WIDTH="1156" HEIGHT="49">
						<String ID="P23_ST00524" HPOS="1346" VPOS="2093" WIDTH="242" HEIGHT="23" CONTENT="nouveaux" WC="1.00" CC="00000000"/>
						<SP ID="P23_SP00443" HPOS="1588" VPOS="2116" WIDTH="39"/>
						<String ID="P23_ST00525" HPOS="1627" VPOS="2074" WIDTH="237" HEIGHT="43" CONTENT="domaines" WC="1.00" CC="02000000"/>
						<SP ID="P23_SP00444" HPOS="1864" VPOS="2117" WIDTH="38"/>
						<String ID="P23_ST00526" HPOS="1902" VPOS="2093" WIDTH="320" HEIGHT="30" CONTENT="communaux," WC="1.00" CC="0000400104"/>
						<SP ID="P23_SP00445" HPOS="2222" VPOS="2123" WIDTH="43"/>
						<String ID="P23_ST00527" HPOS="2265" VPOS="2077" WIDTH="61" HEIGHT="40" CONTENT="les" WC="0.98" CC="400"/>
						<SP ID="P23_SP00446" HPOS="2326" VPOS="2123" WIDTH="37"/>
						<String ID="P23_ST00528" HPOS="2363" VPOS="2080" WIDTH="112" HEIGHT="37" CONTENT="maté" SUBS_TYPE="HypPart1" SUBS_CONTENT="matériaux" WC="0.99" CC="0005"/>
						<HYP HPOS="2475" VPOS="2080" WIDTH="27" CONTENT="-"/>
					</TextLine>
					<TextLine ID="P23_TL00083" HPOS="1344" VPOS="2137" WIDTH="1159" HEIGHT="41">
						<String ID="P23_ST00529" HPOS="1344" VPOS="2140" WIDTH="125" HEIGHT="38" CONTENT="riaux" SUBS_TYPE="HypPart2" SUBS_CONTENT="matériaux" WC="1.00" CC="13000"/>
						<SP ID="P23_SP00447" HPOS="1469" VPOS="2178" WIDTH="52"/>
						<String ID="P23_ST00530" HPOS="1521" VPOS="2137" WIDTH="114" HEIGHT="41" CONTENT="dont" WC="1.00" CC="0200"/>
						<SP ID="P23_SP00448" HPOS="1635" VPOS="2178" WIDTH="49"/>
						<String ID="P23_ST00531" HPOS="1684" VPOS="2137" WIDTH="61" HEIGHT="41" CONTENT="les" WC="0.99" CC="300"/>
						<SP ID="P23_SP00449" HPOS="1745" VPOS="2178" WIDTH="51"/>
						<String ID="P23_ST00532" HPOS="1796" VPOS="2137" WIDTH="235" HEIGHT="41" CONTENT="nouvelles" WC="1.00" CC="005000300"/>
						<SP ID="P23_SP00450" HPOS="2031" VPOS="2178" WIDTH="34"/>
						<String ID="P23_ST00533" HPOS="2065" VPOS="2142" WIDTH="200" HEIGHT="36" CONTENT="maisons" WC="1.00" CC="0010000"/>
						<SP ID="P23_SP00451" HPOS="2265" VPOS="2178" WIDTH="50"/>
						<String ID="P23_ST00534" HPOS="2315" VPOS="2138" WIDTH="188" HEIGHT="40" CONTENT="doivent" WC="1.00" CC="0000070"/>
					</TextLine>
					<TextLine ID="P23_TL00084" HPOS="1345" VPOS="2199" WIDTH="1153" HEIGHT="46">
						<String ID="P23_ST00535" HPOS="1345" VPOS="2201" WIDTH="94" HEIGHT="38" CONTENT="être" WC="0.97" CC="7023"/>
						<SP ID="P23_SP00452" HPOS="1439" VPOS="2239" WIDTH="34"/>
						<String ID="P23_ST00536" HPOS="1473" VPOS="2202" WIDTH="280" HEIGHT="43" CONTENT="construites," WC="1.00" CC="000002000004"/>
						<SP ID="P23_SP00453" HPOS="1753" VPOS="2245" WIDTH="41"/>
						<String ID="P23_ST00537" HPOS="1794" VPOS="2199" WIDTH="38" HEIGHT="40" CONTENT="le" WC="0.73" CC="50"/>
						<SP ID="P23_SP00454" HPOS="1832" VPOS="2245" WIDTH="35"/>
						<String ID="P23_ST00538" HPOS="1867" VPOS="2199" WIDTH="186" HEIGHT="41" CONTENT="volume" WC="1.00" CC="003000"/>
						<SP ID="P23_SP00455" HPOS="2053" VPOS="2245" WIDTH="36"/>
						<String ID="P23_ST00539" HPOS="2089" VPOS="2200" WIDTH="57" HEIGHT="40" CONTENT="de" WC="1.00" CC="00"/>
						<SP ID="P23_SP00456" HPOS="2146" VPOS="2245" WIDTH="34"/>
						<String ID="P23_ST00540" HPOS="2180" VPOS="2217" WIDTH="74" HEIGHT="23" CONTENT="ces" WC="1.00" CC="000"/>
						<SP ID="P23_SP00457" HPOS="2254" VPOS="2245" WIDTH="34"/>
						<String ID="P23_ST00541" HPOS="2288" VPOS="2203" WIDTH="210" HEIGHT="39" CONTENT="maisons," WC="0.99" CC="00403366"/>
					</TextLine>
					<TextLine ID="P23_TL00085" HPOS="1344" VPOS="2260" WIDTH="1156" HEIGHT="51">
						<String ID="P23_ST00542" HPOS="1344" VPOS="2260" WIDTH="93" HEIGHT="41" CONTENT="leur" WC="0.96" CC="3365"/>
						<SP ID="P23_SP00458" HPOS="1437" VPOS="2301" WIDTH="26"/>
						<String ID="P23_ST00543" HPOS="1463" VPOS="2260" WIDTH="195" HEIGHT="46" CONTENT="confort," WC="1.00" CC="00050003"/>
						<SP ID="P23_SP00459" HPOS="1658" VPOS="2306" WIDTH="33"/>
						<String ID="P23_ST00544" HPOS="1691" VPOS="2260" WIDTH="92" HEIGHT="41" CONTENT="leur" WC="0.98" CC="4004"/>
						<SP ID="P23_SP00460" HPOS="1783" VPOS="2306" WIDTH="26"/>
						<String ID="P23_ST00545" HPOS="1809" VPOS="2264" WIDTH="352" HEIGHT="47" CONTENT="aménagement" WC="1.00" CC="00600000000"/>
						<SP ID="P23_SP00461" HPOS="2161" VPOS="2311" WIDTH="24"/>
						<String ID="P23_ST00546" HPOS="2185" VPOS="2272" WIDTH="43" HEIGHT="30" CONTENT="et" WC="1.00" CC="00"/>
						<SP ID="P23_SP00462" HPOS="2228" VPOS="2311" WIDTH="26"/>
						<String ID="P23_ST00547" HPOS="2254" VPOS="2261" WIDTH="116" HEIGHT="40" CONTENT="leurs" WC="0.98" CC="52040"/>
						<SP ID="P23_SP00463" HPOS="2370" VPOS="2311" WIDTH="26"/>
						<String ID="P23_ST00548" HPOS="2396" VPOS="2278" WIDTH="78" HEIGHT="23" CONTENT="con" SUBS_TYPE="HypPart1" SUBS_CONTENT="conditions" WC="0.97" CC="008"/>
						<HYP HPOS="2474" VPOS="2278" WIDTH="26" CONTENT="-"/>
					</TextLine>
					<TextLine ID="P23_TL00086" HPOS="1347" VPOS="2322" WIDTH="1155" HEIGHT="50">
						<String ID="P23_ST00549" HPOS="1347" VPOS="2322" WIDTH="166" HEIGHT="41" CONTENT="ditions" SUBS_TYPE="HypPart2" SUBS_CONTENT="conditions" WC="1.00" CC="0202002"/>
						<SP ID="P23_SP00464" HPOS="1513" VPOS="2363" WIDTH="29"/>
						<String ID="P23_ST00550" HPOS="1542" VPOS="2324" WIDTH="244" HEIGHT="44" CONTENT="sanitaires," WC="1.00" CC="00040032004"/>
						<SP ID="P23_SP00465" HPOS="1786" VPOS="2368" WIDTH="35"/>
						<String ID="P23_ST00551" HPOS="1821" VPOS="2333" WIDTH="96" HEIGHT="30" CONTENT="tout" WC="0.98" CC="0440"/>
						<SP ID="P23_SP00466" HPOS="1917" VPOS="2368" WIDTH="30"/>
						<String ID="P23_ST00552" HPOS="1947" VPOS="2323" WIDTH="96" HEIGHT="40" CONTENT="cela" WC="0.99" CC="0040"/>
						<SP ID="P23_SP00467" HPOS="2043" VPOS="2368" WIDTH="32"/>
						<String ID="P23_ST00553" HPOS="2075" VPOS="2322" WIDTH="96" HEIGHT="41" CONTENT="doit" WC="1.00" CC="0000"/>
						<SP ID="P23_SP00468" HPOS="2171" VPOS="2368" WIDTH="29"/>
						<String ID="P23_ST00554" HPOS="2200" VPOS="2322" WIDTH="111" HEIGHT="41" CONTENT="faire" WC="0.98" CC="50540"/>
						<SP ID="P23_SP00469" HPOS="2311" VPOS="2368" WIDTH="29"/>
						<String ID="P23_ST00555" HPOS="2340" VPOS="2323" WIDTH="162" HEIGHT="49" CONTENT="l'objet" WC="0.99" CC="3200409"/>
					</TextLine>
					<TextLine ID="P23_TL00087" HPOS="1345" VPOS="2383" WIDTH="1154" HEIGHT="50">
						<String ID="P23_ST00556" HPOS="1345" VPOS="2383" WIDTH="108" HEIGHT="41" CONTENT="d'un" WC="0.98" CC="0450"/>
						<SP ID="P23_SP00470" HPOS="1453" VPOS="2424" WIDTH="24"/>
						<String ID="P23_ST00557" HPOS="1477" VPOS="2400" WIDTH="292" HEIGHT="33" CONTENT="programme" WC="1.00" CC="020030000"/>
						<SP ID="P23_SP00471" HPOS="1769" VPOS="2433" WIDTH="23"/>
						<String ID="P23_ST00558" HPOS="1792" VPOS="2386" WIDTH="367" HEIGHT="47" CONTENT="soigneusement" WC="1.00" CC="0050005000000"/>
						<SP ID="P23_SP00472" HPOS="2159" VPOS="2433" WIDTH="23"/>
						<String ID="P23_ST00559" HPOS="2182" VPOS="2384" WIDTH="150" HEIGHT="40" CONTENT="étudié" WC="0.98" CC="700045"/>
						<SP ID="P23_SP00473" HPOS="2332" VPOS="2433" WIDTH="25"/>
						<String ID="P23_ST00560" HPOS="2357" VPOS="2395" WIDTH="42" HEIGHT="29" CONTENT="et" WC="1.00" CC="00"/>
						<SP ID="P23_SP00474" HPOS="2399" VPOS="2433" WIDTH="26"/>
						<String ID="P23_ST00561" HPOS="2425" VPOS="2384" WIDTH="50" HEIGHT="40" CONTENT="dé" SUBS_TYPE="HypPart1" SUBS_CONTENT="détaillé." WC="0.96" CC="06"/>
						<HYP HPOS="2475" VPOS="2384" WIDTH="24" CONTENT="-"/>
					</TextLine>
					<TextLine ID="P23_TL00088" HPOS="1343" VPOS="2444" WIDTH="133" HEIGHT="42">
						<String ID="P23_ST00562" HPOS="1343" VPOS="2444" WIDTH="133" HEIGHT="42" CONTENT="taillé." SUBS_TYPE="HypPart2" SUBS_CONTENT="détaillé." WC="0.99" CC="0060554"/>
					</TextLine>
					<TextLine ID="P23_TL00089" HPOS="1408" VPOS="2506" WIDTH="1088" HEIGHT="50">
						<String ID="P23_ST00563" HPOS="1408" VPOS="2506" WIDTH="252" HEIGHT="50" CONTENT="Signalons," WC="1.00" CC="0600041003"/>
						<SP ID="P23_SP00475" HPOS="1660" VPOS="2556" WIDTH="37"/>
						<String ID="P23_ST00564" HPOS="1697" VPOS="2524" WIDTH="115" HEIGHT="32" CONTENT="pour" WC="0.99" CC="0004"/>
						<SP ID="P23_SP00476" HPOS="1812" VPOS="2556" WIDTH="50"/>
						<String ID="P23_ST00565" HPOS="1862" VPOS="2524" WIDTH="55" HEIGHT="23" CONTENT="ne" WC="0.89" CC="02"/>
						<SP ID="P23_SP00477" HPOS="1917" VPOS="2556" WIDTH="30"/>
						<String ID="P23_ST00566" HPOS="1947" VPOS="2510" WIDTH="108" HEIGHT="37" CONTENT="citer" WC="0.99" CC="05003"/>
						<SP ID="P23_SP00478" HPOS="2055" VPOS="2556" WIDTH="48"/>
						<String ID="P23_ST00567" HPOS="2103" VPOS="2507" WIDTH="137" HEIGHT="49" CONTENT="qu'un" WC="1.00" CC="00300"/>
						<SP ID="P23_SP00479" HPOS="2240" VPOS="2556" WIDTH="35"/>
						<String ID="P23_ST00568" HPOS="2275" VPOS="2506" WIDTH="221" HEIGHT="49" CONTENT="exemple," WC="1.00" CC="00000004"/>
					</TextLine>
					<TextLine ID="P23_TL00090" HPOS="1343" VPOS="2566" WIDTH="1153" HEIGHT="52">
						<String ID="P23_ST00569" HPOS="1343" VPOS="2585" WIDTH="86" HEIGHT="33" CONTENT="que" WC="1.00" CC="000"/>
						<SP ID="P23_SP00480" HPOS="1429" VPOS="2618" WIDTH="23"/>
						<String ID="P23_ST00570" HPOS="1452" VPOS="2567" WIDTH="41" HEIGHT="41" CONTENT="le" WC="0.56" CC="62"/>
						<SP ID="P23_SP00481" HPOS="1493" VPOS="2618" WIDTH="21"/>
						<String ID="P23_ST00571" HPOS="1514" VPOS="2570" WIDTH="97" HEIGHT="48" CONTENT="prix" WC="0.98" CC="0250"/>
						<SP ID="P23_SP00482" HPOS="1611" VPOS="2618" WIDTH="23"/>
						<String ID="P23_ST00572" HPOS="1634" VPOS="2568" WIDTH="60" HEIGHT="40" CONTENT="du" WC="1.00" CC="00"/>
						<SP ID="P23_SP00483" HPOS="1694" VPOS="2618" WIDTH="23"/>
						<String ID="P23_ST00573" HPOS="1717" VPOS="2570" WIDTH="162" HEIGHT="38" CONTENT="terrain" WC="1.00" CC="0022000"/>
						<SP ID="P23_SP00484" HPOS="1879" VPOS="2618" WIDTH="24"/>
						<String ID="P23_ST00574" HPOS="1903" VPOS="2568" WIDTH="67" HEIGHT="40" CONTENT="fut" WC="0.96" CC="450"/>
						<SP ID="P23_SP00485" HPOS="1970" VPOS="2618" WIDTH="20"/>
						<String ID="P23_ST00575" HPOS="1990" VPOS="2585" WIDTH="58" HEIGHT="23" CONTENT="un" WC="1.00" CC="00"/>
						<SP ID="P23_SP00486" HPOS="2048" VPOS="2618" WIDTH="25"/>
						<String ID="P23_ST00576" HPOS="2073" VPOS="2567" WIDTH="197" HEIGHT="41" CONTENT="élément" WC="0.99" CC="5060100"/>
						<SP ID="P23_SP00487" HPOS="2270" VPOS="2618" WIDTH="23"/>
						<String ID="P23_ST00577" HPOS="2293" VPOS="2566" WIDTH="203" HEIGHT="42" CONTENT="essentiel" WC="1.00" CC="001000402"/>
					</TextLine>
					<TextLine ID="P23_TL00091" HPOS="1343" VPOS="2628" WIDTH="1155" HEIGHT="51">
						<String ID="P23_ST00578" HPOS="1343" VPOS="2629" WIDTH="58" HEIGHT="40" CONTENT="de" WC="1.00" CC="00"/>
						<SP ID="P23_SP00488" HPOS="1401" VPOS="2669" WIDTH="31"/>
						<String ID="P23_ST00579" HPOS="1432" VPOS="2646" WIDTH="51" HEIGHT="23" CONTENT="ce" WC="1.00" CC="00"/>
						<SP ID="P23_SP00489" HPOS="1483" VPOS="2669" WIDTH="31"/>
						<String ID="P23_ST00580" HPOS="1514" VPOS="2646" WIDTH="305" HEIGHT="33" CONTENT="programme." WC="1.00" CC="0300400004"/>
						<SP ID="P23_SP00490" HPOS="1819" VPOS="2679" WIDTH="37"/>
						<String ID="P23_ST00581" HPOS="1856" VPOS="2628" WIDTH="253" HEIGHT="41" CONTENT="L'érection" WC="0.99" CC="0454000400"/>
						<SP ID="P23_SP00491" HPOS="2109" VPOS="2679" WIDTH="50"/>
						<String ID="P23_ST00582" HPOS="2159" VPOS="2629" WIDTH="57" HEIGHT="40" CONTENT="de" WC="1.00" CC="00"/>
						<SP ID="P23_SP00492" HPOS="2216" VPOS="2679" WIDTH="31"/>
						<String ID="P23_ST00583" HPOS="2247" VPOS="2632" WIDTH="99" HEIGHT="46" CONTENT="cinq" WC="1.00" CC="0200"/>
						<SP ID="P23_SP00493" HPOS="2346" VPOS="2679" WIDTH="51"/>
						<String ID="P23_ST00584" HPOS="2397" VPOS="2639" WIDTH="101" HEIGHT="30" CONTENT="cent" WC="1.00" CC="1000"/>
					</TextLine>
					<TextLine ID="P23_TL00092" HPOS="1342" VPOS="2690" WIDTH="1155" HEIGHT="51">
						<String ID="P23_ST00585" HPOS="1342" VPOS="2690" WIDTH="121" HEIGHT="41" CONTENT="mille" WC="0.98" CC="04440"/>
						<SP ID="P23_SP00494" HPOS="1463" VPOS="2731" WIDTH="27"/>
						<String ID="P23_ST00586" HPOS="1490" VPOS="2693" WIDTH="198" HEIGHT="37" CONTENT="maisons" WC="1.00" CC="0030000"/>
						<SP ID="P23_SP00495" HPOS="1688" VPOS="2731" WIDTH="30"/>
						<String ID="P23_ST00587" HPOS="1718" VPOS="2692" WIDTH="227" HEIGHT="39" CONTENT="ouvrières" WC="0.99" CC="000317300"/>
						<SP ID="P23_SP00496" HPOS="1945" VPOS="2731" WIDTH="29"/>
						<String ID="P23_ST00588" HPOS="1974" VPOS="2693" WIDTH="204" HEIGHT="38" CONTENT="entraîne" WC="1.00" CC="00060300"/>
						<SP ID="P23_SP00497" HPOS="2178" VPOS="2731" WIDTH="28"/>
						<String ID="P23_ST00589" HPOS="2206" VPOS="2692" WIDTH="262" HEIGHT="49" CONTENT="approxima" SUBS_TYPE="HypPart1" SUBS_CONTENT="approximativement" WC="1.00" CC="000400500"/>
						<HYP HPOS="2468" VPOS="2692" WIDTH="29" CONTENT="-"/>
					</TextLine>
					<TextLine ID="P23_TL00093" HPOS="1343" VPOS="2751" WIDTH="1155" HEIGHT="45">
						<String ID="P23_ST00590" HPOS="1343" VPOS="2754" WIDTH="218" HEIGHT="38" CONTENT="tivement" SUBS_TYPE="HypPart2" SUBS_CONTENT="approximativement" WC="1.00" CC="00000000"/>
						<SP ID="P23_SP00498" HPOS="1561" VPOS="2792" WIDTH="37"/>
						<String ID="P23_ST00591" HPOS="1598" VPOS="2751" WIDTH="163" HEIGHT="41" CONTENT="l'achat" WC="1.00" CC="3300000"/>
						<SP ID="P23_SP00499" HPOS="1761" VPOS="2792" WIDTH="38"/>
						<String ID="P23_ST00592" HPOS="1799" VPOS="2751" WIDTH="105" HEIGHT="40" CONTENT="d'au" WC="0.98" CC="0205"/>
						<SP ID="P23_SP00500" HPOS="1904" VPOS="2792" WIDTH="55"/>
						<String ID="P23_ST00593" HPOS="1959" VPOS="2754" WIDTH="146" HEIGHT="37" CONTENT="moins" WC="0.99" CC="05300"/>
						<SP ID="P23_SP00501" HPOS="2105" VPOS="2792" WIDTH="57"/>
						<String ID="P23_ST00594" HPOS="2162" VPOS="2751" WIDTH="176" HEIGHT="45" CONTENT="50,000" WC="0.58" CC="351346"/>
						<SP ID="P23_SP00502" HPOS="2338" VPOS="2796" WIDTH="36"/>
						<String ID="P23_ST00595" HPOS="2374" VPOS="2768" WIDTH="124" HEIGHT="23" CONTENT="acres" WC="0.99" CC="00621"/>
					</TextLine>
					<TextLine ID="P23_TL00094" HPOS="1351" VPOS="2812" WIDTH="1142" HEIGHT="50">
						<String ID="P23_ST00596" HPOS="1351" VPOS="2815" WIDTH="111" HEIGHT="47" CONTENT="(soit" WC="0.99" CC="70000"/>
						<SP ID="P23_SP00503" HPOS="1462" VPOS="2862" WIDTH="37"/>
						<String ID="P23_ST00597" HPOS="1499" VPOS="2816" WIDTH="189" HEIGHT="37" CONTENT="environ" WC="1.00" CC="0000500"/>
						<SP ID="P23_SP00504" HPOS="1688" VPOS="2862" WIDTH="40"/>
						<String ID="P23_ST00598" HPOS="1728" VPOS="2812" WIDTH="177" HEIGHT="45" CONTENT="20,000" WC="0.52" CC="244555"/>
						<SP ID="P23_SP00505" HPOS="1905" VPOS="2862" WIDTH="40"/>
						<String ID="P23_ST00599" HPOS="1945" VPOS="2812" WIDTH="227" HEIGHT="49" CONTENT="hectares)" WC="1.00" CC="000003000"/>
						<SP ID="P23_SP00506" HPOS="2172" VPOS="2862" WIDTH="50"/>
						<String ID="P23_ST00600" HPOS="2222" VPOS="2812" WIDTH="57" HEIGHT="40" CONTENT="de" WC="1.00" CC="00"/>
						<SP ID="P23_SP00507" HPOS="2279" VPOS="2862" WIDTH="37"/>
						<String ID="P23_ST00601" HPOS="2316" VPOS="2815" WIDTH="177" HEIGHT="42" CONTENT="terrain," WC="0.99" CC="00560403"/>
					</TextLine>
					<TextLine ID="P23_TL00095" HPOS="1342" VPOS="2873" WIDTH="1155" HEIGHT="50">
						<String ID="P23_ST00602" HPOS="1342" VPOS="2876" WIDTH="238" HEIGHT="47" CONTENT="opération" WC="0.99" CC="306000500"/>
						<SP ID="P23_SP00508" HPOS="1580" VPOS="2923" WIDTH="29"/>
						<String ID="P23_ST00603" HPOS="1609" VPOS="2876" WIDTH="73" HEIGHT="47" CONTENT="qui" WC="0.97" CC="053"/>
						<SP ID="P23_SP00509" HPOS="1682" VPOS="2923" WIDTH="25"/>
						<String ID="P23_ST00604" HPOS="1707" VPOS="2876" WIDTH="143" HEIGHT="38" CONTENT="aurait" WC="0.99" CC="062030"/>
						<SP ID="P23_SP00510" HPOS="1850" VPOS="2923" WIDTH="26"/>
						<String ID="P23_ST00605" HPOS="1876" VPOS="2890" WIDTH="60" HEIGHT="33" CONTENT="pu" WC="1.00" CC="00"/>
						<SP ID="P23_SP00511" HPOS="1936" VPOS="2923" WIDTH="28"/>
						<String ID="P23_ST00606" HPOS="1964" VPOS="2876" WIDTH="226" HEIGHT="38" CONTENT="entraîner" WC="1.00" CC="000101003"/>
						<SP ID="P23_SP00512" HPOS="2190" VPOS="2923" WIDTH="30"/>
						<String ID="P23_ST00607" HPOS="2220" VPOS="2873" WIDTH="79" HEIGHT="40" CONTENT="des" WC="1.00" CC="000"/>
						<SP ID="P23_SP00513" HPOS="2299" VPOS="2923" WIDTH="26"/>
						<String ID="P23_ST00608" HPOS="2325" VPOS="2890" WIDTH="172" HEIGHT="23" CONTENT="erreurs" WC="0.99" CC="0331171"/>
					</TextLine>
					<TextLine ID="P23_TL00096" HPOS="1342" VPOS="2933" WIDTH="1154" HEIGHT="50">
						<String ID="P23_ST00609" HPOS="1342" VPOS="2934" WIDTH="352" HEIGHT="41" CONTENT="irrémédiables." WC="1.00" CC="40060608003013"/>
						<SP ID="P23_SP00514" HPOS="1694" VPOS="2975" WIDTH="47"/>
						<String ID="P23_ST00610" HPOS="1741" VPOS="2935" WIDTH="133" HEIGHT="40" CONTENT="Aussi" WC="0.98" CC="27006"/>
						<SP ID="P23_SP00515" HPOS="1874" VPOS="2975" WIDTH="43"/>
						<String ID="P23_ST00611" HPOS="1917" VPOS="2934" WIDTH="39" HEIGHT="40" CONTENT="le" WC="0.89" CC="20"/>
						<SP ID="P23_SP00516" HPOS="1956" VPOS="2975" WIDTH="43"/>
						<String ID="P23_ST00612" HPOS="1999" VPOS="2934" WIDTH="230" HEIGHT="41" CONTENT="Ministère" WC="1.00" CC="040100700"/>
						<SP ID="P23_SP00517" HPOS="2229" VPOS="2975" WIDTH="41"/>
						<String ID="P23_ST00613" HPOS="2270" VPOS="2934" WIDTH="57" HEIGHT="41" CONTENT="de" WC="1.00" CC="00"/>
						<SP ID="P23_SP00518" HPOS="2327" VPOS="2975" WIDTH="42"/>
						<String ID="P23_ST00614" HPOS="2369" VPOS="2933" WIDTH="102" HEIGHT="50" CONTENT="l'Hy" SUBS_TYPE="HypPart1" SUBS_CONTENT="l'Hygiène" WC="0.56" CC="4400"/>
						<HYP HPOS="2471" VPOS="2933" WIDTH="25" CONTENT="-"/>
					</TextLine>
					<TextLine ID="P23_TL00097" HPOS="1341" VPOS="2994" WIDTH="1155" HEIGHT="51">
						<String ID="P23_ST00615" HPOS="1341" VPOS="2998" WIDTH="130" HEIGHT="47" CONTENT="giène" SUBS_TYPE="HypPart2" SUBS_CONTENT="l'Hygiène" WC="0.96" CC="92870"/>
						<SP ID="P23_SP00519" HPOS="1471" VPOS="3045" WIDTH="32"/>
						<String ID="P23_ST00616" HPOS="1503" VPOS="3013" WIDTH="19" HEIGHT="23" CONTENT="s" WC="1.00" CC="0"/>
						<SP ID="P23_SP00520" HPOS="1522" VPOS="3045" WIDTH="20"/>
						<String ID="P23_ST00617" HPOS="1542" VPOS="2995" WIDTH="241" HEIGHT="41" CONTENT="assura-t-il" WC="0.75" CC="02150040444"/>
						<SP ID="P23_SP00521" HPOS="1783" VPOS="3045" WIDTH="35"/>
						<String ID="P23_ST00618" HPOS="1818" VPOS="2995" WIDTH="138" HEIGHT="41" CONTENT="l'aide" WC="0.99" CC="330300"/>
						<SP ID="P23_SP00522" HPOS="1956" VPOS="3045" WIDTH="34"/>
						<String ID="P23_ST00619" HPOS="1990" VPOS="2996" WIDTH="79" HEIGHT="40" CONTENT="des" WC="1.00" CC="000"/>
						<SP ID="P23_SP00523" HPOS="2069" VPOS="3045" WIDTH="33"/>
						<String ID="P23_ST00620" HPOS="2102" VPOS="3006" WIDTH="179" HEIGHT="39" CONTENT="experts" WC="1.00" CC="0000300"/>
						<SP ID="P23_SP00524" HPOS="2281" VPOS="3045" WIDTH="35"/>
						<String ID="P23_ST00621" HPOS="2316" VPOS="2996" WIDTH="60" HEIGHT="40" CONTENT="du" WC="0.88" CC="02"/>
						<SP ID="P23_SP00525" HPOS="2376" VPOS="3045" WIDTH="34"/>
						<String ID="P23_ST00622" HPOS="2410" VPOS="2994" WIDTH="58" HEIGHT="41" CONTENT="Mi" SUBS_TYPE="HypPart1" SUBS_CONTENT="Ministère" WC="0.97" CC="01"/>
						<HYP HPOS="2468" VPOS="2994" WIDTH="28" CONTENT="-"/>
					</TextLine>
					<TextLine ID="P23_TL00098" HPOS="1341" VPOS="3055" WIDTH="1155" HEIGHT="42">
						<String ID="P23_ST00623" HPOS="1341" VPOS="3060" WIDTH="162" HEIGHT="37" CONTENT="nistère" SUBS_TYPE="HypPart2" SUBS_CONTENT="Ministère" WC="0.98" CC="0830850"/>
						<SP ID="P23_SP00526" HPOS="1503" VPOS="3097" WIDTH="39"/>
						<String ID="P23_ST00624" HPOS="1542" VPOS="3057" WIDTH="80" HEIGHT="40" CONTENT="des" WC="1.00" CC="000"/>
						<SP ID="P23_SP00527" HPOS="1622" VPOS="3097" WIDTH="38"/>
						<String ID="P23_ST00625" HPOS="1660" VPOS="3055" WIDTH="228" HEIGHT="42" CONTENT="Finances." WC="1.00" CC="000000603"/>
						<SP ID="P23_SP00528" HPOS="1888" VPOS="3097" WIDTH="40"/>
						<String ID="P23_ST00626" HPOS="1928" VPOS="3055" WIDTH="65" HEIGHT="42" CONTENT="En" WC="0.78" CC="31"/>
						<SP ID="P23_SP00529" HPOS="1993" VPOS="3097" WIDTH="40"/>
						<String ID="P23_ST00627" HPOS="2033" VPOS="3056" WIDTH="261" HEIGHT="41" CONTENT="surveillant" WC="1.00" CC="04300053000"/>
						<SP ID="P23_SP00530" HPOS="2294" VPOS="3097" WIDTH="37"/>
						<String ID="P23_ST00628" HPOS="2331" VPOS="3056" WIDTH="165" HEIGHT="41" CONTENT="l'achat" WC="0.98" CC="4404077"/>
					</TextLine>
					<TextLine ID="P23_TL00099" HPOS="1343" VPOS="3118" WIDTH="1154" HEIGHT="45">
						<String ID="P23_ST00629" HPOS="1343" VPOS="3119" WIDTH="79" HEIGHT="39" CONTENT="des" WC="0.92" CC="877"/>
						<SP ID="P23_SP00531" HPOS="1422" VPOS="3158" WIDTH="36"/>
						<String ID="P23_ST00630" HPOS="1458" VPOS="3121" WIDTH="198" HEIGHT="42" CONTENT="terrains," WC="0.99" CC="008484000"/>
						<SP ID="P23_SP00532" HPOS="1656" VPOS="3163" WIDTH="42"/>
						<String ID="P23_ST00631" HPOS="1698" VPOS="3118" WIDTH="183" HEIGHT="40" CONTENT="l'Office" WC="0.99" CC="00074420"/>
						<SP ID="P23_SP00533" HPOS="1881" VPOS="3163" WIDTH="39"/>
						<String ID="P23_ST00632" HPOS="1920" VPOS="3118" WIDTH="79" HEIGHT="40" CONTENT="des" WC="1.00" CC="000"/>
						<SP ID="P23_SP00534" HPOS="1999" VPOS="3163" WIDTH="37"/>
						<String ID="P23_ST00633" HPOS="2036" VPOS="3118" WIDTH="283" HEIGHT="40" CONTENT="évaluations" WC="0.99" CC="70036042004"/>
						<SP ID="P23_SP00535" HPOS="2319" VPOS="3163" WIDTH="37"/>
						<String ID="P23_ST00634" HPOS="2356" VPOS="3118" WIDTH="56" HEIGHT="40" CONTENT="de" WC="1.00" CC="00"/>
						<SP ID="P23_SP00536" HPOS="2412" VPOS="3163" WIDTH="35"/>
						<String ID="P23_ST00635" HPOS="2447" VPOS="3134" WIDTH="50" HEIGHT="24" CONTENT="ce" WC="0.80" CC="40"/>
					</TextLine>
					<TextLine ID="P23_TL00100" HPOS="1342" VPOS="3179" WIDTH="1152" HEIGHT="50">
						<String ID="P23_ST00636" HPOS="1342" VPOS="3180" WIDTH="318" HEIGHT="49" CONTENT="département" WC="0.99" CC="04099000009"/>
						<SP ID="P23_SP00537" HPOS="1660" VPOS="3229" WIDTH="30"/>
						<String ID="P23_ST00637" HPOS="1690" VPOS="3197" WIDTH="24" HEIGHT="22" CONTENT="a" WC="1.00" CC="0"/>
						<SP ID="P23_SP00538" HPOS="1714" VPOS="3229" WIDTH="36"/>
						<String ID="P23_ST00638" HPOS="1750" VPOS="3179" WIDTH="79" HEIGHT="40" CONTENT="fait" WC="0.98" CC="5030"/>
						<SP ID="P23_SP00539" HPOS="1829" VPOS="3229" WIDTH="34"/>
						<String ID="P23_ST00639" HPOS="1863" VPOS="3179" WIDTH="179" HEIGHT="41" CONTENT="réaliser" WC="0.99" CC="56000000"/>
						<SP ID="P23_SP00540" HPOS="2042" VPOS="3229" WIDTH="35"/>
						<String ID="P23_ST00640" HPOS="2077" VPOS="3179" WIDTH="57" HEIGHT="40" CONTENT="de" WC="1.00" CC="00"/>
						<SP ID="P23_SP00541" HPOS="2134" VPOS="3229" WIDTH="31"/>
						<String ID="P23_ST00641" HPOS="2165" VPOS="3179" WIDTH="196" HEIGHT="50" CONTENT="grandes" WC="1.00" CC="0300000"/>
						<SP ID="P23_SP00542" HPOS="2361" VPOS="3229" WIDTH="33"/>
						<String ID="P23_ST00642" HPOS="2394" VPOS="3181" WIDTH="75" HEIGHT="38" CONTENT="éco" SUBS_TYPE="HypPart1" SUBS_CONTENT="économies" WC="0.97" CC="840"/>
						<HYP HPOS="2469" VPOS="3181" WIDTH="25" CONTENT="-"/>
					</TextLine>
					<TextLine ID="P23_TL00101" HPOS="1340" VPOS="3239" WIDTH="1152" HEIGHT="46">
						<String ID="P23_ST00643" HPOS="1340" VPOS="3243" WIDTH="176" HEIGHT="40" CONTENT="nomies" SUBS_TYPE="HypPart2" SUBS_CONTENT="économies" WC="0.98" CC="049400"/>
						<SP ID="P23_SP00543" HPOS="1516" VPOS="3283" WIDTH="24"/>
						<String ID="P23_ST00644" HPOS="1540" VPOS="3243" WIDTH="25" HEIGHT="38" CONTENT="à" WC="0.39" CC="6"/>
						<SP ID="P23_SP00544" HPOS="1565" VPOS="3283" WIDTH="24"/>
						<String ID="P23_ST00645" HPOS="1589" VPOS="3239" WIDTH="148" HEIGHT="44" CONTENT="l'Etat." WC="0.99" CC="2320003"/>
						<SP ID="P23_SP00545" HPOS="1737" VPOS="3283" WIDTH="29"/>
						<String ID="P23_ST00646" HPOS="1766" VPOS="3240" WIDTH="43" HEIGHT="41" CONTENT="A" WC="1.00" CC="0"/>
						<SP ID="P23_SP00546" HPOS="1809" VPOS="3283" WIDTH="27"/>
						<String ID="P23_ST00647" HPOS="1836" VPOS="3240" WIDTH="40" HEIGHT="41" CONTENT="la" WC="0.86" CC="20"/>
						<SP ID="P23_SP00547" HPOS="1876" VPOS="3283" WIDTH="26"/>
						<String ID="P23_ST00648" HPOS="1902" VPOS="3240" WIDTH="60" HEIGHT="41" CONTENT="fin" WC="0.97" CC="330"/>
						<SP ID="P23_SP00548" HPOS="1962" VPOS="3283" WIDTH="27"/>
						<String ID="P23_ST00649" HPOS="1989" VPOS="3241" WIDTH="57" HEIGHT="40" CONTENT="de" WC="1.00" CC="00"/>
						<SP ID="P23_SP00549" HPOS="2046" VPOS="3283" WIDTH="23"/>
						<String ID="P23_ST00650" HPOS="2069" VPOS="3239" WIDTH="254" HEIGHT="42" CONTENT="novembre" WC="1.00" CC="02010000"/>
						<SP ID="P23_SP00550" HPOS="2323" VPOS="3283" WIDTH="34"/>
						<String ID="P23_ST00651" HPOS="2357" VPOS="3240" WIDTH="135" HEIGHT="45" CONTENT="1919," WC="0.63" CC="80603"/>
					</TextLine>
					<TextLine ID="P23_TL00102" HPOS="1341" VPOS="3301" WIDTH="1154" HEIGHT="51">
						<String ID="P23_ST00652" HPOS="1341" VPOS="3302" WIDTH="61" HEIGHT="40" CONTENT="les" WC="0.96" CC="730"/>
						<SP ID="P23_SP00551" HPOS="1402" VPOS="3342" WIDTH="24"/>
						<String ID="P23_ST00653" HPOS="1426" VPOS="3313" WIDTH="178" HEIGHT="39" CONTENT="experts" WC="1.00" CC="0020401"/>
						<SP ID="P23_SP00552" HPOS="1604" VPOS="3352" WIDTH="23"/>
						<String ID="P23_ST00654" HPOS="1627" VPOS="3306" WIDTH="181" HEIGHT="36" CONTENT="avaient" WC="0.98" CC="0004188"/>
						<SP ID="P23_SP00553" HPOS="1808" VPOS="3352" WIDTH="23"/>
						<String ID="P23_ST00655" HPOS="1831" VPOS="3302" WIDTH="159" HEIGHT="40" CONTENT="évalué" WC="0.99" CC="700007"/>
						<SP ID="P23_SP00554" HPOS="1990" VPOS="3352" WIDTH="26"/>
						<String ID="P23_ST00656" HPOS="2016" VPOS="3304" WIDTH="188" HEIGHT="38" CONTENT="environ" WC="0.99" CC="0003230"/>
						<SP ID="P23_SP00555" HPOS="2204" VPOS="3352" WIDTH="26"/>
						<String ID="P23_ST00657" HPOS="2230" VPOS="3301" WIDTH="144" HEIGHT="46" CONTENT="9,000" WC="0.84" CC="03300"/>
						<SP ID="P23_SP00556" HPOS="2374" VPOS="3352" WIDTH="27"/>
						<String ID="P23_ST00658" HPOS="2401" VPOS="3318" WIDTH="63" HEIGHT="24" CONTENT="em" SUBS_TYPE="HypPart1" SUBS_CONTENT="emplacements" WC="0.99" CC="20"/>
						<HYP HPOS="2464" VPOS="3318" WIDTH="31" CONTENT="-"/>
					</TextLine>
					<TextLine ID="P23_TL00103" HPOS="1341" VPOS="3363" WIDTH="1156" HEIGHT="51">
						<String ID="P23_ST00659" HPOS="1341" VPOS="3364" WIDTH="281" HEIGHT="50" CONTENT="placements" SUBS_TYPE="HypPart2" SUBS_CONTENT="emplacements" WC="0.99" CC="0153000090"/>
						<SP ID="P23_SP00557" HPOS="1622" VPOS="3414" WIDTH="76"/>
						<String ID="P23_ST00660" HPOS="1698" VPOS="3363" WIDTH="136" HEIGHT="40" CONTENT="d'une" WC="0.99" CC="04402"/>
						<SP ID="P23_SP00558" HPOS="1834" VPOS="3414" WIDTH="76"/>
						<String ID="P23_ST00661" HPOS="1910" VPOS="3363" WIDTH="236" HEIGHT="50" CONTENT="superficie" WC="1.00" CC="0500533000"/>
						<SP ID="P23_SP00559" HPOS="2146" VPOS="3414" WIDTH="77"/>
						<String ID="P23_ST00662" HPOS="2223" VPOS="3364" WIDTH="141" HEIGHT="41" CONTENT="totale" WC="0.99" CC="030050"/>
						<SP ID="P23_SP00560" HPOS="2364" VPOS="3414" WIDTH="77"/>
						<String ID="P23_ST00663" HPOS="2441" VPOS="3363" WIDTH="56" HEIGHT="41" CONTENT="de" WC="1.00" CC="00"/>
					</TextLine>
					<TextLine ID="P23_TL00104" HPOS="1341" VPOS="3424" WIDTH="1156" HEIGHT="47">
						<String ID="P23_ST00664" HPOS="1341" VPOS="3425" WIDTH="178" HEIGHT="46" CONTENT="61,000" WC="0.64" CC="284060"/>
						<SP ID="P23_SP00561" HPOS="1519" VPOS="3471" WIDTH="31"/>
						<String ID="P23_ST00665" HPOS="1550" VPOS="3443" WIDTH="124" HEIGHT="23" CONTENT="acres" WC="1.00" CC="00000"/>
						<SP ID="P23_SP00562" HPOS="1674" VPOS="3471" WIDTH="29"/>
						<String ID="P23_ST00666" HPOS="1703" VPOS="3436" WIDTH="43" HEIGHT="30" CONTENT="et" WC="1.00" CC="00"/>
						<SP ID="P23_SP00563" HPOS="1746" VPOS="3471" WIDTH="30"/>
						<String ID="P23_ST00667" HPOS="1776" VPOS="3424" WIDTH="136" HEIGHT="41" CONTENT="d'une" WC="0.99" CC="04300"/>
						<SP ID="P23_SP00564" HPOS="1912" VPOS="3471" WIDTH="25"/>
						<String ID="P23_ST00668" HPOS="1937" VPOS="3424" WIDTH="156" HEIGHT="42" CONTENT="valeur" WC="0.99" CC="004032"/>
						<SP ID="P23_SP00565" HPOS="2093" VPOS="3471" WIDTH="31"/>
						<String ID="P23_ST00669" HPOS="2124" VPOS="3425" WIDTH="56" HEIGHT="40" CONTENT="de" WC="1.00" CC="00"/>
						<SP ID="P23_SP00566" HPOS="2180" VPOS="3471" WIDTH="36"/>
						<String ID="P23_ST00670" HPOS="2216" VPOS="3426" WIDTH="8" HEIGHT="40" CONTENT="1" WC="0.19" CC="8"/>
						<SP ID="P23_SP00567" HPOS="2224" VPOS="3471" WIDTH="26"/>
						<String ID="P23_ST00671" HPOS="2250" VPOS="3426" WIDTH="8" HEIGHT="40" CONTENT="1" WC="0.22" CC="7"/>
						<SP ID="P23_SP00568" HPOS="2258" VPOS="3471" WIDTH="43"/>
						<String ID="P23_ST00672" HPOS="2301" VPOS="3425" WIDTH="196" HEIGHT="41" CONTENT="millions" WC="0.99" CC="00504305"/>
					</TextLine>
					<TextLine ID="P23_TL00105" HPOS="1341" VPOS="3485" WIDTH="444" HEIGHT="51">
						<String ID="P23_ST00673" HPOS="1341" VPOS="3487" WIDTH="58" HEIGHT="41" CONTENT="de" WC="0.11" CC="97"/>
						<SP ID="P23_SP00569" HPOS="1399" VPOS="3528" WIDTH="28"/>
						<String ID="P23_ST00674" HPOS="1427" VPOS="3485" WIDTH="134" HEIGHT="43" CONTENT="livres" WC="0.99" CC="420112"/>
						<SP ID="P23_SP00570" HPOS="1561" VPOS="3528" WIDTH="30"/>
						<String ID="P23_ST00675" HPOS="1591" VPOS="3486" WIDTH="194" HEIGHT="50" CONTENT="sterling." WC="0.99" CC="000347093"/>
					</TextLine>
				</TextBlock>
			</PrintSpace>
		</Page>
	</Layout>
</alto>
