2629 4087
1290 3748 56 48 28

1917 3752 302 48 DÉCEMBRE
2277 3765 90 35 1920

238 3766 66 35 LA
362 3764 122 36 CITE

275 357 112 41 faire
412 355 42 42 le
481 366 124 39 geste
633 358 73 47 qui
734 355 165 42 rendra
926 355 99 50 plus
1053 354 186 41 fameux
1265 367 164 26 encore
1456 359 131 31 votre
1614 365 110 25 nom
1753 357 43 31 et
1823 356 131 30 votre
1981 347 165 48 patrie!
2175 344 108 41 Sous-

276 433 166 38 crivez!
479 430 285 41 Souscrivez!
800 430 264 41 Souscrivez
1103 428 137 40 donc!
1280 426 131 41 disait
1447 426 11 40 1
1480 423 74 42 œil
1590 441 55 24 en
1682 431 233 32 montrant
1951 414 62 47 les
2049 431 100 37 sept
2183 428 127 31 cents

277 505 214 50 délégués
515 508 73 47 qui
612 504 244 42 déniaient.
881 503 55 43 Et
959 521 113 24 nous
1094 506 268 47 passions...
1390 512 43 29 et
1457 499 195 41 derrière
1674 499 106 44 moi,
1806 500 44 48 je
1872 497 177 48 croyais
2072 495 237 50 percevoir

278 581 40 40 le
353 580 120 41 bruit
510 590 97 30 tout
644 579 257 51 particulier
938 595 86 34 que
1063 578 101 40 font
1201 577 62 41 les
1299 586 129 31 notes
1466 573 222 51 anglaises
1726 571 153 50 quand
1919 569 109 42 elles
2063 579 103 30 sont
2203 567 106 41 bien

277 671 169 24 neuves
479 665 43 29 et
552 654 106 41 bien
691 653 275 41 luisantes...
1004 652 116 42 Mais
1154 652 171 49 depuis,
1361 654 12 47 j
1398 652 40 38 ai
1472 651 140 48 quitté
1646 647 10 41 1
1684 663 21 24 «
1740 645 59 42 Ile
1832 661 47 30 »;
1915 649 44 47 je
1992 642 163 42 touche
2187 658 97 34 pres-

277 746 59 33 qu
355 746 56 23 au
437 727 67 42 sol
531 727 122 42 natal
680 739 44 30 et
751 727 119 51 déjà,
899 745 51 23 ce
978 730 73 48 qui
1077 743 45 23 m
1141 727 298 49 apparaissait
1465 726 33 38 si
1524 722 417 51 prodigieusement
1968 717 174 43 naturel
2169 734 73 23 sur
2271 717 39 40 le

275 803 68 41 60l
371 802 173 51 anglais
571 820 72 22 me
667 802 175 41 semble
868 805 26 38 à
922 804 181 48 présent
1129 803 26 38 à
1182 802 131 49 peine
1341 797 214 51 croyable
1583 808 42 30 et
1653 795 367 50 singulièrement
2048 793 256 49 exagéré...

414 877 260 47 Comment,
709 879 119 38 voici
859 894 86 23 une
978 875 104 41 ville
1116 875 57 40 de
1206 877 107 38 trois
1345 884 102 29 cent
1477 870 308 42 soixante-dix
1818 868 122 42 mille
1971 868 231 40 habitants
2236 868 73 47 qui

277 953 287 39 construisait
598 961 140 31 avant
775 950 41 41 la
854 967 157 33 guerre
1049 952 188 38 environ
1274 958 99 39 sept
1410 949 366 46 cent-cinquante
1814 946 201 38 maisons
2051 959 82 33 par
2170 958 59 23 an
2268 952 42 29 et

279 1029 86 46 qui,
397 1042 116 34 pour
541 1025 225 41 remédier
795 1028 26 38 à
851 1025 41 40 la
921 1027 111 38 crise
1063 1024 60 41 du
1153 1023 243 50 logement,
1429 1039 46 23 se
1507 1020 160 41 décide
1696 1021 25 39 à
1751 1021 124 39 créer
1901 1034 90 25 une
2021 1020 199 37 ceinture
2253 1014 56 42 de

279 1100 477 50 faubourgs-villages.
793 1098 83 42 Les
908 1116 82 23 uns
1039 1098 196 41 destinés
1266 1100 25 38 à
1325 1096 219 49 héberger
1594 1094 61 40 les
1707 1095 200 39 ouvriers
1959 1091 59 41 du
2069 1101 123 40 port;
2247 1089 62 40 les

277 1184 149 30 autres
449 1176 25 37 à
501 1173 177 41 donner
701 1190 58 23 un
785 1176 92 47 gîte
901 1190 86 23 aux
1013 1174 199 39 ouvriers
1239 1171 80 41 des
1344 1170 197 41 diverses
1567 1169 249 40 industries.

420 1281 52 6 ...
515 1247 134 40 Voici
679 1265 58 22 un
767 1249 231 48 ingénieur
1028 1246 242 50 municipal
1302 1247 73 47 qui
1404 1246 199 48 coopère
1634 1242 137 41 dune
1803 1241 134 50 façon
1968 1239 257 42 admirable
2254 1256 56 24 au

280 1321 133 41 choix
450 1321 79 41 des
564 1324 207 43 terrains;
807 1324 72 47 qui
913 1320 220 51 s'adjoint
1166 1337 59 23 un
1261 1318 242 42 architecte
1538 1327 176 40 expert;
1753 1315 193 51 lesquels
1982 1315 234 40 décrètent
2251 1331 58 23 un

280 1413 222 24 concours
539 1399 72 46 qui
648 1406 65 29 est
748 1399 110 36 suivi
896 1394 135 41 d'une
1068 1397 237 38 exécution
1342 1392 349 42 immédiate!...
1736 1390 146 41 Parmi
1921 1390 62 40 les
2020 1398 291 32 concurrents

280 1472 181 47 primés,
491 1474 43 45 je
563 1469 150 40 relève
739 1469 40 41 le
807 1486 109 24 nom
944 1468 137 42 d'une
1110 1468 153 41 dame!
1294 1467 54 41 Et
1374 1470 98 48 puis
1499 1466 142 46 voilà;
1674 1483 57 23 on
1759 1467 217 39 construit
2004 1464 78 41 des
2111 1467 200 37 maisons

280 1547 73 37 oui
380 1555 154 29 seront
558 1543 264 41 conformes
846 1560 87 24 aux
960 1543 126 40 devis
1113 1541 202 42 établis!!

423 1651 51 6 ...
519 1618 60 40 Le
607 1618 25 40 4
661 1621 94 46 juin
790 1616 121 42 1919
997 1642 8 4 -
1032 1627 177 31 retenez
1238 1616 40 40 la
1308 1615 106 41 date
1532 1614 41 42 le
1600 1614 204 41 Ministre
1833 1613 56 40 de
1916 1612 243 50 l'Hygiène
2185 1613 125 38 vient

280 1695 153 39 visiter
466 1692 39 41 le
538 1695 175 38 terrain.
751 1691 136 41 Selon
920 1691 40 40 la
995 1693 87 38 très
1115 1693 219 38 ancienne
1366 1699 226 35 coutume,
1629 1688 26 41 il
1691 1687 155 41 donne
1878 1705 49 23 sa
1958 1686 295 41 bénédiction
2284 1687 26 38 à

280 1766 280 50 l'entreprise
585 1784 54 22 en
665 1764 174 42 taillant
862 1764 41 41 la
928 1767 221 47 première
1173 1774 144 30 motte
1342 1762 56 42 de
1423 1765 200 38 terre!...
1653 1773 42 29 et
1719 1761 92 41 Ton
1835 1764 218 38 construit
2077 1763 26 38 à
2128 1771 101 30 tour
2253 1759 58 41 de

280 1841 104 41 bras
397 1844 7 37 !
419 1844 7 37 !

416 1914 74 41 On
514 1917 217 38 construit
755 1916 24 38 à
804 1924 100 30 tour
929 1912 57 41 de
1007 1912 125 41 bras!
1158 1911 129 41 Vous
1312 1928 109 24 avez
1445 1911 104 41 bien
1576 1911 42 39 lu
1650 1928 8 22 :
1689 1926 21 23 «
1738 1909 74 42 On
1836 1910 217 40 construit
2075 1910 26 39 à
2126 1918 103 31 tour
2253 1907 58 41 de

281 1989 104 41 bras
421 1992 47 37 »!
482 1990 8 39 !

419 2063 115 41 Mais
572 2073 96 29 tout
702 2064 91 38 ceci
830 2062 115 40 n'est
980 2064 106 37 rien.
1127 2059 112 42 L'un
1279 2060 56 40 de
1372 2076 72 24 ces
1482 2056 461 51 faubourgs-villages
1981 2056 249 51 possédera
2270 2055 41 41 la

281 2147 212 40 coquette
522 2136 236 49 superficie
787 2135 58 41 de
876 2134 142 47 7,800
1047 2150 110 26 ares.
1190 2134 72 41 On
1292 2152 28 31 y
1348 2136 118 48 érige
1502 2132 135 47 1,583
1671 2135 218 38 maisons!
1922 2130 390 50 L'emplacement

283 2229 28 23 n
331 2229 25 22 a
386 2229 82 32 pas
498 2228 81 23 son
609 2209 139 51 pareil
783 2209 114 40 dans
926 2218 97 31 tout
1053 2208 40 41 le
1123 2207 368 50 Royaume-Uni;
1525 2209 25 38 à
1581 2207 56 41 tel
1670 2209 141 47 point,
1846 2206 137 50 qu'un
2013 2205 208 41 membre
2253 2205 59 41 du

282 2287 167 38 comité
487 2284 75 49 (ce
590 2284 156 40 n'était
772 2301 82 32 pas
880 2300 59 24 un
967 2281 327 50 compatriote)
1331 2292 201 40 protesta
1561 2291 156 30 contre
1745 2281 40 40 le
1812 2280 135 41 choix
1976 2279 60 42 du
2066 2282 163 39 terrain
2256 2296 56 24 en

285 2359 149 40 disant
464 2357 139 51 qu'on
634 2375 56 23 ne
722 2357 177 40 devrait
929 2357 150 40 élever
1110 2356 54 45 là,
1199 2374 87 32 que
1317 2356 78 41 des
1425 2355 148 41 hôtels
1604 2355 277 51 particuliers
1912 2370 116 35 pour
2061 2354 62 41 les
2153 2352 156 42 riches.

292 2432 99 51 (On
421 2450 30 32 y
478 2432 155 51 logera
665 2431 78 41 des
774 2430 259 50 dockers!).

421 2506 64 40 Ce
515 2505 115 42 n'est
659 2523 82 32 pas
773 2516 97 29 tout
909 2523 8 22 :
948 2522 59 23 un
1040 2504 119 41 riche
1190 2506 296 48 propriétaire
1524 2522 7 22 :
1565 2504 41 40 le
1637 2505 298 49 propriétaire
1968 2503 59 41 du
2059 2504 164 40 terrain
2255 2518 56 24 en

285 2583 221 47 question,
541 2597 26 23 a
599 2578 134 42 offert
764 2581 25 38 à
821 2578 41 41 la
892 2577 107 41 ville
1028 2596 58 22 un
1117 2578 118 41 beau
1266 2595 107 33 parc
1405 2580 255 38 avoisinant
1691 2576 41 42 le
1766 2577 226 50 faubourg
2022 2578 193 49 projeté.
2252 2574 61 42 La

282 2655 238 50 superficie
548 2654 56 40 de
630 2671 50 23 ce
705 2670 109 33 parc
839 2664 66 30 est
931 2653 57 40 de
1015 2651 145 47 4,200
1188 2669 108 24 ares.
1326 2652 191 41 Aucune
1543 2653 306 40 construction
1877 2669 56 24 ne
1959 2668 168 33 pourra
2152 2652 163 49 jamais

284 2747 29 31 y
342 2730 93 40 être
463 2730 160 48 érigée,
659 2726 57 42 de
743 2729 201 39 manière
973 2744 85 33 que
1088 2726 41 41 la
1157 2726 165 41 beauté
1354 2726 57 42 de
1441 2726 40 41 la
1510 2728 156 48 région
1698 2736 166 30 restera
1894 2729 207 46 toujours
2131 2727 179 38 intacte.

285 2803 146 45 Enfin,
467 2818 181 24 comme
679 2818 50 23 ce
762 2799 413 51 faubourg-village
1207 2818 45 23 se
1285 2812 208 29 trouvera
1526 2804 24 37 à
1584 2800 193 51 quelque
1811 2800 202 41 distance
2048 2799 56 41 de
2136 2799 42 41 la
2209 2798 107 41 ville

286 2889 43 29 et
362 2878 314 49 quoiquétant
710 2874 106 42 relié
849 2878 25 36 à
907 2885 119 30 cette
1062 2874 203 41 dernière
1315 2892 84 33 par
1432 2893 57 23 un
1524 2874 177 42 chemin
1756 2874 57 41 de
1867 2874 78 47 fer,
1985 2874 62 41 les
2098 2876 218 39 autorités

285 2961 263 30 annoncent
579 2949 139 50 qu'on
752 2966 27 32 y
811 2953 220 46 ajoutera,
1068 2947 90 43 afin
1193 2966 84 32 que
1310 2949 40 41 le
1383 2951 170 39 service
1585 2951 85 39 soit
1705 2947 99 52 plus
1837 2951 105 43 aisé,
1980 2966 59 23 un
2075 2959 210 37 tramway-

285 3041 184 33 express
481 3026 8 38 !
503 3027 74 37 !...

424 3097 161 41 Hélas!
626 3097 221 41 l'homme
885 3107 66 30 est
989 3096 364 51 singulièrement
1391 3100 221 38 constitué
1660 3115 7 22 :
1708 3097 152 41 là-bas
1898 3101 43 46 je
1980 3098 202 39 trouvais
2219 3094 96 42 cela

287 3182 98 31 tout
415 3170 195 48 naturel;
644 3170 26 42 il
701 3187 73 25 me
803 3170 209 41 semblait
1044 3187 86 33 que
1159 3180 97 31 tout
1286 3170 95 42 cela
1413 3189 56 24 ne
1500 3173 189 48 pouvait
1721 3174 93 38 être
1844 3182 258 33 autrement
2133 3181 45 31 et
2210 3170 106 50 déjà

295 3246 66 51 (le
381 3246 169 42 bateau
574 3257 66 29 est
662 3262 55 25 en
738 3261 90 24 vue
852 3244 57 41 de
931 3243 295 51 Westende),
1254 3244 26 41 il
1305 3262 71 24 me
1400 3245 173 41 semble
1599 3263 86 33 que
1708 3245 78 51 j'ai
1809 3248 170 38 rêvé...

421 3319 66 42 Eh
512 3319 106 42 bien
645 3321 85 44 oui,
758 3318 78 51 j'ai
860 3320 128 39 rêvé!
1101 3318 169 50 J'avais
1294 3319 145 50 perdu
1464 3319 42 41 la
1533 3322 90 48 joie
1651 3319 144 42 d'être
1821 3321 188 45 étonné;
2037 3319 42 41 la
2105 3321 212 48 suprême

288 3404 153 32 extase
476 3392 145 42 d'être
654 3392 236 51 stupéfait;
926 3394 113 39 mais
1072 3392 108 42 c'est
1215 3392 95 48 fini;
1347 3392 109 42 c'est
1486 3394 106 41 bien
1628 3393 96 43 fini!
1761 3394 52 50 Je
1846 3394 41 41 le
1919 3411 114 25 sens.
2072 3392 244 42 Hosanna!

286 3467 225 42 Hurrah!!
541 3467 216 42 Bravo!!!
788 3466 52 51 Je
863 3469 87 39 suis
978 3469 187 39 étonné!
1195 3470 87 39 très
1310 3470 209 39 étonné!!
1547 3468 216 50 stupéfait
1790 3471 152 38 même
1971 3479 44 30 et
2042 3470 26 39 à
2098 3467 57 42 tel
2185 3468 131 49 point

287 3559 85 34 que
395 3546 43 47 je
460 3559 56 23 ne
537 3544 115 38 crois
675 3558 81 33 pas
777 3558 59 24 un
860 3540 93 43 seul
977 3551 97 30 mot
1099 3540 57 41 de
1180 3551 97 31 tout
1299 3558 51 24 ce
1373 3560 86 31 que
1482 3546 44 47 je
1547 3545 127 38 viens
1700 3542 57 41 de
1779 3559 116 24 vous
1920 3541 235 42 décrire...
