2629 4087
1984 3707 298 49 DÉCEMBRE
2320 3720 90 36 1920

265 3721 75 37 LA
395 3711 122 47 CITÉ

1318 3707 62 48 49

466 224 475 47 ECHOS
1079 231 145 43 ET
1364 234 905 47 NOUVELLES

409 450 655 98 Expositions

206 630 58 33 LE
289 630 169 35 SALON
482 632 447 39 D'ARCHITECTURE
953 638 70 35 DU
1048 640 180 37 ZOUTE.

149 692 70 33 Les
242 692 208 34 adhésions
475 708 65 28 qui
564 705 85 24 sont
673 711 219 26 parvenues
917 715 75 19 aux
1015 713 290 31 organisateurs

151 753 50 33 du
244 753 115 35 Salon
402 755 22 33 d
442 756 264 35 architecture
750 762 65 39 qui
858 762 192 35 s'ouvrira
1091 768 21 30 à
1155 765 152 42 Pâques

159 817 5 31 1
180 816 19 32 9
207 834 18 14 JL.
244 817 5 31 1
290 826 190 30 assurent,
514 817 66 34 dès
613 828 254 32 maintenant,
900 824 33 33 le
965 829 133 30 succès
1128 828 46 33 de
1205 837 101 24 cette

148 880 228 39 entreprise.

204 962 53 34 La
291 962 244 43 Compagnie
568 966 257 35 immobilière
862 979 19 23 «
913 970 50 33 Le
995 971 124 35 Zoute
1153 984 19 22 »
1208 988 97 19 nous

146 1025 85 40 prie
257 1023 45 35 de
329 1023 97 35 faire
451 1028 129 31 savoir
604 1041 76 20 aux
704 1031 255 40 participants
986 1033 143 40 qu'afin
1157 1035 149 33 d'avoir

148 1085 9 33 1
176 1099 210 20 assurance
411 1100 75 27 que
510 1087 52 33 les
586 1088 105 34 devis
715 1093 65 38 qui
803 1104 313 31 accompagnent
1141 1096 52 32 les
1216 1110 66 27 pro-

146 1148 75 40 jets
251 1149 103 31 aient
385 1162 50 19 un
467 1153 200 31 caractère
697 1154 151 31 sérieux
880 1163 34 23 et
945 1155 143 33 offrent
1116 1171 77 19 une
1223 1172 60 18 cer-

150 1211 101 30 taine
287 1218 176 32 garantie
497 1225 101 26 pour
631 1212 32 33 le
697 1213 142 41 public,
875 1215 70 34 elle
981 1231 38 20 se
1055 1232 168 26 propose
1258 1219 45 32 de

148 1270 97 34 faire
279 1273 184 39 parvenir
496 1286 77 19 aux
607 1274 243 39 architectes,
887 1291 49 19 au
971 1278 117 33 début
1121 1279 50 33 du
1207 1282 96 31 mois

148 1332 44 32 de
221 1346 103 18 mars
353 1334 202 39 prochain,
587 1350 50 18 un
667 1335 217 35 bordereau
914 1338 45 34 de
988 1341 85 39 prix
1102 1343 198 35 unitaires,

148 1393 109 33 basés
294 1407 65 19 sur
394 1393 34 34 le
464 1399 90 29 coût
590 1399 281 38 approximatif
905 1399 64 34 des
1005 1404 217 31 matériaux
1256 1402 47 33 de

146 1458 268 31 construction
439 1459 21 29 à
485 1465 100 25 cette
611 1460 164 39 époque.

201 1539 37 34 Si
267 1539 33 35 le
331 1543 90 30 coût
452 1541 46 33 de
528 1556 62 18 ces
621 1546 217 32 matériaux
867 1545 100 34 subit
998 1561 75 18 une
1103 1548 176 33 modifica-

146 1603 79 31 tion
264 1604 239 39 importante
540 1604 172 41 pendant
749 1605 237 36 l'ouverture
1023 1607 50 34 du
1110 1609 127 37 Salon,
1278 1609 24 33 il

145 1677 85 19 sera
255 1664 129 32 dressé
411 1679 50 18 un
486 1679 181 21 nouveau
691 1666 219 35 bordereau
935 1669 45 32 de
1004 1671 86 39 prix
1114 1672 186 32 unitaires

145 1738 50 28 qu
214 1724 71 33 elle
308 1734 159 32 portera
490 1729 20 30 à
534 1726 35 33 la
594 1730 280 32 connaissance
898 1729 65 33 des
987 1731 243 38 architectes,
1258 1746 41 20 ce

143 1788 66 39 qui
236 1785 84 35 leur
346 1796 216 33 permettra
589 1787 102 35 alors
718 1790 46 33 de
792 1793 174 39 corriger
987 1791 37 34 ,1e
1051 1801 178 25 montant
1255 1793 45 33 de

143 1846 102 34 leurs
271 1847 105 34 devis
404 1863 47 19 en
479 1853 283 38 conséquence.

199 1979 304 35 EXPOSITION
566 1981 446 36 INTERNATIONALE
1073 1985 208 33 D'ARCHI
1292 2006 6 3 -

141 2040 243 40 TECTURE,
416 2042 69 33 DU
512 2042 259 35 BATIMENT
799 2044 61 34 ET
888 2045 92 33 DES
1010 2046 288 34 INDUSTRIES

136 2101 284 41 CONNEXES,
456 2104 37 34 A
526 2104 143 34 GAND
713 2105 110 35 1921.
947 2107 111 34 Ainsi
1091 2122 75 27 que
1198 2122 99 19 nous

143 2164 9 33 1
170 2179 120 19 avons
322 2165 87 42 déjà
442 2170 180 30 annoncé
653 2170 20 29 à
705 2181 70 19 nos
807 2166 178 40 lecteurs,
1018 2177 99 24 cette
1148 2171 127 39 exposi-

141 2228 81 32 tion
255 2235 55 24 est
343 2229 205 39 organisée
581 2242 89 19 sous
704 2229 52 33 les
790 2232 177 38 auspices
999 2230 50 33 du
1082 2244 191 27 gouverne-

143 2296 116 29 ment,
284 2288 44 34 de
352 2288 35 33 la
409 2291 186 39 province
620 2298 35 24 et
679 2289 45 34 de
747 2289 35 33 la
805 2289 98 35 ville.
928 2289 78 35 Elle
1029 2305 86 19 sera
1136 2299 160 26 ouverte

138 2347 52 35 du
224 2348 50 35 30
308 2349 94 35 avril
435 2364 51 20 au
520 2349 49 34 28
601 2352 86 41 juin
719 2350 203 43 prochain,
957 2351 96 34 dans
1085 2351 53 34 les
1169 2361 127 24 vastes

139 2410 111 34 salles
280 2410 49 34 du
359 2410 126 35 Palais
513 2411 66 35 des
609 2411 108 35 fêtes.

199 2496 50 34 Le
286 2511 253 28 programme
576 2497 47 34 de
660 2506 99 25 cette
810 2500 217 39 exposition
1064 2505 55 27 est
1173 2512 124 27 conçu

140 2557 95 34 dans
266 2573 50 19 un
347 2561 119 39 esprit
496 2559 76 33 fort
602 2559 117 41 large.

197 2643 50 34 Le
275 2646 161 31 visiteur
465 2658 145 28 pourra
639 2658 38 19 se
707 2644 137 33 rendre
875 2653 155 31 compte
1060 2643 160 34 d'abord
1251 2644 45 33 de

141 2704 290 34 larchitecture
458 2715 35 23 et
519 2705 45 33 de
589 2719 42 19 ce
656 2707 65 40 qui
745 2719 38 19 se
811 2714 184 32 rapporte
1017 2719 51 19 au
1093 2705 201 37 bâtiment,

139 2766 48 32 de
215 2769 125 30 même
369 2781 73 26 que
471 2766 46 33 de
544 2775 84 24 tout
656 2780 42 19 ce
727 2769 63 38 qui
818 2780 20 19 a
865 2768 89 31 trait
983 2780 48 19 au
1060 2766 236 33 relèvement

141 2827 46 34 de
214 2842 68 18 nos
307 2827 106 34 villes
440 2838 36 24 et
503 2832 20 28 à
550 2827 355 34 l'embellissement
933 2827 44 33 de
1003 2826 37 34 la
1065 2829 59 31 vie
1153 2827 144 38 rurale;

136 2889 153 34 ensuite
317 2889 23 35 il
367 2903 96 20 aura
491 2903 89 19 sous
608 2888 53 33 les
689 2902 99 27 yeux
817 2897 83 24 tout
929 2902 42 19 ce
999 2889 65 40 qui
1093 2888 203 33 contribue

141 2954 21 29 à
190 2949 344 35 l'ornementation
561 2950 47 33 de
637 2950 35 33 la
700 2951 162 36 maison,
890 2949 50 33 tel
968 2963 74 27 que
1070 2948 86 34 l'art
1182 2948 92 34 déco-

141 3011 101 39 ratif,
275 3011 33 35 le
338 3011 179 35 mobilier
545 3011 46 35 de
620 3011 87 34 luxe
736 3020 35 24 et
801 3009 212 39 ordinaire;
1044 3024 44 19 en
1121 3025 49 18 un
1201 3018 93 29 mot,

141 3081 84 26 tout
261 3087 42 20 ce
338 3076 65 40 qui
438 3082 56 25 est
529 3073 45 35 de
607 3081 138 25 nature
778 3075 21 30 à
834 3071 137 34 rendre
1006 3070 33 34 le
1074 3082 19 23 «
1126 3072 116 33 home
1276 3083 19 21 >

140 3134 181 41 agréable
354 3143 36 25 et
423 3133 256 35 confortable.

197 3218 61 35 On
284 3228 92 34 peut
402 3234 40 19 se
467 3232 191 29 procurer
684 3218 33 33 le
743 3216 489 44 programme-règlement
1260 3225 35 24 et

138 3288 87 26 tous
251 3289 131 26 autres
410 3282 334 40 renseignements
771 3279 112 35 utiles
910 3281 21 31 à
956 3277 339 35 l'administration

140 3342 193 42 générale,
364 3342 198 42 Coupure,
602 3341 54 38 15,
686 3344 21 30 à
733 3340 122 34 Gand.

1588 462 756 101 Bibliographie

1447 643 240 35 BULLETIN
1721 645 231 35 MENSUEL
1986 647 64 34 DE
2086 649 66 33 LA
2187 649 212 35 SOCIETE
2433 652 86 33 CEN-

1389 704 166 35 TRALE
1589 706 457 37 D'ARCHITECTURE.
2170 710 105 34 Dans
2311 712 34 34 le
2382 718 164 29 numéro

1389 765 46 34 de
1462 767 225 39 novembre,
1717 768 241 36 l'architecte
1985 770 43 34 G.
2058 771 256 43 Hebbelynck
2344 774 127 42 plaide
2500 790 46 19 en

1391 827 137 34 faveur
1563 828 116 35 d'une
1719 830 266 35 modification
2024 833 192 41 prudente
2255 835 50 33 du
2343 835 181 35 soubasse-

1389 898 106 24 ment
1518 889 66 34 des
1606 891 230 34 immeubles
1860 892 45 34 de
1929 893 34 33 la
1987 894 111 40 place
2121 895 146 41 Royale
2290 899 20 30 à
2334 896 208 35 Bruxelles.

1387 950 71 33 Les
1488 951 344 35 transformations
1861 968 51 27 qu
1930 955 24 33 il
1982 969 169 27 propose
2180 972 15 17 s
2213 958 190 40 inspirent
2433 958 46 33 de
2509 958 35 34 la

1387 1011 110 41 place
1524 1011 217 40 Vendôme,
1771 1017 21 30 à
1820 1015 117 38 Paris,
1968 1024 36 26 et
2031 1021 297 37 permettraient
2357 1019 8 33 l
2385 1019 137 42 adapta-

1386 1074 81 31 tion
1494 1073 65 33 des
1584 1075 229 33 immeubles
1837 1079 21 29 à
1884 1076 84 34 leur
1992 1078 233 35 destination
2254 1082 287 33 commerciale.

1386 1132 106 34 Nous
1520 1142 188 27 trouvons
1737 1136 95 34 dans
1861 1151 42 20 ce
1932 1141 126 31 même
2086 1145 164 29 numéro
2281 1141 52 33 les
2364 1142 179 34 résultats

1387 1195 50 33 du
1476 1210 193 20 concours
1705 1198 21 33 d
1745 1200 193 39 esquisses
1989 1214 74 27 que
2103 1216 97 18 nous
2253 1217 46 19 ne
2351 1218 179 27 pouvons

1386 1259 119 39 guère
1535 1265 161 26 trouver
1727 1261 131 31 réussi.
1891 1259 51 35 Le
1973 1265 165 30 numéro
2169 1263 46 34 de
2245 1263 208 35 décembre
2486 1280 38 19 re-

1386 1318 157 41 produit
1571 1321 220 32 in-extenso
1820 1320 33 35 le
1884 1331 161 32 rapport
2074 1322 50 34 du
2152 1327 91 38 jury
2271 1325 50 33 du
2350 1339 194 20 concours

1386 1393 102 28 pour
1511 1380 34 33 la
1572 1384 268 31 construction
1866 1382 46 34 de
1937 1385 170 32 maisons
2132 1388 200 31 ouvrières
2356 1390 21 29 à
2401 1387 118 34 Saven-

1383 1440 120 35 them.

1440 1501 109 35 Avec
1578 1517 44 20 ce
1649 1507 164 30 numéro
1842 1505 179 34 s'achève
2048 1506 35 34 la
2111 1507 240 42 publication
2381 1509 50 33 du
2459 1509 63 34 Bul-

1386 1562 91 35 letin
1513 1563 45 35 de
1591 1564 35 33 la
1660 1565 195 40 Centrale,
1895 1568 63 40 qui
1995 1567 82 33 fera
2126 1568 110 41 place
2286 1573 20 29 à
2341 1570 35 33 la
2427 1584 116 20 revue

1385 1635 19 23 €
1430 1625 268 34 L'Emulation
1725 1637 33 23 >.

1438 1733 19 22 <
1483 1722 64 33 DE
1571 1722 267 35 BOUWGIDS
1864 1736 32 22 >.
2003 1726 50 33 Le
2079 1731 166 29 numéro
2272 1726 144 40 d'août,
2446 1727 93 35 dont

1382 1797 97 19 nous
1503 1799 22 18 n
1544 1798 121 20 avons
1689 1799 68 27 pas
1784 1800 141 20 encore
1951 1786 121 34 rendu
2095 1797 167 32 compte,
2288 1803 98 19 nous
2411 1788 129 35 donne

1382 1860 75 19 une
1486 1846 114 33 étude
1626 1846 212 42 technique
1866 1862 66 18 sur
1959 1847 54 34 les
2039 1849 111 33 bains
2179 1849 150 42 publics
2359 1865 75 27 que
2462 1851 78 33 l'on

1383 1915 208 26 rencontre
1621 1907 95 34 dans
1745 1907 53 34 les
1828 1910 363 42 quartiers-jardins
2221 1910 227 35 hollandais.
2481 1912 60 33 Un

1383 1968 274 41 remarquable
1681 1970 135 33 article
1839 1969 46 35 de
1909 1970 102 34 Edw.
2039 1971 178 35 Léonard
2242 1987 65 19 sur
2330 1973 33 33 la
2388 1982 130 32 protec-

1378 2030 82 33 tion
1488 2029 66 34 des
1580 2032 90 32 sites
1703 2030 285 45 (Heemschut)
2024 2032 125 35 forme
2177 2034 34 33 la
2238 2034 208 34 substance
2474 2035 65 33 des

1378 2093 186 31 numéros
1586 2091 47 34 de
1655 2093 214 34 novembre
1891 2103 35 24 et
1947 2093 222 35 décembre.

1694 2236 553 81 Concours

1434 2380 294 35 MONUMENT
1761 2382 433 36 COMMEMORATIF.
2313 2387 203 33 L'adminis-

1379 2444 145 32 tration
1563 2443 249 36 communale
1850 2444 175 35 d'lxelles
2062 2460 133 24 ouvre»
2235 2450 20 30 à
2292 2447 34 34 la
2363 2448 87 34 date
2486 2449 51 33 du

1380 2503 19 33 3
1431 2505 155 41 janvier
1625 2504 112 39 1921,
1772 2514 110 26 entre
1913 2505 53 35 les
1998 2507 233 35 architectes
2263 2517 36 25 et
2331 2511 206 31 statuaires

1378 2564 143 43 belges,
1545 2580 52 19 un
1619 2580 194 21 concours
1833 2582 101 27 pour
1954 2567 271 35 l'élaboration
2248 2569 65 33 des
2335 2569 111 42 plans
2474 2585 6 18 :

1444 2627 31 33 1°
1507 2626 103 35 D'un
1642 2637 231 25 monument
1904 2630 318 35 commémoratif
2252 2645 46 20 en
2330 2631 208 34 l'honneur

1376 2687 67 34 des
1472 2688 145 34 soldats
1647 2688 132 43 belges
1810 2698 36 26 et
1877 2689 106 35 alliés
2015 2700 122 25 morts
2166 2705 101 28 pour
2298 2691 82 35 leur
2409 2695 125 39 patrie

1376 2757 37 26 et
1439 2749 181 34 inhumés
1650 2754 20 29 à
1700 2750 151 40 Ixelles;

1436 2810 39 34 2°
1510 2810 32 34 D
1562 2825 74 21 une
1664 2811 179 35 nouvelle
1870 2816 133 30 entrée
2031 2827 48 19 au
2108 2816 210 32 cimetière.

1435 2872 62 33 On
1534 2881 92 33 peut
1662 2887 39 19 se
1738 2888 190 27 procurer
1963 2874 66 34 des
2065 2874 258 42 exemplaires
2358 2875 51 34 du
2446 2889 65 27 pro-

1377 2947 177 28 gramme
1585 2943 36 25 et
1649 2933 50 35 du
1729 2935 89 41 plan
1849 2949 24 28 y
1901 2938 150 31 annexé
2081 2938 21 31 à
2133 2935 143 35 l'Hôtel
2308 2936 224 34 communal

1378 2994 187 40 d'lxelles,
1605 2997 148 32 service
1790 2995 66 35 des
1891 2995 182 35 Travaux
2111 2996 161 42 publics,
2320 2998 211 40 létage,

1376 3055 158 42 guichet
1561 3072 23 18 n
1588 3058 10 13 c
1629 3056 34 39 5,
1692 3056 54 34 les
1772 3059 109 40 jours
1911 3057 215 39 ouvrables,
2158 3056 45 35 de
2240 3058 42 33 10
2311 3061 21 30 à
2368 3057 39 34 15
2439 3058 69 33 heu-

1378 3130 70 24 res,
1477 3119 21 31 à
1526 3119 122 40 partir
1672 3117 51 35 du
1751 3117 19 33 3
1797 3120 154 39 janvier
1984 3118 110 34 1921.

1432 3249 258 35 COMMUNE
1719 3250 65 34 DE
1814 3250 324 34 SAVENTHEM.
2254 3251 278 34 CONCOURS

1376 3311 136 34 POUR
1561 3310 346 35 HABITATIONS
1954 3312 36 33 A
2038 3311 100 35 BON
2199 3312 229 35 MARCHE.

1375 3372 288 35 RESULTATS
1689 3372 70 35 DU
1785 3372 289 35 CONCOURS.
2182 3373 105 35 C'est
2316 3382 111 26 notre
2455 3374 57 34 col-

1375 3434 226 34 laborateur
1626 3434 29 42 J.
1686 3434 46 35 de
1760 3435 119 41 Ligne
1908 3437 66 40 qui
2002 3444 79 25 sort
2108 3437 220 40 vainqueur
2356 3434 46 35 de
2431 3443 99 26 cette

1375 3498 77 32 très
1482 3498 258 32 intéressante
1767 3498 121 40 joûte.
1919 3495 107 35 Nous
2055 3497 50 33 lui
2137 3497 205 34 adressons
2370 3498 47 33 ici
2446 3505 63 25 tou-
