3010 5227
1121 265 394 63 BRUNO'S
1569 264 415 65 WEEKLY

274 273 82 63 54

282 431 173 71 dren
457 433 235 68 —that
738 452 250 59 merry,
1036 428 230 81 happy
1310 424 298 82 dancing
1657 426 121 66 lot.
2203 429 110 58 He
2358 419 329 71 mounted
2736 416 117 68 the

278 518 263 69 sounds
592 516 153 68 that
794 536 194 48 came
1043 514 189 66 from
1285 512 118 67 the
1454 511 417 66 instrument
1920 507 174 68 back
2147 506 79 67 of
2296 512 123 60 the
2489 502 359 82 assembly,

281 604 154 68 that
467 602 186 83 huge
680 599 457 84 phonograph
1168 597 225 68 which
1425 597 137 66 had
1596 594 204 81 piped
1833 594 117 66 the
1982 592 309 66 children
2326 592 134 64 and
2497 592 115 66 the
2645 602 201 63 trees,

287 689 138 66 had
486 685 267 83 opened
816 683 118 70 the
994 683 177 68 buds
1234 682 83 68 of
1380 682 116 66 the
1559 680 273 66 flowers
1835 680 169 64 —he
2067 677 330 66 mounted
2462 677 186 64 them
2711 675 138 66 and

286 780 186 61 went
523 768 171 71 with
745 766 189 72 them
987 790 93 58 up
1131 765 176 69 back
1358 775 74 59 to
1485 763 116 70 the
1654 773 201 68 trees,
1913 763 169 66 rode
2133 761 188 66 them
2375 760 302 79 through
2731 760 117 67 the

286 855 250 79 leaves,
601 851 306 85 through
968 851 120 70 the
1153 848 338 69 branches
1556 846 232 69 where
1854 846 115 66 the
2037 866 345 60 sparrows
2443 844 139 66 and
2648 843 200 67 other

284 937 195 70 birds
545 934 345 85 squeaked
953 936 140 68 and
1156 932 373 82 squirmed.
1634 932 198 80 They
1893 953 184 44 were
2140 953 41 44 a
2245 929 174 66 little
2482 927 232 66 afraid
2778 937 73 55 at

279 1022 173 81 first,
502 1024 126 68 but
675 1022 166 68 then
889 1020 167 82 they
1104 1019 247 69 settled
1402 1019 208 68 down
1661 1015 467 80 comfortably
2184 1015 137 66 and
2372 1014 291 67 listened
2716 1012 135 68 and

279 1107 244 81 joined
560 1105 169 71 with
763 1105 183 68 their
982 1102 254 83 voices,
1271 1103 139 68 and
1444 1103 118 66 the
1596 1102 336 67 branches
1972 1100 275 78 swayed
2286 1098 67 66 in
2394 1098 115 66 the
2550 1097 296 79 rhythm,

286 1193 140 68 and
474 1191 120 68 the
641 1190 231 69 leaves
919 1188 173 70 took
1137 1210 97 59 up
1280 1188 122 66 the
1446 1186 125 80 air,
1620 1185 139 67 and
1810 1207 171 44 once
2032 1183 69 66 in
2155 1205 39 44 a
2243 1180 203 69 while
2496 1183 116 66 the
2661 1181 187 68 wind

281 1276 320 70 whistled
643 1276 141 66 and
828 1274 404 70 murmured
1278 1273 137 66 and
1457 1291 177 60 gave
1678 1269 54 66 it
1776 1290 110 61 up,
1932 1269 289 66 because
2267 1268 86 66 he
2399 1288 142 46 was
2589 1288 76 44 so
2716 1274 105 61 ter-

284 1357 180 83 ribly
504 1359 405 80 unmusical,
955 1359 137 66 and
1134 1359 92 66 he
1268 1356 151 81 just
1461 1354 313 69 listened.

367 1483 68 69 It
479 1505 145 47 was
670 1483 122 69 the
834 1479 392 73 Children's
1271 1479 210 70 Hour
1525 1500 93 49 on
1664 1476 467 81 Washington
2186 1474 280 80 Square.

369 1628 267 83 Sleepy,
692 1625 564 84 lazy—yawning
1310 1625 73 67 in
1437 1623 119 71 the
1612 1623 374 68 afternoon
2048 1645 146 58 sun,
2253 1623 110 80 lay
2419 1623 115 64 the
2590 1620 253 66 houses

281 1736 93 46 on
421 1716 117 66 the
584 1713 211 69 north
841 1711 149 69 side
1036 1713 81 66 of
1166 1711 117 68 the
1332 1709 285 82 Square,
1667 1709 199 66 those
1913 1708 403 66 aristocrats
2368 1728 253 56 among
2672 1704 172 66 New

284 1797 198 68 York
545 1792 559 73 mansions—the
1168 1796 303 67 shutters
1537 1794 262 78 drawn,
1864 1789 181 69 their
2113 1802 357 55 entrances
2538 1789 308 76 securely

287 1884 244 67 locked
589 1882 137 68 and
782 1882 183 68 their
1021 1901 272 49 owners
1352 1879 427 69 somewhere
1832 1899 91 46 on
1982 1877 115 66 the
2153 1877 212 64 beach
2424 1875 82 66 of
2565 1872 279 68 Florida

286 1989 84 49 or
428 1987 96 51 on
579 1967 120 67 the
753 1977 120 71 top
931 1962 83 71 of
1075 1987 193 46 some
1322 1962 381 69 mountain.
1803 1962 171 66 Like
2035 1982 189 46 some
2285 1972 278 66 strange
2624 1958 224 66 island

286 2048 84 73 of
424 2050 388 81 happiness,
870 2048 139 68 like
1061 2070 43 46 a
1159 2046 117 68 far
1327 2068 215 60 away,
1600 2046 164 80 only
1815 2043 442 69 dreamed-of
2314 2043 139 79 city
2504 2041 81 70 of
2641 2060 207 62 peace

287 2134 60 66 is
406 2134 410 68 Greenwich
870 2131 279 81 Village
1205 2131 73 68 in
1334 2131 198 68 these
1586 2129 310 82 glorious
1959 2128 399 79 September
2418 2128 167 77 days
2646 2126 202 66 while

289 2219 119 69 the
446 2239 200 61 grass
689 2217 61 70 is
790 2217 142 70 still
970 2239 213 61 green
1229 2217 139 66 and
1408 2217 121 66 the
1566 2214 230 69 leaves
1837 2214 81 68 of
1960 2216 117 64 the
2120 2224 181 56 trees
2345 2224 71 54 at
2458 2211 178 67 their
2677 2214 172 64 best.

365 2363 70 68 A
469 2363 140 69 few
643 2363 215 69 social
890 2361 310 68 workers
1234 2361 139 66 had
1405 2360 278 79 quickly
1713 2356 332 85 gathered
2084 2382 39 42 a
2157 2358 225 66 bunch
2419 2356 82 68 of
2538 2354 310 66 children

284 2471 91 48 on
416 2449 117 68 the
575 2448 266 81 Square
880 2446 137 69 and
1058 2446 71 68 in
1170 2446 116 66 the
1324 2443 459 82 neighboring
1821 2454 246 56 streets
2113 2444 132 65 and
2294 2443 323 64 marched
2661 2441 187 64 them

286 2554 93 58 up
424 2532 188 82 right
658 2553 168 45 near
872 2541 74 59 to
992 2531 118 67 the
1156 2529 185 79 arch,
1388 2529 174 66 back
1608 2529 83 68 of
1737 2529 118 66 the
1906 2525 337 77 fountain,
2296 2527 133 63 and
2478 2547 153 45 new
2680 2546 169 46 ones

284 2617 278 68 arrived
619 2637 210 58 every
883 2614 281 79 minute,
1227 2614 139 66 and
1422 2612 120 69 the
1596 2634 314 57 message
1969 2612 244 78 spread
2274 2612 149 62 that
2472 2612 198 59 there
2709 2629 142 45 was

286 2700 218 68 music
550 2722 91 46 on
689 2700 116 68 the
856 2698 266 80 Square
1173 2697 117 67 for
1337 2697 117 69 the
1500 2695 311 69 children
1857 2695 81 68 of
1989 2719 129 44 our
2165 2693 271 78 village.
2528 2691 318 68 Mothers

286 2785 215 67 heard
565 2785 81 66 of
712 2783 55 68 it
829 2785 137 66 and
1029 2781 303 81 brought
1395 2781 179 66 their
1642 2778 173 68 little
1879 2790 161 57 tots.
2147 2778 465 68 Governesses
2680 2776 166 66 with

282 2868 183 69 their
528 2869 289 78 charges
885 2868 278 66 arrived
1231 2868 133 64 and
1430 2876 73 56 at
1566 2866 154 64 first
1784 2864 249 66 looked
2101 2861 411 79 reluctantly
2577 2861 267 66 around

287 2954 137 64 and
487 2952 459 80 investigated
1010 2951 307 66 whether
1380 2949 54 66 it
1495 2951 230 66 would
1788 2951 83 64 be
1932 2949 188 78 quite
2177 2967 251 60 proper
2492 2947 117 64 for
2670 2945 179 66 their

286 3037 475 68 well-dressed
836 3057 171 49 ones
1078 3045 73 56 to
1224 3033 149 82 join
1447 3035 70 65 in
1593 3033 115 67 the
1783 3032 401 66 merriment
2257 3032 79 66 of
2412 3030 436 80 picturesque

287 3144 165 55 rags
509 3122 134 66 and
699 3122 296 77 healthy,
1051 3118 605 80 quickly-moving,
1715 3115 328 81 laughing
2104 3116 134 66 and
2296 3115 326 79 shouting
2677 3113 172 68 little

286 3206 260 66 bodies.
651 3208 63 63 It
773 3228 141 43 was
977 3205 186 77 quite
1222 3225 268 57 proper.
1598 3203 411 79 Everybody
2070 3223 141 44 was
2272 3201 244 78 happy.
2619 3199 229 66 There

286 3313 181 46 were
531 3289 330 78 marches,
926 3287 523 68 old-fashioned
1515 3287 295 82 waltzes,,
1874 3296 359 68 two-steps
2299 3287 134 63 and
2495 3296 351 66 one-steps

287 3376 136 64 and
484 3374 360 68 fox-trots.
946 3374 413 78 Everybody
1412 3394 139 42 was
1608 3370 259 66 invited
1928 3370 134 65 and
2120 3370 389 78 everybody
2565 3369 129 66 felt
2746 3367 69 66 in-

291 3457 205 78 vited,
575 3459 136 64 and
785 3479 230 57 grave,
1097 3479 255 51 serene,
1439 3455 399 66 Patrolman
1923 3452 310 67 Sullivan
2309 3453 307 66 couldn't
2690 3452 158 79 help

292 3541 261 82 feeling
596 3543 69 75 it,
714 3553 136 56 too.
939 3541 159 67 And
1149 3565 75 43 so
1273 3541 83 65 he
1403 3540 315 66 whistled
1767 3540 134 64 and
1950 3538 281 64 marked
2280 3538 165 64 time
2490 3536 166 68 with
2705 3538 143 78 legs

289 3628 134 62 and
475 3626 151 78 hips
672 3628 133 62 and
851 3626 220 64 hands
1119 3628 134 62 and
1300 3646 168 44 even
1517 3621 164 68 with
1727 3621 106 66 his
1879 3621 115 80 big
2037 3623 216 64 broad
2302 3623 383 66 shoulders.

372 3753 156 63 You
597 3750 247 67 should
909 3750 174 66 have
1148 3750 167 64 been
1383 3748 193 64 there
1642 3748 134 64 and
1845 3768 158 44 seen
2069 3746 157 66 how
2292 3745 295 79 people's
2658 3743 188 68 faces

289 3834 290 66 cheered
638 3858 107 56 up,
805 3834 158 66 how
1022 3834 413 80 passers-by.
1495 3833 337 79 hurrying
1889 3855 90 42 on
2040 3831 178 66 their
2279 3833 340 76 everyday
2678 3829 168 66 road

287 3919 82 68 of
418 3919 311 66 business
777 3919 135 64 had
963 3941 39 42 a
1048 3941 167 56 peep
1264 3929 71 54 at
1386 3919 192 64 these
1627 3916 586 66 children—these
2263 3916 241 79 happy,
2556 3914 293 80 dancing

289 4002 554 66 children—how
902 4000 176 66 their
1139 4002 190 66 faces
1386 4002 290 63 cheered
1730 4000 129 78 up!

375 4129 158 63 And
587 4127 161 65 then
799 4136 69 56 at
916 4136 162 56 4:30
1078 4126 137 64 —it
1263 4124 135 66 had
1451 4126 216 64 lasted
1722 4126 115 64 for
1886 4134 137 56 two
2072 4124 213 66 hours
2340 4124 132 64 and
2528 4144 39 43 a
2616 4121 235 66 half—

291 4210 113 66 the
448 4210 344 66 Diamond
838 4210 166 65 Disc
1044 4232 141 43 was
1227 4209 268 66 carried
1537 4209 169 66 back
1749 4221 71 54 to
1864 4209 113 64 the
2020 4209 206 64 Little
2269 4209 316 64 Thimble
2628 4207 179 64 Thea-

291 4307 122 61 tre,
472 4297 132 64 and
662 4319 206 54 many
919 4295 80 66 of
1059 4293 116 68 the
1231 4315 182 58 very,
1471 4317 168 56 very
1694 4295 172 64 little
1921 4315 165 44 ones
2145 4293 184 66 cried
2387 4293 134 65 and
2578 4292 271 66 wanted

294 4403 188 43 some
535 4402 191 42 more
775 4380 218 66 music
1043 4381 133 61 and
1227 4378 313 80 dancing.
1632 4380 159 61 And
1843 4378 116 64 the
2006 4378 232 64 crowd
2291 4398 140 44 was
2480 4388 122 53 not
2651 4376 200 76 quick

291 4475 71 55 at
404 4464 90 65 all
538 4461 68 66 in
650 4463 391 79 dispersing
1081 4464 134 65 and
1259 4463 210 79 going
1512 4463 208 66 about
1762 4459 180 68 their
1984 4461 332 68 business.
2404 4461 161 64 And
2616 4483 196 58 every-

289 4549 185 78 body
528 4549 127 63 felt
706 4549 115 64 the
873 4549 236 63 charm
1161 4547 80 66 of
1297 4547 113 65 the
1462 4547 114 65 old
1635 4546 263 78 Square
1950 4547 134 63 and
2136 4547 116 63 the
2306 4546 145 64 lure
2504 4546 78 64 of
2634 4546 214 78 youth

287 4634 137 66 and
482 4634 114 62 the
646 4629 549 83 all-equalizing,
1246 4629 484 81 rejuvenating
1779 4652 234 56 power
2064 4629 81 67 of
2197 4629 239 66 music.

374 4759 150 63 The
572 4757 405 66 Greenwich
1026 4756 272 81 Village
1347 4756 337 66 activities
1732 4756 83 66 of
1862 4756 137 66 Mr.
2048 4756 287 66 Charles
2384 4752 262 68 Edison
2694 4776 118 57 pro-

292 4844 158 64 vide
507 4866 38 42 a
604 4842 386 68 Children's
1046 4840 207 66 Hour
1308 4842 199 64 twice
1562 4861 39 44 a
1656 4839 193 67 week
1903 4861 90 45 on
2045 4839 466 79 Washington
2570 4839 281 79 Square,

292 4949 92 44 on
433 4925 445 80 Wednesday
926 4925 133 66 and
1114 4923 345 82 Saturday
1508 4922 373 69 afternoon
1938 4922 188 67 from
2174 4930 166 59 2:00
2385 4933 73 58 to
2506 4930 181 61 4:30.
