2217 3706
299 3595 52 35 R.
386 3595 56 35 M.

1889 3596 19 35 8

767 216 577 74 REVUE

56 437 562 89 D'HISTOIRE
666 435 119 86 ET
836 432 122 86 DE
1009 432 464 86 CRITIQUE
1514 432 552 89 MUSICALES

148 782 69 40 N°
251 780 32 42 3

995 775 137 42 Mars.

1881 778 107 42 1902

151 1288 109 42 Les
284 1304 20 21 «
341 1286 185 42 Hirmi
558 1302 21 21 »
611 1286 67 42 de
713 1286 228 52 Pâques
972 1284 145 42 dans
1145 1283 200 42 l'office
1376 1283 68 43 de
1472 1285 226 54 l'Eglise
1727 1298 264 42 grecque.

169 1439 77 35 Les
270 1439 145 36 chants
444 1438 81 35 dits
555 1437 144 36 Hirmi
727 1436 169 36 doivent
918 1437 86 35 être
1039 1437 186 46 comptés
1256 1435 134 47 parmi
1419 1437 60 35 les
1510 1437 92 47 plus
1632 1437 168 36 anciens
1830 1443 40 30 et
1901 1438 60 37 les
1990 1439 92 47 plus

71 1507 363 47 caractéristiques
473 1506 50 36 de
561 1506 41 35 la
641 1505 166 47 liturgie
845 1516 194 36 grecque,
1080 1504 119 37 Voici
1241 1504 173 37 d'abord
1454 1505 39 35 la
1529 1505 238 37 traduction
1801 1506 175 37 littérale
2009 1508 73 36 des

70 1576 165 47 paroles
264 1588 8 24 :

169 1682 181 35 Hirmus
372 1680 49 35 de
451 1681 41 34 la
517 1693 18 22 i
541 1686 29 17 TG
595 1680 74 35 ode
693 1691 11 24 :

170 1764 19 19 «
217 1748 143 48 [C'est]
384 1749 37 35 le
438 1748 97 48 jour
558 1747 103 36 delà
681 1747 276 36 résurrection
983 1758 7 25 :
1013 1759 153 35 soyons
1187 1753 258 41 rayonnants
1468 1747 49 36 de
1531 1748 98 47 joie,
1651 1751 22 33 ô
1689 1750 189 46 peuples!
1904 1751 116 48 [c'est
2032 1747 2 52 |
2049 1752 41 36 la

71 1819 142 46 Pâque
237 1818 53 36 du
315 1817 204 48 Seigneur
544 1816 99 48 [oui,
675 1816 114 47 c'est]
819 1816 41 35 la
888 1816 156 46 Pâque.
1080 1814 79 37 Car
1186 1816 35 35 le
1245 1815 263 37 Christ-Dieu
1536 1829 103 23 nous
1660 1829 24 24 a
1710 1818 77 35 fait
1813 1830 146 35 passer
1978 1821 50 35 de
2051 1821 40 35 la

71 1893 110 31 mort
202 1889 24 34 à
247 1887 41 37 la
308 1886 79 47 vie,
412 1886 49 36 de
480 1886 41 35 la
543 1891 106 30 terre
672 1897 52 24 au
746 1884 89 45 ciel,
861 1896 103 24 nous
986 1884 68 47 qui
1079 1884 201 36 chantons
1303 1884 177 48 l'hymne
1506 1885 50 36 de
1578 1885 189 40 victoire.
1802 1901 19 19 »

173 1995 178 35 Hirmus
374 1994 46 36 de
445 1994 44 35 la
509 2005 25 36 y
539 1999 12 15 G
572 1991 73 37 ode
670 2005 12 24 :

174 2079 19 18 «
223 2063 154 46 Venez,
402 2062 159 36 buvons
584 2072 53 24 un
666 2061 211 47 breuvage
903 2071 205 33 nouveau,
1140 2072 81 23 non
1253 2072 76 34 pas
1357 2060 62 47 [ce
1452 2061 226 49 breuvage]
1706 2063 390 37 miraculeusement

77 2132 102 37 sorti
202 2132 92 36 d'un
316 2131 148 36 rocher
483 2129 149 47 stérile,
650 2129 103 36 mais
779 2129 173 47 [buvons
972 2128 42 48 à]
1035 2129 40 35 la
1098 2140 144 24 source
1266 2128 49 36 de
1338 2128 296 38 l'immortalité
1660 2131 228 47 jaillissant
1910 2133 52 35 du
1981 2138 84 31 tom-

77 2203 107 34 beau
205 2201 54 35 du
279 2200 138 36 Christ
438 2200 102 35 dans
553 2199 133 47 lequel
710 2211 103 23 nous
835 2209 179 25 sommes
1033 2199 273 36 réconfortés.
1327 2213 18 18 »

182 2309 176 35 Hirmus
381 2306 49 36 de
452 2307 44 36 la
517 2319 24 35 4
545 2313 12 16 e
582 2306 74 36 ode
681 2318 11 25 ;

181 2391 19 19 «
231 2376 101 47 Que,
357 2376 177 47 préposé
557 2376 24 35 à
602 2376 40 35 la
668 2374 130 48 garde
828 2373 150 47 divine,
1002 2373 37 36 le
1060 2374 202 47 prophète
1286 2374 49 35 de
1363 2374 103 36 Dieu
1496 2375 204 37 Habacuc
1732 2388 42 25 se
1797 2376 139 37 tienne
1969 2380 24 33 à
2021 2391 75 23 nos

82 2447 116 36 côtés
220 2456 105 37 pour
346 2456 103 25 nous
471 2449 181 32 montrer
670 2444 137 46 l'ange
829 2442 331 49 resplendissant
1181 2442 51 36 de
1254 2442 168 37 lumière
1445 2449 41 30 et
1500 2445 194 46 répétant
1710 2444 119 38 d'une
1851 2446 92 36 voix
1964 2452 110 30 reten-

80 2515 178 36 tissante
283 2526 7 24 :
315 2513 274 49 Aujourd'hui
611 2513 38 36 le
672 2513 110 36 salut
805 2512 79 48 [est
905 2511 150 48 donné]
1080 2523 52 24 au
1153 2511 163 45 monde,
1337 2524 124 35 parce
1485 2524 79 36 que
1585 2513 36 36 le
1639 2513 134 36 Christ
1792 2520 64 30 est
1875 2516 223 36 ressuscité

83 2596 159 24 comme
261 2583 41 48 [il
325 2583 75 46 est]
421 2582 320 47 tout-puissant.
774 2596 16 18 »

184 2691 178 35 Hirmus
380 2689 50 35 de
455 2690 42 34 la
523 2701 18 34 5
546 2695 13 16 e
584 2688 72 36 ode
687 2699 11 24 :

186 2758 236 40 «.Veillons
445 2757 47 36 de
516 2757 134 47 grand
670 2756 128 36 matin
821 2761 54 40 et,
897 2768 51 24 au
970 2755 79 36 lieu
1071 2755 49 36 de
1141 2756 200 46 parfums,
1364 2756 151 36 offrons
1538 2757 180 48 l'hymne
1740 2758 50 37 de
1811 2759 41 37 la
1874 2761 178 47 louange
2075 2763 25 34 à

87 2833 118 31 notre
233 2827 162 47 maître,
430 2832 40 30 et
500 2838 100 24 nous
624 2836 170 26 verrons
823 2825 38 35 le
897 2824 148 45 Christ,
1081 2824 117 36 soleil
1226 2825 49 35 de
1302 2824 164 48 justice,
1491 2832 172 42 portant
1694 2829 25 34 à
1736 2833 94 31 tous
1856 2829 172 37 l'aurore
2052 2830 49 37 de

87 2897 42 36 la
149 2896 79 37 vie.
261 2911 19 19 »

190 3004 180 35 Hirmus
392 3003 50 35 de
467 3003 40 36 la
531 3001 26 36 6
558 3009 11 16 e
595 2999 72 38 ode
697 3013 11 25 :

190 3086 19 19 a
238 3073 61 35 Tu
319 3072 217 35 descendis
559 3071 104 36 dans
685 3071 61 34 les
768 3068 274 48 profondeurs
1065 3069 50 35 de
1136 3069 41 36 la
1202 3074 121 40 terre,
1362 3075 39 30 et
1422 3075 44 31 tu
1490 3070 135 37 brisas
1647 3072 58 35 les
1728 3084 172 25 verrous
1927 3076 175 35 éternels

90 3141 66 46 qui
174 3142 185 35 tenaient
382 3142 204 35 enfermés
619 3141 59 34 les
708 3139 167 46 captifs,
892 3140 23 33 ô
938 3138 151 45 Christ,
1112 3144 40 29 et
1176 3139 36 34 le
1234 3138 209 37 troisième
1470 3139 97 47 jour
1593 3146 44 30 tu
1666 3142 245 38 ressuscitas
1930 3144 55 35 du
2002 3149 78 31 tom-

87 3211 122 42 beau,
230 3222 161 24 comme
412 3210 131 48 Jonas
565 3210 73 35 des
656 3208 210 36 entrailles
890 3208 54 35 du
965 3213 182 30 monstre
1171 3208 144 35 marin.
1340 3222 19 19 »

191 3317 178 36 Hirmus
400 3318 49 34 de
474 3317 41 35 la
537 3327 22 36 7
564 3323 12 16 e
600 3316 73 36 ode
698 3326 10 24 :

195 3399 18 19 «
243 3385 112 36 Celui
387 3385 67 47 qui
482 3385 159 36 délivra
671 3385 60 35 les
754 3384 163 36 enfants
940 3383 49 35 de
1018 3382 40 35 la
1088 3382 208 36 fournaise
1330 3383 184 48 ardente,
1551 3385 160 37 devenu
1745 3387 178 46 homme,
1957 3387 147 36 souffre

95 3462 158 26 comme
275 3465 52 23 un
342 3455 157 42 mortel,
525 3460 39 30 et
582 3465 75 36 par
678 3465 46 24 sa
741 3452 248 41 souffrance,
1013 3453 116 33 revêt
1151 3462 44 24 ce
1216 3451 68 47 qui
1304 3458 64 29 est
1387 3453 147 35 mortel
1557 3454 50 35 de
1624 3455 39 35 la
1679 3456 148 34 beauté
1844 3456 48 34 de
1912 3455 169 36 l'immor-

95 3519 133 48 talité,
242 3521 69 45 lui,
343 3522 34 35 le
400 3524 86 34 seul
511 3521 107 37 Dieu
641 3522 185 45 glorieux
844 3526 40 30 et
905 3520 92 36 béni
1016 3519 50 35 de
1089 3530 75 24 nos
1188 3519 136 37 Pères.
1343 3535 19 17 »
