2217 3706
942 164 331 55 ESTHÉTIQUE

2108 222 0 0 119

103 294 52 22 un
178 282 336 47 renseignement
535 285 90 46 plus
647 283 205 48 précieux,
876 282 254 36 l'indication
1153 283 48 35 de
1224 283 39 35 la
1286 283 190 35 demeure
1492 283 224 46 paternelle
1738 283 49 34 de
1807 287 114 31 notre
1946 294 139 35 compo-

103 349 143 38 siteur.
272 350 60 37 En
352 352 109 46 effet,
488 354 36 34 le
547 354 153 45 porche
724 353 53 35 du
804 350 240 48 Béguinage
1065 363 40 23 se
1126 351 182 35 trouvait
1326 351 124 47 jadis,
1479 363 157 23 comme
1658 350 270 48 aujourd'hui,
1949 351 103 35 dans
2074 351 39 35 la

101 429 72 25 rue
197 417 49 36 de
268 419 223 38 Bruxelles.
514 421 34 35 Il
569 421 168 35 s'ensuit
759 432 77 34 que
853 421 40 34 la
910 419 158 35 maison
1094 421 23 33 â
1134 420 160 46 gauche
1315 419 48 37 de
1380 419 180 43 l'entrée,
1585 419 53 35 du
1662 422 84 33 cote
1769 419 48 35 de
1847 420 41 34 ta
1913 422 124 44 porte
2063 419 48 35 de

105 487 226 36 Bruxelles
336 518 8 16 ,
369 489 99 36 était
491 491 178 45 occupée
691 500 75 36 par
783 489 40 34 la
844 487 154 36 famille
1022 487 50 35 de
1093 499 80 24 van
1197 487 253 48 Ockeghem.

203 556 231 37 Termonde
456 570 50 23 ne
528 563 98 42 peut
649 556 188 48 négliger
858 557 92 45 plus
980 556 235 47 longtemps
1239 556 36 35 le
1307 557 190 36 souvenir
1520 557 51 35 du
1594 558 162 35 fameux
1777 557 145 35 maître
1947 556 48 35 de
2018 556 71 35 cha-

101 624 108 46 pelle
232 624 71 36 des
325 626 84 35 rois
432 626 48 35 de
503 626 168 36 France.
691 625 113 36 Dans
823 625 185 35 l'attente
1025 624 94 37 d'un
1141 630 239 31 monument
1401 626 122 46 digne
1540 625 50 38 de
1611 638 64 23 ses
1688 626 178 47 mérites,
1888 625 27 35 il
1933 624 180 37 faudrait

103 692 54 35 du
176 693 131 36 moins
330 694 179 48 signaler
531 706 76 24 aux
627 699 209 41 passants,
860 704 76 36 par
955 705 76 24 une
1053 692 241 49 inscription
1314 694 137 36 taillée
1475 695 101 34 dans
1597 694 36 35 le
1656 694 175 46 marbre,
1855 693 256 36 l'habitation

103 763 228 47 paternelle
354 763 48 35 de
425 763 184 45 l'artiste,
634 774 78 36 que
733 762 109 36 Fétis
867 762 159 47 appelle
1049 763 23 34 à
1090 763 80 35 bon
1191 762 107 36 droit
1318 777 18 19 «
1358 763 41 35 la
1420 763 164 35 lumière
1608 762 48 36 de
1671 762 92 36 l'art
1784 762 172 36 musical
1975 776 35 22 ».

1361 850 113 40 P.-F.
1505 862 50 26 DE
1586 850 322 37 MAESSCHALCK.

109 1161 309 55 Catalogue
441 1163 68 43 de
531 1164 54 42 la
606 1163 297 43 collection
927 1163 495 54 ethnographique
1441 1163 295 50 musicale,
1765 1164 32 42 à
1822 1164 286 51 Florence,

347 1238 221 43 section
590 1239 441 42 instrumentale

1057 1244 194 48 (Firenze,
1275 1251 167 41 typogr.
1467 1244 225 36 Salvadore
1712 1244 159 48 Landi).

204 1387 54 36 Ce
282 1388 234 47 catalogue,
541 1388 141 35 dressé
704 1400 74 35 par
799 1388 59 35 les
883 1388 113 35 soins
1019 1388 50 36 de
1093 1388 57 37 M.
1174 1388 49 37 A.
1246 1389 137 35 Kraus
1410 1388 76 45 fils,
1513 1388 223 46 comprend
1765 1388 91 48 1076
1883 1391 192 34 numéros
2103 1400 8 25 :

104 1454 100 37 Asie
240 1454 166 49 (Japon,
445 1456 144 43 Corée,
630 1456 140 43 Chine,
803 1457 179 46 Annam,
1020 1456 123 44 Siam,
1182 1457 114 46 Inde,
1334 1457 138 42 Perse,
1504 1456 153 36 Arabie
1692 1462 41 30 et
1763 1457 99 35 Asie
1893 1456 187 36 Mineure
2106 1469 6 24 :

112 1534 67 38 117
209 1524 223 48 numéros),
462 1524 211 36 Australie
706 1531 39 29 et
771 1525 216 47 Polynésie
1018 1532 56 42 (21
1106 1525 224 47 numéros),
1361 1525 168 46 Afrique
1559 1525 59 48 (42
1648 1524 221 49 numéros),
1892 1525 221 47 Amérique

107 1592 76 48 (26)
205 1597 40 30 et
268 1593 177 46 Europe.
467 1593 58 35 La
545 1594 232 45 collection,
802 1594 68 45 qui
895 1594 185 46 rappelle
1104 1595 35 34 le
1164 1595 140 34 musée
1327 1593 49 36 de
1394 1593 271 48 psychologie
1686 1593 194 47 générale
1898 1593 119 36 fondé
2039 1606 75 34 par

105 1660 292 46 Mantegazza,
419 1662 193 44 présente
634 1662 36 34 le
688 1663 92 44 plus
797 1663 101 34 haut
913 1661 150 36 intérêt
1081 1661 266 47 scientifique.
1366 1661 106 36 Chez
1490 1666 94 31 tous
1599 1662 59 34 les
1674 1663 183 45 peuples,
1874 1661 40 36 la
1930 1662 184 46 musique

105 1734 62 30 est
189 1739 78 24 une
289 1729 129 46 partie
442 1729 230 36 essentielle
696 1730 70 35 des
789 1729 180 47 grandes
990 1730 253 35 cérémonies
1266 1730 49 35 de
1337 1731 39 34 la
1397 1730 62 35 vie
1481 1729 206 47 publique.
1712 1730 137 35 Parmi
1877 1741 67 24 ces
1962 1730 131 35 instru-

103 1802 148 41 ments,
276 1809 104 23 nous
404 1809 49 23 en
480 1809 273 35 remarquons
783 1799 301 45 quelques-uns
1111 1798 67 46 qui
1208 1798 163 35 avaient
1393 1810 51 22 un
1471 1798 85 35 rôle
1579 1797 318 36 exclusivement
1919 1798 195 46 religieux

104 1871 40 29 et
162 1877 49 23 ne
230 1865 208 36 servaient
460 1866 148 46 qu'aux
629 1865 227 36 initiations
884 1877 6 24 :
912 1867 35 34 le
969 1866 315 48 kagura-sud\u
1306 1865 123 48 (sorte
1451 1866 48 35 de
1524 1880 18 19 «
1564 1865 321 36 tintinnabulum
1907 1877 162 24 sacrum
2093 1881 19 19 »

103 1934 71 35 des
187 1933 233 48 Japonais),
442 1934 42 35 la
505 1935 162 34 tromba
691 1946 123 23 sacra
839 1934 54 35 du
912 1934 160 45 Thibet,
1091 1934 37 35 le
1146 1935 394 35 tablat-el-mutcer
1556 1933 239 49 (cymbales)
1814 1933 71 35 des
1901 1933 211 36 derviches

102 2002 206 45 d'Arabie,
336 2007 96 41 etc.,
463 2007 79 31 etc.
573 2002 66 35 Un
659 2003 72 34 des
755 2002 221 36 adhérents
1001 2002 48 35 de
1072 2007 106 31 cette
1203 2002 156 46 Revue,
1385 2002 58 36 M.
1469 2002 153 47 Hamy,
1646 2002 211 35 l'éminent
1876 2002 238 46 professeur

102 2070 381 47 d'Anthropologie,
517 2071 184 35 membre
734 2071 48 35 de
810 2070 212 45 l'lnstitut,
1049 2082 102 24 nous
1185 2070 122 36 disait
1331 2072 253 34 récemment
1608 2081 7 24 :
1648 2084 17 19 a
1697 2082 50 23 on
1775 2070 185 47 pourrait
1989 2082 125 34 poser

100 2138 189 36 l'axiome
319 2139 163 35 suivant
505 2150 8 24 :
541 2139 169 35 dis-moi
738 2140 49 34 de
817 2140 91 45 quel
936 2139 247 35 instrument
1204 2145 44 29 tu
1273 2139 137 47 joues,
1434 2144 42 30 et
1497 2138 41 47 je
1561 2144 39 30 te
1626 2138 125 36 dirais
1772 2138 69 47 qui
1863 2143 41 30 tu
1928 2150 40 23 es
1993 2152 33 22 ».
2052 2138 59 35 En

103 2207 110 46 effet,
237 2207 198 35 l'examen
458 2207 71 35 des
552 2207 266 35 instruments
842 2207 212 48 employés
1075 2219 77 35 par
1172 2207 56 35 tel
1246 2208 147 46 peuple
1413 2212 158 41 permet
1590 2206 49 36 de
1663 2206 84 36 dire
1768 2208 24 33 à
1813 2207 132 46 quelle
1967 2218 95 24 race
2085 2206 27 35 il

102 2275 251 46 appartient,
446 2287 52 23 ou
517 2275 155 47 quelles
695 2275 301 46 immigrations
1016 2281 72 30 ont
1105 2277 184 35 traversé
1307 2287 73 24 son
1401 2287 119 36 pays.
1541 2275 131 45 Enfin,
1690 2274 217 47 puisqu'on
1923 2275 189 35 recueille

103 2343 272 47 aujourd'hui,
402 2345 23 34 à
446 2343 123 36 l'aide
589 2343 54 37 du
664 2344 315 47 phonographe,
1003 2344 59 35 les
1083 2344 80 35 airs
1186 2343 225 47 exotiques,
1434 2355 51 24 on
1504 2355 49 24 ne
1571 2343 126 36 serait
1716 2355 75 35 pas
1807 2343 119 35 fâché
1946 2343 50 35 de
2014 2354 75 36 pou-

101 2410 90 36 voir
212 2411 60 35 les
293 2411 211 45 entendre,
528 2413 23 33 à
573 2410 238 47 l'occasion,
837 2423 68 24 sur
925 2412 60 35 les
1007 2411 269 36 instruments
1300 2411 305 46 authentiques.

203 2479 115 35 Nous
341 2491 127 24 avons
493 2480 125 46 aussi,
643 2491 51 24 au
712 2481 139 34 musée
863 2480 56 35 du
935 2479 313 36 Conservatoire
1265 2480 48 35 de
1330 2479 129 45 Paris,
1480 2491 75 24 une
1575 2479 216 35 collection
1809 2478 303 36 d'instruments

103 2546 275 49 (européens).
405 2547 260 36 Puisse-t-on
689 2560 47 23 en
761 2548 161 35 dresser
940 2548 155 35 bientôt
1113 2548 36 35 le
1172 2547 241 48 catalogue!

321 2890 108 42 Les
470 2889 347 54 principaux
853 2891 289 52 systèmes
1182 2889 376 53 d'esthétique
1599 2888 292 44 musicale.

612 2965 97 42 IV.
745 2966 108 41 Les
883 2965 157 42 idées
1071 2966 68 41 de
1173 2966 75 41 M.
1284 2965 99 42 Th.
1419 2965 184 42 Ribot.

185 3460 47 37 (i)
254 3461 45 27 Ce
324 3464 89 31 point
440 3465 38 24 de
505 3472 61 18 vue
590 3472 19 18 a
633 3463 51 27 été
712 3466 82 24 celui
821 3464 72 26 d'un
917 3466 99 31 grand
1046 3466 128 24 nombre
1204 3465 38 24 de
1268 3465 138 25 savants.
1435 3462 81 26 Sans
1539 3464 123 25 vouloir
1685 3464 78 24 faire
1792 3469 59 17 une
1880 3461 232 31 bibliographie

112 3504 160 34 complète
290 3507 37 23 de
346 3507 32 25 la
395 3508 148 31 question
565 3509 30 24 et
614 3516 78 24 pour
713 3507 79 26 m'en
811 3509 83 25 tenir
914 3516 39 18 au
971 3515 51 18 xix
1026 3512 9 12 e
1055 3507 107 33 siècle,
1180 3505 205 35 j'indiquerai
1407 3514 119 18 comme
1552 3514 129 18 sources
1700 3506 193 33 principales
1913 3503 18 26 à
1949 3504 163 24 consulter

205 3116 58 35 M.
289 3116 73 35 Th.
391 3115 129 36 Ribot
542 3121 98 30 veut
662 3121 182 30 montrer
866 3127 78 35 que
973 3116 38 35 la
1034 3115 201 46 musique,
1259 3115 274 47 précisément
1555 3126 123 35 parce
1707 3126 78 35 que
1811 3115 101 35 c'est
1938 3113 91 36 l'art
2046 3114 65 46 qui

110 3196 98 22 nous
233 3185 136 33 émeut
391 3185 36 33 le
453 3185 105 45 plus,
583 3184 161 46 dépend
766 3184 49 36 de
840 3185 41 35 la
908 3184 122 43 façon
1052 3184 37 35 la
1110 3184 91 46 plus
1223 3184 146 35 étroite
1395 3184 71 34 des
1498 3182 231 37 conditions
1756 3183 355 47 physiologiques.

110 3251 31 35 Il
164 3252 122 35 laisse
308 3252 50 35 de
381 3254 91 34 côté
496 3258 140 30 toutes
659 3253 59 35 les
742 3252 289 36 dissertations
1054 3264 68 24 sur
1145 3267 17 18 «
1192 3253 42 34 la
1263 3251 227 37 révélation
1518 3251 51 35 de
1597 3251 138 35 l'infini
1764 3265 19 18 »
1817 3250 146 47 qu'elle
1990 3261 121 36 passe

110 3331 103 34 pour
235 3331 103 25 nous
368 3321 168 45 donner,
562 3326 41 30 et
625 3321 80 35 s'en
730 3321 104 35 tient
858 3333 49 23 au
926 3321 87 35 seul
1040 3325 141 41 aspect
1205 3320 201 47 physique
1429 3320 49 35 de
1503 3331 73 24 son
1601 3319 137 36 action
1761 3318 72 49 (i).
