<?xml version="1.0" encoding="UTF-8"?>
<alto xmlns:xsi="http://www.w3.org/2001/XMLSchema-instance" xmlns="http://www.loc.gov/standards/alto/ns-v2#" xsi:schemaLocation="http://www.loc.gov/standards/alto/ns-v2# http://www.loc.gov/standards/alto/alto-v2.0.xsd" xmlns:xlink="http://www.w3.org/1999/xlink">
	<Description>
		<MeasurementUnit>mm10</MeasurementUnit>
		<sourceImageInformation>
			<fileName>//fileserver7/IN2-2/Princeton/bmtnabj/1902/03_01/00000151.tif</fileName>
		</sourceImageInformation>
		<OCRProcessing ID="OCRPROCESSING_1">
			<preProcessingStep>
				<processingSoftware>
					<softwareCreator>CCS Content Conversion Specialists GmbH, Germany</softwareCreator>
					<softwareName>CCS docWorks</softwareName>
					<softwareVersion>6.7-1.20</softwareVersion>
				</processingSoftware>
			</preProcessingStep>
			<ocrProcessingStep>
				<processingSoftware>
					<softwareCreator>ABBYY (BIT Software), Russia</softwareCreator>
					<softwareName>FineReader</softwareName>
					<softwareVersion>10.0</softwareVersion>
				</processingSoftware>
			</ocrProcessingStep>
		</OCRProcessing>
		<OCRProcessing ID="OCRPROCESSING_2">
			<preProcessingStep>
				<processingSoftware>
					<softwareCreator>CCS Content Conversion Specialists GmbH, Germany</softwareCreator>
					<softwareName>CCS docWorks</softwareName>
					<softwareVersion>6.7-1.20</softwareVersion>
				</processingSoftware>
			</preProcessingStep>
			<ocrProcessingStep>
				<processingSoftware>
					<softwareCreator>ABBYY (BIT Software), Russia</softwareCreator>
					<softwareName>NA</softwareName>
				</processingSoftware>
			</ocrProcessingStep>
		</OCRProcessing>
	</Description>
	<Styles>
		<TextStyle ID="TXT_0" FONTSIZE="13" FONTFAMILY="Times New Roman"/>
		<TextStyle ID="TXT_1" FONTSIZE="14" FONTFAMILY="Times New Roman"/>
		<TextStyle ID="TXT_2" FONTSIZE="18" FONTFAMILY="Times New Roman" FONTSTYLE="bold"/>
		<TextStyle ID="TXT_3" FONTSIZE="14" FONTFAMILY="Times New Roman" FONTSTYLE="italics"/>
		<TextStyle ID="TXT_4" FONTSIZE="12" FONTFAMILY="Times New Roman" FONTSTYLE="bold"/>
		<TextStyle ID="TXT_5" FONTSIZE="15" FONTFAMILY="Times New Roman"/>
		<TextStyle ID="TXT_6" FONTSIZE="10" FONTFAMILY="Times New Roman"/>
		<ParagraphStyle ID="PAR_CENTER" ALIGN="Center"/>
		<ParagraphStyle ID="PAR_RIGHT" ALIGN="Right"/>
		<ParagraphStyle ID="PAR_BLOCK" ALIGN="Block"/>
		<ParagraphStyle ID="PAR_LEFT" ALIGN="Left"/>
	</Styles>
	<Layout>
		<Page ID="P35" PHYSICAL_IMG_NR="35" HEIGHT="3706" WIDTH="2217" PRINTED_IMG_NR="131" PC="0.918">
			<TopMargin ID="P35_TM00001" HPOS="0" VPOS="0" WIDTH="2217" HEIGHT="228">
				<TextBlock ID="P35_TB00001" HPOS="763" VPOS="177" WIDTH="721" HEIGHT="45" STYLEREFS="TXT_0 PAR_CENTER">
					<TextLine ID="P35_TL00001" HPOS="764" VPOS="177" WIDTH="720" HEIGHT="45">
						<String ID="P35_ST00001" HPOS="764" VPOS="178" WIDTH="236" HEIGHT="44" CONTENT="MUSIQUE" WC="0.98" CC="5600765"/>
						<SP ID="P35_SP00001" HPOS="1000" VPOS="222" WIDTH="33"/>
						<String ID="P35_ST00002" HPOS="1033" VPOS="177" WIDTH="451" HEIGHT="33" CONTENT="CONTEMPORAINE" WC="0.99" CC="0040105265160"/>
					</TextLine>
				</TextBlock>
				<TextBlock ID="P35_TB00002" HPOS="2035" VPOS="187" WIDTH="75" HEIGHT="38" STYLEREFS="TXT_1 PAR_RIGHT">
					<TextLine ID="P35_TL00002" HPOS="2036" VPOS="187" WIDTH="74" HEIGHT="38">
						<String ID="P35_ST00003" HPOS="2036" VPOS="187" WIDTH="74" HEIGHT="38" CONTENT="131" WC="0.23" CC="867"/>
					</TextLine>
				</TextBlock>
			</TopMargin>
			<LeftMargin ID="P35_LM00001" HPOS="0" VPOS="228" WIDTH="102" HEIGHT="3356"/>
			<RightMargin ID="P35_RM00001" HPOS="2115" VPOS="228" WIDTH="102" HEIGHT="3356"/>
			<BottomMargin ID="P35_BM00001" HPOS="0" VPOS="3584" WIDTH="2217" HEIGHT="122"/>
			<PrintSpace ID="P35_PS00001" HPOS="102" VPOS="228" WIDTH="2013" HEIGHT="3356">
				<TextBlock ID="P35_TB00003" HPOS="116" VPOS="295" WIDTH="1999" HEIGHT="946" STYLEREFS="TXT_1 PAR_BLOCK">
					<TextLine ID="P35_TL00003" HPOS="235" VPOS="295" WIDTH="1880" HEIGHT="53">
						<String ID="P35_ST00004" HPOS="235" VPOS="297" WIDTH="166" HEIGHT="50" CONTENT="École" WC="0.98" CC="70006" STYLEREFS="TXT_2"/>
						<SP ID="P35_SP00002" HPOS="401" VPOS="347" WIDTH="64"/>
						<String ID="P35_ST00005" HPOS="465" VPOS="305" WIDTH="101" HEIGHT="42" CONTENT="des" WC="0.98" CC="400" STYLEREFS="TXT_2"/>
						<SP ID="P35_SP00003" HPOS="566" VPOS="347" WIDTH="51"/>
						<String ID="P35_ST00006" HPOS="617" VPOS="306" WIDTH="220" HEIGHT="42" CONTENT="Hautes" WC="0.99" CC="046300" STYLEREFS="TXT_2"/>
						<SP ID="P35_SP00004" HPOS="837" VPOS="348" WIDTH="48"/>
						<String ID="P35_ST00007" HPOS="885" VPOS="295" WIDTH="213" HEIGHT="49" CONTENT="Études" WC="0.98" CC="409100" STYLEREFS="TXT_2"/>
						<SP ID="P35_SP00005" HPOS="1098" VPOS="348" WIDTH="43"/>
						<String ID="P35_ST00008" HPOS="1141" VPOS="303" WIDTH="257" HEIGHT="41" CONTENT="sociales." WC="1.00" CC="000214000" STYLEREFS="TXT_2"/>
						<SP ID="P35_SP00006" HPOS="1398" VPOS="348" WIDTH="138"/>
						<String ID="P35_ST00009" HPOS="1536" VPOS="309" WIDTH="134" HEIGHT="37" CONTENT="Grâce" WC="0.99" CC="16000"/>
						<SP ID="P35_SP00007" HPOS="1670" VPOS="348" WIDTH="38"/>
						<String ID="P35_ST00010" HPOS="1708" VPOS="313" WIDTH="24" HEIGHT="34" CONTENT="à" WC="0.47" CC="5"/>
						<SP ID="P35_SP00008" HPOS="1732" VPOS="348" WIDTH="36"/>
						<String ID="P35_ST00011" HPOS="1768" VPOS="311" WIDTH="39" HEIGHT="36" CONTENT="la" WC="1.00" CC="00"/>
						<SP ID="P35_SP00009" HPOS="1807" VPOS="348" WIDTH="30"/>
						<String ID="P35_ST00012" HPOS="1837" VPOS="311" WIDTH="199" HEIGHT="36" CONTENT="direction" WC="1.00" CC="030000106"/>
						<SP ID="P35_SP00010" HPOS="2036" VPOS="348" WIDTH="30"/>
						<String ID="P35_ST00013" HPOS="2066" VPOS="311" WIDTH="49" HEIGHT="36" CONTENT="de" WC="0.77" CC="40"/>
					</TextLine>
					<TextLine ID="P35_TL00004" HPOS="122" VPOS="377" WIDTH="1993" HEIGHT="49">
						<String ID="P35_ST00014" HPOS="122" VPOS="378" WIDTH="59" HEIGHT="36" CONTENT="M." WC="1.00" CC="00"/>
						<SP ID="P35_SP00011" HPOS="181" VPOS="414" WIDTH="23"/>
						<String ID="P35_ST00015" HPOS="204" VPOS="379" WIDTH="143" HEIGHT="36" CONTENT="Alfred" WC="0.99" CC="104000"/>
						<SP ID="P35_SP00012" HPOS="347" VPOS="415" WIDTH="34"/>
						<String ID="P35_ST00016" HPOS="381" VPOS="379" WIDTH="177" HEIGHT="45" CONTENT="Croiset," WC="0.85" CC="00300034"/>
						<SP ID="P35_SP00013" HPOS="558" VPOS="424" WIDTH="33"/>
						<String ID="P35_ST00017" HPOS="591" VPOS="380" WIDTH="179" HEIGHT="35" CONTENT="membre" WC="1.00" CC="000000"/>
						<SP ID="P35_SP00014" HPOS="770" VPOS="424" WIDTH="35"/>
						<String ID="P35_ST00018" HPOS="805" VPOS="379" WIDTH="49" HEIGHT="35" CONTENT="de" WC="0.83" CC="03"/>
						<SP ID="P35_SP00015" HPOS="854" VPOS="424" WIDTH="33"/>
						<String ID="P35_ST00019" HPOS="887" VPOS="378" WIDTH="207" HEIGHT="45" CONTENT="l'lnstitut," WC="0.99" CC="22010103434"/>
						<SP ID="P35_SP00016" HPOS="1094" VPOS="424" WIDTH="25"/>
						<String ID="P35_ST00020" HPOS="1119" VPOS="378" WIDTH="133" HEIGHT="47" CONTENT="doyen" WC="0.99" CC="02006"/>
						<SP ID="P35_SP00017" HPOS="1252" VPOS="425" WIDTH="23"/>
						<String ID="P35_ST00021" HPOS="1275" VPOS="377" WIDTH="49" HEIGHT="36" CONTENT="de" WC="1.00" CC="00"/>
						<SP ID="P35_SP00018" HPOS="1324" VPOS="425" WIDTH="22"/>
						<String ID="P35_ST00022" HPOS="1346" VPOS="378" WIDTH="41" HEIGHT="35" CONTENT="la" WC="1.00" CC="00"/>
						<SP ID="P35_SP00019" HPOS="1387" VPOS="425" WIDTH="28"/>
						<String ID="P35_ST00023" HPOS="1415" VPOS="378" WIDTH="170" HEIGHT="36" CONTENT="Faculté" WC="0.99" CC="0606000"/>
						<SP ID="P35_SP00020" HPOS="1585" VPOS="425" WIDTH="29"/>
						<String ID="P35_ST00024" HPOS="1614" VPOS="379" WIDTH="70" HEIGHT="35" CONTENT="des" WC="0.99" CC="010"/>
						<SP ID="P35_SP00021" HPOS="1684" VPOS="425" WIDTH="30"/>
						<String ID="P35_ST00025" HPOS="1714" VPOS="379" WIDTH="174" HEIGHT="47" CONTENT="Lettres," WC="0.99" CC="30005003"/>
						<SP ID="P35_SP00022" HPOS="1888" VPOS="426" WIDTH="25"/>
						<String ID="P35_ST00026" HPOS="1913" VPOS="381" WIDTH="123" HEIGHT="45" CONTENT="grâce" WC="0.99" CC="00400"/>
						<SP ID="P35_SP00023" HPOS="2036" VPOS="426" WIDTH="29"/>
						<String ID="P35_ST00027" HPOS="2065" VPOS="391" WIDTH="50" HEIGHT="23" CONTENT="au" WC="1.00" CC="00"/>
					</TextLine>
					<TextLine ID="P35_TL00005" HPOS="122" VPOS="445" WIDTH="1993" HEIGHT="47">
						<String ID="P35_ST00028" HPOS="122" VPOS="458" WIDTH="204" HEIGHT="25" CONTENT="concours" WC="0.99" CC="21305650"/>
						<SP ID="P35_SP00024" HPOS="326" VPOS="483" WIDTH="22"/>
						<String ID="P35_ST00029" HPOS="348" VPOS="448" WIDTH="345" HEIGHT="35" CONTENT="d'universitaires" WC="1.00" CC="0400000500000420"/>
						<SP ID="P35_SP00025" HPOS="693" VPOS="483" WIDTH="23"/>
						<String ID="P35_ST00030" HPOS="716" VPOS="452" WIDTH="39" HEIGHT="30" CONTENT="et" WC="1.00" CC="00"/>
						<SP ID="P35_SP00026" HPOS="755" VPOS="483" WIDTH="21"/>
						<String ID="P35_ST00031" HPOS="776" VPOS="447" WIDTH="49" HEIGHT="35" CONTENT="de" WC="1.00" CC="00"/>
						<SP ID="P35_SP00027" HPOS="825" VPOS="483" WIDTH="24"/>
						<String ID="P35_ST00032" HPOS="849" VPOS="445" WIDTH="254" HEIGHT="47" CONTENT="spécialistes" WC="1.00" CC="000001100501"/>
						<SP ID="P35_SP00028" HPOS="1103" VPOS="492" WIDTH="25"/>
						<String ID="P35_ST00033" HPOS="1128" VPOS="445" WIDTH="212" HEIGHT="47" CONTENT="éminents," WC="0.87" CC="003010014"/>
						<SP ID="P35_SP00029" HPOS="1340" VPOS="492" WIDTH="26"/>
						<String ID="P35_ST00034" HPOS="1366" VPOS="452" WIDTH="39" HEIGHT="29" CONTENT="et" WC="0.83" CC="30"/>
						<SP ID="P35_SP00030" HPOS="1405" VPOS="492" WIDTH="23"/>
						<String ID="P35_ST00035" HPOS="1428" VPOS="458" WIDTH="53" HEIGHT="24" CONTENT="au" WC="0.70" CC="05"/>
						<SP ID="P35_SP00031" HPOS="1481" VPOS="492" WIDTH="28"/>
						<String ID="P35_ST00036" HPOS="1509" VPOS="447" WIDTH="270" HEIGHT="36" CONTENT="dévouement" WC="1.00" CC="0003000020"/>
						<SP ID="P35_SP00032" HPOS="1779" VPOS="492" WIDTH="28"/>
						<String ID="P35_ST00037" HPOS="1807" VPOS="448" WIDTH="48" HEIGHT="35" CONTENT="de" WC="1.00" CC="00"/>
						<SP ID="P35_SP00033" HPOS="1855" VPOS="492" WIDTH="27"/>
						<String ID="P35_ST00038" HPOS="1882" VPOS="448" WIDTH="43" HEIGHT="34" CONTENT="M" WC="1.00" CC="0"/>
						<String ID="P35_ST00039" HPOS="1931" VPOS="447" WIDTH="39" HEIGHT="23" CONTENT="lle" STYLE="superscript" WC="0.35" CC="774"/>
						<SP ID="P35_SP00034" HPOS="1970" VPOS="492" WIDTH="24"/>
						<String ID="P35_ST00040" HPOS="1994" VPOS="449" WIDTH="121" HEIGHT="34" CONTENT="Dick-" WC="0.89" CC="03001"/>
					</TextLine>
					<TextLine ID="P35_TL00006" HPOS="122" VPOS="505" WIDTH="1993" HEIGHT="59">
						<String ID="P35_ST00041" HPOS="122" VPOS="515" WIDTH="113" HEIGHT="47" CONTENT="May," WC="0.89" CC="0004"/>
						<SP ID="P35_SP00035" HPOS="235" VPOS="562" WIDTH="24"/>
						<String ID="P35_ST00042" HPOS="259" VPOS="505" WIDTH="152" HEIGHT="46" CONTENT="l'École" WC="0.98" CC="0480440"/>
						<SP ID="P35_SP00036" HPOS="411" VPOS="562" WIDTH="23"/>
						<String ID="P35_ST00043" HPOS="434" VPOS="517" WIDTH="72" HEIGHT="35" CONTENT="des" WC="1.00" CC="000"/>
						<SP ID="P35_SP00037" HPOS="506" VPOS="562" WIDTH="28"/>
						<String ID="P35_ST00044" HPOS="534" VPOS="517" WIDTH="161" HEIGHT="34" CONTENT="Hautes" WC="0.98" CC="636620"/>
						<SP ID="P35_SP00038" HPOS="695" VPOS="562" WIDTH="27"/>
						<String ID="P35_ST00045" HPOS="722" VPOS="505" WIDTH="153" HEIGHT="45" CONTENT="Études" WC="0.99" CC="305002"/>
						<SP ID="P35_SP00039" HPOS="875" VPOS="562" WIDTH="37"/>
						<String ID="P35_ST00046" HPOS="912" VPOS="514" WIDTH="176" HEIGHT="36" CONTENT="sociales" WC="0.99" CC="05030301"/>
						<SP ID="P35_SP00040" HPOS="1088" VPOS="562" WIDTH="31"/>
						<String ID="P35_ST00047" HPOS="1119" VPOS="520" WIDTH="61" HEIGHT="30" CONTENT="est" WC="1.00" CC="000"/>
						<SP ID="P35_SP00041" HPOS="1180" VPOS="562" WIDTH="31"/>
						<String ID="P35_ST00048" HPOS="1211" VPOS="526" WIDTH="49" HEIGHT="24" CONTENT="en" WC="1.00" CC="00"/>
						<SP ID="P35_SP00042" HPOS="1260" VPOS="562" WIDTH="29"/>
						<String ID="P35_ST00049" HPOS="1289" VPOS="514" WIDTH="134" HEIGHT="47" CONTENT="pleine" WC="0.99" CC="050310"/>
						<SP ID="P35_SP00043" HPOS="1423" VPOS="562" WIDTH="30"/>
						<String ID="P35_ST00050" HPOS="1453" VPOS="515" WIDTH="242" HEIGHT="47" CONTENT="prospérité." WC="1.00" CC="04010501043"/>
						<SP ID="P35_SP00044" HPOS="1695" VPOS="562" WIDTH="25"/>
						<String ID="P35_ST00051" HPOS="1720" VPOS="517" WIDTH="81" HEIGHT="34" CONTENT="Elle" WC="0.98" CC="0420"/>
						<SP ID="P35_SP00045" HPOS="1801" VPOS="562" WIDTH="24"/>
						<String ID="P35_ST00052" HPOS="1825" VPOS="529" WIDTH="23" HEIGHT="22" CONTENT="a" WC="1.00" CC="0"/>
						<SP ID="P35_SP00046" HPOS="1848" VPOS="562" WIDTH="21"/>
						<String ID="P35_ST00053" HPOS="1869" VPOS="517" WIDTH="94" HEIGHT="47" CONTENT="déjà" WC="0.98" CC="0027"/>
						<SP ID="P35_SP00047" HPOS="1963" VPOS="564" WIDTH="22"/>
						<String ID="P35_ST00054" HPOS="1985" VPOS="517" WIDTH="130" HEIGHT="34" CONTENT="donné" WC="1.00" CC="02000"/>
					</TextLine>
					<TextLine ID="P35_TL00007" HPOS="120" VPOS="582" WIDTH="1994" HEIGHT="50">
						<String ID="P35_ST00055" HPOS="120" VPOS="582" WIDTH="77" HEIGHT="49" CONTENT="(16," WC="0.48" CC="5644"/>
						<SP ID="P35_SP00048" HPOS="197" VPOS="631" WIDTH="17"/>
						<String ID="P35_ST00056" HPOS="214" VPOS="595" WIDTH="71" HEIGHT="24" CONTENT="rue" WC="0.96" CC="460"/>
						<SP ID="P35_SP00049" HPOS="285" VPOS="631" WIDTH="23"/>
						<String ID="P35_ST00057" HPOS="308" VPOS="584" WIDTH="49" HEIGHT="35" CONTENT="de" WC="1.00" CC="00"/>
						<SP ID="P35_SP00050" HPOS="357" VPOS="631" WIDTH="19"/>
						<String ID="P35_ST00058" HPOS="376" VPOS="585" WIDTH="40" HEIGHT="34" CONTENT="la" WC="0.81" CC="30"/>
						<SP ID="P35_SP00051" HPOS="416" VPOS="631" WIDTH="25"/>
						<String ID="P35_ST00059" HPOS="441" VPOS="583" WIDTH="222" HEIGHT="49" CONTENT="Sorbonne)" WC="0.90" CC="003000004"/>
						<SP ID="P35_SP00052" HPOS="663" VPOS="632" WIDTH="20"/>
						<String ID="P35_ST00060" HPOS="683" VPOS="583" WIDTH="201" HEIGHT="47" CONTENT="plusieurs" WC="0.99" CC="040000054"/>
						<SP ID="P35_SP00053" HPOS="884" VPOS="632" WIDTH="23"/>
						<String ID="P35_ST00061" HPOS="907" VPOS="583" WIDTH="272" HEIGHT="45" CONTENT="conférences," WC="1.00" CC="000314060004"/>
						<SP ID="P35_SP00054" HPOS="1179" VPOS="632" WIDTH="26"/>
						<String ID="P35_ST00062" HPOS="1205" VPOS="594" WIDTH="68" HEIGHT="24" CONTENT="sur" WC="0.97" CC="025"/>
						<SP ID="P35_SP00055" HPOS="1273" VPOS="632" WIDTH="34"/>
						<String ID="P35_ST00063" HPOS="1307" VPOS="583" WIDTH="194" HEIGHT="36" CONTENT="l'histoire" WC="0.99" CC="5051515000"/>
						<SP ID="P35_SP00056" HPOS="1501" VPOS="632" WIDTH="29"/>
						<String ID="P35_ST00064" HPOS="1530" VPOS="584" WIDTH="48" HEIGHT="35" CONTENT="de" WC="0.85" CC="02"/>
						<SP ID="P35_SP00057" HPOS="1578" VPOS="632" WIDTH="35"/>
						<String ID="P35_ST00065" HPOS="1613" VPOS="584" WIDTH="104" HEIGHT="46" CONTENT="l'art," WC="0.99" CC="430304"/>
						<SP ID="P35_SP00058" HPOS="1717" VPOS="632" WIDTH="25"/>
						<String ID="P35_ST00066" HPOS="1742" VPOS="584" WIDTH="67" HEIGHT="47" CONTENT="qui" WC="0.98" CC="004"/>
						<SP ID="P35_SP00059" HPOS="1809" VPOS="632" WIDTH="32"/>
						<String ID="P35_ST00067" HPOS="1841" VPOS="590" WIDTH="71" HEIGHT="30" CONTENT="ont" WC="0.99" CC="300"/>
						<SP ID="P35_SP00060" HPOS="1912" VPOS="632" WIDTH="28"/>
						<String ID="P35_ST00068" HPOS="1940" VPOS="586" WIDTH="62" HEIGHT="34" CONTENT="été" WC="1.00" CC="000"/>
						<SP ID="P35_SP00061" HPOS="2002" VPOS="632" WIDTH="32"/>
						<String ID="P35_ST00069" HPOS="2034" VPOS="587" WIDTH="80" HEIGHT="33" CONTENT="très" WC="1.00" CC="2000"/>
					</TextLine>
					<TextLine ID="P35_TL00008" HPOS="123" VPOS="650" WIDTH="1990" HEIGHT="50">
						<String ID="P35_ST00070" HPOS="123" VPOS="652" WIDTH="186" HEIGHT="45" CONTENT="goûtées." WC="0.99" CC="90407400"/>
						<SP ID="P35_SP00062" HPOS="309" VPOS="697" WIDTH="24"/>
						<String ID="P35_ST00071" HPOS="333" VPOS="652" WIDTH="66" HEIGHT="35" CONTENT="Un" WC="0.91" CC="10"/>
						<SP ID="P35_SP00063" HPOS="399" VPOS="697" WIDTH="24"/>
						<String ID="P35_ST00072" HPOS="423" VPOS="652" WIDTH="71" HEIGHT="36" CONTENT="des" WC="1.00" CC="000"/>
						<SP ID="P35_SP00064" HPOS="494" VPOS="697" WIDTH="23"/>
						<String ID="P35_ST00073" HPOS="517" VPOS="652" WIDTH="223" HEIGHT="35" CONTENT="directeurs" WC="1.00" CC="0220000620"/>
						<SP ID="P35_SP00065" HPOS="740" VPOS="697" WIDTH="20"/>
						<String ID="P35_ST00074" HPOS="760" VPOS="651" WIDTH="49" HEIGHT="35" CONTENT="de" WC="0.83" CC="03"/>
						<SP ID="P35_SP00066" HPOS="809" VPOS="697" WIDTH="17"/>
						<String ID="P35_ST00075" HPOS="826" VPOS="656" WIDTH="107" HEIGHT="30" CONTENT="cette" WC="1.00" CC="00000"/>
						<SP ID="P35_SP00067" HPOS="933" VPOS="697" WIDTH="23"/>
						<String ID="P35_ST00076" HPOS="956" VPOS="650" WIDTH="158" HEIGHT="43" CONTENT="Revue," WC="0.99" CC="400004"/>
						<SP ID="P35_SP00068" HPOS="1114" VPOS="697" WIDTH="21"/>
						<String ID="P35_ST00077" HPOS="1135" VPOS="650" WIDTH="58" HEIGHT="37" CONTENT="M." WC="1.00" CC="00"/>
						<SP ID="P35_SP00069" HPOS="1193" VPOS="697" WIDTH="25"/>
						<String ID="P35_ST00078" HPOS="1218" VPOS="650" WIDTH="177" HEIGHT="37" CONTENT="Romain" WC="1.00" CC="000000"/>
						<SP ID="P35_SP00070" HPOS="1395" VPOS="697" WIDTH="25"/>
						<String ID="P35_ST00079" HPOS="1420" VPOS="651" WIDTH="195" HEIGHT="43" CONTENT="Rolland," WC="1.00" CC="00200204"/>
						<SP ID="P35_SP00071" HPOS="1615" VPOS="697" WIDTH="24"/>
						<String ID="P35_ST00080" HPOS="1639" VPOS="663" WIDTH="24" HEIGHT="24" CONTENT="a" WC="1.00" CC="0"/>
						<SP ID="P35_SP00072" HPOS="1663" VPOS="697" WIDTH="22"/>
						<String ID="P35_ST00081" HPOS="1685" VPOS="653" WIDTH="64" HEIGHT="34" CONTENT="été" WC="1.00" CC="000"/>
						<SP ID="P35_SP00073" HPOS="1749" VPOS="697" WIDTH="22"/>
						<String ID="P35_ST00082" HPOS="1771" VPOS="653" WIDTH="150" HEIGHT="47" CONTENT="chargé" WC="1.00" CC="000100"/>
						<SP ID="P35_SP00074" HPOS="1921" VPOS="700" WIDTH="26"/>
						<String ID="P35_ST00083" HPOS="1947" VPOS="654" WIDTH="143" HEIGHT="44" CONTENT="d'orga" SUBS_TYPE="HypPart1" SUBS_CONTENT="d'organiser" WC="0.99" CC="040200"/>
						<HYP HPOS="2090" VPOS="654" WIDTH="23" CONTENT="-"/>
					</TextLine>
					<TextLine ID="P35_TL00009" HPOS="120" VPOS="718" WIDTH="1995" HEIGHT="48">
						<String ID="P35_ST00084" HPOS="120" VPOS="719" WIDTH="110" HEIGHT="35" CONTENT="niser" SUBS_TYPE="HypPart2" SUBS_CONTENT="d'organiser" WC="0.98" CC="01713"/>
						<SP ID="P35_SP00075" HPOS="230" VPOS="754" WIDTH="32"/>
						<String ID="P35_ST00085" HPOS="262" VPOS="731" WIDTH="104" HEIGHT="35" CONTENT="pour" WC="0.97" CC="0416"/>
						<SP ID="P35_SP00076" HPOS="366" VPOS="766" WIDTH="27"/>
						<String ID="P35_ST00086" HPOS="393" VPOS="720" WIDTH="143" HEIGHT="36" CONTENT="l'hiver" WC="0.99" CC="0003017"/>
						<SP ID="P35_SP00077" HPOS="536" VPOS="766" WIDTH="28"/>
						<String ID="P35_ST00087" HPOS="564" VPOS="719" WIDTH="199" HEIGHT="47" CONTENT="prochain" WC="1.00" CC="00000022"/>
						<SP ID="P35_SP00078" HPOS="763" VPOS="766" WIDTH="34"/>
						<String ID="P35_ST00088" HPOS="797" VPOS="731" WIDTH="78" HEIGHT="24" CONTENT="une" WC="0.97" CC="701"/>
						<SP ID="P35_SP00079" HPOS="875" VPOS="766" WIDTH="33"/>
						<String ID="P35_ST00089" HPOS="908" VPOS="718" WIDTH="103" HEIGHT="36" CONTENT="série" WC="0.99" CC="20230"/>
						<SP ID="P35_SP00080" HPOS="1011" VPOS="766" WIDTH="35"/>
						<String ID="P35_ST00090" HPOS="1046" VPOS="718" WIDTH="50" HEIGHT="36" CONTENT="de" WC="1.00" CC="00"/>
						<SP ID="P35_SP00081" HPOS="1096" VPOS="766" WIDTH="36"/>
						<String ID="P35_ST00091" HPOS="1132" VPOS="731" WIDTH="119" HEIGHT="24" CONTENT="cours" WC="0.99" CC="00540"/>
						<SP ID="P35_SP00082" HPOS="1251" VPOS="766" WIDTH="33"/>
						<String ID="P35_ST00092" HPOS="1284" VPOS="732" WIDTH="52" HEIGHT="23" CONTENT="ou" WC="0.78" CC="40"/>
						<SP ID="P35_SP00083" HPOS="1336" VPOS="766" WIDTH="33"/>
						<String ID="P35_ST00093" HPOS="1369" VPOS="720" WIDTH="263" HEIGHT="35" CONTENT="conférences" WC="1.00" CC="05500600010"/>
						<SP ID="P35_SP00084" HPOS="1632" VPOS="766" WIDTH="35"/>
						<String ID="P35_ST00094" HPOS="1667" VPOS="731" WIDTH="69" HEIGHT="24" CONTENT="sur" WC="0.96" CC="063"/>
						<SP ID="P35_SP00085" HPOS="1736" VPOS="766" WIDTH="28"/>
						<String ID="P35_ST00095" HPOS="1764" VPOS="720" WIDTH="197" HEIGHT="36" CONTENT="l'histoire" WC="0.99" CC="4004054400"/>
						<SP ID="P35_SP00086" HPOS="1961" VPOS="766" WIDTH="32"/>
						<String ID="P35_ST00096" HPOS="1993" VPOS="721" WIDTH="49" HEIGHT="35" CONTENT="de" WC="1.00" CC="00"/>
						<SP ID="P35_SP00087" HPOS="2042" VPOS="766" WIDTH="35"/>
						<String ID="P35_ST00097" HPOS="2077" VPOS="722" WIDTH="38" HEIGHT="34" CONTENT="la" WC="0.70" CC="50"/>
					</TextLine>
					<TextLine ID="P35_TL00010" HPOS="119" VPOS="787" WIDTH="1995" HEIGHT="48">
						<String ID="P35_ST00098" HPOS="119" VPOS="788" WIDTH="200" HEIGHT="46" CONTENT="musique." WC="1.00" CC="00020004"/>
						<SP ID="P35_SP00088" HPOS="319" VPOS="834" WIDTH="19"/>
						<String ID="P35_ST00099" HPOS="338" VPOS="788" WIDTH="118" HEIGHT="36" CONTENT="Voici" WC="0.98" CC="40403"/>
						<SP ID="P35_SP00089" HPOS="456" VPOS="834" WIDTH="21"/>
						<String ID="P35_ST00100" HPOS="477" VPOS="789" WIDTH="59" HEIGHT="35" CONTENT="les" WC="0.99" CC="200"/>
						<SP ID="P35_SP00090" HPOS="536" VPOS="834" WIDTH="23"/>
						<String ID="P35_ST00101" HPOS="559" VPOS="799" WIDTH="117" HEIGHT="24" CONTENT="noms" WC="0.99" CC="3200"/>
						<SP ID="P35_SP00091" HPOS="676" VPOS="834" WIDTH="24"/>
						<String ID="P35_ST00102" HPOS="700" VPOS="788" WIDTH="73" HEIGHT="35" CONTENT="des" WC="1.00" CC="000"/>
						<SP ID="P35_SP00092" HPOS="773" VPOS="834" WIDTH="22"/>
						<String ID="P35_ST00103" HPOS="795" VPOS="787" WIDTH="256" HEIGHT="46" CONTENT="professeurs" WC="1.00" CC="04053000240"/>
						<SP ID="P35_SP00093" HPOS="1051" VPOS="834" WIDTH="17"/>
						<String ID="P35_ST00104" HPOS="1068" VPOS="793" WIDTH="41" HEIGHT="30" CONTENT="et" WC="0.91" CC="01"/>
						<SP ID="P35_SP00094" HPOS="1109" VPOS="834" WIDTH="15"/>
						<String ID="P35_ST00105" HPOS="1124" VPOS="788" WIDTH="298" HEIGHT="36" CONTENT="conférenciers" WC="1.00" CC="1150010600090"/>
						<SP ID="P35_SP00095" HPOS="1422" VPOS="834" WIDTH="20"/>
						<String ID="P35_ST00106" HPOS="1442" VPOS="788" WIDTH="100" HEIGHT="35" CONTENT="dont" WC="0.99" CC="0400"/>
						<SP ID="P35_SP00096" HPOS="1542" VPOS="834" WIDTH="20"/>
						<String ID="P35_ST00107" HPOS="1562" VPOS="788" WIDTH="37" HEIGHT="35" CONTENT="le" WC="1.00" CC="00"/>
						<SP ID="P35_SP00097" HPOS="1599" VPOS="834" WIDTH="17"/>
						<String ID="P35_ST00108" HPOS="1616" VPOS="799" WIDTH="197" HEIGHT="25" CONTENT="concours" WC="0.99" CC="05002410"/>
						<SP ID="P35_SP00098" HPOS="1813" VPOS="834" WIDTH="24"/>
						<String ID="P35_ST00109" HPOS="1837" VPOS="800" WIDTH="24" HEIGHT="24" CONTENT="a" WC="1.00" CC="0"/>
						<SP ID="P35_SP00099" HPOS="1861" VPOS="834" WIDTH="22"/>
						<String ID="P35_ST00110" HPOS="1883" VPOS="789" WIDTH="62" HEIGHT="35" CONTENT="été" WC="0.98" CC="320"/>
						<SP ID="P35_SP00100" HPOS="1945" VPOS="834" WIDTH="16"/>
						<String ID="P35_ST00111" HPOS="1961" VPOS="788" WIDTH="153" HEIGHT="47" CONTENT="promis" WC="0.99" CC="044000"/>
					</TextLine>
					<TextLine ID="P35_TL00011" HPOS="119" VPOS="855" WIDTH="1995" HEIGHT="49">
						<String ID="P35_ST00112" HPOS="119" VPOS="857" WIDTH="23" HEIGHT="34" CONTENT="à" WC="0.65" CC="3"/>
						<SP ID="P35_SP00101" HPOS="142" VPOS="891" WIDTH="30"/>
						<String ID="P35_ST00113" HPOS="172" VPOS="856" WIDTH="58" HEIGHT="35" CONTENT="M." WC="1.00" CC="00"/>
						<SP ID="P35_SP00102" HPOS="230" VPOS="891" WIDTH="31"/>
						<String ID="P35_ST00114" HPOS="261" VPOS="856" WIDTH="181" HEIGHT="35" CONTENT="Rolland" WC="0.99" CC="0542030"/>
						<SP ID="P35_SP00103" HPOS="442" VPOS="891" WIDTH="24"/>
						<String ID="P35_ST00115" HPOS="466" VPOS="867" WIDTH="8" HEIGHT="25" CONTENT=":" WC="1.00" CC="0"/>
						<SP ID="P35_SP00104" HPOS="474" VPOS="892" WIDTH="25"/>
						<String ID="P35_ST00116" HPOS="499" VPOS="856" WIDTH="105" HEIGHT="36" CONTENT="MM." WC="1.00" CC="000"/>
						<SP ID="P35_SP00105" HPOS="604" VPOS="892" WIDTH="26"/>
						<String ID="P35_ST00117" HPOS="630" VPOS="856" WIDTH="136" HEIGHT="35" CONTENT="Pierre" WC="0.99" CC="800212"/>
						<SP ID="P35_SP00106" HPOS="766" VPOS="892" WIDTH="36"/>
						<String ID="P35_ST00118" HPOS="802" VPOS="855" WIDTH="144" HEIGHT="48" CONTENT="Aubry" WC="0.67" CC="54600"/>
						<SP ID="P35_SP00107" HPOS="946" VPOS="903" WIDTH="38"/>
						<String ID="P35_ST00119" HPOS="984" VPOS="855" WIDTH="60" HEIGHT="49" CONTENT="[la" WC="0.92" CC="956" STYLEREFS="TXT_3"/>
						<SP ID="P35_SP00108" HPOS="1044" VPOS="904" WIDTH="31"/>
						<String ID="P35_ST00120" HPOS="1075" VPOS="858" WIDTH="192" HEIGHT="45" CONTENT="musique" WC="0.99" CC="0403540" STYLEREFS="TXT_3"/>
						<SP ID="P35_SP00109" HPOS="1267" VPOS="904" WIDTH="31"/>
						<String ID="P35_ST00121" HPOS="1298" VPOS="856" WIDTH="68" HEIGHT="35" CONTENT="des" WC="1.00" CC="000" STYLEREFS="TXT_3"/>
						<SP ID="P35_SP00110" HPOS="1366" VPOS="904" WIDTH="37"/>
						<String ID="P35_ST00122" HPOS="1403" VPOS="855" WIDTH="257" HEIGHT="49" CONTENT="Trouvères)'," WC="0.99" CC="005246000743" STYLEREFS="TXT_3"/>
						<SP ID="P35_SP00111" HPOS="1660" VPOS="904" WIDTH="37"/>
						<String ID="P35_ST00123" HPOS="1697" VPOS="856" WIDTH="170" HEIGHT="35" CONTENT="Camille" WC="0.99" CC="0004500"/>
						<SP ID="P35_SP00112" HPOS="1867" VPOS="904" WIDTH="36"/>
						<String ID="P35_ST00124" HPOS="1903" VPOS="856" WIDTH="211" HEIGHT="47" CONTENT="Bellaigue" WC="0.80" CC="600402040"/>
					</TextLine>
					<TextLine ID="P35_TL00012" HPOS="117" VPOS="922" WIDTH="1994" HEIGHT="51">
						<String ID="P35_ST00125" HPOS="117" VPOS="925" WIDTH="10" HEIGHT="46" CONTENT="(" WC="0.60" CC="3" STYLEREFS="TXT_3"/>
						<SP ID="P35_SP00113" HPOS="127" VPOS="971" WIDTH="16"/>
						<String ID="P35_ST00126" HPOS="143" VPOS="924" WIDTH="126" HEIGHT="34" CONTENT="Verdi" WC="1.00" CC="00010" STYLEREFS="TXT_3"/>
						<String ID="P35_ST00127" HPOS="272" VPOS="923" WIDTH="10" HEIGHT="48" CONTENT=")" WC="0.38" CC="6"/>
						<SP ID="P35_SP00114" HPOS="282" VPOS="971" WIDTH="15"/>
						<String ID="P35_ST00128" HPOS="297" VPOS="924" WIDTH="79" HEIGHT="42" CONTENT=";A." WC="0.93" CC="604"/>
						<SP ID="P35_SP00115" HPOS="376" VPOS="971" WIDTH="17"/>
						<String ID="P35_ST00129" HPOS="393" VPOS="924" WIDTH="189" HEIGHT="35" CONTENT="Bruneau" WC="0.80" CC="0006007"/>
						<SP ID="P35_SP00116" HPOS="582" VPOS="971" WIDTH="18"/>
						<String ID="P35_ST00130" HPOS="600" VPOS="922" WIDTH="10" HEIGHT="50" CONTENT="(" WC="1.00" CC="0"/>
						<SP ID="P35_SP00117" HPOS="610" VPOS="972" WIDTH="92"/>
						<String ID="P35_ST00131" HPOS="702" VPOS="922" WIDTH="10" HEIGHT="50" CONTENT=")" WC="0.86" CC="1"/>
						<SP ID="P35_SP00118" HPOS="712" VPOS="972" WIDTH="14"/>
						<String ID="P35_ST00132" HPOS="726" VPOS="936" WIDTH="8" HEIGHT="31" CONTENT=";" WC="1.00" CC="0"/>
						<SP ID="P35_SP00119" HPOS="734" VPOS="972" WIDTH="20"/>
						<String ID="P35_ST00133" HPOS="754" VPOS="924" WIDTH="114" HEIGHT="48" CONTENT="Jules" WC="0.98" CC="36201"/>
						<SP ID="P35_SP00120" HPOS="868" VPOS="972" WIDTH="17"/>
						<String ID="P35_ST00134" HPOS="885" VPOS="924" WIDTH="244" HEIGHT="35" CONTENT="Combarieu" WC="0.97" CC="010000100"/>
						<SP ID="P35_SP00121" HPOS="1129" VPOS="972" WIDTH="17"/>
						<String ID="P35_ST00135" HPOS="1146" VPOS="924" WIDTH="59" HEIGHT="48" CONTENT="[la" WC="0.91" CC="976" STYLEREFS="TXT_3"/>
						<SP ID="P35_SP00122" HPOS="1205" VPOS="972" WIDTH="18"/>
						<String ID="P35_ST00136" HPOS="1223" VPOS="925" WIDTH="189" HEIGHT="46" CONTENT="musique" WC="0.99" CC="0602350" STYLEREFS="TXT_3"/>
						<SP ID="P35_SP00123" HPOS="1412" VPOS="972" WIDTH="18"/>
						<String ID="P35_ST00137" HPOS="1430" VPOS="936" WIDTH="55" HEIGHT="23" CONTENT="au" WC="0.67" CC="06" STYLEREFS="TXT_3"/>
						<SP ID="P35_SP00124" HPOS="1485" VPOS="972" WIDTH="15"/>
						<String ID="P35_ST00138" HPOS="1500" VPOS="924" WIDTH="126" HEIGHT="48" CONTENT="point" WC="0.98" CC="00057" STYLEREFS="TXT_3"/>
						<SP ID="P35_SP00125" HPOS="1626" VPOS="972" WIDTH="17"/>
						<String ID="P35_ST00139" HPOS="1643" VPOS="924" WIDTH="48" HEIGHT="35" CONTENT="de" WC="1.00" CC="00" STYLEREFS="TXT_3"/>
						<SP ID="P35_SP00126" HPOS="1691" VPOS="972" WIDTH="18"/>
						<String ID="P35_ST00140" HPOS="1709" VPOS="936" WIDTH="71" HEIGHT="23" CONTENT="vue" WC="0.98" CC="040" STYLEREFS="TXT_3"/>
						<SP ID="P35_SP00127" HPOS="1780" VPOS="972" WIDTH="13"/>
						<String ID="P35_ST00141" HPOS="1793" VPOS="924" WIDTH="297" HEIGHT="49" CONTENT="sociologique)" WC="1.00" CC="0650060300000" STYLEREFS="TXT_3"/>
						<SP ID="P35_SP00128" HPOS="2090" VPOS="973" WIDTH="14"/>
						<String ID="P35_ST00142" HPOS="2104" VPOS="938" WIDTH="7" HEIGHT="29" CONTENT=";" WC="0.55" CC="4" STYLEREFS="TXT_3"/>
					</TextLine>
					<TextLine ID="P35_TL00013" HPOS="117" VPOS="990" WIDTH="1996" HEIGHT="50">
						<String ID="P35_ST00143" HPOS="117" VPOS="991" WIDTH="44" HEIGHT="37" CONTENT="L." WC="0.76" CC="31"/>
						<SP ID="P35_SP00129" HPOS="161" VPOS="1028" WIDTH="44"/>
						<String ID="P35_ST00144" HPOS="205" VPOS="991" WIDTH="181" HEIGHT="36" CONTENT="Dauriac" WC="0.81" CC="3303200"/>
						<SP ID="P35_SP00130" HPOS="386" VPOS="1028" WIDTH="35"/>
						<String ID="P35_ST00145" HPOS="421" VPOS="990" WIDTH="215" HEIGHT="50" CONTENT="[Hèrold)\" WC="0.57" CC="925004059" STYLEREFS="TXT_3"/>
						<SP ID="P35_SP00131" HPOS="636" VPOS="1040" WIDTH="36"/>
						<String ID="P35_ST00146" HPOS="672" VPOS="991" WIDTH="54" HEIGHT="37" CONTENT="H." WC="0.64" CC="60"/>
						<SP ID="P35_SP00132" HPOS="726" VPOS="1040" WIDTH="37"/>
						<String ID="P35_ST00147" HPOS="763" VPOS="993" WIDTH="150" HEIGHT="45" CONTENT="Expert" WC="1.00" CC="000000"/>
						<SP ID="P35_SP00133" HPOS="913" VPOS="1040" WIDTH="40"/>
						<String ID="P35_ST00148" HPOS="953" VPOS="991" WIDTH="58" HEIGHT="49" CONTENT="[la" WC="0.93" CC="980" STYLEREFS="TXT_3"/>
						<SP ID="P35_SP00134" HPOS="1011" VPOS="1040" WIDTH="42"/>
						<String ID="P35_ST00149" HPOS="1053" VPOS="993" WIDTH="191" HEIGHT="47" CONTENT="musique" WC="1.00" CC="0000080" STYLEREFS="TXT_3"/>
						<SP ID="P35_SP00135" HPOS="1244" VPOS="1040" WIDTH="40"/>
						<String ID="P35_ST00150" HPOS="1284" VPOS="992" WIDTH="49" HEIGHT="35" CONTENT="de" WC="1.00" CC="00" STYLEREFS="TXT_3"/>
						<SP ID="P35_SP00136" HPOS="1333" VPOS="1040" WIDTH="35"/>
						<String ID="P35_ST00151" HPOS="1368" VPOS="993" WIDTH="41" HEIGHT="35" CONTENT="la" WC="0.64" CC="70" STYLEREFS="TXT_3"/>
						<SP ID="P35_SP00137" HPOS="1409" VPOS="1040" WIDTH="33"/>
						<String ID="P35_ST00152" HPOS="1442" VPOS="993" WIDTH="279" HEIGHT="35" CONTENT="Renaissance" WC="0.99" CC="00002000559" STYLEREFS="TXT_3"/>
						<String ID="P35_ST00153" HPOS="1726" VPOS="991" WIDTH="31" HEIGHT="49" CONTENT=");" WC="0.46" CC="64"/>
						<SP ID="P35_SP00138" HPOS="1757" VPOS="1040" WIDTH="33"/>
						<String ID="P35_ST00154" HPOS="1790" VPOS="992" WIDTH="75" HEIGHT="36" CONTENT="Ch." WC="0.97" CC="034"/>
						<SP ID="P35_SP00139" HPOS="1865" VPOS="1040" WIDTH="36"/>
						<String ID="P35_ST00155" HPOS="1901" VPOS="992" WIDTH="212" HEIGHT="36" CONTENT="Malherbe" WC="0.99" CC="00500333"/>
					</TextLine>
					<TextLine ID="P35_TL00014" HPOS="117" VPOS="1058" WIDTH="1996" HEIGHT="50">
						<String ID="P35_ST00156" HPOS="117" VPOS="1058" WIDTH="219" HEIGHT="49" CONTENT="[Mo\art)\" WC="0.65" CC="002900079" STYLEREFS="TXT_3"/>
						<SP ID="P35_SP00140" HPOS="336" VPOS="1107" WIDTH="32"/>
						<String ID="P35_ST00157" HPOS="368" VPOS="1059" WIDTH="76" HEIGHT="36" CONTENT="Th." WC="0.93" CC="673"/>
						<SP ID="P35_SP00141" HPOS="444" VPOS="1107" WIDTH="25"/>
						<String ID="P35_ST00158" HPOS="469" VPOS="1059" WIDTH="185" HEIGHT="36" CONTENT="Reinach" WC="0.87" CC="0026000"/>
						<SP ID="P35_SP00142" HPOS="654" VPOS="1107" WIDTH="23"/>
						<String ID="P35_ST00159" HPOS="677" VPOS="1058" WIDTH="61" HEIGHT="49" CONTENT="[la" WC="1.00" CC="000" STYLEREFS="TXT_3"/>
						<SP ID="P35_SP00143" HPOS="738" VPOS="1107" WIDTH="21"/>
						<String ID="P35_ST00160" HPOS="759" VPOS="1061" WIDTH="190" HEIGHT="46" CONTENT="musique" WC="0.99" CC="0501050" STYLEREFS="TXT_3"/>
						<SP ID="P35_SP00144" HPOS="949" VPOS="1107" WIDTH="21"/>
						<String ID="P35_ST00161" HPOS="970" VPOS="1059" WIDTH="214" HEIGHT="49" CONTENT="grecque)'," WC="0.99" CC="8006000624" STYLEREFS="TXT_3"/>
						<SP ID="P35_SP00145" HPOS="1184" VPOS="1108" WIDTH="20"/>
						<String ID="P35_ST00162" HPOS="1204" VPOS="1061" WIDTH="49" HEIGHT="35" CONTENT="R." WC="1.00" CC="00"/>
						<SP ID="P35_SP00146" HPOS="1253" VPOS="1108" WIDTH="23"/>
						<String ID="P35_ST00163" HPOS="1276" VPOS="1060" WIDTH="182" HEIGHT="36" CONTENT="Rolland" WC="0.99" CC="0546000"/>
						<SP ID="P35_SP00147" HPOS="1458" VPOS="1108" WIDTH="22"/>
						<String ID="P35_ST00164" HPOS="1480" VPOS="1059" WIDTH="54" HEIGHT="49" CONTENT="[le" WC="1.00" CC="000" STYLEREFS="TXT_3"/>
						<SP ID="P35_SP00148" HPOS="1534" VPOS="1108" WIDTH="22"/>
						<String ID="P35_ST00165" HPOS="1556" VPOS="1058" WIDTH="88" HEIGHT="38" CONTENT="rôle" WC="0.98" CC="0640" STYLEREFS="TXT_3"/>
						<SP ID="P35_SP00149" HPOS="1644" VPOS="1108" WIDTH="16"/>
						<String ID="P35_ST00166" HPOS="1660" VPOS="1060" WIDTH="49" HEIGHT="35" CONTENT="de" WC="1.00" CC="00" STYLEREFS="TXT_3"/>
						<SP ID="P35_SP00150" HPOS="1709" VPOS="1108" WIDTH="26"/>
						<String ID="P35_ST00167" HPOS="1735" VPOS="1061" WIDTH="41" HEIGHT="35" CONTENT="la" WC="1.00" CC="00" STYLEREFS="TXT_3"/>
						<SP ID="P35_SP00151" HPOS="1776" VPOS="1108" WIDTH="19"/>
						<String ID="P35_ST00168" HPOS="1795" VPOS="1061" WIDTH="192" HEIGHT="47" CONTENT="musique" WC="1.00" CC="0000000" STYLEREFS="TXT_3"/>
						<SP ID="P35_SP00152" HPOS="1987" VPOS="1108" WIDTH="23"/>
						<String ID="P35_ST00169" HPOS="2010" VPOS="1060" WIDTH="103" HEIGHT="35" CONTENT="dans" WC="0.98" CC="0080" STYLEREFS="TXT_3"/>
					</TextLine>
					<TextLine ID="P35_TL00015" HPOS="118" VPOS="1125" WIDTH="1995" HEIGHT="51">
						<String ID="P35_ST00170" HPOS="118" VPOS="1125" WIDTH="289" HEIGHT="50" CONTENT="Véducation)'," WC="0.75" CC="7000407102044" STYLEREFS="TXT_3"/>
						<SP ID="P35_SP00153" HPOS="407" VPOS="1175" WIDTH="25"/>
						<String ID="P35_ST00171" HPOS="432" VPOS="1126" WIDTH="233" HEIGHT="49" CONTENT="Tiersot(/&lt;z" WC="0.71" CC="50000000888"/>
						<SP ID="P35_SP00154" HPOS="665" VPOS="1175" WIDTH="24"/>
						<String ID="P35_ST00172" HPOS="689" VPOS="1129" WIDTH="190" HEIGHT="45" CONTENT="musique" WC="1.00" CC="0400000" STYLEREFS="TXT_3"/>
						<SP ID="P35_SP00155" HPOS="879" VPOS="1175" WIDTH="16"/>
						<String ID="P35_ST00173" HPOS="895" VPOS="1127" WIDTH="257" HEIGHT="49" CONTENT="populaire)." WC="0.99" CC="00975000007" STYLEREFS="TXT_3"/>
						<SP ID="P35_SP00156" HPOS="1152" VPOS="1176" WIDTH="27"/>
						<String ID="P35_ST00174" HPOS="1179" VPOS="1128" WIDTH="331" HEIGHT="47" CONTENT="Quelques-unes" WC="0.99" CC="0504060035600"/>
						<SP ID="P35_SP00157" HPOS="1510" VPOS="1176" WIDTH="20"/>
						<String ID="P35_ST00175" HPOS="1530" VPOS="1129" WIDTH="48" HEIGHT="35" CONTENT="de" WC="1.00" CC="00"/>
						<SP ID="P35_SP00158" HPOS="1578" VPOS="1176" WIDTH="23"/>
						<String ID="P35_ST00176" HPOS="1601" VPOS="1140" WIDTH="68" HEIGHT="24" CONTENT="ces" WC="1.00" CC="000"/>
						<SP ID="P35_SP00159" HPOS="1669" VPOS="1176" WIDTH="26"/>
						<String ID="P35_ST00177" HPOS="1695" VPOS="1129" WIDTH="138" HEIGHT="43" CONTENT="leçons" WC="1.00" CC="000300"/>
						<SP ID="P35_SP00160" HPOS="1833" VPOS="1176" WIDTH="29"/>
						<String ID="P35_ST00178" HPOS="1862" VPOS="1139" WIDTH="224" HEIGHT="25" CONTENT="commence" SUBS_TYPE="HypPart1" SUBS_CONTENT="commenceront" WC="1.00" CC="05000004"/>
						<HYP HPOS="2086" VPOS="1139" WIDTH="27" CONTENT="-"/>
					</TextLine>
					<TextLine ID="P35_TL00016" HPOS="118" VPOS="1195" WIDTH="646" HEIGHT="46">
						<String ID="P35_ST00179" HPOS="118" VPOS="1200" WIDTH="94" HEIGHT="30" CONTENT="ront" SUBS_TYPE="HypPart2" SUBS_CONTENT="commenceront" WC="1.00" CC="0000"/>
						<SP ID="P35_SP00161" HPOS="212" VPOS="1230" WIDTH="21"/>
						<String ID="P35_ST00180" HPOS="233" VPOS="1206" WIDTH="52" HEIGHT="24" CONTENT="au" WC="1.00" CC="00"/>
						<SP ID="P35_SP00162" HPOS="285" VPOS="1230" WIDTH="21"/>
						<String ID="P35_ST00181" HPOS="306" VPOS="1195" WIDTH="227" HEIGHT="46" CONTENT="printemps" WC="1.00" CC="000450002"/>
						<SP ID="P35_SP00163" HPOS="533" VPOS="1241" WIDTH="20"/>
						<String ID="P35_ST00182" HPOS="553" VPOS="1195" WIDTH="211" HEIGHT="46" CONTENT="prochain." WC="1.00" CC="053000200"/>
					</TextLine>
				</TextBlock>
				<TextBlock ID="P35_TB00004" HPOS="230" VPOS="1523" WIDTH="1203" HEIGHT="48" STYLEREFS="TXT_2 PAR_LEFT">
					<TextLine ID="P35_TL00017" HPOS="232" VPOS="1524" WIDTH="1198" HEIGHT="44">
						<String ID="P35_ST00183" HPOS="232" VPOS="1524" WIDTH="219" HEIGHT="43" CONTENT="Société" WC="1.00" CC="0051000"/>
						<SP ID="P35_SP00164" HPOS="451" VPOS="1567" WIDTH="35"/>
						<String ID="P35_ST00184" HPOS="486" VPOS="1525" WIDTH="299" HEIGHT="42" CONTENT="Nationale" WC="0.99" CC="030003332"/>
						<SP ID="P35_SP00165" HPOS="785" VPOS="1567" WIDTH="24"/>
						<String ID="P35_ST00185" HPOS="809" VPOS="1538" WIDTH="9" HEIGHT="28" CONTENT=":" WC="0.66" CC="3"/>
						<SP ID="P35_SP00166" HPOS="818" VPOS="1567" WIDTH="29"/>
						<String ID="P35_ST00186" HPOS="847" VPOS="1526" WIDTH="243" HEIGHT="42" CONTENT="Concert" WC="0.99" CC="2006250"/>
						<SP ID="P35_SP00167" HPOS="1090" VPOS="1568" WIDTH="31"/>
						<String ID="P35_ST00187" HPOS="1121" VPOS="1527" WIDTH="76" HEIGHT="41" CONTENT="du" WC="0.66" CC="06"/>
						<SP ID="P35_SP00168" HPOS="1197" VPOS="1568" WIDTH="21"/>
						<String ID="P35_ST00188" HPOS="1218" VPOS="1526" WIDTH="33" HEIGHT="42" CONTENT="8" WC="0.52" CC="4"/>
						<SP ID="P35_SP00169" HPOS="1251" VPOS="1568" WIDTH="21"/>
						<String ID="P35_ST00189" HPOS="1272" VPOS="1537" WIDTH="158" HEIGHT="31" CONTENT="mars" WC="0.99" CC="0040"/>
						<SP ID="P35_SP00170" HPOS="1430" VPOS="1568" WIDTH="0"/>
					</TextLine>
				</TextBlock>
				<TextBlock ID="P35_TB00005" HPOS="1457" VPOS="1528" WIDTH="654" HEIGHT="54" STYLEREFS="TXT_3 PAR_RIGHT">
					<TextLine ID="P35_TL00018" HPOS="1460" VPOS="1531" WIDTH="574" HEIGHT="49">
						<String ID="P35_ST00190" HPOS="1460" VPOS="1532" WIDTH="10" HEIGHT="48" CONTENT="(" WC="0.82" CC="1" STYLEREFS="TXT_4"/>
						<String ID="P35_ST00191" HPOS="1475" VPOS="1531" WIDTH="23" HEIGHT="36" CONTENT="à" WC="0.37" CC="6"/>
						<SP ID="P35_SP00171" HPOS="1498" VPOS="1580" WIDTH="38"/>
						<String ID="P35_ST00192" HPOS="1536" VPOS="1533" WIDTH="43" HEIGHT="35" CONTENT="la" WC="1.00" CC="00"/>
						<SP ID="P35_SP00172" HPOS="1579" VPOS="1580" WIDTH="29"/>
						<String ID="P35_ST00193" HPOS="1608" VPOS="1533" WIDTH="125" HEIGHT="35" CONTENT="Scola" WC="0.58" CC="05086"/>
						<SP ID="P35_SP00173" HPOS="1733" VPOS="1580" WIDTH="35"/>
						<String ID="P35_ST00194" HPOS="1768" VPOS="1533" WIDTH="266" HEIGHT="45" CONTENT="Cantorum)." WC="0.61" CC="5216604075"/>
					</TextLine>
				</TextBlock>
				<TextBlock ID="P35_TB00006" HPOS="104" VPOS="1595" WIDTH="2007" HEIGHT="1212" STYLEREFS="TXT_1 PAR_BLOCK">
					<TextLine ID="P35_TL00019" HPOS="118" VPOS="1597" WIDTH="1993" HEIGHT="49">
						<String ID="P35_ST00195" HPOS="118" VPOS="1598" WIDTH="61" HEIGHT="35" CONTENT="M." WC="0.64" CC="07"/>
						<SP ID="P35_SP00174" HPOS="179" VPOS="1633" WIDTH="25"/>
						<String ID="P35_ST00196" HPOS="204" VPOS="1597" WIDTH="208" HEIGHT="36" CONTENT="Guilmant" WC="0.69" CC="44030406"/>
						<SP ID="P35_SP00175" HPOS="412" VPOS="1633" WIDTH="19"/>
						<String ID="P35_ST00197" HPOS="431" VPOS="1599" WIDTH="131" HEIGHT="34" CONTENT="tenait" WC="0.99" CC="104321"/>
						<SP ID="P35_SP00176" HPOS="562" VPOS="1633" WIDTH="21"/>
						<String ID="P35_ST00198" HPOS="583" VPOS="1600" WIDTH="172" HEIGHT="46" CONTENT="l'orgue," WC="0.99" CC="04357006"/>
						<SP ID="P35_SP00177" HPOS="755" VPOS="1646" WIDTH="21"/>
						<String ID="P35_ST00199" HPOS="776" VPOS="1604" WIDTH="40" HEIGHT="31" CONTENT="et" WC="0.76" CC="13"/>
						<SP ID="P35_SP00178" HPOS="816" VPOS="1646" WIDTH="19"/>
						<String ID="P35_ST00200" HPOS="835" VPOS="1611" WIDTH="103" HEIGHT="24" CONTENT="nous" WC="0.98" CC="5330"/>
						<SP ID="P35_SP00179" HPOS="938" VPOS="1646" WIDTH="21"/>
						<String ID="P35_ST00201" HPOS="959" VPOS="1600" WIDTH="44" HEIGHT="35" CONTENT="fit" WC="0.94" CC="771"/>
						<SP ID="P35_SP00180" HPOS="1003" VPOS="1646" WIDTH="22"/>
						<String ID="P35_ST00202" HPOS="1025" VPOS="1600" WIDTH="195" HEIGHT="35" CONTENT="entendre" WC="0.99" CC="12304260"/>
						<SP ID="P35_SP00181" HPOS="1220" VPOS="1646" WIDTH="22"/>
						<String ID="P35_ST00203" HPOS="1242" VPOS="1612" WIDTH="47" HEIGHT="23" CONTENT="sa" WC="0.72" CC="05"/>
						<SP ID="P35_SP00182" HPOS="1289" VPOS="1646" WIDTH="19"/>
						<String ID="P35_ST00204" HPOS="1308" VPOS="1600" WIDTH="207" HEIGHT="35" CONTENT="troisième" WC="0.99" CC="025500300"/>
						<SP ID="P35_SP00183" HPOS="1515" VPOS="1646" WIDTH="18"/>
						<String ID="P35_ST00205" HPOS="1533" VPOS="1605" WIDTH="160" HEIGHT="41" CONTENT="sonate," WC="0.99" CC="0560004"/>
						<SP ID="P35_SP00184" HPOS="1693" VPOS="1646" WIDTH="22"/>
						<String ID="P35_ST00206" HPOS="1715" VPOS="1599" WIDTH="93" HEIGHT="36" CONTENT="d'un" WC="0.98" CC="0060"/>
						<SP ID="P35_SP00185" HPOS="1808" VPOS="1646" WIDTH="20"/>
						<String ID="P35_ST00207" HPOS="1828" VPOS="1600" WIDTH="103" HEIGHT="46" CONTENT="goût" WC="0.97" CC="9320"/>
						<SP ID="P35_SP00186" HPOS="1931" VPOS="1646" WIDTH="21"/>
						<String ID="P35_ST00208" HPOS="1952" VPOS="1599" WIDTH="30" HEIGHT="35" CONTENT="si" WC="0.60" CC="34"/>
						<SP ID="P35_SP00187" HPOS="1982" VPOS="1646" WIDTH="22"/>
						<String ID="P35_ST00209" HPOS="2004" VPOS="1599" WIDTH="86" HEIGHT="36" CONTENT="clas" SUBS_TYPE="HypPart1" SUBS_CONTENT="classique" WC="1.00" CC="0000"/>
						<HYP HPOS="2090" VPOS="1599" WIDTH="21" CONTENT="-"/>
					</TextLine>
					<TextLine ID="P35_TL00020" HPOS="117" VPOS="1665" WIDTH="1992" HEIGHT="50">
						<String ID="P35_ST00210" HPOS="117" VPOS="1665" WIDTH="115" HEIGHT="47" CONTENT="sique" SUBS_TYPE="HypPart2" SUBS_CONTENT="classique" WC="0.99" CC="01061"/>
						<SP ID="P35_SP00188" HPOS="232" VPOS="1712" WIDTH="22"/>
						<String ID="P35_ST00211" HPOS="254" VPOS="1671" WIDTH="40" HEIGHT="30" CONTENT="et" WC="1.00" CC="00"/>
						<SP ID="P35_SP00189" HPOS="294" VPOS="1712" WIDTH="23"/>
						<String ID="P35_ST00212" HPOS="317" VPOS="1666" WIDTH="33" HEIGHT="35" CONTENT="si" WC="0.80" CC="04"/>
						<SP ID="P35_SP00190" HPOS="350" VPOS="1712" WIDTH="22"/>
						<String ID="P35_ST00213" HPOS="372" VPOS="1666" WIDTH="133" HEIGHT="45" CONTENT="sobre," WC="0.98" CC="052404"/>
						<SP ID="P35_SP00191" HPOS="505" VPOS="1712" WIDTH="21"/>
						<String ID="P35_ST00214" HPOS="526" VPOS="1678" WIDTH="53" HEIGHT="23" CONTENT="un" WC="1.00" CC="00"/>
						<SP ID="P35_SP00192" HPOS="579" VPOS="1712" WIDTH="20"/>
						<String ID="P35_ST00215" HPOS="599" VPOS="1666" WIDTH="224" HEIGHT="36" CONTENT="admirable" WC="0.99" CC="701350110"/>
						<SP ID="P35_SP00193" HPOS="823" VPOS="1712" WIDTH="23"/>
						<String ID="P35_ST00216" HPOS="846" VPOS="1667" WIDTH="140" HEIGHT="36" CONTENT="Finale" WC="0.99" CC="436000"/>
						<SP ID="P35_SP00194" HPOS="986" VPOS="1712" WIDTH="22"/>
						<String ID="P35_ST00217" HPOS="1008" VPOS="1668" WIDTH="49" HEIGHT="35" CONTENT="de" WC="1.00" CC="00"/>
						<SP ID="P35_SP00195" HPOS="1057" VPOS="1712" WIDTH="24"/>
						<String ID="P35_ST00218" HPOS="1081" VPOS="1667" WIDTH="126" HEIGHT="36" CONTENT="César" WC="0.99" CC="05000"/>
						<SP ID="P35_SP00196" HPOS="1207" VPOS="1712" WIDTH="12"/>
						<String ID="P35_ST00219" HPOS="1219" VPOS="1668" WIDTH="176" HEIGHT="44" CONTENT="Franck," WC="0.99" CC="3500212"/>
						<SP ID="P35_SP00197" HPOS="1395" VPOS="1712" WIDTH="14"/>
						<String ID="P35_ST00220" HPOS="1409" VPOS="1668" WIDTH="255" HEIGHT="47" CONTENT="majestueux" WC="1.00" CC="0040000010"/>
						<SP ID="P35_SP00198" HPOS="1664" VPOS="1715" WIDTH="22"/>
						<String ID="P35_ST00221" HPOS="1686" VPOS="1672" WIDTH="40" HEIGHT="30" CONTENT="et" WC="1.00" CC="00"/>
						<SP ID="P35_SP00199" HPOS="1726" VPOS="1715" WIDTH="17"/>
						<String ID="P35_ST00222" HPOS="1743" VPOS="1669" WIDTH="144" HEIGHT="34" CONTENT="rêveur" WC="0.98" CC="416064"/>
						<SP ID="P35_SP00200" HPOS="1887" VPOS="1715" WIDTH="23"/>
						<String ID="P35_ST00223" HPOS="1910" VPOS="1668" WIDTH="23" HEIGHT="33" CONTENT="à" WC="0.28" CC="7"/>
						<SP ID="P35_SP00201" HPOS="1933" VPOS="1715" WIDTH="21"/>
						<String ID="P35_ST00224" HPOS="1954" VPOS="1667" WIDTH="40" HEIGHT="34" CONTENT="la" WC="1.00" CC="00"/>
						<SP ID="P35_SP00202" HPOS="1994" VPOS="1715" WIDTH="20"/>
						<String ID="P35_ST00225" HPOS="2014" VPOS="1666" WIDTH="95" HEIGHT="46" CONTENT="fois," WC="0.98" CC="65004"/>
					</TextLine>
					<TextLine ID="P35_TL00021" HPOS="116" VPOS="1734" WIDTH="1994" HEIGHT="49">
						<String ID="P35_ST00226" HPOS="116" VPOS="1739" WIDTH="52" HEIGHT="39" CONTENT="et," WC="0.98" CC="004"/>
						<SP ID="P35_SP00203" HPOS="168" VPOS="1778" WIDTH="32"/>
						<String ID="P35_ST00227" HPOS="200" VPOS="1745" WIDTH="157" HEIGHT="24" CONTENT="comme" WC="0.99" CC="24000"/>
						<SP ID="P35_SP00204" HPOS="357" VPOS="1778" WIDTH="28"/>
						<String ID="P35_ST00228" HPOS="385" VPOS="1736" WIDTH="264" HEIGHT="44" CONTENT="nouveautés," WC="1.00" CC="00030100004"/>
						<SP ID="P35_SP00205" HPOS="649" VPOS="1780" WIDTH="28"/>
						<String ID="P35_ST00229" HPOS="677" VPOS="1734" WIDTH="102" HEIGHT="36" CONTENT="trois" WC="0.98" CC="04434"/>
						<SP ID="P35_SP00206" HPOS="779" VPOS="1780" WIDTH="28"/>
						<String ID="P35_ST00230" HPOS="807" VPOS="1735" WIDTH="136" HEIGHT="46" CONTENT="pièces" WC="0.98" CC="407140"/>
						<SP ID="P35_SP00207" HPOS="943" VPOS="1781" WIDTH="28"/>
						<String ID="P35_ST00231" HPOS="971" VPOS="1735" WIDTH="49" HEIGHT="35" CONTENT="de" WC="1.00" CC="00"/>
						<SP ID="P35_SP00208" HPOS="1020" VPOS="1781" WIDTH="26"/>
						<String ID="P35_ST00232" HPOS="1046" VPOS="1735" WIDTH="58" HEIGHT="36" CONTENT="M." WC="0.79" CC="04"/>
						<SP ID="P35_SP00209" HPOS="1104" VPOS="1781" WIDTH="32"/>
						<String ID="P35_ST00233" HPOS="1136" VPOS="1735" WIDTH="90" HEIGHT="48" CONTENT="Guy" WC="0.98" CC="006"/>
						<SP ID="P35_SP00210" HPOS="1226" VPOS="1783" WIDTH="27"/>
						<String ID="P35_ST00234" HPOS="1253" VPOS="1736" WIDTH="199" HEIGHT="45" CONTENT="Ropartz." WC="0.75" CC="40430033"/>
						<SP ID="P35_SP00211" HPOS="1452" VPOS="1783" WIDTH="30"/>
						<String ID="P35_ST00235" HPOS="1482" VPOS="1734" WIDTH="147" HEIGHT="49" CONTENT="J'aime" WC="0.99" CC="340000"/>
						<SP ID="P35_SP00212" HPOS="1629" VPOS="1783" WIDTH="24"/>
						<String ID="P35_ST00236" HPOS="1653" VPOS="1736" WIDTH="212" HEIGHT="44" CONTENT="beaucoup" WC="1.00" CC="01000600"/>
						<SP ID="P35_SP00213" HPOS="1865" VPOS="1783" WIDTH="30"/>
						<String ID="P35_ST00237" HPOS="1895" VPOS="1735" WIDTH="36" HEIGHT="34" CONTENT="le" WC="0.60" CC="52"/>
						<SP ID="P35_SP00214" HPOS="1931" VPOS="1783" WIDTH="35"/>
						<String ID="P35_ST00238" HPOS="1966" VPOS="1734" WIDTH="144" HEIGHT="35" CONTENT="Thème" WC="0.97" CC="66534" STYLEREFS="TXT_3"/>
					</TextLine>
					<TextLine ID="P35_TL00022" HPOS="115" VPOS="1802" WIDTH="1992" HEIGHT="48">
						<String ID="P35_ST00239" HPOS="115" VPOS="1802" WIDTH="115" HEIGHT="35" CONTENT="varie" WC="0.98" CC="53014" STYLEREFS="TXT_3"/>
						<String ID="P35_ST00240" HPOS="237" VPOS="1832" WIDTH="7" HEIGHT="16" CONTENT="," WC="0.55" CC="4"/>
						<SP ID="P35_SP00215" HPOS="244" VPOS="1848" WIDTH="22"/>
						<String ID="P35_ST00241" HPOS="266" VPOS="1813" WIDTH="101" HEIGHT="24" CONTENT="avec" WC="1.00" CC="0000"/>
						<SP ID="P35_SP00216" HPOS="367" VPOS="1848" WIDTH="24"/>
						<String ID="P35_ST00242" HPOS="391" VPOS="1814" WIDTH="46" HEIGHT="23" CONTENT="sa" WC="1.00" CC="00"/>
						<SP ID="P35_SP00217" HPOS="437" VPOS="1848" WIDTH="25"/>
						<String ID="P35_ST00243" HPOS="462" VPOS="1802" WIDTH="173" HEIGHT="35" CONTENT="tonalité" WC="1.00" CC="03301100"/>
						<SP ID="P35_SP00218" HPOS="635" VPOS="1848" WIDTH="28"/>
						<String ID="P35_ST00244" HPOS="663" VPOS="1803" WIDTH="272" HEIGHT="47" CONTENT="grégorienne" WC="1.00" CC="05000001440"/>
						<SP ID="P35_SP00219" HPOS="935" VPOS="1850" WIDTH="23"/>
						<String ID="P35_ST00245" HPOS="958" VPOS="1814" WIDTH="78" HEIGHT="35" CONTENT="que" WC="0.96" CC="063"/>
						<SP ID="P35_SP00220" HPOS="1036" VPOS="1850" WIDTH="23"/>
						<String ID="P35_ST00246" HPOS="1059" VPOS="1804" WIDTH="215" HEIGHT="35" CONTENT="n'altèrent" WC="0.99" CC="5236045030"/>
						<SP ID="P35_SP00221" HPOS="1274" VPOS="1850" WIDTH="26"/>
						<String ID="P35_ST00247" HPOS="1300" VPOS="1815" WIDTH="76" HEIGHT="35" CONTENT="pas" WC="0.99" CC="002"/>
						<SP ID="P35_SP00222" HPOS="1376" VPOS="1850" WIDTH="21"/>
						<String ID="P35_ST00248" HPOS="1397" VPOS="1804" WIDTH="59" HEIGHT="35" CONTENT="les" WC="0.98" CC="401"/>
						<SP ID="P35_SP00223" HPOS="1456" VPOS="1850" WIDTH="21"/>
						<String ID="P35_ST00249" HPOS="1477" VPOS="1803" WIDTH="216" HEIGHT="46" CONTENT="ingénieux" WC="0.99" CC="049000063"/>
						<SP ID="P35_SP00224" HPOS="1693" VPOS="1850" WIDTH="29"/>
						<String ID="P35_ST00250" HPOS="1722" VPOS="1802" WIDTH="364" HEIGHT="46" CONTENT="développements" WC="1.00" CC="00010600004600"/>
						<SP ID="P35_SP00225" HPOS="2086" VPOS="1850" WIDTH="14"/>
						<String ID="P35_ST00251" HPOS="2100" VPOS="1813" WIDTH="7" HEIGHT="33" CONTENT=";" WC="1.00" CC="0"/>
					</TextLine>
					<TextLine ID="P35_TL00023" HPOS="111" VPOS="1869" WIDTH="1996" HEIGHT="49">
						<String ID="P35_ST00252" HPOS="111" VPOS="1870" WIDTH="42" HEIGHT="35" CONTENT="la" WC="0.86" CC="20"/>
						<SP ID="P35_SP00226" HPOS="153" VPOS="1905" WIDTH="21"/>
						<String ID="P35_ST00253" HPOS="174" VPOS="1869" WIDTH="150" HEIGHT="36" CONTENT="Prière" WC="0.99" CC="210700" STYLEREFS="TXT_3"/>
						<SP ID="P35_SP00227" HPOS="324" VPOS="1905" WIDTH="12"/>
						<String ID="P35_ST00254" HPOS="336" VPOS="1874" WIDTH="112" HEIGHT="43" CONTENT="pour" WC="0.97" CC="5070" STYLEREFS="TXT_3"/>
						<SP ID="P35_SP00228" HPOS="448" VPOS="1917" WIDTH="23"/>
						<String ID="P35_ST00255" HPOS="471" VPOS="1871" WIDTH="58" HEIGHT="34" CONTENT="les" WC="0.98" CC="400" STYLEREFS="TXT_3"/>
						<SP ID="P35_SP00229" HPOS="529" VPOS="1917" WIDTH="30"/>
						<String ID="P35_ST00256" HPOS="559" VPOS="1870" WIDTH="206" HEIGHT="48" CONTENT="Trépassés" WC="0.99" CC="607250073" STYLEREFS="TXT_3"/>
						<SP ID="P35_SP00230" HPOS="765" VPOS="1918" WIDTH="26"/>
						<String ID="P35_ST00257" HPOS="791" VPOS="1883" WIDTH="23" HEIGHT="24" CONTENT="a" WC="1.00" CC="0"/>
						<SP ID="P35_SP00231" HPOS="814" VPOS="1918" WIDTH="21"/>
						<String ID="P35_ST00258" HPOS="835" VPOS="1882" WIDTH="52" HEIGHT="25" CONTENT="un" WC="0.67" CC="60"/>
						<SP ID="P35_SP00232" HPOS="887" VPOS="1918" WIDTH="21"/>
						<String ID="P35_ST00259" HPOS="908" VPOS="1877" WIDTH="148" HEIGHT="30" CONTENT="accent" WC="0.99" CC="003600"/>
						<SP ID="P35_SP00233" HPOS="1056" VPOS="1918" WIDTH="25"/>
						<String ID="P35_ST00260" HPOS="1081" VPOS="1871" WIDTH="155" HEIGHT="36" CONTENT="sincère" WC="0.99" CC="0200430"/>
						<SP ID="P35_SP00234" HPOS="1236" VPOS="1918" WIDTH="22"/>
						<String ID="P35_ST00261" HPOS="1258" VPOS="1877" WIDTH="40" HEIGHT="30" CONTENT="et" WC="1.00" CC="00"/>
						<SP ID="P35_SP00235" HPOS="1298" VPOS="1918" WIDTH="22"/>
						<String ID="P35_ST00262" HPOS="1320" VPOS="1871" WIDTH="198" HEIGHT="36" CONTENT="renferme" WC="0.99" CC="30030500"/>
						<SP ID="P35_SP00236" HPOS="1518" VPOS="1918" WIDTH="23"/>
						<String ID="P35_ST00263" HPOS="1541" VPOS="1871" WIDTH="289" HEIGHT="36" CONTENT="d'admirables" WC="0.99" CC="701000130704"/>
						<SP ID="P35_SP00237" HPOS="1830" VPOS="1918" WIDTH="22"/>
						<String ID="P35_ST00264" HPOS="1852" VPOS="1869" WIDTH="255" HEIGHT="44" CONTENT="harmonies;" WC="0.99" CC="5060203008"/>
					</TextLine>
					<TextLine ID="P35_TL00024" HPOS="115" VPOS="1937" WIDTH="1993" HEIGHT="50">
						<String ID="P35_ST00265" HPOS="115" VPOS="1937" WIDTH="103" HEIGHT="36" CONTENT="mais" WC="0.99" CC="0030"/>
						<SP ID="P35_SP00238" HPOS="218" VPOS="1973" WIDTH="22"/>
						<String ID="P35_ST00266" HPOS="240" VPOS="1938" WIDTH="185" HEIGHT="35" CONTENT="fallait-il" WC="0.99" CC="5000035434"/>
						<SP ID="P35_SP00239" HPOS="425" VPOS="1973" WIDTH="25"/>
						<String ID="P35_ST00267" HPOS="450" VPOS="1938" WIDTH="145" HEIGHT="35" CONTENT="bannir" WC="0.99" CC="001023"/>
						<SP ID="P35_SP00240" HPOS="595" VPOS="1973" WIDTH="29"/>
						<String ID="P35_ST00268" HPOS="624" VPOS="1940" WIDTH="24" HEIGHT="33" CONTENT="à" WC="0.23" CC="7"/>
						<SP ID="P35_SP00241" HPOS="648" VPOS="1973" WIDTH="22"/>
						<String ID="P35_ST00269" HPOS="670" VPOS="1950" WIDTH="44" HEIGHT="24" CONTENT="ce" WC="1.00" CC="00"/>
						<SP ID="P35_SP00242" HPOS="714" VPOS="1974" WIDTH="25"/>
						<String ID="P35_ST00270" HPOS="739" VPOS="1939" WIDTH="117" HEIGHT="46" CONTENT="point" WC="1.00" CC="00400"/>
						<SP ID="P35_SP00243" HPOS="856" VPOS="1985" WIDTH="21"/>
						<String ID="P35_ST00271" HPOS="877" VPOS="1939" WIDTH="40" HEIGHT="35" CONTENT="la" WC="1.00" CC="00"/>
						<SP ID="P35_SP00244" HPOS="917" VPOS="1985" WIDTH="24"/>
						<String ID="P35_ST00272" HPOS="941" VPOS="1940" WIDTH="200" HEIGHT="35" CONTENT="mélodie?" WC="1.00" CC="00000320"/>
						<SP ID="P35_SP00245" HPOS="1141" VPOS="1985" WIDTH="23"/>
						<String ID="P35_ST00273" HPOS="1164" VPOS="1940" WIDTH="59" HEIGHT="35" CONTENT="La" WC="0.80" CC="40"/>
						<SP ID="P35_SP00246" HPOS="1223" VPOS="1985" WIDTH="25"/>
						<String ID="P35_ST00274" HPOS="1248" VPOS="1940" WIDTH="224" HEIGHT="35" CONTENT="Fantaisie" WC="0.99" CC="104661000" STYLEREFS="TXT_3"/>
						<SP ID="P35_SP00247" HPOS="1472" VPOS="1985" WIDTH="29"/>
						<String ID="P35_ST00275" HPOS="1501" VPOS="1945" WIDTH="63" HEIGHT="29" CONTENT="est" WC="1.00" CC="000"/>
						<SP ID="P35_SP00248" HPOS="1564" VPOS="1985" WIDTH="24"/>
						<String ID="P35_ST00276" HPOS="1588" VPOS="1940" WIDTH="41" HEIGHT="34" CONTENT="la" WC="1.00" CC="00"/>
						<SP ID="P35_SP00249" HPOS="1629" VPOS="1985" WIDTH="20"/>
						<String ID="P35_ST00277" HPOS="1649" VPOS="1939" WIDTH="114" HEIGHT="48" CONTENT="pièce" WC="0.98" CC="04504"/>
						<SP ID="P35_SP00250" HPOS="1763" VPOS="1987" WIDTH="22"/>
						<String ID="P35_ST00278" HPOS="1785" VPOS="1940" WIDTH="41" HEIGHT="34" CONTENT="la" WC="1.00" CC="00"/>
						<SP ID="P35_SP00251" HPOS="1826" VPOS="1987" WIDTH="17"/>
						<String ID="P35_ST00279" HPOS="1843" VPOS="1939" WIDTH="91" HEIGHT="46" CONTENT="plus" WC="0.98" CC="0052"/>
						<SP ID="P35_SP00252" HPOS="1934" VPOS="1987" WIDTH="22"/>
						<String ID="P35_ST00280" HPOS="1956" VPOS="1938" WIDTH="127" HEIGHT="46" CONTENT="impor" SUBS_TYPE="HypPart1" SUBS_CONTENT="importante" WC="0.99" CC="30015"/>
						<HYP HPOS="2083" VPOS="1938" WIDTH="25" CONTENT="-"/>
					</TextLine>
					<TextLine ID="P35_TL00025" HPOS="111" VPOS="2006" WIDTH="1996" HEIGHT="48">
						<String ID="P35_ST00281" HPOS="111" VPOS="2011" WIDTH="114" HEIGHT="30" CONTENT="tante" SUBS_TYPE="HypPart2" SUBS_CONTENT="importante" WC="0.99" CC="00500"/>
						<SP ID="P35_SP00253" HPOS="225" VPOS="2041" WIDTH="26"/>
						<String ID="P35_ST00282" HPOS="251" VPOS="2018" WIDTH="7" HEIGHT="23" CONTENT=":" WC="0.33" CC="6"/>
						<SP ID="P35_SP00254" HPOS="258" VPOS="2041" WIDTH="24"/>
						<String ID="P35_ST00283" HPOS="282" VPOS="2006" WIDTH="59" HEIGHT="35" CONTENT="les" WC="1.00" CC="000"/>
						<SP ID="P35_SP00255" HPOS="341" VPOS="2041" WIDTH="22"/>
						<String ID="P35_ST00284" HPOS="363" VPOS="2006" WIDTH="111" HEIGHT="35" CONTENT="idées" WC="1.00" CC="00002"/>
						<SP ID="P35_SP00256" HPOS="474" VPOS="2041" WIDTH="24"/>
						<String ID="P35_ST00285" HPOS="498" VPOS="2018" WIDTH="47" HEIGHT="23" CONTENT="en" WC="0.68" CC="06"/>
						<SP ID="P35_SP00257" HPOS="545" VPOS="2041" WIDTH="22"/>
						<String ID="P35_ST00286" HPOS="567" VPOS="2012" WIDTH="94" HEIGHT="30" CONTENT="sont" WC="0.99" CC="2400"/>
						<SP ID="P35_SP00258" HPOS="661" VPOS="2042" WIDTH="21"/>
						<String ID="P35_ST00287" HPOS="682" VPOS="2007" WIDTH="144" HEIGHT="35" CONTENT="nobles" WC="1.00" CC="030000"/>
						<SP ID="P35_SP00259" HPOS="826" VPOS="2042" WIDTH="20"/>
						<String ID="P35_ST00288" HPOS="846" VPOS="2013" WIDTH="40" HEIGHT="29" CONTENT="et" WC="1.00" CC="00"/>
						<SP ID="P35_SP00260" HPOS="886" VPOS="2042" WIDTH="17"/>
						<String ID="P35_ST00289" HPOS="903" VPOS="2007" WIDTH="94" HEIGHT="36" CONTENT="bien" WC="0.99" CC="0400"/>
						<SP ID="P35_SP00261" HPOS="997" VPOS="2043" WIDTH="13"/>
						<String ID="P35_ST00290" HPOS="1010" VPOS="2010" WIDTH="211" HEIGHT="44" CONTENT="campées;" WC="1.00" CC="13000000"/>
						<SP ID="P35_SP00262" HPOS="1221" VPOS="2054" WIDTH="24"/>
						<String ID="P35_ST00291" HPOS="1245" VPOS="2008" WIDTH="103" HEIGHT="35" CONTENT="mais" WC="0.99" CC="0023"/>
						<SP ID="P35_SP00263" HPOS="1348" VPOS="2054" WIDTH="19"/>
						<String ID="P35_ST00292" HPOS="1367" VPOS="2008" WIDTH="169" HEIGHT="46" CONTENT="j'aurais" WC="0.99" CC="03054030"/>
						<SP ID="P35_SP00264" HPOS="1536" VPOS="2054" WIDTH="21"/>
						<String ID="P35_ST00293" HPOS="1557" VPOS="2007" WIDTH="158" HEIGHT="47" CONTENT="préféré" WC="0.99" CC="0400050"/>
						<SP ID="P35_SP00265" HPOS="1715" VPOS="2054" WIDTH="22"/>
						<String ID="P35_ST00294" HPOS="1737" VPOS="2019" WIDTH="53" HEIGHT="23" CONTENT="un" WC="0.77" CC="04"/>
						<SP ID="P35_SP00266" HPOS="1790" VPOS="2054" WIDTH="21"/>
						<String ID="P35_ST00295" HPOS="1811" VPOS="2018" WIDTH="80" HEIGHT="35" CONTENT="peu" WC="0.98" CC="005"/>
						<SP ID="P35_SP00267" HPOS="1891" VPOS="2054" WIDTH="15"/>
						<String ID="P35_ST00296" HPOS="1906" VPOS="2006" WIDTH="132" HEIGHT="36" CONTENT="moins" WC="0.99" CC="05200"/>
						<SP ID="P35_SP00268" HPOS="2038" VPOS="2054" WIDTH="20"/>
						<String ID="P35_ST00297" HPOS="2058" VPOS="2006" WIDTH="49" HEIGHT="35" CONTENT="de" WC="0.83" CC="03"/>
					</TextLine>
					<TextLine ID="P35_TL00026" HPOS="110" VPOS="2074" WIDTH="1995" HEIGHT="48">
						<String ID="P35_ST00298" HPOS="110" VPOS="2074" WIDTH="179" HEIGHT="47" CONTENT="reprises" WC="0.99" CC="30042400"/>
						<SP ID="P35_SP00269" HPOS="289" VPOS="2121" WIDTH="17"/>
						<String ID="P35_ST00299" HPOS="306" VPOS="2079" WIDTH="40" HEIGHT="30" CONTENT="et" WC="0.60" CC="07"/>
						<SP ID="P35_SP00270" HPOS="346" VPOS="2121" WIDTH="21"/>
						<String ID="P35_ST00300" HPOS="367" VPOS="2075" WIDTH="92" HEIGHT="46" CONTENT="plus" WC="0.98" CC="0160"/>
						<SP ID="P35_SP00271" HPOS="459" VPOS="2121" WIDTH="21"/>
						<String ID="P35_ST00301" HPOS="480" VPOS="2074" WIDTH="48" HEIGHT="35" CONTENT="de" WC="1.00" CC="00"/>
						<SP ID="P35_SP00272" HPOS="528" VPOS="2121" WIDTH="23"/>
						<String ID="P35_ST00302" HPOS="551" VPOS="2075" WIDTH="359" HEIGHT="47" CONTENT="développements" WC="1.00" CC="00003400002000"/>
						<SP ID="P35_SP00273" HPOS="910" VPOS="2122" WIDTH="19"/>
						<String ID="P35_ST00303" HPOS="929" VPOS="2076" WIDTH="235" HEIGHT="36" CONTENT="véritables." WC="1.00" CC="00550004002"/>
						<SP ID="P35_SP00274" HPOS="1164" VPOS="2122" WIDTH="17"/>
						<String ID="P35_ST00304" HPOS="1181" VPOS="2076" WIDTH="136" HEIGHT="45" CONTENT="Quant" WC="0.99" CC="06000"/>
						<SP ID="P35_SP00275" HPOS="1317" VPOS="2122" WIDTH="23"/>
						<String ID="P35_ST00305" HPOS="1340" VPOS="2079" WIDTH="24" HEIGHT="32" CONTENT="à" WC="0.45" CC="5"/>
						<SP ID="P35_SP00276" HPOS="1364" VPOS="2122" WIDTH="21"/>
						<String ID="P35_ST00306" HPOS="1385" VPOS="2077" WIDTH="56" HEIGHT="35" CONTENT="M." WC="0.92" CC="01"/>
						<SP ID="P35_SP00277" HPOS="1441" VPOS="2122" WIDTH="19"/>
						<String ID="P35_ST00307" HPOS="1460" VPOS="2075" WIDTH="223" HEIGHT="46" CONTENT="Guilmant," WC="0.85" CC="053000004"/>
						<SP ID="P35_SP00278" HPOS="1683" VPOS="2122" WIDTH="13"/>
						<String ID="P35_ST00308" HPOS="1696" VPOS="2075" WIDTH="42" HEIGHT="47" CONTENT="je" WC="0.80" CC="21"/>
						<SP ID="P35_SP00279" HPOS="1738" VPOS="2122" WIDTH="23"/>
						<String ID="P35_ST00309" HPOS="1761" VPOS="2086" WIDTH="177" HEIGHT="24" CONTENT="renonce" WC="0.99" CC="4150611"/>
						<SP ID="P35_SP00280" HPOS="1938" VPOS="2122" WIDTH="18"/>
						<String ID="P35_ST00310" HPOS="1956" VPOS="2076" WIDTH="23" HEIGHT="33" CONTENT="à" WC="0.49" CC="5"/>
						<SP ID="P35_SP00281" HPOS="1979" VPOS="2122" WIDTH="18"/>
						<String ID="P35_ST00311" HPOS="1997" VPOS="2086" WIDTH="81" HEIGHT="23" CONTENT="com" SUBS_TYPE="HypPart1" SUBS_CONTENT="comprendre" WC="0.98" CC="050"/>
						<HYP HPOS="2078" VPOS="2086" WIDTH="27" CONTENT="-"/>
					</TextLine>
					<TextLine ID="P35_TL00027" HPOS="110" VPOS="2142" WIDTH="1997" HEIGHT="50">
						<String ID="P35_ST00312" HPOS="110" VPOS="2142" WIDTH="174" HEIGHT="46" CONTENT="prendre" SUBS_TYPE="HypPart2" SUBS_CONTENT="comprendre" WC="1.00" CC="0000000"/>
						<SP ID="P35_SP00282" HPOS="284" VPOS="2188" WIDTH="32"/>
						<String ID="P35_ST00313" HPOS="316" VPOS="2154" WIDTH="77" HEIGHT="35" CONTENT="par" WC="0.98" CC="006"/>
						<SP ID="P35_SP00283" HPOS="393" VPOS="2189" WIDTH="33"/>
						<String ID="P35_ST00314" HPOS="426" VPOS="2143" WIDTH="92" HEIGHT="45" CONTENT="quel" WC="0.99" CC="0600"/>
						<SP ID="P35_SP00284" HPOS="518" VPOS="2189" WIDTH="33"/>
						<String ID="P35_ST00315" HPOS="551" VPOS="2143" WIDTH="194" HEIGHT="47" CONTENT="sortilège" WC="0.99" CC="403000600"/>
						<SP ID="P35_SP00285" HPOS="745" VPOS="2190" WIDTH="31"/>
						<String ID="P35_ST00316" HPOS="776" VPOS="2143" WIDTH="24" HEIGHT="35" CONTENT="il" WC="0.52" CC="63"/>
						<SP ID="P35_SP00286" HPOS="800" VPOS="2190" WIDTH="32"/>
						<String ID="P35_ST00317" HPOS="832" VPOS="2145" WIDTH="152" HEIGHT="35" CONTENT="réussit" WC="0.99" CC="0700030"/>
						<SP ID="P35_SP00287" HPOS="984" VPOS="2190" WIDTH="30"/>
						<String ID="P35_ST00318" HPOS="1014" VPOS="2146" WIDTH="24" HEIGHT="34" CONTENT="à" WC="0.36" CC="6"/>
						<SP ID="P35_SP00288" HPOS="1038" VPOS="2190" WIDTH="30"/>
						<String ID="P35_ST00319" HPOS="1068" VPOS="2145" WIDTH="147" HEIGHT="35" CONTENT="rendre" WC="0.99" CC="433030"/>
						<SP ID="P35_SP00289" HPOS="1215" VPOS="2190" WIDTH="32"/>
						<String ID="P35_ST00320" HPOS="1247" VPOS="2144" WIDTH="202" HEIGHT="48" CONTENT="expressif" WC="0.99" CC="000210415"/>
						<SP ID="P35_SP00290" HPOS="1449" VPOS="2192" WIDTH="29"/>
						<String ID="P35_ST00321" HPOS="1478" VPOS="2150" WIDTH="40" HEIGHT="30" CONTENT="et" WC="0.79" CC="04"/>
						<SP ID="P35_SP00291" HPOS="1518" VPOS="2192" WIDTH="31"/>
						<String ID="P35_ST00322" HPOS="1549" VPOS="2145" WIDTH="197" HEIGHT="35" CONTENT="chantant" WC="0.99" CC="06200057"/>
						<SP ID="P35_SP00292" HPOS="1746" VPOS="2192" WIDTH="30"/>
						<String ID="P35_ST00323" HPOS="1776" VPOS="2143" WIDTH="275" HEIGHT="35" CONTENT="l'instrument" WC="1.00" CC="000000030000"/>
						<SP ID="P35_SP00293" HPOS="2051" VPOS="2192" WIDTH="32"/>
						<String ID="P35_ST00324" HPOS="2083" VPOS="2143" WIDTH="24" HEIGHT="33" CONTENT="à" WC="0.22" CC="7"/>
					</TextLine>
					<TextLine ID="P35_TL00028" HPOS="109" VPOS="2209" WIDTH="1995" HEIGHT="50">
						<String ID="P35_ST00325" HPOS="109" VPOS="2216" WIDTH="154" HEIGHT="41" CONTENT="tuyaux" WC="0.98" CC="045060"/>
						<SP ID="P35_SP00294" HPOS="263" VPOS="2257" WIDTH="22"/>
						<String ID="P35_ST00326" HPOS="285" VPOS="2209" WIDTH="153" HEIGHT="46" CONTENT="rigides" WC="0.99" CC="1092040"/>
						<SP ID="P35_SP00295" HPOS="438" VPOS="2257" WIDTH="21"/>
						<String ID="P35_ST00327" HPOS="459" VPOS="2210" WIDTH="67" HEIGHT="46" CONTENT="qui" WC="1.00" CC="000"/>
						<SP ID="P35_SP00296" HPOS="526" VPOS="2257" WIDTH="24"/>
						<String ID="P35_ST00328" HPOS="550" VPOS="2211" WIDTH="142" HEIGHT="35" CONTENT="s'étale" WC="1.00" CC="0300000"/>
						<SP ID="P35_SP00297" HPOS="692" VPOS="2257" WIDTH="25"/>
						<String ID="P35_ST00329" HPOS="717" VPOS="2212" WIDTH="176" HEIGHT="36" CONTENT="derrière" WC="0.99" CC="03200350"/>
						<SP ID="P35_SP00298" HPOS="893" VPOS="2257" WIDTH="24"/>
						<String ID="P35_ST00330" HPOS="917" VPOS="2212" WIDTH="77" HEIGHT="43" CONTENT="lui;" WC="0.98" CC="5004"/>
						<SP ID="P35_SP00299" HPOS="994" VPOS="2257" WIDTH="25"/>
						<String ID="P35_ST00331" HPOS="1019" VPOS="2212" WIDTH="175" HEIGHT="47" CONTENT="Orphée," WC="0.99" CC="0500204"/>
						<SP ID="P35_SP00300" HPOS="1194" VPOS="2259" WIDTH="31"/>
						<String ID="P35_ST00332" HPOS="1225" VPOS="2213" WIDTH="68" HEIGHT="46" CONTENT="qui" WC="0.98" CC="004"/>
						<SP ID="P35_SP00301" HPOS="1293" VPOS="2259" WIDTH="24"/>
						<String ID="P35_ST00333" HPOS="1317" VPOS="2213" WIDTH="168" HEIGHT="35" CONTENT="animait" WC="0.99" CC="0040130"/>
						<SP ID="P35_SP00302" HPOS="1485" VPOS="2259" WIDTH="24"/>
						<String ID="P35_ST00334" HPOS="1509" VPOS="2213" WIDTH="59" HEIGHT="35" CONTENT="les" WC="1.00" CC="000"/>
						<SP ID="P35_SP00303" HPOS="1568" VPOS="2259" WIDTH="25"/>
						<String ID="P35_ST00335" HPOS="1593" VPOS="2212" WIDTH="171" HEIGHT="47" CONTENT="pierres," WC="0.99" CC="01048404"/>
						<SP ID="P35_SP00304" HPOS="1764" VPOS="2259" WIDTH="27"/>
						<String ID="P35_ST00336" HPOS="1791" VPOS="2210" WIDTH="142" HEIGHT="36" CONTENT="n'était" WC="1.00" CC="0000040"/>
						<SP ID="P35_SP00305" HPOS="1933" VPOS="2259" WIDTH="20"/>
						<String ID="P35_ST00337" HPOS="1953" VPOS="2221" WIDTH="77" HEIGHT="35" CONTENT="pas" WC="0.99" CC="010"/>
						<SP ID="P35_SP00306" HPOS="2030" VPOS="2259" WIDTH="22"/>
						<String ID="P35_ST00338" HPOS="2052" VPOS="2221" WIDTH="52" HEIGHT="24" CONTENT="un" WC="0.71" CC="50"/>
					</TextLine>
					<TextLine ID="P35_TL00029" HPOS="108" VPOS="2277" WIDTH="483" HEIGHT="47">
						<String ID="P35_ST00339" HPOS="108" VPOS="2279" WIDTH="91" HEIGHT="44" CONTENT="plus" WC="0.98" CC="0041"/>
						<SP ID="P35_SP00307" HPOS="199" VPOS="2323" WIDTH="20"/>
						<String ID="P35_ST00340" HPOS="219" VPOS="2278" WIDTH="133" HEIGHT="46" CONTENT="grand" WC="0.96" CC="95065"/>
						<SP ID="P35_SP00308" HPOS="352" VPOS="2324" WIDTH="21"/>
						<String ID="P35_ST00341" HPOS="373" VPOS="2277" WIDTH="218" HEIGHT="46" CONTENT="magicien." WC="1.00" CC="009002001"/>
					</TextLine>
					<TextLine ID="P35_TL00030" HPOS="208" VPOS="2347" WIDTH="1897" HEIGHT="47">
						<String ID="P35_ST00342" HPOS="208" VPOS="2347" WIDTH="58" HEIGHT="35" CONTENT="La" WC="1.00" CC="00"/>
						<SP ID="P35_SP00309" HPOS="266" VPOS="2382" WIDTH="30"/>
						<String ID="P35_ST00343" HPOS="296" VPOS="2348" WIDTH="157" HEIGHT="34" CONTENT="Sonate" WC="0.99" CC="116060" STYLEREFS="TXT_3"/>
						<SP ID="P35_SP00310" HPOS="453" VPOS="2382" WIDTH="25"/>
						<String ID="P35_ST00344" HPOS="478" VPOS="2359" WIDTH="106" HEIGHT="35" CONTENT="pour" WC="0.98" CC="0360"/>
						<SP ID="P35_SP00311" HPOS="584" VPOS="2394" WIDTH="27"/>
						<String ID="P35_ST00345" HPOS="611" VPOS="2347" WIDTH="242" HEIGHT="36" CONTENT="violoncelle" WC="0.99" CC="04513200655"/>
						<SP ID="P35_SP00312" HPOS="853" VPOS="2394" WIDTH="36"/>
						<String ID="P35_ST00346" HPOS="889" VPOS="2354" WIDTH="40" HEIGHT="29" CONTENT="et" WC="1.00" CC="00"/>
						<SP ID="P35_SP00313" HPOS="929" VPOS="2394" WIDTH="26"/>
						<String ID="P35_ST00347" HPOS="955" VPOS="2349" WIDTH="123" HEIGHT="45" CONTENT="piano" WC="0.98" CC="00064"/>
						<SP ID="P35_SP00314" HPOS="1078" VPOS="2394" WIDTH="30"/>
						<String ID="P35_ST00348" HPOS="1108" VPOS="2349" WIDTH="49" HEIGHT="36" CONTENT="de" WC="0.90" CC="02"/>
						<SP ID="P35_SP00315" HPOS="1157" VPOS="2394" WIDTH="30"/>
						<String ID="P35_ST00349" HPOS="1187" VPOS="2349" WIDTH="57" HEIGHT="36" CONTENT="M." WC="0.82" CC="03"/>
						<SP ID="P35_SP00316" HPOS="1244" VPOS="2394" WIDTH="31"/>
						<String ID="P35_ST00350" HPOS="1275" VPOS="2349" WIDTH="45" HEIGHT="36" CONTENT="P." WC="0.37" CC="84"/>
						<SP ID="P35_SP00317" HPOS="1320" VPOS="2394" WIDTH="31"/>
						<String ID="P35_ST00351" HPOS="1351" VPOS="2350" WIDTH="221" HEIGHT="44" CONTENT="Lacombe," WC="0.77" CC="00060334"/>
						<SP ID="P35_SP00318" HPOS="1572" VPOS="2394" WIDTH="37"/>
						<String ID="P35_ST00352" HPOS="1609" VPOS="2350" WIDTH="182" HEIGHT="35" CONTENT="membre" WC="0.99" CC="030063"/>
						<SP ID="P35_SP00319" HPOS="1791" VPOS="2394" WIDTH="29"/>
						<String ID="P35_ST00353" HPOS="1820" VPOS="2350" WIDTH="49" HEIGHT="35" CONTENT="de" WC="1.00" CC="00"/>
						<SP ID="P35_SP00320" HPOS="1869" VPOS="2394" WIDTH="38"/>
						<String ID="P35_ST00354" HPOS="1907" VPOS="2350" WIDTH="198" HEIGHT="37" CONTENT="l'lnstitut" WC="0.99" CC="0360303060"/>
					</TextLine>
					<TextLine ID="P35_TL00031" HPOS="109" VPOS="2414" WIDTH="1996" HEIGHT="51">
						<String ID="P35_ST00355" HPOS="109" VPOS="2414" WIDTH="162" HEIGHT="49" CONTENT="(sonate" WC="1.00" CC="0040001"/>
						<SP ID="P35_SP00321" HPOS="271" VPOS="2463" WIDTH="22"/>
						<String ID="P35_ST00356" HPOS="293" VPOS="2416" WIDTH="83" HEIGHT="35" CONTENT="fort" WC="0.99" CC="0300"/>
						<SP ID="P35_SP00322" HPOS="376" VPOS="2463" WIDTH="27"/>
						<String ID="P35_ST00357" HPOS="403" VPOS="2416" WIDTH="91" HEIGHT="35" CONTENT="bien" WC="0.99" CC="0300"/>
						<SP ID="P35_SP00323" HPOS="494" VPOS="2463" WIDTH="28"/>
						<String ID="P35_ST00358" HPOS="522" VPOS="2418" WIDTH="192" HEIGHT="34" CONTENT="exécutée" WC="1.00" CC="20004000"/>
						<SP ID="P35_SP00324" HPOS="714" VPOS="2463" WIDTH="27"/>
						<String ID="P35_ST00359" HPOS="741" VPOS="2427" WIDTH="75" HEIGHT="35" CONTENT="par" WC="0.98" CC="004"/>
						<SP ID="P35_SP00325" HPOS="816" VPOS="2463" WIDTH="19"/>
						<String ID="P35_ST00360" HPOS="835" VPOS="2416" WIDTH="58" HEIGHT="37" CONTENT="M." WC="0.80" CC="03"/>
						<SP ID="P35_SP00326" HPOS="893" VPOS="2463" WIDTH="25"/>
						<String ID="P35_ST00361" HPOS="918" VPOS="2417" WIDTH="197" HEIGHT="35" CONTENT="Fournier" WC="0.75" CC="60006301"/>
						<SP ID="P35_SP00327" HPOS="1115" VPOS="2463" WIDTH="18"/>
						<String ID="P35_ST00362" HPOS="1133" VPOS="2423" WIDTH="40" HEIGHT="29" CONTENT="et" WC="0.91" CC="10"/>
						<SP ID="P35_SP00328" HPOS="1173" VPOS="2463" WIDTH="22"/>
						<String ID="P35_ST00363" HPOS="1195" VPOS="2418" WIDTH="43" HEIGHT="35" CONTENT="M" WC="1.00" CC="0"/>
						<String ID="P35_ST00364" HPOS="1243" VPOS="2419" WIDTH="39" HEIGHT="21" CONTENT="Ue" STYLE="superscript" WC="0.26" CC="77"/>
						<SP ID="P35_SP00329" HPOS="1282" VPOS="2463" WIDTH="24"/>
						<String ID="P35_ST00365" HPOS="1306" VPOS="2416" WIDTH="206" HEIGHT="49" CONTENT="Fulcran)," WC="0.92" CC="003000002"/>
						<SP ID="P35_SP00330" HPOS="1512" VPOS="2465" WIDTH="25"/>
						<String ID="P35_ST00366" HPOS="1537" VPOS="2429" WIDTH="24" HEIGHT="23" CONTENT="a" WC="1.00" CC="0"/>
						<SP ID="P35_SP00331" HPOS="1561" VPOS="2465" WIDTH="17"/>
						<String ID="P35_ST00367" HPOS="1578" VPOS="2418" WIDTH="216" HEIGHT="46" CONTENT="beaucoup" WC="0.99" CC="02000209"/>
						<SP ID="P35_SP00332" HPOS="1794" VPOS="2465" WIDTH="19"/>
						<String ID="P35_ST00368" HPOS="1813" VPOS="2419" WIDTH="85" HEIGHT="46" CONTENT="plu," WC="0.99" CC="0004"/>
						<SP ID="P35_SP00333" HPOS="1898" VPOS="2465" WIDTH="26"/>
						<String ID="P35_ST00369" HPOS="1924" VPOS="2423" WIDTH="40" HEIGHT="30" CONTENT="et" WC="0.84" CC="30"/>
						<SP ID="P35_SP00334" HPOS="1964" VPOS="2465" WIDTH="21"/>
						<String ID="P35_ST00370" HPOS="1985" VPOS="2420" WIDTH="96" HEIGHT="35" CONTENT="méri" SUBS_TYPE="HypPart1" SUBS_CONTENT="méritait" WC="0.99" CC="0000"/>
						<HYP HPOS="2081" VPOS="2420" WIDTH="24" CONTENT="-"/>
					</TextLine>
					<TextLine ID="P35_TL00032" HPOS="106" VPOS="2483" WIDTH="2000" HEIGHT="50">
						<String ID="P35_ST00371" HPOS="106" VPOS="2483" WIDTH="77" HEIGHT="34" CONTENT="tait" SUBS_TYPE="HypPart2" SUBS_CONTENT="méritait" WC="1.00" CC="0000"/>
						<SP ID="P35_SP00335" HPOS="183" VPOS="2517" WIDTH="22"/>
						<String ID="P35_ST00372" HPOS="205" VPOS="2483" WIDTH="49" HEIGHT="35" CONTENT="de" WC="0.95" CC="00"/>
						<SP ID="P35_SP00336" HPOS="254" VPOS="2518" WIDTH="26"/>
						<String ID="P35_ST00373" HPOS="280" VPOS="2484" WIDTH="142" HEIGHT="45" CONTENT="plaire," WC="0.99" CC="0503500"/>
						<SP ID="P35_SP00337" HPOS="422" VPOS="2529" WIDTH="26"/>
						<String ID="P35_ST00374" HPOS="448" VPOS="2496" WIDTH="75" HEIGHT="35" CONTENT="par" WC="1.00" CC="010"/>
						<SP ID="P35_SP00338" HPOS="523" VPOS="2531" WIDTH="21"/>
						<String ID="P35_ST00375" HPOS="544" VPOS="2485" WIDTH="41" HEIGHT="34" CONTENT="la" WC="0.79" CC="40"/>
						<SP ID="P35_SP00339" HPOS="585" VPOS="2531" WIDTH="27"/>
						<String ID="P35_ST00376" HPOS="612" VPOS="2484" WIDTH="205" HEIGHT="37" CONTENT="fraîcheur" WC="0.99" CC="570606007"/>
						<SP ID="P35_SP00340" HPOS="817" VPOS="2531" WIDTH="23"/>
						<String ID="P35_ST00377" HPOS="840" VPOS="2489" WIDTH="39" HEIGHT="31" CONTENT="et" WC="0.91" CC="01"/>
						<SP ID="P35_SP00341" HPOS="879" VPOS="2531" WIDTH="26"/>
						<String ID="P35_ST00378" HPOS="905" VPOS="2486" WIDTH="39" HEIGHT="35" CONTENT="la" WC="0.84" CC="30"/>
						<SP ID="P35_SP00342" HPOS="944" VPOS="2531" WIDTH="27"/>
						<String ID="P35_ST00379" HPOS="971" VPOS="2485" WIDTH="186" HEIGHT="36" CONTENT="sincérité" WC="1.00" CC="205000000"/>
						<SP ID="P35_SP00343" HPOS="1157" VPOS="2531" WIDTH="28"/>
						<String ID="P35_ST00380" HPOS="1185" VPOS="2486" WIDTH="71" HEIGHT="35" CONTENT="des" WC="0.98" CC="005"/>
						<SP ID="P35_SP00344" HPOS="1256" VPOS="2531" WIDTH="36"/>
						<String ID="P35_ST00381" HPOS="1292" VPOS="2486" WIDTH="111" HEIGHT="35" CONTENT="idées" WC="1.00" CC="20010"/>
						<SP ID="P35_SP00345" HPOS="1403" VPOS="2531" WIDTH="14"/>
						<String ID="P35_ST00382" HPOS="1417" VPOS="2496" WIDTH="8" HEIGHT="35" CONTENT=";" WC="0.56" CC="4"/>
						<SP ID="P35_SP00346" HPOS="1425" VPOS="2531" WIDTH="23"/>
						<String ID="P35_ST00383" HPOS="1448" VPOS="2485" WIDTH="102" HEIGHT="35" CONTENT="mais" WC="0.99" CC="0030"/>
						<SP ID="P35_SP00347" HPOS="1550" VPOS="2531" WIDTH="98"/>
						<String ID="P35_ST00384" HPOS="1648" VPOS="2496" WIDTH="51" HEIGHT="24" CONTENT="au" WC="0.61" CC="07"/>
						<SP ID="P35_SP00348" HPOS="1699" VPOS="2531" WIDTH="27"/>
						<String ID="P35_ST00385" HPOS="1726" VPOS="2485" WIDTH="135" HEIGHT="46" CONTENT="risque" WC="0.99" CC="030050"/>
						<SP ID="P35_SP00349" HPOS="1861" VPOS="2531" WIDTH="23"/>
						<String ID="P35_ST00386" HPOS="1884" VPOS="2486" WIDTH="49" HEIGHT="35" CONTENT="de" WC="1.00" CC="00"/>
						<SP ID="P35_SP00350" HPOS="1933" VPOS="2531" WIDTH="28"/>
						<String ID="P35_ST00387" HPOS="1961" VPOS="2498" WIDTH="145" HEIGHT="35" CONTENT="passer" WC="1.00" CC="000003"/>
					</TextLine>
					<TextLine ID="P35_TL00033" HPOS="105" VPOS="2552" WIDTH="1999" HEIGHT="49">
						<String ID="P35_ST00388" HPOS="105" VPOS="2562" WIDTH="106" HEIGHT="34" CONTENT="pour" WC="0.99" CC="0400"/>
						<SP ID="P35_SP00351" HPOS="211" VPOS="2596" WIDTH="22"/>
						<String ID="P35_ST00389" HPOS="233" VPOS="2552" WIDTH="157" HEIGHT="45" CONTENT="pédant" WC="1.00" CC="000050"/>
						<SP ID="P35_SP00352" HPOS="390" VPOS="2597" WIDTH="85"/>
						<String ID="P35_ST00390" HPOS="475" VPOS="2552" WIDTH="41" HEIGHT="47" CONTENT="je" WC="1.00" CC="00"/>
						<SP ID="P35_SP00353" HPOS="516" VPOS="2599" WIDTH="22"/>
						<String ID="P35_ST00391" HPOS="538" VPOS="2552" WIDTH="55" HEIGHT="35" CONTENT="lui" WC="0.95" CC="643"/>
						<SP ID="P35_SP00354" HPOS="593" VPOS="2599" WIDTH="21"/>
						<String ID="P35_ST00392" HPOS="614" VPOS="2553" WIDTH="265" HEIGHT="46" CONTENT="reprocherai" WC="1.00" CC="40005001003"/>
						<SP ID="P35_SP00355" HPOS="879" VPOS="2599" WIDTH="21"/>
						<String ID="P35_ST00393" HPOS="900" VPOS="2565" WIDTH="51" HEIGHT="24" CONTENT="un" WC="0.65" CC="06"/>
						<SP ID="P35_SP00356" HPOS="951" VPOS="2599" WIDTH="25"/>
						<String ID="P35_ST00394" HPOS="976" VPOS="2554" WIDTH="155" HEIGHT="35" CONTENT="certain" WC="1.00" CC="0000004"/>
						<SP ID="P35_SP00357" HPOS="1131" VPOS="2599" WIDTH="23"/>
						<String ID="P35_ST00395" HPOS="1154" VPOS="2554" WIDTH="141" HEIGHT="35" CONTENT="défaut" WC="0.99" CC="005050"/>
						<SP ID="P35_SP00358" HPOS="1295" VPOS="2599" WIDTH="22"/>
						<String ID="P35_ST00396" HPOS="1317" VPOS="2554" WIDTH="48" HEIGHT="35" CONTENT="de" WC="0.96" CC="00"/>
						<SP ID="P35_SP00359" HPOS="1365" VPOS="2599" WIDTH="26"/>
						<String ID="P35_ST00397" HPOS="1391" VPOS="2553" WIDTH="298" HEIGHT="45" CONTENT="construction," WC="0.99" CC="1373050004534"/>
						<SP ID="P35_SP00360" HPOS="1689" VPOS="2599" WIDTH="30"/>
						<String ID="P35_ST00398" HPOS="1719" VPOS="2559" WIDTH="161" HEIGHT="30" CONTENT="surtout" WC="0.99" CC="0400360"/>
						<SP ID="P35_SP00361" HPOS="1880" VPOS="2599" WIDTH="23"/>
						<String ID="P35_ST00399" HPOS="1903" VPOS="2561" WIDTH="201" HEIGHT="40" CONTENT="apparent" WC="0.99" CC="50014050"/>
					</TextLine>
					<TextLine ID="P35_TL00034" HPOS="107" VPOS="2619" WIDTH="1995" HEIGHT="51">
						<String ID="P35_ST00400" HPOS="107" VPOS="2619" WIDTH="103" HEIGHT="35" CONTENT="dans" WC="0.99" CC="0300"/>
						<SP ID="P35_SP00362" HPOS="210" VPOS="2654" WIDTH="23"/>
						<String ID="P35_ST00401" HPOS="233" VPOS="2620" WIDTH="40" HEIGHT="34" CONTENT="la" WC="0.78" CC="40"/>
						<SP ID="P35_SP00363" HPOS="273" VPOS="2654" WIDTH="23"/>
						<String ID="P35_ST00402" HPOS="296" VPOS="2620" WIDTH="202" HEIGHT="46" CONTENT="première" WC="1.00" CC="00000206"/>
						<SP ID="P35_SP00364" HPOS="498" VPOS="2666" WIDTH="28"/>
						<String ID="P35_ST00403" HPOS="526" VPOS="2620" WIDTH="156" HEIGHT="46" CONTENT="partie:" WC="0.99" CC="0440135"/>
						<SP ID="P35_SP00365" HPOS="682" VPOS="2666" WIDTH="31"/>
						<String ID="P35_ST00404" HPOS="713" VPOS="2621" WIDTH="36" HEIGHT="34" CONTENT="le" WC="1.00" CC="00"/>
						<SP ID="P35_SP00366" HPOS="749" VPOS="2666" WIDTH="26"/>
						<String ID="P35_ST00405" HPOS="775" VPOS="2621" WIDTH="177" HEIGHT="46" CONTENT="premier" WC="1.00" CC="0000400"/>
						<SP ID="P35_SP00367" HPOS="952" VPOS="2667" WIDTH="24"/>
						<String ID="P35_ST00406" HPOS="976" VPOS="2622" WIDTH="131" HEIGHT="45" CONTENT="motif," WC="0.99" CC="050023"/>
						<SP ID="P35_SP00368" HPOS="1107" VPOS="2667" WIDTH="26"/>
						<String ID="P35_ST00407" HPOS="1133" VPOS="2622" WIDTH="99" HEIGHT="34" CONTENT="dont" WC="0.97" CC="0560"/>
						<SP ID="P35_SP00369" HPOS="1232" VPOS="2667" WIDTH="17"/>
						<String ID="P35_ST00408" HPOS="1249" VPOS="2622" WIDTH="40" HEIGHT="46" CONTENT="je" WC="1.00" CC="00"/>
						<SP ID="P35_SP00370" HPOS="1289" VPOS="2668" WIDTH="25"/>
						<String ID="P35_ST00409" HPOS="1314" VPOS="2634" WIDTH="49" HEIGHT="22" CONTENT="ne" WC="1.00" CC="00"/>
						<SP ID="P35_SP00371" HPOS="1363" VPOS="2668" WIDTH="22"/>
						<String ID="P35_ST00410" HPOS="1385" VPOS="2622" WIDTH="64" HEIGHT="34" CONTENT="nie" WC="0.99" CC="030"/>
						<SP ID="P35_SP00372" HPOS="1449" VPOS="2668" WIDTH="21"/>
						<String ID="P35_ST00411" HPOS="1470" VPOS="2633" WIDTH="77" HEIGHT="34" CONTENT="pas" WC="1.00" CC="000"/>
						<SP ID="P35_SP00373" HPOS="1547" VPOS="2668" WIDTH="18"/>
						<String ID="P35_ST00412" HPOS="1565" VPOS="2622" WIDTH="133" HEIGHT="43" CONTENT="l'élan," WC="1.00" CC="0030004"/>
						<SP ID="P35_SP00374" HPOS="1698" VPOS="2668" WIDTH="28"/>
						<String ID="P35_ST00413" HPOS="1726" VPOS="2633" WIDTH="42" HEIGHT="23" CONTENT="se" WC="1.00" CC="00"/>
						<SP ID="P35_SP00375" HPOS="1768" VPOS="2668" WIDTH="17"/>
						<String ID="P35_ST00414" HPOS="1785" VPOS="2623" WIDTH="138" HEIGHT="45" CONTENT="répète" WC="0.99" CC="200500"/>
						<SP ID="P35_SP00376" HPOS="1923" VPOS="2668" WIDTH="15"/>
						<String ID="P35_ST00415" HPOS="1938" VPOS="2623" WIDTH="164" HEIGHT="47" CONTENT="jusqu'à" WC="0.98" CC="3500607"/>
					</TextLine>
					<TextLine ID="P35_TL00035" HPOS="106" VPOS="2687" WIDTH="1996" HEIGHT="49">
						<String ID="P35_ST00416" HPOS="106" VPOS="2687" WIDTH="192" HEIGHT="46" CONTENT="fatiguer," WC="0.99" CC="403000060"/>
						<SP ID="P35_SP00377" HPOS="298" VPOS="2733" WIDTH="26"/>
						<String ID="P35_ST00417" HPOS="324" VPOS="2693" WIDTH="40" HEIGHT="29" CONTENT="et" WC="1.00" CC="00"/>
						<SP ID="P35_SP00378" HPOS="364" VPOS="2733" WIDTH="21"/>
						<String ID="P35_ST00418" HPOS="385" VPOS="2689" WIDTH="40" HEIGHT="34" CONTENT="la" WC="0.69" CC="60"/>
						<SP ID="P35_SP00379" HPOS="425" VPOS="2733" WIDTH="22"/>
						<String ID="P35_ST00419" HPOS="447" VPOS="2688" WIDTH="178" HEIGHT="35" CONTENT="seconde" WC="0.99" CC="0004800"/>
						<SP ID="P35_SP00380" HPOS="625" VPOS="2733" WIDTH="22"/>
						<String ID="P35_ST00420" HPOS="647" VPOS="2688" WIDTH="103" HEIGHT="45" CONTENT="idée," WC="0.98" CC="03404"/>
						<SP ID="P35_SP00381" HPOS="750" VPOS="2733" WIDTH="33"/>
						<String ID="P35_ST00421" HPOS="783" VPOS="2689" WIDTH="33" HEIGHT="34" CONTENT="si" WC="0.65" CC="51"/>
						<SP ID="P35_SP00382" HPOS="816" VPOS="2733" WIDTH="24"/>
						<String ID="P35_ST00422" HPOS="840" VPOS="2689" WIDTH="230" HEIGHT="35" CONTENT="nécessaire" WC="1.00" CC="0200000401"/>
						<SP ID="P35_SP00383" HPOS="1070" VPOS="2733" WIDTH="28"/>
						<String ID="P35_ST00423" HPOS="1098" VPOS="2691" WIDTH="24" HEIGHT="33" CONTENT="à" WC="0.43" CC="5"/>
						<SP ID="P35_SP00384" HPOS="1122" VPOS="2733" WIDTH="26"/>
						<String ID="P35_ST00424" HPOS="1148" VPOS="2701" WIDTH="53" HEIGHT="24" CONTENT="un" WC="0.52" CC="63"/>
						<SP ID="P35_SP00385" HPOS="1201" VPOS="2733" WIDTH="30"/>
						<String ID="P35_ST00425" HPOS="1231" VPOS="2689" WIDTH="175" HEIGHT="46" CONTENT="premier" WC="1.00" CC="0000004"/>
						<SP ID="P35_SP00386" HPOS="1406" VPOS="2735" WIDTH="26"/>
						<String ID="P35_ST00426" HPOS="1432" VPOS="2695" WIDTH="262" HEIGHT="29" CONTENT="mouvement" WC="1.00" CC="057000000"/>
						<SP ID="P35_SP00387" HPOS="1694" VPOS="2735" WIDTH="29"/>
						<String ID="P35_ST00427" HPOS="1723" VPOS="2689" WIDTH="49" HEIGHT="35" CONTENT="de" WC="1.00" CC="00"/>
						<SP ID="P35_SP00388" HPOS="1772" VPOS="2735" WIDTH="34"/>
						<String ID="P35_ST00428" HPOS="1806" VPOS="2696" WIDTH="158" HEIGHT="40" CONTENT="sonate," WC="0.99" CC="0340014"/>
						<SP ID="P35_SP00389" HPOS="1964" VPOS="2736" WIDTH="26"/>
						<String ID="P35_ST00429" HPOS="1990" VPOS="2697" WIDTH="63" HEIGHT="29" CONTENT="est" WC="0.98" CC="400"/>
						<SP ID="P35_SP00390" HPOS="2053" VPOS="2736" WIDTH="25"/>
						<String ID="P35_ST00430" HPOS="2078" VPOS="2693" WIDTH="24" HEIGHT="34" CONTENT="à" WC="0.25" CC="7"/>
					</TextLine>
					<TextLine ID="P35_TL00036" HPOS="106" VPOS="2754" WIDTH="1992" HEIGHT="52">
						<String ID="P35_ST00431" HPOS="106" VPOS="2754" WIDTH="118" HEIGHT="50" CONTENT="peine" WC="0.99" CC="60300"/>
						<SP ID="P35_SP00391" HPOS="224" VPOS="2804" WIDTH="29"/>
						<String ID="P35_ST00432" HPOS="253" VPOS="2755" WIDTH="205" HEIGHT="49" CONTENT="indiquée." WC="0.99" CC="600286007"/>
						<SP ID="P35_SP00392" HPOS="458" VPOS="2804" WIDTH="32"/>
						<String ID="P35_ST00433" HPOS="490" VPOS="2756" WIDTH="241" HEIGHT="46" CONTENT="Cependant" WC="0.99" CC="000050064"/>
						<SP ID="P35_SP00393" HPOS="731" VPOS="2804" WIDTH="26"/>
						<String ID="P35_ST00434" HPOS="757" VPOS="2756" WIDTH="165" HEIGHT="36" CONTENT="l'œuvre" WC="0.99" CC="4305400"/>
						<SP ID="P35_SP00394" HPOS="922" VPOS="2804" WIDTH="30"/>
						<String ID="P35_ST00435" HPOS="952" VPOS="2762" WIDTH="62" HEIGHT="30" CONTENT="est" WC="1.00" CC="000"/>
						<SP ID="P35_SP00395" HPOS="1014" VPOS="2804" WIDTH="27"/>
						<String ID="P35_ST00436" HPOS="1041" VPOS="2757" WIDTH="82" HEIGHT="35" CONTENT="fort" WC="0.99" CC="5000"/>
						<SP ID="P35_SP00396" HPOS="1123" VPOS="2804" WIDTH="26"/>
						<String ID="P35_ST00437" HPOS="1149" VPOS="2757" WIDTH="274" HEIGHT="35" CONTENT="intéressante" WC="1.00" CC="370000020000"/>
						<SP ID="P35_SP00397" HPOS="1423" VPOS="2804" WIDTH="30"/>
						<String ID="P35_ST00438" HPOS="1453" VPOS="2763" WIDTH="40" HEIGHT="29" CONTENT="et" WC="1.00" CC="00"/>
						<SP ID="P35_SP00398" HPOS="1493" VPOS="2804" WIDTH="26"/>
						<String ID="P35_ST00439" HPOS="1519" VPOS="2758" WIDTH="37" HEIGHT="35" CONTENT="le" WC="0.76" CC="40"/>
						<SP ID="P35_SP00399" HPOS="1556" VPOS="2804" WIDTH="23"/>
						<String ID="P35_ST00440" HPOS="1579" VPOS="2757" WIDTH="90" HEIGHT="47" CONTENT="plus" WC="0.98" CC="0341"/>
						<SP ID="P35_SP00400" HPOS="1669" VPOS="2804" WIDTH="24"/>
						<String ID="P35_ST00441" HPOS="1693" VPOS="2764" WIDTH="174" HEIGHT="29" CONTENT="souvent" WC="0.99" CC="0660000"/>
						<SP ID="P35_SP00401" HPOS="1867" VPOS="2804" WIDTH="23"/>
						<String ID="P35_ST00442" HPOS="1890" VPOS="2760" WIDTH="208" HEIGHT="46" CONTENT="agréable." WC="1.00" CC="000000171"/>
					</TextLine>
				</TextBlock>
				<TextBlock ID="P35_TB00007" HPOS="1563" VPOS="2824" WIDTH="336" HEIGHT="42" STYLEREFS="TXT_4 PAR_RIGHT">
					<TextLine ID="P35_TL00037" HPOS="1590" VPOS="2825" WIDTH="309" HEIGHT="40">
						<String ID="P35_ST00443" HPOS="1590" VPOS="2825" WIDTH="127" HEIGHT="37" CONTENT="LOUIS" WC="1.00" CC="60000" STYLEREFS="TXT_5"/>
						<SP ID="P35_SP00402" HPOS="1717" VPOS="2862" WIDTH="27"/>
						<String ID="P35_ST00444" HPOS="1744" VPOS="2826" WIDTH="155" HEIGHT="39" CONTENT="LALOY." WC="0.96" CC="500000"/>
					</TextLine>
				</TextBlock>
				<TextBlock ID="P35_TB00008" HPOS="815" VPOS="3132" WIDTH="571" HEIGHT="55" STYLEREFS="TXT_2 PAR_CENTER">
					<TextLine ID="P35_TL00038" HPOS="817" VPOS="3132" WIDTH="569" HEIGHT="55">
						<String ID="P35_ST00445" HPOS="817" VPOS="3132" WIDTH="264" HEIGHT="55" CONTENT="Musique" WC="0.98" CC="3500137"/>
						<SP ID="P35_SP00403" HPOS="1081" VPOS="3187" WIDTH="31"/>
						<String ID="P35_ST00446" HPOS="1112" VPOS="3133" WIDTH="274" HEIGHT="43" CONTENT="nouvelle." WC="0.99" CC="700063015"/>
					</TextLine>
				</TextBlock>
				<TextBlock ID="P35_TB00009" HPOS="102" VPOS="3278" WIDTH="1992" HEIGHT="122" STYLEREFS="TXT_1 PAR_LEFT">
					<TextLine ID="P35_TL00039" HPOS="202" VPOS="3278" WIDTH="1892" HEIGHT="56">
						<String ID="P35_ST00447" HPOS="202" VPOS="3279" WIDTH="43" HEIGHT="35" CONTENT="M" WC="1.00" CC="0"/>
						<String ID="P35_ST00448" HPOS="251" VPOS="3279" WIDTH="38" HEIGHT="24" CONTENT="lle" STYLE="superscript" WC="0.35" CC="666"/>
						<SP ID="P35_SP00404" HPOS="289" VPOS="3314" WIDTH="34"/>
						<String ID="P35_ST00449" HPOS="323" VPOS="3280" WIDTH="49" HEIGHT="36" CONTENT="A." WC="0.81" CC="03"/>
						<SP ID="P35_SP00405" HPOS="372" VPOS="3316" WIDTH="32"/>
						<String ID="P35_ST00450" HPOS="404" VPOS="3278" WIDTH="214" HEIGHT="39" CONTENT="Sauvrezis" WC="0.81" CC="006020620"/>
						<SP ID="P35_SP00406" HPOS="618" VPOS="3317" WIDTH="28"/>
						<String ID="P35_ST00451" HPOS="646" VPOS="3281" WIDTH="113" HEIGHT="38" CONTENT="vient" WC="0.99" CC="02070"/>
						<SP ID="P35_SP00407" HPOS="759" VPOS="3319" WIDTH="28"/>
						<String ID="P35_ST00452" HPOS="787" VPOS="3282" WIDTH="49" HEIGHT="37" CONTENT="de" WC="0.88" CC="02"/>
						<SP ID="P35_SP00408" HPOS="836" VPOS="3319" WIDTH="30"/>
						<String ID="P35_ST00453" HPOS="866" VPOS="3284" WIDTH="157" HEIGHT="47" CONTENT="publier" WC="1.00" CC="0000400"/>
						<SP ID="P35_SP00409" HPOS="1023" VPOS="3331" WIDTH="31"/>
						<String ID="P35_ST00454" HPOS="1054" VPOS="3296" WIDTH="77" HEIGHT="24" CONTENT="une" WC="0.95" CC="733"/>
						<SP ID="P35_SP00410" HPOS="1131" VPOS="3331" WIDTH="28"/>
						<String ID="P35_ST00455" HPOS="1159" VPOS="3285" WIDTH="157" HEIGHT="36" CONTENT="Sonate" WC="1.00" CC="000000" STYLEREFS="TXT_3"/>
						<SP ID="P35_SP00411" HPOS="1316" VPOS="3331" WIDTH="35"/>
						<String ID="P35_ST00456" HPOS="1351" VPOS="3283" WIDTH="51" HEIGHT="50" CONTENT="(1)" WC="0.68" CC="017"/>
						<SP ID="P35_SP00412" HPOS="1402" VPOS="3333" WIDTH="34"/>
						<String ID="P35_ST00457" HPOS="1436" VPOS="3296" WIDTH="102" HEIGHT="36" CONTENT="pour" WC="0.97" CC="5513"/>
						<SP ID="P35_SP00413" HPOS="1538" VPOS="3333" WIDTH="25"/>
						<String ID="P35_ST00458" HPOS="1563" VPOS="3284" WIDTH="137" HEIGHT="37" CONTENT="violon" WC="0.99" CC="043103"/>
						<SP ID="P35_SP00414" HPOS="1700" VPOS="3333" WIDTH="30"/>
						<String ID="P35_ST00459" HPOS="1730" VPOS="3290" WIDTH="40" HEIGHT="30" CONTENT="et" WC="0.93" CC="10"/>
						<SP ID="P35_SP00415" HPOS="1770" VPOS="3333" WIDTH="30"/>
						<String ID="P35_ST00460" HPOS="1800" VPOS="3284" WIDTH="122" HEIGHT="48" CONTENT="piano" WC="0.97" CC="73035"/>
						<SP ID="P35_SP00416" HPOS="1922" VPOS="3333" WIDTH="32"/>
						<String ID="P35_ST00461" HPOS="1954" VPOS="3284" WIDTH="64" HEIGHT="50" CONTENT="(en" WC="0.99" CC="300"/>
						<SP ID="P35_SP00417" HPOS="2018" VPOS="3334" WIDTH="33"/>
						<String ID="P35_ST00462" HPOS="2051" VPOS="3285" WIDTH="43" HEIGHT="37" CONTENT="rè" WC="0.69" CC="06" STYLEREFS="TXT_3"/>
					</TextLine>
					<TextLine ID="P35_TL00040" HPOS="102" VPOS="3347" WIDTH="1991" HEIGHT="53">
						<String ID="P35_ST00463" HPOS="102" VPOS="3347" WIDTH="188" HEIGHT="46" CONTENT="mineur)," WC="0.98" CC="04806084"/>
						<SP ID="P35_SP00418" HPOS="290" VPOS="3393" WIDTH="26"/>
						<String ID="P35_ST00464" HPOS="316" VPOS="3350" WIDTH="23" HEIGHT="33" CONTENT="à" WC="1.00" CC="0"/>
						<SP ID="P35_SP00419" HPOS="339" VPOS="3393" WIDTH="22"/>
						<String ID="P35_ST00465" HPOS="361" VPOS="3348" WIDTH="66" HEIGHT="46" CONTENT="qui" WC="0.97" CC="071"/>
						<SP ID="P35_SP00420" HPOS="427" VPOS="3394" WIDTH="23"/>
						<String ID="P35_ST00466" HPOS="450" VPOS="3355" WIDTH="131" HEIGHT="30" CONTENT="certes" WC="1.00" CC="002000"/>
						<SP ID="P35_SP00421" HPOS="581" VPOS="3394" WIDTH="25"/>
						<String ID="P35_ST00467" HPOS="606" VPOS="3362" WIDTH="49" HEIGHT="24" CONTENT="on" WC="0.73" CC="05"/>
						<SP ID="P35_SP00422" HPOS="655" VPOS="3394" WIDTH="24"/>
						<String ID="P35_ST00468" HPOS="679" VPOS="3364" WIDTH="49" HEIGHT="22" CONTENT="ne" WC="1.00" CC="00"/>
						<SP ID="P35_SP00423" HPOS="728" VPOS="3394" WIDTH="21"/>
						<String ID="P35_ST00469" HPOS="749" VPOS="3359" WIDTH="97" HEIGHT="39" CONTENT="peut" WC="1.00" CC="0000"/>
						<SP ID="P35_SP00424" HPOS="846" VPOS="3398" WIDTH="20"/>
						<String ID="P35_ST00470" HPOS="866" VPOS="3355" WIDTH="220" HEIGHT="44" CONTENT="reprocher" WC="0.99" CC="040300405"/>
						<SP ID="P35_SP00425" HPOS="1086" VPOS="3399" WIDTH="19"/>
						<String ID="P35_ST00471" HPOS="1105" VPOS="3353" WIDTH="49" HEIGHT="36" CONTENT="de" WC="1.00" CC="00"/>
						<SP ID="P35_SP00426" HPOS="1154" VPOS="3399" WIDTH="23"/>
						<String ID="P35_ST00472" HPOS="1177" VPOS="3365" WIDTH="197" HEIGHT="34" CONTENT="manquer" WC="0.99" CC="0010054"/>
						<SP ID="P35_SP00427" HPOS="1374" VPOS="3399" WIDTH="22"/>
						<String ID="P35_ST00473" HPOS="1396" VPOS="3353" WIDTH="296" HEIGHT="47" CONTENT="d'expression;" WC="1.00" CC="0000002002500"/>
						<SP ID="P35_SP00428" HPOS="1692" VPOS="3400" WIDTH="22"/>
						<String ID="P35_ST00474" HPOS="1714" VPOS="3365" WIDTH="66" HEIGHT="25" CONTENT="ces" WC="1.00" CC="000"/>
						<SP ID="P35_SP00429" HPOS="1780" VPOS="3400" WIDTH="20"/>
						<String ID="P35_ST00475" HPOS="1800" VPOS="3355" WIDTH="208" HEIGHT="45" CONTENT="trémolos," WC="0.99" CC="047001404"/>
						<SP ID="P35_SP00430" HPOS="2008" VPOS="3400" WIDTH="19"/>
						<String ID="P35_ST00476" HPOS="2027" VPOS="3366" WIDTH="66" HEIGHT="24" CONTENT="ces" WC="1.00" CC="000"/>
					</TextLine>
				</TextBlock>
				<TextBlock ID="P35_TB00010" HPOS="178" VPOS="3489" WIDTH="1561" HEIGHT="41" STYLEREFS="TXT_6 PAR_LEFT">
					<TextLine ID="P35_TL00041" HPOS="178" VPOS="3491" WIDTH="1561" HEIGHT="39">
						<String ID="P35_ST00477" HPOS="178" VPOS="3491" WIDTH="41" HEIGHT="36" CONTENT="(T)" WC="0.35" CC="774"/>
						<SP ID="P35_SP00431" HPOS="219" VPOS="3527" WIDTH="24"/>
						<String ID="P35_ST00478" HPOS="243" VPOS="3493" WIDTH="95" HEIGHT="24" CONTENT="Cette" WC="0.97" CC="74107"/>
						<SP ID="P35_SP00432" HPOS="338" VPOS="3527" WIDTH="15"/>
						<String ID="P35_ST00479" HPOS="353" VPOS="3499" WIDTH="117" HEIGHT="25" CONTENT="œuvre," WC="0.98" CC="060433"/>
						<SP ID="P35_SP00433" HPOS="470" VPOS="3527" WIDTH="21"/>
						<String ID="P35_ST00480" HPOS="491" VPOS="3493" WIDTH="77" HEIGHT="24" CONTENT="ainsi" WC="0.96" CC="82294"/>
						<SP ID="P35_SP00434" HPOS="568" VPOS="3527" WIDTH="23"/>
						<String ID="P35_ST00481" HPOS="591" VPOS="3501" WIDTH="60" HEIGHT="25" CONTENT="que" WC="0.96" CC="504"/>
						<SP ID="P35_SP00435" HPOS="651" VPOS="3527" WIDTH="19"/>
						<String ID="P35_ST00482" HPOS="670" VPOS="3496" WIDTH="106" HEIGHT="24" CONTENT="toutes" WC="0.99" CC="014030"/>
						<SP ID="P35_SP00436" HPOS="776" VPOS="3527" WIDTH="15"/>
						<String ID="P35_ST00483" HPOS="791" VPOS="3498" WIDTH="96" HEIGHT="24" CONTENT="celles" WC="0.99" CC="056110"/>
						<SP ID="P35_SP00437" HPOS="887" VPOS="3527" WIDTH="19"/>
						<String ID="P35_ST00484" HPOS="906" VPOS="3505" WIDTH="60" HEIGHT="24" CONTENT="que" WC="0.98" CC="330"/>
						<SP ID="P35_SP00438" HPOS="966" VPOS="3529" WIDTH="15"/>
						<String ID="P35_ST00485" HPOS="981" VPOS="3498" WIDTH="32" HEIGHT="32" CONTENT="je" WC="0.73" CC="50"/>
						<SP ID="P35_SP00439" HPOS="1013" VPOS="3530" WIDTH="20"/>
						<String ID="P35_ST00486" HPOS="1033" VPOS="3499" WIDTH="65" HEIGHT="25" CONTENT="vais" WC="0.97" CC="1460"/>
						<SP ID="P35_SP00440" HPOS="1098" VPOS="3530" WIDTH="20"/>
						<String ID="P35_ST00487" HPOS="1118" VPOS="3499" WIDTH="87" HEIGHT="31" CONTENT="citer," WC="0.99" CC="050000"/>
						<SP ID="P35_SP00441" HPOS="1205" VPOS="3530" WIDTH="21"/>
						<String ID="P35_ST00488" HPOS="1226" VPOS="3501" WIDTH="71" HEIGHT="23" CONTENT="sont" WC="0.99" CC="0060"/>
						<SP ID="P35_SP00442" HPOS="1297" VPOS="3530" WIDTH="15"/>
						<String ID="P35_ST00489" HPOS="1312" VPOS="3497" WIDTH="143" HEIGHT="33" CONTENT="publiées" WC="0.98" CC="34464740"/>
						<SP ID="P35_SP00443" HPOS="1455" VPOS="3530" WIDTH="18"/>
						<String ID="P35_ST00490" HPOS="1473" VPOS="3499" WIDTH="75" HEIGHT="24" CONTENT="chez" WC="0.97" CC="3605"/>
						<SP ID="P35_SP00444" HPOS="1548" VPOS="3530" WIDTH="19"/>
						<String ID="P35_ST00491" HPOS="1567" VPOS="3497" WIDTH="172" HEIGHT="26" CONTENT="Hachette." WC="0.99" CC="721620000"/>
					</TextLine>
				</TextBlock>
			</PrintSpace>
		</Page>
	</Layout>
</alto>
