3497 4399
1662 146 87 53 281

114 301 76 43 ten
221 293 91 50 und
353 291 305 70 prächtigsten
688 289 259 51 Schreibart
990 296 155 44 setzte.
1205 291 65 48 Im
1302 288 165 51 dritten
1496 287 155 51 Theile

115 377 126 50 ward
283 377 97 48 eine
425 373 150 50 1719
625 374 258 67 verfertigte
913 374 192 50 Motette
1148 373 93 50 und
1284 372 71 48 ein
1385 371 141 49 Stück
1571 388 80 32 aus

115 460 138 49 Israel
284 460 41 47 in
357 458 252 65 Aegypten,
649 455 147 50 1738
832 457 269 66 componirt,
1131 455 270 66 aufgeführt.
1443 455 99 48 Den
1573 455 62 48 fol-

117 542 175 53 genden
325 540 161 49 Abend
518 540 189 49 wurden
738 540 57 48 im
827 541 232 47 Pantheon
1092 537 318 50 verschiedene
1440 536 215 49 Händel'-

115 623 106 50 sehe
261 623 368 68 Compositionen
674 640 84 32 von
803 621 114 51 200
965 622 314 48 auserlesenen
1321 620 335 49 Tonkünstlern

119 709 225 48 executirt
387 709 43 46 in
472 707 276 65 Gegenwart
792 724 84 30 von
922 705 127 49 mehr
1093 705 61 48 als
1208 702 149 51 1600
1406 703 250 50 Zuhörern.

115 791 159 48 Dieses
306 789 196 50 Concert
532 790 95 47 that
656 787 110 50 aber
796 789 120 47 nicht
961 787 69 49 die
1062 786 233 65 Wirkung
1337 786 78 48 des
1458 786 198 65 vorigen,

119 890 155 33 woran
319 872 69 49 die
442 872 143 49 heisse
634 871 270 64 Witterung
947 870 341 65 grösstentheils
1346 869 155 48 schuld
1548 885 108 32 war.

118 957 146 49 Unter
295 956 85 48 den
404 955 213 53 Stücken,
650 954 169 48 welche
851 954 150 48 diesen
1026 952 161 50 Abend
1220 951 204 67 gegeben
1455 951 206 57 wurden,

118 1039 58 48 ist
204 1039 98 48 eine
333 1039 179 56 andere,
542 1036 113 48 auch
703 1034 150 50 1727
898 1035 256 66 verfertigte
1184 1035 478 65 Krönungs-Motette,

119 1139 87 32 von
263 1121 80 49 der
386 1121 183 64 Burney
626 1119 98 48 eine
781 1119 198 48 hübsche
1036 1119 241 49 Anekdote
1335 1117 184 50 erzählt.
1577 1116 84 48 Die

121 1205 207 48 Bischöfe
373 1204 153 48 hatten
569 1201 192 50 nämlich
804 1201 100 50 dem
937 1201 321 66 Componisten
1291 1201 69 49 die
1389 1201 163 57 Texte,
1592 1199 69 49 die

121 1304 49 32 er
208 1286 43 49 in
282 1285 147 50 Musik
471 1293 152 40 setzen
663 1284 143 57 sollte,
853 1284 300 65 zugeschickt.
1211 1284 221 48 Händel'n
1478 1281 178 50 machte

124 1370 94 50 dies
251 1369 324 56 verdriesslich,
621 1368 98 48 weil
750 1384 49 31 er
829 1366 198 66 glaubte,
1069 1384 101 31 man
1213 1366 119 49 halte
1373 1366 73 49 ihn
1478 1366 67 47 lür
1576 1383 54 30 un-

123 1453 193 48 wissend
348 1451 91 50 und
471 1450 244 50 unbelesen
745 1450 41 47 in
818 1450 80 47 der
926 1449 142 49 Bibel.
1126 1449 107 57 „Ich
1478 1448 102 48 liess
1613 1463 48 32 er

121 1537 134 48 ihnen
287 1552 151 48 sagen,
479 1534 176 57 „meine
676 1533 124 48 Bibel
819 1533 161 66 fleissig
999 1549 153 49 genug
1186 1531 179 67 gelesen
1393 1531 88 49 und
1509 1530 149 50 werde

121 1618 83 49 mir
236 1618 70 48 die
335 1617 203 67 Sprüche
569 1615 140 50 selbst
1078 1615 107 49 Dies
1215 1614 98 48 that
1344 1632 48 30 er
1422 1613 115 49 auch
1568 1611 90 50 und

118 1700 91 50 traf
235 1702 40 48 in
307 1700 101 50 dem
427 1699 422 67 Anfangsspruche:
891 1699 148 56 „Mein
1070 1699 122 47 Herz
1225 1698 167 48 dichtet
1422 1697 69 48 ein
1524 1695 134 50 feines

122 1783 132 58 Lied;
298 1783 68 49 ich
408 1783 87 48 will
537 1783 156 65 singen
738 1799 85 31 von
863 1782 144 48 einem
1314 1782 74 47 Ps.
1417 1780 142 49 XLV.
1598 1779 62 56 1.,

122 1867 96 49 eine
250 1865 104 50 sehr
385 1865 133 65 kluge
552 1864 154 51 Wahl.
822 1865 50 47 ln
903 1865 79 47 der
1012 1864 166 48 dritten
1210 1863 291 65 Aufführung
1533 1862 123 47 ward

124 1949 80 50 der
234 1949 200 56 Messias,
480 1948 85 48 den
595 1947 177 49 Händel
811 1945 144 50 1741
1007 1947 295 66 componirte,
1347 1944 228 68 gegeben;
1619 1944 43 48 in

127 2032 79 49 der
237 2031 169 49 vierten
438 2031 318 49 verschiedene
787 2029 195 49 kleinere
1023 2029 89 49 und
1158 2046 80 32 aus
1270 2032 240 62 grösseren
1535 2027 95 48 Hän-

127 2114 227 51 del'schen
383 2113 210 51 Werken
625 2130 299 49 genommene
952 2113 185 56 Stücke,
1176 2111 91 49 und
1305 2112 44 48 in
1378 2111 82 49 der
1491 2109 171 50 fünften

126 2196 169 50 wieder
325 2196 79 49 der
434 2196 200 49 Messias.
686 2197 92 47 Der
809 2212 140 48 ganze
979 2196 166 63 Ertrag
1176 2194 143 49 dieser
1350 2193 99 50 fünf
1473 2192 164 49 musica-

127 2279 166 51 lischen
321 2279 348 67 Aufführungen
697 2296 94 32 war
828 2276 206 57 12,736
1059 2277 173 49 Pf.-12
1258 2277 78 48 Sh.
1375 2276 68 49 10
1473 2277 65 55 P.»
1567 2292 64 32 wo-

126 2381 86 33 von
263 2362 151 50 1000
449 2363 65 50 Pf.
559 2380 54 30 an
655 2362 78 48 das
773 2360 579 67 Westminster-Hospital,
1397 2357 155 51 6000
1596 2357 66 48 Pf.

126 2464 57 31 an
212 2445 69 50 die
314 2443 529 68 Versorgungs-Anstalt
872 2445 69 47 für
964 2443 308 49 Tonkünstler
1302 2442 130 48 fielen
1465 2440 89 49 und
1587 2438 79 50 der

127 2531 112 48 Best
268 2530 79 47 mit
376 2528 86 50 den
493 2527 223 66 gehabten
748 2528 176 49 Kosten
956 2526 194 66 aufging.

472 2762 96 57 Der
606 2760 257 74 geistliche
902 2760 412 73 Männergesang.

258 2866 61 47 Es
349 2864 106 66 liegt
485 2880 83 32 uns
599 2862 78 49 das
706 2862 57 49 11.
797 2860 136 49 Heft
965 2860 78 48 der
1084 2859 406 57 „Geistlichen
1520 2859 112 47 Män-

132 2948 306 52 nerchöre,
468 2942 373 68 herausgegeben
866 2960 86 32 von
985 2941 279 50 Wilhelm
1290 2940 188 58 Greef,
1507 2940 160 56 Essen,

138 3030 170 55 1856,
340 3029 70 48 bei
441 3029 52 47 G.
523 3029 57 48 D.
904 3025 126 50 Preis
1068 3025 69 50 10
1171 3026 101 64 Sgr.
1360 3041 94 40 vor,
1498 3024 92 48 und
1620 3040 47 31 es

131 3114 151 51 macht
311 3129 83 32 uns
419 3111 96 49 eine
545 3110 151 48 wahre
722 3109 196 57 Freude,
942 3109 122 48 diese
1088 3108 216 49 treffliche
1319 3108 159 48 zweite
1495 3108 140 48 Samm-

130 3198 124 63 lung,
298 3193 170 50 welche
512 3193 68 48 die
625 3199 120 41 erste
789 3190 121 50 nicht
954 3190 120 50 bloss
1120 3208 56 30 an
1220 3190 207 64 Umfang,
1473 3188 194 49 sondern

131 3279 114 50 auch
277 3295 54 32 an
363 3275 307 50 werthvollem
696 3273 187 57 Inhalte,
913 3273 268 49 namentlich
1211 3273 42 48 in
1281 3273 154 64 Bezug
1464 3271 78 49 auf
1566 3270 76 50 Ori-

136 3359 524 69 ginal-Compositionen,
691 3354 240 57 übertrifft,
975 3355 85 50 den
1090 3355 242 50 Freunden
1377 3354 77 49 des
1486 3360 180 42 ernsten

131 3445 387 64 Männergesangs
549 3442 91 48 und
670 3442 84 48 den
773 3439 270 50 Geistlichen
1073 3439 91 48 und
1195 3438 180 49 Leitern
1407 3456 85 31 von
1524 3436 119 49 kirch-

132 3527 143 49 lichen
306 3523 344 67 Sängerchören
683 3539 55 32 zu
764 3522 263 67 empfehlen.
1060 3520 107 50 Wie
1197 3520 140 49 schon
1369 3519 70 50 bei
1469 3519 200 65 Anzeige

134 3612 79 48 des
245 3610 34 53 I.
311 3608 160 49 Heftes
500 3605 248 69 (Niederrh.
762 3604 380 65 Musik-Zeitung,
1178 3603 172 56 1855,
1373 3605 76 47 Nr.
1469 3603 92 63 52)
1592 3602 52 48 be-

134 3693 163 55 merkt,
326 3692 56 47 ist
413 3690 68 50 die
510 3689 108 48 Zahl
650 3696 132 58 guter
811 3688 252 65 geistlicher
1092 3687 343 56 Männerchöre,
1467 3690 174 45 nament-

133 3776 84 48 lich
249 3776 79 47 der
354 3790 102 31 zum
484 3772 269 48 kirchlichen
771 3769 266 50 Gebrauche
1062 3768 279 66 geeigneten,
1370 3768 123 49 nicht
1516 3783 153 50 gross;

137 3858 70 50 die
236 3858 227 47 Literatur
508 3854 77 49 des
627 3856 410 63 Männergesanges
1082 3852 56 48 ist
1181 3852 57 47 im
1281 3850 266 67 Vergleiche
1591 3849 79 48 mit

137 3939 197 51 anderen
353 3938 209 65 Zweigen
590 3937 77 48 des
689 3938 230 64 Gesanges
943 3953 96 32 arm
1063 3936 136 48 daran
1218 3933 90 50 und
1327 3951 69 32 am
1413 3938 200 46 ärmsten
1628 3932 43 49 in

136 4024 157 64 Bezug
331 4021 79 49 auf
448 4021 85 48 den
579 4018 290 66 liturgischen
899 4019 376 64 Männergesang.
1331 4017 183 49 Woher
1543 4022 127 43 sonst

138 4106 69 49 die
250 4103 339 68 gewöhnlichen
631 4101 387 67 Erscheinungen,
1063 4118 75 32 um
1176 4117 88 32 nur
1293 4098 180 67 Einiges
1516 4117 54 31 zu
1600 4115 69 33 er-

1749 287 206 59 wähnen,
1997 287 101 51 dass
2129 303 101 33 man
2260 303 86 32 von
2377 284 85 50 den
2487 284 361 52 Männerchören
2879 283 69 51 die
2979 301 49 33 so
3061 291 227 59 genannte

1749 371 142 49 kleine
1924 369 281 66 Doxologie:
2255 368 152 60 „Ehre
2438 369 60 49 sei
2530 369 101 49 dem
2665 369 141 49 Vater
2835 368 91 48 und
2957 367 100 49 dem

1749 453 188 69 (welche
1978 453 80 50 der
2100 451 303 50 unsterbliche
2432 451 130 49 Felix
2590 449 590 68 Mendelssohn-Bartholdy
3220 448 71 52 für

1749 537 85 49 den
1881 536 276 66 gemischten
2189 534 123 51 Chor
2354 534 80 49 der
2472 533 273 50 Domkirche
2789 551 55 32 zu
2885 532 149 49 Berlin
3078 532 44 49 in
3166 532 122 49 drei

1750 618 346 50 verschiedenen
2125 617 365 65 Bearbeitungen
2521 614 238 68 gegeben),
2791 616 109 49 oder
2930 616 78 48 das

1750 703 110 49 oder
1889 703 140 47 selbst
2059 702 76 48 das
2167 702 42 48 in
2241 699 331 50 musicalischer
2587 699 259 64 Beziehung
2872 697 308 67 gemeiniglich
3197 713 63 33 we-

1750 787 75 65 nig
1855 783 236 51 beachtete
2120 785 91 48 und
2251 783 117 50 doch
2397 800 51 32 so
2479 781 403 66 bedeutungsvolle
3172 797 45 35 u.
3249 797 41 33 a.

1750 885 59 32 m.
1841 867 116 48 ohne
1988 867 216 65 gehörige
2223 866 291 63 Auffassung,
2544 863 396 66 Unterscheidung
2970 862 90 50 und
3089 862 173 51 Berück-

1752 950 254 64 sichtigung
2050 948 69 49 für
2164 948 69 49 die
2276 947 347 50 verschiedenen
2681 947 268 50 kirchlichen
3006 947 135 48 Feste
3198 946 93 49 und

1752 1033 162 51 Feiern
1946 1032 127 48 meist
2105 1032 40 47 in
2172 1031 135 48 Einer
2337 1031 90 48 und
2458 1030 236 49 derselben
2717 1031 137 48 Form
2886 1028 91 50 und
2999 1028 262 51 Ausdrucks-

1756 1116 134 50 weise
1919 1116 102 47 hört
2035 1116 22 47 ?
2086 1115 174 48 Gewiss
2277 1113 97 67 gibt
2396 1130 45 32 es
2460 1112 54 50 da
2529 1112 229 57 Manches,
2774 1112 78 48 das
2871 1112 102 48 sehr
2990 1111 301 51 beschränkte

1754 1197 93 51 und
1884 1197 166 50 seichte
2082 1196 246 50 Ansichten
2371 1196 192 48 verräth.
2623 1195 269 65 Schweigen
2937 1193 81 50 wir
3061 1211 86 32 von
3189 1193 104 50 dem

1754 1280 240 49 Tactlosen
2025 1280 91 48 und
2149 1296 80 47 gar
2258 1277 383 57 Unerfreulichen,
2672 1276 102 51 dass
2806 1295 35 31 z.
2873 1277 51 49 B.
2956 1276 43 50 in
3029 1275 124 51 einer
3182 1276 113 48 zwei

1756 1364 154 50 Bände
1942 1364 181 48 starken
2154 1362 266 64 Sammlung
2450 1362 90 49 sich
2573 1362 52 49 V.
2652 1361 235 48 Becker's:
2930 1398 18 19 „
2962 1359 83 49 Ein
3067 1359 228 49 Kirchlein

1758 1447 121 49 steht
1910 1446 56 48 im
2257 1445 98 66 (mit
2387 1445 104 48 sehr
2521 1444 209 66 geringer
2759 1441 441 67 Text-Aenderung)
3227 1441 65 50 als

1753 1527 530 67 Einweihungs-Gesang
2313 1526 121 50 einer
2455 1526 165 48 Kirche
2641 1526 44 68 (!)
2709 1525 140 49 findet
2879 1543 42 33 u.
2953 1524 89 66 dgl.
3070 1541 84 41 m.;
3184 1524 111 49 oder

1753 1613 128 57 auch,
1913 1613 102 48 dass
2045 1629 100 32 man
2177 1611 230 49 einerseits
2439 1610 155 65 häufig
2622 1610 165 48 andere
2819 1608 60 49 als
2911 1608 70 49 die
3012 1625 54 32 zu
3098 1608 165 66 Compo-

1753 1695 189 48 sitionen
1974 1712 49 30 so
2055 1694 104 48 sehr
2191 1693 92 49 sich
2313 1691 249 66 eignenden
2590 1690 259 50 Bibelverse
2879 1708 56 30 zu
2966 1689 187 49 Grunde
3186 1689 109 67 legt,

1754 1778 90 49 und
1867 1776 299 50 andererseits
2191 1775 356 66 Gesangformen
2576 1774 152 57 wählt,
2760 1773 170 49 welche
2956 1771 68 50 die
3043 1771 254 66 Erbauung

1754 1862 108 48 eher
1894 1864 155 44 stören
2079 1860 63 47 als
2172 1859 196 49 fördern.
2427 1858 242 49 Sicherlich
2707 1858 58 48 ist
2794 1856 97 49 hier
2920 1855 116 50 noch
3065 1855 82 48 viel
3180 1855 85 51 Ver-

1756 1943 146 49 dienst
1932 1961 55 30 zu
2017 1940 253 59 erwerben,
2312 1940 89 50 und
2436 1940 300 50 willkommen
2774 1955 125 32 muss
2933 1938 131 66 jeder
3094 1936 199 53 wirklich

1754 2025 242 50 fördernde
2026 2024 182 66 Beitrag
2237 2024 107 50 sein.

1877 2108 338 65 Veranlassung
2253 2107 154 49 hierzu
2451 2104 148 67 geben
2636 2105 43 49 in
2709 2121 195 33 unseren
2935 2104 157 66 Tagen
3121 2103 71 49 für
3222 2103 70 49 die

1757 2192 376 67 protestantische
2171 2190 167 50 Kirche
2383 2188 320 51 insbesondere
2747 2188 72 49 die
2862 2187 291 66 liturgischen
3194 2185 66 51 An-

1757 2274 190 49 dachten
2007 2273 161 66 (neben
2227 2272 101 49 dem
2387 2270 341 68 gewöhnlichen
2772 2268 523 70 Haupt-Gottesdienste

1758 2357 142 49 durch
1941 2354 460 68 Predigt-Erbauung
2443 2372 41 31 u.
2518 2371 33 33 s.
2584 2353 91 66 w.),
2714 2353 138 50 deren
2896 2352 270 49 Geschichte
3205 2350 92 51 sich

1759 2441 66 48 bis
1856 2441 40 47 in
1928 2439 69 50 die
2027 2441 229 47 frühesten
2274 2438 336 50 Jahrhunderte
2634 2437 228 65 verfolgen
2893 2436 112 49 lässt
3037 2434 93 51 und
3159 2434 140 51 deren

1759 2522 303 49 allmählicher
2095 2521 165 49 Verfall
2303 2521 44 48 in
2392 2521 85 48 den
2519 2519 161 49 beiden
2723 2519 167 49 letzten
2933 2517 366 49 Jahrhunderten

1762 2606 80 49 mit
1871 2606 100 48 dem
1992 2606 167 48 Sinken
2192 2604 89 49 und
2312 2603 80 50 der
2413 2602 258 66 Auflösung
2700 2602 79 48 der
2808 2601 270 49 kirchlichen
3100 2602 169 65 Sänger-

1763 2690 136 47 chöre
1942 2706 41 29 u.
2013 2690 55 45 A.
2115 2705 88 47 eng
2246 2684 419 65 zusammenhängt.
2723 2684 117 49 Dass
2883 2683 102 50 dem
3029 2682 273 49 kirchlichen

1762 2771 143 48 vollen
1937 2770 321 66 Chorgesange
2297 2768 146 50 neben
2488 2767 101 50 dem
2620 2766 446 66 Gemeindegesange
3106 2782 81 33 zur
3215 2766 58 49 Er-

1762 2852 188 65 höhung
1974 2851 437 66 gottesdienstlicher
2429 2850 219 49 Festfeier
2679 2850 80 49 der
2783 2848 124 49 Platz
2940 2847 168 51 wieder
3131 2847 170 60 werde,

1763 2954 85 31 von
1880 2936 100 48 dem
2012 2952 48 32 er
2090 2954 55 30 an
2173 2935 140 48 vielen
2346 2935 147 48 Orten
2521 2933 244 65 verdrängt
2802 2932 71 57 ist,
2918 2931 111 49 dazu
3060 2931 113 49 wird
3202 2931 74 49 hof-

1764 3018 177 49 fentlich
1975 3018 78 49 das
2095 3017 285 66 vorliegende
2410 3017 55 48 11.
2492 3016 109 48 Heft
2641 3016 80 48 der
2760 3013 299 59 „Geistlichen
3088 3013 183 50 Männer-

1969 3101 43 48 in
2043 3100 162 49 hohem
2237 3098 148 50 Grade
2415 3097 265 50 mitwirken.
2725 3096 221 49 Dasselbe
2975 3095 205 50 schliesst
3210 3096 94 49 sich

1762 3185 43 48 in
1836 3185 166 49 seinem
2032 3191 152 41 ersten
2214 3182 152 49 Theile
2396 3199 54 30 an
2487 3181 70 50 die
2596 3181 106 48 weit
2731 3178 302 51 verbreiteten
3074 3178 202 68 „Liturgi-

1763 3267 135 50 schen
1917 3266 267 50 Andachten
2214 3265 80 48 der
2324 3264 280 63 königlichen
2629 3262 111 50 Hof-
2761 3262 93 50 und
2882 3261 288 60 Domkirche,
3201 3262 76 49 her-

1763 3349 290 67 ausgegeben
2097 3366 84 31 von
2227 3349 72 48 Fr.
2341 3347 56 50 A.
2438 3347 184 47 Strauss
2666 3345 177 67 (zweite
2887 3344 206 67 Auflage,
3136 3344 165 59 Berlin,

1762 3434 170 63 Verlag
1961 3449 85 32 von
2073 3432 79 49 W.
2176 3431 157 56 Hertz,
2624 3445 71 42 an,
2725 3429 78 48 auf
2829 3427 167 50 welche
3024 3426 184 60 Schrift,
3239 3426 63 50 als

1763 3515 80 48 auf
1880 3514 130 48 einen
2054 3513 380 66 zweckmässigen
2463 3511 352 66 Anhaltspunkt,
2859 3509 113 48 auch
3004 3507 71 51 die
3106 3509 172 67 preussi-

1763 3598 136 49 schen
1930 3596 264 68 Regulative
2234 3595 69 51 die
2327 3594 428 51 Lehrer-Seminare
2784 3593 262 49 hinweisen.
3104 3593 62 48 Es
3207 3591 97 66 gibt

1763 3690 161 40 unter:
1969 3683 60 47 A.
2070 3676 72 52 93
2192 3678 364 66 liturgische
2592 3675 435 50 Männerchöre
3065 3674 70 49 für
3164 3674 136 51 zwölf

1762 3763 269 49 Andachten
2062 3761 365 68 (Weihnachten,
2462 3758 213 66 Neujahr,
2711 3758 315 58 Passionszeit,
3057 3758 170 49 Ostern
3255 3774 46 32 u.

1764 3863 33 32 s.
1828 3845 75 66 w.)
1946 3844 133 50 nebst
2119 3845 142 49 einem
2291 3843 220 64 Anhange
2552 3858 85 32 von
2669 3840 334 67 Responsorien
3036 3839 89 49 und
3156 3839 116 49 Chor-

1764 3932 229 62 gesängen
2039 3928 67 48 für
2149 3927 85 49 den
2277 3924 342 66 sonntäglichen
2658 3921 506 69 Haupt-Gottesdienst,
3207 3923 95 49 und

1764 4018 135 43 unter
1942 4013 56 47 B.
2040 4008 290 68 Zugaben,
2375 4005 74 52 30
2484 4007 150 50 Chöre
2675 4024 80 32 zur
2784 4005 217 51 Auswahl
3032 4004 71 50 bei
3131 4007 171 49 Festen

1766 4094 91 51 und
1888 4093 383 60 Feierlichkeiten,
2300 4092 215 64 Morgen-
2548 4089 91 52 und
2669 4088 456 52 Abend-Andachten
3135 4089 167 50 —also
