2306 3728
166 195 80 48 436

686 205 51 26 LA
770 205 143 28 HARPE
948 203 318 33 CHROMATIQUE
1304 204 104 27 SANS
1442 196 193 37 PÉDALES

211 295 108 34 Cette
354 293 231 44 production
618 304 20 22 a
664 303 45 24 eu
744 294 77 33 lieu
852 305 46 23 en
931 295 181 43 présence
1133 294 64 33 des
1222 293 91 33 trois
1336 295 159 32 maîtres
1528 295 45 33 de
1596 295 190 44 chapelle,
1814 296 65 34 des
1897 297 190 44 harpistes
2112 299 45 34 de

167 352 109 26 notre
299 343 194 33 orchestre
516 350 36 26 et
574 343 46 33 de
642 343 192 43 plusieurs
857 355 222 33 personnes.

211 394 29 33 Il
258 394 61 43 n'y
335 403 20 22 a
373 402 45 24 eu
436 392 142 43 qu'une
602 392 86 33 voix
705 403 68 23 sur
794 394 36 33 la
851 395 148 39 beauté,
1023 394 213 43 l'avantage
1258 399 36 26 et
1312 393 33 33 le
1368 392 134 34 mérite
1519 394 46 33 de
1584 402 107 26 votre
1709 395 210 33 invention.

210 444 68 32 Cet
315 443 247 40 instrument,
588 442 190 33 ravissant
815 454 69 32 par
924 444 36 33 la
989 444 123 33 forme
1144 448 133 27 autant
1306 453 74 33 que
1402 453 68 33 par
1496 443 36 33 le
1556 454 83 32 son,
1663 444 181 33 décorera
1867 451 108 28 notre
1994 446 94 33 salle
2112 446 44 33 de

166 493 194 43 musique,
383 498 37 27 et
453 492 34 42 je
508 501 49 25 ne
585 492 148 34 saurais
758 503 95 23 vous
885 494 93 43 dire,
1010 492 210 44 Monsieur,
1248 492 179 34 combien
1456 493 33 43 je
1519 493 79 34 suis
1627 494 166 33 sensible
1815 495 21 32 à
1857 501 106 27 votre
1988 495 169 34 aimable

166 542 200 35 attention.

210 593 180 41 Recevez,
427 591 90 33 cher
550 591 207 40 Monsieur,
790 601 89 25 avec
898 601 82 24 mes
1005 591 315 35 remerciements
1340 597 36 27 et
1391 601 94 24 ceux
1500 592 46 33 de
1568 602 92 24 mon
1683 591 72 41 fils,
1779 594 233 34 l'assurance
2033 595 45 33 de
2096 604 62 24 ma

167 641 284 36 considération
473 641 88 33 bien
578 641 226 44 distinguée.

1711 692 144 33 COSIMA
1883 693 185 33 WAGNER.

225 792 189 53 L'usage
429 790 53 42 de
501 789 43 42 la
563 790 138 56 harpe
715 790 316 55 chromatique
1046 800 64 32 est
1122 789 418 57 particulièrement
1554 790 189 56 indiqué
1756 806 118 41 pour
1893 792 63 41 les
1977 806 178 29 œuvres

169 861 54 40 de
249 860 219 54 Wagner,
507 872 94 28 non
622 858 252 42 seulement
896 872 117 42 pour
1034 858 64 41 les
1114 858 127 42 traits
1263 858 260 56 capricieux
1545 860 112 40 dont
1677 860 204 55 Wagner
1902 875 23 26 a
1947 860 205 42 fiorituré

166 928 65 41 les
253 928 198 41 Maîtres
474 926 254 42 Chanteurs
734 960 9 18 ,
778 926 113 41 mais
920 926 253 53 également
1204 926 112 42 dans
1347 926 63 42 les
1449 937 148 31 autres
1631 941 177 28 œuvres
1832 929 60 40 du
1917 930 159 39 maître
2098 929 54 40 de

167 995 246 56 Bayreuth.

223 1064 167 53 Quand
413 1063 42 41 la
477 1062 158 42 Louise
668 1062 52 40 de
745 1062 64 40 M.
837 1062 198 41 Gustave
1061 1061 302 54 Charpentier
1385 1061 68 42 fut
1472 1063 178 40 donnée
1667 1063 23 40 à
1712 1062 439 56 l'Opéra-Comique

165 1147 55 27 en
249 1145 128 41 1900,
399 1131 39 40 le
461 1129 223 43 musicien
706 1129 62 40 M.
794 1128 316 54 Charpentier,
1131 1128 40 40 le
1194 1128 224 41 directeur
1439 1129 64 42 M.
1535 1130 160 41 Albert
1720 1131 138 42 Carré
1899 1142 40 30 et
1973 1131 40 40 le
2048 1131 108 40 chef

165 1200 275 41 d'orchestre
477 1199 64 40 M.
587 1198 245 51 Messager,
865 1195 294 41 cherchaient
1187 1209 81 41 par
1296 1206 103 31 tous
1428 1196 64 41 les
1515 1209 190 42 moyens
1744 1199 238 40 musicaux
2007 1198 24 41 à
2052 1198 99 41 leur

162 1269 153 54 portée
340 1267 22 40 à
387 1264 179 42 obtenir
583 1277 61 26 un
668 1262 100 41 effet
788 1263 52 40 de
875 1262 173 54 guitare
1069 1276 87 41 que
1179 1263 41 40 la
1237 1263 174 54 guitare
1432 1263 260 44 elle-même
1716 1265 191 42 donnait
1930 1266 89 41 mal
2039 1267 112 40 dans

160 1336 42 40 la
222 1334 123 41 salle.
372 1332 62 42 Ils
458 1329 319 44 s'adressèrent
804 1330 104 41 àM.
932 1333 142 52 Lyon,
1103 1330 78 54 qui
1206 1331 170 41 résolut
1403 1330 41 41 le
1469 1331 252 55 problème.
1759 1335 64 40 M.
1848 1335 125 54 Lyon
2006 1333 48 42 fît
2095 1347 55 27 en

160 1402 100 42 effet
283 1401 161 42 établir
466 1415 55 26 en
544 1410 156 45 quatre
721 1399 125 54 jours
868 1412 89 27 une
978 1398 141 55 harpe
1142 1398 319 55 chromatique
1477 1401 181 40 montée
1676 1415 54 26 en
1750 1403 159 40 cordes
1933 1401 216 55 spéciales

156 1471 24 41 à
200 1484 77 28 axe
298 1469 262 54 méiallique
591 1478 43 31 et
658 1467 94 55 qui,
776 1466 131 55 jouée
931 1479 105 28 avec
1060 1466 64 41 les
1155 1467 315 42 modulations
1494 1465 176 55 écrites,
1693 1468 153 41 donna
1870 1477 280 32 exactement

156 1538 133 42 l'effet
312 1538 202 41 attendu.

215 1606 173 55 Depuis
406 1620 47 27 ce
474 1615 220 39 moment,
716 1612 184 46 partout
923 1603 59 40 où
1004 1603 92 40 l'on
1117 1602 104 55 joue
1239 1602 165 42 Louise
1411 1636 8 17 ,
1453 1603 194 41 l'auteur
1672 1602 174 42 obtient
1862 1602 283 42 satisfaction

160 1676 153 54 quand
337 1674 32 41 il
389 1688 44 27 se
468 1684 159 31 trouve
660 1673 111 39 dans
795 1669 260 43 l'orchestre
1086 1684 89 27 une
1209 1670 140 55 harpe
1382 1670 334 55 chromatique.
1741 1670 216 51 Ailleurs,
1986 1670 31 40 il
2050 1670 95 42 faut

157 1743 110 56 qu'il
291 1757 45 27 se
356 1742 177 54 résigne
557 1742 23 40 à
604 1742 92 39 s'en
727 1752 169 42 passer.

208 1817 102 34 Aux
347 1811 174 39 récents
569 1820 225 28 concours
818 1807 60 39 du
920 1805 350 42 Conservatoire
1310 1805 53 41 de
1399 1806 248 52 Bruxelles,
1697 1805 64 41 les
1784 1806 363 54 professionnels

153 1891 180 28 comme
355 1877 63 40 les
439 1875 212 56 profanes
675 1884 80 31 ont
775 1874 66 40 été
873 1872 282 42 émerveillés
1191 1874 76 39 des
1290 1874 187 54 progrès
1511 1873 250 55 accomplis
1785 1887 79 41 par
1895 1874 63 40 les
2001 1874 145 41 élèves

153 1946 159 55 depuis
335 1958 88 27 une
443 1944 141 41 année
607 1956 87 40 que
717 1941 42 41 la
781 1942 140 40 classe
955 1941 53 40 de
1032 1941 137 54 harpe
1194 1940 318 56 chromatique
1543 1955 23 27 a
1586 1943 65 39 été
1672 1941 221 41 installée.
1918 1942 85 40 Les
2019 1942 101 54 jour-

150 2028 119 27 naux
287 2013 54 41 de
363 2010 232 43 Bruxelles
616 2018 256 33 constatent
894 2008 23 41 à
939 2008 286 42 l'unanimité
1247 2022 69 28 ces
1340 2009 226 41 résultats.
1585 2010 134 40 Nous
1737 2008 199 42 citerons
1957 2010 187 41 d'abord

150 2082 26 40 Y
181 2081 151 41 Etoile
354 2081 144 52 Belge
504 2111 9 18 ,
537 2078 60 40 du
625 2090 56 41 24
701 2076 98 55 juin
831 2089 107 41 1902
966 2090 7 28 :

193 2185 125 33 Lundi
343 2193 148 31 encore,
515 2192 49 23 on
587 2192 20 23 a
629 2181 74 33 mis
722 2181 53 32 les
811 2179 191 34 bouchées
1041 2179 161 33 doubles
1228 2189 46 22 au
1299 2179 308 44 Conservatoire,
1633 2190 91 23 sans
1750 2181 115 32 doute
1884 2191 97 32 pour
2003 2181 141 34 arriver

150 2236 86 43 plus
258 2234 74 33 vite
356 2233 18 32 à
393 2234 35 31 la
447 2231 52 34 fin
525 2232 65 32 des
607 2231 211 33 Concours.
841 2229 53 32 La
908 2228 179 44 musique
1110 2229 45 32 de
1178 2229 184 33 chambre
1385 2236 36 26 et
1445 2229 36 33 la
1505 2230 131 42 harpe,
1658 2229 65 43 qui
1735 2229 223 33 d'habitude
1981 2230 145 34 fournis-

150 2291 82 27 sent
253 2283 172 33 chacune
446 2290 75 24 une
546 2281 135 32 séance
703 2279 51 32 du
778 2278 120 33 matin
922 2288 47 23 ou
985 2278 45 33 de
1046 2278 264 43 l'après-midi,
1322 2285 66 26 ont
1402 2277 56 34 été
1476 2279 201 43 expédiées
1697 2289 45 23 en
1755 2289 74 22 une
1849 2279 117 41 seule,
1978 2281 44 31 de
2045 2291 38 21 to
2105 2281 37 33 h.

148 2335 20 33 à
199 2344 10 22 i
237 2333 36 32 h.
303 2335 60 37 1/2
390 2332 45 32 de
453 2330 160 33 relevée.
642 2328 73 33 Nul
738 2338 47 23 ne
806 2338 116 34 songe
943 2328 19 32 à
984 2332 76 28 s'en
1079 2328 189 42 plaindre,
1295 2338 62 22 car
1380 2328 223 32 l'ensemble
1627 2334 56 26 est
1707 2326 76 34 fort
1801 2327 231 34 intéressant
2054 2336 35 25 et
2107 2329 37 33 la

146 2381 201 35 virtuosité
362 2380 171 44 harpiste
548 2377 147 45 corrige
714 2384 35 26 et
770 2377 191 42 complète
999 2376 288 44 agréablement
1321 2386 41 23 ce
1403 2387 73 33 que
1503 2378 35 30 la
1557 2376 180 44 musique
1759 2377 191 43 classique
1973 2379 172 41 pourrait

149 2432 105 33 avoir
279 2431 90 33 d'un
392 2439 74 33 peu
492 2429 138 33 sévère.
655 2427 96 33 Sans
773 2432 173 37 compter
985 2425 137 43 qu'elle
1159 2435 39 23 se
1215 2425 123 33 révèle
1375 2435 47 23 en
1441 2432 109 27 outre
1573 2436 47 22 au
1639 2425 73 34 fort
1733 2427 46 32 de
1801 2427 36 32 la
1860 2427 96 33 lutte
1978 2427 167 44 engagée

149 2488 105 27 entre
273 2481 54 31 les
353 2479 97 33 deux
470 2485 107 36 types
599 2476 174 44 opposés,
797 2475 36 32 la
852 2475 118 43 harpe
994 2474 222 43 diatonique
1239 2481 35 25 et
1296 2474 37 33 la
1356 2474 118 42 harpe
1497 2474 281 44 chromatique,
1815 2476 93 32 dont
1938 2486 49 22 on
2011 2476 73 33 sait
2110 2478 34 32 la

86 2539 12 11 '
149 2529 161 34 rivalité.
335 2529 118 32 Dame
477 2527 63 33 !la
556 2525 279 42 chromatique,
861 2525 92 31 dont
971 2534 49 22 on
1042 2523 160 40 doutait,
1229 2523 146 33 semble
1397 2533 147 34 gagner
1559 2524 51 32 du
1630 2525 155 31 terrain.
1811 2524 84 33 Elle
1924 2535 20 23 a
1961 2525 57 32 été
2041 2526 87 33 d'ail-

149 2580 102 33 leurs
270 2578 178 42 joliment
470 2575 188 34 défendue
675 2586 68 31 par
761 2575 55 32 les
830 2573 87 42 cinq
941 2579 248 27 concurrents
1212 2573 64 42 qui
1296 2572 37 33 la
1350 2572 260 43 présentaient
1626 2582 89 23 avec
1737 2573 66 33 des
1822 2573 134 44 degrés
1973 2575 45 31 de
2041 2574 102 34 force

149 2635 35 26 et
206 2627 170 44 d'acquis
397 2626 134 39 variés,
548 2624 100 34 mais
668 2633 89 24 avec
777 2633 75 23 une
868 2620 225 35 conscience
1109 2620 137 34 visible
1265 2621 95 33 delà
1382 2620 132 34 valeur
1537 2627 35 27 et
1594 2621 44 33 de
1656 2623 33 31 la
1711 2622 236 33 commodité
1968 2623 43 32 de
2032 2623 90 33 l'ins-

150 2683 170 28 trument
343 2685 193 24 nouveau.

195 2727 50 32 La
263 2726 118 33 rivale
402 2724 140 34 n'avait
559 2733 72 34 que
651 2723 99 33 deux
777 2721 131 43 sujets,
926 2730 76 23 non
1025 2730 136 23 encore
1201 2719 186 44 éprouvés
1407 2729 47 24 au
1478 2719 62 34 feu
1566 2721 50 32 du
1651 2730 200 30 concours,
1873 2721 99 33 deux
1994 2723 148 33 bonnes

150 2775 124 33 élèves
290 2775 45 32 de
355 2775 47 31 M.
425 2773 168 33 Meerloo
628 2772 64 43 qui
717 2778 67 25 ont
820 2771 87 32 bien
931 2769 134 33 mérité
1088 2769 34 33 le
1142 2770 140 32 second
1306 2769 83 43 prix
1411 2769 159 43 qu'elles
1592 2776 66 26 ont
1683 2770 156 40 obtenu,
1865 2771 91 33 Mlle
1996 2772 149 35 Pierkot

151 2834 88 23 avec
260 2821 47 45 48
328 2824 127 42 points
476 2829 36 26 et
531 2822 36 33 la
592 2820 236 40 distinction,
849 2820 89 32 Mlle
953 2819 156 33 Gellens
1129 2828 89 23 avec
1236 2818 45 43 43
1306 2819 139 42 points.

194 2873 104 32 Pour
338 2872 35 33 la
408 2872 119 42 harpe
561 2869 282 43 chromatique,
886 2868 89 43 cinq
1015 2874 271 26 concurrentes
1323 2868 92 32 dont
1440 2878 52 22 un
1530 2868 140 32 second
1704 2867 83 44 prix
1820 2869 45 32 de
1900 2869 76 34 l'an
2017 2871 124 43 passé,

152 2923 89 31 Mlle
264 2922 166 41 Renson,
454 2920 65 43 qui
542 2926 172 37 emporte
749 2918 93 33 haut
873 2918 36 33 la
928 2917 118 39 main,
1082 2923 94 26 cette
1207 2916 133 39 année,
1364 2916 33 33 le
1420 2916 169 44 premier
1607 2927 88 23 avec
1717 2918 37 32 la
1776 2918 225 35 distinction
2041 2927 36 26 et
2098 2921 44 44 57

152 2972 139 43 points,
315 2970 89 32 Mlle
424 2968 188 43 Cornélis,
631 2978 136 23 encore
788 2977 75 23 une
891 2966 78 34 fille
992 2967 64 32 des
1078 2965 156 34 estimés
1253 2965 238 43 professeurs
1510 2967 51 32 du
1584 2967 309 41 Conservatoire,
1918 2969 63 43 qui
2004 2970 141 33 n'avait

152 3031 66 32 pas
234 3029 193 24 concouru
449 3029 77 23 non
553 3018 99 43 plus,
670 3027 19 23 a
711 3017 97 32 failli
842 3022 213 37 remporter
1092 3015 186 33 d'emblée
1316 3026 69 21 son
1407 3026 10 21 i
1427 3021 27 16 er
1477 3015 96 43 prix,
1601 3022 82 27 tant
1702 3017 71 33 elle
1797 3027 20 23 a
1836 3018 75 33 mis
1930 3019 46 33 de
2004 3017 140 36 finesse

152 3070 199 43 artistique
381 3069 94 33 dans
512 3078 69 22 son
601 3066 201 34 exécution
830 3066 19 31 à
891 3065 35 32 la
950 3064 72 33 fois
1043 3063 120 34 ferme
1196 3071 36 26 et
1254 3064 185 40 nuancée,
1468 3064 170 35 révélant
1658 3076 76 23 une
1774 3073 136 27 nature
1933 3067 134 35 d'élite.
2093 3069 50 33 Le

150 3121 85 42 jury
249 3120 54 33 lui
324 3129 20 23 a
363 3118 124 33 donné
507 3118 34 32 le
557 3116 139 33 second
710 3115 82 43 prix
811 3124 89 23 avec
912 3114 37 32 la
971 3113 225 33 distinction
1220 3113 57 43 (48
1298 3113 155 43 points),
1474 3124 87 23 sans
1576 3116 115 33 doute
1708 3126 98 34 pour
1823 3117 36 32 la
1876 3127 204 25 conserver
2090 3130 52 22 un

151 3180 48 23 an
216 3170 44 32 de
286 3169 87 43 plus
392 3177 72 24 aux
481 3167 105 33 soins
603 3166 45 32 de
671 3166 48 32 M.
741 3164 124 32 Risler
888 3162 138 45 chargé
1049 3163 50 33 du
1112 3173 125 23 cours.

195 3220 47 32 M.
273 3219 202 40 Cantelon,
512 3218 34 32 le
569 3215 82 33 seul
670 3219 226 28 concurrent
935 3210 188 35 masculin
1158 3212 45 33 de
1244 3212 36 33 la
1302 3212 168 43 journée,
1496 3224 20 22 a
1535 3214 75 33 très
1633 3214 88 33 bien
1756 3215 136 33 mérité
1933 3216 103 33 aussi
2074 3226 69 23 son

152 3278 17 22 2
176 3273 9 11 6
207 3268 83 43 prix
309 3278 89 23 avec
421 3265 220 35 distinction
680 3266 58 42 (47
759 3262 63 44 p,).
843 3262 61 34 Un
927 3261 160 34 accessit
1109 3260 60 44 (38
1193 3262 49 43 p.)
1271 3261 19 33 à
1309 3262 88 33 Mlle
1420 3263 82 33 Van
1521 3263 188 35 Overeem
1732 3270 35 27 et
1794 3275 52 22 un
1871 3271 106 28 autre
2008 3264 59 40 (36
2090 3266 54 43 p.)

151 3318 20 32 à
193 3318 89 32 Mlle
305 3318 198 32 Ottmann.

209 3418 63 40 La
311 3417 176 41 Gazette
494 3451 8 18 ,
544 3416 60 41 du
626 3427 56 41 24
703 3413 97 56 juin
830 3424 128 42 1902,
982 3424 43 27 se
1046 3410 109 41 rend
1189 3420 180 45 compte
1392 3410 83 41 elle
1495 3412 124 41 aussi
1644 3412 109 55 qu'il
1771 3427 28 41 y
1819 3426 23 28 a
1856 3423 125 31 autre
2004 3413 137 41 chose

151 3484 111 41 dans
293 3494 111 31 cette
427 3497 144 27 venue
595 3483 54 41 de
671 3481 191 55 laharpe
882 3481 130 55 Lyon
1033 3479 166 56 qu'une
1233 3478 208 42 fantaisie
1465 3481 53 40 de
1543 3481 223 42 fabricant
1779 3481 360 54 d'instruments,
