3604 4427
1740 102 93 55 373

147 254 148 54 durch
351 254 70 52 die
467 254 228 51 eminente
742 253 257 70 Fertigkeit
1043 253 94 52 und
1184 248 427 70 Gleichmässigkeit
1655 249 79 54 des

148 341 164 69 Spiels,
345 339 146 51 durch
522 339 70 50 die
625 338 239 52 zierlichen
888 338 385 52 Combinationen
1297 353 88 33 von
1418 334 287 52 schmachten-

148 428 89 50 den
265 426 259 52 Melodieen
566 424 95 54 und
696 424 254 69 jubelnden
982 424 211 58 Trillern,
1239 424 235 64 Passagen
1519 422 94 51 und
1644 423 60 50 Ar-

147 512 198 70 peggien
376 529 58 33 an
458 511 108 67 jene
599 512 218 50 Märchen
850 511 217 57 erinnert,
1108 508 46 51 in
1197 508 147 50 denen
1389 506 85 49 wir
1516 525 86 33 von
1632 525 76 32 ver-

148 596 184 67 ständig
362 595 251 68 singenden
647 596 180 67 Vögeln
860 614 45 31 u.
938 595 90 66 dgl.
1062 592 132 51 mehr
1226 591 140 51 lesen.
1418 591 63 49 Es
1513 591 98 51 sind
1641 591 62 52 Na-

148 681 204 52 turlaute
383 681 42 49 in
458 681 381 67 kunstgemässer
869 677 311 67 Ausbildung,
1212 677 163 50 weiter
1405 676 174 61 nichts;
1622 676 112 51 aber

148 767 115 51 auch
296 767 96 51 dies
422 767 79 50 hat
530 767 156 50 seinen
715 764 195 58 Werth,
961 780 137 33 wenn
1138 780 49 33 es
1218 764 146 49 selten
1395 762 168 69 gehört
1593 762 140 59 wird;

148 870 49 33 es
230 851 56 51 ist
318 852 71 50 ein
422 851 201 50 harmlos
656 849 231 67 freudiges
911 847 138 69 Spiel.

276 939 123 48 Frau
442 935 226 67 Sophie
712 934 269 59 Förster,
1028 934 70 50 die
1128 934 146 49 Ihnen
1305 951 87 32 von
1425 932 103 51 dem
1563 932 171 50 letzten

145 1021 310 51 Rheinischen
484 1019 271 51 Musikfeste
785 1019 202 51 bekannt
1029 1020 87 58 ist,,
1145 1019 89 68 gab
1267 1019 113 51 zwei
1413 1019 230 49 Concerte
1674 1018 59 49 im

145 1108 134 49 Saale
310 1105 82 51 der
423 1104 390 68 Sing-Akademie
856 1104 98 51 und
983 1104 183 51 erwarb
1208 1104 94 51 sich
1343 1103 90 50 den
1471 1104 100 49 Ruf
1607 1101 127 51 einer

145 1189 229 69 Sängerin
395 1207 87 33 von
508 1189 167 51 solider
696 1189 169 51 Schule
897 1189 94 51 und
1011 1197 190 50 zartem,
1226 1188 286 50 weiblichem
1532 1186 198 54 Wesen.

144 1275 89 51 Die
265 1275 191 51 Stimme
487 1274 165 52 besitzt
681 1275 134 50 mehr
845 1274 226 60 Schmelz,
1104 1274 65 51 als
1201 1274 151 50 reines
1382 1273 174 59 Metall,
1598 1272 135 52 mehr

143 1360 313 58 Lieblichkeit,
488 1360 64 50 als
582 1360 149 50 Kraft.
785 1362 66 48 Im
886 1360 186 50 Ganzen
1114 1359 59 51 ist
1212 1358 125 52 diese
1367 1358 235 67 Richtung
1640 1374 91 35 nur

144 1465 57 31 zu
233 1446 207 67 billigen;
482 1446 117 50 doch
629 1448 128 47 wäre
798 1446 42 49 in
873 1446 89 49 den
992 1444 154 51 hohen
1175 1444 164 51 Tönen
1370 1443 130 52 mehr
1528 1443 202 67 Energie

143 1531 97 50 und
268 1529 146 60 Fülle,
446 1529 71 51 die
548 1529 296 68 Möglichkeit
874 1529 127 50 einer
1030 1528 243 51 stärkeren
1301 1528 339 51 Accentuation
1672 1546 58 32 zu

141 1616 267 52 wünschen.
453 1617 114 49 Hier
609 1616 148 67 liegen
803 1614 71 51 die
915 1614 317 70 Höhepunkte
1277 1613 82 52 der
1401 1613 210 60 Stimme,
1657 1613 71 50 die

144 1701 118 51 auch
303 1700 45 50 in
378 1701 82 49 der
489 1700 121 49 That
651 1700 64 49 als
747 1698 316 69 Höhepunkte
1107 1700 320 49 hervortreten
1467 1698 96 50 und
1603 1697 126 51 nicht

141 1805 59 32 zu
246 1787 210 50 Gunsten
502 1786 125 49 einer
671 1785 471 50 schulmeisterlichen
1187 1783 204 68 Egalität
1436 1782 292 69 aufgeopfert

141 1871 188 51 werden
362 1870 159 50 sollen.
573 1868 83 50 Die
688 1868 198 51 Theorie
916 1867 141 52 treibt
1086 1867 73 52 die
1188 1867 206 67 Egalität
1423 1867 66 50 oft
1519 1884 52 33 so
1602 1866 126 61 weit,

141 1956 106 50 dass
291 1955 111 49 aller
442 1955 159 48 innere
633 1954 277 66 Gegensatz,
952 1954 109 49 alles
1091 1951 176 60 Leben,
1303 1951 108 69 jede
1442 1951 288 67 Steigerung

140 2040 97 51 und
253 2039 337 52 Accentuation
621 2045 291 61 ausgerottet
942 2037 142 60 wird;
1117 2055 51 34 so
1199 2037 110 51 weit
1339 2036 83 52 soll
1455 2036 82 51 der
1569 2037 160 50 wahre

140 2125 225 51 Künstler
397 2124 123 50 nicht
563 2124 178 67 folgen;
785 2140 51 33 er
882 2122 119 68 folge
1046 2122 105 51 dem
1182 2124 130 66 Zuge
1354 2122 84 51 der
1467 2121 261 59 Phantasie,

140 2210 71 50 die
254 2209 94 51 sich
395 2208 145 50 durch
583 2208 88 50 den
714 2208 386 67 ausgleichenden
1132 2206 231 51 Verstand
1406 2206 125 50 nicht
1559 2213 135 43 unter-

140 2294 205 51 drücken
374 2294 126 49 lässt.
531 2294 52 48 In
614 2291 150 52 dieser
788 2291 209 51 Hinsicht
1027 2291 113 51 lässt
1170 2291 81 51 der
1276 2291 186 68 Gesang
1490 2309 88 32 von
1603 2291 123 50 Frau

140 2380 194 51 Förster
367 2397 54 31 zu
454 2376 250 51 wünschen
745 2375 147 69 übrig.
954 2376 127 51 Alles
1122 2376 126 59 aber,
1296 2394 95 32 was
1437 2375 288 52 musicalisch

144 2464 94 51 sich
270 2464 43 50 in
345 2479 202 51 engeren
577 2463 215 49 Gränzen
832 2462 83 50 der
944 2460 412 69 Mannigfaltigkeit
1397 2460 202 69 bewegt,
1644 2460 81 51 das

141 2549 218 51 leichtere
401 2548 129 56 Lied,
583 2547 83 50 der
709 2547 280 50 italiänische
1034 2547 474 66 Coloratur-Gesang,
1554 2545 174 68 gelingt

143 2633 106 51 sehr
287 2632 171 52 sauber
498 2630 96 51 und
621 2630 319 60 wohlthuend,
985 2632 96 50 und
1121 2632 81 49 mit
1230 2630 151 51 Recht
1424 2629 165 51 fanden
1629 2629 96 50 ihre

140 2718 290 67 Leistungen
459 2717 250 67 allseitigen
741 2717 94 49 und
865 2733 207 33 warmen
1103 2716 170 50 Beifall.
1386 2716 114 49 Eine
1532 2716 169 49 interes-

141 2812 146 48 sante,
332 2802 112 51 aber
488 2802 125 49 nicht
657 2802 260 49 öffentliche
948 2801 301 67 Aufführung
1295 2801 104 49 fand
1444 2799 147 51 durch
1635 2799 89 51 den

143 2887 349 51 Stern'schen
533 2886 170 50 Verein
745 2903 82 32 zur
868 2884 268 51 Todesfeier
1175 2884 367 51 Mendelssohn's
1575 2886 150 57 Statt;

143 2975 217 49 Mozart's
390 2971 243 70 Requiem,
665 2970 82 50 der
785 2970 131 52 114.
936 2970 153 50 Psalm
1121 2989 89 31 von
1232 2968 331 52 Mendelssohn
1593 2968 132 68 („Da

143 3058 142 51 Israel
317 3075 82 32 aus
431 3056 245 68 Aegypten
903 3055 94 52 und
1041 3055 69 50 die
1150 3055 390 67 nachgelassenen
1573 3053 155 51 Chöre

143 3142 97 51 und
270 3141 92 51 Soli
394 3159 81 31 aus
832 3140 196 49 wurden
1070 3157 71 32 am
1174 3138 176 51 Ciavier
1387 3138 85 50 mit
1502 3137 82 51 der
1613 3138 85 50 Prä-

143 3226 142 52 cision
317 3225 94 52 und
441 3225 188 51 Frische
658 3241 254 51 gesungen,
956 3225 71 49 die
1074 3225 156 49 diesen
1259 3224 171 52 Verein
1474 3230 114 44 stets
1620 3240 79 33 aus-

144 3310 222 52 zeichnet.
510 3309 86 49 Die
639 3309 421 49 Sinfonie-Soireen
1100 3307 225 51 brachten
1370 3307 71 51 die
1471 3307 254 69 Lustspiel-

145 3397 267 50 Ouverture
442 3411 89 32 von
561 3392 113 51 Jul.
705 3392 191 60 Rietz,
929 3392 71 50 die
1032 3410 124 32 zwar
1180 3410 104 33 vom
1307 3391 243 51 Publicum
1580 3400 146 43 etwas

143 3481 109 51 kühl
293 3480 354 67 aufgenommen
676 3478 178 58 wurde,
897 3478 112 50 aber
1052 3478 71 49 bei
1165 3478 83 50 der
1276 3478 152 50 Kritik
1472 3478 254 67 durchweg

144 3566 71 51 die
257 3564 232 52 verdiente
530 3563 352 66 Anerkennung
922 3561 230 68 gefunden
1193 3561 91 51 hat.
1342 3563 68 49 Im
1452 3563 131 49 Tone
1626 3561 97 51 und

144 3650 255 51 Charakter
430 3648 155 50 finden
628 3646 85 51 wir
752 3646 61 51 im
845 3648 187 49 Ganzen
1077 3646 88 51 den
1198 3646 130 51 Geist
1356 3646 367 52 Mendelssohn's

144 3735 143 51 darin.
319 3735 87 50 Die
430 3733 305 67 Auslührung
766 3739 137 60 zeugt
934 3749 90 33 von
1049 3749 188 50 grosser
1264 3732 461 68 Formgewandtheit

145 3820 94 50 und
281 3819 165 51 feinem
478 3818 298 51 Geschmack.
822 3818 109 49 Man
976 3817 104 49 darf
1119 3815 219 69 übrigens
1383 3817 125 50 nicht
1552 3834 56 33 an
1654 3817 71 49 ein

144 3904 263 59 modernes,
448 3903 328 66 verständiges,
818 3900 200 54 sondern
1049 3918 58 33 an
1137 3900 74 51 ein
1240 3900 460 70 phantastisch-poeti-

144 3988 132 51 sches
321 3988 233 67 Lustspiel
600 3987 202 59 denken;
848 3987 64 49 als
957 3986 266 67 Einleitung
1268 4005 57 31 zu
1370 3987 162 67 irgend
1578 3986 146 50 einem

141 4072 262 68 Lustspiele
434 4090 88 31 von
553 4072 289 68 Shakspeare
873 4069 161 52 würde
1066 4069 63 51 sie
1169 4069 95 51 sich
1295 4069 106 51 sehr
1432 4078 85 61 gut
1546 4071 177 67 eignen.

141 4157 87 52 Die
258 4157 139 52 letzte
427 4156 388 52 Sinfonie-Soiree
854 4156 189 52 brachte
1085 4163 137 45 unter
1264 4156 238 53 Anderem
1533 4156 159 69 Sponti-

1832 250 84 51 ni's
1950 250 267 53 Ouvertüre
2261 268 107 33 zum
2402 249 185 60 Cortez,
2634 268 88 33 von
2768 250 81 53 der
2895 249 207 54 Relistab
3149 250 82 51 mit
3275 250 148 51 Recht

1831 343 118 62 sagt,
1982 337 103 51 dass
2119 337 62 51 sie
2213 336 231 52 zwischen
2469 336 89 50 den
2587 338 436 51 £-<Z?/r-Sinfonieen
3042 356 88 32 von
3154 337 269 52 Beethoven

1829 423 96 50 und
1955 423 180 51 Mozart
2166 423 94 52 und
2292 422 105 51 dem
2422 422 206 51 Scherzo
2650 438 82 33 aus
2758 422 103 51 dem
2887 423 536 51 Sommernachtstraum

1829 506 88 51 wie
1950 507 70 51 ein
2053 507 279 70 scythisches
2365 508 156 52 Werk
2553 507 233 51 zwischen
2820 507 305 51 hellenischen
3155 508 267 68 geklungen

1829 591 143 51 hätte.
2114 593 87 50 Die
2232 593 329 51 Trio-Soireen
2590 593 84 51 der
2703 593 185 50 Herren
2932 593 359 51 Löschhorn
3327 593 92 51 und

1831 676 141 51 Gebr.
2005 677 407 52 Stahlknecht
2444 677 150 52 haben
2619 677 220 52 ebenfalls
2864 676 272 68 begonnen;
3168 678 62 50 sie
3258 677 135 51 brach-

1829 769 80 42 ten
1940 761 71 50 ein
2041 779 144 33 neues
2217 762 108 51 Trio
2366 780 86 33 von
2485 762 287 60 Marschner,
2819 762 80 51 das
2930 760 248 68 allerdings
3210 761 209 52 fliessend

1829 846 96 51 und
1958 846 101 50 edel
2092 846 212 66 gehalten
2336 847 72 59 ist,
2439 847 112 50 aber
2580 849 86 49 den
2707 849 147 49 feinen
2887 847 94 51 und
3013 845 221 52 innerlich
3264 845 130 51 leben-

1829 931 136 67 digen
2007 931 84 50 Stil
2134 931 159 50 echter
2331 932 373 51 Kammermusik
2750 932 124 51 nicht
2920 934 43 49 in
3009 931 95 52 sich
3150 935 152 63 trägt;
3348 948 73 33 am

1831 1016 194 51 meisten
2068 1016 470 69 Eigenthümlichkeit
2584 1018 95 49 und
2716 1018 186 50 Frische
2948 1018 80 49 hat
3076 1016 80 51 das
3200 1015 221 56 Scherzo,

1829 1101 117 52 doch
1979 1103 113 49 lässt
2123 1101 92 51 sich
2248 1101 118 51 auch
2401 1101 96 50 hier
2529 1101 100 51 eine
2661 1101 244 51 Phantasie
2937 1103 249 59 erkennen,
3217 1101 73 51 die
3314 1118 78 34 vor-

1828 1188 257 68 zugsweise
2129 1205 57 33 an
2231 1188 424 68 Formwirkungen
2699 1188 95 50 sich
2840 1186 201 69 gebildet
3085 1188 93 50 hat.
3330 1188 88 49 Die

1828 1274 457 60 Quartett-Soireen,
2330 1292 58 33 an
2435 1273 142 51 deren
2623 1273 156 68 Spitze
2826 1273 84 51 der
2956 1272 139 50 C.-M.
3142 1272 236 50 Zimmer-

1827 1377 165 32 mann
2025 1359 138 59 steht,
2182 1358 154 51 haben
2359 1358 218 51 ebenfalls
2604 1357 263 69 begonnen,
2892 1357 113 50 aber
3033 1355 70 52 bis
3126 1355 118 69 jetzt
3269 1355 148 52 nichts

1824 1444 154 50 Neues
2005 1443 247 67 gebracht;
2285 1444 70 50 ein
2380 1444 172 68 Cyklus
2576 1462 90 33 von
2690 1443 131 51 Trio-
2843 1443 98 51 und
2957 1440 458 63 Quartett-Soireen,

1825 1528 91 51 den
1946 1529 83 50 der
2059 1528 141 52 C.-M.
2224 1528 305 52 Birnbach
2560 1536 356 44 unternommen
2947 1528 94 60 hat,
3074 1527 340 57 zeichnetsich,

1824 1614 87 50 wie
1942 1613 71 52 die
2044 1614 218 59 anderen,
2293 1613 146 51 durch
2463 1613 226 51 treffliche
2711 1613 310 67 Ausführung
3043 1628 110 42 aas;
3184 1612 118 51 doch
3333 1616 54 47 ha-

1820 1698 91 51 ben
1941 1700 85 49 wir
2057 1700 116 49 auch
2201 1700 98 49 hier
2323 1717 89 32 nur
2435 1700 144 49 ältere
2596 1700 183 53 Werke
2803 1698 181 68 gehört.
3017 1696 94 52 Am
3134 1697 253 51 interessan-

1820 1791 157 42 testen
2006 1801 96 32 war
2133 1783 44 51 in
2209 1801 51 32 so
2293 1785 99 48 fern
2421 1783 80 50 das
2533 1791 123 43 erste
2687 1782 82 52 der
2792 1801 90 33 von
2905 1782 90 51 den
3017 1782 186 50 Herren
3228 1781 148 51 Grün-

1823 1867 169 60 wald,
2035 1867 240 51 Redern
2318 1868 94 50 und
2455 1886 38 32 v.
2526 1868 42 51 d.
2601 1868 195 50 Osten
2838 1875 421 43 unternommenen
3290 1865 92 52 Con-

1824 1959 142 52 certe,
1999 1952 166 51 dessen
2185 1954 274 66 Programm
2491 1952 82 50 mit
2604 1952 206 68 Sorgfalt
2840 1969 81 33 aus
2954 1951 201 51 seltener
3187 1951 228 67 gehörten

1824 2037 215 52 Werken
2071 2037 455 68 zusammengestellt
2558 2055 123 34 war:
2709 2037 310 51 Beethoven's
3056 2037 359 51 G-dur-Sonate

1823 2122 71 50 für
1925 2122 140 51 Piano
2099 2122 93 52 und
2226 2122 193 59 Violine,
2450 2122 305 51 Schumann's
2788 2121 446 60 £!s-cZur-Quartett,
3277 2122 109 50 Beet-

1820 2208 187 50 hoven's
2060 2208 291 52 Liederkreis
2393 2225 59 32 an
2501 2208 72 49 die
2624 2208 126 49 ferne
2802 2206 225 56 Geliebte.
3104 2206 108 52 Wir
3253 2206 161 50 freuen

1819 2309 88 33 uns
1938 2293 291 58 namentlich,
2261 2291 104 52 dass
2397 2291 80 51 das
2509 2293 232 49 Interesse
2772 2293 75 48 für
2866 2291 266 50 Schumann
3151 2290 60 51 im
3235 2291 144 51 Wach-

2895 2355 16 13 »J

1822 2394 81 33 sen
1932 2378 73 50 ist.
2036 2376 125 52 Wer
2192 2378 155 49 solche
2380 2378 174 50 Stücke
2586 2375 302 69 geschrieben
2918 2376 95 59 hat,
3046 2375 88 50 wie
3165 2394 36 32 z.
3234 2376 53 50 B.
3323 2376 90 52 den

1820 2469 154 45 ersten
1994 2463 108 49 Satz
2135 2462 118 52 eben
2278 2462 147 50 dieses
2449 2462 262 60 Quartetts,
2742 2462 106 50 darf
2871 2460 128 52 nicht
3028 2460 225 51 vornehm
3285 2462 103 66 igno-

1818 2548 85 49 rirt
1942 2547 205 52 werden.
2205 2548 308 49 Beethoven's
2543 2547 292 50 Liederkreis
2881 2547 58 49 ist
2985 2545 74 50 für
3101 2544 71 51 die
3216 2547 194 49 Stimme

1818 2632 155 67 wenig
2003 2632 230 59 dankbar;
2276 2649 78 33 um
2388 2649 51 33 so
2471 2632 130 50 mehr
2632 2633 57 49 ist
2721 2632 71 52 die
2825 2630 143 52 Wahl
3000 2629 242 51 desselben
3272 2648 140 33 anzu-

3142 2715 53 50 G.
3228 2715 52 51 E.

1820 2717 251 50 erkennen.

2257 2995 102 59 Aus
2398 2994 273 60 Frankfurt
2711 3013 80 41 am
2831 2995 148 59 Main.

1949 3137 120 50 Dem
2100 3136 371 51 aufmerksamen
2500 3136 294 52 Beobachter
2825 3136 82 52 der
2925 3137 386 68 Erscheinungen
3342 3139 81 48 auf

1823 3238 216 34 unserem
2057 3220 193 52 Gebiete
2279 3223 60 49 ist
2368 3238 48 34 es
2449 3221 166 68 gewiss
2633 3221 134 51 keine
2793 3223 192 67 geringe
3001 3221 411 68 Ueberraschung,

1825 3324 56 33 zu
1913 3306 264 69 gewahren,
2220 3306 106 51 dass
2356 3306 73 51 die
2459 3306 429 69 vielgeschwätzige
2919 3308 146 52 Fama
3097 3308 115 50 doch
3243 3308 141 49 zuwei-

1822 3390 75 51 len
1927 3391 121 51 noch
2079 3391 249 51 Wahrheit
2358 3391 146 51 redet.
2551 3391 83 51 Als
2679 3391 71 51 die
2780 3391 291 69 Allgemeine
3101 3391 195 68 Zeitung
3329 3408 83 33 vor

1822 3474 180 69 einigen
2032 3475 173 51 Jahren
2237 3475 103 51 dem
2372 3475 120 51 noch
2524 3475 44 51 in
2610 3483 178 44 zartem
2817 3477 303 67 Jugendalter
3149 3474 261 52 stehenden

1820 3560 320 69 Violinspieler
2170 3560 345 51 Ferdinand
2548 3562 164 50 Laub
2745 3562 129 50 einen
2906 3560 287 52 besonderen
3225 3559 182 51 Artikel

1820 3644 216 51 widmete
2067 3644 94 52 und
2190 3645 124 51 seine
2355 3645 349 69 demnächstige
2734 3645 365 53 Bedeutendheit
3141 3645 241 69 prognosti-

1820 3728 127 60 cirte,
1979 3737 177 43 musste
2186 3729 95 52 dies
2304 3731 74 49 die
2394 3731 296 66 Erinnerung
2714 3729 261 50 wachrufen
3005 3747 59 33 an
3094 3746 52 34 so
3179 3729 112 51 viele
3324 3729 54 50 da-

1822 3832 245 50 gewesene
2097 3816 217 50 frühreife
2345 3817 84 49 Tal
2441 3823 97 43 inte
2579 3814 94 52 und
2703 3814 141 50 deren
2876 3813 203 69 baldiges
3113 3814 266 51 Verschwin-

1823 3899 89 53 den
1941 3917 107 33 vom
2079 3899 324 70 Schauplatze,
2435 3901 93 49 und
2558 3899 71 50 die
2653 3898 300 69 Bewährung
2982 3898 84 51 der
3089 3899 207 51 Zukunft
3327 3917 55 32 an-

1820 3983 121 51 heim
1973 3983 213 69 gegeben
2217 3986 202 51 werden.
2454 3985 75 49 Sie
2560 3983 78 50 hat
2667 3982 187 52 diesmal
2880 3983 124 50 nicht
3027 3983 261 68 getäuscht,
3320 3983 92 50 wie

1822 4068 86 52 wir
1938 4068 304 70 Gelegenheit
2272 4071 171 57 hatten,
2476 4085 85 33 uns
2590 4067 58 51 im
2680 4068 193 50 zweiten
2905 4067 504 53 Museums-Concerte

1824 4173 75 34 am
1937 4152 93 55 17.
2059 4153 262 54 November
2363 4173 57 33 zu
2462 4151 310 70 überzeugen.
2833 4153 124 51 Herr
3001 4153 149 61 Laub,
3193 4153 217 54 wiewohl
