3502 4407
1804 181 0 0 111

148 273 221 72 möglich,
382 276 133 50 einen
533 272 594 71 organisch-gegliederten
1139 273 103 49 Bau
1254 273 337 51 aufzuführen?
1606 276 81 50 Kei-

150 357 204 56 nesfalls;
386 372 48 34 es
463 357 76 65 lag
569 355 147 49 dieses
746 356 120 48 auch
895 353 127 50 nicht
1050 352 46 48 in
1126 351 83 49 der
1238 351 213 62 Absicht,
1487 356 104 50 weil
1620 356 93 50 sich

147 436 127 50 Alles
316 435 110 58 „frei
456 435 96 48 und
581 433 233 50 natürlich
1149 431 145 49 sollte.
1359 435 109 48 Fort
1503 435 83 48 mit
1623 435 87 49 den

160 515 405 68 „hergebrachten
580 515 208 48 Formen
811 511 98 52 und
1334 512 155 52 diesen
1517 516 156 50 Hemm-

147 595 210 49 schuhen
386 592 368 68 schöpferischer
772 590 203 50 Geister!
1005 591 117 48 Fort
1150 591 83 48 mit
1262 591 104 51 dem
1397 595 287 67 contrapunk-

144 673 181 50 tischen
365 672 322 68 Bleigewicht,
731 671 83 49 das
856 670 94 49 sich
997 687 58 32 an
1093 670 74 49 die
1196 671 282 70 Schwingen
1519 691 195 33 unserer

150 752 252 51 Phantasie
431 752 172 66 hängt!

227 858 85 49 Mit
335 858 152 49 dieser
501 858 90 49 Art
612 856 96 50 und
730 855 183 61 Weise,
941 875 56 30 zu
1021 858 317 67 componiren,
1369 858 82 50 hat
1474 858 95 49 sich
1588 860 126 47 Herr

150 936 223 68 .Mangold
402 938 83 48 mit
515 936 169 50 beiden
718 938 174 47 Füssen
923 936 84 50 auf
1037 935 89 51 den
1155 938 163 49 Boden
1347 938 85 49 der
1459 938 225 49 Zukunfts-

150 1016 151 50 musik
330 1018 198 66 gestellt,
572 1016 65 49 als
678 1015 143 48 deren
859 1015 247 69 würdigen
1136 1018 238 49 Genossen
1404 1018 79 48 ihn
1512 1018 47 48 in
1588 1018 121 49 noch

148 1096 229 50 höherem
401 1094 157 51 Grade
581 1094 74 49 die
678 1095 265 48 Ouvertüre
966 1096 95 49 und
1091 1095 72 50 die
1187 1113 145 49 ganze
1355 1096 358 50 Orchestration

147 1175 371 57 documentiren,
561 1175 66 48 als
664 1174 95 49 dies
797 1175 140 50 selbst
965 1175 84 50 der
1075 1176 238 68 sangliche
1343 1178 132 48 Theil
1506 1194 203 48 vermag.

153 1254 184 49 Wilder
367 1255 141 47 Lärm
537 1253 56 49 ist
621 1254 100 49 ihre
753 1254 379 52 Charakteristik.
1183 1255 116 50 Jede
1329 1256 268 49 Ouvertüre
1628 1255 79 50 des

150 1331 356 51 Grossmeisters
536 1333 144 49 dieses
720 1350 151 33 neuen
901 1334 186 49 Ordens
1129 1335 57 48 ist
1225 1335 62 48 im
1318 1335 279 66 Vergleiche
1627 1334 83 51 mit

150 1411 106 51 dem
297 1413 272 66 Ungethüm
604 1413 277 68 Mangold's,
924 1415 47 48 in
1013 1415 225 48 welchem
1282 1415 218 51 mehrere
1539 1415 171 51 Motive

150 1508 149 51 gegen
330 1491 223 50 einander
581 1493 209 59 wüthen,
820 1494 72 48 ein
922 1494 190 48 zahmer
1140 1495 160 48 Löwe.

266 1601 162 49 Ueber
457 1599 90 50 den
576 1599 362 51 melodiösen
967 1601 155 49 Inhalt
1144 1601 80 49 des
1239 1602 324 49 Machwerkes
1592 1601 118 49 wird

148 1698 47 32 es
226 1681 227 66 gerathen
482 1681 112 58 sein,
632 1681 100 49 eine
773 1681 174 49 andere
978 1681 195 49 Stimme
1201 1682 227 66 sprechen
1455 1701 56 30 zu
1540 1683 167 59 lassen,

148 1778 78 30 um
256 1759 126 50 nicht
423 1758 83 51 der
536 1759 382 66 Uebertreibung
957 1759 294 68 beschuldigt
1276 1780 56 30 zu
1362 1761 205 49 werden.
1610 1762 99 48 Das

147 1839 507 50 Conversations-Blatt
679 1856 107 32 vom
816 1838 88 51 2-3.
934 1839 126 50 März
1091 1843 179 46 äussert
1298 1841 95 48 sich
1423 1839 210 51 darüber
1661 1841 47 48 in

146 1919 249 66 folgenden
424 1919 228 50 Worten:
707 1919 194 56 „Wenn
936 1919 119 49 auch
1086 1919 72 50 die
1186 1919 218 60 Melodie,
1450 1919 97 50 und
1583 1937 126 33 zwar

146 1990 72 58 die
249 1998 391 66 durchgeführte,
663 2016 54 30 zu
744 1997 90 49 den
865 2036 17 19 „
905 1998 405 67 „hergebrachten
1628 2017 54 48 ge-

144 2078 124 57 hört,
297 2095 49 31 so
377 2077 56 48 ist
461 2093 47 32 es
538 2077 150 48 einem
717 2077 215 49 Zuhörer
962 2078 126 48 wohl
1116 2096 55 30 zu
1199 2078 259 57 verzeihen,
1487 2096 140 32 wenn
1656 2096 52 32 er

148 2158 43 47 in
208 2158 151 48 einem
376 2157 96 48 vier
484 2156 210 49 Stunden
712 2157 169 66 langen
894 2157 292 60 Oratorium,
1210 2175 74 31 wo
1301 2158 96 48 also
1414 2158 75 48 ein
1512 2158 201 50 anderer

144 2236 155 50 AfFect
329 2238 66 48 als
424 2236 84 48 der
536 2234 148 50 durch
715 2234 80 50 das
812 2237 166 48 Hören
1008 2236 427 67 hervorgebrachte
1463 2237 128 49 nicht
1613 2237 72 49 ein-

144 2322 152 42 treten
325 2316 141 57 kann,
497 2314 102 49 eine
628 2314 226 60 einfache,
891 2314 396 68 wohlklingende,
1329 2314 379 69 durchgeführte

143 2394 220 61 Melodie,
398 2396 68 66 ja,
505 2393 142 50 selbst
688 2393 146 50 deren
877 2394 216 50 mehrere
1129 2394 395 51 herbeiwünscht.
1588 2397 120 47 Eine

142 2474 156 49 solche
327 2474 135 49 sucht
490 2490 109 31 man
628 2472 115 49 aber
772 2473 44 47 in
840 2472 106 49 dem
978 2473 203 50 Frithiof
1204 2473 271 66 vergebens.
1525 2476 65 47 Es
1620 2474 66 49 fin-

143 2552 90 49 den
263 2553 95 50 sich
390 2553 85 50 fast
503 2552 44 48 in
570 2551 159 67 jedem
759 2551 160 49 Theile
964 2552 214 49 mehrere
1218 2553 119 48 über
1375 2552 222 51 einander
1627 2571 54 48 ge-

144 2632 193 49 ordnete
368 2631 281 50 melodische
677 2631 214 58 Ansätze,
932 2629 72 51 die
1046 2631 102 49 eine
1178 2632 159 49 Weile
1375 2632 80 48 hin
1494 2632 97 49 und
1619 2632 85 49 her

143 2712 285 49 schwanken
470 2711 96 49 und
609 2711 182 49 endlich
832 2711 407 57 verschwimmen;
1282 2709 138 51 dabei
1449 2711 119 50 wird
1597 2711 107 49 dem

143 2791 216 49 Zuhörer
381 2808 56 31 zu
451 2789 181 59 Muthe,
663 2791 64 48 als
758 2806 137 33 wenn
923 2789 98 49 ihm
1047 2788 204 51 Jemand
1280 2791 101 48 eine
1409 2791 295 49 verwickelte

146 2871 322 66 Begebenheit
506 2869 174 50 erzählt
720 2868 96 50 und
858 2869 46 49 in
942 2868 105 50 dem
1077 2868 344 67 Augenblicke,
1451 2887 74 32 wo
1557 2887 50 32 er
1637 2869 72 50 die

146 2949 332 66 Entwicklung
509 2948 223 66 darlegen
760 2948 101 57 soll,
904 2948 221 56 ausruft;-
1158 2987 18 18 „
1199 2948 146 58 „Ach,
1375 2948 81 50 das
1487 2948 122 50 habe
1638 2948 72 50 ich

148 3045 95 31 nun
275 3028 99 48 rein

268 3145 122 47 Dem
423 3144 330 64 Componisten
783 3160 111 50 mag
922 3160 47 32 es
998 3160 104 31 zum
1122 3144 165 48 Tröste
1317 3144 265 66 gereichen,
1611 3142 103 51 dass

147 3224 96 47 sein
273 3221 205 50 FYithiof
499 3239 87 32 von
617 3222 237 65 ungefähr
887 3221 110 50 700
1021 3221 378 66 Leidtragenden
1428 3224 46 47 in
1505 3227 207 63 grösster

150 3301 127 48 Stille
306 3319 104 30 zum
440 3300 252 49 Friedhofe
722 3300 187 65 geleitet
937 3299 208 50 worden.
1176 3297 284 69 Requiescat
1486 3300 52 51 in
1566 3304 123 48 aeter-

148 3390 144 39 num!
340 3381 98 48 Das
475 3379 208 49 schwere
716 3379 227 48 Convolut
986 3377 84 50 der
1098 3379 283 50 Ueberreste
1425 3398 87 31 von
1540 3381 172 67 Papier

150 3457 119 50 wird
297 3459 124 48 wohl
467 3457 114 50 aber
618 3457 89 49 den
743 3457 205 49 anderen
979 3457 316 50 Ueberresten
1324 3476 88 32 von
1442 3459 270 50 demselben

150 3536 330 67 Componisten
522 3537 47 47 in
612 3536 82 50 der
722 3535 390 49 Hof-Bibliothek
1146 3555 56 29 zu
1239 3537 276 51 Darmstadt
1553 3539 131 66 beige-

148 3622 111 44 setzt
287 3615 191 49 werden
508 3615 95 48 und
633 3615 73 48 die
734 3615 252 65 Zeugnisse
1016 3614 321 68 unablässiger
1367 3617 343 66 Bemühungen

151 3714 79 30 um
254 3695 80 49 das
358 3695 307 49 Conserviren
688 3694 83 48 der
793 3692 244 50 Tonkunst
1065 3694 46 47 in
1140 3694 154 49 nicht
1331 3695 345 67 hergebrach-

148 3782 90 42 ten
277 3775 245 48 Formen
565 3772 108 50 und
715 3771 384 66 Wendungen
1139 3790 80 31 um
1265 3775 125 48 eines
1420 3775 289 49 vermehren.

1457 3855 58 48 A.
1546 3855 43 48 S.

1956 273 245 53 Tages-
2244 274 141 43 und
2418 273 768 54 Unterhaltungs-Blatt.

1874 367 176 41 Mö3ia«
2108 371 107 36 Frau
2259 371 440 38 Viardot-Garcia
2740 374 70 35 hat
2849 373 84 36 hier
2975 385 64 24 am
3083 373 61 36 29.
3174 371 109 37 März
3314 372 51 35 im

1787 433 153 37 kleinen
1971 434 113 36 Saale
2112 433 66 37 des
2209 433 218 36 Gürzenich
2460 435 61 34 ein
2551 435 86 36 sehr
2665 435 209 37 besuchtes
2892 436 168 37 Concert
3084 434 174 48 gegeben
3286 433 79 36 und

1786 497 51 34 ist
1865 498 73 33 auf
1963 497 86 35 dem
2079 496 268 36 Stadttheater
2390 508 61 23 am
2481 498 60 34 30.
2571 497 57 34 als
2666 498 189 36 Rosine
2898 500 53 34 im
2990 497 163 37 Barbier
3193 508 78 23 von
3300 496 44 35 Se-

1786 559 95 35 villa
1909 558 81 36 und
2020 571 62 23 am
2112 561 62 34 31.
2206 559 57 34 als
2294 562 177 33 Donna
2500 557 141 35 Anna
2669 559 52 34 im
2747 560 89 36 Don
2855 561 107 36 Juan
2987 561 263 46 aufgetreten.
3280 557 85 36 Wir

1787 622 152 36 werden
1981 622 73 36 auf
2092 621 61 36 die
2199 620 297 37 meisterhaften
2525 620 236 50 Leistungen
2801 623 64 37 der
2906 624 180 48 genialen
3129 620 235 38 Künstlerin

1787 683 346 39 zurückkommen.

1867 788 295 39 Meufiwie«!.
2215 790 45 35 In
2307 788 65 37 der
2413 790 146 35 letzten
2597 788 193 47 Vesper
2830 787 66 36 des
2927 787 332 48 Gesang-Vereins
3290 788 67 37 des

1788 852 352 35 Musik-Directors
2190 853 44 36 G.
2282 853 205 47 Flügel,
2533 851 69 36 der
2645 851 88 35 dem
2761 849 242 36 Vernehmen
3043 851 99 34 nach
3183 863 176 24 unserem

1788 913 340 35 Lehrer-Seminar
2156 913 80 35 und
2266 914 65 36 der
2362 914 112 35 Stadt
2503 912 178 36 erhalten
2710 910 135 45 bleibt,
2890 912 94 46 griff
3008 912 236 36 Mozart's
3283 913 51 34 Mi-

1788 975 225 35 sericordias
2042 975 153 35 Domini
2199 1004 8 18 ,
2250 976 82 35 eine
2361 975 131 36 wahre
2520 974 115 37 Perle
2680 973 125 37 selbst
2833 976 112 32 unter
2975 973 74 34 den
3076 973 151 36 Mozart
3231 974 6 13 1
3245 973 116 36 sehen

1788 1037 324 47 Compositionen,
2143 1041 71 43 gut
2241 1038 39 34 in
2309 1037 195 37 einander.
2534 1036 239 36 Ausserdem
2802 1035 160 35 wurden
2981 1035 144 35 Stücke
3148 1047 75 24 von
3250 1035 109 37 Joli.

1788 1099 144 35 Mich.
1962 1100 112 47 Hay
2088 1100 76 47 dn,
2195 1100 179 34 Bortni
2386 1111 84 23 ans
2484 1099 23 35 k
2517 1112 38 33 y,
2586 1098 61 36 Jo
2661 1098 35 35 h.
2728 1096 212 45 Eccard,
2971 1097 62 36 W.
3062 1098 117 35 Gäri
3191 1098 59 35 cli
3279 1097 81 36 und

1789 1162 104 44 „Des
1923 1161 166 36 Staubes
2119 1162 91 35 eitle
2440 1173 76 23 von
2544 1161 39 35 J.
2623 1160 180 47 Haydn
2843 1170 215 36 gesungen.
3114 1159 248 37 Sämmtliche

1788 1223 350 48 Orgel-Präludien
2166 1236 128 23 waren
2322 1236 75 24 von
2427 1224 85 35 dem
2541 1223 180 36 kürzlich
2750 1222 279 36 verstorbenen
3050 1221 43 36 F.
3112 1221 247 38 Külimstedt.

1867 1336 49 26 **
2360 1341 74 35 Die
2462 1340 213 37 Nachricht
2710 1342 40 34 in
2778 1342 68 38 Nr.
2882 1343 45 33 12
2961 1339 34 38 d.
3025 1339 59 39 81.
3114 1351 77 24 von
3218 1340 119 35 Ernen-

1785 1413 109 36 nung
1924 1402 66 36 des
2016 1403 126 35 Herrn
2171 1404 158 35 Louis
2369 1403 275 36 Schlösser
2672 1415 89 24 zum
2789 1402 398 48 Hof-Capellmeister
3214 1402 52 35 ist
3296 1400 43 37 da-

1787 1463 67 35 hin
1884 1476 49 23 zu
1964 1464 253 48 berichtigen,
2263 1465 87 35 dass
2396 1464 66 37 der
2491 1464 200 37 Genannte
2728 1465 104 37 bloss
2877 1465 131 35 diesen
3039 1464 105 36 Titel
3187 1463 174 37 erhalten

1787 1526 90 43 hat;
1928 1526 100 35 denn
2056 1526 333 36 functionirender
2419 1526 389 48 Hof-Capellmeister
2835 1528 53 34 ist
2914 1527 115 35 allein
3061 1527 102 35 Herr
3191 1526 59 35 Sc
3260 1526 100 36 hin*

1787 1588 318 35 delmeisser.
2216 1589 150 34 Unsere
2411 1589 129 35 kleine
2568 1589 188 35 Residenz
2796 1589 98 36 sieht
2929 1601 81 24 nun
3049 1588 112 35 nicht
3189 1589 170 46 weniger

1788 1649 98 35 denn
1915 1649 123 35 fünf
2061 1649 397 48 Hof-Capellmeister
2486 1651 41 33 in
2554 1649 110 35 ihren
2693 1651 270 46 Ringmauern.
3020 1651 73 35 Die
3123 1649 235 36 Geschichte

1785 1710 103 36 ihrer
1915 1709 192 49 Creirung
2145 1712 53 34 ist
2237 1711 193 46 folgende.
2484 1711 44 36 In
2558 1710 73 36 den
2660 1712 144 35 letzten
2831 1711 150 36 Jahren
3010 1712 64 35 der
3103 1711 233 48 ober-capell-

1785 1772 288 36 meisterlichen
2102 1774 226 46 Regierung
2357 1773 202 47 Ludwig's
2589 1773 30 37 I.
2651 1772 40 48 (f
2723 1775 113 43 1830)
2866 1773 104 35 ward
2999 1773 124 36 dieser
3150 1775 104 34 eines
3279 1774 52 34 Ta-

1785 1846 69 34 ges
1884 1845 77 24 von
1990 1835 104 35 einer
2121 1835 116 35 üblen
2269 1836 134 34 Laune
2432 1836 264 47 beschlichen,
2731 1837 40 33 in
2802 1836 120 47 Folge
2953 1836 113 35 deren
3097 1836 67 35 der
3191 1836 144 35 functio-

1787 1896 158 35 nirende
1975 1896 295 47 Capellmeister
2299 1898 237 36 Wilhelm
2564 1898 241 48 Mangold
2848 1900 124 34 seines
2999 1898 135 35 Amtes
3164 1898 194 36 enthoben

1786 1958 79 35 und
1894 1959 99 35 Herr
2023 1960 214 34 Thomas
2267 1972 69 24 ans
2366 1961 92 35 Pult
2486 1964 151 44 gesetzt
2665 1964 145 34 wurde.
2867 1960 167 48 Ludwig
3063 1960 51 36 IL
3144 1961 215 35 restituirte

1787 2019 154 37 alsbald
1969 2021 126 35 Herrn
2124 2022 198 46 Mangold,
2355 2022 81 35 und
2458 2023 101 36 Herr
2576 2023 170 35 Thomas
2775 2027 80 31 trat
2883 2023 70 35 mit
2980 2022 247 47 gesicherten
3256 2025 102 33 2000

1788 2081 153 35 Gulden
1969 2082 238 47 Jahrgehalt
2235 2084 143 35 wieder
2406 2085 39 34 in
2475 2086 83 34 sein
2587 2085 176 36 früheres
2792 2084 158 36 Dunkel
2979 2084 161 45 zurück,
3180 2084 110 36 darin
3319 2096 40 23 er

1787 2143 99 35 noch
1915 2144 40 33 in
1983 2144 283 46 gemüthlicher
2295 2145 112 36 Ruhe
2436 2145 94 37 lebt.
2586 2146 128 36 Ueber
2743 2147 175 45 zwanzig
2945 2145 125 35 Jahre
3109 2145 129 36 führte
3274 2157 83 25 nun

1789 2205 59 37 W.
1877 2205 191 47 Mangold
2096 2206 73 35 den
2197 2207 226 38 Tactstock.
2479 2209 61 34 Da
2568 2207 242 36 beschleicht
2852 2208 103 35 auch
2995 2208 170 47 Ludwig
3193 2209 69 35 111.
3294 2208 61 36 die

1788 2267 90 37 üble
1906 2269 154 43 Laune;
2107 2281 40 23 er
2187 2270 81 34 ruft
2299 2270 126 35 Herrn
2456 2269 468 36 Schindelmeisser
2952 2281 70 23 ans
3051 2269 308 47 Directionspult

1787 2330 81 34 und
1896 2330 199 47 empfiehlt
2122 2331 127 35 Herrn
2279 2331 187 47 Mangold
2509 2332 88 45 (mit
2629 2334 101 34 2000
2761 2331 155 35 Gulden
2944 2330 254 48 Jahrgehalt)
3247 2331 111 36 Ruhe

1787 2391 80 36 und
1896 2393 63 34 ein
1987 2392 297 36 beschauliches
2314 2394 144 35 Leben.
2517 2394 79 35 Vor
2639 2397 44 33 13
2692 2397 98 32 —l4
2820 2393 148 36 Jahren
3006 2394 223 47 producirte
3274 2394 85 37 sich

1785 2453 101 35 Herr
1917 2454 336 46 Dreyschock
2284 2467 68 23 vor
2380 2455 167 46 Ludwig
2575 2455 45 36 11.
2655 2455 262 36 Hocherfreut
2945 2467 76 24 von
3050 2455 139 36 dessen
3215 2456 143 45 Kunst,

1788 2515 153 35 Ciavier
1970 2527 50 22 zu
2049 2516 161 45 spielen,
2251 2516 163 47 glaubte
2453 2517 125 35 dieser
2607 2517 265 47 Grossherzog
2909 2517 67 35 ihn
3004 2518 107 34 nicht
3140 2518 132 36 besser
3300 2519 58 37 als

1786 2577 71 34 mit
1901 2577 86 35 dem
2018 2578 101 34 Titel
2164 2578 104 35 eines
2313 2579 335 46 grossherzoglieh
2692 2579 227 36 hessischen
2946 2579 413 48 Hof-Capellmeisters

1784 2638 201 36 honoriren
2018 2651 49 23 zu
2098 2639 167 39 können.
2310 2641 186 37 Derselbe
2526 2641 169 37 befindet
2724 2641 82 36 sich
2836 2642 268 46 gegenwärtig
3131 2643 40 34 in
3200 2654 159 25 unserer

1785 2700 122 37 Stadt.

1971 2808 123 37 AQBS
2126 2809 321 37 Se!fcwei*iaa.
2479 2812 82 35 Das
2589 2812 281 36 musicalische
2898 2812 132 36 Leben
3058 2824 160 25 unserer
3250 2814 87 36 Resi-

1790 2872 94 35 denz
1913 2872 68 35 hat
2011 2873 71 34 seit
2114 2872 65 36 der
2208 2873 198 47 kräftigen
2434 2874 80 35 und
2542 2875 203 47 tüchtigen
2773 2875 171 46 Leitung
2975 2875 66 36 der
3070 2875 103 48 Oper
3200 2888 159 24 unseres

1788 2934 249 35 Hoftheaters
2055 2933 123 37 durch
2198 2934 73 35 den
2289 2935 126 35 Herrn
2444 2935 46 36 G.
2520 2936 158 47 Aloys
2707 2937 216 35 Schmitt
2951 2937 109 35 einen
3083 2938 276 37 wesentlichen

1788 2995 81 35 und
1900 2995 88 36 sehr
2016 2996 304 35 vorteilhaften
2349 2998 267 46 Umschwung
2645 2998 189 38 erfahren.
2870 2999 114 35 Denn
3011 2999 222 46 abgesehen
3261 3001 99 35 noch

1789 3070 76 23 von
1894 3057 75 36 den
1996 3059 239 45 Leistungen
2268 3058 65 35 der
2362 3058 104 47 Oper
2495 3059 136 45 selbst,
2677 3060 63 35 für
2779 3060 144 35 welche
2953 3060 60 35 die
3042 3060 116 36 letzte
3188 3060 152 37 Vorstel-

1787 3120 99 46 lung
1915 3120 65 35 des
2011 3120 257 35 Tannhäuser
2311 3131 58 23 am
2412 3122 61 34 26.
2504 3120 108 35 März
2655 3121 274 44 (Tannhäuser
2970 3122 100 34 Herr
3112 3122 247 50 Seyffart,

1788 3181 188 36 Wolfram
2004 3182 102 34 Herr
2133 3179 176 46 Andrd,
2359 3181 204 46 Landgraf
2596 3182 101 36 Herr
2724 3183 174 45 Hinze,
2945 3183 203 36 Elisabeth
3177 3185 183 36 Fräulein

1788 3244 222 34 Bianclii
2051 3243 81 35 und
2159 3243 134 35 Venus
2324 3243 186 35 Fräulein
2539 3244 34 34 U
2587 3243 157 47 brich)
2792 3247 58 34 ein
2898 3246 233 47 glänzendes
3170 3248 190 45 Zeugniss

1787 3304 163 47 ablegte,
1993 3306 52 33 ist
2074 3316 38 23 es
2143 3304 101 35 auch
2274 3305 146 35 diesem
2448 3306 255 47 energischen
2731 3307 81 35 und
2837 3308 348 46 jugendkräftigen
3212 3308 123 36 Künst-

1786 3367 55 35 ler
1869 3369 128 32 zuerst
2027 3367 207 46 gelungen,
2281 3368 59 34 ein
2385 3368 155 35 tieferes
2582 3369 79 35 und
2701 3369 315 36 umfassenderes
3055 3370 193 35 Interesse
3295 3372 64 35 für

1787 3428 296 36 Concertmusik
2113 3429 162 35 hierorts
2307 3441 49 23 zu
2385 3430 211 36 erwecken.
2627 3431 91 36 Vier
2745 3434 176 44 grössere
2945 3431 382 37 Abonnements-Con-

1787 3494 100 32 certe
1917 3491 221 46 vereinigen
2166 3492 39 34 in
2237 3492 124 35 dieser
2392 3493 309 37 Winter-Saison
2731 3494 61 36 die
2821 3496 237 45 gesammten
3088 3493 266 47 Fähigkeiten

1787 3552 66 35 der
1880 3551 223 47 Mitglieder
2133 3552 66 36 der
2232 3553 391 48 grossherzoglichen
2652 3555 97 46 Oper
2786 3554 76 38 und
2905 3554 66 36 des
3001 3554 244 45 Orchesters,
3292 3566 66 25 um

1785 3615 40 33 in
1853 3617 175 42 grösster
2056 3615 293 48 Abwechslung
2376 3629 73 24 nur
2466 3617 236 47 Gediegenes
2732 3617 79 35 und
2833 3619 214 49 Tüchtiges
3078 3625 279 46 vorzuführen,

1786 3676 125 36 wobei
1938 3680 287 44 vorzugsweise
2255 3681 68 32 auf
2351 3679 213 35 classische
2584 3680 133 34 Musik
2741 3680 220 36 Rücksicht
2988 3695 234 35 genommen
3251 3688 107 37 wird.

1786 3739 75 35 Mit
1890 3737 132 37 diesen
2050 3739 519 36 Abonnements-Concerten
2609 3742 52 33 im
2699 3740 115 37 Saafe
2858 3742 67 36 des
2970 3746 389 49 grossherzoglichen

1788 3800 378 47 Schauspielhauses
2197 3801 193 35 wechseln
2420 3801 80 35 drei
2528 3814 74 22 von
2631 3803 126 35 Herrn
2792 3804 48 37 A.
2874 3805 224 38 Schmitt
3139 3810 52 35 im
3217 3810 139 35 Casino

1787 3866 276 36 veranstaltete
2108 3866 154 36 Soireen
2308 3867 62 34 für
2410 3867 329 46 Kammermusik,
2783 3868 61 36 die
2887 3870 54 34 im
2983 3870 141 37 Verein
3171 3873 69 34 mit
3283 3871 71 36 den

1787 3927 149 35 Herren
1965 3928 137 35 Zahn
2130 3927 78 35 und
2236 3927 136 35 Fuhr
2400 3929 120 43 (erste
2545 3928 152 37 Violine
2728 3930 82 35 und
2841 3930 126 51 Cello)
2997 3936 82 34 und
3107 3933 71 35 den
3207 3933 147 35 Herren

1790 3989 444 47 Schmiedekampf
2272 3988 79 35 und
2379 3989 304 46 Petschwer,
2726 3993 151 35 welche
2907 3993 68 36 das
3006 3993 346 45 Streich-Quartett

1790 4051 259 48 completiren,
2088 4053 70 34 mit
2195 4051 72 35 den
2296 4051 337 48 hervorragenden
2663 4054 357 50 Tonschöpfungen
3051 4056 123 35 dieses
3204 4055 143 35 Genres

1788 4115 175 36 bekannt
1990 4115 171 34 machen.
2211 4114 82 35 Das
2322 4114 228 46 Programm
2596 4115 66 37 der
2700 4117 144 37 letzten
2872 4116 189 51 (zweiten)
3090 4118 127 35 Soiree
3246 4127 100 25 war:

1789 4179 181 44 Quartett
1998 4176 13 47 (
2013 4177 132 36 A-dur
2149 4174 9 47 )
2186 4189 76 24 von
2291 4177 235 47 Beethoven,
2565 4178 205 49 Capriccio
2797 4182 82 35 fürs
2908 4181 121 35 Piano
3056 4190 74 24 von
3159 4177 192 37 Mendel»-
