3502 4407
1694 140 104 52 107

255 291 168 51 Dieser
454 289 260 70 Gewaltige
743 290 208 52 leuchtet
978 290 65 50 als
1074 290 138 48 Stern
1240 287 47 49 in
1309 287 136 67 jener
1472 286 117 60 Zeit,
1631 286 74 51 die

135 389 90 33 nur
267 373 107 49 dem
413 371 393 51 oberflächlichen
835 370 160 50 Blicke
1039 369 65 48 als
1147 366 103 50 eine
1281 366 132 60 lieb-,
1442 366 131 50 herz-
1605 367 95 50 und

138 453 213 66 geistlose
382 451 243 50 erscheint.
657 451 137 49 Seine
817 449 310 63 Wirkungen
1156 445 188 51 blieben
1372 445 85 53 der
1484 446 221 50 nächsten

135 533 247 49 Nachwelt
413 531 87 50 fast
528 530 282 67 verborgen,
850 529 60 49 da
939 528 62 48 im
1031 526 219 50 Zeitalter
1278 526 84 50 der
1391 526 313 51 wachsenden

135 611 324 66 Verflachung
484 610 143 50 kaum
651 610 73 48 die
755 608 244 67 gelehrten
1014 606 224 50 Künstler
1265 606 80 50 ihn
1373 606 207 51 kannten
1610 606 95 51 und

136 690 256 56 studirten;
422 689 97 49 und
548 689 119 49 doch
697 689 57 48 ist
784 704 83 33 aus
896 685 283 51 Bach'scher
1206 686 89 51 Art
1324 686 95 50 und
1447 689 155 47 Kunst
1630 688 74 49 ein

136 769 270 51 wesentlich
448 770 157 48 Neues
648 766 295 52 unmerklich
997 766 437 69 hervorgegangen,
1489 783 99 34 was
1631 765 74 50 die

136 849 136 51 Welt
300 849 84 48 mit
411 846 331 51 Leidenschaft
769 846 96 49 sich
895 846 268 68 aneignete;
1208 846 96 50 dies
1342 848 56 48 ist
1434 845 74 50 die
1537 846 135 49 Fort-

144 928 239 67 bildung
439 928 100 49 der
594 926 520 50 Instrumentalität
1166 945 56 31 zu
1265 926 139 50 freier
1452 925 255 51 weltlicher

140 1006 330 68 Tondichtung
500 1006 45 49 in
568 1004 316 68 phantastisch
909 1005 189 50 kühnen
1114 1006 367 65 Darstellungen
1504 1004 80 49 des
1607 1005 66 48 Un-

140 1086 423 68 aussprechlichen.
620 1085 122 50 Was
787 1084 72 49 die
888 1085 216 51 Italiäner
1145 1085 204 50 hundert
1376 1085 147 50 Jahre
1564 1100 141 33 zuvor

139 1166 361 50 versuchsweise
543 1165 65 48 als
650 1165 269 67 Einleitung
968 1165 115 51 oder
1122 1165 338 66 Verbrämung
1500 1170 206 61 wagten,

138 1263 99 32 was
280 1249 154 62 später
477 1244 46 48 in
552 1244 307 58 Frankreich,
900 1244 324 51 Deutschland
1253 1243 96 49 und
1376 1243 220 67 England
1625 1260 82 31 zur

138 1324 367 66 Ergötzlichkeit
545 1324 96 48 und
685 1325 344 66 Unterhaltung
1072 1325 47 48 in
1163 1324 179 58 Suiten,
1386 1325 318 56 Ouvertüren,

139 1404 207 48 Sonaten
375 1403 97 49 und
500 1403 310 50 Phantasieen
839 1404 207 66 spielend
1075 1410 363 42 unternommen
1466 1419 118 42 war,
1625 1401 81 50 das

138 1500 101 32 war
261 1484 74 48 ein
360 1483 267 50 schwaches
647 1484 210 67 Vorspiel
881 1503 52 29 zu
959 1484 84 49 der
1072 1483 237 49 nunmehr
1338 1489 127 42 ernst
1493 1481 180 68 gemein-

136 1569 80 43 ten
235 1563 131 49 Selb
382 1561 411 69 stständigkeit
808 1564 380 48 instrumentaler
1206 1561 273 59 Tonbilder,
1503 1561 91 60 die,
1617 1579 89 32 von

142 1641 128 50 Bach
314 1641 69 50 bis
425 1641 266 50 Beethoven
732 1641 265 68 vorzüglich
1041 1640 148 51 durch
1232 1640 221 51 deutsche
1483 1640 224 50 Künstler

142 1721 307 68 ausgebildet,
479 1723 73 49 die
582 1721 358 68 folgenreichste
971 1723 363 66 Umgestaltung
1363 1721 111 50 alles
1504 1721 168 49 Tonwe-

140 1817 104 33 sens
274 1800 274 51 bewirkten.

469 2071 87 59 Die
595 2071 218 74 „Graner
851 2072 193 57 Messe“
1090 2087 101 42 von
1229 2069 151 60 Liszt.

260 2199 147 52 Wien
437 2199 174 49 bekam
641 2217 76 33 am
749 2199 89 51 22.
868 2197 97 51 und
997 2197 87 53 23.
1115 2200 127 48 März
1280 2197 72 50 die
1385 2214 160 50 grosse
1573 2197 106 49 Fest-

141 2297 148 34 messe
319 2298 55 30 zu
404 2280 166 57 hören,
609 2280 179 48 welche
818 2279 123 49 Liszt
978 2297 82 31 vor
1101 2279 113 48 zwei
1253 2277 179 50 Jahren
1474 2295 83 31 zur
1592 2276 85 50 Ein-

139 2360 225 66 weihung
393 2358 83 49 der
504 2375 154 33 neuen
687 2358 175 49 Kirche
905 2358 45 49 in
992 2359 148 48 Gran
1177 2356 263 68 componirt
1469 2356 94 50 hat.
1620 2356 57 48 So-

139 2439 126 49 wohl
297 2438 72 49 die
391 2438 334 49 Enthusiasten
750 2438 65 48 als
839 2436 74 50 die
936 2436 213 66 wenigen
1172 2438 325 55 Besonnenen,
1528 2434 177 51 welche

141 2535 48 33 es
218 2518 178 49 damals
423 2518 293 58 versuchten,
752 2516 95 50 sich
875 2516 45 49 in
950 2516 174 50 diesem
1153 2516 274 50 Feuerlärm
1459 2515 161 50 Gehör
1647 2531 56 31 zu

139 2596 305 59 verschaffen,
473 2596 162 50 hatten
750 2596 78 49 für
858 2595 113 50 oder
999 2594 149 51 wider
1275 2612 48 31 es
1351 2592 351 69 hauptsächlich

142 2676 85 51 auf
251 2675 81 51 das
362 2676 212 50 Moment
602 2675 82 50 der
713 2675 291 66 Religiosität
1037 2674 281 67 abgesehen.

258 2755 161 51 Ueber
448 2755 72 50 die
550 2756 160 49 innere
738 2755 343 66 Frömmigkeit
1108 2754 125 49 eines
1261 2754 246 48 Künstlers
1536 2770 56 31 zu
1620 2769 54 30 ur-

139 2834 193 59 theilen,
359 2835 59 48 ist
446 2835 73 48 ein
548 2835 108 48 sehr
683 2835 250 56 schweres,
975 2832 329 51 bedenkliches
1332 2831 368 51 Unternehmen.

141 2914 91 49 Die
268 2914 275 49 ästhetische
573 2914 153 48 Kritik
764 2914 56 48 ist
860 2914 134 48 keine
1032 2911 287 69 Inquisition.
1376 2911 77 48 Sie
1482 2910 96 49 hält
1606 2909 96 49 sich

141 3001 160 59 streng
330 3012 60 31 an
419 2993 80 49 das
523 2993 159 52 Werk
700 2993 96 49 und
818 2993 147 49 bleibt
987 2993 78 49 des
1084 2991 311 51 Grundsatzes
1426 2989 277 67 eingedenk,

142 3071 104 51 dass
277 3073 73 48 die
372 3073 339 49 Kirchlichkeit
731 3073 125 48 eines
872 3071 337 50 Kunstwerkes
1232 3070 96 50 und
1352 3070 83 50 der
1456 3069 249 67 subjective

142 3150 184 51 Glaube
355 3150 80 50 des
465 3151 243 49 Künstlers
736 3150 115 50 zwei
880 3151 109 49 sehr
1018 3147 328 53 verschiedene
1374 3149 156 66 Dinge
1559 3146 117 51 sind.

263 3230 165 51 Wenn
456 3248 89 32 von
574 3230 90 48 den
694 3230 258 50 modernen
980 3230 243 50 Musikern
1251 3230 150 48 einem
1432 3227 83 50 der
1544 3227 160 50 Ruhm

139 3309 192 49 wahrer
359 3307 95 50 und
484 3309 407 66 strenggläubiger
919 3309 344 66 Frömmigkeit
1301 3307 224 67 gebührt,
1564 3324 50 32 so
1649 3307 57 49 ist

141 3404 47 33 es
218 3387 167 68 gewiss
411 3387 211 67 Joseph
654 3386 216 68 Haydn.
914 3387 90 49 Die
1035 3387 198 49 fromme
1262 3385 330 61 Kindlichkeit,
1623 3385 82 49 mit

141 3465 84 51 der
252 3483 51 31 er
331 3466 94 48 sich
454 3466 172 66 täglich
656 3466 84 48 auf
763 3465 74 49 die
866 3466 150 48 Kniee
1045 3465 133 58 warf,
1224 3465 112 48 Gott
1373 3481 80 32 um
1492 3464 186 49 erleuch-

139 3545 173 51 tenden
335 3545 221 49 Beistand
585 3544 291 58 anzullehen,
907 3545 165 48 mahnt
1100 3545 66 48 als
1196 3545 158 47 letzter
1383 3544 199 49 schöner
1604 3542 67 50 Ab-

141 3625 133 67 glanz
305 3641 58 33 an
386 3624 108 67 jene
523 3624 414 66 gottbegeisterten
966 3624 150 48 Maler
1153 3622 96 50 und
1279 3624 181 66 Sänger
1487 3622 80 50 des
1596 3622 81 49 Mit-

138 3705 224 58 telalters,
405 3704 143 49 deren
578 3702 321 68 Kunstübung
937 3702 245 66 eigentlich
1213 3720 91 31 nur
1332 3702 74 50 ein
1435 3701 242 51 werkthäti-

142 3800 80 50 ges
250 3785 149 48 Beten
425 3800 114 32 war.
570 3781 108 51 Und
707 3782 211 49 dennoch
948 3781 56 48 ist
1034 3781 72 48 die
1127 3780 401 51 Unkirchlichkeit
1554 3780 151 48 seiner

138 3864 191 49 Messen
372 3862 119 50 eben
528 3879 50 33 so
607 3862 261 58 zweifellos,
913 3861 89 50 wie
1032 3860 73 49 die
1133 3860 221 49 Echtheit
1380 3860 148 49 seines
1559 3860 144 48 Glau-

1382 3920 8 12 V

141 3940 129 52 bens.
324 3941 207 69 Haydn's
560 3942 183 47 Messen
783 3940 163 48 stehen
988 3940 44 48 in
1072 3939 128 49 ihrer
1241 3939 212 48 weichen
1491 3937 212 50 Anmuth

141 4020 144 49 schon
315 4021 100 50 fern
442 4039 90 32 von
562 4020 83 49 der
677 4019 240 50 Grossheit
945 4019 97 49 und
1073 4017 206 59 Würde,
1310 4017 73 50 die
1413 4017 84 49 der
1528 4016 154 50 alt-ita-

142 4099 250 50 liänischen
407 4100 364 51 Kirchenmusik
797 4099 299 49 innewohnte
1119 4097 97 51 und
1237 4116 89 32 von
1348 4096 107 51 dem
1478 4096 227 51 höchsten

141 4177 205 67 Begriffe
377 4179 80 50 des
482 4180 362 51 Gottesdienstes
861 4179 371 49 unzertrennlich
1256 4176 160 52 bleibt.
1445 4176 118 51 Eine
1591 4175 84 52 sub-

1772 287 138 68 jectiv
1952 287 374 50 unanfechtbare
2368 289 343 68 Frömmigkeit
2758 286 178 52 konnte
2989 290 97 49 also
3134 290 212 52 dennoch

1779 367 321 50 musicalische
2117 369 208 47 Formen
2353 369 199 59 wählen,
2582 371 176 48 welche
2791 369 80 49 für
2900 369 75 49 die
3005 370 226 67 objective
3247 372 67 50 Ho-

1779 449 95 48 heit
1902 446 85 50 der
2015 447 175 49 Kirche
2220 446 129 50 nicht
2377 446 73 50 die
2478 450 354 66 zuträglichsten
2861 449 116 50 sind.

1897 526 114 50 Wir
2050 526 187 51 können
2278 526 97 50 also
2405 526 122 48 Liszt
2566 527 248 51 immerhin
2855 530 78 48 für
2975 530 136 50 einen
3152 530 197 51 zweiten

1778 606 171 69 Haydn
1980 624 59 32 an
2069 605 468 68 Strenggläubigkeit
2574 606 158 50 halten
2772 609 95 48 und
2905 609 135 51 dabei
3073 610 73 50 die
3175 611 143 49 Kirch-

1779 686 187 50 lichkeit
1994 686 152 51 seiner
2175 703 176 50 graner
2377 686 153 50 Messe
2559 685 128 49 stark
2714 686 45 48 in
2787 687 186 49 Zweifel
3002 689 173 51 ziehen.
3219 693 123 47 Dem

1779 767 337 67 Bannspruche
2154 766 83 50 der
2265 766 285 50 Liszt'schen
2578 764 217 68 Adepten
2837 766 99 50 sind
2970 767 88 49 wir
3087 769 144 51 damit
3257 788 56 33 na-

1779 845 169 48 türlich
1991 846 405 66 anheimgefallen,
2455 844 334 50 insbesondere
2831 844 105 49 dem
2980 846 242 51 Verfasser
3262 849 83 49 der

1793 925 381 58 „musicalischen
2204 926 284 60 Pdichten'',
2526 925 85 49 der
2641 925 145 67 jeden
2814 925 217 49 Zweifler
3060 926 83 48 mit
3171 927 150 67 folgen-

1782 1004 90 49 den
1888 1005 242 48 Beweisen
2147 1006 280 48 vernichtet:
2470 1006 91 57 „Ist
2584 1013 123 41 etwa
2732 1005 85 49 der
2833 1005 144 58 Geist,
3007 1004 83 50 der
3118 1006 44 48 in
3187 1006 160 51 Liszt's

1782 1085 160 58 Faust,
1972 1086 173 57 Dante,
2182 1086 374 65 Berg-Sinfonie,
2593 1085 155 49 seiner
2777 1084 417 50 Hunnenschlacht
3223 1086 127 51 weht

1783 1164 167 64 (lauter
1989 1164 129 48 reine
2146 1164 782 67 Instrumental-Compositionen!)
2970 1162 129 51 nicht
3137 1165 73 48 ein
3247 1166 100 49 rein

1782 1242 94 50 und
1917 1244 313 66 specifisch
2272 1244 434 51 katholischer?
2762 1246 65 49 Ist
2865 1261 52 32 er
2955 1244 127 49 nicht
3114 1244 112 66 jetzt
3266 1245 56 50 be-

1779 1321 216 67 schäftigt
2016 1322 84 49 mit
2128 1322 129 49 einer
2281 1322 236 66 Legende,
2560 1324 132 57 „Die
2721 1324 221 66 heilige

1780 1401 173 51 Haben
1982 1401 74 50 die
2083 1402 262 67 Zeitungen
2373 1402 126 50 nicht
2527 1402 149 50 davon
2705 1404 310 67 gesprochen,
3060 1402 106 51 dass
3195 1422 52 31 er
3275 1404 75 49 ein

1780 1481 278 50 Oratorium
2414 1481 98 50 und
2552 1482 122 49 eines
3046 1502 67 30 zu
3167 1484 150 49 schaf-

1782 1561 92 48 fen

1901 1639 225 52 Wenden
2155 1640 85 51 wir
2268 1658 88 31 uns
2384 1658 87 33 von
2502 1640 158 51 diesen
2690 1641 251 48 Oratorien
2968 1637 52 52 in
3035 1639 229 71 partibus
3289 1660 57 32 zu

1782 1719 83 50 der
1892 1720 274 49 wirklichen
2204 1738 216 49 graner
2457 1723 196 48 Messe.

1900 1800 90 48 Die
2018 1800 305 66 Religiosität,
2345 1800 68 66 ja,
2442 1800 143 50 selbst
2613 1800 74 50 die
2715 1800 338 50 Kirchlichkeit
3081 1801 128 50 einer
3238 1803 72 49 Mu-

1780 1877 70 50 sik
1891 1879 45 48 in
1978 1879 228 67 gewissen
2234 1879 341 49 traditionellen
2606 1881 207 47 Formen
2855 1898 57 30 zu
2954 1880 193 58 suchen,
3191 1879 154 52 davon

1782 1957 101 50 sind
1911 1960 88 48 wir
2025 1960 108 48 sehr
2163 1960 109 48 weit
2309 1959 214 59 entfernt,
2566 1977 50 31 so
2658 1959 406 51 beachtenswerth
3101 1977 86 31 uns
3228 1960 123 50 auch

1783 2036 73 50 die
1886 2037 303 50 Tradition
2218 2037 173 68 gerade
2422 2037 73 50 bei
2518 2037 348 50 Kunstwerken
2895 2039 247 59 erscheint,
3171 2040 180 50 welche

1784 2115 83 49 der
1896 2116 320 51 katholischen
2244 2117 174 49 Kirche
2448 2116 182 50 dienen.
2686 2116 159 50 Indess
2883 2116 148 50 bleibt
3073 2134 48 32 es
3163 2117 188 68 richtig,

1784 2195 104 49 dass
1917 2195 84 51 der
2028 2196 339 68 vorzugsweise
2408 2197 78 49 für
2527 2196 74 50 die
2629 2197 175 49 Kirche
2832 2195 305 51 verwandten
3165 2205 160 43 contra-

1784 2275 307 66 punktischen
2119 2275 94 48 und
2246 2275 201 66 fugirten
2471 2275 274 49 Schreibart
2777 2275 148 49 nichts
2954 2275 241 66 specifisch
3226 2276 100 50 Reli-

1782 2355 151 66 giöses
1954 2355 327 49 nachweisbar
2301 2356 72 57 ist,
2397 2356 121 48 noch
2547 2355 211 67 weniger
2787 2355 91 49 den
2905 2355 420 52 süsslich-melodiö-

1779 2450 81 32 sen
1883 2434 339 67 Wendungen,
2253 2435 178 48 welche
2453 2434 148 49 durch
2625 2434 72 49 die
2721 2434 446 49 ununterbrochene
3191 2436 125 49 Nach-

1778 2514 211 66 ahmung
2004 2515 217 50 Mozart's
2244 2514 95 49 und
2354 2514 211 67 Haydn's
2594 2514 324 67 gegenwärtig
2946 2515 46 47 in
3022 2514 91 49 den
3142 2515 208 51 Kirchen

1775 2592 268 50 herrschen.
2075 2594 137 48 Auch
2244 2594 85 48 wir
2356 2592 101 50 sind
2489 2594 82 48 mit
2599 2594 91 48 den
2724 2592 305 50 Verfechtern
3058 2592 84 51 der
3171 2612 175 48 graner

1774 2672 151 49 Messe
1953 2671 47 50 in
2029 2671 106 50 dem
2165 2671 184 50 Punkte
2378 2671 315 50 vollkommen
2737 2671 370 60 einverstanden,
3153 2671 104 51 dass
3295 2690 49 32 es

1773 2752 85 49 auf
1881 2751 89 50 den
2000 2752 161 49 Geist
2201 2751 83 50 der
2312 2751 291 66 Religiosität
2631 2751 268 59 ankomme,
2940 2751 84 50 der
3054 2752 75 49 ein
3157 2752 182 50 solches

1774 2830 159 51 Werk
1970 2829 349 68 durchdringen
2358 2831 102 59 soll,
2502 2830 96 49 und
2640 2830 127 49 nicht
2795 2830 85 49 auf
2914 2829 268 50 bestimmte
3213 2831 93 50 Aus-

1779 2909 387 50 drucksformeln.

1897 2989 380 66 Angenommen,
2305 2989 269 49 Beethoven
2603 2989 125 49 hätte
2758 2989 81 49 das
2866 2989 187 66 Adagio
3083 3006 83 32 aus
3194 2990 153 49 seiner

1778 3075 205 43 neunten
2006 3069 206 49 Sinfonie
2241 3069 46 48 in
2316 3069 101 48 eine
2447 3073 212 60 grössere
2676 3069 362 48 Kirchenmusik
3068 3069 246 66 aufgenom-

1778 3165 123 41 men,
1944 3164 50 33 so
2023 3146 165 51 würde
2218 3164 110 32 man
2354 3146 96 50 sich
2481 3147 122 49 wohl
2634 3146 213 66 Anfangs
2890 3146 296 61 überrascht,
3229 3147 118 51 aber

1776 3227 166 66 gewiss
1985 3226 180 50 alsbald
2193 3244 88 32 von
2310 3226 107 50 dem
2444 3226 195 67 seligen,
2678 3226 266 50 verklärten
2972 3227 204 50 Frieden
3206 3229 111 48 erho-

1776 3306 93 50 ben
1898 3306 182 57 fühlen,
2110 3305 163 49 dessen
2304 3306 129 50 Geist
2461 3305 126 51 diese
2616 3306 156 50 Musik
2800 3324 107 32 zum
2936 3307 197 50 wahren
3163 3307 179 50 Gebete

1778 3385 167 51 macht.

1893 3465 122 48 Vom
2044 3465 252 66 religiösen
2326 3464 173 58 Geiste,
2527 3481 90 33 von
2646 3464 84 49 der
2758 3464 233 49 Heilkraft
3019 3464 78 48 des
3123 3462 222 61 Gebetes,

1775 3560 88 32 von
1886 3542 82 50 der
1992 3544 228 66 Segnung
2244 3544 82 48 der
2342 3542 175 50 Kirche
2540 3541 192 52 werden
2761 3544 85 48 wir
2874 3542 236 66 hingegen
3138 3542 47 49 in
3214 3542 131 51 einer

1775 3622 156 50 Musik
1986 3622 146 50 kaum
2189 3631 144 42 etwas
2389 3622 252 60 erkennen,
2700 3621 72 50 die
2815 3621 80 50 das
2949 3639 144 48 ganze
3137 3622 210 51 Wirrsal

1778 3701 340 50 menschlicher
2145 3701 387 51 Leidenschaften
2571 3700 270 51 absichtlich
2884 3701 201 50 aufstört
3125 3701 98 50 und
3265 3702 84 50 mit

1775 3781 311 51 vollendetem
2117 3782 315 50 Raffinement
2474 3780 72 49 die
2589 3780 197 48 irdische
2815 3781 200 48 Unruhe
3044 3781 98 50 und
3170 3782 152 50 Zerris-

1776 3861 182 48 senheit
1987 3861 145 50 feiert.
2190 3861 75 48 Sei
2293 3860 122 48 Liszt
2451 3859 120 48 noch
2608 3875 50 33 so
2691 3859 251 67 andächtig
2973 3878 217 49 gewesen
3220 3861 124 48 beim

1780 3940 334 67 Componiren,
2156 3940 203 49 welcher
2387 3939 192 48 Mensch
2608 3939 177 49 könnte
2822 3956 48 32 es
2898 3940 99 49 sein
3026 3940 125 49 beim
3179 3940 131 49 Anhö-

1778 4036 85 32 ren
1888 4019 151 50 dieser
2061 4020 179 48 Messe?
2270 4017 225 52 Welches
2514 4017 209 50 Gemüth
2752 4020 269 48 vermöchte
3050 4019 144 49 durch
3219 4017 122 49 diese

1780 4100 131 48 Töne
1968 4099 95 49 sich
2118 4116 55 32 zu
2222 4099 111 49 Gott
2387 4096 220 67 gehoben
2650 4116 57 32 zu
2753 4099 183 62 fühlen,
2992 4097 202 68 gestärkt
3243 4095 96 51 und

1776 4179 221 49 versöhnt
2010 4179 22 48 ?
