2291 3792
560 219 114 26 NOTE
710 219 85 26 SUR
829 220 53 24 LA
916 220 205 27 CHANSON
1156 223 253 28 POPULAIRE
1444 226 258 28 ESPAGNOLE

2059 225 83 40 143

126 310 126 48 XVI,
276 312 64 39 dit
357 312 52 39 de
421 311 201 48 Palacio,
642 311 153 53 publié
815 312 295 52 parßarbieri
1128 328 104 27 avec
1245 329 86 27 une
1352 315 216 43 infidélité
1585 320 285 51 regrettable,
1899 324 122 38 aussi
2044 323 103 39 bien

130 379 215 40 musicale
365 393 84 39 que
474 381 224 51 poétique,
726 383 196 38 contient
943 385 82 46 460
1051 385 340 49 compositions,
1432 399 74 38 277
1541 388 221 40 sérieuses
1783 397 40 32 et
1844 390 216 51 lyriques,
2097 395 51 36 26

131 448 280 50 religieuses,
442 463 45 36 33
515 449 275 52 historiques
811 458 40 31 et
875 450 388 53 chevaleresques,
1300 453 99 51 plus
1442 454 53 39 de
1530 468 53 36 40
1637 458 265 48 pastorales,
1942 468 82 30 etc.
2061 458 87 41 Les

129 526 184 31 auteurs
338 517 261 51 (musiciens
617 531 56 28 ou
707 520 438 51 musiciens-poètes)
1185 529 100 31 sont
1309 521 166 48 divers,
1518 532 41 30 et
1579 524 39 50 je
1649 525 142 39 relève
1815 528 143 49 parmi
1982 541 82 26 eux
2085 527 62 39 les

131 599 132 26 noms
286 586 52 40 de
362 586 235 49 Penalosa,
625 586 233 51 Anchieta,
883 590 241 38 musiciens
1142 588 54 40 de
1219 589 39 39 la
1281 589 212 40 chambre
1516 590 236 42 d'lsabelle
1775 593 39 40 la
1858 593 286 53 Catholique,

131 654 188 40 Encina.
348 654 224 52 Espinosa
592 664 41 31 et
657 665 149 30 autres
829 669 90 27 non
968 658 150 38 moins
1143 671 186 26 connus.
1365 658 123 40 Dans
1542 672 46 26 ce
1631 658 269 42 Cancionero
1945 671 98 31 tous
2086 663 62 40 les

133 726 241 38 musiciens
414 724 54 40 de
508 724 37 39 la
588 724 233 40 collection
862 725 212 40 cultivent
1121 726 37 39 la
1196 726 142 40 forme
1361 727 53 39 de
1439 726 98 41 l'art
1560 728 53 39 de
1643 741 107 27 cour
1771 729 53 39 de
1846 727 221 54 l'époque,
2111 731 38 40 le

133 799 149 33 cantar
288 824 9 18 ,
324 793 38 39 le
385 792 251 40 cantarcillo
645 825 7 15 ,
679 793 38 39 le
740 793 229 40 villancico
986 795 75 51 qui
1079 795 68 38 n'a
1172 796 95 39 rien
1292 800 21 34 à
1338 797 96 38 voir
1455 809 105 26 avec
1580 796 38 39 le
1636 796 222 51 madrigal
1888 798 59 39 du
1971 806 143 43 temps
2138 813 6 24 :

132 862 41 38 le
191 861 148 40 thème
356 861 78 40 des
458 867 193 34 cantares
673 870 41 31 et
734 862 77 39 des
834 863 275 39 cantarcillos
1128 873 65 30 est
1215 865 201 51 toujours
1442 864 37 39 la
1522 865 201 39 chanson
1747 865 235 52 populaire
2006 878 6 26 :
2066 866 83 40 elle

130 930 159 46 éclate,
308 932 193 42 vivante,
524 940 40 30 et
595 930 115 48 vole,
733 931 156 51 fuyant
920 932 62 39 les
1002 931 224 41 subtilités
1253 933 114 40 delà
1401 934 304 39 construction
1736 933 352 52 polyphonique.

189 998 64 41 Le
276 1000 217 39 musicien
510 1000 39 39 le
569 999 101 52 plus
689 1000 149 50 génial
856 1009 40 31 et
918 1000 38 40 le
973 1001 101 52 plus
1100 1001 142 41 adroit
1262 1004 321 38 certainement
1606 1002 111 40 dans
1735 1015 70 27 ces
1826 1003 322 39 assimilations

132 1068 56 39 de
213 1068 38 39 la
273 1068 201 40 chanson
495 1068 234 52 populaire
752 1078 65 31 est
833 1068 117 54 Juan
973 1070 69 39 del
1062 1069 169 41 Encina
1254 1069 128 54 (1469
1400 1075 88 36 ?
1509 1068 32 55 f
1568 1071 49 52 ?),
1644 1071 39 39 le
1728 1071 163 41 double
1912 1070 238 42 fondateur

135 1137 58 39 du
213 1138 170 39 théâtre
406 1137 214 41 moderne
663 1138 236 52 espagnol,
946 1140 121 39 aussi
1101 1138 103 41 bien
1246 1140 188 40 musical
1477 1154 88 38 que
1589 1140 227 40 littéraire.
1843 1140 31 40 Il
1914 1149 80 37 est,
2038 1145 20 35 à
2089 1140 60 41 lui

133 1206 115 47 seul,
272 1205 188 41 l'auteur
489 1207 53 39 de
571 1207 99 51 plus
701 1207 53 40 de
787 1209 200 38 soixante
1028 1210 324 50 compositions
1383 1218 242 31 contenues
1663 1209 113 40 dans
1797 1209 39 40 le
1862 1207 284 50 Cancionero,

138 1275 358 52 quelques-unes
521 1285 296 43 appartenant
842 1281 21 34 à
889 1277 39 39 la
952 1279 209 50 musique
1201 1279 75 50 qui
1303 1280 340 50 accompagnait
1677 1279 63 39 les
1771 1280 378 50 représentations

133 1344 58 40 de
214 1357 71 26 ses
308 1344 219 47 Eglogas.

352 1385 22 12 o
433 1386 22 12 o

192 1411 64 41 Le
277 1412 270 40 Cancionero
568 1415 191 37 existant
783 1418 22 34 à
830 1414 39 38 la
895 1413 311 52 bibliothèque
1231 1413 260 40 Colombina
1512 1414 154 48 (fonds
1693 1415 54 40 de
1767 1415 131 40 livres
1916 1423 41 32 et
1980 1416 52 38 de
2057 1430 62 24 ma-

138 1483 192 38 nuscrits
387 1482 52 39 de
479 1481 255 40 Ferdinand
773 1480 162 50 Colon)
968 1482 54 39 de
1046 1479 181 50 Séville,
1267 1482 177 40 intitulé
1471 1481 252 41 Cantilenas
1744 1482 201 53 vulgares
1952 1514 7 15 ,
1992 1483 154 49 inédit,

135 1552 201 50 quoique
357 1550 163 40 traduit
545 1563 105 26 sous
668 1564 72 25 ma
764 1550 232 47 direction,
1022 1559 65 31 est
1110 1552 121 38 aussi
1251 1566 60 25 un
1337 1549 271 41 Cancionero
1622 1551 54 39 de
1697 1552 241 38 musiciens
1954 1552 53 38 de
2025 1564 120 27 cour.

139 1619 32 39 Il
197 1620 250 50 appartient
472 1623 21 35 à
518 1618 37 40 la
579 1622 144 36 même
744 1623 174 47 époque
941 1627 40 32 et
1006 1618 219 41 renferme
1248 1619 77 41 des
1342 1621 324 50 compositions
1705 1620 113 39 dans
1841 1619 40 40 le
1919 1632 136 37 genre
2090 1620 58 40 du

141 1686 270 42 Cancionero
436 1688 50 39 de
511 1687 184 40 Palacio
721 1689 196 48 signées,
945 1701 46 39 52
1016 1702 80 38 par
1115 1688 181 48 Triana,
1338 1702 44 25 12
1410 1703 80 37 par
1511 1688 117 54 Juan
1667 1688 54 40 de
1757 1687 160 49 Vrede,
1954 1702 86 26 une
2069 1703 80 37 par

139 1756 30 41 I.
190 1757 54 39 de
260 1755 142 49 Léon,
433 1769 14 39 5
476 1771 79 37 par
579 1755 228 52 Cornago,
837 1772 24 35 4
885 1771 81 38 par
980 1756 195 48 Madrid,
1199 1771 24 37 4
1248 1771 80 38 par
1356 1757 312 49 Bustamante,
1694 1771 20 25 2
1739 1771 81 37 par
1837 1754 166 52 Gigôn,
2028 1772 24 35 4
2071 1771 78 37 par

141 1825 204 41 Hurtado
363 1825 53 40 de
439 1826 137 39 Xeres
596 1834 41 31 et
660 1825 224 52 plusieurs
902 1841 79 36 par
1005 1826 220 41 Francino
1250 1826 53 39 de
1326 1826 39 40 la
1390 1825 154 41 Torre.

195 1895 128 41 Voici
348 1895 37 39 la
407 1895 314 50 reproduction
747 1895 24 39 d
792 1909 86 25 une
901 1909 116 36 page
1041 1896 52 39 de
1117 1909 46 26 ce
1187 1894 285 41 Cancionero.

200 3474 87 40 Ces
331 3476 286 51 adaptations
642 3475 53 39 de
734 3473 39 39 la
792 3473 199 41 chanson
1013 3474 233 52 populaire
1269 3477 20 35 à
1314 3473 38 40 la
1376 3473 275 52 polyphonie
1677 3473 237 52 appliquée
1940 3476 21 35 à
1984 3472 97 39 Fart
2105 3472 53 39 de

141 3558 106 26 cour
266 3544 54 40 de
344 3542 206 51 l'époque
574 3557 46 27 se
642 3542 270 51 complètent
935 3558 79 35 par
1043 3543 62 40 les
1131 3543 285 50 adaptations
1441 3542 57 40 du
1536 3546 145 36 même
1700 3554 138 38 genre
1879 3545 18 35 à
1926 3541 38 39 la
2004 3554 154 26 mono-
