<?xml version="1.0" encoding="UTF-8"?>
<alto xmlns:xsi="http://www.w3.org/2001/XMLSchema-instance" xmlns="http://www.loc.gov/standards/alto/ns-v2#" xsi:schemaLocation="http://www.loc.gov/standards/alto/ns-v2# http://www.loc.gov/standards/alto/alto-v2.0.xsd" xmlns:xlink="http://www.w3.org/1999/xlink">
	<Description>
		<MeasurementUnit>mm10</MeasurementUnit>
		<sourceImageInformation>
			<fileName>//fileserver7/IN2-2/Princeton/bmtnabj/1905/03/01_01/00000165.tif</fileName>
		</sourceImageInformation>
		<OCRProcessing ID="OCRPROCESSING_1">
			<preProcessingStep>
				<processingSoftware>
					<softwareCreator>CCS Content Conversion Specialists GmbH, Germany</softwareCreator>
					<softwareName>CCS docWorks</softwareName>
					<softwareVersion>6.7-1.20</softwareVersion>
				</processingSoftware>
			</preProcessingStep>
			<ocrProcessingStep>
				<processingSoftware>
					<softwareCreator>ABBYY (BIT Software), Russia</softwareCreator>
					<softwareName>FineReader</softwareName>
					<softwareVersion>10.0</softwareVersion>
				</processingSoftware>
			</ocrProcessingStep>
		</OCRProcessing>
	</Description>
	<Styles>
		<TextStyle ID="TXT_0" FONTSIZE="11" FONTFAMILY="Times New Roman"/>
		<TextStyle ID="TXT_1" FONTSIZE="14" FONTFAMILY="Times New Roman"/>
		<TextStyle ID="TXT_2" FONTSIZE="14" FONTFAMILY="Times New Roman" FONTSTYLE="italics"/>
		<TextStyle ID="TXT_3" FONTSIZE="9" FONTFAMILY="Times New Roman"/>
		<TextStyle ID="TXT_4" FONTSIZE="12" FONTFAMILY="Times New Roman"/>
		<TextStyle ID="TXT_5" FONTSIZE="33" FONTFAMILY="Arial"/>
		<ParagraphStyle ID="PAR_CENTER" ALIGN="Center"/>
		<ParagraphStyle ID="PAR_RIGHT" ALIGN="Right"/>
		<ParagraphStyle ID="PAR_BLOCK" ALIGN="Block"/>
		<ParagraphStyle ID="PAR_LEFT" ALIGN="Left"/>
	</Styles>
	<Layout>
		<Page ID="P21" PHYSICAL_IMG_NR="21" HEIGHT="3792" WIDTH="2291" PRINTED_IMG_NR="149" PC="0.923">
			<TopMargin ID="P21_TM00001" HPOS="0" VPOS="0" WIDTH="2291" HEIGHT="271">
				<TextBlock ID="P21_TB00001" HPOS="434" VPOS="224" WIDTH="1416" HEIGHT="36" STYLEREFS="TXT_0 PAR_CENTER">
					<TextLine ID="P21_TL00001" HPOS="435" VPOS="224" WIDTH="1415" HEIGHT="36">
						<String ID="P21_ST00001" HPOS="435" VPOS="233" WIDTH="116" HEIGHT="27" CONTENT="DEUX" WC="0.99" CC="3000"/>
						<SP ID="P21_SP00001" HPOS="551" VPOS="260" WIDTH="33"/>
						<String ID="P21_ST00002" HPOS="584" VPOS="232" WIDTH="256" HEIGHT="28" CONTENT="ANCIENNES" WC="1.00" CC="023004200"/>
						<SP ID="P21_SP00002" HPOS="840" VPOS="260" WIDTH="34"/>
						<String ID="P21_ST00003" HPOS="874" VPOS="225" WIDTH="225" HEIGHT="35" CONTENT="MÉLODIES" WC="0.99" CC="47306000"/>
						<SP ID="P21_SP00003" HPOS="1099" VPOS="260" WIDTH="41"/>
						<String ID="P21_ST00004" HPOS="1140" VPOS="231" WIDTH="57" HEIGHT="26" CONTENT="DE" WC="0.73" CC="50"/>
						<SP ID="P21_SP00004" HPOS="1197" VPOS="260" WIDTH="33"/>
						<String ID="P21_ST00005" HPOS="1230" VPOS="233" WIDTH="52" HEIGHT="25" CONTENT="LA" WC="1.00" CC="00"/>
						<SP ID="P21_SP00005" HPOS="1282" VPOS="260" WIDTH="32"/>
						<String ID="P21_ST00006" HPOS="1314" VPOS="224" WIDTH="191" HEIGHT="35" CONTENT="VÉNÉTIE" WC="0.74" CC="3304410"/>
						<SP ID="P21_SP00006" HPOS="1505" VPOS="260" WIDTH="35"/>
						<String ID="P21_ST00007" HPOS="1540" VPOS="233" WIDTH="310" HEIGHT="27" CONTENT="OCCIDENTALE" WC="1.00" CC="00154000300"/>
					</TextLine>
				</TextBlock>
				<TextBlock ID="P21_TB00002" HPOS="2069" VPOS="231" WIDTH="75" HEIGHT="38" STYLEREFS="TXT_1 PAR_RIGHT">
					<TextLine ID="P21_TL00002" HPOS="2071" VPOS="231" WIDTH="73" HEIGHT="38">
						<String ID="P21_ST00008" HPOS="2071" VPOS="231" WIDTH="73" HEIGHT="38" CONTENT="149" WC="0.27" CC="876"/>
					</TextLine>
				</TextBlock>
			</TopMargin>
			<LeftMargin ID="P21_LM00001" HPOS="0" VPOS="271" WIDTH="133" HEIGHT="3335"/>
			<RightMargin ID="P21_RM00001" HPOS="2149" VPOS="271" WIDTH="142" HEIGHT="3335"/>
			<BottomMargin ID="P21_BM00001" HPOS="0" VPOS="3606" WIDTH="2291" HEIGHT="186"/>
			<PrintSpace ID="P21_PS00001" HPOS="133" VPOS="271" WIDTH="2016" HEIGHT="3335">
				<TextBlock ID="P21_TB00003" HPOS="133" VPOS="1220" WIDTH="2016" HEIGHT="2128" STYLEREFS="TXT_1 PAR_BLOCK">
					<TextLine ID="P21_TL00003" HPOS="192" VPOS="1298" WIDTH="1953" HEIGHT="57">
						<String ID="P21_ST00009" HPOS="192" VPOS="1298" WIDTH="31" HEIGHT="40" CONTENT="Il" WC="0.46" CC="55"/>
						<SP ID="P21_SP00007" HPOS="223" VPOS="1338" WIDTH="18"/>
						<String ID="P21_ST00010" HPOS="241" VPOS="1312" WIDTH="55" HEIGHT="26" CONTENT="ne" WC="0.81" CC="30"/>
						<SP ID="P21_SP00008" HPOS="296" VPOS="1338" WIDTH="23"/>
						<String ID="P21_ST00011" HPOS="319" VPOS="1308" WIDTH="114" HEIGHT="31" CONTENT="reste" WC="0.98" CC="13060"/>
						<SP ID="P21_SP00009" HPOS="433" VPOS="1339" WIDTH="20"/>
						<String ID="P21_ST00012" HPOS="453" VPOS="1300" WIDTH="100" HEIGHT="52" CONTENT="plus" WC="0.97" CC="2550"/>
						<SP ID="P21_SP00010" HPOS="553" VPOS="1352" WIDTH="21"/>
						<String ID="P21_ST00013" HPOS="574" VPOS="1315" WIDTH="58" HEIGHT="37" CONTENT="qu" WC="0.61" CC="07"/>
						<SP ID="P21_SP00011" HPOS="632" VPOS="1352" WIDTH="28"/>
						<String ID="P21_ST00014" HPOS="660" VPOS="1305" WIDTH="20" HEIGHT="35" CONTENT="à" WC="0.40" CC="5"/>
						<SP ID="P21_SP00012" HPOS="680" VPOS="1352" WIDTH="26"/>
						<String ID="P21_ST00015" HPOS="706" VPOS="1301" WIDTH="152" HEIGHT="52" CONTENT="placer" WC="0.99" CC="321104"/>
						<SP ID="P21_SP00013" HPOS="858" VPOS="1353" WIDTH="22"/>
						<String ID="P21_ST00016" HPOS="880" VPOS="1302" WIDTH="63" HEIGHT="39" CONTENT="les" WC="0.98" CC="400"/>
						<SP ID="P21_SP00014" HPOS="943" VPOS="1353" WIDTH="35"/>
						<String ID="P21_ST00017" HPOS="978" VPOS="1312" WIDTH="176" HEIGHT="31" CONTENT="accents" WC="0.99" CC="0210540"/>
						<SP ID="P21_SP00015" HPOS="1154" VPOS="1353" WIDTH="32"/>
						<String ID="P21_ST00018" HPOS="1186" VPOS="1305" WIDTH="202" HEIGHT="50" CONTENT="initiaux," WC="0.99" CC="300520503"/>
						<SP ID="P21_SP00016" HPOS="1388" VPOS="1355" WIDTH="21"/>
						<String ID="P21_ST00019" HPOS="1409" VPOS="1303" WIDTH="266" HEIGHT="42" CONTENT="c'est-à-dire" WC="1.00" CC="040044232300"/>
						<SP ID="P21_SP00017" HPOS="1675" VPOS="1355" WIDTH="22"/>
						<String ID="P21_ST00020" HPOS="1697" VPOS="1310" WIDTH="21" HEIGHT="35" CONTENT="à" WC="0.65" CC="3"/>
						<SP ID="P21_SP00018" HPOS="1718" VPOS="1355" WIDTH="26"/>
						<String ID="P21_ST00021" HPOS="1744" VPOS="1305" WIDTH="106" HEIGHT="41" CONTENT="fixer" WC="0.99" CC="60000"/>
						<SP ID="P21_SP00019" HPOS="1850" VPOS="1355" WIDTH="19"/>
						<String ID="P21_ST00022" HPOS="1869" VPOS="1307" WIDTH="41" HEIGHT="40" CONTENT="la" WC="0.80" CC="30"/>
						<SP ID="P21_SP00020" HPOS="1910" VPOS="1355" WIDTH="23"/>
						<String ID="P21_ST00023" HPOS="1933" VPOS="1317" WIDTH="103" HEIGHT="31" CONTENT="note" WC="0.99" CC="4000"/>
						<SP ID="P21_SP00021" HPOS="2036" VPOS="1355" WIDTH="33"/>
						<String ID="P21_ST00024" HPOS="2069" VPOS="1320" WIDTH="76" HEIGHT="28" CONTENT="sur" WC="0.96" CC="054"/>
					</TextLine>
					<TextLine ID="P21_TL00004" HPOS="134" VPOS="1367" WIDTH="2009" HEIGHT="58">
						<String ID="P21_ST00025" HPOS="134" VPOS="1367" WIDTH="194" HEIGHT="52" CONTENT="laquelle" WC="1.00" CC="30000500"/>
						<SP ID="P21_SP00022" HPOS="328" VPOS="1419" WIDTH="23"/>
						<String ID="P21_ST00026" HPOS="351" VPOS="1382" WIDTH="22" HEIGHT="25" CONTENT="a" WC="1.00" CC="0"/>
						<SP ID="P21_SP00023" HPOS="373" VPOS="1419" WIDTH="24"/>
						<String ID="P21_ST00027" HPOS="397" VPOS="1367" WIDTH="88" HEIGHT="40" CONTENT="lieu" WC="0.99" CC="0300"/>
						<SP ID="P21_SP00024" HPOS="485" VPOS="1419" WIDTH="25"/>
						<String ID="P21_ST00028" HPOS="510" VPOS="1368" WIDTH="38" HEIGHT="39" CONTENT="le" WC="0.81" CC="30"/>
						<SP ID="P21_SP00025" HPOS="548" VPOS="1419" WIDTH="23"/>
						<String ID="P21_ST00029" HPOS="571" VPOS="1369" WIDTH="308" HEIGHT="49" CONTENT="touchement," WC="0.72" CC="62610000057"/>
						<SP ID="P21_SP00026" HPOS="879" VPOS="1419" WIDTH="21"/>
						<String ID="P21_ST00030" HPOS="900" VPOS="1383" WIDTH="57" HEIGHT="27" CONTENT="ou" WC="1.00" CC="00"/>
						<SP ID="P21_SP00027" HPOS="957" VPOS="1419" WIDTH="25"/>
						<String ID="P21_ST00031" HPOS="982" VPOS="1384" WIDTH="54" HEIGHT="26" CONTENT="en" WC="0.55" CC="26"/>
						<SP ID="P21_SP00028" HPOS="1036" VPOS="1419" WIDTH="24"/>
						<String ID="P21_ST00032" HPOS="1060" VPOS="1371" WIDTH="193" HEIGHT="40" CONTENT="d'autres" WC="0.99" CC="04056003"/>
						<SP ID="P21_SP00029" HPOS="1253" VPOS="1419" WIDTH="24"/>
						<String ID="P21_ST00033" HPOS="1277" VPOS="1381" WIDTH="117" HEIGHT="32" CONTENT="mots" WC="0.99" CC="0040"/>
						<SP ID="P21_SP00030" HPOS="1394" VPOS="1419" WIDTH="33"/>
						<String ID="P21_ST00034" HPOS="1427" VPOS="1373" WIDTH="39" HEIGHT="40" CONTENT="la" WC="0.76" CC="40"/>
						<SP ID="P21_SP00031" HPOS="1466" VPOS="1419" WIDTH="20"/>
						<String ID="P21_ST00035" HPOS="1486" VPOS="1374" WIDTH="125" HEIGHT="51" CONTENT="place" WC="0.99" CC="07010"/>
						<SP ID="P21_SP00032" HPOS="1611" VPOS="1425" WIDTH="20"/>
						<String ID="P21_ST00036" HPOS="1631" VPOS="1374" WIDTH="53" HEIGHT="40" CONTENT="de" WC="1.00" CC="00"/>
						<SP ID="P21_SP00033" HPOS="1684" VPOS="1425" WIDTH="19"/>
						<String ID="P21_ST00037" HPOS="1703" VPOS="1373" WIDTH="145" HEIGHT="42" CONTENT="l'ictus" WC="1.00" CC="2210000"/>
						<SP ID="P21_SP00034" HPOS="1848" VPOS="1425" WIDTH="17"/>
						<String ID="P21_ST00038" HPOS="1865" VPOS="1376" WIDTH="144" HEIGHT="40" CONTENT="initial" WC="0.98" CC="2545004"/>
						<SP ID="P21_SP00035" HPOS="2009" VPOS="1425" WIDTH="23"/>
						<String ID="P21_ST00039" HPOS="2032" VPOS="1376" WIDTH="53" HEIGHT="40" CONTENT="de" WC="1.00" CC="00"/>
						<SP ID="P21_SP00036" HPOS="2085" VPOS="1425" WIDTH="19"/>
						<String ID="P21_ST00040" HPOS="2104" VPOS="1376" WIDTH="39" HEIGHT="39" CONTENT="la" WC="1.00" CC="00"/>
					</TextLine>
					<TextLine ID="P21_TL00005" HPOS="134" VPOS="1435" WIDTH="2013" HEIGHT="59">
						<String ID="P21_ST00041" HPOS="134" VPOS="1448" WIDTH="193" HEIGHT="34" CONTENT="mesure," WC="0.99" CC="0005002"/>
						<SP ID="P21_SP00037" HPOS="327" VPOS="1482" WIDTH="20"/>
						<String ID="P21_ST00042" HPOS="347" VPOS="1449" WIDTH="45" HEIGHT="26" CONTENT="ce" WC="1.00" CC="00"/>
						<SP ID="P21_SP00038" HPOS="392" VPOS="1482" WIDTH="37"/>
						<String ID="P21_ST00043" HPOS="429" VPOS="1437" WIDTH="74" HEIGHT="50" CONTENT="qui" WC="1.00" CC="001"/>
						<SP ID="P21_SP00039" HPOS="503" VPOS="1487" WIDTH="24"/>
						<String ID="P21_ST00044" HPOS="527" VPOS="1436" WIDTH="112" HEIGHT="39" CONTENT="dans" WC="0.99" CC="0060"/>
						<SP ID="P21_SP00040" HPOS="639" VPOS="1487" WIDTH="24"/>
						<String ID="P21_ST00045" HPOS="663" VPOS="1435" WIDTH="223" HEIGHT="42" CONTENT="l'écriture" WC="0.99" CC="3360045600"/>
						<SP ID="P21_SP00041" HPOS="886" VPOS="1487" WIDTH="19"/>
						<String ID="P21_ST00046" HPOS="905" VPOS="1439" WIDTH="215" HEIGHT="41" CONTENT="moderne" WC="1.00" CC="0000000"/>
						<SP ID="P21_SP00042" HPOS="1120" VPOS="1487" WIDTH="36"/>
						<String ID="P21_ST00047" HPOS="1156" VPOS="1439" WIDTH="222" HEIGHT="52" CONTENT="s'indique" WC="0.99" CC="023004060"/>
						<SP ID="P21_SP00043" HPOS="1378" VPOS="1491" WIDTH="23"/>
						<String ID="P21_ST00048" HPOS="1401" VPOS="1456" WIDTH="80" HEIGHT="37" CONTENT="par" WC="0.98" CC="040"/>
						<SP ID="P21_SP00044" HPOS="1481" VPOS="1493" WIDTH="31"/>
						<String ID="P21_ST00049" HPOS="1512" VPOS="1442" WIDTH="39" HEIGHT="39" CONTENT="la" WC="1.00" CC="00"/>
						<SP ID="P21_SP00045" HPOS="1551" VPOS="1493" WIDTH="27"/>
						<String ID="P21_ST00050" HPOS="1578" VPOS="1441" WIDTH="129" HEIGHT="41" CONTENT="barre" WC="1.00" CC="00000"/>
						<SP ID="P21_SP00046" HPOS="1707" VPOS="1493" WIDTH="32"/>
						<String ID="P21_ST00051" HPOS="1739" VPOS="1443" WIDTH="151" HEIGHT="51" CONTENT="placée" WC="0.99" CC="000090"/>
						<SP ID="P21_SP00047" HPOS="1890" VPOS="1494" WIDTH="25"/>
						<String ID="P21_ST00052" HPOS="1915" VPOS="1448" WIDTH="22" HEIGHT="35" CONTENT="à" WC="0.53" CC="4"/>
						<SP ID="P21_SP00048" HPOS="1937" VPOS="1494" WIDTH="35"/>
						<String ID="P21_ST00053" HPOS="1972" VPOS="1444" WIDTH="175" HEIGHT="49" CONTENT="gauche" WC="0.99" CC="900010"/>
					</TextLine>
					<TextLine ID="P21_TL00006" HPOS="134" VPOS="1504" WIDTH="2011" HEIGHT="57">
						<String ID="P21_ST00054" HPOS="134" VPOS="1504" WIDTH="54" HEIGHT="39" CONTENT="de" WC="1.00" CC="00"/>
						<SP ID="P21_SP00049" HPOS="188" VPOS="1543" WIDTH="22"/>
						<String ID="P21_ST00055" HPOS="210" VPOS="1504" WIDTH="39" HEIGHT="39" CONTENT="la" WC="0.80" CC="40"/>
						<SP ID="P21_SP00050" HPOS="249" VPOS="1543" WIDTH="23"/>
						<String ID="P21_ST00056" HPOS="272" VPOS="1513" WIDTH="102" HEIGHT="31" CONTENT="note" WC="0.98" CC="6040"/>
						<SP ID="P21_SP00051" HPOS="374" VPOS="1544" WIDTH="24"/>
						<String ID="P21_ST00057" HPOS="398" VPOS="1505" WIDTH="74" HEIGHT="51" CONTENT="qui" WC="0.97" CC="062"/>
						<SP ID="P21_SP00052" HPOS="472" VPOS="1556" WIDTH="25"/>
						<String ID="P21_ST00058" HPOS="497" VPOS="1506" WIDTH="149" HEIGHT="47" CONTENT="serait," WC="1.00" CC="0000402"/>
						<SP ID="P21_SP00053" HPOS="646" VPOS="1556" WIDTH="24"/>
						<String ID="P21_ST00059" HPOS="670" VPOS="1519" WIDTH="104" HEIGHT="26" CONTENT="avec" WC="0.98" CC="0700"/>
						<SP ID="P21_SP00054" HPOS="774" VPOS="1556" WIDTH="21"/>
						<String ID="P21_ST00060" HPOS="795" VPOS="1506" WIDTH="39" HEIGHT="39" CONTENT="la" WC="0.42" CC="47"/>
						<SP ID="P21_SP00055" HPOS="834" VPOS="1556" WIDTH="24"/>
						<String ID="P21_ST00061" HPOS="858" VPOS="1506" WIDTH="101" HEIGHT="51" CONTENT="plus" WC="1.00" CC="0001"/>
						<SP ID="P21_SP00056" HPOS="959" VPOS="1557" WIDTH="23"/>
						<String ID="P21_ST00062" HPOS="982" VPOS="1507" WIDTH="172" HEIGHT="50" CONTENT="grande" WC="0.99" CC="900500"/>
						<SP ID="P21_SP00057" HPOS="1154" VPOS="1557" WIDTH="21"/>
						<String ID="P21_ST00063" HPOS="1175" VPOS="1522" WIDTH="246" HEIGHT="38" CONTENT="apparence" WC="1.00" CC="000030000"/>
						<SP ID="P21_SP00058" HPOS="1421" VPOS="1560" WIDTH="17"/>
						<String ID="P21_ST00064" HPOS="1438" VPOS="1509" WIDTH="53" HEIGHT="40" CONTENT="de" WC="1.00" CC="00"/>
						<SP ID="P21_SP00059" HPOS="1491" VPOS="1560" WIDTH="23"/>
						<String ID="P21_ST00065" HPOS="1514" VPOS="1508" WIDTH="286" HEIGHT="53" CONTENT="probabilité," WC="1.00" CC="000000050060"/>
						<SP ID="P21_SP00060" HPOS="1800" VPOS="1561" WIDTH="27"/>
						<String ID="P21_ST00066" HPOS="1827" VPOS="1511" WIDTH="199" HEIGHT="40" CONTENT="destinée" WC="1.00" CC="00040000"/>
						<SP ID="P21_SP00061" HPOS="2026" VPOS="1561" WIDTH="33"/>
						<String ID="P21_ST00067" HPOS="2059" VPOS="1515" WIDTH="22" HEIGHT="35" CONTENT="à" WC="0.10" CC="8"/>
						<SP ID="P21_SP00062" HPOS="2081" VPOS="1561" WIDTH="24"/>
						<String ID="P21_ST00068" HPOS="2105" VPOS="1511" WIDTH="40" HEIGHT="40" CONTENT="la" WC="0.76" CC="04"/>
					</TextLine>
					<TextLine ID="P21_TL00007" HPOS="135" VPOS="1574" WIDTH="210" HEIGHT="39">
						<String ID="P21_ST00069" HPOS="135" VPOS="1574" WIDTH="210" HEIGHT="39" CONTENT="recevoir." WC="0.99" CC="000060403"/>
					</TextLine>
					<TextLine ID="P21_TL00008" HPOS="191" VPOS="1641" WIDTH="1957" HEIGHT="59">
						<String ID="P21_ST00070" HPOS="191" VPOS="1641" WIDTH="113" HEIGHT="41" CONTENT="Rien" WC="0.99" CC="0200"/>
						<SP ID="P21_SP00063" HPOS="304" VPOS="1682" WIDTH="23"/>
						<String ID="P21_ST00071" HPOS="327" VPOS="1641" WIDTH="113" HEIGHT="40" CONTENT="n'est" WC="0.99" CC="04000"/>
						<SP ID="P21_SP00064" HPOS="440" VPOS="1682" WIDTH="21"/>
						<String ID="P21_ST00072" HPOS="461" VPOS="1642" WIDTH="103" HEIGHT="53" CONTENT="plus" WC="0.99" CC="0240"/>
						<SP ID="P21_SP00065" HPOS="564" VPOS="1695" WIDTH="28"/>
						<String ID="P21_ST00073" HPOS="592" VPOS="1641" WIDTH="339" HEIGHT="43" CONTENT="embarrassant" WC="1.00" CC="000000000045"/>
						<SP ID="P21_SP00066" HPOS="931" VPOS="1695" WIDTH="22"/>
						<String ID="P21_ST00074" HPOS="953" VPOS="1641" WIDTH="54" HEIGHT="59" CONTENT="—■" WC="0.39" CC="84"/>
						<SP ID="P21_SP00067" HPOS="1007" VPOS="1700" WIDTH="42"/>
						<String ID="P21_ST00075" HPOS="1049" VPOS="1658" WIDTH="58" HEIGHT="26" CONTENT="on" WC="1.00" CC="00"/>
						<SP ID="P21_SP00068" HPOS="1107" VPOS="1700" WIDTH="40"/>
						<String ID="P21_ST00076" HPOS="1147" VPOS="1645" WIDTH="38" HEIGHT="40" CONTENT="le" WC="0.67" CC="60"/>
						<SP ID="P21_SP00069" HPOS="1185" VPOS="1700" WIDTH="45"/>
						<String ID="P21_ST00077" HPOS="1230" VPOS="1648" WIDTH="100" HEIGHT="48" CONTENT="sait," WC="0.99" CC="00054"/>
						<SP ID="P21_SP00070" HPOS="1330" VPOS="1700" WIDTH="43"/>
						<String ID="P21_ST00078" HPOS="1373" VPOS="1655" WIDTH="40" HEIGHT="32" CONTENT="et" WC="0.85" CC="02"/>
						<SP ID="P21_SP00071" HPOS="1413" VPOS="1700" WIDTH="24"/>
						<String ID="P21_ST00079" HPOS="1437" VPOS="1655" WIDTH="100" HEIGHT="33" CONTENT="tous" WC="0.97" CC="6061"/>
						<SP ID="P21_SP00072" HPOS="1537" VPOS="1700" WIDTH="33"/>
						<String ID="P21_ST00080" HPOS="1570" VPOS="1660" WIDTH="106" HEIGHT="28" CONTENT="ceux" WC="1.00" CC="1000"/>
						<SP ID="P21_SP00073" HPOS="1676" VPOS="1700" WIDTH="37"/>
						<String ID="P21_ST00081" HPOS="1713" VPOS="1650" WIDTH="74" HEIGHT="50" CONTENT="qui" WC="0.98" CC="004"/>
						<SP ID="P21_SP00074" HPOS="1787" VPOS="1700" WIDTH="26"/>
						<String ID="P21_ST00082" HPOS="1813" VPOS="1648" WIDTH="252" HEIGHT="52" CONTENT="s'occupent" WC="0.99" CC="3000400055"/>
						<SP ID="P21_SP00075" HPOS="2065" VPOS="1700" WIDTH="24"/>
						<String ID="P21_ST00083" HPOS="2089" VPOS="1647" WIDTH="59" HEIGHT="41" CONTENT="du" WC="0.80" CC="04"/>
					</TextLine>
					<TextLine ID="P21_TL00009" HPOS="135" VPOS="1708" WIDTH="2014" HEIGHT="60">
						<String ID="P21_ST00084" HPOS="135" VPOS="1708" WIDTH="211" HEIGHT="42" CONTENT="folk-lore" WC="0.81" CC="502034000"/>
						<SP ID="P21_SP00076" HPOS="346" VPOS="1750" WIDTH="20"/>
						<String ID="P21_ST00085" HPOS="366" VPOS="1711" WIDTH="189" HEIGHT="40" CONTENT="musical" WC="0.99" CC="0500004"/>
						<SP ID="P21_SP00077" HPOS="555" VPOS="1751" WIDTH="44"/>
						<String ID="P21_ST00086" HPOS="599" VPOS="1725" WIDTH="54" HEIGHT="26" CONTENT="en" WC="0.65" CC="06"/>
						<SP ID="P21_SP00078" HPOS="653" VPOS="1751" WIDTH="43"/>
						<String ID="P21_ST00087" HPOS="696" VPOS="1721" WIDTH="156" HEIGHT="32" CONTENT="savent" WC="1.00" CC="000002"/>
						<SP ID="P21_SP00079" HPOS="852" VPOS="1753" WIDTH="25"/>
						<String ID="P21_ST00088" HPOS="877" VPOS="1726" WIDTH="85" HEIGHT="39" CONTENT="que" WC="0.81" CC="050"/>
						<String ID="P21_ST00089" HPOS="968" VPOS="1712" WIDTH="7" HEIGHT="26" CONTENT="]" STYLE="superscript" WC="0.24" CC="7"/>
						<String ID="P21_ST00090" HPOS="985" VPOS="1726" WIDTH="86" HEIGHT="39" CONTENT="que" WC="0.79" CC="060"/>
						<SP ID="P21_SP00080" HPOS="1071" VPOS="1765" WIDTH="31"/>
						<String ID="P21_ST00091" HPOS="1102" VPOS="1714" WIDTH="136" HEIGHT="40" CONTENT="chose" WC="0.99" CC="05000"/>
						<SP ID="P21_SP00081" HPOS="1238" VPOS="1765" WIDTH="95"/>
						<String ID="P21_ST00092" HPOS="1333" VPOS="1728" WIDTH="85" HEIGHT="39" CONTENT="que" WC="0.98" CC="060"/>
						<SP ID="P21_SP00082" HPOS="1418" VPOS="1767" WIDTH="23"/>
						<String ID="P21_ST00093" HPOS="1441" VPOS="1715" WIDTH="54" HEIGHT="40" CONTENT="de" WC="1.00" CC="00"/>
						<SP ID="P21_SP00083" HPOS="1495" VPOS="1767" WIDTH="22"/>
						<String ID="P21_ST00094" HPOS="1517" VPOS="1714" WIDTH="108" HEIGHT="41" CONTENT="fixer" WC="0.99" CC="44000"/>
						<SP ID="P21_SP00084" HPOS="1625" VPOS="1767" WIDTH="24"/>
						<String ID="P21_ST00095" HPOS="1649" VPOS="1731" WIDTH="54" HEIGHT="25" CONTENT="au" WC="1.00" CC="00"/>
						<SP ID="P21_SP00085" HPOS="1703" VPOS="1767" WIDTH="21"/>
						<String ID="P21_ST00096" HPOS="1724" VPOS="1717" WIDTH="114" HEIGHT="51" CONTENT="juste" WC="1.00" CC="40000"/>
						<SP ID="P21_SP00086" HPOS="1838" VPOS="1768" WIDTH="36"/>
						<String ID="P21_ST00097" HPOS="1874" VPOS="1726" WIDTH="40" HEIGHT="31" CONTENT="et" WC="0.89" CC="02"/>
						<SP ID="P21_SP00087" HPOS="1914" VPOS="1768" WIDTH="24"/>
						<String ID="P21_ST00098" HPOS="1938" VPOS="1729" WIDTH="105" HEIGHT="28" CONTENT="avec" WC="1.00" CC="0000"/>
						<SP ID="P21_SP00088" HPOS="2043" VPOS="1768" WIDTH="19"/>
						<String ID="P21_ST00099" HPOS="2062" VPOS="1729" WIDTH="87" HEIGHT="28" CONTENT="une" WC="0.96" CC="055"/>
					</TextLine>
					<TextLine ID="P21_TL00010" HPOS="133" VPOS="1780" WIDTH="1833" HEIGHT="56">
						<String ID="P21_ST00100" HPOS="133" VPOS="1780" WIDTH="169" HEIGHT="38" CONTENT="entière" WC="0.99" CC="0033700"/>
						<SP ID="P21_SP00089" HPOS="302" VPOS="1818" WIDTH="24"/>
						<String ID="P21_ST00101" HPOS="326" VPOS="1780" WIDTH="214" HEIGHT="40" CONTENT="certitude" WC="1.00" CC="000032700"/>
						<SP ID="P21_SP00090" HPOS="540" VPOS="1820" WIDTH="24"/>
						<String ID="P21_ST00102" HPOS="564" VPOS="1780" WIDTH="38" HEIGHT="40" CONTENT="la" WC="0.64" CC="70"/>
						<SP ID="P21_SP00091" HPOS="602" VPOS="1820" WIDTH="30"/>
						<String ID="P21_ST00103" HPOS="632" VPOS="1780" WIDTH="124" HEIGHT="52" CONTENT="place" WC="0.99" CC="03500"/>
						<SP ID="P21_SP00092" HPOS="756" VPOS="1832" WIDTH="24"/>
						<String ID="P21_ST00104" HPOS="780" VPOS="1781" WIDTH="53" HEIGHT="39" CONTENT="de" WC="1.00" CC="00"/>
						<SP ID="P21_SP00093" HPOS="833" VPOS="1832" WIDTH="18"/>
						<String ID="P21_ST00105" HPOS="851" VPOS="1782" WIDTH="146" HEIGHT="40" CONTENT="l'ictus" WC="1.00" CC="0400400"/>
						<SP ID="P21_SP00094" HPOS="997" VPOS="1832" WIDTH="30"/>
						<String ID="P21_ST00106" HPOS="1027" VPOS="1783" WIDTH="111" HEIGHT="39" CONTENT="dans" WC="0.97" CC="0065"/>
						<SP ID="P21_SP00095" HPOS="1138" VPOS="1832" WIDTH="21"/>
						<String ID="P21_ST00107" HPOS="1159" VPOS="1783" WIDTH="38" HEIGHT="39" CONTENT="la" WC="0.77" CC="40"/>
						<SP ID="P21_SP00096" HPOS="1197" VPOS="1832" WIDTH="19"/>
						<String ID="P21_ST00108" HPOS="1216" VPOS="1783" WIDTH="193" HEIGHT="40" CONTENT="mélodie" WC="0.99" CC="0038002"/>
						<SP ID="P21_SP00097" HPOS="1409" VPOS="1832" WIDTH="19"/>
						<String ID="P21_ST00109" HPOS="1428" VPOS="1784" WIDTH="234" HEIGHT="52" CONTENT="populaire" WC="1.00" CC="000520200"/>
						<SP ID="P21_SP00098" HPOS="1662" VPOS="1836" WIDTH="19"/>
						<String ID="P21_ST00110" HPOS="1681" VPOS="1785" WIDTH="186" HEIGHT="42" CONTENT="chantée" WC="0.99" CC="2204300"/>
						<SP ID="P21_SP00099" HPOS="1867" VPOS="1836" WIDTH="24"/>
						<String ID="P21_ST00111" HPOS="1891" VPOS="1785" WIDTH="7" HEIGHT="38" CONTENT="(" WC="0.17" CC="8"/>
						<SP ID="P21_SP00100" HPOS="1898" VPOS="1836" WIDTH="16"/>
						<String ID="P21_ST00112" HPOS="1914" VPOS="1785" WIDTH="52" HEIGHT="49" CONTENT="i)." WC="0.53" CC="184"/>
					</TextLine>
					<TextLine ID="P21_TL00011" HPOS="192" VPOS="1845" WIDTH="1956" HEIGHT="60">
						<String ID="P21_ST00113" HPOS="192" VPOS="1845" WIDTH="48" HEIGHT="43" CONTENT="Si" WC="0.81" CC="03"/>
						<SP ID="P21_SP00101" HPOS="240" VPOS="1888" WIDTH="25"/>
						<String ID="P21_ST00114" HPOS="265" VPOS="1848" WIDTH="62" HEIGHT="39" CONTENT="les" WC="0.99" CC="200"/>
						<SP ID="P21_SP00102" HPOS="327" VPOS="1888" WIDTH="26"/>
						<String ID="P21_ST00115" HPOS="353" VPOS="1849" WIDTH="88" HEIGHT="39" CONTENT="airs" WC="0.98" CC="0160"/>
						<SP ID="P21_SP00103" HPOS="441" VPOS="1888" WIDTH="22"/>
						<String ID="P21_ST00116" HPOS="463" VPOS="1848" WIDTH="53" HEIGHT="40" CONTENT="de" WC="1.00" CC="00"/>
						<SP ID="P21_SP00104" HPOS="516" VPOS="1888" WIDTH="33"/>
						<String ID="P21_ST00117" HPOS="549" VPOS="1849" WIDTH="140" HEIGHT="40" CONTENT="danse" WC="1.00" CC="00000"/>
						<SP ID="P21_SP00105" HPOS="689" VPOS="1889" WIDTH="42"/>
						<String ID="P21_ST00118" HPOS="731" VPOS="1851" WIDTH="260" HEIGHT="51" CONTENT="populaires" WC="1.00" CC="0005504000"/>
						<SP ID="P21_SP00106" HPOS="991" VPOS="1902" WIDTH="41"/>
						<String ID="P21_ST00119" HPOS="1032" VPOS="1860" WIDTH="101" HEIGHT="31" CONTENT="sont" WC="0.98" CC="0064"/>
						<SP ID="P21_SP00107" HPOS="1133" VPOS="1902" WIDTH="24"/>
						<String ID="P21_ST00120" HPOS="1157" VPOS="1853" WIDTH="117" HEIGHT="49" CONTENT="régis" WC="1.00" CC="00030"/>
						<SP ID="P21_SP00108" HPOS="1274" VPOS="1902" WIDTH="40"/>
						<String ID="P21_ST00121" HPOS="1314" VPOS="1867" WIDTH="81" HEIGHT="37" CONTENT="par" WC="1.00" CC="000"/>
						<SP ID="P21_SP00109" HPOS="1395" VPOS="1904" WIDTH="34"/>
						<String ID="P21_ST00122" HPOS="1429" VPOS="1853" WIDTH="40" HEIGHT="40" CONTENT="le" WC="0.84" CC="30"/>
						<SP ID="P21_SP00110" HPOS="1469" VPOS="1904" WIDTH="24"/>
						<String ID="P21_ST00123" HPOS="1493" VPOS="1862" WIDTH="150" HEIGHT="32" CONTENT="retour" WC="0.99" CC="001070"/>
						<SP ID="P21_SP00111" HPOS="1643" VPOS="1904" WIDTH="21"/>
						<String ID="P21_ST00124" HPOS="1664" VPOS="1855" WIDTH="196" HEIGHT="50" CONTENT="régulier" WC="1.00" CC="00002200"/>
						<SP ID="P21_SP00112" HPOS="1860" VPOS="1905" WIDTH="39"/>
						<String ID="P21_ST00125" HPOS="1899" VPOS="1855" WIDTH="105" HEIGHT="40" CONTENT="d'un" WC="0.99" CC="0400"/>
						<SP ID="P21_SP00113" HPOS="2004" VPOS="1905" WIDTH="30"/>
						<String ID="P21_ST00126" HPOS="2034" VPOS="1856" WIDTH="114" HEIGHT="40" CONTENT="ictus" WC="0.98" CC="40460"/>
					</TextLine>
					<TextLine ID="P21_TL00012" HPOS="134" VPOS="1916" WIDTH="2015" HEIGHT="57">
						<String ID="P21_ST00127" HPOS="134" VPOS="1916" WIDTH="160" HEIGHT="47" CONTENT="initial," WC="0.98" CC="22444044"/>
						<SP ID="P21_SP00114" HPOS="294" VPOS="1963" WIDTH="27"/>
						<String ID="P21_ST00128" HPOS="321" VPOS="1917" WIDTH="210" HEIGHT="50" CONTENT="souligné" WC="0.99" CC="00551000"/>
						<SP ID="P21_SP00115" HPOS="531" VPOS="1967" WIDTH="23"/>
						<String ID="P21_ST00129" HPOS="554" VPOS="1932" WIDTH="81" HEIGHT="37" CONTENT="par" WC="1.00" CC="000"/>
						<SP ID="P21_SP00116" HPOS="635" VPOS="1969" WIDTH="17"/>
						<String ID="P21_ST00130" HPOS="652" VPOS="1918" WIDTH="40" HEIGHT="40" CONTENT="le" WC="0.74" CC="40"/>
						<SP ID="P21_SP00117" HPOS="692" VPOS="1969" WIDTH="24"/>
						<String ID="P21_ST00131" HPOS="716" VPOS="1929" WIDTH="288" HEIGHT="32" CONTENT="mouvement" WC="1.00" CC="002000005"/>
						<SP ID="P21_SP00118" HPOS="1004" VPOS="1969" WIDTH="23"/>
						<String ID="P21_ST00132" HPOS="1027" VPOS="1920" WIDTH="59" HEIGHT="40" CONTENT="du" WC="0.75" CC="05"/>
						<SP ID="P21_SP00119" HPOS="1086" VPOS="1969" WIDTH="20"/>
						<String ID="P21_ST00133" HPOS="1106" VPOS="1921" WIDTH="100" HEIGHT="52" CONTENT="pied" WC="0.99" CC="0500"/>
						<SP ID="P21_SP00120" HPOS="1206" VPOS="1973" WIDTH="25"/>
						<String ID="P21_ST00134" HPOS="1231" VPOS="1921" WIDTH="78" HEIGHT="40" CONTENT="des" WC="1.00" CC="000"/>
						<SP ID="P21_SP00121" HPOS="1309" VPOS="1973" WIDTH="20"/>
						<String ID="P21_ST00135" HPOS="1329" VPOS="1922" WIDTH="233" HEIGHT="47" CONTENT="danseurs," WC="1.00" CC="006000004"/>
						<SP ID="P21_SP00122" HPOS="1562" VPOS="1973" WIDTH="18"/>
						<String ID="P21_ST00136" HPOS="1580" VPOS="1936" WIDTH="45" HEIGHT="26" CONTENT="ce" WC="1.00" CC="00"/>
						<SP ID="P21_SP00123" HPOS="1625" VPOS="1973" WIDTH="21"/>
						<String ID="P21_ST00137" HPOS="1646" VPOS="1924" WIDTH="128" HEIGHT="49" CONTENT="signe" WC="0.99" CC="00040"/>
						<SP ID="P21_SP00124" HPOS="1774" VPOS="1973" WIDTH="22"/>
						<String ID="P21_ST00138" HPOS="1796" VPOS="1922" WIDTH="206" HEIGHT="42" CONTENT="indicatif" WC="0.99" CC="700230230"/>
						<SP ID="P21_SP00125" HPOS="2002" VPOS="1973" WIDTH="19"/>
						<String ID="P21_ST00139" HPOS="2021" VPOS="1938" WIDTH="96" HEIGHT="26" CONTENT="man" SUBS_TYPE="HypPart1" SUBS_CONTENT="manque" WC="0.99" CC="000"/>
						<HYP HPOS="2117" VPOS="1938" WIDTH="32" CONTENT="-"/>
					</TextLine>
					<TextLine ID="P21_TL00013" HPOS="134" VPOS="1985" WIDTH="2015" HEIGHT="60">
						<String ID="P21_ST00140" HPOS="134" VPOS="1997" WIDTH="86" HEIGHT="39" CONTENT="que" SUBS_TYPE="HypPart2" SUBS_CONTENT="manque" WC="0.98" CC="050"/>
						<SP ID="P21_SP00126" HPOS="220" VPOS="2036" WIDTH="21"/>
						<String ID="P21_ST00141" HPOS="241" VPOS="1985" WIDTH="337" HEIGHT="51" CONTENT="généralement" WC="1.00" CC="006000400063"/>
						<SP ID="P21_SP00127" HPOS="578" VPOS="2036" WIDTH="24"/>
						<String ID="P21_ST00142" HPOS="602" VPOS="2001" WIDTH="84" HEIGHT="26" CONTENT="aux" WC="0.98" CC="040"/>
						<SP ID="P21_SP00128" HPOS="686" VPOS="2036" WIDTH="17"/>
						<String ID="P21_ST00143" HPOS="703" VPOS="1988" WIDTH="244" HEIGHT="41" CONTENT="cantilènes" WC="0.80" CC="0003327400"/>
						<SP ID="P21_SP00129" HPOS="947" VPOS="2036" WIDTH="22"/>
						<String ID="P21_ST00144" HPOS="969" VPOS="1997" WIDTH="92" HEIGHT="32" CONTENT="tant" WC="0.98" CC="5005"/>
						<SP ID="P21_SP00130" HPOS="1061" VPOS="2036" WIDTH="21"/>
						<String ID="P21_ST00145" HPOS="1082" VPOS="2003" WIDTH="57" HEIGHT="38" CONTENT="qu" WC="0.64" CC="07"/>
						<SP ID="P21_SP00131" HPOS="1139" VPOS="2041" WIDTH="20"/>
						<String ID="P21_ST00146" HPOS="1159" VPOS="1990" WIDTH="107" HEIGHT="39" CONTENT="elles" WC="0.99" CC="04400"/>
						<SP ID="P21_SP00132" HPOS="1266" VPOS="2041" WIDTH="20"/>
						<String ID="P21_ST00147" HPOS="1286" VPOS="2004" WIDTH="53" HEIGHT="26" CONTENT="ne" WC="0.69" CC="60"/>
						<SP ID="P21_SP00133" HPOS="1339" VPOS="2041" WIDTH="18"/>
						<String ID="P21_ST00148" HPOS="1357" VPOS="1992" WIDTH="266" HEIGHT="51" CONTENT="participent" WC="1.00" CC="00066100006"/>
						<SP ID="P21_SP00134" HPOS="1623" VPOS="2043" WIDTH="18"/>
						<String ID="P21_ST00149" HPOS="1641" VPOS="2006" WIDTH="80" HEIGHT="38" CONTENT="pas" WC="0.99" CC="030"/>
						<SP ID="P21_SP00135" HPOS="1721" VPOS="2044" WIDTH="22"/>
						<String ID="P21_ST00150" HPOS="1743" VPOS="1994" WIDTH="121" HEIGHT="38" CONTENT="aussi" WC="0.99" CC="06003"/>
						<SP ID="P21_SP00136" HPOS="1864" VPOS="2044" WIDTH="20"/>
						<String ID="P21_ST00151" HPOS="1884" VPOS="2006" WIDTH="54" HEIGHT="26" CONTENT="en" WC="0.69" CC="06"/>
						<SP ID="P21_SP00137" HPOS="1938" VPOS="2044" WIDTH="18"/>
						<String ID="P21_ST00152" HPOS="1956" VPOS="1992" WIDTH="193" HEIGHT="53" CONTENT="quelque" WC="0.99" CC="0501056"/>
					</TextLine>
					<TextLine ID="P21_TL00014" HPOS="134" VPOS="2054" WIDTH="2014" HEIGHT="61">
						<String ID="P21_ST00153" HPOS="134" VPOS="2062" WIDTH="118" HEIGHT="31" CONTENT="sorte" WC="0.99" CC="00340"/>
						<SP ID="P21_SP00138" HPOS="252" VPOS="2093" WIDTH="22"/>
						<String ID="P21_ST00154" HPOS="274" VPOS="2068" WIDTH="18" HEIGHT="25" CONTENT="a" WC="1.00" CC="0"/>
						<SP ID="P21_SP00139" HPOS="292" VPOS="2093" WIDTH="25"/>
						<String ID="P21_ST00155" HPOS="317" VPOS="2054" WIDTH="38" HEIGHT="39" CONTENT="la" WC="0.84" CC="30"/>
						<SP ID="P21_SP00140" HPOS="355" VPOS="2093" WIDTH="26"/>
						<String ID="P21_ST00156" HPOS="381" VPOS="2056" WIDTH="209" HEIGHT="49" CONTENT="musique" WC="1.00" CC="0020000"/>
						<SP ID="P21_SP00141" HPOS="590" VPOS="2105" WIDTH="25"/>
						<String ID="P21_ST00157" HPOS="615" VPOS="2056" WIDTH="288" HEIGHT="53" CONTENT="orchestique" WC="0.93" CC="02000004000"/>
						<SP ID="P21_SP00142" HPOS="903" VPOS="2109" WIDTH="24"/>
						<String ID="P21_ST00158" HPOS="927" VPOS="2072" WIDTH="7" HEIGHT="24" CONTENT=":" WC="0.81" CC="1"/>
						<SP ID="P21_SP00143" HPOS="934" VPOS="2109" WIDTH="28"/>
						<String ID="P21_ST00159" HPOS="962" VPOS="2058" WIDTH="39" HEIGHT="39" CONTENT="le" WC="1.00" CC="00"/>
						<SP ID="P21_SP00144" HPOS="1001" VPOS="2109" WIDTH="21"/>
						<String ID="P21_ST00160" HPOS="1022" VPOS="2066" WIDTH="138" HEIGHT="32" CONTENT="terme" WC="1.00" CC="10000"/>
						<SP ID="P21_SP00145" HPOS="1160" VPOS="2109" WIDTH="25"/>
						<String ID="P21_ST00161" HPOS="1185" VPOS="2060" WIDTH="35" HEIGHT="38" CONTENT="si" WC="1.00" CC="00"/>
						<SP ID="P21_SP00146" HPOS="1220" VPOS="2109" WIDTH="31"/>
						<String ID="P21_ST00162" HPOS="1251" VPOS="2060" WIDTH="233" HEIGHT="39" CONTENT="commode" WC="1.00" CC="0000000"/>
						<SP ID="P21_SP00147" HPOS="1484" VPOS="2109" WIDTH="26"/>
						<String ID="P21_ST00163" HPOS="1510" VPOS="2060" WIDTH="53" HEIGHT="40" CONTENT="de" WC="1.00" CC="00"/>
						<SP ID="P21_SP00148" HPOS="1563" VPOS="2109" WIDTH="14"/>
						<String ID="P21_ST00164" HPOS="1577" VPOS="2061" WIDTH="164" HEIGHT="54" CONTENT="frappé" WC="0.98" CC="097402" STYLEREFS="TXT_2"/>
						<SP ID="P21_SP00149" HPOS="1741" VPOS="2115" WIDTH="23"/>
						<String ID="P21_ST00165" HPOS="1764" VPOS="2070" WIDTH="40" HEIGHT="31" CONTENT="et" WC="1.00" CC="00"/>
						<SP ID="P21_SP00150" HPOS="1804" VPOS="2115" WIDTH="35"/>
						<String ID="P21_ST00166" HPOS="1839" VPOS="2062" WIDTH="53" HEIGHT="39" CONTENT="de" WC="1.00" CC="00"/>
						<SP ID="P21_SP00151" HPOS="1892" VPOS="2115" WIDTH="24"/>
						<String ID="P21_ST00167" HPOS="1916" VPOS="2062" WIDTH="86" HEIGHT="40" CONTENT="levé" WC="1.00" CC="0100" STYLEREFS="TXT_2"/>
						<SP ID="P21_SP00152" HPOS="2002" VPOS="2115" WIDTH="26"/>
						<String ID="P21_ST00168" HPOS="2028" VPOS="2074" WIDTH="120" HEIGHT="28" CONTENT="cesse" WC="0.99" CC="20001"/>
					</TextLine>
					<TextLine ID="P21_TL00015" HPOS="135" VPOS="2121" WIDTH="2014" HEIGHT="61">
						<String ID="P21_ST00169" HPOS="135" VPOS="2121" WIDTH="172" HEIGHT="42" CONTENT="d'avoir" WC="0.99" CC="0408020"/>
						<SP ID="P21_SP00153" HPOS="307" VPOS="2163" WIDTH="22"/>
						<String ID="P21_ST00170" HPOS="329" VPOS="2136" WIDTH="87" HEIGHT="27" CONTENT="une" WC="0.97" CC="053"/>
						<SP ID="P21_SP00154" HPOS="416" VPOS="2163" WIDTH="25"/>
						<String ID="P21_ST00171" HPOS="441" VPOS="2122" WIDTH="306" HEIGHT="51" CONTENT="signification" WC="1.00" CC="0105200000300"/>
						<SP ID="P21_SP00155" HPOS="747" VPOS="2173" WIDTH="26"/>
						<String ID="P21_ST00172" HPOS="773" VPOS="2140" WIDTH="112" HEIGHT="38" CONTENT="pour" WC="0.99" CC="0060"/>
						<SP ID="P21_SP00156" HPOS="885" VPOS="2178" WIDTH="18"/>
						<String ID="P21_ST00173" HPOS="903" VPOS="2127" WIDTH="37" HEIGHT="39" CONTENT="la" WC="0.74" CC="50"/>
						<SP ID="P21_SP00157" HPOS="940" VPOS="2178" WIDTH="17"/>
						<String ID="P21_ST00174" HPOS="957" VPOS="2129" WIDTH="210" HEIGHT="50" CONTENT="musique" WC="1.00" CC="0000002"/>
						<SP ID="P21_SP00158" HPOS="1167" VPOS="2179" WIDTH="22"/>
						<String ID="P21_ST00175" HPOS="1189" VPOS="2128" WIDTH="346" HEIGHT="41" CONTENT="exclusivement" WC="1.00" CC="0004004000009"/>
						<SP ID="P21_SP00159" HPOS="1535" VPOS="2179" WIDTH="28"/>
						<String ID="P21_ST00176" HPOS="1563" VPOS="2130" WIDTH="168" HEIGHT="46" CONTENT="vocale," WC="0.99" CC="0000404"/>
						<SP ID="P21_SP00160" HPOS="1731" VPOS="2179" WIDTH="46"/>
						<String ID="P21_ST00177" HPOS="1777" VPOS="2128" WIDTH="223" HEIGHT="54" CONTENT="qu'aucun" WC="0.99" CC="04104060"/>
						<SP ID="P21_SP00161" HPOS="2000" VPOS="2182" WIDTH="24"/>
						<String ID="P21_ST00178" HPOS="2024" VPOS="2138" WIDTH="125" HEIGHT="43" CONTENT="geste" WC="0.98" CC="04063"/>
					</TextLine>
					<TextLine ID="P21_TL00016" HPOS="136" VPOS="2194" WIDTH="2012" HEIGHT="57">
						<String ID="P21_ST00179" HPOS="136" VPOS="2205" WIDTH="25" HEIGHT="24" CONTENT="n" WC="1.00" CC="0"/>
						<SP ID="P21_SP00162" HPOS="161" VPOS="2229" WIDTH="20"/>
						<String ID="P21_ST00180" HPOS="181" VPOS="2204" WIDTH="321" HEIGHT="39" CONTENT="accompagne," WC="1.00" CC="00600000004"/>
						<SP ID="P21_SP00163" HPOS="502" VPOS="2243" WIDTH="29"/>
						<String ID="P21_ST00181" HPOS="531" VPOS="2194" WIDTH="44" HEIGHT="38" CONTENT="ni" WC="0.98" CC="00"/>
						<SP ID="P21_SP00164" HPOS="575" VPOS="2243" WIDTH="24"/>
						<String ID="P21_ST00182" HPOS="599" VPOS="2194" WIDTH="59" HEIGHT="39" CONTENT="du" WC="0.69" CC="06"/>
						<SP ID="P21_SP00165" HPOS="658" VPOS="2243" WIDTH="23"/>
						<String ID="P21_ST00183" HPOS="681" VPOS="2194" WIDTH="118" HEIGHT="51" CONTENT="pied," WC="0.99" CC="02004"/>
						<SP ID="P21_SP00166" HPOS="799" VPOS="2245" WIDTH="26"/>
						<String ID="P21_ST00184" HPOS="825" VPOS="2196" WIDTH="44" HEIGHT="37" CONTENT="ni" WC="0.41" CC="74"/>
						<SP ID="P21_SP00167" HPOS="869" VPOS="2245" WIDTH="22"/>
						<String ID="P21_ST00185" HPOS="891" VPOS="2196" WIDTH="52" HEIGHT="38" CONTENT="de" WC="1.00" CC="00"/>
						<SP ID="P21_SP00168" HPOS="943" VPOS="2245" WIDTH="39"/>
						<String ID="P21_ST00186" HPOS="982" VPOS="2196" WIDTH="40" HEIGHT="38" CONTENT="la" WC="1.00" CC="00"/>
						<SP ID="P21_SP00169" HPOS="1022" VPOS="2245" WIDTH="26"/>
						<String ID="P21_ST00187" HPOS="1048" VPOS="2197" WIDTH="135" HEIGHT="46" CONTENT="main," WC="0.99" CC="00004"/>
						<SP ID="P21_SP00170" HPOS="1183" VPOS="2245" WIDTH="26"/>
						<String ID="P21_ST00188" HPOS="1209" VPOS="2199" WIDTH="44" HEIGHT="37" CONTENT="ni" WC="0.81" CC="03"/>
						<SP ID="P21_SP00171" HPOS="1253" VPOS="2245" WIDTH="24"/>
						<String ID="P21_ST00189" HPOS="1277" VPOS="2197" WIDTH="105" HEIGHT="39" CONTENT="d'un" WC="0.98" CC="0450"/>
						<SP ID="P21_SP00172" HPOS="1382" VPOS="2245" WIDTH="32"/>
						<String ID="P21_ST00190" HPOS="1414" VPOS="2199" WIDTH="269" HEIGHT="39" CONTENT="instrument" WC="1.00" CC="4004020005"/>
						<SP ID="P21_SP00173" HPOS="1683" VPOS="2245" WIDTH="19"/>
						<String ID="P21_ST00191" HPOS="1702" VPOS="2199" WIDTH="278" HEIGHT="52" CONTENT="quelconque" WC="1.00" CC="0005200050"/>
						<SP ID="P21_SP00174" HPOS="1980" VPOS="2251" WIDTH="24"/>
						<String ID="P21_ST00192" HPOS="2004" VPOS="2204" WIDTH="21" HEIGHT="35" CONTENT="à" WC="0.09" CC="9"/>
						<SP ID="P21_SP00175" HPOS="2025" VPOS="2251" WIDTH="25"/>
						<String ID="P21_ST00193" HPOS="2050" VPOS="2212" WIDTH="74" HEIGHT="39" CONTENT="per" SUBS_TYPE="HypPart1" SUBS_CONTENT="percussion," WC="0.99" CC="000"/>
						<HYP HPOS="2124" VPOS="2212" WIDTH="24" CONTENT="-"/>
					</TextLine>
					<TextLine ID="P21_TL00017" HPOS="135" VPOS="2261" WIDTH="1588" HEIGHT="54">
						<String ID="P21_ST00194" HPOS="135" VPOS="2262" WIDTH="197" HEIGHT="45" CONTENT="cussion," SUBS_TYPE="HypPart2" SUBS_CONTENT="percussion," WC="0.99" CC="10003054"/>
						<SP ID="P21_SP00176" HPOS="332" VPOS="2307" WIDTH="37"/>
						<String ID="P21_ST00195" HPOS="369" VPOS="2274" WIDTH="174" HEIGHT="26" CONTENT="comme" WC="1.00" CC="00003"/>
						<SP ID="P21_SP00177" HPOS="543" VPOS="2307" WIDTH="33"/>
						<String ID="P21_ST00196" HPOS="576" VPOS="2261" WIDTH="38" HEIGHT="39" CONTENT="le" WC="1.00" CC="00"/>
						<SP ID="P21_SP00178" HPOS="614" VPOS="2307" WIDTH="25"/>
						<String ID="P21_ST00197" HPOS="639" VPOS="2263" WIDTH="195" HEIGHT="40" CONTENT="seraient" WC="0.99" CC="00006005"/>
						<SP ID="P21_SP00179" HPOS="834" VPOS="2307" WIDTH="24"/>
						<String ID="P21_ST00198" HPOS="858" VPOS="2263" WIDTH="62" HEIGHT="40" CONTENT="les" WC="1.00" CC="000"/>
						<SP ID="P21_SP00180" HPOS="920" VPOS="2307" WIDTH="23"/>
						<String ID="P21_ST00199" HPOS="943" VPOS="2272" WIDTH="317" HEIGHT="43" CONTENT="castagnettes," WC="1.00" CC="0005000040004"/>
						<SP ID="P21_SP00181" HPOS="1260" VPOS="2315" WIDTH="24"/>
						<String ID="P21_ST00200" HPOS="1284" VPOS="2265" WIDTH="38" HEIGHT="40" CONTENT="le" WC="0.83" CC="30"/>
						<SP ID="P21_SP00182" HPOS="1322" VPOS="2315" WIDTH="21"/>
						<String ID="P21_ST00201" HPOS="1343" VPOS="2265" WIDTH="273" HEIGHT="50" CONTENT="tambourin," WC="1.00" CC="0300060004"/>
						<SP ID="P21_SP00183" HPOS="1616" VPOS="2315" WIDTH="27"/>
						<String ID="P21_ST00202" HPOS="1643" VPOS="2276" WIDTH="80" HEIGHT="31" CONTENT="etc." WC="0.98" CC="0504"/>
					</TextLine>
					<TextLine ID="P21_TL00018" HPOS="192" VPOS="2328" WIDTH="1957" HEIGHT="59">
						<String ID="P21_ST00203" HPOS="192" VPOS="2328" WIDTH="94" HEIGHT="41" CONTENT="Nos" WC="0.96" CC="900"/>
						<SP ID="P21_SP00184" HPOS="286" VPOS="2369" WIDTH="21"/>
						<String ID="P21_ST00204" HPOS="307" VPOS="2330" WIDTH="113" HEIGHT="39" CONTENT="deux" WC="0.99" CC="0150"/>
						<SP ID="P21_SP00185" HPOS="420" VPOS="2369" WIDTH="36"/>
						<String ID="P21_ST00205" HPOS="456" VPOS="2330" WIDTH="218" HEIGHT="40" CONTENT="mélodies" WC="1.00" CC="00110201"/>
						<SP ID="P21_SP00186" HPOS="674" VPOS="2370" WIDTH="25"/>
						<String ID="P21_ST00206" HPOS="699" VPOS="2344" WIDTH="46" HEIGHT="26" CONTENT="se" WC="1.00" CC="00"/>
						<SP ID="P21_SP00187" HPOS="745" VPOS="2370" WIDTH="47"/>
						<String ID="P21_ST00207" HPOS="792" VPOS="2340" WIDTH="206" HEIGHT="32" CONTENT="trouvent" WC="0.99" CC="50000044"/>
						<SP ID="P21_SP00188" HPOS="998" VPOS="2372" WIDTH="33"/>
						<String ID="P21_ST00208" HPOS="1031" VPOS="2335" WIDTH="296" HEIGHT="49" CONTENT="précisément" WC="1.00" CC="00004000000"/>
						<SP ID="P21_SP00189" HPOS="1327" VPOS="2384" WIDTH="31"/>
						<String ID="P21_ST00209" HPOS="1358" VPOS="2335" WIDTH="111" HEIGHT="39" CONTENT="dans" WC="0.99" CC="0040"/>
						<SP ID="P21_SP00190" HPOS="1469" VPOS="2384" WIDTH="17"/>
						<String ID="P21_ST00210" HPOS="1486" VPOS="2349" WIDTH="47" HEIGHT="26" CONTENT="ce" WC="1.00" CC="00"/>
						<SP ID="P21_SP00191" HPOS="1533" VPOS="2384" WIDTH="38"/>
						<String ID="P21_ST00211" HPOS="1571" VPOS="2349" WIDTH="88" HEIGHT="26" CONTENT="cas." WC="0.99" CC="0003"/>
						<SP ID="P21_SP00192" HPOS="1659" VPOS="2384" WIDTH="41"/>
						<String ID="P21_ST00212" HPOS="1700" VPOS="2335" WIDTH="31" HEIGHT="40" CONTENT="Il" WC="0.58" CC="17"/>
						<SP ID="P21_SP00193" HPOS="1731" VPOS="2384" WIDTH="22"/>
						<String ID="P21_ST00213" HPOS="1753" VPOS="2334" WIDTH="95" HEIGHT="42" CONTENT="faut" WC="0.97" CC="1076"/>
						<SP ID="P21_SP00194" HPOS="1848" VPOS="2384" WIDTH="24"/>
						<String ID="P21_ST00214" HPOS="1872" VPOS="2336" WIDTH="130" HEIGHT="47" CONTENT="donc," WC="0.99" CC="00203"/>
						<SP ID="P21_SP00195" HPOS="2002" VPOS="2384" WIDTH="34"/>
						<String ID="P21_ST00215" HPOS="2036" VPOS="2349" WIDTH="113" HEIGHT="38" CONTENT="pour" WC="0.99" CC="0050"/>
					</TextLine>
					<TextLine ID="P21_TL00019" HPOS="136" VPOS="2398" WIDTH="2012" HEIGHT="57">
						<String ID="P21_ST00216" HPOS="136" VPOS="2411" WIDTH="18" HEIGHT="26" CONTENT="s" WC="1.00" CC="0"/>
						<SP ID="P21_SP00196" HPOS="154" VPOS="2437" WIDTH="20"/>
						<String ID="P21_ST00217" HPOS="174" VPOS="2399" WIDTH="194" HEIGHT="38" CONTENT="orienter" WC="0.99" CC="00434514"/>
						<SP ID="P21_SP00197" HPOS="368" VPOS="2437" WIDTH="23"/>
						<String ID="P21_ST00218" HPOS="391" VPOS="2398" WIDTH="112" HEIGHT="39" CONTENT="dans" WC="1.00" CC="0000"/>
						<SP ID="P21_SP00198" HPOS="503" VPOS="2437" WIDTH="24"/>
						<String ID="P21_ST00219" HPOS="527" VPOS="2399" WIDTH="39" HEIGHT="38" CONTENT="la" WC="0.72" CC="50"/>
						<SP ID="P21_SP00199" HPOS="566" VPOS="2437" WIDTH="29"/>
						<String ID="P21_ST00220" HPOS="595" VPOS="2401" WIDTH="268" HEIGHT="50" CONTENT="répartition" WC="1.00" CC="00000014000"/>
						<SP ID="P21_SP00200" HPOS="863" VPOS="2451" WIDTH="25"/>
						<String ID="P21_ST00221" HPOS="888" VPOS="2401" WIDTH="52" HEIGHT="39" CONTENT="de" WC="1.00" CC="00"/>
						<SP ID="P21_SP00201" HPOS="940" VPOS="2451" WIDTH="33"/>
						<String ID="P21_ST00222" HPOS="973" VPOS="2401" WIDTH="10" HEIGHT="39" CONTENT="1" WC="0.56" CC="4"/>
						<SP ID="P21_SP00202" HPOS="983" VPOS="2451" WIDTH="20"/>
						<String ID="P21_ST00223" HPOS="1003" VPOS="2402" WIDTH="128" HEIGHT="50" CONTENT="ictus," WC="0.98" CC="404504"/>
						<SP ID="P21_SP00203" HPOS="1131" VPOS="2452" WIDTH="23"/>
						<String ID="P21_ST00224" HPOS="1154" VPOS="2404" WIDTH="249" HEIGHT="39" CONTENT="nécessaire" WC="1.00" CC="0003000400"/>
						<SP ID="P21_SP00204" HPOS="1403" VPOS="2452" WIDTH="24"/>
						<String ID="P21_ST00225" HPOS="1427" VPOS="2417" WIDTH="112" HEIGHT="38" CONTENT="pour" WC="0.99" CC="0060"/>
						<SP ID="P21_SP00205" HPOS="1539" VPOS="2455" WIDTH="22"/>
						<String ID="P21_ST00226" HPOS="1561" VPOS="2403" WIDTH="160" HEIGHT="41" CONTENT="établir" WC="0.99" CC="0400230"/>
						<SP ID="P21_SP00206" HPOS="1721" VPOS="2455" WIDTH="20"/>
						<String ID="P21_ST00227" HPOS="1741" VPOS="2404" WIDTH="39" HEIGHT="40" CONTENT="la" WC="1.00" CC="00"/>
						<SP ID="P21_SP00207" HPOS="1780" VPOS="2455" WIDTH="35"/>
						<String ID="P21_ST00228" HPOS="1815" VPOS="2413" WIDTH="158" HEIGHT="31" CONTENT="nature" WC="0.99" CC="600000"/>
						<SP ID="P21_SP00208" HPOS="1973" VPOS="2455" WIDTH="23"/>
						<String ID="P21_ST00229" HPOS="1996" VPOS="2406" WIDTH="127" HEIGHT="38" CONTENT="métri" SUBS_TYPE="HypPart1" SUBS_CONTENT="métrique" WC="0.99" CC="00600"/>
						<HYP HPOS="2123" VPOS="2406" WIDTH="25" CONTENT="-"/>
					</TextLine>
					<TextLine ID="P21_TL00020" HPOS="136" VPOS="2465" WIDTH="2013" HEIGHT="56">
						<String ID="P21_ST00230" HPOS="136" VPOS="2478" WIDTH="87" HEIGHT="38" CONTENT="que" SUBS_TYPE="HypPart2" SUBS_CONTENT="métrique" WC="1.00" CC="000"/>
						<SP ID="P21_SP00209" HPOS="223" VPOS="2516" WIDTH="22"/>
						<String ID="P21_ST00231" HPOS="245" VPOS="2466" WIDTH="54" HEIGHT="39" CONTENT="de" WC="1.00" CC="00"/>
						<SP ID="P21_SP00210" HPOS="299" VPOS="2516" WIDTH="21"/>
						<String ID="P21_ST00232" HPOS="320" VPOS="2465" WIDTH="39" HEIGHT="40" CONTENT="la" WC="0.82" CC="30"/>
						<SP ID="P21_SP00211" HPOS="359" VPOS="2516" WIDTH="20"/>
						<String ID="P21_ST00233" HPOS="379" VPOS="2479" WIDTH="178" HEIGHT="28" CONTENT="mesure" WC="1.00" CC="000000"/>
						<SP ID="P21_SP00212" HPOS="557" VPOS="2516" WIDTH="20"/>
						<String ID="P21_ST00234" HPOS="577" VPOS="2468" WIDTH="173" HEIGHT="40" CONTENT="initiale" WC="0.99" CC="26340040"/>
						<SP ID="P21_SP00213" HPOS="750" VPOS="2516" WIDTH="19"/>
						<String ID="P21_ST00235" HPOS="769" VPOS="2477" WIDTH="41" HEIGHT="31" CONTENT="et" WC="0.69" CC="06"/>
						<SP ID="P21_SP00214" HPOS="810" VPOS="2516" WIDTH="24"/>
						<String ID="P21_ST00236" HPOS="834" VPOS="2469" WIDTH="76" HEIGHT="40" CONTENT="des" WC="1.00" CC="000"/>
						<SP ID="P21_SP00215" HPOS="910" VPOS="2516" WIDTH="21"/>
						<String ID="P21_ST00237" HPOS="931" VPOS="2470" WIDTH="189" HEIGHT="47" CONTENT="dérivés," WC="1.00" CC="00020003"/>
						<SP ID="P21_SP00216" HPOS="1120" VPOS="2517" WIDTH="25"/>
						<String ID="P21_ST00238" HPOS="1145" VPOS="2484" WIDTH="46" HEIGHT="26" CONTENT="se" WC="1.00" CC="00"/>
						<SP ID="P21_SP00217" HPOS="1191" VPOS="2517" WIDTH="19"/>
						<String ID="P21_ST00239" HPOS="1210" VPOS="2472" WIDTH="160" HEIGHT="49" CONTENT="guider" WC="1.00" CC="050000"/>
						<SP ID="P21_SP00218" HPOS="1370" VPOS="2521" WIDTH="19"/>
						<String ID="P21_ST00240" HPOS="1389" VPOS="2471" WIDTH="104" HEIGHT="41" CONTENT="d'un" WC="0.98" CC="0404"/>
						<SP ID="P21_SP00219" HPOS="1493" VPOS="2521" WIDTH="26"/>
						<String ID="P21_ST00241" HPOS="1519" VPOS="2481" WIDTH="123" HEIGHT="31" CONTENT="autre" WC="0.98" CC="06500"/>
						<SP ID="P21_SP00220" HPOS="1642" VPOS="2521" WIDTH="21"/>
						<String ID="P21_ST00242" HPOS="1663" VPOS="2471" WIDTH="45" HEIGHT="42" CONTENT="fil" WC="0.96" CC="334"/>
						<SP ID="P21_SP00221" HPOS="1708" VPOS="2521" WIDTH="24"/>
						<String ID="P21_ST00243" HPOS="1732" VPOS="2474" WIDTH="283" HEIGHT="46" CONTENT="conducteur," WC="1.00" CC="00400300000"/>
						<SP ID="P21_SP00222" HPOS="2015" VPOS="2521" WIDTH="25"/>
						<String ID="P21_ST00244" HPOS="2040" VPOS="2472" WIDTH="109" HEIGHT="40" CONTENT="faire" WC="0.99" CC="00320"/>
					</TextLine>
					<TextLine ID="P21_TL00021" HPOS="138" VPOS="2535" WIDTH="2011" HEIGHT="59">
						<String ID="P21_ST00245" HPOS="138" VPOS="2547" WIDTH="141" HEIGHT="37" CONTENT="usage" WC="0.99" CC="02700"/>
						<SP ID="P21_SP00223" HPOS="279" VPOS="2584" WIDTH="38"/>
						<String ID="P21_ST00246" HPOS="317" VPOS="2535" WIDTH="25" HEIGHT="38" CONTENT="d" WC="1.00" CC="0"/>
						<SP ID="P21_SP00224" HPOS="342" VPOS="2584" WIDTH="21"/>
						<String ID="P21_ST00247" HPOS="363" VPOS="2549" WIDTH="86" HEIGHT="26" CONTENT="une" WC="0.98" CC="050"/>
						<SP ID="P21_SP00225" HPOS="449" VPOS="2584" WIDTH="31"/>
						<String ID="P21_ST00248" HPOS="480" VPOS="2545" WIDTH="126" HEIGHT="32" CONTENT="autre" WC="0.98" CC="05500"/>
						<SP ID="P21_SP00226" HPOS="606" VPOS="2584" WIDTH="33"/>
						<String ID="P21_ST00249" HPOS="639" VPOS="2537" WIDTH="96" HEIGHT="40" CONTENT="clef." WC="0.98" CC="06004"/>
						<SP ID="P21_SP00227" HPOS="735" VPOS="2584" WIDTH="52"/>
						<String ID="P21_ST00250" HPOS="787" VPOS="2536" WIDTH="63" HEIGHT="42" CONTENT="Or" WC="1.00" CC="00"/>
						<SP ID="P21_SP00228" HPOS="850" VPOS="2584" WIDTH="39"/>
						<String ID="P21_ST00251" HPOS="889" VPOS="2538" WIDTH="113" HEIGHT="40" CONTENT="dans" WC="0.99" CC="0050"/>
						<SP ID="P21_SP00229" HPOS="1002" VPOS="2584" WIDTH="32"/>
						<String ID="P21_ST00252" HPOS="1034" VPOS="2552" WIDTH="87" HEIGHT="27" CONTENT="une" WC="0.98" CC="500"/>
						<SP ID="P21_SP00230" HPOS="1121" VPOS="2584" WIDTH="41"/>
						<String ID="P21_ST00253" HPOS="1162" VPOS="2540" WIDTH="193" HEIGHT="40" CONTENT="mélodie" WC="1.00" CC="0010000"/>
						<SP ID="P21_SP00231" HPOS="1355" VPOS="2584" WIDTH="40"/>
						<String ID="P21_ST00254" HPOS="1395" VPOS="2554" WIDTH="103" HEIGHT="27" CONTENT="avec" WC="0.99" CC="0004"/>
						<SP ID="P21_SP00232" HPOS="1498" VPOS="2584" WIDTH="24"/>
						<String ID="P21_ST00255" HPOS="1522" VPOS="2550" WIDTH="113" HEIGHT="32" CONTENT="texte" WC="0.99" CC="50000"/>
						<SP ID="P21_SP00233" HPOS="1635" VPOS="2584" WIDTH="23"/>
						<String ID="P21_ST00256" HPOS="1658" VPOS="2555" WIDTH="56" HEIGHT="27" CONTENT="on" WC="1.00" CC="00"/>
						<SP ID="P21_SP00234" HPOS="1714" VPOS="2584" WIDTH="24"/>
						<String ID="P21_ST00257" HPOS="1738" VPOS="2544" WIDTH="195" HEIGHT="38" CONTENT="essaiera" WC="1.00" CC="00003000"/>
						<SP ID="P21_SP00235" HPOS="1933" VPOS="2584" WIDTH="39"/>
						<String ID="P21_ST00258" HPOS="1972" VPOS="2555" WIDTH="53" HEIGHT="27" CONTENT="en" WC="1.00" CC="00"/>
						<SP ID="P21_SP00236" HPOS="2025" VPOS="2584" WIDTH="24"/>
						<String ID="P21_ST00259" HPOS="2049" VPOS="2555" WIDTH="75" HEIGHT="39" CONTENT="pre" SUBS_TYPE="HypPart1" SUBS_CONTENT="premier" WC="0.99" CC="000"/>
						<HYP HPOS="2124" VPOS="2555" WIDTH="25" CONTENT="-"/>
					</TextLine>
					<TextLine ID="P21_TL00022" HPOS="138" VPOS="2603" WIDTH="2011" HEIGHT="59">
						<String ID="P21_ST00260" HPOS="138" VPOS="2604" WIDTH="111" HEIGHT="39" CONTENT="mier" SUBS_TYPE="HypPart2" SUBS_CONTENT="premier" WC="0.99" CC="0400"/>
						<SP ID="P21_SP00237" HPOS="249" VPOS="2643" WIDTH="16"/>
						<String ID="P21_ST00261" HPOS="265" VPOS="2603" WIDTH="87" HEIGHT="40" CONTENT="lieu" WC="0.97" CC="3404"/>
						<SP ID="P21_SP00238" HPOS="352" VPOS="2643" WIDTH="24"/>
						<String ID="P21_ST00262" HPOS="376" VPOS="2604" WIDTH="54" HEIGHT="39" CONTENT="de" WC="1.00" CC="00"/>
						<SP ID="P21_SP00239" HPOS="430" VPOS="2643" WIDTH="44"/>
						<String ID="P21_ST00263" HPOS="474" VPOS="2606" WIDTH="225" HEIGHT="40" CONTENT="consulter" WC="1.00" CC="004000000"/>
						<SP ID="P21_SP00240" HPOS="699" VPOS="2646" WIDTH="39"/>
						<String ID="P21_ST00264" HPOS="738" VPOS="2606" WIDTH="66" HEIGHT="39" CONTENT="les" WC="0.98" CC="500"/>
						<SP ID="P21_SP00241" HPOS="804" VPOS="2646" WIDTH="44"/>
						<String ID="P21_ST00265" HPOS="848" VPOS="2616" WIDTH="174" HEIGHT="30" CONTENT="accents" WC="0.98" CC="0040459"/>
						<SP ID="P21_SP00242" HPOS="1022" VPOS="2646" WIDTH="36"/>
						<String ID="P21_ST00266" HPOS="1058" VPOS="2610" WIDTH="244" HEIGHT="50" CONTENT="métriques" WC="0.99" CC="065000400"/>
						<SP ID="P21_SP00243" HPOS="1302" VPOS="2660" WIDTH="40"/>
						<String ID="P21_ST00267" HPOS="1342" VPOS="2609" WIDTH="52" HEIGHT="39" CONTENT="de" WC="1.00" CC="00"/>
						<SP ID="P21_SP00244" HPOS="1394" VPOS="2660" WIDTH="39"/>
						<String ID="P21_ST00268" HPOS="1433" VPOS="2609" WIDTH="178" HEIGHT="40" CONTENT="celui-ci" WC="1.00" CC="00200402"/>
						<SP ID="P21_SP00245" HPOS="1611" VPOS="2660" WIDTH="37"/>
						<String ID="P21_ST00269" HPOS="1648" VPOS="2610" WIDTH="112" HEIGHT="40" CONTENT="dans" WC="0.99" CC="0050"/>
						<SP ID="P21_SP00246" HPOS="1760" VPOS="2660" WIDTH="32"/>
						<String ID="P21_ST00270" HPOS="1792" VPOS="2610" WIDTH="41" HEIGHT="40" CONTENT="la" WC="0.87" CC="20"/>
						<SP ID="P21_SP00247" HPOS="1833" VPOS="2660" WIDTH="34"/>
						<String ID="P21_ST00271" HPOS="1867" VPOS="2611" WIDTH="282" HEIGHT="51" CONTENT="supposition" WC="1.00" CC="05000004400"/>
					</TextLine>
					<TextLine ID="P21_TL00023" HPOS="138" VPOS="2673" WIDTH="2011" HEIGHT="56">
						<String ID="P21_ST00272" HPOS="138" VPOS="2684" WIDTH="123" HEIGHT="27" CONTENT="assez" WC="1.00" CC="00300"/>
						<SP ID="P21_SP00248" HPOS="261" VPOS="2711" WIDTH="25"/>
						<String ID="P21_ST00273" HPOS="286" VPOS="2673" WIDTH="219" HEIGHT="39" CONTENT="naturelle" WC="0.99" CC="006700640"/>
						<SP ID="P21_SP00249" HPOS="505" VPOS="2712" WIDTH="18"/>
						<String ID="P21_ST00274" HPOS="523" VPOS="2682" WIDTH="41" HEIGHT="31" CONTENT="et" WC="0.68" CC="06"/>
						<SP ID="P21_SP00250" HPOS="564" VPOS="2713" WIDTH="20"/>
						<String ID="P21_ST00275" HPOS="584" VPOS="2674" WIDTH="225" HEIGHT="52" CONTENT="plausible" WC="1.00" CC="010000000"/>
						<SP ID="P21_SP00251" HPOS="809" VPOS="2726" WIDTH="25"/>
						<String ID="P21_ST00276" HPOS="834" VPOS="2688" WIDTH="100" HEIGHT="38" CONTENT="que," WC="0.99" CC="0004"/>
						<SP ID="P21_SP00252" HPOS="934" VPOS="2726" WIDTH="24"/>
						<String ID="P21_ST00277" HPOS="958" VPOS="2676" WIDTH="35" HEIGHT="38" CONTENT="si" WC="0.98" CC="00"/>
						<SP ID="P21_SP00253" HPOS="993" VPOS="2726" WIDTH="18"/>
						<String ID="P21_ST00278" HPOS="1011" VPOS="2675" WIDTH="39" HEIGHT="40" CONTENT="le" WC="0.83" CC="30"/>
						<SP ID="P21_SP00254" HPOS="1050" VPOS="2726" WIDTH="23"/>
						<String ID="P21_ST00279" HPOS="1073" VPOS="2689" WIDTH="100" HEIGHT="26" CONTENT="vers" WC="1.00" CC="0001"/>
						<SP ID="P21_SP00255" HPOS="1173" VPOS="2726" WIDTH="24"/>
						<String ID="P21_ST00280" HPOS="1197" VPOS="2691" WIDTH="22" HEIGHT="25" CONTENT="a" WC="1.00" CC="0"/>
						<SP ID="P21_SP00256" HPOS="1219" VPOS="2726" WIDTH="25"/>
						<String ID="P21_ST00281" HPOS="1244" VPOS="2691" WIDTH="58" HEIGHT="25" CONTENT="un" WC="0.76" CC="04"/>
						<SP ID="P21_SP00257" HPOS="1302" VPOS="2726" WIDTH="21"/>
						<String ID="P21_ST00282" HPOS="1323" VPOS="2683" WIDTH="139" HEIGHT="34" CONTENT="mètre" WC="0.99" CC="07000"/>
						<SP ID="P21_SP00258" HPOS="1462" VPOS="2726" WIDTH="17"/>
						<String ID="P21_ST00283" HPOS="1479" VPOS="2683" WIDTH="242" HEIGHT="46" CONTENT="prononcé," WC="0.99" CC="000000764"/>
						<SP ID="P21_SP00259" HPOS="1721" VPOS="2729" WIDTH="26"/>
						<String ID="P21_ST00284" HPOS="1747" VPOS="2679" WIDTH="29" HEIGHT="39" CONTENT="il" WC="0.64" CC="33"/>
						<SP ID="P21_SP00260" HPOS="1776" VPOS="2729" WIDTH="17"/>
						<String ID="P21_ST00285" HPOS="1793" VPOS="2679" WIDTH="135" HEIGHT="39" CONTENT="devra" WC="1.00" CC="03000"/>
						<SP ID="P21_SP00261" HPOS="1928" VPOS="2729" WIDTH="23"/>
						<String ID="P21_ST00286" HPOS="1951" VPOS="2686" WIDTH="198" HEIGHT="32" CONTENT="montrer" WC="0.99" CC="0007030"/>
					</TextLine>
					<TextLine ID="P21_TL00024" HPOS="138" VPOS="2740" WIDTH="2010" HEIGHT="54">
						<String ID="P21_ST00287" HPOS="138" VPOS="2740" WIDTH="217" HEIGHT="52" CONTENT="quelques" WC="0.99" CC="05050500"/>
						<SP ID="P21_SP00262" HPOS="355" VPOS="2792" WIDTH="18"/>
						<String ID="P21_ST00288" HPOS="373" VPOS="2740" WIDTH="188" HEIGHT="42" CONTENT="affinités" WC="0.99" CC="531153300"/>
						<SP ID="P21_SP00263" HPOS="561" VPOS="2792" WIDTH="22"/>
						<String ID="P21_ST00289" HPOS="583" VPOS="2756" WIDTH="104" HEIGHT="26" CONTENT="avec" WC="1.00" CC="0000"/>
						<SP ID="P21_SP00264" HPOS="687" VPOS="2792" WIDTH="23"/>
						<String ID="P21_ST00290" HPOS="710" VPOS="2743" WIDTH="38" HEIGHT="39" CONTENT="la" WC="0.78" CC="40"/>
						<SP ID="P21_SP00265" HPOS="748" VPOS="2792" WIDTH="26"/>
						<String ID="P21_ST00291" HPOS="774" VPOS="2743" WIDTH="162" HEIGHT="51" CONTENT="phrase" WC="1.00" CC="020000"/>
						<SP ID="P21_SP00266" HPOS="936" VPOS="2794" WIDTH="21"/>
						<String ID="P21_ST00292" HPOS="957" VPOS="2745" WIDTH="214" HEIGHT="40" CONTENT="musicale" WC="0.99" CC="06030050"/>
						<SP ID="P21_SP00267" HPOS="1171" VPOS="2794" WIDTH="24"/>
						<String ID="P21_ST00293" HPOS="1195" VPOS="2745" WIDTH="308" HEIGHT="41" CONTENT="relativement" WC="1.00" CC="004062000040"/>
						<SP ID="P21_SP00268" HPOS="1503" VPOS="2794" WIDTH="21"/>
						<String ID="P21_ST00294" HPOS="1524" VPOS="2751" WIDTH="21" HEIGHT="35" CONTENT="à" WC="0.68" CC="3"/>
						<SP ID="P21_SP00269" HPOS="1545" VPOS="2794" WIDTH="19"/>
						<String ID="P21_ST00295" HPOS="1564" VPOS="2747" WIDTH="39" HEIGHT="38" CONTENT="la" WC="0.76" CC="40"/>
						<SP ID="P21_SP00270" HPOS="1603" VPOS="2794" WIDTH="21"/>
						<String ID="P21_ST00296" HPOS="1624" VPOS="2749" WIDTH="306" HEIGHT="38" CONTENT="construction" WC="1.00" CC="000020505700"/>
						<SP ID="P21_SP00271" HPOS="1930" VPOS="2794" WIDTH="12"/>
						<String ID="P21_ST00297" HPOS="1942" VPOS="2747" WIDTH="78" HEIGHT="39" CONTENT="des" WC="1.00" CC="000"/>
						<SP ID="P21_SP00272" HPOS="2020" VPOS="2794" WIDTH="16"/>
						<String ID="P21_ST00298" HPOS="2036" VPOS="2746" WIDTH="112" HEIGHT="40" CONTENT="deux" WC="0.98" CC="0550"/>
					</TextLine>
					<TextLine ID="P21_TL00025" HPOS="138" VPOS="2810" WIDTH="2011" HEIGHT="57">
						<String ID="P21_ST00299" HPOS="138" VPOS="2810" WIDTH="154" HEIGHT="39" CONTENT="ordres" WC="1.00" CC="000600"/>
						<SP ID="P21_SP00273" HPOS="292" VPOS="2849" WIDTH="20"/>
						<String ID="P21_ST00300" HPOS="312" VPOS="2812" WIDTH="244" HEIGHT="50" CONTENT="métriques" WC="1.00" CC="004020000"/>
						<SP ID="P21_SP00274" HPOS="556" VPOS="2862" WIDTH="22"/>
						<String ID="P21_ST00301" HPOS="578" VPOS="2825" WIDTH="75" HEIGHT="26" CONTENT="sur" WC="1.00" CC="000"/>
						<SP ID="P21_SP00275" HPOS="653" VPOS="2862" WIDTH="21"/>
						<String ID="P21_ST00302" HPOS="674" VPOS="2811" WIDTH="198" HEIGHT="53" CONTENT="lesquels" WC="1.00" CC="30000000"/>
						<SP ID="P21_SP00276" HPOS="872" VPOS="2864" WIDTH="20"/>
						<String ID="P21_ST00303" HPOS="892" VPOS="2812" WIDTH="83" HEIGHT="40" CONTENT="elle" WC="0.98" CC="0530"/>
						<SP ID="P21_SP00277" HPOS="975" VPOS="2864" WIDTH="22"/>
						<String ID="P21_ST00304" HPOS="997" VPOS="2826" WIDTH="157" HEIGHT="39" CONTENT="repose" WC="1.00" CC="000000"/>
						<SP ID="P21_SP00278" HPOS="1154" VPOS="2865" WIDTH="27"/>
						<String ID="P21_ST00305" HPOS="1181" VPOS="2829" WIDTH="6" HEIGHT="24" CONTENT=":" WC="0.56" CC="4"/>
						<SP ID="P21_SP00279" HPOS="1187" VPOS="2865" WIDTH="29"/>
						<String ID="P21_ST00306" HPOS="1216" VPOS="2813" WIDTH="161" HEIGHT="40" CONTENT="l'ordre" WC="1.00" CC="0015000"/>
						<SP ID="P21_SP00280" HPOS="1377" VPOS="2865" WIDTH="20"/>
						<String ID="P21_ST00307" HPOS="1397" VPOS="2817" WIDTH="233" HEIGHT="49" CONTENT="supérieur" WC="1.00" CC="200003000"/>
						<SP ID="P21_SP00281" HPOS="1630" VPOS="2866" WIDTH="16"/>
						<String ID="P21_ST00308" HPOS="1646" VPOS="2816" WIDTH="57" HEIGHT="39" CONTENT="du" WC="1.00" CC="00"/>
						<SP ID="P21_SP00282" HPOS="1703" VPOS="2866" WIDTH="27"/>
						<String ID="P21_ST00309" HPOS="1730" VPOS="2829" WIDTH="18" HEIGHT="23" CONTENT="«" WC="0.50" CC="4"/>
						<SP ID="P21_SP00283" HPOS="1748" VPOS="2866" WIDTH="22"/>
						<String ID="P21_ST00310" HPOS="1770" VPOS="2816" WIDTH="175" HEIGHT="51" CONTENT="rythme" WC="0.99" CC="062000"/>
						<SP ID="P21_SP00284" HPOS="1945" VPOS="2867" WIDTH="24"/>
						<String ID="P21_ST00311" HPOS="1969" VPOS="2828" WIDTH="18" HEIGHT="24" CONTENT="»" WC="0.40" CC="5"/>
						<SP ID="P21_SP00285" HPOS="1987" VPOS="2867" WIDTH="21"/>
						<String ID="P21_ST00312" HPOS="2008" VPOS="2815" WIDTH="118" HEIGHT="40" CONTENT="archi" SUBS_TYPE="HypPart1" SUBS_CONTENT="architectural," WC="0.99" CC="00103"/>
						<HYP HPOS="2126" VPOS="2815" WIDTH="23" CONTENT="-"/>
					</TextLine>
					<TextLine ID="P21_TL00026" HPOS="138" VPOS="2878" WIDTH="2008" HEIGHT="57">
						<String ID="P21_ST00313" HPOS="138" VPOS="2878" WIDTH="200" HEIGHT="47" CONTENT="tectural," SUBS_TYPE="HypPart2" SUBS_CONTENT="architectural," WC="0.99" CC="501602034"/>
						<SP ID="P21_SP00286" HPOS="338" VPOS="2925" WIDTH="28"/>
						<String ID="P21_ST00314" HPOS="366" VPOS="2887" WIDTH="219" HEIGHT="32" CONTENT="structure" WC="0.99" CC="260006000"/>
						<SP ID="P21_SP00287" HPOS="585" VPOS="2925" WIDTH="29"/>
						<String ID="P21_ST00315" HPOS="614" VPOS="2880" WIDTH="54" HEIGHT="40" CONTENT="de" WC="1.00" CC="00"/>
						<SP ID="P21_SP00288" HPOS="668" VPOS="2925" WIDTH="21"/>
						<String ID="P21_ST00316" HPOS="689" VPOS="2881" WIDTH="39" HEIGHT="39" CONTENT="la" WC="0.77" CC="40"/>
						<SP ID="P21_SP00289" HPOS="728" VPOS="2925" WIDTH="24"/>
						<String ID="P21_ST00317" HPOS="752" VPOS="2880" WIDTH="163" HEIGHT="52" CONTENT="phrase" WC="1.00" CC="050000"/>
						<SP ID="P21_SP00290" HPOS="915" VPOS="2932" WIDTH="25"/>
						<String ID="P21_ST00318" HPOS="940" VPOS="2879" WIDTH="156" HEIGHT="52" CONTENT="(xo&gt;Xov)" WC="0.31" CC="09879567"/>
						<SP ID="P21_SP00291" HPOS="1096" VPOS="2932" WIDTH="42"/>
						<String ID="P21_ST00319" HPOS="1138" VPOS="2883" WIDTH="166" HEIGHT="39" CONTENT="entière" WC="0.99" CC="0740600"/>
						<SP ID="P21_SP00292" HPOS="1304" VPOS="2932" WIDTH="23"/>
						<String ID="P21_ST00320" HPOS="1327" VPOS="2891" WIDTH="41" HEIGHT="31" CONTENT="et" WC="0.75" CC="05"/>
						<SP ID="P21_SP00293" HPOS="1368" VPOS="2932" WIDTH="32"/>
						<String ID="P21_ST00321" HPOS="1400" VPOS="2883" WIDTH="39" HEIGHT="39" CONTENT="le" WC="0.89" CC="20"/>
						<SP ID="P21_SP00294" HPOS="1439" VPOS="2932" WIDTH="39"/>
						<String ID="P21_ST00322" HPOS="1478" VPOS="2884" WIDTH="268" HEIGHT="39" CONTENT="sous-ordre" WC="1.00" CC="0060300020"/>
						<SP ID="P21_SP00295" HPOS="1746" VPOS="2932" WIDTH="42"/>
						<String ID="P21_ST00323" HPOS="1788" VPOS="2884" WIDTH="59" HEIGHT="39" CONTENT="du" WC="1.00" CC="00"/>
						<SP ID="P21_SP00296" HPOS="1847" VPOS="2932" WIDTH="37"/>
						<String ID="P21_ST00324" HPOS="1884" VPOS="2883" WIDTH="173" HEIGHT="52" CONTENT="rythme" WC="0.99" CC="053000"/>
						<SP ID="P21_SP00297" HPOS="2057" VPOS="2935" WIDTH="39"/>
						<String ID="P21_ST00325" HPOS="2096" VPOS="2883" WIDTH="50" HEIGHT="40" CONTENT="de" WC="0.69" CC="06"/>
					</TextLine>
					<TextLine ID="P21_TL00027" HPOS="136" VPOS="2946" WIDTH="2011" HEIGHT="57">
						<String ID="P21_ST00326" HPOS="136" VPOS="2946" WIDTH="174" HEIGHT="52" CONTENT="chaque" WC="1.00" CC="000000"/>
						<SP ID="P21_SP00298" HPOS="310" VPOS="2998" WIDTH="17"/>
						<String ID="P21_ST00327" HPOS="327" VPOS="2960" WIDTH="176" HEIGHT="27" CONTENT="mesure" WC="1.00" CC="000000"/>
						<SP ID="P21_SP00299" HPOS="503" VPOS="2998" WIDTH="22"/>
						<String ID="P21_ST00328" HPOS="525" VPOS="2949" WIDTH="67" HEIGHT="49" CONTENT="(TUO" WC="0.44" CC="0677"/>
						<SP ID="P21_SP00300" HPOS="592" VPOS="2998" WIDTH="11"/>
						<String ID="P21_ST00329" HPOS="603" VPOS="2949" WIDTH="53" HEIGHT="49" CONTENT="JÇ)" WC="0.51" CC="770" STYLEREFS="TXT_3"/>
						<SP ID="P21_SP00301" HPOS="656" VPOS="2998" WIDTH="16"/>
						<String ID="P21_ST00330" HPOS="672" VPOS="2951" WIDTH="75" HEIGHT="50" CONTENT="qui" WC="0.99" CC="003"/>
						<SP ID="P21_SP00302" HPOS="747" VPOS="3001" WIDTH="37"/>
						<String ID="P21_ST00331" HPOS="784" VPOS="2949" WIDTH="40" HEIGHT="39" CONTENT="la" WC="1.00" CC="00"/>
						<SP ID="P21_SP00303" HPOS="824" VPOS="3001" WIDTH="24"/>
						<String ID="P21_ST00332" HPOS="848" VPOS="2958" WIDTH="263" HEIGHT="43" CONTENT="composent" WC="0.99" CC="030600065"/>
						<SP ID="P21_SP00304" HPOS="1111" VPOS="3001" WIDTH="24"/>
						<String ID="P21_ST00333" HPOS="1135" VPOS="2960" WIDTH="6" HEIGHT="28" CONTENT=":" WC="0.17" CC="8"/>
						<SP ID="P21_SP00305" HPOS="1141" VPOS="3001" WIDTH="47"/>
						<String ID="P21_ST00334" HPOS="1188" VPOS="2951" WIDTH="67" HEIGHT="39" CONTENT="s'il" WC="0.99" CC="0410"/>
						<SP ID="P21_SP00306" HPOS="1255" VPOS="3001" WIDTH="28"/>
						<String ID="P21_ST00335" HPOS="1283" VPOS="2966" WIDTH="27" HEIGHT="37" CONTENT="y" WC="1.00" CC="0"/>
						<SP ID="P21_SP00307" HPOS="1310" VPOS="3003" WIDTH="36"/>
						<String ID="P21_ST00336" HPOS="1346" VPOS="2966" WIDTH="21" HEIGHT="25" CONTENT="a" WC="1.00" CC="0"/>
						<SP ID="P21_SP00308" HPOS="1367" VPOS="3003" WIDTH="43"/>
						<String ID="P21_ST00337" HPOS="1410" VPOS="2965" WIDTH="55" HEIGHT="27" CONTENT="ou" WC="0.63" CC="07"/>
						<SP ID="P21_SP00309" HPOS="1465" VPOS="3003" WIDTH="25"/>
						<String ID="P21_ST00338" HPOS="1490" VPOS="2965" WIDTH="88" HEIGHT="27" CONTENT="non" WC="1.00" CC="000"/>
						<SP ID="P21_SP00310" HPOS="1578" VPOS="3003" WIDTH="32"/>
						<String ID="P21_ST00339" HPOS="1610" VPOS="2952" WIDTH="282" HEIGHT="40" CONTENT="coïncidence" WC="1.00" CC="00200100000"/>
						<SP ID="P21_SP00311" HPOS="1892" VPOS="3003" WIDTH="39"/>
						<String ID="P21_ST00340" HPOS="1931" VPOS="2952" WIDTH="53" HEIGHT="40" CONTENT="de" WC="1.00" CC="00"/>
						<SP ID="P21_SP00312" HPOS="1984" VPOS="3003" WIDTH="21"/>
						<String ID="P21_ST00341" HPOS="2005" VPOS="2951" WIDTH="10" HEIGHT="40" CONTENT="l" WC="1.00" CC="0"/>
						<SP ID="P21_SP00313" HPOS="2015" VPOS="3003" WIDTH="21"/>
						<String ID="P21_ST00342" HPOS="2036" VPOS="2952" WIDTH="111" HEIGHT="40" CONTENT="ictus" WC="0.66" CC="30660"/>
					</TextLine>
					<TextLine ID="P21_TL00028" HPOS="137" VPOS="3015" WIDTH="2011" HEIGHT="57">
						<String ID="P21_ST00343" HPOS="137" VPOS="3015" WIDTH="218" HEIGHT="52" CONTENT="principal" WC="1.00" CC="002011000"/>
						<SP ID="P21_SP00314" HPOS="355" VPOS="3067" WIDTH="21"/>
						<String ID="P21_ST00344" HPOS="376" VPOS="3017" WIDTH="211" HEIGHT="51" CONTENT="poétique" WC="0.99" CC="00602080"/>
						<SP ID="P21_SP00315" HPOS="587" VPOS="3068" WIDTH="22"/>
						<String ID="P21_ST00345" HPOS="609" VPOS="3026" WIDTH="40" HEIGHT="31" CONTENT="et" WC="1.00" CC="00"/>
						<SP ID="P21_SP00316" HPOS="649" VPOS="3068" WIDTH="21"/>
						<String ID="P21_ST00346" HPOS="670" VPOS="3018" WIDTH="53" HEIGHT="39" CONTENT="de" WC="1.00" CC="00"/>
						<SP ID="P21_SP00317" HPOS="723" VPOS="3068" WIDTH="20"/>
						<String ID="P21_ST00347" HPOS="743" VPOS="3017" WIDTH="146" HEIGHT="40" CONTENT="l'ictus" WC="0.99" CC="2030005"/>
						<SP ID="P21_SP00318" HPOS="889" VPOS="3068" WIDTH="32"/>
						<String ID="P21_ST00348" HPOS="921" VPOS="3019" WIDTH="219" HEIGHT="52" CONTENT="principal" WC="0.99" CC="050703004"/>
						<SP ID="P21_SP00319" HPOS="1140" VPOS="3071" WIDTH="24"/>
						<String ID="P21_ST00349" HPOS="1164" VPOS="3020" WIDTH="203" HEIGHT="46" CONTENT="musical," WC="0.99" CC="06000034"/>
						<SP ID="P21_SP00320" HPOS="1367" VPOS="3071" WIDTH="39"/>
						<String ID="P21_ST00350" HPOS="1406" VPOS="3021" WIDTH="157" HEIGHT="39" CONTENT="accord" WC="1.00" CC="000000"/>
						<SP ID="P21_SP00321" HPOS="1563" VPOS="3071" WIDTH="24"/>
						<String ID="P21_ST00351" HPOS="1587" VPOS="3020" WIDTH="191" HEIGHT="52" CONTENT="complet" WC="0.99" CC="0000516"/>
						<SP ID="P21_SP00322" HPOS="1778" VPOS="3072" WIDTH="35"/>
						<String ID="P21_ST00352" HPOS="1813" VPOS="3034" WIDTH="56" HEIGHT="26" CONTENT="ou" WC="1.00" CC="00"/>
						<SP ID="P21_SP00323" HPOS="1869" VPOS="3072" WIDTH="19"/>
						<String ID="P21_ST00353" HPOS="1888" VPOS="3020" WIDTH="158" HEIGHT="52" CONTENT="partiel" WC="1.00" CC="0100000"/>
						<SP ID="P21_SP00324" HPOS="2046" VPOS="3072" WIDTH="24"/>
						<String ID="P21_ST00354" HPOS="2070" VPOS="3020" WIDTH="78" HEIGHT="40" CONTENT="des" WC="0.99" CC="030"/>
					</TextLine>
					<TextLine ID="P21_TL00029" HPOS="138" VPOS="3085" WIDTH="631" HEIGHT="52">
						<String ID="P21_ST00355" HPOS="138" VPOS="3085" WIDTH="225" HEIGHT="50" CONTENT="quantités" WC="1.00" CC="000606000"/>
						<SP ID="P21_SP00325" HPOS="363" VPOS="3135" WIDTH="18"/>
						<String ID="P21_ST00356" HPOS="381" VPOS="3098" WIDTH="56" HEIGHT="27" CONTENT="ou" WC="0.66" CC="06"/>
						<SP ID="P21_SP00326" HPOS="437" VPOS="3135" WIDTH="26"/>
						<String ID="P21_ST00357" HPOS="463" VPOS="3085" WIDTH="78" HEIGHT="40" CONTENT="des" WC="0.99" CC="020"/>
						<SP ID="P21_SP00327" HPOS="541" VPOS="3135" WIDTH="21"/>
						<String ID="P21_ST00358" HPOS="562" VPOS="3086" WIDTH="207" HEIGHT="51" CONTENT="qualités." WC="1.00" CC="000200004"/>
					</TextLine>
					<TextLine ID="P21_TL00030" HPOS="193" VPOS="3151" WIDTH="1952" HEIGHT="59">
						<String ID="P21_ST00359" HPOS="193" VPOS="3151" WIDTH="87" HEIGHT="40" CONTENT="Les" WC="0.98" CC="401"/>
						<SP ID="P21_SP00328" HPOS="280" VPOS="3191" WIDTH="39"/>
						<String ID="P21_ST00360" HPOS="319" VPOS="3152" WIDTH="115" HEIGHT="41" CONTENT="deux" WC="1.00" CC="0000"/>
						<SP ID="P21_SP00329" HPOS="434" VPOS="3193" WIDTH="36"/>
						<String ID="P21_ST00361" HPOS="470" VPOS="3155" WIDTH="249" HEIGHT="39" CONTENT="cantilènes" WC="0.62" CC="0076486600"/>
						<SP ID="P21_SP00330" HPOS="719" VPOS="3194" WIDTH="41"/>
						<String ID="P21_ST00362" HPOS="760" VPOS="3168" WIDTH="115" HEIGHT="26" CONTENT="nous" WC="0.99" CC="0030"/>
						<SP ID="P21_SP00331" HPOS="875" VPOS="3194" WIDTH="27"/>
						<String ID="P21_ST00363" HPOS="902" VPOS="3163" WIDTH="75" HEIGHT="32" CONTENT="ont" WC="0.96" CC="053"/>
						<SP ID="P21_SP00332" HPOS="977" VPOS="3195" WIDTH="42"/>
						<String ID="P21_ST00364" HPOS="1019" VPOS="3160" WIDTH="67" HEIGHT="36" CONTENT="été" WC="0.93" CC="666"/>
						<SP ID="P21_SP00333" HPOS="1086" VPOS="3196" WIDTH="33"/>
						<String ID="P21_ST00365" HPOS="1119" VPOS="3157" WIDTH="211" HEIGHT="40" CONTENT="chantées" WC="1.00" CC="00001000"/>
						<SP ID="P21_SP00334" HPOS="1330" VPOS="3197" WIDTH="32"/>
						<String ID="P21_ST00366" HPOS="1362" VPOS="3172" WIDTH="172" HEIGHT="26" CONTENT="comme" WC="1.00" CC="00000"/>
						<SP ID="P21_SP00335" HPOS="1534" VPOS="3198" WIDTH="48"/>
						<String ID="P21_ST00367" HPOS="1582" VPOS="3172" WIDTH="115" HEIGHT="27" CONTENT="nous" WC="0.99" CC="0040"/>
						<SP ID="P21_SP00336" HPOS="1697" VPOS="3199" WIDTH="42"/>
						<String ID="P21_ST00368" HPOS="1739" VPOS="3158" WIDTH="172" HEIGHT="40" CONTENT="l'avons" WC="1.00" CC="0000060"/>
						<SP ID="P21_SP00337" HPOS="1911" VPOS="3199" WIDTH="34"/>
						<String ID="P21_ST00369" HPOS="1945" VPOS="3158" WIDTH="96" HEIGHT="52" CONTENT="déjà" WC="0.99" CC="0003"/>
						<SP ID="P21_SP00338" HPOS="2041" VPOS="3210" WIDTH="26"/>
						<String ID="P21_ST00370" HPOS="2067" VPOS="3158" WIDTH="78" HEIGHT="50" CONTENT="dit," WC="0.98" CC="0033"/>
					</TextLine>
					<TextLine ID="P21_TL00031" HPOS="137" VPOS="3223" WIDTH="2011" HEIGHT="57">
						<String ID="P21_ST00371" HPOS="137" VPOS="3234" WIDTH="104" HEIGHT="26" CONTENT="sans" WC="1.00" CC="0000"/>
						<SP ID="P21_SP00339" HPOS="241" VPOS="3260" WIDTH="26"/>
						<String ID="P21_ST00372" HPOS="267" VPOS="3232" WIDTH="431" HEIGHT="41" CONTENT="accompagnement" WC="1.00" CC="01000000730005"/>
						<SP ID="P21_SP00340" HPOS="698" VPOS="3273" WIDTH="23"/>
						<String ID="P21_ST00373" HPOS="721" VPOS="3224" WIDTH="52" HEIGHT="39" CONTENT="de" WC="1.00" CC="00"/>
						<SP ID="P21_SP00341" HPOS="773" VPOS="3273" WIDTH="24"/>
						<String ID="P21_ST00374" HPOS="797" VPOS="3223" WIDTH="154" HEIGHT="42" CONTENT="danse," WC="0.99" CC="007007"/>
						<SP ID="P21_SP00342" HPOS="951" VPOS="3273" WIDTH="18"/>
						<String ID="P21_ST00375" HPOS="969" VPOS="3226" WIDTH="42" HEIGHT="38" CONTENT="ni" WC="0.78" CC="04"/>
						<SP ID="P21_SP00343" HPOS="1011" VPOS="3273" WIDTH="20"/>
						<String ID="P21_ST00376" HPOS="1031" VPOS="3225" WIDTH="52" HEIGHT="39" CONTENT="de" WC="1.00" CC="00"/>
						<SP ID="P21_SP00344" HPOS="1083" VPOS="3273" WIDTH="16"/>
						<String ID="P21_ST00377" HPOS="1099" VPOS="3234" WIDTH="164" HEIGHT="42" CONTENT="gestes," WC="0.99" CC="0006004"/>
						<SP ID="P21_SP00345" HPOS="1263" VPOS="3276" WIDTH="21"/>
						<String ID="P21_ST00378" HPOS="1284" VPOS="3228" WIDTH="43" HEIGHT="38" CONTENT="ni" WC="0.81" CC="03"/>
						<SP ID="P21_SP00346" HPOS="1327" VPOS="3276" WIDTH="21"/>
						<String ID="P21_ST00379" HPOS="1348" VPOS="3227" WIDTH="25" HEIGHT="39" CONTENT="d" WC="1.00" CC="0"/>
						<SP ID="P21_SP00347" HPOS="1373" VPOS="3276" WIDTH="20"/>
						<String ID="P21_ST00380" HPOS="1393" VPOS="3228" WIDTH="284" HEIGHT="44" CONTENT="instrument," WC="1.00" CC="20000500064"/>
						<SP ID="P21_SP00348" HPOS="1677" VPOS="3276" WIDTH="16"/>
						<String ID="P21_ST00381" HPOS="1693" VPOS="3227" WIDTH="286" HEIGHT="52" CONTENT="simplement" WC="1.00" CC="0400300000"/>
						<SP ID="P21_SP00349" HPOS="1979" VPOS="3279" WIDTH="22"/>
						<String ID="P21_ST00382" HPOS="2001" VPOS="3241" WIDTH="24" HEIGHT="24" CONTENT="a" WC="0.29" CC="7" STYLEREFS="TXT_2"/>
						<SP ID="P21_SP00350" HPOS="2025" VPOS="3279" WIDTH="23"/>
						<String ID="P21_ST00383" HPOS="2048" VPOS="3233" WIDTH="75" HEIGHT="47" CONTENT="cap" SUBS_TYPE="HypPart1" SUBS_CONTENT="cappella," WC="0.96" CC="770" STYLEREFS="TXT_2"/>
						<HYP HPOS="2123" VPOS="3233" WIDTH="25" CONTENT="-"/>
					</TextLine>
					<TextLine ID="P21_TL00032" HPOS="136" VPOS="3289" WIDTH="2012" HEIGHT="58">
						<String ID="P21_ST00384" HPOS="136" VPOS="3289" WIDTH="129" HEIGHT="54" CONTENT="pella," SUBS_TYPE="HypPart2" SUBS_CONTENT="cappella," WC="0.98" CC="850057" STYLEREFS="TXT_2"/>
						<SP ID="P21_SP00351" HPOS="265" VPOS="3343" WIDTH="28"/>
						<String ID="P21_ST00385" HPOS="293" VPOS="3304" WIDTH="79" HEIGHT="38" CONTENT="par" WC="1.00" CC="000"/>
						<SP ID="P21_SP00352" HPOS="372" VPOS="3343" WIDTH="22"/>
						<String ID="P21_ST00386" HPOS="394" VPOS="3290" WIDTH="62" HEIGHT="40" CONTENT="les" WC="0.99" CC="200"/>
						<SP ID="P21_SP00353" HPOS="456" VPOS="3343" WIDTH="23"/>
						<String ID="P21_ST00387" HPOS="479" VPOS="3293" WIDTH="98" HEIGHT="39" CONTENT="voix" WC="0.98" CC="0017"/>
						<SP ID="P21_SP00354" HPOS="577" VPOS="3343" WIDTH="26"/>
						<String ID="P21_ST00388" HPOS="603" VPOS="3291" WIDTH="217" HEIGHT="42" CONTENT="blanches" WC="1.00" CC="00000000"/>
						<SP ID="P21_SP00355" HPOS="820" VPOS="3343" WIDTH="24"/>
						<String ID="P21_ST00389" HPOS="844" VPOS="3292" WIDTH="104" HEIGHT="40" CONTENT="d'un" WC="0.98" CC="0340"/>
						<SP ID="P21_SP00356" HPOS="948" VPOS="3343" WIDTH="24"/>
						<String ID="P21_ST00390" HPOS="972" VPOS="3293" WIDTH="154" HEIGHT="41" CONTENT="chœur" WC="0.99" CC="00050"/>
						<SP ID="P21_SP00357" HPOS="1126" VPOS="3343" WIDTH="22"/>
						<String ID="P21_ST00391" HPOS="1148" VPOS="3295" WIDTH="53" HEIGHT="39" CONTENT="de" WC="0.88" CC="02"/>
						<SP ID="P21_SP00358" HPOS="1201" VPOS="3343" WIDTH="33"/>
						<String ID="P21_ST00392" HPOS="1234" VPOS="3296" WIDTH="153" HEIGHT="51" CONTENT="jeunes" WC="0.99" CC="200300"/>
						<SP ID="P21_SP00359" HPOS="1387" VPOS="3347" WIDTH="33"/>
						<String ID="P21_ST00393" HPOS="1420" VPOS="3298" WIDTH="225" HEIGHT="37" CONTENT="ouvrières" WC="0.99" CC="060017000"/>
						<SP ID="P21_SP00360" HPOS="1645" VPOS="3347" WIDTH="37"/>
						<String ID="P21_ST00394" HPOS="1682" VPOS="3297" WIDTH="176" HEIGHT="38" CONTENT="réunies" WC="0.99" CC="0603000"/>
						<SP ID="P21_SP00361" HPOS="1858" VPOS="3347" WIDTH="33"/>
						<String ID="P21_ST00395" HPOS="1891" VPOS="3300" WIDTH="128" HEIGHT="46" CONTENT="après" WC="0.99" CC="00071"/>
						<SP ID="P21_SP00362" HPOS="2019" VPOS="3347" WIDTH="33"/>
						<String ID="P21_ST00396" HPOS="2052" VPOS="3294" WIDTH="96" HEIGHT="41" CONTENT="leur" WC="0.98" CC="0055"/>
					</TextLine>
				</TextBlock>
				<TextBlock ID="P21_TB00004" HPOS="136" VPOS="3459" WIDTH="2013" HEIGHT="147" STYLEREFS="TXT_4 PAR_LEFT">
					<TextLine ID="P21_TL00033" HPOS="184" VPOS="3462" WIDTH="1965" HEIGHT="44">
						<String ID="P21_ST00397" HPOS="184" VPOS="3462" WIDTH="46" HEIGHT="42" CONTENT="(i)" WC="0.71" CC="700"/>
						<SP ID="P21_SP00363" HPOS="230" VPOS="3504" WIDTH="26"/>
						<String ID="P21_ST00398" HPOS="256" VPOS="3462" WIDTH="51" HEIGHT="32" CONTENT="M." WC="0.51" CC="26" STYLEREFS="TXT_2"/>
						<SP ID="P21_SP00364" HPOS="307" VPOS="3504" WIDTH="17"/>
						<String ID="P21_ST00399" HPOS="324" VPOS="3462" WIDTH="34" HEIGHT="40" CONTENT="J." WC="1.00" CC="00" STYLEREFS="TXT_2"/>
						<SP ID="P21_SP00365" HPOS="358" VPOS="3504" WIDTH="31"/>
						<String ID="P21_ST00400" HPOS="389" VPOS="3462" WIDTH="131" HEIGHT="32" CONTENT="Glinkct" WC="0.68" CC="0004673" STYLEREFS="TXT_2"/>
						<SP ID="P21_SP00366" HPOS="520" VPOS="3504" WIDTH="25"/>
						<String ID="P21_ST00401" HPOS="545" VPOS="3462" WIDTH="101" HEIGHT="43" CONTENT="(dont" WC="0.98" CC="30043"/>
						<SP ID="P21_SP00367" HPOS="646" VPOS="3505" WIDTH="35"/>
						<String ID="P21_ST00402" HPOS="681" VPOS="3473" WIDTH="92" HEIGHT="22" CONTENT="nous" WC="0.97" CC="4460"/>
						<SP ID="P21_SP00368" HPOS="773" VPOS="3505" WIDTH="38"/>
						<String ID="P21_ST00403" HPOS="811" VPOS="3462" WIDTH="191" HEIGHT="34" CONTENT="célébrons" WC="0.99" CC="304307000"/>
						<SP ID="P21_SP00369" HPOS="1002" VPOS="3505" WIDTH="22"/>
						<String ID="P21_ST00404" HPOS="1024" VPOS="3466" WIDTH="32" HEIGHT="30" CONTENT="le" WC="0.66" CC="33"/>
						<SP ID="P21_SP00370" HPOS="1056" VPOS="3505" WIDTH="37"/>
						<String ID="P21_ST00405" HPOS="1093" VPOS="3463" WIDTH="206" HEIGHT="33" CONTENT="centenaire" WC="0.99" CC="5105201123"/>
						<SP ID="P21_SP00371" HPOS="1299" VPOS="3505" WIDTH="37"/>
						<String ID="P21_ST00406" HPOS="1336" VPOS="3463" WIDTH="43" HEIGHT="32" CONTENT="de" WC="0.92" CC="01"/>
						<SP ID="P21_SP00372" HPOS="1379" VPOS="3505" WIDTH="41"/>
						<String ID="P21_ST00407" HPOS="1420" VPOS="3463" WIDTH="189" HEIGHT="34" CONTENT="naissance" WC="1.00" CC="002000001"/>
						<SP ID="P21_SP00373" HPOS="1609" VPOS="3505" WIDTH="34"/>
						<String ID="P21_ST00408" HPOS="1643" VPOS="3469" WIDTH="92" HEIGHT="26" CONTENT="cette" WC="1.00" CC="00000"/>
						<SP ID="P21_SP00374" HPOS="1735" VPOS="3505" WIDTH="26"/>
						<String ID="P21_ST00409" HPOS="1761" VPOS="3463" WIDTH="126" HEIGHT="43" CONTENT="année)" WC="0.99" CC="000018"/>
						<SP ID="P21_SP00375" HPOS="1887" VPOS="3506" WIDTH="34"/>
						<String ID="P21_ST00410" HPOS="1921" VPOS="3462" WIDTH="75" HEIGHT="33" CONTENT="s'en" WC="1.00" CC="0200"/>
						<SP ID="P21_SP00376" HPOS="1996" VPOS="3506" WIDTH="38"/>
						<String ID="P21_ST00411" HPOS="2034" VPOS="3462" WIDTH="115" HEIGHT="41" CONTENT="plaint" WC="0.98" CC="140775"/>
					</TextLine>
					<TextLine ID="P21_TL00034" HPOS="138" VPOS="3511" WIDTH="2011" HEIGHT="45">
						<String ID="P21_ST00412" HPOS="138" VPOS="3512" WIDTH="89" HEIGHT="33" CONTENT="dans" WC="1.00" CC="0000"/>
						<SP ID="P21_SP00377" HPOS="227" VPOS="3545" WIDTH="24"/>
						<String ID="P21_ST00413" HPOS="251" VPOS="3523" WIDTH="54" HEIGHT="22" CONTENT="ses" WC="1.00" CC="000"/>
						<SP ID="P21_SP00378" HPOS="305" VPOS="3545" WIDTH="21"/>
						<String ID="P21_ST00414" HPOS="326" VPOS="3512" WIDTH="192" HEIGHT="33" CONTENT="Mémoires" WC="0.99" CC="00426600"/>
						<SP ID="P21_SP00379" HPOS="518" VPOS="3545" WIDTH="19"/>
						<String ID="P21_ST00415" HPOS="537" VPOS="3516" WIDTH="17" HEIGHT="30" CONTENT="à" WC="1.00" CC="0"/>
						<SP ID="P21_SP00380" HPOS="554" VPOS="3546" WIDTH="37"/>
						<String ID="P21_ST00416" HPOS="591" VPOS="3525" WIDTH="136" HEIGHT="29" CONTENT="propos" WC="0.98" CC="462050"/>
						<SP ID="P21_SP00381" HPOS="727" VPOS="3554" WIDTH="25"/>
						<String ID="P21_ST00417" HPOS="752" VPOS="3512" WIDTH="61" HEIGHT="32" CONTENT="des" WC="1.00" CC="000"/>
						<SP ID="P21_SP00382" HPOS="813" VPOS="3554" WIDTH="42"/>
						<String ID="P21_ST00418" HPOS="855" VPOS="3515" WIDTH="128" HEIGHT="31" CONTENT="chants" WC="0.99" CC="500030"/>
						<SP ID="P21_SP00383" HPOS="983" VPOS="3554" WIDTH="29"/>
						<String ID="P21_ST00419" HPOS="1012" VPOS="3514" WIDTH="47" HEIGHT="32" CONTENT="du" WC="0.73" CC="05"/>
						<SP ID="P21_SP00384" HPOS="1059" VPOS="3554" WIDTH="24"/>
						<String ID="P21_ST00420" HPOS="1083" VPOS="3513" WIDTH="166" HEIGHT="33" CONTENT="muletier" WC="0.99" CC="02000208"/>
						<SP ID="P21_SP00385" HPOS="1249" VPOS="3554" WIDTH="19"/>
						<String ID="P21_ST00421" HPOS="1268" VPOS="3516" WIDTH="176" HEIGHT="40" CONTENT="espagnol" WC="0.99" CC="00036705"/>
						<SP ID="P21_SP00386" HPOS="1444" VPOS="3556" WIDTH="39"/>
						<String ID="P21_ST00422" HPOS="1483" VPOS="3513" WIDTH="88" HEIGHT="43" CONTENT="qu'il" WC="0.99" CC="00304"/>
						<SP ID="P21_SP00387" HPOS="1571" VPOS="3556" WIDTH="21"/>
						<String ID="P21_ST00423" HPOS="1592" VPOS="3513" WIDTH="200" HEIGHT="41" CONTENT="inscrivait," WC="0.99" CC="22077040403"/>
						<SP ID="P21_SP00388" HPOS="1792" VPOS="3556" WIDTH="33"/>
						<String ID="P21_ST00424" HPOS="1825" VPOS="3513" WIDTH="127" HEIGHT="33" CONTENT="chants" WC="0.99" CC="001330"/>
						<SP ID="P21_SP00389" HPOS="1952" VPOS="3556" WIDTH="30"/>
						<String ID="P21_ST00425" HPOS="1982" VPOS="3513" WIDTH="28" HEIGHT="32" CONTENT="si" WC="0.77" CC="04"/>
						<SP ID="P21_SP00390" HPOS="2010" VPOS="3556" WIDTH="26"/>
						<String ID="P21_ST00426" HPOS="2036" VPOS="3511" WIDTH="95" HEIGHT="42" CONTENT="capri" SUBS_TYPE="HypPart1" SUBS_CONTENT="capricieux," WC="0.99" CC="02003"/>
						<HYP HPOS="2131" VPOS="3511" WIDTH="18" CONTENT="-"/>
					</TextLine>
					<TextLine ID="P21_TL00035" HPOS="138" VPOS="3561" WIDTH="1286" HEIGHT="45">
						<String ID="P21_ST00427" HPOS="138" VPOS="3561" WIDTH="116" HEIGHT="41" CONTENT="cieux," SUBS_TYPE="HypPart2" SUBS_CONTENT="capricieux," WC="1.00" CC="000101"/>
						<SP ID="P21_SP00391" HPOS="254" VPOS="3602" WIDTH="21"/>
						<String ID="P21_ST00428" HPOS="275" VPOS="3563" WIDTH="63" HEIGHT="41" CONTENT="qui" WC="0.99" CC="030"/>
						<SP ID="P21_SP00392" HPOS="338" VPOS="3604" WIDTH="21"/>
						<String ID="P21_ST00429" HPOS="359" VPOS="3563" WIDTH="177" HEIGHT="33" CONTENT="servirent" WC="0.99" CC="003621000"/>
						<SP ID="P21_SP00393" HPOS="536" VPOS="3604" WIDTH="24"/>
						<String ID="P21_ST00430" HPOS="560" VPOS="3566" WIDTH="18" HEIGHT="31" CONTENT="à" WC="1.00" CC="0"/>
						<SP ID="P21_SP00394" HPOS="578" VPOS="3604" WIDTH="22"/>
						<String ID="P21_ST00431" HPOS="600" VPOS="3574" WIDTH="55" HEIGHT="23" CONTENT="ses" WC="1.00" CC="000"/>
						<SP ID="P21_SP00395" HPOS="655" VPOS="3604" WIDTH="27"/>
						<String ID="P21_ST00432" HPOS="682" VPOS="3562" WIDTH="235" HEIGHT="34" CONTENT="immortelles" WC="1.00" CC="40600022400"/>
						<SP ID="P21_SP00396" HPOS="917" VPOS="3604" WIDTH="28"/>
						<String ID="P21_ST00433" HPOS="945" VPOS="3563" WIDTH="223" HEIGHT="35" CONTENT="Ouvertures" WC="0.99" CC="0401095500"/>
						<SP ID="P21_SP00397" HPOS="1168" VPOS="3604" WIDTH="23"/>
						<String ID="P21_ST00434" HPOS="1191" VPOS="3563" WIDTH="233" HEIGHT="43" CONTENT="espagnoles." WC="1.00" CC="00009003004"/>
					</TextLine>
				</TextBlock>
				<ComposedBlock ID="P21_CB00001" HPOS="143" VPOS="321" WIDTH="2006" HEIGHT="887" STYLEREFS="TXT_5 PAR_LEFT" TYPE="Music">
					<GraphicalElement ID="P21_CB00001_SUB" HPOS="143" VPOS="321" WIDTH="2006" HEIGHT="887"/>
				</ComposedBlock>
			</PrintSpace>
		</Page>
	</Layout>
</alto>
