2291 3792
1032 223 226 28 CONCERTS

227 264 0 0 172

152 318 244 40 nouvelles.
423 317 119 41 C'est
567 331 99 38 que,
692 326 234 44 reprenant
951 323 21 35 à
990 318 185 40 Fauteur
1190 317 77 40 des
1285 315 139 42 Noces
1443 329 59 26 un
1525 314 53 40 de
1601 327 69 26 ses
1694 325 318 41 personnages,
2032 312 82 40 l'au-

153 395 94 31 teur
270 386 53 40 de
349 385 216 40 Chérubin
609 386 101 40 s'est
731 387 132 51 piqué
886 386 246 40 d'honneur
1153 400 9 33 ;
1188 386 118 39 aussi
1327 399 59 25 un
1406 383 140 50 grand
1567 381 187 41 nombre
1771 381 75 40 des
1861 393 137 40 pages
2018 380 53 39 de
2091 394 44 26 sa

153 455 209 51 partition
384 453 228 41 font-elles
637 468 161 37 songer
821 459 21 35 à
864 454 111 40 celui
999 456 74 50 qui
1098 453 62 41 fut
1184 467 53 26 en
1260 454 206 50 musique
1488 450 39 40 la
1552 454 130 47 grâce
1705 459 40 31 et
1768 449 183 52 l'esprit,
1970 457 41 32 et
2033 449 105 41 dont

154 520 189 42 Gounocl
367 522 132 40 disait
525 522 105 52 qu'il
654 524 103 39 était
781 523 39 39 la
840 524 206 49 musique
1070 526 160 41 même,
1256 535 56 25 au
1334 520 121 40 divin
1475 519 184 39 Mozart.

209 589 62 41 La
296 592 208 50 partition
528 590 172 41 s'ouvre
738 605 78 38 par
854 606 58 24 un
929 594 175 47 exposé,
1131 590 246 48 largement
1416 586 243 52 développé
1697 594 40 31 et
1769 586 110 39 dans
1915 599 59 26 un
2013 585 124 40 ordre

155 667 231 43 purement
405 659 236 51 classique,
668 660 77 38 des
770 660 256 50 principaux
1047 656 151 40 motifs
1223 656 53 39 de
1300 656 38 38 la
1363 657 135 50 pièce,
1524 663 40 31 et
1588 654 197 48 l'œuvre,
1812 667 79 38 par
1910 653 38 40 la
1975 653 163 52 qualité

153 727 77 40 des
254 726 198 48 timbres,
473 741 44 25 se
537 728 113 39 situe
670 726 380 40 immédiatement
1073 738 53 26 en
1145 724 224 52 Espagne,
1394 736 90 27 non
1501 723 109 39 dans
1628 721 240 52 l'Espagne
1888 722 180 39 ardente
2088 722 51 40 de

154 795 191 40 Carmen
366 802 56 33 où
446 796 206 49 s'agitent
675 795 62 38 les
760 792 165 51 figures
948 792 267 41 truculentes
1239 793 76 39 des
1341 805 19 24 «
1389 792 229 52 Capricios
1643 803 19 24 »
1703 790 104 40 d'un
1847 788 141 53 Goya,
2028 792 110 38 mais

153 865 109 38 dans
286 864 38 39 la
345 862 250 41 fantaisiste
618 861 271 40 Andalousie
911 860 105 41 d'un
1032 860 173 50 Lesage
1247 874 55 26 ou
1345 860 102 40 d'un
1482 858 346 41 Beaumarchais
1868 858 248 51 qu'illustre-

154 933 138 38 raient
316 932 61 39 les
398 934 153 47 grâces
569 937 256 32 mourantes
849 929 104 39 d'un
972 928 227 42 Watteau.
1225 929 232 39 D'ailleurs
1477 941 47 26 ce
1543 929 111 38 n'est
1677 940 77 40 pas
1772 927 51 39 ici
1846 926 103 40 d'un
1972 927 165 50 drame,

153 1002 110 37 mais
286 1000 130 39 d'une
437 1012 19 24 «
482 998 197 39 comédie
695 997 184 40 chantée
902 1010 19 24 »
948 997 106 51 qu'il
1078 998 143 49 s'agit.
1239 996 61 41 M.
1326 997 241 47 Massenet,
1595 997 72 51 qui
1691 1009 54 26 ne
1768 1009 194 37 manque
1985 995 154 52 jamais

153 1068 51 39 de
226 1068 205 51 préciser,
454 1066 110 39 dans
587 1079 70 26 ces
681 1073 140 32 sortes
845 1065 326 50 d'indications,
1198 1065 38 40 le
1260 1071 217 34 caractère
1495 1063 103 54 qu'il
1623 1079 21 24 a
1668 1063 193 42 entendu
1905 1063 171 40 donner
2112 1068 21 34 à

153 1148 78 26 son
250 1148 164 26 œuvre,
438 1148 21 25 a
484 1135 113 38 ainsi
623 1139 85 34 très
732 1141 274 32 exactement
1026 1132 131 41 défini
1180 1134 111 39 celui
1310 1133 52 39 de
1382 1132 215 40 Chérubin
1606 1163 7 16 ,
1634 1134 74 49 qui
1724 1133 212 51 participe
1959 1131 53 39 de
2035 1131 84 39 l'an-

153 1204 94 38 cien
271 1207 133 47 opéra
430 1203 219 50 comique,
676 1203 190 50 puisque
884 1201 38 40 la
948 1201 151 52 parole
1120 1216 27 37 y
1169 1214 164 39 occupe
1356 1214 86 27 une
1479 1201 122 51 place
1625 1213 122 27 assez
1790 1201 283 50 importante,
2099 1208 39 31 et

153 1270 53 39 de
230 1270 182 40 l'œuvre
434 1270 173 52 lyrique
630 1283 104 26 sous
758 1283 46 25 sa
826 1268 142 41 forme
985 1269 38 39 la
1049 1270 98 51 plus
1168 1269 200 50 actuelle,
1390 1270 190 51 puisque
1603 1277 144 31 toutes
1789 1268 61 40 les
1890 1281 249 27 ressources

154 1338 52 39 de
224 1338 39 38 la
287 1338 271 52 polyphonie
582 1338 37 38 la
640 1338 99 52 plus
762 1337 120 40 riche
902 1352 27 37 y
952 1346 98 31 sont
1068 1338 266 51 prodiguées
1359 1350 103 26 sans
1486 1345 213 43 compter.

209 1404 228 42 Chérubin
460 1408 118 38 vient
601 1404 166 41 d'avoir
789 1406 191 52 dix-sept
1004 1419 79 26 ans
1112 1413 40 32 et
1171 1419 69 26 ses
1260 1419 110 37 gens
1394 1404 134 41 fêtent
1552 1418 45 26 sa
1619 1406 133 38 sortie
1769 1404 76 40 cles
1870 1417 151 39 pages.
2049 1402 90 42 Son

154 1475 126 39 vieux
305 1479 274 47 précepteur,
603 1474 38 40 le
658 1473 290 53 Philosophe,
971 1474 128 40 veille
1124 1488 102 26 avec
1268 1488 87 26 une
1385 1474 248 39 sollicitude
1671 1472 260 50 indulgente
1964 1486 75 26 sur
2071 1486 67 26 ses

155 1543 241 51 premières
419 1542 247 40 incartades
705 1543 53 38 de
799 1543 127 50 jeune
967 1542 195 40 homme.
1205 1540 37 41 A
1280 1542 196 50 signaler
1517 1554 173 27 comme
1733 1541 405 52 particulièrement

157 1610 234 52 applaudis
416 1611 110 39 dans
563 1623 46 26 ce
648 1611 191 51 premier
861 1618 92 31 acte
976 1610 38 39 le
1043 1610 103 50 duo,
1173 1609 278 55 Philosophe,
1477 1609 174 40 dis-moi
1684 1608 214 54 pourquoi
1904 1642 8 16 ,
1975 1617 40 31 et
2048 1608 91 40 l'air

152 1677 186 55 Lorsque
360 1693 103 26 vous
489 1682 169 35 n'aurez
678 1677 92 40 rien
819 1681 21 35 à
870 1677 136 54 faire.
1053 1676 62 41 Ce
1152 1691 221 37 morceau,
1412 1693 59 24 un
1498 1677 217 50 madrigal
1776 1677 110 39 dans
1926 1677 39 39 le
2006 1689 133 37 genre

154 1747 169 49 ancien,
350 1755 66 31 est
438 1747 131 39 d'une
590 1747 292 49 imagination
903 1750 127 36 naïve
1053 1754 40 32 et
1117 1755 181 32 savante
1322 1746 75 39 àla
1418 1745 83 41 fois
1519 1747 74 51 qui
1611 1759 54 26 ne
1686 1745 215 52 surprend
1920 1758 78 39 pas
2038 1745 100 40 chez

153 1814 186 40 l'auteur
362 1815 52 39 de
437 1813 163 40 Manon
625 1829 8 24 :
657 1814 25 39 il
710 1829 21 24 a
756 1828 51 26 su
830 1822 177 32 trouver
1034 1823 206 43 pourtant
1258 1815 39 39 le
1317 1827 160 40 moyen
1498 1815 52 39 de
1574 1815 63 50 s'y
1661 1827 234 38 surpasser
1919 1828 9 33 ;
1948 1813 28 39 il
2000 1827 53 26 en
2076 1822 63 31 est

153 1883 113 38 ainsi
289 1881 228 40 d'ailleurs
551 1882 57 39 du
632 1884 190 49 premier
842 1890 92 32 acte
953 1896 190 38 presque
1160 1891 94 32 tout
1277 1884 153 44 entier,
1456 1884 75 49 qui
1573 1882 58 39 lui
1672 1881 76 40 fait
1785 1883 38 38 le
1860 1882 97 51 plus
2000 1882 138 49 grand

153 1950 218 40 honneur.
394 1948 62 41 Le
480 1948 146 51 finale,
654 1964 101 25 avec
779 1950 11 39 1
810 1952 250 50 apparition
1080 1951 53 39 de
1157 1951 38 39 la
1213 1952 214 51 première
1446 1950 212 40 ballerine
1679 1949 53 40 de
1751 1949 192 51 Madrid,
1969 1949 146 40 l'Enso-

153 2017 164 46 leillad,
344 2026 65 31 est
432 2031 19 24 «
473 2018 227 39 ensoleillé
725 2031 18 24 »
767 2023 21 34 à
814 2018 193 51 souhait,
1052 2018 105 41 d'un
1190 2019 108 39 éclat
1341 2027 40 31 et
1419 2017 129 41 d'une
1587 2018 202 52 jeunesse
1830 2017 309 53 d'inspiration

153 2085 370 52 incomparables.

209 2152 141 52 Après
367 2168 59 26 un
445 2162 123 32 court
588 2154 197 52 prélude,
812 2168 103 26 avec
934 2154 62 40 les
1019 2156 381 50 caractéristiques
1424 2163 449 44 accompagnements
1897 2154 241 52 espagnols

153 2220 172 51 obligés
345 2223 69 46 ici,
437 2222 40 39 le
496 2224 162 38 second
680 2230 92 32 acte
795 2236 112 26 nous
931 2223 181 40 conduit
1134 2223 110 39 dans
1260 2236 87 28 une
1370 2236 105 27 cour
1494 2223 53 39 de
1566 2223 167 52 posada
1761 2229 73 44 où,
1854 2227 21 35 à
1894 2222 39 40 la
1954 2224 113 38 suite
2086 2222 52 39 de

152 2289 145 41 divers
320 2290 216 40 incidents
560 2291 75 51 qui
659 2304 54 26 ne
733 2299 100 31 sont
856 2305 79 37 pas
959 2305 104 26 sans
1085 2296 228 46 agrément
1336 2306 54 25 au
1414 2292 122 52 point
1553 2291 53 40 de
1629 2305 85 27 vue
1730 2291 203 50 musical,
1959 2291 39 40 le
2020 2304 118 26 cœur

152 2357 53 39 de
228 2356 230 42 Chérubin
478 2371 46 27 se
556 2366 156 32 trouve
753 2364 174 44 engagé
965 2359 110 40 dans
1117 2373 87 26 une
1246 2360 127 51 triple
1411 2361 207 49 intrigue,
1656 2373 86 26 une
1777 2368 235 38 comtesse,
2055 2372 83 27 une

155 2424 198 40 baronne
369 2433 40 31 et
438 2425 39 39 la
498 2425 214 40 ballerine
736 2426 184 48 susdite,
954 2427 25 39 Y
984 2427 288 40 Ensoleillad.
1317 2426 117 41 Avec
1472 2427 81 40 elle
1588 2428 29 39 il
1658 2441 129 27 aune
1827 2429 311 38 conversation

157 2505 262 28 amoureuse
442 2495 75 49 qui
540 2493 146 40 donne
705 2494 236 41 l'occasion
961 2495 104 39 d'un
1098 2495 104 50 long
1231 2495 103 51 cluo,
1380 2496 38 39 la
1454 2509 111 39 page
1588 2497 39 38 la
1653 2498 145 38 mieux
1838 2509 142 28 venue
2014 2496 53 39 de
2098 2495 38 39 la

157 2562 208 49 partition
388 2575 8 33 ;
423 2561 37 39 la
485 2562 257 39 conclusion
765 2563 420 51 particulièrement,
1211 2564 110 39 dans
1351 2578 86 26 une
1460 2565 160 52 phrase
1651 2565 131 40 d'une
1823 2566 219 39 trentaine
2086 2564 51 39 de

151 2641 214 38 mesures,
392 2638 64 31 est
476 2629 130 40 d'une
626 2631 228 39 tendresse
873 2631 294 52 voluptueuse
1191 2646 102 25 sans
1308 2632 125 51 égale
1452 2644 9 38 ;
1484 2633 109 39 dans
1611 2632 61 40 les
1694 2638 152 35 scènes
1864 2633 53 39 de
1938 2634 197 51 passion,

152 2710 142 26 aucun
314 2698 215 39 musicien
549 2711 53 26 ne
625 2711 208 39 surpasse
858 2698 38 40 le
917 2701 215 38 musicien
1153 2702 319 39 éminemment
1489 2702 239 51 passionné
1766 2702 143 50 qu'est
1934 2700 56 41 M.
2015 2700 91 40 Mas-

151 2773 123 31 senet
299 2779 8 34 ;
333 2779 54 26 en
411 2779 45 26 se
473 2766 289 40 renouvelant
785 2775 109 31 cette
910 2766 101 52 fois,
1032 2768 29 40 il
1086 2782 20 26 a
1125 2769 252 50 également
1399 2769 233 41 renouvelé
1654 2782 82 26 son
1759 2770 238 51 triomphe.

205 2833 70 41 Un
317 2831 204 43 entr'acte
556 2834 328 53 symphonique
920 2840 153 48 sépare
1108 2837 61 39 les
1211 2838 112 39 deux
1364 2838 223 39 dernières
1628 2838 164 50 parties
1830 2838 54 39 de
1914 2838 38 39 la
1990 2840 139 50 pièce.

151 2900 120 40 Dans
291 2902 38 40 le
348 2902 175 39 dernier
545 2911 107 37 acte,
675 2903 111 39 deux
807 2918 137 37 pages
968 2914 75 30 ont
1062 2905 100 51 plus
1179 2906 317 51 spécialement
1519 2915 151 30 retenu
1694 2905 246 41 l'attention
1979 2906 58 40 du
2058 2919 50 38 pu-

152 2966 85 40 blic
259 2979 8 38 ;
292 2982 46 26 ce
361 2978 98 30 sont
479 2970 39 38 le
540 2970 86 39 duo
660 2970 57 40 du
737 2970 276 53 Philosophe
1035 2982 40 30 et
1098 2973 54 40 de
1190 2973 231 41 Chérubin
1451 2986 7 26 :
1490 2973 60 40 Tu
1570 2987 155 31 verras,
1761 2974 120 53 petit,
1907 2979 43 34 tu
1978 2988 157 34 verras,

151 3043 40 31 et
208 3037 366 50 principalement
597 3038 95 39 l'air
715 3038 54 40 de
790 3038 115 41 Nina
932 3039 115 50 '.J'ai
1075 3041 55 38 dû
1157 3056 102 25 vous
1280 3046 187 48 paraître
1488 3057 55 24 un
1561 3049 81 46 peu
1663 3041 87 40 bête
1757 3073 7 17 ,
1804 3055 138 38 conçu
1966 3054 169 28 comme

153 3111 94 32 tout
270 3116 45 26 ce
331 3104 74 51 joli
424 3105 91 39 rôle
538 3118 103 26 avec
663 3105 231 42 l'évidente
915 3111 343 50 préoccupation
1280 3110 53 40 de
1356 3111 39 38 la
1420 3112 206 49 musique
1639 3109 231 41 inhérente
1888 3115 21 34 à
1934 3111 202 52 l'époque

155 3172 52 39 de
230 3172 40 38 la
293 3173 136 49 pièce,
461 3186 103 26 sans
584 3176 263 37 néanmoins
879 3175 241 42 descendre
1143 3179 132 50 jusqu
1296 3193 54 26 au
1383 3179 197 52 pastiche
1616 3187 96 43 trop
1737 3180 106 49 aisé,
1886 3187 40 32 et
1948 3179 187 50 gardant

154 3240 198 51 toujours
376 3240 11 39 1
406 3242 243 50 empreinte
670 3241 131 41 d'une
824 3249 86 34 très
934 3246 283 49 personnelle
1252 3248 268 49 originalité.
1543 3245 61 41 La
1629 3248 121 50 pièce
1799 3248 202 40 s'achève
2034 3260 101 27 sans

150 3307 243 50 longueurs
418 3322 8 34 ;
472 3307 304 42 l'Ensoleillad
816 3311 174 41 sacrifie
1032 3313 189 41 l'amour
1252 3316 53 39 de
1340 3314 231 42 Chérubin
1603 3318 22 36 à
1649 3314 191 42 l'amour
1858 3316 100 52 plus
1996 3313 110 55 profi-

152 3374 118 42 table
289 3375 58 40 du
369 3375 80 41 Roi
478 3390 9 34 ;
513 3375 115 42 Nina
649 3379 229 39 consolera
913 3379 254 43 facilement
1206 3382 38 40 le
1287 3384 250 52 désespéré.
1577 3381 62 41 La
1675 3385 138 49 pièce,
1855 3398 54 26 en
1931 3393 92 31 tant
2049 3396 83 39 que

150 3444 140 50 livret,
317 3458 52 26 ne
389 3453 103 31 vaut
511 3447 44 37 ni
573 3445 99 52 plus
691 3448 43 37 ni
755 3448 144 39 moins
932 3462 85 38 que
1041 3448 231 54 beaucoup
1293 3452 193 40 d'autres
1514 3464 8 38 ;
1544 3451 82 41 elle
1645 3460 65 32 est
1734 3454 248 39 seulement
2004 3454 129 38 écrite

153 3525 103 27 avec
273 3521 96 43 trop
400 3513 52 39 de
486 3514 262 50 négligence
771 3528 112 39 pour
922 3520 89 36 être
1048 3517 208 53 qualifiée
1289 3520 53 39 de
1384 3526 193 45 poème;
1612 3520 227 40 d'ailleurs
1867 3521 40 40 la
1932 3523 203 48 musique
