2291 3792
2056 170 74 41 161

754 181 52 24 LA
841 181 208 27 CHANSON
1080 180 251 27 POPULAIRE
1363 181 144 26 ARABE

1115 1120 62 43 III

201 1848 64 41 La
291 1850 201 39 dernière
515 1849 201 40 chanson
736 1852 121 37 étant
880 1861 54 27 en
955 1848 186 41 dialecte
1167 1849 282 51 souaténien,
1474 1848 29 40 il
1529 1861 115 28 nous
1662 1857 65 32 est
1754 1848 266 54 impossible
2055 1849 99 41 d'en

146 1919 173 40 donner
341 1932 87 27 une
453 1919 264 40 traduction.

202 1987 85 41 Ces
311 1987 224 54 exemples
559 1996 100 31 sont
682 1986 104 41 bien
824 1987 295 52 particuliers.
1147 1986 31 41 Il
1202 2001 25 38 y
1270 2002 22 25 a
1317 1986 40 41 là
1382 1986 77 41 des
1479 1989 400 52 caractéristiques,
1917 2003 84 39 que
2043 2003 114 28 nous

146 2054 187 44 n'avons
366 2062 139 46 guère
528 2061 284 36 rencontrées
834 2055 132 53 qu'en
997 2065 113 31 terre
1132 2058 290 49 géorgienne.

204 2126 186 53 Ajoutez
412 2131 22 35 à
459 2126 91 40 cela
575 2126 39 39 le
637 2125 129 40 cadre
790 2138 197 37 sauvage
1006 2135 41 31 et
1070 2126 241 49 grandiose
1345 2126 57 40 du
1427 2125 216 52 Caucase,
1676 2126 62 41 les
1761 2142 169 28 mœurs
1954 2130 206 52 antiques

146 2196 54 40 de
219 2209 72 27 ces
314 2195 159 40 braves
496 2208 111 38 gens
632 2196 75 51 qui
741 2207 112 27 vous
875 2196 179 38 traitent
1080 2208 55 26 en
1174 2197 114 38 amis
1312 2195 76 40 dès
1422 2196 135 52 qu'on
1592 2209 46 27 se
1676 2206 174 31 montre
1887 2200 179 39 curieux
2107 2199 54 40 de

149 2265 194 53 quelque
358 2264 133 41 chose
514 2264 103 40 chez
642 2277 81 27 eux
745 2274 6 27 :
772 2262 102 42 c'est
898 2277 122 27 assez
1041 2277 114 39 pour
1179 2265 207 40 accorder
1408 2265 54 40 de
1484 2265 11 40 1
1515 2266 157 39 intérêt
1697 2280 54 25 au
1775 2266 132 41 chant
1929 2269 234 51 populaire

147 2336 236 49 géorgien,
406 2342 40 32 et
466 2335 53 47 si,
541 2331 274 49 d'aventure,
839 2333 55 40 tel
937 2333 166 40 lecteur
1134 2333 54 40 de
1220 2333 40 40 la
1285 2333 142 42 Revue
1458 2333 202 40 musicale
1696 2348 46 27 se
1781 2335 153 42 décide
1973 2341 21 36 à
2023 2345 141 33 tenter

147 2419 61 25 un
229 2416 175 39 voyage
426 2416 54 27 en
501 2411 111 32 cette
630 2411 112 32 terre
762 2401 146 52 bénie,
932 2408 56 35 où
1021 2403 251 40 fleurissent
1297 2408 19 35 à
1355 2403 40 40 la
1419 2403 84 41 fois
1537 2403 39 40 le
1599 2403 282 52 brigandage
1909 2413 41 33 et
1972 2406 39 40 la
2027 2406 112 41 chan-

148 2487 97 37 son,
272 2486 114 28 nous
405 2485 204 40 pouvons
633 2486 79 38 par
736 2484 165 28 avance
924 2471 61 41 lui
1007 2472 176 52 prédire
1204 2472 106 52 qu'il
1332 2487 27 37 y
1380 2487 107 26 aura
1509 2477 219 49 peut-être
1751 2474 104 40 chez
1873 2475 63 39 les
1959 2473 201 54 Ossètes,

150 2543 63 39 les
240 2540 267 52 Lesghiens,
534 2542 63 39 les
620 2540 156 51 Lazes,
819 2540 191 53 quelque
1042 2542 301 50 montagnard
1368 2542 373 42 malintentionné
1762 2556 114 39 pour
1894 2543 61 41 lui
1975 2545 191 52 prendre

151 2625 46 26 sa
222 2610 181 52 bourse,
425 2624 70 27 ses
512 2610 201 52 bagages
737 2624 57 27 ou
816 2623 69 27 ses
920 2610 213 50 chevaux,
1159 2613 113 38 mais
1309 2611 131 53 qu'en
1465 2611 217 41 revanche
1702 2612 29 40 il
1754 2613 187 50 gardera
1970 2627 115 39 pour
2104 2615 60 39 lui

151 2695 86 26 une
263 2683 230 49 précieuse
528 2682 203 39 moisson
765 2679 404 52 d'incomparables
1190 2681 249 40 souvenirs.

1555 2768 173 42 PIERRE
1758 2766 182 45 AUBRY.

498 3031 79 44 La
619 3032 258 43 Chanson
909 3031 299 53 populaire
1243 3032 175 42 arabe
1452 3043 70 32 en
1560 3032 248 55 Algérie.

210 3164 63 42 Le
297 3165 168 41 lecteur
488 3179 56 26 ne
564 3163 252 43 s'étonnera
833 3177 80 38 pas
945 3165 52 49 si,
1018 3178 55 26 au
1096 3163 137 42 début
1256 3164 54 40 de
1335 3177 71 28 ces
1430 3165 161 51 lignes,
1618 3179 114 27 nous
1752 3165 38 41 le
1806 3170 253 48 prévenons
2081 3174 85 46 qué

153 3236 66 40 les
236 3235 229 41 chansons
488 3234 262 53 populaires
770 3233 77 40 des
868 3231 171 42 Arabes
1059 3233 53 40 de
1129 3233 25 40 Y
1160 3231 183 53 Algérie
1378 3234 209 40 n'auront
1609 3248 80 38 pas
1712 3248 113 39 pour
1844 3236 62 40 lui
1943 3236 40 40 la
2009 3250 162 27 saveur

157 3304 252 53 historique
429 3312 41 32 et
509 3304 41 40 la
581 3304 157 40 valeur
775 3302 336 40 documentaire
1150 3309 56 33 où
1230 3302 53 40 ils
1327 3304 166 39 aiment
1531 3307 21 36 à
1583 3313 228 31 retrouver
1845 3304 63 41 les
1933 3306 237 40 traditions

155 3373 80 41 des
256 3373 175 46 siècles,
454 3375 250 51 exprimant
722 3371 129 41 bâme
873 3372 103 40 d'un
1000 3386 110 38 pays
1130 3386 81 38 par
1232 3372 40 40 la
1293 3374 100 38 voix
1416 3372 54 40 de
1493 3386 70 27 ses
1585 3372 193 41 enfants.

216 3442 71 41 Un
304 3442 166 53 peuple
489 3452 66 30 est
578 3451 92 32 tout
693 3443 142 40 entier
854 3441 112 40 dans
987 3455 47 26 ce
1062 3454 85 39 que
1171 3440 212 42 chantent
1422 3454 69 28 ses
1515 3455 214 39 paysans,
1766 3455 71 28 ses
1870 3445 188 48 marins,
2101 3456 71 27 ses

159 3511 172 42 soldats
354 3520 43 32 et
420 3524 70 27 ses
512 3513 226 47 ouvriers;
760 3510 113 41 dans
896 3519 111 32 cette
1032 3509 145 53 façon,
1202 3514 21 36 à
1249 3511 39 39 la
1315 3509 84 42 fois
1433 3514 130 37 naïve
1586 3519 41 32 et
1649 3509 129 52 forte,
1817 3512 53 40 de
1906 3509 263 44 manifester

270 3592 42 32 R.
339 3592 48 31 M.

1979 3602 9 22 I
2001 3602 17 22 2
