2291 3792
165 235 73 39 174

1034 235 228 29 CONCERTS

158 340 166 37 russes,
351 328 35 39 si
408 339 158 38 graves
587 334 41 33 et
649 329 35 38 si
708 326 155 52 belles,
898 329 108 40 dont
1039 343 113 27 nous
1192 329 221 48 donnons,
1434 327 112 40 dans
1580 339 47 27 ce
1661 329 187 36 numéro
1873 327 160 47 même,
2070 323 75 42 des

158 395 238 52 exemples.
418 394 97 41 Elle
539 395 61 40 les
621 395 159 41 chante
801 410 102 27 avec
923 412 59 25 un
1007 406 65 31 art
1094 399 155 50 exquis
1270 405 44 32 et
1337 409 85 27 une
1439 397 197 38 émotion
1660 393 233 53 profonde,
1918 393 112 39 ainsi
2064 405 84 37 que

160 463 94 40 huit
287 463 214 40 mélodies
523 464 53 39 de
598 462 330 53 Moussorgski,
953 466 250 50 également
1226 465 110 39 dans
1357 464 38 39 le
1425 464 111 51 style
1559 463 245 52 populaire.
1828 461 45 39 M
1879 462 45 29 lle
1960 459 190 41 Olénine

162 540 64 31 est
245 545 86 26 une
347 532 168 49 grande
536 534 165 38 artiste.

800 532 51 42 L.
878 533 51 41 L.

218 617 181 43 SCHOLA
431 618 265 42 CANTORUM.
737 617 26 56 —
789 617 53 56 19
868 617 209 56 février.

1103 642 53 4 —
1189 618 88 40 Les
1301 620 112 38 amis
1437 618 53 39 de
1529 618 38 38 la
1594 616 162 41 Schola
1794 630 45 26 se
1869 625 100 31 sont
2004 614 141 50 offert,

164 682 109 39 dans
294 682 235 51 l'intimité,
555 697 59 25 un
633 684 107 50 petit
763 691 173 31 concert
956 681 191 39 d'élèves
1167 693 7 26 :
1201 680 39 40 le
1266 681 192 51 premier
1475 687 284 32 mouvement
1785 679 59 39 du
1870 677 193 49 Quatuor
2094 691 53 26 en

164 743 41 40 la
236 744 53 39 de
318 743 171 42 Mozart
523 743 63 54 (M
593 745 62 29 lles
678 743 151 47 Penel,
867 742 184 48 Weber,
1077 741 46 40 xM.
1128 747 47 16 me
1210 743 52 38 de
1301 741 286 40 Chabannes.
1613 740 47 40 M
1665 743 45 28 lle
1733 739 206 52 Crocius)
1971 748 40 31 et
2045 740 78 40 ban-

164 806 131 40 dante
317 806 59 40 du
405 806 100 39 Trio
526 820 53 26 en
598 813 43 31 ré
664 806 176 38 mineur
864 805 53 38 de
941 802 262 42 Schumann
1225 802 96 42 font
1341 804 38 39 le
1403 804 100 52 plus
1539 803 141 50 grand
1704 802 205 40 honneur
1931 816 55 25 au
2020 814 127 27 cours

164 867 53 40 de
240 867 61 40 M.
324 868 53 39 de
395 866 167 41 Serres.
589 867 45 39 M
640 867 44 28 lle
707 866 135 39 Penel
866 867 100 50 joue
989 879 104 26 avec
1110 865 230 53 beaucoup
1364 866 54 39 de
1437 870 146 35 sûreté
1606 874 40 31 et
1669 865 53 40 de
1743 866 191 48 vigueur
1957 863 39 39 la
2013 862 134 50 fugue

165 941 55 27 en
240 928 66 40 sol
337 929 173 40 mineur
527 929 54 39 de
601 927 112 56 J.-S.
741 927 134 47 Bach,
906 940 113 38 pour
1038 927 149 39 violon
1209 927 121 41 seul.-

1402 926 51 42 L.
1480 926 51 40 L.

219 1014 44 54 24
285 1014 174 54 février.

575 1014 63 40 Le
676 1013 343 41 Couronnement
1056 1014 49 38 de
1138 1013 174 55 Poppée
1320 1045 7 16 ,
1359 1014 54 38 de
1444 1013 292 49 Monteverdi,
1781 1021 65 31 est
1877 1025 86 27 une
1999 1026 150 26 œuvre

165 1075 229 52 beaucoup
431 1075 98 52 plus
566 1077 146 38 variée
747 1084 40 31 et
808 1077 178 38 vivante
1006 1089 85 38 que
1126 1074 180 56 ['Orfeo,
1331 1075 107 40 dont
1461 1075 39 39 la
1533 1074 207 40 noblesse
1764 1088 54 25 ne
1848 1089 52 24 va
1924 1087 80 39 pas
2046 1087 104 27 sans

167 1138 190 51 quelque
380 1139 272 37 monotonie.
673 1136 56 40 Ici
753 1136 87 40 bon
857 1137 157 39 touche
1034 1151 78 37 par
1134 1137 196 39 endroits
1352 1141 22 34 à
1410 1137 162 51 l'opéra
1597 1138 206 48 comique
1822 1136 52 38 de
1893 1135 255 51 Pergolèse,

164 1207 41 31 et
246 1199 195 45 ailleurs,
476 1199 147 51 quand
659 1199 253 40 l'orchestre
934 1200 136 49 peint,
1102 1211 53 27 en
1192 1198 215 52 quelques
1447 1206 141 38 notes,
1624 1197 38 40 le
1685 1197 117 40 lever
1839 1197 58 40 du
1931 1197 125 40 soleil
2093 1211 56 26 ou

164 1258 252 54 l'approche
449 1259 54 40 de
530 1259 166 45 Néron,
732 1275 81 25 aux
856 1273 174 26 œuvres
1061 1261 235 38 modernes
1336 1259 62 40 les
1436 1259 99 52 plus
1569 1257 219 49 raffinées,
1823 1259 124 39 telles
1985 1272 85 38 que
2113 1259 37 39 le

167 1321 188 41 Convive
376 1322 50 38 de
438 1322 141 54 pierre
620 1323 53 39 de
707 1322 345 52 Dargomyjsky,
1080 1335 56 27 ou
1159 1326 145 36 même
1323 1320 182 40 Pelléas.
1530 1319 61 41 Le
1611 1320 92 40 rôle
1726 1321 52 39 de
1800 1320 192 52 Poppée,
2020 1320 128 40 d'une

165 1387 129 47 grâce
309 1393 250 31 caressante
579 1393 40 31 et
642 1383 181 53 perfide,
840 1393 65 31 est
924 1383 85 41 fort
1028 1383 103 40 bien
1148 1388 130 35 tracé.
1301 1381 150 42 Néron
1475 1381 173 41 semble
1668 1383 99 51 plus
1787 1381 149 51 faible,
1959 1391 40 31 et
2020 1382 129 39 d'une

165 1446 244 50 galanterie
432 1460 59 25 un
507 1460 85 37 peu
615 1446 174 50 banale,
811 1447 74 50 qui
919 1444 76 41 fait
1018 1446 95 52 déjà
1138 1447 174 50 prévoir
1332 1445 62 39 les
1430 1445 188 51 proches
1649 1444 193 40 fadaises
1866 1444 58 40 du
1948 1444 111 51 style
2073 1446 59 37 ita-

166 1508 105 39 lien.
302 1507 47 39 M
351 1504 40 24 lle
411 1506 62 40 M.
496 1506 207 51 Legrand
726 1507 216 52 (Poppée)
967 1515 40 32 et
1029 1507 60 40 M.
1111 1506 189 41 Gébelin
1324 1504 242 53 (Sénèque)
1585 1513 101 32 sont
1705 1506 255 41 excellents;
1981 1505 37 40 le
2037 1513 114 32 reste

167 1569 52 39 de
258 1568 370 52 l'interprétation
649 1578 65 31 est
736 1568 291 48 satisfaisant,
1065 1577 40 31 et
1136 1569 270 47 l'orchestre,
1432 1567 142 50 dirigé
1606 1581 80 37 par
1714 1566 59 40 M.
1798 1566 54 41 V.
1889 1564 172 54 d'lndy,
2086 1574 65 32 est

169 1630 249 49 intelligent
440 1639 40 30 et
504 1632 154 49 précis.

750 1630 51 41 L.
826 1630 49 39 L.

223 1722 151 40 ECOLE
395 1736 80 26 DES
501 1722 179 40 HAUTES
703 1722 183 41 ETUDES
913 1736 223 27 SOCIALES.
1152 1746 50 4 —
1228 1723 51 39 16
1287 1722 168 54 février
1461 1752 7 9 .

1558 1721 123 40 Dans
1705 1729 109 32 cette
1826 1721 108 40 salle
1948 1722 77 39 des
2046 1735 104 27 con-

170 1783 195 40 férences
404 1784 52 39 de
492 1783 163 40 l'Ecole
684 1785 75 38 des
804 1784 165 40 Hautes
1002 1784 166 40 Etudes
1207 1784 202 50 sociales,
1436 1790 56 33 où
1517 1783 63 40 les
1603 1784 100 51 plus
1737 1785 218 38 autorisés
1979 1783 53 40 de
2067 1797 80 26 nos

169 1850 179 35 maîtres
371 1854 40 31 et
431 1846 53 38 de
525 1858 80 27 nos
643 1847 208 50 critiques
873 1860 113 26 nous
1008 1854 75 31 ont
1117 1845 205 40 habitués
1345 1850 21 34 à
1392 1846 211 39 entendre
1626 1846 53 38 de
1702 1854 205 31 savantes
1928 1847 219 38 causeries

169 1921 75 26 sur
263 1907 38 39 la
327 1908 221 50 musique,
574 1921 112 26 nous
711 1921 138 26 avons
882 1909 172 45 assisté,
1078 1907 39 40 le
1145 1912 45 35 16
1206 1906 174 51 février,
1405 1912 21 35 à
1450 1921 86 26 une
1552 1906 259 41 conférence
1830 1907 314 52 remarquable

168 1968 103 41 faite
294 1983 77 37 par
387 1968 60 40 M.
468 1969 46 39 F.
539 1969 53 39 de
612 1968 193 41 Lacerda
831 1983 75 26 sur
939 1969 55 39 les
1014 1968 283 53 Symphonies
1319 1969 49 39 de
1392 1968 174 53 Haydn.
1592 1968 89 40 Par
1703 1982 82 26 son
1809 1971 251 49 exposition
2085 1971 44 38 vi-

167 2044 220 36 goureuse
417 2039 40 31 et
474 2039 116 31 nette
613 2030 163 40 d'idées
795 2032 118 38 aussi
937 2030 155 40 claires
1110 2044 85 38 que
1214 2044 180 33 neuves,
1413 2045 80 37 par
1509 2030 39 39 la
1574 2029 271 53 profondeur
1863 2030 54 40 de
1942 2044 81 26 son
2049 2045 79 25 ana-

168 2092 92 51 lyse
283 2091 229 51 musicale,
534 2091 62 40 M.
622 2092 53 39 de
694 2091 212 52 Lacerda,
924 2093 109 38 dans
1056 2106 87 25 une
1166 2092 163 50 langue
1345 2093 74 50 qui
1437 2089 110 42 n'est
1564 2105 78 38 pas
1661 2092 39 39 la
1738 2093 168 43 sienne,
1934 2107 21 24 a
1981 2106 51 26 su
2052 2107 74 38 cap-

169 2155 109 38 tiver
292 2154 195 50 pendant
504 2159 100 45 près
621 2154 53 39 de
691 2154 772 40 cleuxheuresbattentionrecueillie
1486 2154 104 39 d'un
1609 2153 221 40 auditoire
1853 2153 159 41 d'élite.
2034 2153 120 41 C'est

167 2229 58 26 un
247 2223 96 43 trop
363 2223 123 32 court
524 2220 175 35 résumé
738 2216 52 39 de
813 2224 110 32 cette
943 2215 259 40 conférence
1224 2213 58 53 (1)
1307 2228 83 39 que
1414 2228 113 27 nous
1547 2215 188 40 voulons
1755 2215 173 40 donner
1952 2230 82 25 aux
2065 2216 66 40 lec-

169 2286 118 31 teurs
311 2277 53 39 de
398 2277 40 38 la
471 2276 141 41 Revue
641 2277 215 40 musicale.

223 2338 68 40 En
310 2340 191 49 premier
513 2338 102 46 lieu,
641 2338 61 39 M.
739 2340 53 38 de
814 2338 193 41 Lacerda
1030 2339 207 51 explique
1257 2338 105 53 qu'il
1387 2341 142 38 aurait
1548 2339 131 40 voulu
1705 2340 172 39 étudier
1912 2340 63 39 les
2010 2354 119 26 carac-

169 2401 249 50 téristiques
439 2402 264 49 respectives
726 2401 53 39 de
802 2401 96 39 l'art
919 2401 329 52 symphonique
1267 2410 40 31 et
1345 2402 54 39 de
1416 2401 96 40 l'art
1550 2401 278 51 dramatique
1848 2415 52 26 en
1923 2411 229 31 ramenant

169 2474 68 26 ces
251 2461 111 39 deux
379 2470 88 31 arts
489 2466 21 34 à
527 2476 59 25 un
609 2462 94 40 seul
725 2470 41 32 et
786 2467 143 35 même
951 2464 214 50 principe,
1185 2465 342 38 contrairement
1547 2467 21 34 à
1593 2461 213 53 l'opinion
1820 2463 333 49 généralement

170 2524 223 50 répandue
425 2524 53 38 de
511 2523 93 40 leur
654 2524 207 40 diversité
895 2523 115 41 Mais
1030 2524 39 39 le
1103 2533 141 43 temps
1268 2534 41 30 et
1348 2525 234 40 l'occasion
1625 2524 60 40 lui
1725 2523 163 41 faisant
1926 2524 164 51 défaut,
2114 2535 39 31 et

171 2598 18 23 «
216 2597 85 26 une
320 2584 128 40 étude
472 2587 119 37 aussi
611 2586 187 40 étendue
815 2600 54 26 ne
891 2587 161 39 devant
1065 2587 124 50 point
1208 2590 90 36 être
1311 2586 190 41 abordée
1517 2587 57 39 du
1591 2595 197 31 moment
1806 2594 56 33 où
1879 2587 82 40 elle
1980 2601 54 26 ne
2051 2597 101 42 peut

170 2660 45 26 se
255 2645 109 41 faire
384 2660 102 25 avec
503 2648 111 38 suite
632 2656 40 31 et
707 2648 205 40 méthode
938 2661 36 34 »,
1001 2649 29 39 il
1047 2661 45 26 se
1131 2647 139 41 borne
1290 2653 21 35 à
1337 2649 203 52 analyser
1571 2662 86 26 une
1674 2648 121 40 seule
1816 2650 266 51 symphonie
2101 2650 52 39 de

172 2707 173 53 Haydn,
371 2708 115 39 l'une
517 2709 76 39 des
617 2709 99 51 plus
738 2709 137 40 belles
914 2719 41 31 et
996 2710 77 39 des
1108 2710 99 51 plus
1246 2710 234 41 fortement
1512 2712 265 49 empreintes
1819 2712 55 38 de
1894 2724 81 27 son
2006 2713 144 49 génie.

170 2769 118 41 C'est
311 2774 21 34 à
366 2778 144 42 regret
534 2784 85 38 que
650 2785 114 26 nous
783 2785 113 26 nous
915 2785 171 38 voyons
1110 2771 150 52 obligé
1282 2771 52 41 de
1368 2771 109 41 faire
1499 2787 58 26 un
1580 2777 174 35 résumé
1773 2773 145 51 plutôt
1954 2787 84 38 que
2077 2774 75 40 des

170 2832 202 40 citations
396 2832 238 52 complètes
673 2833 76 40 des
787 2834 174 52 paroles
999 2835 54 39 de
1088 2833 174 41 l'érudit
1298 2834 297 40 conférencier
1620 2849 7 24 :
1653 2847 19 24 «
1698 2833 125 41 Cette
1871 2849 166 35 œuvre,
2080 2837 73 51 qui

170 2902 123 42 porte
313 2893 38 39 le
371 2898 184 35 numéro
584 2909 44 36 19
661 2896 110 39 dans
805 2896 39 39 la
868 2896 232 41 collection
1136 2897 269 40 manuscrite
1443 2897 58 40 du
1540 2895 360 49 Conservatoire,
1930 2900 76 49 qui
2042 2912 22 25 a
2088 2902 66 36 été

171 2954 139 40 éditée
330 2968 79 36 par
427 2954 123 41 Boke
567 2964 40 32 et
625 2956 120 40 Bock
768 2970 105 27 sous
893 2957 39 40 le
952 2963 105 41 nLi,
1098 2973 80 37 par
1202 2957 157 42 Sieber
1381 2971 104 27 sous
1509 2959 38 38 le
1578 2963 48 34 n°
1663 2970 65 38 51,
1751 2972 81 38 par
1860 2959 236 52 Breitkopf
2114 2968 40 31 et

172 3015 244 50 parPeters
440 3029 104 27 sous
564 3017 39 39 le
641 3024 45 33 n°
730 3032 39 33 2,
795 3019 91 39 doit
929 3024 104 43 être,
1061 3021 124 39 selon
1224 3020 234 44 Deldevez,
1483 3021 39 39 le
1538 3027 45 33 n°
1613 3035 19 35 7
1672 3020 76 40 des
1784 3024 45 36 18
1864 3022 288 52 symphonies

172 3081 258 47 composées
451 3091 111 37 pour
585 3079 62 38 les
687 3089 198 30 concerts
927 3081 52 39 de
1013 3080 231 46 Salomon,
1287 3087 21 35 à
1334 3083 218 40 Londres.
1575 3081 85 40 Ces
1682 3087 213 36 numéros
1915 3088 120 36 étant
2052 3098 77 26 con-

174 3138 273 40 tradictoires
490 3148 39 30 et
567 3154 80 37 par
687 3146 273 47 conséquent
992 3143 273 45 arbitraires,
1291 3145 30 39 il
1360 3145 178 40 devient
1569 3144 265 51 impossible
1870 3146 53 39 de
1953 3144 106 42 fixer
2082 3161 48 25 au-

170 3199 221 51 jourd'hui
414 3198 157 42 l'ordre
590 3202 353 54 chronologique
965 3204 77 40 des
1070 3206 83 39 118
1176 3220 56 26 ou
1268 3221 80 41 127
1378 3207 288 52 symphonies
1688 3206 54 40 de
1771 3205 178 54 Haydn.
1973 3208 179 40 D'autre

170 3269 96 44 part
290 3261 38 39 la
346 3260 156 51 forme,
528 3261 39 41 le
590 3264 110 51 style
723 3273 41 31 et
784 3263 354 44 l'orchestration
1158 3281 55 26 ne
1249 3267 198 42 suffisent
1467 3283 79 38 pas
1576 3272 21 35 à
1621 3281 114 27 nous
1757 3269 174 50 guider.

228 3336 18 24 «
273 3330 36 31 i°
334 3321 60 41 La
407 3324 147 51 forme
592 3333 64 32 est
686 3330 21 35 à
732 3340 84 37 peu
854 3333 101 45 près
987 3338 248 41 constante,
1260 3339 41 31 et
1333 3332 35 38 si
1398 3330 87 41 l'on
1520 3338 101 45 peut
1660 3330 93 40 dire
1795 3332 76 39 des
1910 3335 240 50 premières

212 3467 54 42 (i)
285 3468 73 32 Elle
379 3468 131 39 devait,
534 3471 17 30 à
571 3469 179 43 l'origine,
774 3471 86 33 faire
882 3472 115 40 partie
1019 3473 107 33 d'une
1148 3474 91 34 série
1261 3476 161 33 d'études
1444 3488 61 21 sur
1524 3477 21 32 Y
1549 3478 66 31 Art
1632 3476 257 44 symphonique
1908 3486 33 25 et
1961 3478 20 33 Y
1985 3480 68 32 Art
2074 3479 63 31 cira-

170 3528 33 21 nt
208 3528 18 21 a
232 3518 104 41 tique.
