2291 3792
463 223 117 27 DEUX
610 223 249 28 ANCIENNES
893 224 221 26 MELODIES
1149 225 54 25 DE
1237 225 50 25 LA
1318 216 189 34 VÉNÉTIE
1543 223 304 27 OCCIDENTALE

250 262 0 0 150

169 316 155 43 travail
343 315 53 40 de
412 315 40 40 la
475 317 181 52 journée
677 331 82 36 par
776 331 59 26 un
851 316 113 41 beau
989 319 88 38 soir
1089 315 165 49 d'août,
1280 320 221 47 groupées
1523 328 75 27 sur
1615 314 164 41 l'herbe
1799 328 56 27 ou
1876 329 75 26 sur
1969 312 179 41 l'enclos

167 384 53 40 de
242 385 141 50 pierre
406 384 74 51 qui
504 392 181 31 entoure
708 382 171 51 l'église
900 384 53 40 de
978 382 91 41 San
1105 383 196 47 Florian,
1326 395 104 27 sans
1471 391 125 31 autre
1628 382 209 50 baguette
1860 383 226 39 directrice
2105 383 42 38 ni

165 451 256 50 régulateur
442 451 76 40 des
539 451 196 51 rythmes
755 451 54 40 de
844 451 116 41 leurs
983 452 155 39 chants
1162 463 85 38 que
1268 450 94 39 leur
1401 451 236 38 sentiment
1656 451 171 39 naturel
1849 456 56 33 où
1927 449 199 52 l'inspira-

166 519 142 39 ration
331 526 40 32 et
393 518 40 39 la
458 518 265 52 disposition
745 519 58 41 du
823 527 212 41 moment,
1061 519 39 39 le
1120 522 319 47 tempérament
1454 518 246 39 individuel
1720 527 40 30 et
1784 517 201 47 collectif,
2011 531 110 26 nuan-

165 586 143 49 çaient
324 585 62 40 les
419 585 142 50 lignes
578 595 40 31 et
640 586 204 41 couleurs
865 585 229 52 générales
1115 586 52 39 de
1190 585 39 40 la
1256 585 208 40 tradition
1503 599 140 36 reçue.
1671 585 275 52 Cependant,
1967 598 69 26 ces
2060 588 58 35 mé-

164 653 141 41 lodies
327 657 134 44 étant,
487 653 38 52 je
559 653 39 40 le
637 658 162 48 répète,
824 655 142 51 parmi
989 653 62 41 les
1084 651 220 54 préférées
1345 661 41 31 et
1427 653 62 39 les
1538 653 99 51 plus
1676 654 336 38 anciennement
2047 665 75 26 con-

164 733 110 28 nues
289 720 54 40 de
364 728 109 33 cette
492 726 189 43 contrée,
707 720 71 54 j'ai
805 736 59 38 pu
886 730 221 32 constater
1141 729 40 32 et
1204 720 222 40 contrôler
1446 734 82 38 par
1550 722 113 38 suite
1687 720 61 39 les
1792 728 172 31 accents
1985 720 139 51 princi-

164 802 114 39 paux
294 796 42 32 et
355 788 94 40 leur
465 792 272 48 répartition,
764 804 85 38 que
871 788 69 54 j'ai
964 790 204 50 disposée
1185 789 110 39 dans
1319 788 38 40 le
1381 787 178 41 tableau
1580 789 267 50 synoptique
1870 789 191 38 suivant.
2102 825 5 1 _

221 854 32 41 Il
271 856 280 41 démontrera
571 857 256 41 clairement
919 858 39 39 la
982 856 163 42 double
1168 856 127 40 barre
1326 857 233 51 indiquant
1595 856 40 39 la
1678 868 175 27 mesure
1875 857 273 48 génératrice

165 924 53 40 de
240 923 141 41 l'ictus
402 925 159 49 initial;
585 926 62 40 les
670 925 152 41 barres
842 926 196 52 simples,
1063 926 63 39 les
1148 938 197 26 mesures
1369 925 197 39 dérivées
1585 933 39 31 et
1648 924 61 39 les
1731 925 111 38 ictus
1867 923 281 40 secondaires

233 990 194 53 l'empire
448 1006 84 38 que
548 992 39 40 le
602 999 137 35 mètre
753 995 209 49 poétique
980 1001 41 31 et
1039 993 38 39 le
1100 998 137 34 mètre
1249 992 187 40 musical
1454 1006 27 36 y
1507 1001 200 30 exercent
1724 992 89 39 l'un
1834 1005 75 25 sur
1921 991 167 39 l'autre.

218 1057 86 41 Les
324 1067 127 31 notes
463 1063 21 35 à
504 1060 171 48 gauche
691 1060 101 40 delà
810 1059 163 41 double
991 1059 305 40 barreinitiale
1312 1059 232 51 indiquent
1564 1059 40 39 la
1621 1059 124 51 place
1768 1059 52 39 de
1856 1058 289 40 l'anacrouse.

164 1134 142 42 temps
329 1126 108 49 levé,
464 1125 147 41 brève.
