2291 3792
435 209 348 27 BIBLIOGRAPHIE
817 212 55 26 DE
907 214 52 24 LA
992 215 207 28 CHANSON
1231 218 251 29 POPULAIRE
1516 223 115 27 HORS
1666 226 55 26 DE
1755 228 168 27 FRANCE

2083 230 68 37 131

261 434 278 53 Esquisse
590 435 166 43 d'une
799 437 424 54 bibliographie
1255 442 68 40 de
1374 443 54 41 la
1457 444 257 43 chanson
1746 450 298 52 populaire

890 508 140 41 hors
1063 508 69 42 de
1184 510 235 42 France.

195 642 63 41 Le
282 645 99 38 titre
404 647 145 36 même
572 642 230 56 d'esquisse
808 676 9 14 ,
854 645 213 51 appliqué
1100 649 21 36 à
1158 659 70 28 ces
1263 647 219 51 quelques
1518 649 260 42 recherches
1816 665 77 27 sur
1929 654 40 38 la
1996 652 142 42 biblio-

139 713 190 52 graphie
371 713 53 39 de
458 713 39 39 la
535 713 201 40 chanson
778 714 233 51 populaire
1044 715 106 39 hors
1183 715 54 40 de
1266 715 184 48 France,
1492 725 65 31 est
1586 731 158 27 encore
1786 729 97 43 trop
1905 730 139 40 vaste,
2090 737 73 24 car

142 796 115 27 nous
296 783 188 39 n'avons
505 791 104 31 tenu
633 791 176 43 compte
833 796 86 39 que
943 783 78 40 des
1039 783 134 40 livres
1197 794 287 42 proprement
1519 786 88 40 dits
1644 795 42 32 et
1703 801 116 27 nous
1855 787 185 42 n'avons
2082 804 80 37 pas

142 850 79 41 fait
244 859 148 32 entrer
413 864 54 26 en
508 850 121 51 ligne
670 851 78 40 des
790 852 176 40 articles
995 858 87 34 très
1105 854 294 40 intéressants
1430 854 52 40 de
1514 856 301 52 périodiques,
1860 858 218 50 journaux
2110 859 53 38 de

149 934 199 39 voyages
368 933 173 27 comme
568 920 39 40 le
633 919 116 41 Tour
764 921 57 39 du
838 920 179 52 Monde,
1046 935 156 27 revues
1225 922 54 40 de
1301 922 225 50 folk-lore,
1550 924 103 40 telle
1675 925 39 39 la
1738 925 143 40 Revue
1898 927 73 38 des
2006 925 130 41 Tradi-

141 990 117 41 tions
294 988 252 55 populaires
554 1020 7 15 ,
603 987 304 53 publications
950 990 54 40 de
1045 996 223 35 caractère
1307 992 377 53 musicologique,
1726 1008 81 38 par
1843 995 201 52 exemple
2100 995 63 40 les

141 1058 330 42 Sammelbânde
494 1057 75 40 der
599 1057 368 41 Internationalen
992 1057 426 56 Musikgesellschaft
1423 1093 8 16 ,
1473 1062 112 40 dans
1624 1063 195 52 lesquels
1854 1064 39 40 le
1922 1064 241 40 chercheur

139 1143 163 38 pourra
325 1137 180 32 trouver
538 1136 191 32 souvent
753 1128 53 39 de
831 1134 86 34 très
941 1129 296 40 intéressants
1270 1130 224 53 exemples
1527 1136 127 36 notés
1677 1132 54 40 de
1769 1132 218 42 mélodies
2024 1146 112 40 popu-

138 1198 149 40 laires.

200 1267 263 40 Prévenons
479 1280 160 28 encore
662 1266 39 40 le
725 1266 164 41 lecteur
905 1267 133 40 d'une
1058 1268 191 40 seconde
1272 1270 267 49 restriction,
1562 1284 85 38 que
1665 1284 113 27 nous
1794 1285 137 26 avons
1952 1275 210 48 apportée

148 1337 113 39 dans
301 1336 40 40 le
364 1336 128 40 choix
512 1336 77 39 des
613 1336 245 39 matériaux
894 1336 54 39 de
971 1345 65 31 cet
1061 1337 164 39 article.
1265 1336 125 41 Nous
1414 1337 186 41 n'avons
1626 1340 143 39 admis
1791 1353 85 38 que
1896 1341 63 38 les
1976 1339 186 40 recueils

143 1405 55 40 de
218 1413 153 41 textes,
395 1412 42 32 et
459 1417 91 26 non
569 1404 62 38 les
655 1404 155 39 études
832 1405 74 50 qui
928 1412 76 32 ont
1024 1409 67 35 été
1108 1404 129 40 faites
1273 1419 75 26 sur
1371 1406 40 39 la
1441 1410 208 48 question
1670 1411 73 48 qui
1784 1421 114 27 nous
1928 1410 231 38 intéresse.

142 1473 31 40 Il
197 1489 27 36 y
249 1487 22 26 a
305 1473 111 39 dans
437 1471 62 40 les
543 1471 200 40 diverses
764 1471 271 40 littératures
1070 1472 77 39 des
1169 1481 183 32 travaux
1371 1475 212 50 critiques
1611 1474 87 41 fort
1739 1477 292 41 intéressants
2060 1492 78 27 con-

143 1550 183 33 cernant
362 1541 99 40 l'art
495 1540 187 40 musical
717 1540 233 52 populaire
982 1552 6 27 :
1026 1554 114 27 nous
1179 1554 55 27 ne
1270 1541 63 40 les
1357 1544 320 39 mentionnons
1706 1545 124 50 point
1853 1546 68 39 ici.

198 1611 120 50 Bref,
357 1618 130 32 notre
522 1608 80 41 but
627 1618 66 31 est
734 1609 54 40 de
826 1609 173 40 donner
1030 1609 277 41 l'indication
1357 1609 399 54 bibliographique
1797 1613 78 40 des
1902 1616 262 51 principaux

145 1680 187 40 recueils
381 1679 54 39 de
472 1678 226 40 chansons
732 1678 259 53 populaires
1023 1692 55 26 en
1113 1678 164 40 dehors
1316 1678 54 40 de
1402 1679 40 39 la
1477 1679 185 52 France,
1697 1682 371 52 principalement
2109 1698 55 27 en

148 1748 195 52 Europe.
371 1747 232 52 Pourquoi
644 1755 110 32 cette
778 1746 240 41 limitation
1041 1752 15 35 ?
1090 1747 139 41 Parce
1251 1762 101 37 que,
1380 1761 349 39 croyons-nous,
1762 1750 29 40 il
1832 1753 205 40 convient
2070 1762 94 32 tout

143 1817 188 41 d'abord
362 1817 54 39 de
451 1829 262 38 remarquer
752 1816 113 40 dans
904 1816 62 40 les
1003 1830 110 38 pays
1145 1817 193 39 civilisés
1380 1816 224 53 d'Europe
1643 1818 39 40 la
1719 1821 276 40 coexistence
2033 1820 133 42 d'une

145 1887 210 51 musique
378 1885 233 53 populaire
644 1893 42 31 et
709 1883 131 42 d'une
865 1887 210 49 musique
1099 1887 249 50 artistique.

198 1955 128 41 Nous
350 1968 54 26 ne
427 1953 175 41 faisons
623 1962 110 31 cette
755 1967 253 39 remarque,
1035 1953 163 41 banale
1227 1967 54 26 en
1308 1957 83 42 soi,
1433 1969 86 38 que
1538 1969 114 38 pour
1683 1970 54 26 en
1775 1958 167 39 arriver
1962 1962 21 35 à
2006 1959 138 40 distin-

143 2038 113 37 guer
278 2025 40 38 la
353 2024 202 39 chanson
601 2023 239 51 populaire
863 2023 78 40 des
980 2036 126 39 pays,
1152 2025 92 50 qui,
1283 2037 173 26 comme
1499 2023 63 40 les
1598 2027 167 48 nôtres,
1808 2034 76 31 ont
1923 2026 243 53 développé

140 2094 97 40 leur
260 2093 271 40 civilisation
565 2091 217 40 musicale
800 2092 114 40 dans
954 2106 59 26 un
1035 2105 102 27 sens
1161 2092 255 51 technique,
1451 2093 53 39 de
1528 2093 39 40 la
1591 2093 201 41 chanson
1812 2096 237 50 populaire
2090 2096 76 40 des

141 2176 111 39 pays
285 2168 58 34 où
365 2161 84 40 elle
473 2169 66 31 est
563 2169 96 32 tout
680 2159 98 41 l'art
818 2160 205 40 musical.
1069 2160 206 40 Certains
1305 2163 228 50 critiques,
1555 2170 41 32 et
1616 2162 91 40 l'un
1747 2160 128 43 d'eux
1912 2164 160 40 touche
2114 2166 52 39 de

143 2237 102 46 près
272 2235 21 35 à
331 2239 111 31 cette
482 2233 145 36 même
662 2227 145 42 Revue
814 2263 8 16 ,
869 2237 77 32 ont
968 2233 165 47 poussé
1171 2229 39 43 le
1261 2230 322 40 dilettantisme
1619 2231 112 39 dans
1769 2231 396 51 l'argumentation

141 2300 177 52 jusqu'à
343 2301 95 37 nier
473 2297 251 41 l'existence
748 2296 216 53 objective
981 2298 54 39 de
1054 2298 39 39 la
1118 2298 201 40 chanson
1341 2298 249 52 populaire,
1618 2298 119 41 faute
1754 2298 98 42 d'en
1877 2308 179 33 trouver
2079 2315 87 26 une

141 2367 238 41 définition
410 2368 75 50 qui
526 2366 40 40 la
603 2366 234 50 distingue
867 2380 106 26 avec
996 2366 195 52 quelque
1230 2371 164 35 netteté
1444 2367 53 40 de
1536 2367 40 40 la
1615 2369 207 51 musique
1858 2369 101 40 telle
1999 2383 87 38 que
2126 2371 40 39 le

138 2437 144 51 grand
319 2436 151 52 public
501 2444 40 31 et
559 2435 63 40 les
646 2449 22 25 a
682 2435 148 40 rtistes
854 2435 39 39 la
931 2437 274 49 conçoivent.
1248 2434 132 41 Alors
1402 2449 114 27 nous
1539 2437 279 51 répondrons
1858 2451 53 26 en
1942 2437 223 53 objectant

141 2520 87 38 que
249 2507 63 38 les
343 2505 156 40 chants
523 2504 267 52 populaires
812 2517 46 26 se
882 2512 256 32 retrouvent
1163 2517 104 27 avec
1287 2505 63 39 les
1371 2508 167 36 mêmes
1562 2511 245 34 caractères
1830 2506 105 40 chez
1957 2507 77 40 des
2056 2521 80 38 peu-

142 2575 111 52 ples,
279 2574 81 40 tels
401 2574 64 39 les
501 2571 266 48 Orientaux,
809 2569 76 55 qui
922 2571 123 42 n'ont
1077 2576 22 36 à
1140 2587 145 26 aucun
1311 2573 137 50 degré
1468 2573 39 40 le
1534 2575 241 39 sentiment
1813 2574 54 40 de
1891 2575 40 40 la
1955 2578 208 50 musique

142 2646 134 38 écrite
300 2642 125 41 selon
456 2642 63 39 les
563 2641 149 50 règles
733 2641 53 40 de
829 2640 112 41 l'art.
967 2639 231 53 L'origine
1235 2643 233 50 artistique
1507 2642 52 40 de
1594 2642 40 40 la
1679 2643 201 41 chanson
1928 2644 235 52 populaire

138 2726 118 26 nous
295 2710 171 41 semble
508 2724 162 27 encore
701 2710 221 40 douteuse
954 2710 103 40 chez
1094 2710 64 40 les
1198 2710 175 41 Kurdes
1400 2725 57 26 ou
1499 2711 63 39 les
1592 2710 339 42 Tarantchisks.
1971 2712 191 42 Est-elle

140 2783 147 37 mieux
331 2784 184 36 assurée
533 2779 103 40 chez
671 2779 63 39 les
765 2780 180 39 nations
983 2779 220 41 civilisées
1243 2780 54 39 de
1339 2778 281 42 l'Occident?
1649 2779 126 41 Nous
1818 2794 54 26 ne
1904 2781 38 39 le
1970 2795 191 39 croyons

139 2851 141 50 point.
308 2847 58 41 Sa
393 2848 153 40 réalité
566 2856 66 32 est
654 2848 115 40 donc
805 2847 212 52 possible,
1040 2856 41 32 et
1106 2862 143 26 aucun
1271 2848 207 52 scrupule
1498 2862 54 27 ne
1575 2861 114 27 nous
1710 2853 141 36 arrête
1881 2862 113 38 pour
2014 2850 148 51 parler

139 2919 54 39 de
211 2918 41 39 la
277 2917 203 40 chanson
505 2916 237 53 populaire
766 2929 54 26 en
840 2915 194 53 Europe.

195 2987 118 40 Mais
335 2999 88 27 une
444 2984 210 42 difficulté
675 2986 145 48 surgit
844 2999 55 26 au
923 2985 111 40 seuil
1059 2985 53 40 de
1136 2993 110 33 cette
1263 2985 145 40 étude.
1437 2983 89 43 Sur
1540 2985 170 53 quelles
1731 2985 134 41 bases
1888 2987 168 40 classer
2077 3001 82 26 nos

140 3056 267 40 documents
433 3058 16 36 ?

195 3122 64 41 La
280 3121 321 42 classification
638 3124 91 51 qui,
764 3122 40 40 la
834 3124 233 50 première,
1113 3136 46 26 se
1182 3128 206 47 présente
1428 3127 21 35 à
1487 3121 183 55 l'esprit,
1712 3126 281 38 consisterait
2012 3129 20 35 à
2058 3139 78 25 ran-

139 3206 79 38 ger
238 3206 82 26 nos
364 3192 188 40 recueils
576 3205 54 27 en
654 3189 266 43 conformité
962 3205 104 27 avec
1095 3192 64 40 les
1190 3192 218 40 divisions
1446 3192 53 40 de
1529 3192 40 40 la
1590 3193 275 51 géographie
1905 3193 218 52 politique
2152 3205 5 25 :

141 3263 113 38 ainsi
285 3274 58 28 on
377 3263 145 38 aurait
561 3261 64 39 les
666 3260 157 40 chants
860 3260 258 52 populaires
1160 3261 54 39 de
1265 3258 311 53 l'Angleterre,
1618 3262 53 38 de
1701 3260 315 52 l'Allemagne,
2043 3262 53 40 de
2123 3265 37 38 la

141 3329 179 51 Russie,
340 3338 81 31 etc.
442 3329 118 40 Mais
584 3329 29 40 il
635 3327 172 42 semble
832 3326 105 54 qu'il
951 3344 27 38 y
999 3331 144 38 aurait
1167 3329 194 53 quelque
1379 3329 210 40 brutalité
1608 3334 21 35 à
1653 3330 216 52 procéder
1891 3330 53 40 de
1964 3331 40 39 la
2019 3339 118 32 sorte
2152 3345 5 23 :

139 3408 209 43 peut-on,
375 3412 106 26 sans
505 3401 163 37 avertir
691 3398 38 39 le
753 3397 180 51 lecteur,
969 3411 165 38 ranger
1164 3411 106 28 sous
1291 3412 86 27 une
1398 3403 144 35 même
1575 3397 216 54 rubrique
1825 3399 62 40 les
1922 3399 155 40 chants
2103 3399 56 40 du

138 3482 110 38 pays
281 3469 53 39 de
359 3465 152 42 Galles
534 3476 42 32 et
597 3481 107 26 ceux
729 3466 53 40 de
814 3467 11 38 1
844 3465 166 42 Ecosse
1035 3471 16 35 ?
1071 3466 63 41 La
1158 3467 156 47 Corse,
1343 3470 75 49 qui
1439 3476 80 42 est,
1548 3472 21 35 à
1593 3467 103 41 bien
1718 3467 78 40 des
1817 3469 151 51 points
1989 3469 54 39 de
2058 3481 78 26 vue-

139 3550 87 26 une
249 3536 58 40 île
330 3536 230 51 italienne,
584 3545 65 31 est
670 3536 158 51 depuis
849 3535 99 52 plus
972 3536 107 40 d'un
1103 3536 131 40 siècle
1251 3536 344 51 politiquement
1618 3536 236 51 française.
1874 3536 287 49 Classerons,
