3525 4414
1673 174 101 50 391

163 309 173 34 erfreuen
365 310 77 37 hat.
497 312 86 33 Ihre
613 308 246 37 Schülerzahl
899 310 64 34 hat
993 310 58 33 die
1080 309 116 35 durch
1226 310 71 35 den
1333 311 120 34 Raum
1484 312 194 45 gegebene

165 369 148 33 Gränze
344 369 73 35 fast
447 370 172 43 erreicht,
662 370 77 33 und
778 375 109 29 unter
929 370 71 34 den
1041 369 125 34 vielen
1211 373 254 45 auswärtigen
1494 371 184 35 Schülern

161 427 67 46 (im
256 429 356 35 Winter-Semester
641 426 223 39 3864—65:
894 427 59 43 38,
984 430 51 32 im
1056 428 379 37 Sommer-Semester
1467 428 115 39 1865:
1612 429 64 46 42)

160 488 175 34 befinden
363 489 82 34 sich
474 489 256 42 Americaner,
758 489 158 42 Russen,
945 488 131 42 Polen,
1104 488 218 46 Engländer
1349 490 77 34 und
1455 489 222 37 Holländer.

161 549 72 33 Die
262 547 93 35 Zahl
383 548 64 35 der
489 548 303 35 wöchentlichen
824 548 401 35 Unterrichtsstunden
1270 549 132 46 betrug
1449 550 51 33 im
1529 550 148 35 Winter

162 605 84 45 123,
276 609 51 33 im
357 609 170 33 Sommer
557 606 85 38 134.
697 609 81 34 Von
810 609 72 33 den
915 606 45 38 13
988 608 180 43 Lehrern,
1197 608 144 36 welche
1371 621 46 23 an
1447 609 64 34 der
1538 609 139 35 Schule

159 670 123 45 thätig
309 669 93 42 sind,
447 673 122 30 traten
606 681 88 22 aus:
737 681 60 22 am
830 667 30 36 1.
892 668 107 46 April
1026 668 24 33 1.
1081 668 37 35 J.
1149 669 98 34 Herr
1274 669 42 37 F.
1344 671 218 44 Breunung,
1612 670 65 35 der

160 741 47 22 an
236 730 65 34 der
328 729 152 35 Anstalt
508 730 70 34 seit
607 729 108 46 April
745 726 99 39 1854
872 729 271 34 unterrichtete
1179 729 77 34 und
1285 741 47 23 zu
1360 729 157 35 Aachen
1546 730 113 34 städti-

158 788 110 35 scher
297 787 288 47 Capellmeister
629 790 201 45 geworden
874 790 68 41 ist;
993 800 58 22 am
1084 787 31 36 1.
1146 788 164 35 October
1338 790 98 33 Herr
1463 788 215 34 Ferdinand

158 849 155 40 Böhme,
344 849 64 33 der
436 850 71 33 seit
534 849 140 35 Herbst
704 846 112 45 1858,
845 849 77 33 und
951 849 98 33 Herr
1077 848 217 35 Woldemar
1321 848 164 47 Bargiel,
1516 848 63 33 der
1607 849 71 34 seit

157 907 141 35 Herbst
329 904 95 39 1859
453 907 142 35 Lehrer
624 907 63 33 der
716 907 152 34 Anstalt
905 918 86 32 war,
1030 909 109 43 jener
1181 919 66 23 aus
1277 907 376 36 Gesundheits-Rück-

157 968 158 45 sichten,
354 968 122 33 dieser
503 968 39 33 in
572 968 118 45 Folge
720 968 123 34 seiner
875 967 109 34 Wahl
1012 980 86 22 zum
1127 969 175 33 Director
1330 968 64 34 des
1425 968 228 34 Conservato-

155 1029 117 33 riums
300 1027 78 34 und
406 1028 64 34 der
499 1028 185 34 Concerte
713 1039 47 22 zu
788 1028 228 35 Rotterdam.
1047 1029 98 34 Herr
1163 1029 208 45 Breunung
1400 1027 128 35 wurde
1558 1027 117 35 durch

156 1089 125 33 Herrn
325 1087 197 35 Friedrich
570 1088 234 43 Gernsheim,
856 1088 214 47 bisherigen
1113 1088 325 35 Musik-Director
1484 1089 39 32 in
1569 1087 87 34 Saar-

155 1148 181 46 brücken,
367 1149 99 33 Herr
492 1149 153 46 Bargiel
673 1149 116 34 durch
820 1149 126 34 Herrn
967 1149 113 34 Ernst
1097 1148 167 46 Rudorff,
1296 1149 64 34 der
1386 1146 141 35 zuletzt
1554 1147 122 35 neben

155 1209 263 35 Stockhausen
449 1209 58 34 die
534 1209 376 46 philharmonischen
932 1209 184 34 Concerte
1139 1209 38 33 in
1202 1208 200 45 Hamburg
1429 1207 142 43 leitete,
1599 1207 78 34 und

154 1270 99 34 Herr
279 1270 145 34 Böhme
453 1270 116 35 durch
599 1271 98 33 Frau
725 1269 182 34 Mathilde
937 1269 188 34 Marchesi
1155 1274 146 38 ersetzt,
1331 1268 144 35 welche
1498 1267 178 35 während

153 1330 129 35 sieben
302 1330 119 35 Jahre
450 1330 59 34 die
531 1330 305 45 Gesangclassen
864 1341 59 22 am
951 1330 333 34 Conservatorium
1315 1341 47 22 zu
1381 1330 112 34 Wien
1522 1328 155 47 geleitet

153 1390 65 35 hat
259 1390 76 35 und
377 1391 261 45 Sängerinnen
679 1395 123 28 ersten
845 1390 161 46 Ranges,
1049 1391 71 33 wie
1148 1390 222 34 Antoinette
1398 1390 136 43 Fricci,
1580 1389 97 33 Ilma

154 1449 168 44 Murska,
366 1450 176 34 Gabriele
572 1450 123 34 Kraus
738 1451 78 33 und
843 1451 165 34 Therese
1037 1451 181 45 Tietjens,
1248 1455 110 29 unter
1385 1450 106 34 ihren
1521 1449 134 35 Schüle-

153 1512 135 33 rinnen
316 1510 113 35 zählt.
527 1511 85 33 Den
639 1510 210 35 trefflichen
870 1511 248 34 Lehrkräften
1150 1511 287 46 entsprechend,
1465 1509 123 36 haben
1618 1509 59 34 die

155 1571 195 36 Resultate
392 1571 64 34 der
497 1570 139 36 Schule
679 1571 270 47 fortgefahren,
997 1571 187 35 durchaus
1227 1571 224 35 erfreuliche
1494 1582 47 22 zu
1584 1570 94 33 sein.

155 1632 131 35 Neben
314 1631 82 34 dem
421 1632 233 45 Contingent
680 1643 75 22 von
786 1632 86 34 acht
901 1632 196 46 tüchtigen
1129 1632 157 45 Geigen,
1321 1632 65 35 das
1415 1632 55 34 sie
1498 1631 83 33 dem
1609 1629 46 34 Or-

155 1694 149 34 chester
342 1704 155 23 unserer
526 1691 423 36 Gürzenich-Concerte
991 1691 114 46 stellt,
1153 1692 123 35 neben
1318 1690 360 47 achtungswerthen

156 1754 272 45 Sängerinnen,
468 1753 59 34 die
565 1754 54 32 sie
647 1754 59 32 für
736 1752 219 35 öffentliche
983 1752 298 38 Productionen.
1326 1752 78 33 und
1444 1751 233 45 gediegenen

155 1813 289 44 Musiklehrern,
489 1813 57 34 die
582 1813 54 33 sie
676 1813 60 33 für
765 1812 70 34 den
864 1813 370 34 Privat-Unterricht
1261 1810 257 36 fortwährend
1546 1810 111 33 heran-

155 1874 129 44 bildet,
315 1875 64 34 hat
407 1875 54 34 sie
490 1875 39 32 in
559 1872 142 35 diesem
729 1872 118 35 Jahre
876 1884 85 21 zum
990 1873 161 33 zweiten
1169 1872 101 35 Male
1299 1874 110 33 einen
1438 1871 100 34 ihrer
1560 1869 95 34 Schü-

153 1933 56 36 ler
238 1936 66 34 das
334 1935 237 46 Stipendium
602 1933 64 34 der
692 1932 232 34 frankfurter
953 1932 335 46 Mozart-Stiftung
1317 1933 258 44 davontragen
1602 1930 77 34 und

155 1994 79 35 drei
260 1996 100 33 ihrer
389 1994 159 35 Schüler
574 1992 376 35 Musik-Directoren
995 1993 38 32 in
1075 1992 253 44 rheinischen,
1373 2003 99 34 resp.
1501 1989 159 36 westfäli-

154 2055 117 35 schen
315 2054 158 36 Städten
513 2053 151 35 werden
708 2052 126 35 sehen.
941 2051 79 34 Das
1050 2050 347 46 Conservatorium,
1426 2050 65 35 das
1518 2050 52 33 im
1597 2059 63 24 ver-

153 2116 189 35 flossenen
370 2115 119 36 Jahre
516 2126 68 22 aus
613 2112 131 35 Gaben
773 2112 191 34 einzelner
983 2111 154 35 Gönner
1166 2111 84 34 dem
1271 2109 321 37 Gürzenichsaale
1619 2108 60 34 die

154 2176 258 46 Hauptzierde
442 2176 103 34 einer
573 2172 116 47 Orgel
717 2184 47 22 zu
800 2172 122 46 geben
965 2172 38 33 in
1030 2172 59 34 die
1117 2172 103 45 Lage
1265 2177 144 41 gesetzt
1436 2171 140 43 wurde,
1615 2170 65 34 hat

155 2237 97 34 auch
280 2238 38 31 in
348 2236 141 34 diesem
516 2234 119 35 Jahre
664 2245 75 22 von
760 2232 128 34 Seiten
918 2232 64 34 der
1004 2233 146 34 Herren
1172 2232 207 35 Geheimen
1399 2231 254 36 Commercien-

153 2297 83 34 rath
265 2296 90 36 Abr.
385 2295 250 46 Oppenheim,
667 2293 349 35 Commercienrath
1042 2291 47 36 V.
1120 2291 273 43 Wendelstadt,
1434 2291 118 34 Louis
1579 2290 75 33 Mer-

154 2363 93 37 tens,
279 2357 64 35 des
370 2356 136 35 kölner
528 2354 291 47 Sängerbundes
848 2353 77 34 und
953 2353 64 35 des
1484 2351 81 35 sich
1593 2361 65 23 aus-

153 2415 330 47 serordentlicher,
503 2427 86 23 zum
609 2413 111 35 Theil
748 2413 146 35 reicher
915 2412 315 48 Geldgeschenke
1258 2425 47 22 zu
1334 2413 173 33 erfreuen
1527 2410 150 47 gehabt.

155 2478 73 35 Die
257 2478 300 44 Unterstützung
587 2476 63 34 der
679 2474 117 44 Stadt,
826 2474 59 35 die
913 2474 176 46 Beiträge
1118 2474 64 34 der
1209 2474 187 34 Zeichner
1437 2472 123 35 haben
1596 2471 81 35 sich

154 2537 68 35 auf
245 2537 169 46 gleicher
442 2536 112 34 Höhe
582 2534 190 47 gehalten,
801 2534 77 34 und
906 2546 41 22 so
977 2533 84 35 darf
1087 2533 64 35 der
1179 2533 197 46 Hoffnung
1405 2532 65 34 des
1498 2533 159 33 Vorstan-

155 2598 64 35 des
247 2599 40 33 in
315 2597 65 35 der
409 2598 191 45 gestrigen
629 2594 475 46 General-Versammlung
1132 2594 235 46 beigetreten
1395 2593 163 45 werden,
1593 2593 85 33 dass

153 2659 40 34 in
222 2659 169 34 Zukunft
421 2657 83 34 dem
531 2655 212 35 trefflichen
762 2655 176 34 Institute
958 2655 106 35 nicht
1091 2666 71 22 nur
1191 2654 60 35 die
1277 2654 297 46 regelmässigen
1593 2653 65 34 Bei-

154 2725 150 29 steuern
333 2717 220 36 verbleiben
583 2715 161 43 werden,
775 2714 111 35 deren
917 2726 38 23 es
984 2726 47 22 zu
1059 2715 124 34 seiner
1210 2714 181 35 Existenz
1418 2713 144 47 bedarf,
1592 2724 66 23 son-

154 2780 91 34 dern
275 2779 83 35 dass
387 2790 39 24 es
455 2778 117 34 durch
610 2780 172 43 grössere
812 2775 267 47 Geldspenden
1127 2774 220 36 allmählich
1391 2775 40 33 in
1472 2774 59 34 die
1574 2774 103 46 Lage

154 2842 178 34 kommen
362 2844 123 42 möge,
529 2850 67 23 aus
640 2840 160 45 eigenen
828 2837 151 34 Mitteln
1024 2838 105 34 seine
1170 2836 306 35 künstlerischen
1517 2834 161 35 Zwecke

149 2903 79 34 und
256 2903 59 34 die
344 2900 245 46 Ausbildung
617 2899 65 35 des
711 2897 294 36 musicalischen
1033 2897 148 35 Lebens
1209 2908 156 24 unserer
1386 2895 217 36 Vaterstadt
1631 2907 48 23 zu

151 2963 207 36 erreichen.
1423 2958 64 44 (K.
1517 2957 57 41 Z.)

254 3033 97 33 Herr
382 3030 317 36 Concertmeister
740 3028 211 46 Leopold
993 3028 128 34 Auer
1163 3038 67 24 aus
1260 3027 229 34 Düsseldorf
1513 3026 74 47 gab
1617 3038 59 22 am

153 3095 34 36 5.
217 3094 34 34 d.
280 3094 87 34 Mts.
398 3092 84 35 eine
511 3091 127 34 Soiree
667 3090 53 33 im
750 3088 116 35 Hotel
896 3088 131 43 Disch,
1072 3089 39 32 in
1155 3087 165 36 welcher
1359 3100 39 22 er
1442 3088 119 35 durch
1604 3087 71 34 den

148 3155 165 44 Vortrag
341 3153 66 35 der
435 3151 281 35 Violinstimme
756 3151 38 31 in
825 3149 84 34 dem
941 3149 88 35 Duo
1059 3148 272 46 appassionato
1372 3149 61 34 für
1459 3148 218 34 Pianoforte

149 3215 79 35 und
257 3214 151 34 Violine
436 3224 74 23 von
540 3213 42 34 F.
612 3210 106 35 Hill
729 3222 64 32 er,
823 3210 64 34 der
916 3209 60 35 die
998 3208 301 37 Ciavierstimme
1324 3208 114 37 selbst
1467 3208 207 44 ausführte,

149 3278 126 33 ferner
304 3276 104 33 eines
436 3274 147 46 Adagio
612 3284 75 23 von
718 3271 172 47 Spohr,
922 3271 63 34 des
1007 3269 235 47 Perpetuum
1268 3269 132 37 mobile
1428 3282 77 23 von
1531 3269 117 46 Paga-

148 3337 123 43 nini,
302 3336 104 33 einer
434 3335 166 45 fugirten
629 3332 140 36 Sonate
797 3343 75 23 von
901 3331 124 35 Bach
1053 3332 77 34 und
1158 3332 249 35 Variationen
1435 3342 75 24 von
1538 3331 140 34 Ernst

151 3399 83 34 eine
263 3395 282 35 Meisterschaft
570 3394 206 43 bewährte,
819 3393 143 35 welche
1008 3393 79 35 sieb
1135 3393 117 35 durch
1295 3393 112 33 einen
1435 3389 127 37 vollen
1593 3391 83 33 Ton

149 3459 79 35 und
257 3457 189 35 eminente
468 3456 227 34 Virtuosität
724 3454 293 36 charakterisirt.
1049 3454 42 33 In
1112 3454 131 45 Bezug
1271 3454 68 33 auf
1364 3453 58 34 die
1444 3452 97 45 jetzt
1568 3450 88 37 über-

149 3518 101 35 hand
279 3515 211 36 nehmende
518 3515 124 41 Mode,
685 3513 210 36 Bach'sche
923 3515 131 45 Fugen
1091 3513 78 35 und
1197 3513 130 35 Musik
1360 3511 198 36 ähnlicher
1587 3511 68 35 Gat-

149 3584 96 40 tung
274 3579 38 31 in
343 3576 269 36 Concerten
655 3586 47 22 zu
737 3574 157 46 spielen,
936 3574 155 34 können
1119 3574 69 34 wir
1215 3574 60 34 die
1302 3572 241 46 Bemerkung
1571 3571 107 34 nicht

151 3637 287 43 zurückhalten,
470 3636 85 34 dass
584 3635 59 34 die
664 3635 171 34 Beweise
865 3646 74 23 von
959 3634 226 34 Virtuosität
1212 3634 40 33 in
1273 3632 308 46 Ueberwindung
1611 3632 65 34 der

152 3697 340 47 Schwierigkeiten
523 3696 122 35 dieser
672 3694 129 36 Musik
843 3694 205 47 eigentlich
1077 3694 95 35 doch
1202 3694 107 35 nicht
1336 3704 69 25 vor
1439 3692 66 36 das
1546 3704 130 35 grosse

151 3760 202 35 Publicum
381 3759 180 46 gehören.
616 3758 73 33 Die
718 3756 151 35 Violine
912 3757 48 34 ist
1000 3755 90 35 kein
1118 3756 234 34 Instrument
1378 3755 60 34 für
1465 3754 189 35 mehrstim-

151 3823 99 45 mige
280 3820 334 46 Compositionen;
662 3818 67 33 wir
767 3817 195 47 gestehen,
1005 3817 84 34 dass
1117 3816 60 34 die
1204 3816 342 46 Hervorbringung
1574 3816 104 33 einer

151 3884 117 34 Reihe
296 3893 77 24 von
401 3879 213 46 Accorden,
657 3876 145 37 welche
845 3877 65 34 der
937 3877 117 34 Natur
1097 3876 63 35 der
1190 3876 121 35 Sache
1345 3877 97 34 nach
1472 3875 96 36 doch
1597 3876 59 34 nie-

151 3943 96 35 mals
274 3944 37 33 in
342 3944 120 33 einem
501 3939 167 47 völligen
698 3941 239 44 Zusammen,
982 3937 162 35 sondern
1187 3938 133 34 immer
1362 3949 71 23 nur
1473 3937 39 33 in
1552 3936 125 33 einem

151 4017 109 23 wenn
290 4003 97 37 auch
415 4003 156 47 rapiden
599 4001 290 37 Nacheinander
918 3999 209 47 erklingen,
1169 4000 68 34 auf
1266 4010 73 24 uns
1379 3997 159 36 niemals
1566 3998 112 33 einen

150 4066 435 35 musicalisch-schönen
607 4064 195 34 Eindruck
824 4061 178 48 gemacht
1021 4061 75 43 hat,
1125 4060 79 34 und
1233 4060 171 36 dasselbe
1431 4061 49 33 ist
1508 4059 64 34 der
1593 4057 85 35 Fall

151 4129 67 33 mit
247 4128 71 34 den
349 4127 247 47 dreistimmig
635 4125 89 35 oder
761 4136 66 35 gar
864 4124 250 47 vierstimmig
1150 4124 166 46 fugirten
1345 4124 149 38 Sätzen.
1550 4122 127 35 Kritik

1774 312 76 33 und
1887 312 86 34 sehr
2009 314 326 45 achtungswerthe
2364 317 180 35 Künstler
2583 320 115 34 eifern
2745 333 120 34 gegen
2900 322 59 35 die
2988 324 290 47 Scbausteliung

1774 371 64 34 der
1865 372 245 34 technischen
2140 374 207 46 Wertigkeit
2387 377 38 32 in
2454 378 346 36 Bravourstücken:
2844 380 99 37 kann
2973 383 98 35 denn
3101 383 88 34 aber
3216 384 63 34 der

1778 431 191 44 Umstand,
2000 432 84 35 dass
2111 432 61 34 bei
2200 433 70 34 den
2299 435 386 46 contrapunktischen
2715 440 361 38 Virtuosenstücken
3106 443 63 34 der
3198 443 54 34 Mu-

1773 489 101 35 siker
1902 489 78 34 und
2005 491 154 33 Kenner
2187 491 57 34 die
2273 492 132 35 Arbeit
2432 493 68 34 mit
2527 494 181 36 Interesse
2737 499 173 46 verfolgt,
2947 503 82 32 eine
3058 501 202 35 Rechtferti-

1772 561 105 34 gung
1917 549 63 34 der
2020 550 231 34 Production
2296 552 50 33 im
2376 551 185 36 Concerte
2603 554 192 47 abgeben?
2851 559 71 34 Die
2950 561 172 33 Antwort
3150 559 134 35 darauf

1773 612 110 42 möge
1913 608 119 34 dieses
2061 608 88 43 Mal,
2179 610 223 45 umgekehrt
2430 611 70 35 wie
2529 619 115 38 sonst,
2681 615 81 34 eine
2790 617 123 46 Frage
2940 618 132 46 geben,
3115 619 167 34 nämlich

1775 668 80 35 die:
1895 668 129 46 „Wird
2053 668 60 34 die
2149 669 184 45 gedachte
2363 671 260 46 Composition
2651 685 63 22 um
2742 675 99 35 ihrer
2869 677 116 35 selbst
3013 678 137 43 willen,
3194 679 89 34 oder

1774 738 85 23 zum
1900 728 170 33 Beweise
2112 726 64 35 der
2217 729 244 34 technischen
2505 731 209 45 Fertigkeit
2757 735 198 45 gespielt?*
2955 736 9 18 4
3079 737 84 34 Und
3204 749 76 22 nun

1773 787 145 34 kommt
1945 787 61 34 bei
2033 787 64 34 der
2126 787 150 35 Violine
2304 788 126 47 hinzu,
2461 790 84 34 dass
2573 792 83 33 eine
2684 792 99 35 ihrer
2811 794 199 36 schönsten
3038 797 220 45 Eigenschaf-

1772 851 77 42 ten,
1878 846 58 34 die
1966 846 188 46 Wirkung
2184 846 62 35 der
2274 848 344 47 Doppelgriffe
2656 863 89 23 von
2773 855 113 33 zwei
2913 856 176 42 Tönen,
3119 855 163 35 dadurch

1772 905 206 35 überboten
2009 905 77 34 und
2114 906 201 46 verdrängt
2345 908 102 35 wird.
2503 909 89 33 Man
2621 909 121 36 denke
2786 924 72 23 nur
2900 925 46 22 an
2975 914 70 35 den
3073 914 210 36 herrlichen

1772 965 195 35 Eindruck
2009 966 122 33 dieser
2172 966 258 47 Doppelgriffe
2474 981 31 24 z.
2542 970 43 34 B.
2627 971 39 33 in
2707 971 152 46 Spohr's
2896 975 267 46 Gesangscene
3204 976 76 34 und

1772 1025 146 35 überall
1947 1026 57 43 da,
2051 1037 56 23 wo
2138 1026 54 34 sie
2219 1027 95 34 nach
2344 1027 63 35 der
2435 1030 198 34 einlachen
2661 1031 175 48 Melodie,
2879 1034 59 34 die
2966 1035 65 34 das
3059 1035 225 46 eigentliche

1773 1086 142 35 Wesen
1942 1086 64 34 der
2035 1086 149 34 Violine
2213 1087 58 43 ist,
2301 1088 205 35 eintreten!
2562 1091 110 33 Auch
2708 1092 122 46 Spohr
2874 1106 123 23 waren
3034 1096 89 44 jene
3151 1094 133 35 Bach'-

1772 1146 117 34 schen
1919 1146 167 34 Sonaten
2114 1147 76 33 und
2217 1147 131 45 Fugen
2377 1148 234 46 keineswegs
2641 1150 236 46 unbekannt;
2919 1165 38 22 er
2984 1154 88 35 liess
3100 1156 52 33 sie
3182 1156 101 33 seine

1774 1204 157 36 Schüler
1959 1205 157 46 spielen,
2145 1206 76 34 und
2249 1209 68 31 wir
2346 1207 121 34 haben
2495 1209 53 33 sie
2576 1220 74 23 von
2680 1211 121 33 einem
2829 1213 64 33 der
2919 1214 231 45 tüchtigsten
3178 1221 107 27 unter

1773 1265 140 44 diesen,
1959 1265 94 35 Karl
2091 1266 148 44 Probst,
2282 1268 39 32 in
2361 1267 70 34 den
2475 1265 94 39 1820
2569 1265 47 39 er
2643 1270 143 35 Jahren
2816 1273 313 36 Concertmeister
3156 1275 38 33 in
3223 1274 63 34 der

1781 1325 227 46 Hofcapelle
2040 1337 46 23 zu
2115 1326 160 43 Dessau,
2318 1327 53 33 oft
2405 1326 152 46 gehört:
2602 1327 89 36 aber
2718 1331 53 33 sie
2800 1331 194 35 öffentlich
3021 1332 55 36 als
3103 1335 161 33 Bravour-

1773 1386 133 35 stücke
1935 1399 47 22 zu
2007 1387 228 46 produciren
2264 1387 89 35 oder
2380 1389 224 45 produciren
2634 1402 45 22 zu
2708 1390 134 45 lassen,
2886 1392 61 35 fiel
2976 1393 77 34 ihm
3081 1394 103 34 nicht
3213 1394 72 36 ein.

1851 1448 73 33 Die
1953 1448 147 33 Herren
2127 1446 101 35 Hill
2240 1458 46 23 er
2322 1449 77 32 und
2426 1449 32 33 R
2470 1448 143 35 udorf
2623 1450 17 33 f
2663 1456 134 41 trugen
2825 1452 78 35 drei
2931 1453 242 46 vierhändige
3203 1453 63 35 Cla-

1772 1506 217 35 vierstücke
2016 1518 75 24 von
2115 1507 202 34 Rudorff
2341 1519 77 31 vor,
2451 1509 74 33 und
2553 1509 98 33 Herr
2678 1510 129 35 Wolf
2832 1523 92 35 sang
2954 1514 58 33 die
3035 1514 249 34 Tenor-Arie:

1774 1568 118 43 „Dies
2141 1578 37 23 u.
2200 1578 28 23 s.
2260 1579 45 24 w.
2334 1578 75 23 von
2437 1568 158 37 Mozart.
2651 1570 197 34 Letzteren
2891 1575 150 32 müssen
3082 1576 67 31 wir
3189 1575 77 33 erin-

1774 1639 106 32 nern,
1924 1627 86 35 dass
2040 1638 110 23 wenn
2180 1629 60 32 ein
2270 1628 145 46 Sänger
2443 1640 59 23 am
2532 1629 178 35 Schlüsse
2739 1631 65 35 das
2827 1632 203 44 jedenfalls
3057 1634 231 45 ungehörige

1774 1688 97 35 hohe
1899 1686 20 35 b
1948 1688 69 33 mit
2045 1687 64 34 der
2136 1688 113 34 Brust
2276 1689 145 42 nimmt,
2452 1689 77 34 ihm
2549 1689 191 36 allenfalls
2760 1691 101 36 diese
2881 1693 192 43 Eitelkeit,
3103 1705 61 22 um
3184 1695 102 33 seine

1774 1747 156 35 Stimme
1959 1759 47 22 zu
2034 1748 144 44 zeigen,
2220 1747 198 35 verziehen
2461 1749 148 34 werden
2651 1749 148 36 könne:
2846 1752 171 36 dasselbe
3047 1753 20 35 b
3095 1753 87 34 aber
3220 1755 68 33 mit

1775 1810 84 33 dem
1887 1808 129 35 Falset
2044 1818 236 37 genommen,
2312 1809 91 34 wird
2430 1810 186 46 geradezu
2644 1810 219 38 lächerlich.

1878 1878 73 33 Am
1980 1878 243 44 Donnerstag
2251 1878 70 33 den
2352 1876 35 38 7.
2414 1878 33 33 d.
2477 1879 87 35 Mts.
2605 1880 122 46 gaben
2769 1883 98 34 Herr
2907 1883 76 35 und
3023 1884 101 34 Frau
3168 1884 90 34 Mar-

1775 1937 137 35 chesi
1952 1937 52 33 im
2033 1936 114 34 Hotel
2174 1937 116 34 Discb
2328 1937 58 33 ihr
2423 1939 151 34 zweites
2602 1939 243 38 historisches
2875 1942 171 44 Concert,
3090 1945 116 33 worin
3236 1945 52 33 sie

1776 1998 59 34 die
1864 1996 270 45 Entwicklung
2175 1997 63 34 der
2265 1998 90 33 Arie
2393 1998 76 33 und
2510 1999 63 33 des
2601 2000 135 35 Duetts
2780 2013 73 22 von
2882 2000 166 48 Porpora
3075 2001 127 49 (1735)
3232 2003 56 35 bis

1776 2058 153 34 Rossini
1948 2056 118 36 durch
2085 2057 81 34 ihre
2188 2057 181 45 Vorträge
2394 2058 246 35 anschaulich
2663 2060 186 35 machten.
2877 2062 73 35 Die
2969 2063 145 33 Herren
3136 2063 150 43 Seiss,

1777 2118 281 34 Gernsheim
2101 2116 77 34 und
2206 2117 210 34 Rudorff
2439 2121 273 32 unterstützten
2760 2120 65 35 das
2858 2121 275 47 Künstlerpaar
3172 2123 116 34 durch

1776 2177 183 45 Vorträge
1986 2178 68 33 auf
2078 2177 84 33 dem
2189 2177 231 35 Pianoforte.
2474 2179 134 34 Leider
2635 2191 124 23 waren
2788 2182 68 33 wir
2896 2182 116 34 durch
3043 2182 244 36 Unwohlsein

1773 2237 227 44 verhindert,
2042 2238 83 34 dem
2169 2239 273 33 interessanten
2472 2239 184 35 Concerte
2696 2240 288 47 beizuwohnen,
3030 2242 132 36 dessen
3191 2245 68 33 Pro-

1774 2309 144 35 gramm
1947 2299 203 46 durchweg
2179 2300 67 33 mit
2272 2311 167 34 grossem
2468 2300 159 35 Beifalle
2664 2302 218 45 ausgeführt
2911 2303 149 34 worden
3088 2306 80 31 sein
3196 2304 90 36 soll.

1881 2472 266 47 (Jobidiz,
2178 2471 36 37 4.
2247 2473 219 35 December.
2513 2474 84 35 Ihre
2625 2476 178 45 Majestät
2832 2476 58 36 die
2919 2477 169 46 Königin
3117 2478 173 46 Augusta

1776 2536 196 34 zeichnete
2018 2535 118 34 durch
2180 2536 60 32 ein
2282 2534 214 36 huldvolles
2524 2536 332 47 Ehrengeschenk,
2898 2538 82 34 eine
3009 2538 179 34 Garnitur
3215 2549 73 24 von

1775 2596 179 47 Knöpfen
1996 2598 68 32 mit
2091 2595 223 44 Brillanten,
2355 2596 71 34 den
2469 2598 175 34 Director
2690 2598 64 35 des
2793 2598 329 43 Musik-Instituts,
3165 2599 125 34 Herrn

1773 2657 108 34 Max
1916 2657 173 43 Bruch,
2119 2668 78 32 aus,
2239 2656 163 36 welches
2431 2657 62 35 Sie
2522 2658 77 34 ihm
2627 2670 68 23 vor
2722 2659 103 34 Ihrer
2852 2657 157 36 Abreise
3037 2659 97 33 nach
3161 2658 128 35 Berlin

1778 2718 61 47 „in
1866 2718 287 46 Anerkennung
2194 2719 123 33 seiner
2357 2718 168 35 schönen
2851 2733 47 22 zu
2943 2722 234 36 übersenden
3223 2735 42 33 ge-

1775 2779 118 35 ruhte.
1922 2780 45 34 In
1997 2779 82 35 dem
2108 2779 491 35 Abonnements-Concerte
2627 2782 36 32 in
2693 2781 149 47 voriger
2872 2783 142 36 Woche
3044 2784 153 34 wurden
3226 2783 57 34 die

1779 2841 171 46 „Scenen
1977 2852 68 22 aus
2073 2840 65 34 der
2164 2840 155 45 Frithj
2333 2840 71 34 ofs
2420 2840 48 34 -S
2616 2853 72 23 von
2714 2842 50 36 M.
2794 2843 125 35 Bruch
2966 2845 65 33 mit
3068 2856 93 34 ganz
3200 2855 63 23 aus-

1774 2901 335 34 serordentlichem
2131 2900 152 46 Erfolge
2312 2901 188 46 gegeben;
2531 2903 82 34 eine
2635 2904 258 47 Vereinigung
2922 2916 67 24 aus
3018 2904 69 35 den
3116 2905 169 45 hiesigen

1774 2961 514 46 Männer-Gesangvereinen
2318 2961 139 35 bildete
2486 2962 69 34 den
2586 2963 112 44 Chor,
2743 2964 59 35 die
2832 2965 79 34 Soli
2939 2977 140 34 sangen
3109 2965 176 35 Fräulein

1775 3022 130 34 Elise
1933 3021 193 47 Rempel
2155 3033 66 23 aus
2250 3021 100 34 Köln
2390 3023 76 33 und
2494 3023 98 34 Herr
2620 3024 213 35 Bertram
2871 3036 86 23 vom
2986 3026 223 35 Hoftheater
3238 3038 45 22 zu

1776 3082 243 45 Wiesbaden,
2063 3083 76 35 und
2174 3083 143 34 erwarb
2345 3083 229 35 namentlich
2604 3084 63 34 der
2696 3085 310 36 ausdrucksvolle
3036 3087 160 46 Vortrag
3223 3086 64 34 der

1777 3143 175 46 Gesänge
1980 3144 64 34 der
2339 3144 63 33 der
2429 3144 186 46 Sängerin
2643 3144 190 36 lebhaften
2862 3146 148 36 Beifall.
3039 3148 78 33 Der
3144 3146 119 35 Enthu-

1776 3204 160 34 siasmus
1965 3204 65 35 des
2056 3204 221 34 Publicums
2307 3215 76 22 war
2420 3215 106 35 gross
2568 3205 75 35 und
2672 3206 205 35 offenbarte
2921 3207 81 34 sich
3048 3207 93 34 nach
3180 3206 106 45 jeder

1774 3263 179 36 Nummer
1981 3263 117 36 durch
2127 3264 249 35 stürmischen
2406 3264 182 47 Applaus.

1877 3443 125 34 Herrn
2029 3442 325 35 Musik-Director
2381 3442 150 34 Jähns
2561 3443 35 32 in
2626 3441 128 35 Berlin
2783 3443 63 35 hat
2874 3444 64 34 der
2964 3454 73 23 von
3067 3442 75 33 ihm
3170 3441 97 47 gelei-

1774 3508 76 31 tete
1880 3504 281 45 Gesangverein
2202 3503 61 34 bei
2305 3504 64 34 der
2396 3504 110 35 Feier
2546 3506 123 35 seines
2705 3506 251 45 zwanzigsten
2986 3505 293 45 Stiftungstages

1776 3566 111 33 einen
1914 3563 220 47 Tactstock,
2164 3566 59 32 ein
2252 3565 144 33 wahres
2419 3564 228 34 Kunstwerk
2678 3577 67 23 aus
2773 3565 63 35 der
2856 3565 206 35 Werkstatt
3088 3565 64 34 der
3173 3564 91 34 Gold-

1776 3624 161 37 arbeiter
1966 3625 52 47 Sy
2046 3625 77 34 und
2153 3626 164 44 Wagner
2345 3624 228 35 überreicht.
2628 3625 99 34 Herr
2754 3625 125 35 Jähns
2906 3626 46 34 ist
2981 3625 55 35 als
3065 3626 59 34 ein
3154 3624 110 35 enthu-

1776 3685 219 37 siastischer
2023 3685 184 35 Verehrer
2235 3684 42 34 C.
2307 3685 50 33 M.
2387 3696 74 24 von
2492 3685 171 35 Weber's
2704 3685 186 36 bekannt:
2936 3697 40 23 er
3012 3685 172 35 sammelt
3212 3683 71 35 alle

1775 3746 203 47 Reliquien
2007 3746 65 35 des
2100 3746 185 46 Meisters,
2329 3747 64 32 hat
2434 3746 65 34 das
2527 3746 202 36 Landhaus
2759 3746 195 36 desselben
2984 3758 46 23 zu
3058 3746 227 35 Hösterwitz

1775 3809 60 34 bei
1863 3807 170 36 Dresden
2074 3808 68 33 mit
2183 3807 101 34 einer
2312 3806 101 46 Lyra
2448 3807 250 45 geschmückt
2726 3819 37 23 u.
2793 3819 29 26 s.
2853 3820 44 22 w.
2958 3808 80 34 Ihm
3067 3806 215 35 verdanken

1776 3870 67 33 wir
1871 3869 98 34 auch
1998 3869 60 34 die
2086 3867 290 46 chronologisch
2405 3868 229 45 geordneten
2665 3869 374 35 Verzeichnisse
3080 3868 65 34 der
3173 3868 91 33 musi-

1776 3930 191 35 calischen
2010 3929 76 35 und
2124 3928 261 35 literarischen
2414 3929 179 34 Arbeiten
2635 3941 74 22 von
2740 3929 40 34 C.
2810 3930 51 34 M.
2891 3940 71 23 von
2993 3929 138 34 Weber
3155 3930 37 34 in
3223 3929 64 34 der

1774 3990 229 47 Biographie
2034 3989 191 37 desselben
2256 4000 74 23 von
2360 3990 89 33 Max
2479 3990 121 33 Maria
2627 4001 73 22 von
2731 3989 146 35 Weber.
