5344 7429
5003 7190 24 38 5

841 4723 254 86 César
1161 4726 261 88 Klein:
1475 4754 652 68 Originalholzschnitt

238 5428 82 52 ob
348 5444 56 37 es
433 5429 112 53 sich
580 5446 89 35 um
702 5431 182 63 Maler,
919 5432 301 64 Bildhauer,
1254 5436 341 53 Architekten
1630 5438 131 51 oder

248 5511 477 68 Kunstgewerbler

387 5596 105 64 „So
537 5597 360 54 charakterlos
937 5599 118 51 iund
1104 5600 286 54 unkritisch
1435 5620 57 35 es
1535 5621 67 34 an
1647 5605 109 52 sich

403 5680 141 58 /über
592 5682 193 67 Dinge,
833 5684 92 52 die
972 5699 122 37 man
1143 5684 170 53 seines
1359 5688 397 53 romantischen

247 5763 233 53 Geblüts
524 5774 190 59 (wegen
764 5767 149 52 nicht
961 5767 249 63 versteht,
1261 5785 65 35 zu
1376 5771 237 62 urteilen,
1661 5789 95 47 „so

240 5848 125 51 sehr
408 5848 62 53 ist
508 5866 57 36 es
608 5851 88 51 für
737 5853 71 50 sie
1428 5853 159 52 Denn
1634 5872 120 35 man

244 5931 284 53 bekommt
559 5934 162 52 dafür
757 5936 237 62 bezahlt;
1030 5935 145 63 „und
1211 5935 82 52 ich
1330 5936 89 52 bin
1456 5936 96 52 der
1585 5938 168 63 letzte,

243 6016 94 51 der
377 6018 222 51 solchen
643 6020 342 53 Mensche
1006 6038 31 34 n
1177 6020 86 53 die
1337 6036 190 37 unsere
1572 6022 188 52 Arbeit

240 6101 292 64 angreifen,
580 6103 180 62 „nicht
798 6105 121 51 eine
964 6106 128 52 fette
1137 6104 279 53 Leibrente
1459 6106 295 53 wünschen

242 6185 213 60 würde;
488 6185 144 63 aber,
671 6186 161 53 Hand
864 6188 121 52 aufs
1023 6189 154 62 Herz,
1214 6205 108 36 was
1353 6188 280 68 geschieht
1665 6190 61 51 da-

235 6267 101 50 mit
372 6267 87 51 für
497 6270 84 51 die
624 6270 211 57 Kunst?
889 6271 113 53 Gar

383 6352 83 53 Sie
519 6354 173 52 haben
742 6356 89 51 die
882 6357 189 61 „Neue
1486 6358 76 52 als
1609 6357 108 65 „De-

882 6456 63 37 so
978 6445 100 62 gut
1113 6443 345 65 gebrauchen
1498 6443 215 51 können
1732 6444 22 48 ?

240 6519 146 61 Nun,
431 6519 87 51 für
560 6523 349 53 tendenziöse
949 6525 239 52 Zwecke.
1278 6527 147 51 Aber
1468 6528 94 51 wir
1630 6527 121 51 sind

242 6604 261 50 trotzdem
547 6604 146 54 nicht
729 6622 62 36 so
835 6607 157 52 leicht
1032 6609 211 62 faßlich,
1284 6610 145 52 denn
1472 6610 97 63 Sie,
1616 6611 137 51 Herr

238 6685 240 63 Kritiker,
532 6687 173 52 haben
753 6706 104 35 nns
906 6692 82 50 bis
1038 6692 158 53 heute
1247 6694 138 52 noch
1437 6694 148 55 nicht
1661 6695 60 52 be-

235 6770 196 66 griffen
452 6773 8 47 !
525 6770 126 63 „Als
696 6774 183 61 Maler,
929 6775 88 52 die
1060 6777 111 51 sich
1222 6778 193 69 täglich
1462 6784 146 47 ernst
1657 6781 94 52 mit

238 6855 137 52 ihrer
420 6854 189 53 Arbeit
654 6854 382 70 beschäftigen,
1082 6860 121 52 sind
1249 6863 96 50 wir
1386 6863 172 51 sicher
1603 6863 148 55 nicht

234 6939 231 65 geneigt,
536 6938 149 52 einer
729 6937 415 71 Anrempelung
1218 6944 373 55 übertriebene
1654 6946 63 54 Be-

227 7023 255 66 deutung
530 7023 384 62 beizumessen,
964 7025 110 51 und
1123 7027 233 56 nehmen
1406 7029 86 51 die
1539 7029 206 54 Herren

1894 5439 492 54 Literaturkommis
2457 5472 64 4 —
2568 5440 140 52 auch
2763 5456 155 36 wenn
2971 5442 77 51 sie
3109 5441 111 54 sich
3286 5442 117 50 eine

1896 5523 551 56 Kunstfreundschaft
2496 5523 94 54 mit
2637 5523 395 67 Michelangelo
3087 5526 109 51 und
3249 5524 117 58 Rem-

1894 5606 210 62 brandt,
2164 5609 183 50 Manet
2407 5607 109 51 und
2575 5605 353 54 Liebermann
2987 5607 271 53 einbilden
3320 5638 79 31 —,

1893 5689 79 52 als
2049 5692 119 61 tdais,
2257 5705 107 38 was
2449 5692 75 51 sie
2599 5689 291 67 eigentlich
2971 5692 121 51 sind
3178 5723 65 4 —
3325 5691 75 52 als

1892 5775 185 61 nichts,
2125 5775 73 52 als
2243 5776 339 66 Tagelöhner
2629 5776 110 50 und
2790 5776 231 56 Kärrner
3066 5777 68 50 im
3183 5776 192 53 Blätter-

1889 5859 138 51 wald
2074 5859 93 52 der
2209 5859 205 66 großen

2034 5943 73 51 Im
2141 5943 168 61 Ernst,
2336 5958 58 38 es
2418 5942 117 66 gibt
2562 5941 172 55 nichts
2764 5941 493 68 Ueberflüssigeres
3284 5943 112 51 und

1890 6025 172 52 nichts
2101 6026 373 57 Komischeres
2508 6026 78 53 als
2620 6025 507 64 Literaturkommis,
3164 6027 87 52 die
3287 6027 107 52 sich

1888 6109 73 51 als
1992 6111 309 62 Menschen,
2335 6112 84 50 die
2451 6127 107 35 was
2590 6128 64 34 zu
2686 6127 163 50 sagen
2883 6111 191 62 haben,
3106 6112 290 66 gebärden,

1889 6194 111 50 und
2050 6209 54 36 es
2154 6194 138 52 kann
2372 6195 87 51 für
2537 6195 83 52 die
2694 6195 181 51 wahre
2951 6195 180 57 Kunst
3208 6196 188 50 keinen

1884 6275 375 54 schlimmeren
2292 6278 244 54 Schaden
2568 6278 192 66 geben,
2789 6279 77 51 als
2898 6279 84 52 die
3012 6279 185 61 vielen,
3228 6278 168 55 vielen

1889 6360 237 62 Kritiker,
2174 6363 98 61 die,
2321 6362 123 54 halb
2494 6362 373 67 Hochstapler,
2918 6362 124 52 halb
3091 6363 124 52 Don
3264 6362 99 61 Qui-

1886 6444 220 62 chottes,
2154 6445 79 51 ihr
2280 6448 246 51 unreines
2573 6446 267 53 Gewerbe
2886 6446 292 53 betreiben.

2028 6528 159 51 Noch
2239 6530 114 51 eine
2406 6532 181 66 Frage,
2642 6532 138 50 Herr
2830 6530 311 52 Westheim.
3210 6532 147 55 Könn-

1885 6615 85 49 ten
2007 6611 83 53 Sie
2126 6615 98 50 mir
2259 6615 270 62 mitteilen,
2567 6615 72 53 ob
2673 6615 84 52 Sie
2789 6615 138 52 auch
2966 6615 137 52 mich
3140 6615 96 52 mit
3269 6616 122 51 dem

1885 6694 198 53 Schluß
2133 6696 143 52 Ihres
2323 6696 243 65 Artikels,
2613 6714 97 36 vor
2753 6698 156 52 allem
2953 6698 129 52 aber
3127 6700 94 50 mit
3267 6699 121 50 dem

1882 6781 156 50 Wort
2964 6814 64 5 —
3105 6783 117 51 ihre
3298 6782 63 52 Be-

1878 6864 277 66 stätigung
2194 6868 142 49 wäre
2378 6865 98 53 mir
2514 6869 122 50 eine
2675 6866 168 67 große
2888 6867 220 62 Freude,
3156 6867 108 51 und
3310 6866 81 51 ich

1879 6947 188 53 würde
2111 6948 165 53 Ihnen
2321 6948 170 54 durch
2533 6951 156 51 einen
2735 6949 259 67 kräftigen
3043 6951 349 65 Handschlag

1882 7031 172 53 meine
2101 7030 366 55 Dankbarkeit
2513 7033 292 66 bezeugen.

3681 5450 72 50 Im
3806 5450 183 52 selben
4047 5451 142 61 Heft,
4245 5453 48 50 in
4350 5451 330 63 „Gedanken
4737 5453 134 51 über
4922 5455 98 50 zeit-

3534 5532 226 64 gemäße
3803 5533 108 52 und
3953 5534 405 70 unzeitgemäße
4401 5534 236 63 Kunst'V
4662 5535 205 68 spricht
4908 5536 136 52 Herr

3537 5614 168 52 Maler
3736 5616 126 50 Max
3895 5616 305 53 Beckmann
4236 5617 176 62 „nicht
4441 5616 571 56 ohne-'Selbstbewußt-

3725 5698 132 54 über
3897 5702 115 50 eine
4058 5702 186 61 Kunst,
4290 5702 83 52 die
4412 5715 58 39 er
4510 5704 74 50 als
4623 5702 88 56 die
4749 5704 179 66 einzig
4962 5720 54 38 er-

3535 5781 180 54 laubte
3761 5784 276 52 hinstellen
4086 5785 228 61 möchte,
4390 5786 230 51 nämlich
4696 5787 133 52 über
4898 5789 146 51 seine

3534 5866 199 65 eigene.

3675 5952 66 49 Er
3774 5950 235 53 schreibt
4046 5952 67 50 da
4152 5967 105 35 von
4298 5952 278 56 Cezanne:
4617 5954 187 63 „Seine
4839 5955 170 51 schwa-

3532 6033 134 52 chen
3704 6033 203 52 Sachen
3948 6035 409 52 unterscheiden
4393 6037 110 52 sich
4542 6039 178 66 wenig
4755 6054 105 36 von
4899 6039 145 52 einer

3530 6117 501 67 geschmackvollen
4080 6119 198 68 Tapete
4355 6122 132 50 oder
4560 6122 173 51 einem
4785 6121 254 63 Gobelin,

3529 6200 256 53 während
3831 6200 147 53 seine
4018 6205 169 62 guten
4237 6202 180 54 Bilder
4462 6205 171 51 durch
4680 6205 86 53 die
4813 6206 231 66 größere

3529 6284 352 52 Sachlichkeit
3933 6285 115 52 iind
4119 6285 240 54 dadurch
4434 6286 255 73 bedingte
4747 6289 291 52 räumliche

3542 6367 130 53 Tiefe
3725 6367 224 51 herrlich
3998 6370 138 61 sind,
4186 6370 337 67 gleichzeitig
4570 6372 171 66 ewige
4790 6372 214 52 Mensch-

3529 6451 403 52 lichkeitswerte
3966 6454 49 50 in
4052 6452 111 53 sich
4202 6455 271 53 enthalten
4514 6455 111 52 und
4664 6455 140 54 doch
4843 6455 197 53 wieder

3529 6533 206 68 typisch
3781 6535 120 51 sind
3949 6535 89 51 für
4083 6537 86 51 die
4219 6537 231 67 Gegend
4501 6539 111 51 und
4662 6539 84 51 die
4793 6539 127 62 Zeit,
4984 6541 50 51 in

3527 6619 92 50 der
3661 6634 54 35 er
3993 6651 63 6 —
4119 6618 4 52 •
4593 6633 10 5 '

3665 6701 130 63 Wie,
3828 6719 157 37 wenn
4020 6703 81 53 ich
4137 6720 110 36 nun
4282 6706 93 51 das
4409 6704 284 68 Gegenteil
4727 6706 307 66 behaupte?

3523 6786 259 66 Meinung
3816 6802 175 51 gegen
4026 6788 278 66 Meinung,
4342 6789 137 55 Herr
4512 6788 322 54 Beckmann.
4883 6788 151 53 Oder

3523 6871 207 50 stützen
3777 6867 83 54 Sie
3903 6870 112 52 sich
4060 6870 95 54 auf
4197 6870 379 55 Autoritäten?

3660 6953 134 54 War
3829 6970 56 39 es
3926 6954 266 53 vielleicht
4230 6956 138 51 Herr
4407 6956 130 51 Paul
4578 6955 271 52 Cassirer?
4906 6956 92 51 Die-

3519 7046 85 42 ser
3644 7036 136 53 Herr
3821 7035 89 55 hat
3948 7038 83 52 Sie
4067 7040 53 64 ja
4157 7039 136 51 auch
4327 7029 96 62 bki
4456 7040 96 51 der
4589 7038 309 67 Eröffnung
4931 7040 100 55 der
