2309 3825
163 234 55 52 96

780 243 145 29 COURS
960 243 57 28 DU
1052 233 201 37 COLLÈGE
1285 241 57 28 DE
1374 241 170 28 FRANCE

163 343 216 51 matique,
402 347 181 34 attester
604 351 55 27 en
682 334 392 44 Extrême-Orient
1094 332 265 44 l'harmonie
1382 334 76 42 des
1479 333 212 43 nombres
1708 334 380 53 pythagoriciens.
2107 332 55 42 Et

164 418 109 33 cette
306 409 248 53 hypothèse
591 419 54 28 ne
686 418 71 30 me
787 409 143 48 paraît
971 418 80 39 pas
1090 407 91 38 être
1217 418 60 26 un
1316 411 142 33 conte.
1495 416 20 25 »
1552 402 165 43 Faut-il
1752 404 221 38 souscrire
1998 406 20 36 à
2057 411 109 31 cette

164 480 224 51 opinion?
419 476 37 41 Y
489 475 122 41 a-t-il
642 487 86 28 une
749 482 125 33 autre
895 474 198 39 manière
1131 471 274 53 d'expliquer
1500 485 55 27 en
1589 471 287 41 considérant
1917 471 39 39 la
1982 484 180 36 gamme

166 560 171 28 comme
360 560 59 26 un
438 543 78 41 fait
536 542 172 41 naturel
807 550 110 33 cette
940 542 209 50 analogie
1166 550 123 32 entre
1310 539 40 42 le
1369 546 195 47 système
1592 553 104 37 grec
1718 548 41 32 et
1782 539 38 40 le
1846 545 192 46 système
2069 539 72 40 chi-

166 616 99 40 nois
282 619 17 35 ?
320 613 119 41 C'est
460 625 84 27 une
566 612 207 52 question
795 611 108 40 dont
920 612 38 51 je
982 616 173 35 réserve
1179 609 215 42 l'examen
1418 623 112 39 pour
1549 609 100 52 plus
1676 609 112 40 tard.
1811 607 68 40 En
1904 616 94 32 tout
2018 620 89 37 cas,
2133 607 30 40 il

164 683 94 41 faut
280 686 90 36 être
390 687 87 35 très
497 682 336 40 reconnaissant
854 684 21 36 à
890 679 61 41 M.
976 677 84 42 Ed.
1080 679 270 40 Chavannes
1370 679 57 41 du
1447 678 143 51 grand
1620 678 166 40 service
1810 675 106 53 qu'il
1935 690 22 26 a
1982 675 138 42 rendu
2142 680 21 35 à

165 752 214 41 l'histoire
395 750 53 40 de
471 750 39 41 la
554 751 206 51 musique
795 762 54 27 en
874 762 114 27 nous
1010 755 268 45 permettant
1307 747 54 40 de
1384 747 79 40 lire
1486 760 104 27 sans
1615 746 38 40 la
1679 745 346 52 moindrepeine
2047 745 114 40 deux

165 823 268 50 importants
457 819 150 40 traités
625 818 188 50 chinois,
833 830 173 28 comme
1027 819 118 39 aussi
1169 830 54 27 en
1247 816 249 41 traduisant
1509 816 113 40 deux
1646 816 136 38 séries
1804 814 54 40 de
1881 819 183 46 poèmes
2087 815 76 50 qui

162 891 286 39 contiennent
466 888 78 39 des
575 889 386 49 renseignements
985 887 266 51 importants
1273 898 75 27 sur
1369 884 37 41 le
1429 884 89 41 rôle
1542 882 193 42 attribué
1773 887 21 36 à
1818 883 39 39 la
1883 883 208 51 musique
2110 895 54 27 en

160 955 388 43 Extrême-Orient
569 967 7 29 :
603 955 63 41 les
704 954 185 56 dix-sept
911 954 172 53 hymnes
1100 955 48 38 de
1177 954 15 40 l
1207 952 205 41 intérieur
1442 953 51 39 de
1512 952 40 40 la
1572 966 184 36 maison,
1780 950 299 55 pacificateurs
2109 951 55 39 du

162 1026 155 40 monde
350 1035 42 31 et
420 1026 62 40 les
505 1024 221 51 dix-neuf
736 1023 172 54 hymnes
941 1024 72 40 des
1042 1022 216 53 sacrifices
1289 1021 115 40 Kiao
1413 1054 9 18 ,
1448 1022 195 51 compris
1685 1033 106 28 sous
1824 1020 39 40 le
1900 1021 99 39 titre
2032 1023 106 47 géné-

165 1095 63 40 ral
278 1094 53 41 de
375 1093 162 41 Chants
570 1093 57 40 du
649 1091 174 42 Bureau
858 1092 50 39 de
943 1091 40 40 la
1006 1091 204 53 musique.
1244 1089 164 52 (Même
1437 1102 214 37 ouvrage,
1677 1097 29 32 t.
1735 1087 73 49 111,
1846 1087 245 53 appendice
2112 1086 52 50 I.)

162 1163 122 41 Pour
306 1176 54 26 ne
381 1162 199 51 signaler
602 1174 86 39 que
710 1174 47 26 ce
780 1160 93 40 seul
895 1160 139 51 point,
1060 1159 29 40 il
1113 1166 166 32 ressort
1300 1157 260 41 clairement
1582 1157 54 40 de
1661 1169 70 28 ces
1754 1155 148 41 divers
1919 1164 137 33 textes
2079 1169 85 38 que

160 1232 40 40 la
221 1233 207 50 musique
467 1245 22 25 a
510 1243 53 27 eu
592 1242 46 27 sa
675 1230 218 51 première
926 1227 198 41 fonction
1166 1227 112 40 dans
1318 1226 62 40 les
1401 1227 104 39 rites
1534 1225 55 40 de
1618 1225 39 40 la
1684 1227 165 48 magie,
1877 1233 41 32 et
1952 1224 159 53 qu'elle
2141 1239 21 25 a

160 1297 183 43 d'abord
375 1303 67 37 été
480 1298 232 52 employée
734 1310 113 39 pour
870 1297 151 39 attirer
1044 1296 62 40 les
1138 1294 191 54 Esprits,
1355 1294 64 42 les
1442 1294 158 40 rendre
1633 1293 331 48 bienveillants,
1990 1293 176 41 obtenir

155 1365 127 44 d'eux
313 1368 217 41 certaines
559 1366 192 41 faveurs.
774 1364 120 42 C'est
929 1380 58 26 un
1011 1366 289 48 témoignage
1334 1364 75 52 qui
1443 1361 187 54 s'ajoute
1654 1367 22 35 à
1699 1371 97 32 cent
1822 1371 163 32 autres.

214 1436 66 41 De
302 1449 47 28 ce
392 1441 87 36 très
517 1435 106 41 utile
658 1434 297 52 complément
988 1431 375 48 d'informations,
1391 1434 73 49 qui
1500 1439 175 33 montre
1717 1429 153 43 l'unité
1909 1430 54 40 de
1999 1428 167 55 l'esprit

155 1506 202 49 humain,
383 1505 38 52 je
460 1505 150 40 citerai
633 1518 60 26 un
715 1502 201 52 exemple
969 1510 132 33 avant
1136 1501 54 40 de
1228 1514 155 39 passer
1404 1504 106 36 àun
1552 1508 125 32 autre
1709 1499 129 40 ordre
1876 1499 54 41 de
1956 1498 120 42 faits.
2114 1499 51 55 Je

156 1574 264 52 l'emprunte
442 1587 82 26 aux
546 1573 239 39 mémoires
808 1571 53 40 de
880 1569 147 40 Se-ma
1056 1569 139 40 Tsien
1218 1568 58 53 (p.
1301 1572 76 48 287
1403 1577 41 32 et
1468 1569 113 40 suiv.
1607 1568 57 40 du
1690 1576 27 32 t.
1741 1566 55 42 111
1821 1568 53 40 de
1910 1568 40 40 la
1992 1568 147 41 traduc-

158 1644 93 39 tion
275 1639 251 55 française).
550 1641 82 54 J'ai
650 1640 97 53 déjà
772 1653 53 27 eu
862 1639 253 47 l'occasion,
1137 1638 112 40 dans
1283 1637 39 40 la
1353 1639 220 50 première
1596 1638 142 51 partie
1761 1636 53 40 de
1852 1649 48 28 ce
1939 1649 147 35 cours,
2112 1637 52 40 de

156 1719 224 33 constater
400 1723 86 39 que
503 1710 63 39 les
586 1707 209 54 primitifs
817 1709 175 39 avaient
1012 1721 54 27 eu
1089 1707 77 40 des
1185 1707 158 40 chants
1368 1719 113 39 pour
1499 1707 153 48 guérir
1674 1713 42 32 et
1738 1705 78 40 des
1854 1705 159 40 chants
2051 1719 114 38 pour

155 1788 110 32 tuer.
289 1776 84 57 J'ai
397 1782 176 36 montré
592 1785 109 33 cette
725 1790 215 38 croyance
963 1776 104 40 chez
1107 1775 62 40 les
1194 1774 222 47 Hindous,
1451 1775 102 39 chez
1583 1774 63 40 les
1670 1771 153 50 Grecs,
1849 1782 41 32 et
1927 1787 53 26 en
2017 1773 147 53 pleine

155 1848 268 40 civilisation
446 1847 269 49 chrétienne,
740 1849 21 36 à
783 1858 86 28 une
889 1849 174 48 époque
1086 1844 305 40 relativement
1413 1847 191 39 récente.
1633 1841 126 43 Voici
1778 1856 59 27 un
1854 1842 77 40 des
1952 1842 103 40 faits
2079 1856 85 38 que

154 1924 209 45 rapporte
385 1915 146 40 Se-ma
560 1914 157 40 Tsien.

211 1984 69 43 Un
303 1985 99 52 jour
423 1982 132 53 (nous
580 1995 196 29 sommes
798 1994 99 29 vers
939 1982 39 40 la
1002 1980 61 42 fin
1088 1982 57 40 du
1178 1995 42 26 vi
1226 1988 13 16 e
1263 1980 131 41 siècle
1428 1989 132 31 avant
1582 1978 158 56 J.-C.),
1782 1979 39 41 le
1843 1980 85 40 duc
1962 1979 119 54 Ling
2117 1992 46 28 se

155 2053 106 40 rend
287 2067 56 27 au
366 2065 110 40 pays
500 2051 195 51 deTsin,
720 2060 42 31 et
783 2064 174 39 voyage
980 2063 104 27 avec
1107 2063 45 26 sa
1198 2051 129 38 suite.
1355 2048 32 40 Il
1420 2050 143 39 arrive
1600 2063 55 25 au
1679 2047 111 41 bord
1832 2048 54 40 de
1926 2048 39 40 la
2005 2049 159 39 rivière

154 2121 112 51 Pou,
292 2129 41 33 et
352 2136 27 38 y
400 2119 79 43 fait
501 2120 135 41 halte.
663 2119 112 41 Vers
798 2119 39 40 le
867 2119 153 40 milieu
1050 2119 53 39 de
1144 2118 40 39 la
1206 2119 96 38 nuit
1331 2118 219 46 suivante,
1576 2117 29 39 il
1644 2117 179 49 entend,
1870 2130 105 26 sans
2017 2118 148 39 savoir

153 2188 105 42 d'où
282 2190 28 40 il
329 2191 120 39 vient
468 2197 41 33 et
534 2203 80 38 par
637 2190 75 51 qui
745 2187 29 40 il
797 2196 65 31 est
881 2191 193 46 exécuté,
1113 2201 59 26 un
1196 2188 65 37 air
1293 2187 102 51 joué
1433 2199 75 26 sur
1541 2185 39 40 le
1600 2185 110 40 luth.
1738 2183 32 42 Il
1804 2183 80 42 fait
1924 2187 126 38 venir
2083 2199 80 26 son

153 2262 160 37 maître
334 2258 54 40 de
409 2259 223 51 musique,
656 2256 146 40 Kinen
826 2268 11 27 :
864 2269 18 25 «
905 2255 83 55 J'ai
1016 2255 195 40 entendu
1233 2255 62 40 les
1334 2263 128 32 notes
1494 2253 105 41 d'un
1637 2253 96 40 luth
1769 2253 108 40 dont
1916 2252 247 55 quelqu'un

153 2328 167 52 jouait;
336 2324 71 55 j'ai
429 2328 226 48 interrogé
676 2338 107 28 ceux
807 2325 74 52 qui
906 2326 162 38 étaient
1103 2328 160 47 auprès
1293 2323 53 40 de
1371 2323 105 48 moi,
1502 2323 114 39 mais
1653 2336 144 26 aucun
1834 2321 127 42 d'eux
1997 2321 166 42 n'avait

155 2395 196 41 entendu
374 2405 8 37 ;
408 2394 90 41 cela
527 2408 23 26 a
573 2402 121 33 toute
730 2391 278 54 l'apparence
1032 2392 53 40 de
1113 2393 124 39 venir
1260 2392 53 40 de
1345 2389 168 54 l'esprit
1535 2390 105 41 d'un
1664 2399 116 31 mort
1802 2403 55 27 ou
1881 2389 106 42 d'un
2023 2391 101 41 dieu
2152 2403 8 34 ;

155 2469 179 36 écoutez
359 2467 19 36 à
405 2477 71 26 ma
500 2462 139 53 place,
658 2470 40 32 et
720 2470 128 33 notez
884 2475 80 38 par
983 2463 106 38 écrit
1109 2469 64 32 cet
1197 2461 78 39 air.
1297 2472 19 25 »
1354 2459 144 41 Kinen
1538 2459 233 48 s'installe,
1809 2463 169 44 écoute,
2021 2460 139 52 prend

155 2541 120 40 note,
302 2531 220 41 demande
545 2534 144 37 même
707 2528 133 55 qu'on
859 2538 113 32 reste
996 2543 86 27 une
1105 2531 94 38 nuit
1223 2528 54 40 de
1293 2528 101 52 plus
1414 2541 114 39 pour
1545 2528 59 40 lui
1625 2536 241 43 permettre
1886 2528 54 40 de
1963 2530 200 48 corriger

155 2614 82 28 son
259 2609 129 41 texte,
413 2608 41 32 et
477 2597 96 43 finit
596 2613 81 38 par
707 2599 213 52 posséder
942 2598 98 39 l'air
1061 2598 283 52 mystérieux.
1369 2595 72 42 On
1462 2596 187 52 reprend
1668 2598 174 38 ensuite
1865 2596 39 40 le
1926 2610 174 39 voyage
2121 2606 41 31 et

155 2683 58 28 on
237 2671 142 39 arrive
403 2683 56 26 au
479 2682 109 39 pays
604 2668 54 40 de
677 2667 126 40 Tsin.
825 2665 63 42 Le
915 2667 84 40 duc
1022 2674 41 33 et
1086 2679 45 26 sa
1155 2667 113 39 suite
1288 2674 101 31 sont
1404 2678 124 37 reçus
1551 2679 79 38 par
1653 2665 38 40 le
1711 2664 237 41 ducP'mo-
1973 2667 75 50 qui
2070 2666 94 40 leur

155 2739 148 40 donne
319 2753 61 26 un
399 2737 143 51 grand
577 2736 197 53 banquet
792 2749 75 27 sur
889 2735 40 40 la
974 2744 190 31 terrasse
1187 2734 89 40 dite
1303 2751 18 19 «
1347 2733 76 40 des
1448 2731 215 42 Bienfaits
1687 2745 38 27 ».
1754 2733 68 40 Au
1862 2742 200 33 moment
2105 2741 56 34 où

156 2820 58 28 on
233 2815 66 32 est
321 2806 97 52 déjà
442 2803 201 43 échauffé
665 2818 80 39 par
780 2803 39 41 le
846 2805 90 45 vin,
962 2811 42 32 et
1027 2809 57 34 où
1122 2802 39 40 le
1201 2815 228 39 voyageur
1463 2810 65 31 est
1561 2801 345 41 naturellement
1947 2806 157 36 amené
2140 2807 21 36 à

155 2876 146 52 parler
322 2875 78 40 des
416 2874 219 40 incidents
659 2873 53 41 de
745 2885 82 29 son
849 2884 189 40 voyage,
1066 2875 22 36 à
1112 2871 40 40 la
1174 2872 196 39 manière
1394 2871 199 50 antique,
1619 2869 39 41 le
1681 2869 84 41 duc
1790 2869 118 54 Ling
1946 2871 64 40 dit
2034 2874 20 37 à
2081 2884 81 27 son

154 2944 105 40 hôte
285 2959 7 25 :
320 2956 20 25 «
363 2942 70 41 En
454 2951 164 32 venant
640 2943 70 47 ici,
733 2940 69 54 j'ai
825 2940 196 42 entendu
1044 2954 59 26 un
1127 2940 64 39 air
1213 2952 207 28 nouveau
1441 2951 8 38 ;
1476 2939 38 52 je
1541 2952 112 27 vous
1674 2938 219 41 demande
1914 2939 40 39 la
1978 2942 160 49 permis-

156 3013 95 39 sion
275 3011 54 41 de
349 3024 112 28 vous
476 3010 39 40 le
537 3010 197 41 chanter.
773 3022 20 26 »
819 3008 164 42 L'offre
1005 3017 64 33 est
1084 3013 202 48 acceptée
1310 3022 80 39 par
1410 3008 38 40 le
1471 3007 83 41 duc
1578 3005 129 52 P'ing
1731 3005 126 52 (dont
1880 3008 39 39 le
1942 3014 221 35 caractère

157 3095 49 26 va
232 3093 46 27 se
294 3080 216 46 dessiner,
535 3093 54 26 au
611 3092 129 27 cours
759 3079 59 40 du
835 3080 120 48 récit,
981 3091 174 27 comme
1173 3078 111 40 celui
1323 3075 104 41 d'un
1445 3077 244 50 sceptique,
1716 3075 106 41 d'un
1854 3077 229 51 épicurien
2122 3086 41 32 et

154 3147 105 43 d'un
278 3147 182 42 homme
488 3148 76 51 qui
589 3146 136 41 brave
766 3147 63 40 les
854 3144 349 54 superstitions).
1249 3143 71 42 On
1344 3144 202 40 ordonne
1580 3147 22 37 à
1648 3142 143 41 Kinen
1836 3144 53 40 de
1924 3144 181 41 chanter
2124 3146 39 39 le

153 3230 209 28 morceau
386 3214 106 54 qu'il
513 3229 21 26 a
560 3219 68 36 été
647 3215 164 50 chargé
845 3215 54 40 de
931 3214 233 41 recueillir.
1200 3212 115 40 Mais
1351 3217 22 35 à
1416 3213 128 51 peine
1567 3212 116 40 a-t-il
1728 3218 257 35 commencé
2025 3214 136 52 qu'un

153 3288 213 40 assistant
388 3284 173 41 l'arrête
592 3299 8 26 :
630 3297 19 24 «
671 3281 308 44 Gardez-vous
996 3282 104 41 bien
1120 3282 53 40 de
1193 3281 185 40 chanter
1401 3281 90 40 cela
1519 3284 5 36 !
1552 3280 105 41 c'est
1684 3295 58 26 un
1768 3283 65 38 air
1857 3281 106 54 qu'il
1987 3296 54 27 ne
2069 3282 93 41 faut

153 3369 80 39 pas
249 3359 193 36 écouter.
467 3351 120 42 C'est
607 3365 86 27 une
715 3351 190 55 musique
929 3351 50 39 de
996 3350 220 55 perdition
1240 3351 75 50 qui
1341 3364 21 26 a
1384 3354 67 35 été
1472 3354 238 47 composée
1733 3364 79 37 par
1842 3349 86 40 Yen
1935 3381 10 20 ,
1977 3365 55 27 au
2069 3365 62 27 mo-

152 3433 121 32 ment
296 3421 131 43 d'une
442 3434 176 39 guerre,
638 3433 113 40 pour
770 3433 180 27 assurer
969 3419 40 40 la
1037 3417 163 42 défaite
1226 3418 106 41 d'un
1354 3420 196 39 ennemi.
1586 3416 120 42 C'est
1743 3420 321 40 certainement
2106 3435 55 26 au

152 3492 110 42 bord
284 3492 53 40 de
369 3492 40 40 la
432 3492 156 39 rivière
614 3488 94 43 Pou
731 3501 87 40 que
839 3501 111 27 vous
972 3500 105 28 avez
1093 3486 194 42 entendu
1305 3486 108 50 cela,
1451 3501 73 25 car
1565 3486 103 41 c'est
1703 3486 112 41 dans
1855 3496 111 32 cette
2003 3490 158 40 rivière

154 3575 85 40 que
262 3575 45 27 se
341 3560 211 55 précipita
588 3558 94 43 Yen
708 3562 129 50 après
861 3556 128 45 s'être
1012 3555 136 45 enfui.
1185 3555 127 41 Celui
1332 3554 73 58 qui
1427 3555 36 41 le
1484 3555 184 54 premier
1696 3556 155 41 entend
1884 3562 61 34 cet
1979 3556 81 50 air,
2083 3572 77 26 son
