2849 3048
1281 2370 73 43 369

633 566 131 43 Wer
784 566 65 42 ist
872 565 136 44 denn
1030 566 168 44 hinter
1220 566 118 44 dem
1359 567 283 57 Vorhang?
1663 587 51 20 =
1731 570 207 44 Winter
1957 589 53 20 =
2027 572 26 42 ?

806 624 231 45 Mutter?
1060 625 189 53 Sturm,
1268 627 230 44 Mutter?
1522 627 206 44 Nacht?
1751 628 123 57 Sag!

1062 684 155 45 Oder:
1240 685 113 57 Tag
1376 720 10 10 .
1410 721 9 9 .
1444 720 10 9 .
1476 686 146 57 Tag?

562 742 172 43 Ohne
762 742 149 44 mich.
930 743 125 44 Wie
1077 743 143 44 kann
1244 758 53 31 es
1320 746 136 43 denn
1487 746 159 43 ohne
1677 746 139 44 mich
1836 746 112 57 Tag
1969 748 148 43 sein?

995 802 131 45 Fehl
1147 803 82 45 ich
1253 804 135 44 denn
1410 805 238 56 nirgends
1661 806 26 42 ?

892 861 158 57 Fragt
1073 863 136 43 denn
1231 864 246 44 niemand
1498 864 134 44 nach
1654 865 135 44 mir?

895 920 125 44 Sind
1042 923 102 41 wir
1167 923 136 43 denn
1325 936 132 43 ganz
1478 936 273 44 vergessen
1762 926 27 42 ?

863 1013 10 10 .
898 1013 10 11 .
933 980 177 44 .Wir?
1134 1014 10 10 .
1169 1014 10 10 .
1204 1015 10 9 .
1237 982 137 43 Aber
1395 982 85 43 Du
1502 983 98 44 bist
1618 984 53 54 ja
1694 984 125 50 dort,

934 1039 86 43 Du
1040 1040 117 43 hast
1175 1041 53 54 ja
1249 1041 136 43 noch
1407 1041 137 51 alles,
1563 1042 177 43 nicht?

688 1096 99 44 Um
807 1097 115 44 dein
946 1098 208 44 Gesicht
1176 1100 111 42 sind
1309 1101 135 43 noch
1466 1102 97 42 alle
1588 1102 164 55 Dinge
1773 1101 209 43 bemüht

1092 1158 109 43 ihm
1223 1159 358 43 wohlzuthun.

968 1217 176 42 Wenn
1166 1217 165 45 Deine
1353 1219 182 54 Augen
1557 1218 146 49 ruhn,

842 1275 106 42 und
970 1288 162 30 wenn
1154 1277 74 43 sie
1250 1277 135 43 noch
1406 1289 56 30 so
1485 1276 122 42 müd
1629 1289 198 38 waren,

912 1335 73 43 sie
1007 1334 211 44 können
1239 1336 200 43 wieder
1460 1334 195 55 steigen
1678 1367 9 10 .
1712 1367 10 10 .
1746 1367 10 10 .

986 1393 203 44 Meine
1214 1413 51 20 =
1291 1394 391 53 schweigen:

732 1451 173 43 Meine
920 1451 221 43 Blumen
1156 1454 217 43 werden
1392 1453 79 42 die
1486 1451 168 43 Farbe
1668 1450 265 44 verlieren.

873 1510 172 42 Meine
1068 1510 201 56 Spiegel
1291 1511 217 44 werden
1529 1509 262 43 zufrieren.

599 1566 58 44 In
681 1568 205 42 meinen
911 1568 238 42 Büchern
1172 1571 216 42 werden
1412 1569 79 42 die
1512 1567 172 43 Zeilen
1706 1568 354 43 verwachsen.

826 1626 173 43 Meine
1019 1626 163 55 Vögel
1203 1628 216 42 werden
1441 1627 54 41 in
1518 1626 98 42 den
1640 1626 195 43 Gassen

500 1683 391 44 herumflattern
906 1684 105 42 und
1028 1685 109 41 sich
1155 1698 66 28 an
1237 1685 231 43 fremden
1485 1684 250 42 Fenstern
1754 1684 322 43 verwunden
2094 1718 60 11 ...

828 1742 178 43 Nichts
1028 1743 64 42 ist
1114 1743 148 42 mehr
1282 1744 93 42 mit
1397 1743 97 42 mir
1515 1742 314 50 verbunden,

933 1800 82 42 ich
1037 1801 86 41 bin
1146 1814 106 28 von
1275 1801 152 43 allem
1448 1801 274 42 verlassen.

1077 1858 88 43 Ich
1187 1858 87 43 bin
1297 1860 111 40 eine
1431 1858 145 43 Insel.

1090 1916 141 42 DER
1262 1916 304 43 FREMDE.

673 1974 77 51 Ja,
767 1987 65 30 zu
854 1974 146 43 Euch
1022 1974 88 43 bin
1132 1974 83 43 ich
1236 1974 124 44 über
1383 1975 80 43 ein
1485 1974 144 44 Meer
1651 1975 324 56 gekommen.

813 2033 117 42 DIE
962 2032 260 42 BLINDE
1246 2034 247 54 (erstaunt
1514 2034 105 42 und
1641 2035 198 55 bange).

603 2091 93 52 Oh,
714 2091 85 43 Ihr
820 2091 108 43 seid
950 2090 405 55 hergekommen
1367 2092 26 42 ?
1415 2091 119 44 Seid
1557 2092 91 42 auf
1664 2093 87 43 der
1773 2093 132 44 Insel
1916 2096 94 43 ?..
2034 2129 10 10 .

1086 2149 140 42 DER
1257 2149 305 45 FREMDE.

993 2207 88 43 Ich
1102 2207 87 43 bin
1212 2208 135 42 noch
1369 2209 68 42 im
1462 2209 196 45 Kahne.

2222 678 53 21 Für
2283 679 31 22 V.
2322 679 25 22 S.
2359 686 55 21 gez.

2220 685 30 49 v.
2265 685 30 49 E.
2310 685 75 49 Stöhr
2400 685 45 49 OM.
