2519 3850
1217 387 123 63 252

207 542 423 70 faissement,
671 534 382 82 pulsations
1087 526 296 78 inégales
1417 522 91 59 du
1543 534 169 61 sang
1736 517 169 58 dans
1936 514 61 59 le
2022 528 178 43 cœui
2243 509 116 58 des

210 641 185 45 races
427 619 301 63 malades
751 636 15 55 ;
791 616 159 58 c'est
977 612 58 60 le
1059 613 223 70 temps
1311 606 118 58 des
1449 595 409 82 compromis
1884 595 63 59 et
1970 594 119 59 des
2117 594 245 67 treves,

208 708 66 59 la
300 701 408 80 prostration
739 696 192 77 après
956 694 100 59 les
1089 689 209 61 crises
1322 705 15 54 ;
1370 682 313 80 périodes
1699 678 376 60 fiévreuses
2103 674 65 57 et
2204 673 123 57 mal-

210 787 249 60 saines.
488 783 52 59 Il
573 782 104 58 est
709 777 141 60 vrai
879 791 128 61 que
1040 787 172 45 ceux
1242 783 169 61 pour
1439 762 109 78 qui
1581 762 65 58 la
1666 776 107 42 vie
1807 755 201 61 réelle
2044 755 101 59 est
2179 768 140 43 mau-

215 867 181 59 vaise
427 861 295 80 peuvent
751 875 68 43 se
852 854 238 61 retirer
1128 867 84 42 au
1249 846 247 71 désert,
1551 843 85 70 et,
1673 840 167 59 dans
1886 837 147 58 leur
2068 833 293 60 solitude

216 946 386 69 intérieure,
629 954 353 48 conserver
998 952 93 42 un
1118 928 179 64 autel
1325 928 35 59 à
1386 927 145 58 leur
1555 922 176 61 culte
1768 917 387 81 proscrit..,.

1660 1047 199 57 LOUIS
1882 1042 313 59 MÉNARD.

403 1365 68 51 B.
509 1389 66 8 —
616 1360 111 53 Ces
765 1354 189 55 belles
984 1366 206 56 pages,
1233 1352 136 64 trop
1402 1359 117 56 peu
1562 1355 292 47 connues,
1894 1340 141 50 sont
2066 1335 300 54 extraites

221 1435 71 52 de
324 1435 58 51 la
441 1432 263 66 préface,
765 1427 205 71 placée
1002 1439 109 54 par
1142 1422 79 53 M.
1283 1415 259 58 Ménard
1589 1430 71 37 en
1693 1415 119 50 tête
1856 1409 69 54 de
1978 1425 96 38 ses

221 1505 442 70 (Charpentier.
694 1502 50 52 2'
782 1500 166 61 édit.,
977 1495 162 64 1863)
1158 1508 13 50 \
1205 1493 132 52 leur
1360 1486 290 56 actualité
1683 1487 93 51 est
1802 1482 135 53 telle
1970 1497 117 55 que
2116 1496 112 37 nos
2262 1478 85 52 lec-

220 1583 168 47 teurs
417 1592 156 37 nous
630 1575 253 53 sauront
912 1571 100 67 gré
1047 1567 69 52 de
1148 1566 87 52 les
1265 1562 173 54 avoir
1490 1555 386 73 reproduites
1931 1572 34 34 a
2013 1553 125 52 leui
2178 1552 165 52 inten-

226 1649 151 55 tion.
