2519 3850
1320 247 0 0 272

189 333 233 61 sottise
477 328 284 62 ridicule
808 346 130 61 que
985 329 170 60 cette
1197 324 451 83 proscription
1704 323 120 60 des
1854 322 179 80 joies
2077 319 231 82 psychi-

189 413 208 79 ques?
424 413 190 60 Nous
667 428 408 44 conservons
1132 411 214 59 certes
1390 407 102 61 les
1551 404 350 82 agréables
1956 404 388 61 sensations

190 497 168 58 dues
407 511 132 42 aux
567 492 276 79 plaisirs
885 491 356 78 corporels,
1278 488 201 74 mais,
1514 488 204 78 ayant
1753 503 297 44 reconnu
2089 503 129 61 que
2242 486 101 59 les

189 577 229 58 autres
450 575 248 59 étaient
735 573 198 60 d'une
975 571 321 63 intensité
1329 569 420 78 supérieure,
1784 585 174 43 nous
1998 567 102 61 les
2132 583 211 44 avons

190 655 428 78 développés,
671 672 192 60 parce
912 671 155 62 que,
1102 656 155 77 plus
1288 653 350 79 pratiques
1667 667 128 61 que
1826 667 194 55 vous,
2054 667 174 42 nous
2247 651 64 57 te-

187 738 197 60 nions
412 737 37 60 à
482 736 119 59 des
631 735 410 73 béatitudes,
1073 737 36 58 à
1142 737 118 60 des
1288 735 517 68 ravissements,
1828 731 37 58 à
1897 731 119 59 des
2047 731 292 71 extases,

186 822 64 59 et
299 836 128 61 que
473 818 192 60 notre
711 816 243 63 intérêt
998 818 160 61 bien
1205 817 297 61 entendu
1546 815 160 61 élait
1756 813 81 60 de
1880 812 351 79 préserver
2270 829 71 44 ce

186 901 243 60 monde
449 898 372 74 initiateur,
844 901 209 61 etnon
1088 901 78 60 de
1191 900 61 59 le
1287 897 466 79 stupidement
1784 893 270 75 bannir,
2080 911 261 45 comme

185 999 170 43 vous
387 981 203 60 l'avez
624 978 141 64 fait.
802 980 100 61 En
937 999 283 56 somme,
1253 997 171 42 vous
1454 980 140 59 êtes
1628 992 260 46 comme
1918 976 120 60 des
2071 977 270 60 enfants

185 1060 378 80 empressés
610 1060 37 59 à
678 1058 175 79 jeter
890 1063 100 60 les
1031 1062 368 61 confitures
1433 1060 163 59 dont
1628 1061 102 58 est
1771 1056 231 80 garnie
2034 1058 152 61 leur
2212 1060 97 58 tar-

184 1145 163 71 tine,
371 1159 171 61 pour
565 1141 237 77 garder
827 1142 61 61 le
915 1145 149 59 seul
1095 1143 157 78 pain
1285 1160 130 43 sec.

264 1225 180 59 Avec
473 1223 118 59 des
624 1225 413 61 convictions
1070 1226 194 60 telles
1297 1241 129 61 que
1454 1225 100 58 les
1584 1222 252 74 nôtres,
1870 1240 173 43 nous
2062 1221 279 61 n'avons

186 1323 221 43 aucun
440 1302 315 78 scrupule
785 1306 36 58 à
855 1306 386 79 supprimer
1272 1323 171 43 ceux
1490 1303 117 78 qui
1636 1320 174 43 nous
1852 1303 268 79 gênent.
2149 1302 192 61 Nous

186 1403 293 43 sommes
514 1384 313 73 certains,
879 1387 183 60 étant
1094 1387 219 61 donné
1362 1386 149 60 leur
1536 1382 320 64 fâcheuse
1897 1385 443 61 constitution

182 1467 341 78 physique
557 1465 62 59 et
646 1465 358 77 cérébrale,
1055 1470 80 58 de
1163 1469 146 61 leur
1334 1483 318 63 procurer
1700 1466 157 78 plus
1890 1467 98 60 tôt
2016 1467 121 60 des
2176 1465 124 61 bon-

182 1549 206 59 heurs
436 1545 422 79 infaillibles,
926 1552 65 59 et
1053 1550 80 60 de
1179 1550 98 61 les
1332 1547 353 79 préserver
1728 1547 433 78 pieusement
2217 1547 120 61 des

184 1629 316 77 chagrins
545 1626 329 65 funestes.
925 1631 83 60 Et
1053 1632 171 59 cette
1274 1629 388 62 sollicitude
1718 1631 103 57 est
1852 1629 38 59 à
1950 1630 248 60 double
2228 1646 75 44 en-

187 1711 210 73 tente,
432 1707 403 82 puisqu'elle
878 1714 261 76 permet
1189 1712 376 77 d'octroyer
1593 1728 137 42 aux
1772 1711 294 73 vivants,
2101 1711 240 78 dignes

181 1794 320 75 pourtant
529 1789 422 77 d'attention,
986 1795 118 60 des
1156 1792 292 63 facilités
1499 1792 159 78 plus
1704 1794 289 76 grandes
2039 1794 37 59 à
2123 1794 212 59 vivre.

178 1874 213 59 Aussi
424 1888 121 44 nos
577 1886 272 61 guerres
904 1875 411 61 s'effectuent
1346 1875 383 60 autrement
1780 1892 128 60 que
1939 1875 100 60 les
2085 1876 250 60 vôtres.

184 1952 245 72 Quand
481 1955 100 60 les
622 1956 417 61 assemblées
1074 1956 80 60 de
1216 1955 446 62 statisticiens
1695 1956 65 59 et
1812 1956 100 60 les
1955 1956 385 61 académies

182 2035 117 60 des
332 2035 320 72 sciences,
683 2039 114 58 ont
829 2038 202 59 établi
1065 2055 127 61 que
1217 2038 61 61 le
1325 2036 280 61 nombre
1653 2036 118 60 des
1784 2035 311 64 infirmes
2124 2039 65 60 et
2221 2039 120 60 des

178 2114 351 63 vieillards
563 2114 300 63 s'accroit
905 2119 199 61 d'une
1139 2118 386 78 déplorable
1555 2119 64 58 et
1645 2116 426 65 inquiétante
2118 2118 221 74 façon,

181 2196 61 60 le
275 2199 250 60 conseil
580 2199 480 61 international
1117 2218 71 42 se
1230 2200 224 60 réunit
1503 2200 64 59 et
1622 2198 234 62 décide
1889 2218 135 43 une
2052 2218 87 43 ou
2185 2200 114 79 plu-

184 2276 218 63 sieurs
448 2279 337 75 batailles,
822 2281 186 60 selon
1034 2281 65 60 la
1132 2281 306 78 quantité
1467 2280 120 60 des
1617 2279 178 62 êtres
1835 2283 501 61 encombrants.

182 2359 131 60 Les
356 2363 305 76 peuples,
702 2361 294 79 quoique
1026 2364 309 77 toujours
1368 2363 199 72 amis,
1598 2379 70 43 se
1716 2363 300 61 divisent
2061 2382 244 44 conven-

180 2440 324 62 tionnelle
518 2446 184 59 ment
751 2460 81 44 en
862 2445 179 59 deux
1088 2446 185 77 parts
1314 2444 270 72 rivales,
1621 2446 65 58 et
1718 2444 66 60 la
1814 2463 239 61 guerre
2097 2448 103 58 est
2233 2446 74 60 dé-

182 2521 234 61 clarée.
448 2524 191 61 Nous
662 2542 400 59 composons
1086 2527 177 58 alors
1293 2525 101 61 les
1426 2525 261 60 armées
1711 2543 157 44 avec
1899 2528 248 59 ceuxlà
2180 2529 163 60 dont

177 2600 67 79 je
271 2604 252 75 parlais
553 2607 149 59 tout
733 2605 37 59 à
799 2605 281 75 l'heure,
1114 2624 110 42 ces
1257 2623 327 61 cagneux,
1614 2608 165 75 tors,
1841 2608 322 77 gibbeux,
2194 2609 113 61 bor-

182 2699 188 60 gnes,
417 2684 301 74 bancals,
766 2687 449 78 malingreux,
1250 2688 477 77 épileptiques,
1776 2690 234 71 idiots,
2045 2690 158 78 plus
2235 2690 101 61 les

182 2763 303 62 ancêtres
497 2784 118 60 par
634 2770 146 75 trop
807 2768 254 59 déchus
1075 2769 137 58 —il
1230 2770 102 59 est
1351 2769 271 61 évident
1645 2770 165 79 qu'il
1826 2775 259 74 nepeut
2097 2789 46 60 y
2157 2773 187 60 avoir

182 2844 455 79 d'exceptions
655 2866 172 61 pour
845 2849 101 60 les
965 2848 308 75 femmes,
1302 2866 108 44 ces
1432 2852 500 76 procréatrices.
1959 2853 198 60 —Au
2185 2854 161 79 jour

182 2925 155 74 fixé,
359 2928 61 60 le
445 2929 267 61 combat
742 2932 102 58 est
876 2930 191 74 livré,
1093 2933 169 60 dans
1285 2949 132 44 une
1441 2933 211 60 vallée
1674 2935 254 60 choisie
1960 2934 262 79 d'après
2243 2937 101 59 les

181 3007 213 78 règles
430 3009 197 62 d'une
656 3010 312 77 stratégie
1000 3012 446 78 impeccable;
1475 3013 98 61 les
1602 3014 311 62 hommes
1927 3015 261 63 valides
2202 3035 108 60 gar-

184 3088 158 61 dent
380 3089 459 78 jalousement
868 3093 99 60 les
1015 3094 234 61 défilés
1296 3097 64 58 et
1403 3094 100 61 les
1556 3097 348 61 moindres
1960 3098 256 74 issues,
2279 3102 65 58 et

185 3172 151 58 sont
356 3172 275 78 chargés
664 3174 81 60 de
779 3191 398 57 massacrer,
1211 3193 160 42 sans
1405 3178 314 61 cruautés
1748 3179 593 74 inutiles,tousles

182 3249 303 79 fuyards.
534 3253 217 79 Après
780 3255 178 60 deux
984 3255 322 78 journées
1349 3258 80 58 de
1485 3258 244 74 tuerie,
1790 3278 86 42 on
1925 3263 103 59 est
2083 3262 257 61 certain

185 3332 319 61 d'arriver
534 3334 36 59 à
596 3353 131 43 une
760 3338 446 78 suppression
1234 3338 230 74 totale,
1509 3341 64 58 et
1605 3341 80 59 de
1720 3342 292 77 grandes
2044 3343 243 79 réjouis-

184 3429 257 56 sances,
473 3414 118 61 des
617 3416 171 60 fêtes
825 3418 295 74 inouies,
1155 3419 340 61 célèbrent
1522 3423 191 59 notre
1744 3442 239 60 propre
2017 3424 210 78 gloire
2275 3427 65 60 et

180 3496 186 58 notre
399 3512 290 61 sagesse.
725 3499 189 61 Nous
947 3518 298 45 sommes
1269 3502 275 72 arrivés,
1575 3521 121 60 par
1723 3523 70 42 ce
1827 3522 273 62 moyen,
2118 3507 37 60 à
2182 3525 119 61 sup-

181 3573 251 78 primer
476 3593 106 43 ces
641 3579 232 61 tristes
928 3582 406 62 difformités
1366 3584 65 60 et
1474 3601 108 43 ces
1641 3583 360 65 faiblesses
2057 3588 81 61 de
2191 3588 149 62 l'es-
