<?xml version="1.0" encoding="UTF-8"?>
<alto xmlns:xsi="http://www.w3.org/2001/XMLSchema-instance" xmlns="http://www.loc.gov/standards/alto/ns-v2#" xsi:schemaLocation="http://www.loc.gov/standards/alto/ns-v2# http://www.loc.gov/standards/alto/alto-v2.0.xsd" xmlns:xlink="http://www.w3.org/1999/xlink">
	<Description>
		<MeasurementUnit>mm10</MeasurementUnit>
		<sourceImageInformation>
			<fileName>//fileserver7/IN2-2/Princeton/Batch7/bmtnaas/1890/11_01/00000344.tif</fileName>
		</sourceImageInformation>
		<OCRProcessing ID="OCRPROCESSING_1">
			<preProcessingStep>
				<processingSoftware>
					<softwareCreator>CCS Content Conversion Specialists GmbH, Germany</softwareCreator>
					<softwareName>CCS docWorks</softwareName>
					<softwareVersion>6.7-1.24</softwareVersion>
				</processingSoftware>
			</preProcessingStep>
			<ocrProcessingStep>
				<processingSoftware>
					<softwareCreator>ABBYY (BIT Software), Russia</softwareCreator>
					<softwareName>FineReader</softwareName>
					<softwareVersion>10.0</softwareVersion>
				</processingSoftware>
			</ocrProcessingStep>
		</OCRProcessing>
	</Description>
	<Styles>
		<TextStyle ID="TXT_0" FONTSIZE="24" FONTFAMILY="Times New Roman"/>
		<ParagraphStyle ID="PAR_CENTER" ALIGN="Center"/>
		<ParagraphStyle ID="PAR_LEFT" ALIGN="Left"/>
	</Styles>
	<Layout>
		<Page ID="P18" PHYSICAL_IMG_NR="18" HEIGHT="3850" WIDTH="2519" PRINTED_IMG_NR="256" PC="0.910">
			<TopMargin ID="P18_TM00001" HPOS="0" VPOS="0" WIDTH="2519" HEIGHT="267">
				<TextBlock ID="P18_TB00001" HPOS="1176" VPOS="203" WIDTH="119" HEIGHT="61" STYLEREFS="TXT_0 PAR_CENTER">
					<TextLine ID="P18_TL00001" HPOS="1176" VPOS="204" WIDTH="118" HEIGHT="60">
						<String ID="P18_ST00001" HPOS="1176" VPOS="204" WIDTH="118" HEIGHT="60" CONTENT="256" WC="0.40" CC="854"/>
					</TextLine>
				</TextBlock>
			</TopMargin>
			<LeftMargin ID="P18_LM00001" HPOS="0" VPOS="267" WIDTH="160" HEIGHT="3382"/>
			<RightMargin ID="P18_RM00001" HPOS="2341" VPOS="267" WIDTH="178" HEIGHT="3382"/>
			<BottomMargin ID="P18_BM00001" HPOS="0" VPOS="3649" WIDTH="2519" HEIGHT="201"/>
			<PrintSpace ID="P18_PS00001" HPOS="160" VPOS="267" WIDTH="2181" HEIGHT="3382">
				<TextBlock ID="P18_TB00002" HPOS="160" VPOS="337" WIDTH="2181" HEIGHT="3312" STYLEREFS="TXT_0 PAR_LEFT">
					<TextLine ID="P18_TL00002" HPOS="161" VPOS="337" WIDTH="2152" HEIGHT="80">
						<String ID="P18_ST00002" HPOS="161" VPOS="353" WIDTH="145" HEIGHT="58" CONTENT="sent" WC="0.96" CC="5381"/>
						<SP ID="P18_SP00001" HPOS="306" VPOS="411" WIDTH="41"/>
						<String ID="P18_ST00003" HPOS="347" VPOS="361" WIDTH="156" HEIGHT="46" CONTENT="avec" WC="0.95" CC="8643"/>
						<SP ID="P18_SP00002" HPOS="503" VPOS="411" WIDTH="39"/>
						<String ID="P18_ST00004" HPOS="542" VPOS="341" WIDTH="314" HEIGHT="61" CONTENT="câlinerie" WC="0.70" CC="570120801"/>
						<SP ID="P18_SP00003" HPOS="856" VPOS="411" WIDTH="33"/>
						<String ID="P18_ST00005" HPOS="889" VPOS="341" WIDTH="118" HEIGHT="59" CONTENT="des" WC="0.96" CC="604"/>
						<SP ID="P18_SP00004" HPOS="1007" VPOS="411" WIDTH="56"/>
						<String ID="P18_ST00006" HPOS="1063" VPOS="342" WIDTH="37" HEIGHT="57" CONTENT="à" WC="0.14" CC="8"/>
						<SP ID="P18_SP00005" HPOS="1100" VPOS="411" WIDTH="43"/>
						<String ID="P18_ST00007" HPOS="1143" VPOS="358" WIDTH="131" HEIGHT="59" CONTENT="peu" WC="0.95" CC="507"/>
						<SP ID="P18_SP00006" HPOS="1274" VPOS="417" WIDTH="46"/>
						<String ID="P18_ST00008" HPOS="1320" VPOS="338" WIDTH="153" HEIGHT="79" CONTENT="près" WC="0.96" CC="4560"/>
						<SP ID="P18_SP00007" HPOS="1473" VPOS="417" WIDTH="38"/>
						<String ID="P18_ST00009" HPOS="1511" VPOS="338" WIDTH="117" HEIGHT="60" CONTENT="nés" WC="0.92" CC="875"/>
						<SP ID="P18_SP00008" HPOS="1628" VPOS="417" WIDTH="32"/>
						<String ID="P18_ST00010" HPOS="1660" VPOS="337" WIDTH="305" HEIGHT="79" CONTENT="piaulant" WC="0.98" CC="00374651"/>
						<SP ID="P18_SP00009" HPOS="1965" VPOS="417" WIDTH="42"/>
						<String ID="P18_ST00011" HPOS="2007" VPOS="353" WIDTH="161" HEIGHT="44" CONTENT="sous" WC="0.95" CC="9175"/>
						<SP ID="P18_SP00010" HPOS="2168" VPOS="417" WIDTH="28"/>
						<String ID="P18_ST00012" HPOS="2196" VPOS="338" WIDTH="117" HEIGHT="60" CONTENT="des" WC="0.95" CC="940"/>
					</TextLine>
					<TextLine ID="P18_TL00003" HPOS="161" VPOS="427" WIDTH="345" HEIGHT="62">
						<String ID="P18_ST00013" HPOS="161" VPOS="427" WIDTH="345" HEIGHT="62" CONTENT="dentelles." WC="0.99" CC="0060223004"/>
					</TextLine>
					<TextLine ID="P18_TL00004" HPOS="239" VPOS="497" WIDTH="2076" HEIGHT="85">
						<String ID="P18_ST00014" HPOS="239" VPOS="510" WIDTH="145" HEIGHT="59" CONTENT="Une" WC="0.99" CC="030"/>
						<SP ID="P18_SP00011" HPOS="384" VPOS="569" WIDTH="28"/>
						<String ID="P18_ST00015" HPOS="412" VPOS="502" WIDTH="345" HEIGHT="80" CONTENT="poussière" WC="0.98" CC="028531785"/>
						<SP ID="P18_SP00012" HPOS="757" VPOS="582" WIDTH="33"/>
						<String ID="P18_ST00016" HPOS="790" VPOS="501" WIDTH="140" HEIGHT="59" CONTENT="d'or" WC="0.97" CC="0047"/>
						<SP ID="P18_SP00013" HPOS="930" VPOS="582" WIDTH="28"/>
						<String ID="P18_ST00017" HPOS="958" VPOS="501" WIDTH="231" HEIGHT="59" CONTENT="nimbe" WC="0.98" CC="40273"/>
						<SP ID="P18_SP00014" HPOS="1189" VPOS="582" WIDTH="28"/>
						<String ID="P18_ST00018" HPOS="1217" VPOS="502" WIDTH="167" HEIGHT="58" CONTENT="cette" WC="0.98" CC="35042"/>
						<SP ID="P18_SP00015" HPOS="1384" VPOS="582" WIDTH="35"/>
						<String ID="P18_ST00019" HPOS="1419" VPOS="501" WIDTH="212" HEIGHT="58" CONTENT="cohue" WC="0.97" CC="43770"/>
						<SP ID="P18_SP00016" HPOS="1631" VPOS="582" WIDTH="34"/>
						<String ID="P18_ST00020" HPOS="1665" VPOS="498" WIDTH="155" HEIGHT="60" CONTENT="d'où" WC="0.99" CC="0031"/>
						<SP ID="P18_SP00017" HPOS="1820" VPOS="582" WIDTH="45"/>
						<String ID="P18_ST00021" HPOS="1865" VPOS="498" WIDTH="342" HEIGHT="78" CONTENT="émergent" WC="0.99" CC="70006280"/>
						<SP ID="P18_SP00018" HPOS="2207" VPOS="582" WIDTH="33"/>
						<String ID="P18_ST00022" HPOS="2240" VPOS="497" WIDTH="75" HEIGHT="72" CONTENT="çà" WC="0.38" CC="47"/>
					</TextLine>
					<TextLine ID="P18_TL00005" HPOS="161" VPOS="581" WIDTH="1626" HEIGHT="80">
						<String ID="P18_ST00023" HPOS="161" VPOS="591" WIDTH="63" HEIGHT="60" CONTENT="et" WC="0.79" CC="40"/>
						<SP ID="P18_SP00019" HPOS="224" VPOS="651" WIDTH="28"/>
						<String ID="P18_ST00024" HPOS="252" VPOS="588" WIDTH="87" HEIGHT="73" CONTENT="là," WC="0.95" CC="047"/>
						<SP ID="P18_SP00020" HPOS="339" VPOS="661" WIDTH="32"/>
						<String ID="P18_ST00025" HPOS="371" VPOS="587" WIDTH="117" HEIGHT="59" CONTENT="des" WC="0.98" CC="014"/>
						<SP ID="P18_SP00021" HPOS="488" VPOS="661" WIDTH="30"/>
						<String ID="P18_ST00026" HPOS="518" VPOS="583" WIDTH="271" HEIGHT="76" CONTENT="thyrses" WC="0.57" CC="4750343"/>
						<SP ID="P18_SP00022" HPOS="789" VPOS="661" WIDTH="25"/>
						<String ID="P18_ST00027" HPOS="814" VPOS="581" WIDTH="272" HEIGHT="77" CONTENT="fugaces" WC="0.98" CC="5760730"/>
						<SP ID="P18_SP00023" HPOS="1086" VPOS="661" WIDTH="32"/>
						<String ID="P18_ST00028" HPOS="1118" VPOS="582" WIDTH="80" HEIGHT="60" CONTENT="de" WC="0.96" CC="00"/>
						<SP ID="P18_SP00024" HPOS="1198" VPOS="661" WIDTH="32"/>
						<String ID="P18_ST00029" HPOS="1230" VPOS="581" WIDTH="264" HEIGHT="59" CONTENT="ballons" WC="0.98" CC="7002366"/>
						<SP ID="P18_SP00025" HPOS="1494" VPOS="661" WIDTH="28"/>
						<String ID="P18_ST00030" HPOS="1522" VPOS="596" WIDTH="265" HEIGHT="61" CONTENT="rouges." WC="0.98" CC="0476064"/>
					</TextLine>
					<TextLine ID="P18_TL00006" HPOS="243" VPOS="659" WIDTH="2070" HEIGHT="86">
						<String ID="P18_ST00031" HPOS="243" VPOS="671" WIDTH="91" HEIGHT="57" CONTENT="Le" WC="0.66" CC="32"/>
						<SP ID="P18_SP00026" HPOS="334" VPOS="728" WIDTH="19"/>
						<String ID="P18_ST00032" HPOS="353" VPOS="667" WIDTH="154" HEIGHT="78" CONTENT="père" WC="0.97" CC="0706"/>
						<SP ID="P18_SP00027" HPOS="507" VPOS="745" WIDTH="28"/>
						<String ID="P18_ST00033" HPOS="535" VPOS="663" WIDTH="150" HEIGHT="60" CONTENT="noir" WC="0.98" CC="7200"/>
						<SP ID="P18_SP00028" HPOS="685" VPOS="745" WIDTH="25"/>
						<String ID="P18_ST00034" HPOS="710" VPOS="666" WIDTH="64" HEIGHT="56" CONTENT="et" WC="0.66" CC="42"/>
						<SP ID="P18_SP00029" HPOS="774" VPOS="745" WIDTH="30"/>
						<String ID="P18_ST00035" HPOS="804" VPOS="661" WIDTH="279" HEIGHT="61" CONTENT="l'enfant" WC="0.99" CC="00550050"/>
						<SP ID="P18_SP00030" HPOS="1083" VPOS="745" WIDTH="21"/>
						<String ID="P18_ST00036" HPOS="1104" VPOS="662" WIDTH="219" HEIGHT="72" CONTENT="blanc," WC="0.98" CC="740534"/>
						<SP ID="P18_SP00031" HPOS="1323" VPOS="745" WIDTH="26"/>
						<String ID="P18_ST00037" HPOS="1349" VPOS="661" WIDTH="392" HEIGHT="61" CONTENT="maladroits" WC="1.00" CC="0000000200"/>
						<SP ID="P18_SP00032" HPOS="1741" VPOS="745" WIDTH="27"/>
						<String ID="P18_ST00038" HPOS="1768" VPOS="659" WIDTH="220" HEIGHT="78" CONTENT="parmi" WC="1.00" CC="00000"/>
						<SP ID="P18_SP00033" HPOS="1988" VPOS="745" WIDTH="28"/>
						<String ID="P18_ST00039" HPOS="2016" VPOS="677" WIDTH="108" HEIGHT="42" CONTENT="ces" WC="0.96" CC="640"/>
						<SP ID="P18_SP00034" HPOS="2124" VPOS="745" WIDTH="29"/>
						<String ID="P18_ST00040" HPOS="2153" VPOS="676" WIDTH="160" HEIGHT="61" CONTENT="gens" WC="0.98" CC="0070"/>
					</TextLine>
					<TextLine ID="P18_TL00007" HPOS="161" VPOS="739" WIDTH="2153" HEIGHT="88">
						<String ID="P18_ST00041" HPOS="161" VPOS="748" WIDTH="200" HEIGHT="79" CONTENT="qu'ils" WC="0.99" CC="300003"/>
						<SP ID="P18_SP00035" HPOS="361" VPOS="827" WIDTH="33"/>
						<String ID="P18_ST00042" HPOS="394" VPOS="743" WIDTH="409" HEIGHT="78" CONTENT="craignaient" WC="0.99" CC="20020600450"/>
						<SP ID="P18_SP00036" HPOS="803" VPOS="827" WIDTH="28"/>
						<String ID="P18_ST00043" HPOS="831" VPOS="742" WIDTH="78" HEIGHT="60" CONTENT="de" WC="0.86" CC="02"/>
						<SP ID="P18_SP00037" HPOS="909" VPOS="827" WIDTH="25"/>
						<String ID="P18_ST00044" HPOS="934" VPOS="741" WIDTH="224" HEIGHT="72" CONTENT="frôler," WC="0.99" CC="5041402"/>
						<SP ID="P18_SP00038" HPOS="1158" VPOS="827" WIDTH="23"/>
						<String ID="P18_ST00045" HPOS="1181" VPOS="742" WIDTH="276" HEIGHT="60" CONTENT="allaient" WC="0.99" CC="00100353"/>
						<SP ID="P18_SP00039" HPOS="1457" VPOS="827" WIDTH="28"/>
						<String ID="P18_ST00046" HPOS="1485" VPOS="742" WIDTH="245" HEIGHT="58" CONTENT="devant" WC="0.98" CC="027060"/>
						<SP ID="P18_SP00040" HPOS="1730" VPOS="827" WIDTH="28"/>
						<String ID="P18_ST00047" HPOS="1758" VPOS="759" WIDTH="153" HEIGHT="53" CONTENT="eux," WC="0.97" CC="0743"/>
						<SP ID="P18_SP00041" HPOS="1911" VPOS="827" WIDTH="20"/>
						<String ID="P18_ST00048" HPOS="1931" VPOS="757" WIDTH="85" HEIGHT="42" CONTENT="au" WC="0.66" CC="06"/>
						<SP ID="P18_SP00042" HPOS="2016" VPOS="827" WIDTH="26"/>
						<String ID="P18_ST00049" HPOS="2042" VPOS="739" WIDTH="272" HEIGHT="72" CONTENT="hasard," WC="0.98" CC="7050074"/>
					</TextLine>
					<TextLine ID="P18_TL00008" HPOS="161" VPOS="819" WIDTH="2165" HEIGHT="86">
						<String ID="P18_ST00050" HPOS="161" VPOS="831" WIDTH="101" HEIGHT="58" CONTENT="las" WC="0.98" CC="003"/>
						<SP ID="P18_SP00043" HPOS="262" VPOS="889" WIDTH="20"/>
						<String ID="P18_ST00051" HPOS="282" VPOS="827" WIDTH="170" HEIGHT="78" CONTENT="déjà." WC="0.97" CC="07494"/>
						<SP ID="P18_SP00044" HPOS="452" VPOS="905" WIDTH="27"/>
						<String ID="P18_ST00052" HPOS="479" VPOS="825" WIDTH="95" HEIGHT="59" CONTENT="La" WC="0.92" CC="10"/>
						<SP ID="P18_SP00045" HPOS="574" VPOS="905" WIDTH="26"/>
						<String ID="P18_ST00053" HPOS="600" VPOS="822" WIDTH="175" HEIGHT="76" CONTENT="gaîté" WC="0.67" CC="70107"/>
						<SP ID="P18_SP00046" HPOS="775" VPOS="905" WIDTH="47"/>
						<String ID="P18_ST00054" HPOS="822" VPOS="823" WIDTH="115" HEIGHT="59" CONTENT="des" WC="1.00" CC="000"/>
						<SP ID="P18_SP00047" HPOS="937" VPOS="905" WIDTH="47"/>
						<String ID="P18_ST00055" HPOS="984" VPOS="822" WIDTH="226" HEIGHT="60" CONTENT="habits" WC="0.99" CC="006000"/>
						<SP ID="P18_SP00048" HPOS="1210" VPOS="905" WIDTH="30"/>
						<String ID="P18_ST00056" HPOS="1240" VPOS="825" WIDTH="62" HEIGHT="57" CONTENT="et" WC="0.74" CC="14"/>
						<SP ID="P18_SP00049" HPOS="1302" VPOS="905" WIDTH="27"/>
						<String ID="P18_ST00057" HPOS="1329" VPOS="823" WIDTH="64" HEIGHT="60" CONTENT="la" WC="1.00" CC="00"/>
						<SP ID="P18_SP00050" HPOS="1393" VPOS="905" WIDTH="38"/>
						<String ID="P18_ST00058" HPOS="1431" VPOS="839" WIDTH="281" HEIGHT="43" CONTENT="rumeur" WC="1.00" CC="001000"/>
						<SP ID="P18_SP00051" HPOS="1712" VPOS="905" WIDTH="22"/>
						<String ID="P18_ST00059" HPOS="1734" VPOS="821" WIDTH="288" HEIGHT="77" CONTENT="joyeuse" WC="0.99" CC="0450016"/>
						<SP ID="P18_SP00052" HPOS="2022" VPOS="905" WIDTH="36"/>
						<String ID="P18_ST00060" HPOS="2058" VPOS="821" WIDTH="118" HEIGHT="59" CONTENT="des" WC="0.97" CC="062"/>
						<SP ID="P18_SP00053" HPOS="2176" VPOS="905" WIDTH="33"/>
						<String ID="P18_ST00061" HPOS="2209" VPOS="819" WIDTH="78" HEIGHT="59" CONTENT="ba" SUBS_TYPE="HypPart1" SUBS_CONTENT="bavardages" WC="0.99" CC="00"/>
						<HYP HPOS="2287" VPOS="819" WIDTH="39" CONTENT="-"/>
					</TextLine>
					<TextLine ID="P18_TL00009" HPOS="160" VPOS="901" WIDTH="2159" HEIGHT="84">
						<String ID="P18_ST00062" HPOS="160" VPOS="910" WIDTH="327" HEIGHT="75" CONTENT="vardages" SUBS_TYPE="HypPart2" SUBS_CONTENT="bavardages" WC="1.00" CC="00004015"/>
						<SP ID="P18_SP00054" HPOS="487" VPOS="985" WIDTH="34"/>
						<String ID="P18_ST00063" HPOS="521" VPOS="903" WIDTH="334" HEIGHT="60" CONTENT="n'avaient" WC="0.99" CC="030004140"/>
						<SP ID="P18_SP00055" HPOS="855" VPOS="985" WIDTH="38"/>
						<String ID="P18_ST00064" HPOS="893" VPOS="921" WIDTH="121" HEIGHT="59" CONTENT="pas" WC="0.98" CC="005"/>
						<SP ID="P18_SP00056" HPOS="1014" VPOS="985" WIDTH="33"/>
						<String ID="P18_ST00065" HPOS="1047" VPOS="902" WIDTH="284" HEIGHT="62" CONTENT="d'action" WC="0.99" CC="04060057"/>
						<SP ID="P18_SP00057" HPOS="1331" VPOS="985" WIDTH="34"/>
						<String ID="P18_ST00066" HPOS="1365" VPOS="921" WIDTH="117" HEIGHT="42" CONTENT="sur" WC="0.95" CC="670"/>
						<SP ID="P18_SP00058" HPOS="1482" VPOS="985" WIDTH="37"/>
						<String ID="P18_ST00067" HPOS="1519" VPOS="903" WIDTH="149" HEIGHT="60" CONTENT="leur" WC="0.99" CC="2300"/>
						<SP ID="P18_SP00059" HPOS="1668" VPOS="985" WIDTH="31"/>
						<String ID="P18_ST00068" HPOS="1699" VPOS="902" WIDTH="234" HEIGHT="76" CONTENT="couple" WC="0.98" CC="420054"/>
						<SP ID="P18_SP00060" HPOS="1933" VPOS="985" WIDTH="37"/>
						<String ID="P18_ST00069" HPOS="1970" VPOS="902" WIDTH="216" HEIGHT="58" CONTENT="triste," WC="0.99" CC="6005104"/>
						<SP ID="P18_SP00061" HPOS="2186" VPOS="985" WIDTH="42"/>
						<String ID="P18_ST00070" HPOS="2228" VPOS="901" WIDTH="91" HEIGHT="58" CONTENT="ils" WC="0.96" CC="730"/>
					</TextLine>
					<TextLine ID="P18_TL00010" HPOS="160" VPOS="982" WIDTH="2158" HEIGHT="85">
						<String ID="P18_ST00071" HPOS="160" VPOS="988" WIDTH="346" HEIGHT="79" CONTENT="passaient" WC="0.99" CC="000400086"/>
						<SP ID="P18_SP00062" HPOS="506" VPOS="1067" WIDTH="36"/>
						<String ID="P18_ST00072" HPOS="542" VPOS="983" WIDTH="534" HEIGHT="78" CONTENT="irréfrangibles," WC="0.74" CC="600000770203154"/>
						<SP ID="P18_SP00063" HPOS="1076" VPOS="1067" WIDTH="35"/>
						<String ID="P18_ST00073" HPOS="1111" VPOS="983" WIDTH="253" HEIGHT="61" CONTENT="faisant" WC="0.99" CC="3003040"/>
						<SP ID="P18_SP00064" HPOS="1364" VPOS="1067" WIDTH="46"/>
						<String ID="P18_ST00074" HPOS="1410" VPOS="1001" WIDTH="133" HEIGHT="42" CONTENT="une" WC="0.94" CC="770"/>
						<SP ID="P18_SP00065" HPOS="1543" VPOS="1067" WIDTH="46"/>
						<String ID="P18_ST00075" HPOS="1589" VPOS="983" WIDTH="189" HEIGHT="60" CONTENT="tache" WC="0.98" CC="00670"/>
						<SP ID="P18_SP00066" HPOS="1778" VPOS="1067" WIDTH="41"/>
						<String ID="P18_ST00076" HPOS="1819" VPOS="985" WIDTH="181" HEIGHT="57" CONTENT="nette" WC="0.97" CC="87006"/>
						<SP ID="P18_SP00067" HPOS="2000" VPOS="1067" WIDTH="40"/>
						<String ID="P18_ST00077" HPOS="2040" VPOS="982" WIDTH="167" HEIGHT="60" CONTENT="dans" WC="0.98" CC="0074"/>
						<SP ID="P18_SP00068" HPOS="2207" VPOS="1067" WIDTH="42"/>
						<String ID="P18_ST00078" HPOS="2249" VPOS="997" WIDTH="69" HEIGHT="43" CONTENT="ce" WC="0.68" CC="42"/>
					</TextLine>
					<TextLine ID="P18_TL00011" HPOS="161" VPOS="1065" WIDTH="1077" HEIGHT="75">
						<String ID="P18_ST00079" HPOS="161" VPOS="1070" WIDTH="230" HEIGHT="70" CONTENT="blond," WC="0.98" CC="715104"/>
						<SP ID="P18_SP00069" HPOS="391" VPOS="1140" WIDTH="32"/>
						<String ID="P18_ST00080" HPOS="423" VPOS="1085" WIDTH="69" HEIGHT="42" CONTENT="ce" WC="0.53" CC="17"/>
						<SP ID="P18_SP00070" HPOS="492" VPOS="1140" WIDTH="29"/>
						<String ID="P18_ST00081" HPOS="521" VPOS="1066" WIDTH="159" HEIGHT="61" CONTENT="bleu" WC="0.98" CC="0407"/>
						<SP ID="P18_SP00071" HPOS="680" VPOS="1140" WIDTH="33"/>
						<String ID="P18_ST00082" HPOS="713" VPOS="1070" WIDTH="63" HEIGHT="54" CONTENT="et" WC="0.83" CC="30"/>
						<SP ID="P18_SP00072" HPOS="776" VPOS="1140" WIDTH="31"/>
						<String ID="P18_ST00083" HPOS="807" VPOS="1065" WIDTH="167" HEIGHT="59" CONTENT="dans" WC="0.99" CC="0006"/>
						<SP ID="P18_SP00073" HPOS="974" VPOS="1140" WIDTH="40"/>
						<String ID="P18_ST00084" HPOS="1014" VPOS="1066" WIDTH="100" HEIGHT="58" CONTENT="cet" WC="0.98" CC="212"/>
						<SP ID="P18_SP00074" HPOS="1114" VPOS="1140" WIDTH="32"/>
						<String ID="P18_ST00085" HPOS="1146" VPOS="1082" WIDTH="92" HEIGHT="44" CONTENT="or." WC="0.98" CC="203"/>
					</TextLine>
					<TextLine ID="P18_TL00012" HPOS="241" VPOS="1143" WIDTH="2082" HEIGHT="83">
						<String ID="P18_ST00086" HPOS="241" VPOS="1151" WIDTH="92" HEIGHT="58" CONTENT="Le" WC="0.83" CC="03"/>
						<SP ID="P18_SP00075" HPOS="333" VPOS="1209" WIDTH="46"/>
						<String ID="P18_ST00087" HPOS="379" VPOS="1150" WIDTH="186" HEIGHT="76" CONTENT="petit," WC="1.00" CC="000000"/>
						<SP ID="P18_SP00076" HPOS="565" VPOS="1226" WIDTH="49"/>
						<String ID="P18_ST00088" HPOS="614" VPOS="1147" WIDTH="154" HEIGHT="59" CONTENT="dom" WC="1.00" CC="000"/>
						<SP ID="P18_SP00077" HPOS="768" VPOS="1226" WIDTH="34"/>
						<String ID="P18_ST00089" HPOS="802" VPOS="1145" WIDTH="81" HEIGHT="59" CONTENT="né" WC="0.37" CC="74"/>
						<SP ID="P18_SP00078" HPOS="883" VPOS="1226" WIDTH="32"/>
						<String ID="P18_ST00090" HPOS="915" VPOS="1164" WIDTH="119" HEIGHT="58" CONTENT="par" WC="1.00" CC="000"/>
						<SP ID="P18_SP00079" HPOS="1034" VPOS="1226" WIDTH="47"/>
						<String ID="P18_ST00091" HPOS="1081" VPOS="1146" WIDTH="100" HEIGHT="60" CONTENT="les" WC="0.96" CC="234"/>
						<SP ID="P18_SP00080" HPOS="1181" VPOS="1226" WIDTH="31"/>
						<String ID="P18_ST00092" HPOS="1212" VPOS="1147" WIDTH="203" HEIGHT="60" CONTENT="hauts" WC="0.97" CC="70633"/>
						<SP ID="P18_SP00081" HPOS="1415" VPOS="1226" WIDTH="41"/>
						<String ID="P18_ST00093" HPOS="1456" VPOS="1162" WIDTH="463" HEIGHT="60" CONTENT="promeneurs," WC="0.99" CC="00500720054"/>
						<SP ID="P18_SP00082" HPOS="1919" VPOS="1226" WIDTH="37"/>
						<String ID="P18_ST00094" HPOS="1956" VPOS="1161" WIDTH="79" HEIGHT="42" CONTENT="ne" WC="0.42" CC="82"/>
						<SP ID="P18_SP00083" HPOS="2035" VPOS="1226" WIDTH="37"/>
						<String ID="P18_ST00095" HPOS="2072" VPOS="1143" WIDTH="251" HEIGHT="77" CONTENT="voyant" WC="0.99" CC="040060"/>
					</TextLine>
					<TextLine ID="P18_TL00013" HPOS="165" VPOS="1223" WIDTH="2157" HEIGHT="84">
						<String ID="P18_ST00096" HPOS="165" VPOS="1246" WIDTH="127" HEIGHT="61" CONTENT="que" WC="0.95" CC="760"/>
						<SP ID="P18_SP00084" HPOS="292" VPOS="1307" WIDTH="35"/>
						<String ID="P18_ST00097" HPOS="327" VPOS="1230" WIDTH="116" HEIGHT="58" CONTENT="des" WC="0.97" CC="035"/>
						<SP ID="P18_SP00085" HPOS="443" VPOS="1307" WIDTH="28"/>
						<String ID="P18_ST00098" HPOS="471" VPOS="1228" WIDTH="220" HEIGHT="77" CONTENT="jupes," WC="0.99" CC="400104"/>
						<SP ID="P18_SP00086" HPOS="691" VPOS="1307" WIDTH="39"/>
						<String ID="P18_ST00099" HPOS="730" VPOS="1226" WIDTH="117" HEIGHT="58" CONTENT="des" WC="0.98" CC="005"/>
						<SP ID="P18_SP00087" HPOS="847" VPOS="1307" WIDTH="31"/>
						<String ID="P18_ST00100" HPOS="878" VPOS="1226" WIDTH="354" HEIGHT="76" CONTENT="pantalons" WC="0.99" CC="005004275"/>
						<SP ID="P18_SP00088" HPOS="1232" VPOS="1307" WIDTH="34"/>
						<String ID="P18_ST00101" HPOS="1266" VPOS="1230" WIDTH="61" HEIGHT="57" CONTENT="et" WC="0.84" CC="21"/>
						<SP ID="P18_SP00089" HPOS="1327" VPOS="1307" WIDTH="35"/>
						<String ID="P18_ST00102" HPOS="1362" VPOS="1226" WIDTH="116" HEIGHT="60" CONTENT="des" WC="1.00" CC="000"/>
						<SP ID="P18_SP00090" HPOS="1478" VPOS="1307" WIDTH="39"/>
						<String ID="P18_ST00103" HPOS="1517" VPOS="1226" WIDTH="322" HEIGHT="71" CONTENT="bottines," WC="0.99" CC="710037104"/>
						<SP ID="P18_SP00091" HPOS="1839" VPOS="1307" WIDTH="42"/>
						<String ID="P18_ST00104" HPOS="1881" VPOS="1223" WIDTH="316" HEIGHT="61" CONTENT="semblait" WC="0.99" CC="12900000"/>
						<SP ID="P18_SP00092" HPOS="2197" VPOS="1307" WIDTH="29"/>
						<String ID="P18_ST00105" HPOS="2226" VPOS="1240" WIDTH="64" HEIGHT="42" CONTENT="re" SUBS_TYPE="HypPart1" SUBS_CONTENT="regretter" WC="0.99" CC="00"/>
						<HYP HPOS="2290" VPOS="1240" WIDTH="32" CONTENT="-"/>
					</TextLine>
					<TextLine ID="P18_TL00014" HPOS="168" VPOS="1292" WIDTH="2155" HEIGHT="95">
						<String ID="P18_ST00106" HPOS="168" VPOS="1311" WIDTH="245" HEIGHT="76" CONTENT="gretter" SUBS_TYPE="HypPart2" SUBS_CONTENT="regretter" WC="1.00" CC="0000000"/>
						<SP ID="P18_SP00093" HPOS="413" VPOS="1387" WIDTH="49"/>
						<String ID="P18_ST00107" HPOS="462" VPOS="1292" WIDTH="97" HEIGHT="76" CONTENT="ies" WC="0.54" CC="706"/>
						<SP ID="P18_SP00094" HPOS="559" VPOS="1387" WIDTH="43"/>
						<String ID="P18_ST00108" HPOS="602" VPOS="1306" WIDTH="313" HEIGHT="60" CONTENT="horizons" WC="0.98" CC="75004684"/>
						<SP ID="P18_SP00095" HPOS="915" VPOS="1387" WIDTH="35"/>
						<String ID="P18_ST00109" HPOS="950" VPOS="1307" WIDTH="156" HEIGHT="76" CONTENT="plus" WC="0.98" CC="0470"/>
						<SP ID="P18_SP00096" HPOS="1106" VPOS="1387" WIDTH="50"/>
						<String ID="P18_ST00110" HPOS="1156" VPOS="1310" WIDTH="226" HEIGHT="57" CONTENT="vastes" WC="0.99" CC="006003"/>
						<SP ID="P18_SP00097" HPOS="1382" VPOS="1387" WIDTH="46"/>
						<String ID="P18_ST00111" HPOS="1428" VPOS="1307" WIDTH="118" HEIGHT="59" CONTENT="des" WC="0.99" CC="020"/>
						<SP ID="P18_SP00098" HPOS="1546" VPOS="1387" WIDTH="45"/>
						<String ID="P18_ST00112" HPOS="1591" VPOS="1306" WIDTH="398" HEIGHT="77" CONTENT="esplanades" WC="0.99" CC="0405050035"/>
						<SP ID="P18_SP00099" HPOS="1989" VPOS="1387" WIDTH="49"/>
						<String ID="P18_ST00113" HPOS="2038" VPOS="1303" WIDTH="245" HEIGHT="60" CONTENT="faubou" SUBS_TYPE="HypPart1" SUBS_CONTENT="faubouriennes." WC="0.98" CC="007637"/>
						<HYP HPOS="2283" VPOS="1303" WIDTH="40" CONTENT="-"/>
					</TextLine>
					<TextLine ID="P18_TL00015" HPOS="167" VPOS="1386" WIDTH="2156" HEIGHT="79">
						<String ID="P18_ST00114" HPOS="167" VPOS="1391" WIDTH="288" HEIGHT="60" CONTENT="riennes." SUBS_TYPE="HypPart2" SUBS_CONTENT="faubouriennes." WC="0.98" CC="05057082"/>
						<SP ID="P18_SP00100" HPOS="455" VPOS="1451" WIDTH="34"/>
						<String ID="P18_ST00115" HPOS="489" VPOS="1390" WIDTH="347" HEIGHT="58" CONTENT="L'homme" WC="0.98" CC="0465006"/>
						<SP ID="P18_SP00101" HPOS="836" VPOS="1451" WIDTH="47"/>
						<String ID="P18_ST00116" HPOS="883" VPOS="1388" WIDTH="334" HEIGHT="77" CONTENT="regardait" WC="1.00" CC="020000033"/>
						<SP ID="P18_SP00102" HPOS="1217" VPOS="1465" WIDTH="35"/>
						<String ID="P18_ST00117" HPOS="1252" VPOS="1388" WIDTH="64" HEIGHT="59" CONTENT="la" WC="0.79" CC="40"/>
						<SP ID="P18_SP00103" HPOS="1316" VPOS="1465" WIDTH="38"/>
						<String ID="P18_ST00118" HPOS="1354" VPOS="1387" WIDTH="263" HEIGHT="60" CONTENT="voiture" WC="0.99" CC="0302700"/>
						<SP ID="P18_SP00104" HPOS="1617" VPOS="1465" WIDTH="42"/>
						<String ID="P18_ST00119" HPOS="1659" VPOS="1405" WIDTH="132" HEIGHT="41" CONTENT="aux" WC="0.96" CC="009"/>
						<SP ID="P18_SP00105" HPOS="1791" VPOS="1465" WIDTH="40"/>
						<String ID="P18_ST00120" HPOS="1831" VPOS="1386" WIDTH="300" HEIGHT="71" CONTENT="chèvres," WC="1.00" CC="00600004"/>
						<SP ID="P18_SP00106" HPOS="2131" VPOS="1465" WIDTH="38"/>
						<String ID="P18_ST00121" HPOS="2169" VPOS="1387" WIDTH="124" HEIGHT="56" CONTENT="traî" SUBS_TYPE="HypPart1" SUBS_CONTENT="traînant" WC="0.98" CC="0067"/>
						<HYP HPOS="2293" VPOS="1387" WIDTH="30" CONTENT="-"/>
					</TextLine>
					<TextLine ID="P18_TL00016" HPOS="165" VPOS="1466" WIDTH="2155" HEIGHT="80">
						<String ID="P18_ST00122" HPOS="165" VPOS="1472" WIDTH="163" HEIGHT="59" CONTENT="nant" SUBS_TYPE="HypPart2" SUBS_CONTENT="traînant" WC="0.97" CC="5044"/>
						<SP ID="P18_SP00107" HPOS="328" VPOS="1531" WIDTH="32"/>
						<String ID="P18_ST00123" HPOS="360" VPOS="1471" WIDTH="116" HEIGHT="58" CONTENT="des" WC="0.98" CC="005"/>
						<SP ID="P18_SP00108" HPOS="476" VPOS="1531" WIDTH="31"/>
						<String ID="P18_ST00124" HPOS="507" VPOS="1470" WIDTH="267" HEIGHT="59" CONTENT="enfants" WC="0.98" CC="0840646"/>
						<SP ID="P18_SP00109" HPOS="774" VPOS="1531" WIDTH="31"/>
						<String ID="P18_ST00125" HPOS="805" VPOS="1486" WIDTH="158" HEIGHT="42" CONTENT="sans" WC="0.97" CC="4054"/>
						<SP ID="P18_SP00110" HPOS="963" VPOS="1531" WIDTH="44"/>
						<String ID="P18_ST00126" HPOS="1007" VPOS="1468" WIDTH="197" HEIGHT="78" CONTENT="gaîté," WC="0.63" CC="005474"/>
						<SP ID="P18_SP00111" HPOS="1204" VPOS="1546" WIDTH="37"/>
						<String ID="P18_ST00127" HPOS="1241" VPOS="1468" WIDTH="198" HEIGHT="78" CONTENT="gavés" WC="0.99" CC="00070"/>
						<SP ID="P18_SP00112" HPOS="1439" VPOS="1546" WIDTH="47"/>
						<String ID="P18_ST00128" HPOS="1486" VPOS="1468" WIDTH="151" HEIGHT="78" CONTENT="déjà" WC="0.98" CC="0640"/>
						<SP ID="P18_SP00113" HPOS="1637" VPOS="1546" WIDTH="42"/>
						<String ID="P18_ST00129" HPOS="1679" VPOS="1468" WIDTH="79" HEIGHT="60" CONTENT="de" WC="0.84" CC="03"/>
						<SP ID="P18_SP00114" HPOS="1758" VPOS="1546" WIDTH="35"/>
						<String ID="P18_ST00130" HPOS="1793" VPOS="1467" WIDTH="149" HEIGHT="60" CONTENT="leur" WC="0.96" CC="3570"/>
						<SP ID="P18_SP00115" HPOS="1942" VPOS="1546" WIDTH="32"/>
						<String ID="P18_ST00131" HPOS="1974" VPOS="1466" WIDTH="346" HEIGHT="77" CONTENT="opulence," WC="0.99" CC="300158444"/>
					</TextLine>
					<TextLine ID="P18_TL00017" HPOS="163" VPOS="1546" WIDTH="2163" HEIGHT="80">
						<String ID="P18_ST00132" HPOS="163" VPOS="1552" WIDTH="101" HEIGHT="59" CONTENT="les" WC="0.96" CC="055"/>
						<SP ID="P18_SP00116" HPOS="264" VPOS="1611" WIDTH="28"/>
						<String ID="P18_ST00133" HPOS="292" VPOS="1550" WIDTH="375" HEIGHT="61" CONTENT="éventaires" WC="0.87" CC="5006000001"/>
						<SP ID="P18_SP00117" HPOS="667" VPOS="1611" WIDTH="25"/>
						<String ID="P18_ST00134" HPOS="692" VPOS="1548" WIDTH="154" HEIGHT="77" CONTENT="près" WC="0.97" CC="1055"/>
						<SP ID="P18_SP00118" HPOS="846" VPOS="1625" WIDTH="32"/>
						<String ID="P18_ST00135" HPOS="878" VPOS="1548" WIDTH="316" HEIGHT="77" CONTENT="desquels" WC="0.98" CC="03608246"/>
						<SP ID="P18_SP00119" HPOS="1194" VPOS="1625" WIDTH="36"/>
						<String ID="P18_ST00136" HPOS="1230" VPOS="1551" WIDTH="78" HEIGHT="57" CONTENT="de" WC="0.72" CC="05"/>
						<SP ID="P18_SP00120" HPOS="1308" VPOS="1625" WIDTH="33"/>
						<String ID="P18_ST00137" HPOS="1341" VPOS="1551" WIDTH="278" HEIGHT="75" CONTENT="coquets" WC="0.99" CC="0300041"/>
						<SP ID="P18_SP00121" HPOS="1619" VPOS="1626" WIDTH="28"/>
						<String ID="P18_ST00138" HPOS="1647" VPOS="1548" WIDTH="235" HEIGHT="60" CONTENT="babies" WC="0.72" CC="507030"/>
						<SP ID="P18_SP00122" HPOS="1882" VPOS="1626" WIDTH="33"/>
						<String ID="P18_ST00139" HPOS="1915" VPOS="1546" WIDTH="411" HEIGHT="74" CONTENT="suçottaient" WC="0.87" CC="30004000040"/>
					</TextLine>
					<TextLine ID="P18_TL00018" HPOS="165" VPOS="1627" WIDTH="2162" HEIGHT="83">
						<String ID="P18_ST00140" HPOS="165" VPOS="1632" WIDTH="527" HEIGHT="78" CONTENT="négligemment" WC="1.00" CC="850100200030"/>
						<SP ID="P18_SP00123" HPOS="692" VPOS="1710" WIDTH="24"/>
						<String ID="P18_ST00141" HPOS="716" VPOS="1630" WIDTH="119" HEIGHT="59" CONTENT="des" WC="0.95" CC="454"/>
						<SP ID="P18_SP00124" HPOS="835" VPOS="1710" WIDTH="31"/>
						<String ID="P18_ST00142" HPOS="866" VPOS="1630" WIDTH="388" HEIGHT="62" CONTENT="confiseries" WC="0.99" CC="07054410002"/>
						<SP ID="P18_SP00125" HPOS="1254" VPOS="1710" WIDTH="33"/>
						<String ID="P18_ST00143" HPOS="1287" VPOS="1648" WIDTH="85" HEIGHT="41" CONTENT="ou" WC="0.41" CC="56"/>
						<SP ID="P18_SP00126" HPOS="1372" VPOS="1710" WIDTH="26"/>
						<String ID="P18_ST00144" HPOS="1398" VPOS="1630" WIDTH="439" HEIGHT="59" CONTENT="fracassaient" WC="0.99" CC="470600072150"/>
						<SP ID="P18_SP00127" HPOS="1837" VPOS="1710" WIDTH="33"/>
						<String ID="P18_ST00145" HPOS="1870" VPOS="1646" WIDTH="157" HEIGHT="42" CONTENT="sans" WC="0.99" CC="0006"/>
						<SP ID="P18_SP00128" HPOS="2027" VPOS="1710" WIDTH="28"/>
						<String ID="P18_ST00146" HPOS="2055" VPOS="1627" WIDTH="234" HEIGHT="78" CONTENT="précau" SUBS_TYPE="HypPart1" SUBS_CONTENT="précaution" WC="0.98" CC="007638"/>
						<HYP HPOS="2289" VPOS="1627" WIDTH="38" CONTENT="-"/>
					</TextLine>
					<TextLine ID="P18_TL00019" HPOS="164" VPOS="1708" WIDTH="2158" HEIGHT="81">
						<String ID="P18_ST00147" HPOS="164" VPOS="1712" WIDTH="143" HEIGHT="60" CONTENT="tion" SUBS_TYPE="HypPart2" SUBS_CONTENT="précaution" WC="0.99" CC="0040"/>
						<SP ID="P18_SP00129" HPOS="307" VPOS="1772" WIDTH="34"/>
						<String ID="P18_ST00148" HPOS="341" VPOS="1712" WIDTH="118" HEIGHT="59" CONTENT="des" WC="0.98" CC="005"/>
						<SP ID="P18_SP00130" HPOS="459" VPOS="1772" WIDTH="40"/>
						<String ID="P18_ST00149" HPOS="499" VPOS="1710" WIDTH="267" HEIGHT="79" CONTENT="gaufres" WC="0.99" CC="0060004"/>
						<SP ID="P18_SP00131" HPOS="766" VPOS="1789" WIDTH="34"/>
						<String ID="P18_ST00150" HPOS="800" VPOS="1710" WIDTH="297" HEIGHT="77" CONTENT="fragiles," WC="1.00" CC="300004004"/>
						<SP ID="P18_SP00132" HPOS="1097" VPOS="1789" WIDTH="30"/>
						<String ID="P18_ST00151" HPOS="1127" VPOS="1710" WIDTH="326" HEIGHT="75" CONTENT="jonchant" WC="0.98" CC="07756053"/>
						<SP ID="P18_SP00133" HPOS="1453" VPOS="1789" WIDTH="32"/>
						<String ID="P18_ST00152" HPOS="1485" VPOS="1710" WIDTH="58" HEIGHT="58" CONTENT="le" WC="0.60" CC="34"/>
						<SP ID="P18_SP00134" HPOS="1543" VPOS="1789" WIDTH="41"/>
						<String ID="P18_ST00153" HPOS="1584" VPOS="1711" WIDTH="98" HEIGHT="57" CONTENT="sol" WC="0.95" CC="364"/>
						<SP ID="P18_SP00135" HPOS="1682" VPOS="1789" WIDTH="43"/>
						<String ID="P18_ST00154" HPOS="1725" VPOS="1711" WIDTH="79" HEIGHT="58" CONTENT="de" WC="1.00" CC="00"/>
						<SP ID="P18_SP00136" HPOS="1804" VPOS="1789" WIDTH="36"/>
						<String ID="P18_ST00155" HPOS="1840" VPOS="1710" WIDTH="187" HEIGHT="59" CONTENT="leurs" WC="0.97" CC="06605"/>
						<SP ID="P18_SP00137" HPOS="2027" VPOS="1789" WIDTH="43"/>
						<String ID="P18_ST00156" HPOS="2070" VPOS="1708" WIDTH="252" HEIGHT="59" CONTENT="débris." WC="0.98" CC="0070364"/>
					</TextLine>
					<TextLine ID="P18_TL00020" HPOS="248" VPOS="1789" WIDTH="2080" HEIGHT="80">
						<String ID="P18_ST00157" HPOS="248" VPOS="1794" WIDTH="95" HEIGHT="58" CONTENT="La" WC="1.00" CC="00"/>
						<SP ID="P18_SP00138" HPOS="343" VPOS="1852" WIDTH="31"/>
						<String ID="P18_ST00158" HPOS="374" VPOS="1791" WIDTH="384" HEIGHT="61" CONTENT="conscience" WC="0.99" CC="3551000674"/>
						<SP ID="P18_SP00139" HPOS="758" VPOS="1852" WIDTH="28"/>
						<String ID="P18_ST00159" HPOS="786" VPOS="1792" WIDTH="79" HEIGHT="57" CONTENT="de" WC="0.84" CC="03"/>
						<SP ID="P18_SP00140" HPOS="865" VPOS="1852" WIDTH="22"/>
						<String ID="P18_ST00160" HPOS="887" VPOS="1809" WIDTH="120" HEIGHT="40" CONTENT="son" WC="0.96" CC="640"/>
						<SP ID="P18_SP00141" HPOS="1007" VPOS="1852" WIDTH="18"/>
						<String ID="P18_ST00161" HPOS="1025" VPOS="1791" WIDTH="196" HEIGHT="60" CONTENT="lourd" WC="0.98" CC="42600"/>
						<SP ID="P18_SP00142" HPOS="1221" VPOS="1852" WIDTH="24"/>
						<String ID="P18_ST00162" HPOS="1245" VPOS="1791" WIDTH="297" HEIGHT="78" CONTENT="héritage" WC="0.99" CC="74000004"/>
						<SP ID="P18_SP00143" HPOS="1542" VPOS="1869" WIDTH="34"/>
						<String ID="P18_ST00163" HPOS="1576" VPOS="1792" WIDTH="80" HEIGHT="59" CONTENT="de" WC="0.77" CC="04"/>
						<SP ID="P18_SP00144" HPOS="1656" VPOS="1869" WIDTH="24"/>
						<String ID="P18_ST00164" HPOS="1680" VPOS="1791" WIDTH="247" HEIGHT="58" CONTENT="misère" WC="0.99" CC="000700"/>
						<SP ID="P18_SP00145" HPOS="1927" VPOS="1869" WIDTH="28"/>
						<String ID="P18_ST00165" HPOS="1955" VPOS="1789" WIDTH="373" HEIGHT="60" CONTENT="l'accablait" WC="0.99" CC="04037070900"/>
					</TextLine>
					<TextLine ID="P18_TL00021" HPOS="169" VPOS="1871" WIDTH="2159" HEIGHT="79">
						<String ID="P18_ST00166" HPOS="169" VPOS="1874" WIDTH="198" HEIGHT="58" CONTENT="d'une" WC="0.99" CC="03022"/>
						<SP ID="P18_SP00146" HPOS="367" VPOS="1932" WIDTH="27"/>
						<String ID="P18_ST00167" HPOS="394" VPOS="1874" WIDTH="277" HEIGHT="76" CONTENT="pesante" WC="0.99" CC="0340006"/>
						<SP ID="P18_SP00147" HPOS="671" VPOS="1950" WIDTH="31"/>
						<String ID="P18_ST00168" HPOS="702" VPOS="1871" WIDTH="329" HEIGHT="61" CONTENT="tristesse." WC="0.99" CC="2005005404"/>
						<SP ID="P18_SP00148" HPOS="1031" VPOS="1950" WIDTH="36"/>
						<String ID="P18_ST00169" HPOS="1067" VPOS="1872" WIDTH="259" HEIGHT="60" CONTENT="Jamais" WC="0.99" CC="000024"/>
						<SP ID="P18_SP00149" HPOS="1326" VPOS="1950" WIDTH="25"/>
						<String ID="P18_ST00170" HPOS="1351" VPOS="1890" WIDTH="121" HEIGHT="42" CONTENT="son" WC="0.99" CC="030"/>
						<SP ID="P18_SP00150" HPOS="1472" VPOS="1950" WIDTH="28"/>
						<String ID="P18_ST00171" HPOS="1500" VPOS="1872" WIDTH="111" HEIGHT="59" CONTENT="tils" WC="0.58" CC="0456"/>
						<SP ID="P18_SP00151" HPOS="1611" VPOS="1950" WIDTH="34"/>
						<String ID="P18_ST00172" HPOS="1645" VPOS="1872" WIDTH="289" HEIGHT="60" CONTENT="n'aurait" WC="0.99" CC="50060000"/>
						<SP ID="P18_SP00152" HPOS="1934" VPOS="1950" WIDTH="27"/>
						<String ID="P18_ST00173" HPOS="1961" VPOS="1874" WIDTH="226" HEIGHT="55" CONTENT="toutes" WC="0.98" CC="078030"/>
						<SP ID="P18_SP00153" HPOS="2187" VPOS="1950" WIDTH="33"/>
						<String ID="P18_ST00174" HPOS="2220" VPOS="1888" WIDTH="108" HEIGHT="43" CONTENT="ces" WC="0.94" CC="725"/>
					</TextLine>
					<TextLine ID="P18_TL00022" HPOS="161" VPOS="1951" WIDTH="2180" HEIGHT="83">
						<String ID="P18_ST00175" HPOS="161" VPOS="1955" WIDTH="197" HEIGHT="77" CONTENT="joies." WC="0.98" CC="450014"/>
						<SP ID="P18_SP00154" HPOS="358" VPOS="2032" WIDTH="1466"/>
						<String ID="P18_ST00176" HPOS="1824" VPOS="2023" WIDTH="7" HEIGHT="11" CONTENT="_" WC="0.54" CC="4"/>
						<SP ID="P18_SP00155" HPOS="1831" VPOS="2034" WIDTH="47"/>
						<String ID="P18_ST00177" HPOS="1878" VPOS="1965" WIDTH="86" HEIGHT="48" CONTENT="y/" WC="0.25" CC="77"/>
						<SP ID="P18_SP00156" HPOS="1964" VPOS="2034" WIDTH="55"/>
						<String ID="P18_ST00178" HPOS="2019" VPOS="2015" WIDTH="6" HEIGHT="6" CONTENT="," WC="0.55" CC="4"/>
						<SP ID="P18_SP00157" HPOS="2025" VPOS="2034" WIDTH="81"/>
						<String ID="P18_ST00179" HPOS="2106" VPOS="1951" WIDTH="81" HEIGHT="79" CONTENT="ôy" WC="0.73" CC="22"/>
						<SP ID="P18_SP00158" HPOS="2187" VPOS="2034" WIDTH="43"/>
						<String ID="P18_ST00180" HPOS="2230" VPOS="1964" WIDTH="9" HEIGHT="48" CONTENT=";" WC="0.15" CC="8"/>
						<SP ID="P18_SP00159" HPOS="2239" VPOS="2034" WIDTH="90"/>
						<String ID="P18_ST00181" HPOS="2329" VPOS="1959" WIDTH="12" HEIGHT="73" CONTENT="|" WC="1.00" CC="9"/>
					</TextLine>
					<TextLine ID="P18_TL00023" HPOS="248" VPOS="2031" WIDTH="2081" HEIGHT="78">
						<String ID="P18_ST00182" HPOS="248" VPOS="2034" WIDTH="91" HEIGHT="58" CONTENT="Ils" WC="0.92" CC="865"/>
						<SP ID="P18_SP00160" HPOS="339" VPOS="2092" WIDTH="35"/>
						<String ID="P18_ST00183" HPOS="374" VPOS="2032" WIDTH="345" HEIGHT="60" CONTENT="s'assirent" WC="0.99" CC="4304335420"/>
						<SP ID="P18_SP00161" HPOS="719" VPOS="2092" WIDTH="34"/>
						<String ID="P18_ST00184" HPOS="753" VPOS="2049" WIDTH="120" HEIGHT="42" CONTENT="sur" WC="0.97" CC="070"/>
						<SP ID="P18_SP00162" HPOS="873" VPOS="2092" WIDTH="28"/>
						<String ID="P18_ST00185" HPOS="901" VPOS="2050" WIDTH="92" HEIGHT="42" CONTENT="un" WC="0.47" CC="73"/>
						<SP ID="P18_SP00163" HPOS="993" VPOS="2092" WIDTH="33"/>
						<String ID="P18_ST00186" HPOS="1026" VPOS="2032" WIDTH="190" HEIGHT="61" CONTENT="banc." WC="0.99" CC="00242"/>
						<SP ID="P18_SP00164" HPOS="1216" VPOS="2093" WIDTH="36"/>
						<String ID="P18_ST00187" HPOS="1252" VPOS="2032" WIDTH="59" HEIGHT="60" CONTENT="A" WC="0.13" CC="8"/>
						<SP ID="P18_SP00165" HPOS="1311" VPOS="2093" WIDTH="33"/>
						<String ID="P18_ST00188" HPOS="1344" VPOS="2032" WIDTH="140" HEIGHT="60" CONTENT="côté" WC="0.97" CC="0706"/>
						<SP ID="P18_SP00166" HPOS="1484" VPOS="2093" WIDTH="34"/>
						<String ID="P18_ST00189" HPOS="1518" VPOS="2032" WIDTH="222" HEIGHT="71" CONTENT="d'eux," WC="0.98" CC="036604"/>
						<SP ID="P18_SP00167" HPOS="1740" VPOS="2103" WIDTH="33"/>
						<String ID="P18_ST00190" HPOS="1773" VPOS="2051" WIDTH="92" HEIGHT="41" CONTENT="un" WC="0.65" CC="06"/>
						<SP ID="P18_SP00168" HPOS="1865" VPOS="2103" WIDTH="31"/>
						<String ID="P18_ST00191" HPOS="1896" VPOS="2032" WIDTH="268" HEIGHT="77" CONTENT="laquais" WC="0.98" CC="7007085"/>
						<SP ID="P18_SP00169" HPOS="2164" VPOS="2109" WIDTH="36"/>
						<String ID="P18_ST00192" HPOS="2200" VPOS="2031" WIDTH="97" HEIGHT="60" CONTENT="fas" SUBS_TYPE="HypPart1" SUBS_CONTENT="fascinait" WC="0.98" CC="400"/>
						<HYP HPOS="2297" VPOS="2031" WIDTH="32" CONTENT="-"/>
					</TextLine>
					<TextLine ID="P18_TL00024" HPOS="169" VPOS="2112" WIDTH="2158" HEIGHT="78">
						<String ID="P18_ST00193" HPOS="169" VPOS="2114" WIDTH="202" HEIGHT="59" CONTENT="cinait" SUBS_TYPE="HypPart2" SUBS_CONTENT="fascinait" WC="0.98" CC="607030"/>
						<SP ID="P18_SP00170" HPOS="371" VPOS="2173" WIDTH="36"/>
						<String ID="P18_ST00194" HPOS="407" VPOS="2130" WIDTH="130" HEIGHT="42" CONTENT="une" WC="0.95" CC="740"/>
						<SP ID="P18_SP00171" HPOS="537" VPOS="2173" WIDTH="49"/>
						<String ID="P18_ST00195" HPOS="586" VPOS="2112" WIDTH="412" HEIGHT="61" CONTENT="redondante" WC="0.99" CC="0005666500"/>
						<SP ID="P18_SP00172" HPOS="998" VPOS="2173" WIDTH="42"/>
						<String ID="P18_ST00196" HPOS="1040" VPOS="2115" WIDTH="308" HEIGHT="58" CONTENT="nourrice" WC="0.99" CC="36700070"/>
						<SP ID="P18_SP00173" HPOS="1348" VPOS="2173" WIDTH="43"/>
						<String ID="P18_ST00197" HPOS="1391" VPOS="2114" WIDTH="142" HEIGHT="76" CONTENT="qui," WC="0.99" CC="0004"/>
						<SP ID="P18_SP00174" HPOS="1533" VPOS="2190" WIDTH="43"/>
						<String ID="P18_ST00198" HPOS="1576" VPOS="2114" WIDTH="99" HEIGHT="59" CONTENT="les" WC="0.98" CC="041"/>
						<SP ID="P18_SP00175" HPOS="1675" VPOS="2190" WIDTH="43"/>
						<String ID="P18_ST00199" HPOS="1718" VPOS="2114" WIDTH="238" HEIGHT="59" CONTENT="lourds" WC="0.99" CC="050005"/>
						<SP ID="P18_SP00176" HPOS="1956" VPOS="2190" WIDTH="52"/>
						<String ID="P18_ST00200" HPOS="2008" VPOS="2114" WIDTH="184" HEIGHT="59" CONTENT="seins" WC="0.97" CC="60074"/>
						<SP ID="P18_SP00177" HPOS="2192" VPOS="2190" WIDTH="51"/>
						<String ID="P18_ST00201" HPOS="2243" VPOS="2131" WIDTH="84" HEIGHT="41" CONTENT="au" WC="0.61" CC="07"/>
					</TextLine>
					<TextLine ID="P18_TL00025" HPOS="169" VPOS="2192" WIDTH="1749" HEIGHT="79">
						<String ID="P18_ST00202" HPOS="169" VPOS="2196" WIDTH="180" HEIGHT="69" CONTENT="vent," WC="0.99" CC="00604"/>
						<SP ID="P18_SP00178" HPOS="349" VPOS="2265" WIDTH="31"/>
						<String ID="P18_ST00203" HPOS="380" VPOS="2194" WIDTH="100" HEIGHT="59" CONTENT="les" WC="0.98" CC="042"/>
						<SP ID="P18_SP00179" HPOS="480" VPOS="2265" WIDTH="27"/>
						<String ID="P18_ST00204" HPOS="507" VPOS="2192" WIDTH="267" HEIGHT="79" CONTENT="jambes" WC="1.00" CC="000001"/>
						<SP ID="P18_SP00180" HPOS="774" VPOS="2271" WIDTH="31"/>
						<String ID="P18_ST00205" HPOS="805" VPOS="2192" WIDTH="314" HEIGHT="77" CONTENT="écartées," WC="0.99" CC="270044554"/>
						<SP ID="P18_SP00181" HPOS="1119" VPOS="2271" WIDTH="33"/>
						<String ID="P18_ST00206" HPOS="1152" VPOS="2195" WIDTH="286" HEIGHT="60" CONTENT="allaitait" WC="0.99" CC="014884001"/>
						<SP ID="P18_SP00182" HPOS="1438" VPOS="2271" WIDTH="28"/>
						<String ID="P18_ST00207" HPOS="1466" VPOS="2213" WIDTH="94" HEIGHT="40" CONTENT="un" WC="0.26" CC="77"/>
						<SP ID="P18_SP00183" HPOS="1560" VPOS="2271" WIDTH="31"/>
						<String ID="P18_ST00208" HPOS="1591" VPOS="2197" WIDTH="327" HEIGHT="74" CONTENT="poupard." WC="0.82" CC="03600004"/>
					</TextLine>
					<TextLine ID="P18_TL00026" HPOS="250" VPOS="2272" WIDTH="2081" HEIGHT="80">
						<String ID="P18_ST00209" HPOS="250" VPOS="2275" WIDTH="92" HEIGHT="58" CONTENT="Le" WC="0.84" CC="03"/>
						<SP ID="P18_SP00184" HPOS="342" VPOS="2333" WIDTH="42"/>
						<String ID="P18_ST00210" HPOS="384" VPOS="2274" WIDTH="304" HEIGHT="72" CONTENT="bambin," WC="0.98" CC="0006684"/>
						<SP ID="P18_SP00185" HPOS="688" VPOS="2346" WIDTH="25"/>
						<String ID="P18_ST00211" HPOS="713" VPOS="2272" WIDTH="344" HEIGHT="78" CONTENT="jouissant" WC="0.99" CC="446053040"/>
						<SP ID="P18_SP00186" HPOS="1057" VPOS="2350" WIDTH="40"/>
						<String ID="P18_ST00212" HPOS="1097" VPOS="2276" WIDTH="185" HEIGHT="60" CONTENT="enfin" WC="0.97" CC="06626"/>
						<SP ID="P18_SP00187" HPOS="1282" VPOS="2350" WIDTH="43"/>
						<String ID="P18_ST00213" HPOS="1325" VPOS="2275" WIDTH="91" HEIGHT="58" CONTENT="du" WC="0.65" CC="07"/>
						<SP ID="P18_SP00188" HPOS="1416" VPOS="2350" WIDTH="37"/>
						<String ID="P18_ST00214" HPOS="1453" VPOS="2276" WIDTH="326" HEIGHT="76" CONTENT="spectacle" WC="0.99" CC="000730005"/>
						<SP ID="P18_SP00189" HPOS="1779" VPOS="2352" WIDTH="45"/>
						<String ID="P18_ST00215" HPOS="1824" VPOS="2276" WIDTH="79" HEIGHT="60" CONTENT="de" WC="0.81" CC="03"/>
						<SP ID="P18_SP00190" HPOS="1903" VPOS="2352" WIDTH="39"/>
						<String ID="P18_ST00216" HPOS="1942" VPOS="2276" WIDTH="66" HEIGHT="60" CONTENT="la" WC="0.77" CC="40"/>
						<SP ID="P18_SP00191" HPOS="2008" VPOS="2352" WIDTH="39"/>
						<String ID="P18_ST00217" HPOS="2047" VPOS="2291" WIDTH="120" HEIGHT="45" CONTENT="rue" WC="0.97" CC="080"/>
						<SP ID="P18_SP00192" HPOS="2167" VPOS="2352" WIDTH="45"/>
						<String ID="P18_ST00218" HPOS="2212" VPOS="2274" WIDTH="90" HEIGHT="59" CONTENT="s'é" SUBS_TYPE="HypPart1" SUBS_CONTENT="s'égaya." WC="0.99" CC="000"/>
						<HYP HPOS="2302" VPOS="2274" WIDTH="29" CONTENT="-"/>
					</TextLine>
					<TextLine ID="P18_TL00027" HPOS="170" VPOS="2371" WIDTH="190" HEIGHT="61">
						<String ID="P18_ST00219" HPOS="170" VPOS="2371" WIDTH="190" HEIGHT="61" CONTENT="gaya." SUBS_TYPE="HypPart2" SUBS_CONTENT="s'égaya." WC="0.99" CC="00004"/>
					</TextLine>
					<TextLine ID="P18_TL00028" HPOS="249" VPOS="2435" WIDTH="2082" HEIGHT="80">
						<String ID="P18_ST00220" HPOS="249" VPOS="2470" WIDTH="78" HEIGHT="6" CONTENT="—" WC="0.20" CC="8"/>
						<SP ID="P18_SP00193" HPOS="327" VPOS="2476" WIDTH="30"/>
						<String ID="P18_ST00221" HPOS="357" VPOS="2435" WIDTH="127" HEIGHT="60" CONTENT="Oh!" WC="0.96" CC="470"/>
						<SP ID="P18_SP00194" HPOS="484" VPOS="2495" WIDTH="29"/>
						<String ID="P18_ST00222" HPOS="513" VPOS="2453" WIDTH="70" HEIGHT="42" CONTENT="ce" WC="0.73" CC="22"/>
						<SP ID="P18_SP00195" HPOS="583" VPOS="2495" WIDTH="33"/>
						<String ID="P18_ST00223" HPOS="616" VPOS="2454" WIDTH="152" HEIGHT="60" CONTENT="gros" WC="0.98" CC="0035"/>
						<SP ID="P18_SP00196" HPOS="768" VPOS="2514" WIDTH="28"/>
						<String ID="P18_ST00224" HPOS="796" VPOS="2436" WIDTH="371" HEIGHT="75" CONTENT="monsieur," WC="0.99" CC="036200034"/>
						<SP ID="P18_SP00197" HPOS="1167" VPOS="2514" WIDTH="33"/>
						<String ID="P18_ST00225" HPOS="1200" VPOS="2455" WIDTH="190" HEIGHT="60" CONTENT="papa," WC="0.99" CC="00004"/>
						<SP ID="P18_SP00198" HPOS="1390" VPOS="2515" WIDTH="33"/>
						<String ID="P18_ST00226" HPOS="1423" VPOS="2454" WIDTH="157" HEIGHT="43" CONTENT="avec" WC="0.98" CC="0027"/>
						<SP ID="P18_SP00199" HPOS="1580" VPOS="2515" WIDTH="33"/>
						<String ID="P18_ST00227" HPOS="1613" VPOS="2437" WIDTH="80" HEIGHT="60" CONTENT="de" WC="1.00" CC="00"/>
						<SP ID="P18_SP00200" HPOS="1693" VPOS="2515" WIDTH="29"/>
						<String ID="P18_ST00228" HPOS="1722" VPOS="2436" WIDTH="121" HEIGHT="61" CONTENT="l'or" WC="0.98" CC="2440"/>
						<SP ID="P18_SP00201" HPOS="1843" VPOS="2515" WIDTH="33"/>
						<String ID="P18_ST00229" HPOS="1876" VPOS="2455" WIDTH="119" HEIGHT="43" CONTENT="sur" WC="0.98" CC="500"/>
						<SP ID="P18_SP00202" HPOS="1995" VPOS="2515" WIDTH="28"/>
						<String ID="P18_ST00230" HPOS="2023" VPOS="2457" WIDTH="121" HEIGHT="41" CONTENT="son" WC="0.95" CC="236"/>
						<SP ID="P18_SP00203" HPOS="2144" VPOS="2515" WIDTH="32"/>
						<String ID="P18_ST00231" HPOS="2176" VPOS="2454" WIDTH="117" HEIGHT="43" CONTENT="ven" SUBS_TYPE="HypPart1" SUBS_CONTENT="ventre" WC="0.98" CC="017"/>
						<HYP HPOS="2293" VPOS="2454" WIDTH="38" CONTENT="-"/>
					</TextLine>
					<TextLine ID="P18_TL00029" HPOS="170" VPOS="2517" WIDTH="840" HEIGHT="79">
						<String ID="P18_ST00232" HPOS="170" VPOS="2517" WIDTH="99" HEIGHT="58" CONTENT="tre" SUBS_TYPE="HypPart2" SUBS_CONTENT="ventre" WC="0.99" CC="200"/>
						<SP ID="P18_SP00204" HPOS="269" VPOS="2575" WIDTH="26"/>
						<String ID="P18_ST00233" HPOS="295" VPOS="2517" WIDTH="63" HEIGHT="58" CONTENT="et" WC="0.79" CC="40"/>
						<SP ID="P18_SP00205" HPOS="358" VPOS="2575" WIDTH="29"/>
						<String ID="P18_ST00234" HPOS="387" VPOS="2533" WIDTH="69" HEIGHT="43" CONTENT="ce" WC="0.97" CC="00"/>
						<SP ID="P18_SP00206" HPOS="456" VPOS="2576" WIDTH="38"/>
						<String ID="P18_ST00235" HPOS="494" VPOS="2519" WIDTH="316" HEIGHT="75" CONTENT="pantalon" WC="0.99" CC="00500317"/>
						<SP ID="P18_SP00207" HPOS="810" VPOS="2594" WIDTH="31"/>
						<String ID="P18_ST00236" HPOS="841" VPOS="2519" WIDTH="137" HEIGHT="77" CONTENT="gris" WC="0.98" CC="0016"/>
						<SP ID="P18_SP00208" HPOS="978" VPOS="2596" WIDTH="22"/>
						<String ID="P18_ST00237" HPOS="1000" VPOS="2520" WIDTH="10" HEIGHT="57" CONTENT="!" WC="0.71" CC="2"/>
					</TextLine>
					<TextLine ID="P18_TL00030" HPOS="250" VPOS="2596" WIDTH="2082" HEIGHT="80">
						<String ID="P18_ST00238" HPOS="250" VPOS="2632" WIDTH="75" HEIGHT="5" CONTENT="—" WC="0.20" CC="8"/>
						<SP ID="P18_SP00209" HPOS="325" VPOS="2637" WIDTH="31"/>
						<String ID="P18_ST00239" HPOS="356" VPOS="2596" WIDTH="207" HEIGHT="61" CONTENT="Oui..." WC="0.97" CC="267443"/>
						<SP ID="P18_SP00210" HPOS="563" VPOS="2657" WIDTH="21"/>
						<String ID="P18_ST00240" HPOS="584" VPOS="2599" WIDTH="174" HEIGHT="59" CONTENT="C'est" WC="0.97" CC="73522"/>
						<SP ID="P18_SP00211" HPOS="758" VPOS="2658" WIDTH="32"/>
						<String ID="P18_ST00241" HPOS="790" VPOS="2599" WIDTH="36" HEIGHT="58" CONTENT="à" WC="1.00" CC="0"/>
						<SP ID="P18_SP00212" HPOS="826" VPOS="2658" WIDTH="33"/>
						<String ID="P18_ST00242" HPOS="859" VPOS="2600" WIDTH="115" HEIGHT="58" CONTENT="des" WC="0.98" CC="004"/>
						<SP ID="P18_SP00213" HPOS="974" VPOS="2658" WIDTH="28"/>
						<String ID="P18_ST00243" HPOS="1002" VPOS="2617" WIDTH="164" HEIGHT="59" CONTENT="gens" WC="0.99" CC="0033"/>
						<SP ID="P18_SP00214" HPOS="1166" VPOS="2676" WIDTH="24"/>
						<String ID="P18_ST00244" HPOS="1190" VPOS="2617" WIDTH="258" HEIGHT="43" CONTENT="comme" WC="0.99" CC="31003"/>
						<SP ID="P18_SP00215" HPOS="1448" VPOS="2676" WIDTH="33"/>
						<String ID="P18_ST00245" HPOS="1481" VPOS="2618" WIDTH="74" HEIGHT="53" CONTENT="ça" WC="0.78" CC="40"/>
						<SP ID="P18_SP00216" HPOS="1555" VPOS="2676" WIDTH="24"/>
						<String ID="P18_ST00246" HPOS="1579" VPOS="2617" WIDTH="129" HEIGHT="59" CONTENT="que" WC="0.97" CC="070"/>
						<SP ID="P18_SP00217" HPOS="1708" VPOS="2676" WIDTH="28"/>
						<String ID="P18_ST00247" HPOS="1736" VPOS="2600" WIDTH="240" HEIGHT="76" CONTENT="profite" WC="0.99" CC="0745000"/>
						<SP ID="P18_SP00218" HPOS="1976" VPOS="2676" WIDTH="27"/>
						<String ID="P18_ST00248" HPOS="2003" VPOS="2599" WIDTH="62" HEIGHT="61" CONTENT="le" WC="0.72" CC="50"/>
						<SP ID="P18_SP00219" HPOS="2065" VPOS="2676" WIDTH="24"/>
						<String ID="P18_ST00249" HPOS="2089" VPOS="2600" WIDTH="243" HEIGHT="60" CONTENT="travail" WC="1.00" CC="0000003"/>
					</TextLine>
					<TextLine ID="P18_TL00031" HPOS="172" VPOS="2676" WIDTH="2156" HEIGHT="82">
						<String ID="P18_ST00250" HPOS="172" VPOS="2676" WIDTH="118" HEIGHT="59" CONTENT="des" WC="0.98" CC="005"/>
						<SP ID="P18_SP00220" HPOS="290" VPOS="2735" WIDTH="37"/>
						<String ID="P18_ST00251" HPOS="327" VPOS="2676" WIDTH="378" HEIGHT="62" CONTENT="ouvriers..." WC="1.00" CC="40000001444"/>
						<SP ID="P18_SP00221" HPOS="705" VPOS="2738" WIDTH="32"/>
						<String ID="P18_ST00252" HPOS="737" VPOS="2679" WIDTH="91" HEIGHT="59" CONTENT="Us" WC="0.31" CC="85"/>
						<SP ID="P18_SP00222" HPOS="828" VPOS="2738" WIDTH="32"/>
						<String ID="P18_ST00253" HPOS="860" VPOS="2697" WIDTH="80" HEIGHT="41" CONTENT="ne" WC="0.66" CC="15"/>
						<SP ID="P18_SP00223" HPOS="940" VPOS="2738" WIDTH="29"/>
						<String ID="P18_ST00254" HPOS="969" VPOS="2679" WIDTH="144" HEIGHT="59" CONTENT="font" WC="0.96" CC="4425"/>
						<SP ID="P18_SP00224" HPOS="1113" VPOS="2738" WIDTH="25"/>
						<String ID="P18_ST00255" HPOS="1138" VPOS="2697" WIDTH="122" HEIGHT="59" CONTENT="pas" WC="0.97" CC="801"/>
						<SP ID="P18_SP00225" HPOS="1260" VPOS="2756" WIDTH="33"/>
						<String ID="P18_ST00256" HPOS="1293" VPOS="2697" WIDTH="227" HEIGHT="43" CONTENT="œuvre" WC="0.97" CC="36065"/>
						<SP ID="P18_SP00226" HPOS="1520" VPOS="2756" WIDTH="31"/>
						<String ID="P18_ST00257" HPOS="1551" VPOS="2681" WIDTH="79" HEIGHT="59" CONTENT="de" WC="0.73" CC="05"/>
						<SP ID="P18_SP00227" HPOS="1630" VPOS="2756" WIDTH="31"/>
						<String ID="P18_ST00258" HPOS="1661" VPOS="2680" WIDTH="186" HEIGHT="61" CONTENT="leurs" WC="0.99" CC="22000"/>
						<SP ID="P18_SP00228" HPOS="1847" VPOS="2756" WIDTH="34"/>
						<String ID="P18_ST00259" HPOS="1881" VPOS="2681" WIDTH="117" HEIGHT="59" CONTENT="dix" WC="1.00" CC="000"/>
						<SP ID="P18_SP00229" HPOS="1998" VPOS="2756" WIDTH="30"/>
						<String ID="P18_ST00260" HPOS="2028" VPOS="2680" WIDTH="300" HEIGHT="78" CONTENT="doigts..." WC="0.99" CC="010065444"/>
					</TextLine>
					<TextLine ID="P18_TL00032" HPOS="168" VPOS="2758" WIDTH="2168" HEIGHT="81">
						<String ID="P18_ST00261" HPOS="168" VPOS="2758" WIDTH="330" HEIGHT="59" CONTENT="Pourtant" WC="0.99" CC="74050070"/>
						<SP ID="P18_SP00230" HPOS="498" VPOS="2817" WIDTH="30"/>
						<String ID="P18_ST00262" HPOS="528" VPOS="2759" WIDTH="86" HEIGHT="59" CONTENT="ils" WC="0.96" CC="153"/>
						<SP ID="P18_SP00231" HPOS="614" VPOS="2818" WIDTH="36"/>
						<String ID="P18_ST00263" HPOS="650" VPOS="2761" WIDTH="425" HEIGHT="78" CONTENT="mangent...;" WC="0.99" CC="00000344346"/>
						<SP ID="P18_SP00232" HPOS="1075" VPOS="2839" WIDTH="24"/>
						<String ID="P18_ST00264" HPOS="1099" VPOS="2779" WIDTH="171" HEIGHT="42" CONTENT="nous" WC="0.96" CC="6264"/>
						<SP ID="P18_SP00233" HPOS="1270" VPOS="2839" WIDTH="33"/>
						<String ID="P18_ST00265" HPOS="1303" VPOS="2761" WIDTH="149" HEIGHT="60" CONTENT="leur" WC="0.98" CC="0406"/>
						<SP ID="P18_SP00234" HPOS="1452" VPOS="2839" WIDTH="21"/>
						<String ID="P18_ST00266" HPOS="1473" VPOS="2761" WIDTH="310" HEIGHT="60" CONTENT="donnons" WC="0.98" CC="0405546"/>
						<SP ID="P18_SP00235" HPOS="1783" VPOS="2839" WIDTH="40"/>
						<String ID="P18_ST00267" HPOS="1823" VPOS="2763" WIDTH="219" HEIGHT="59" CONTENT="même" WC="0.97" CC="0740"/>
						<SP ID="P18_SP00236" HPOS="2042" VPOS="2839" WIDTH="36"/>
						<String ID="P18_ST00268" HPOS="2078" VPOS="2763" WIDTH="80" HEIGHT="59" CONTENT="de" WC="0.86" CC="02"/>
						<SP ID="P18_SP00237" HPOS="2158" VPOS="2839" WIDTH="29"/>
						<String ID="P18_ST00269" HPOS="2187" VPOS="2763" WIDTH="120" HEIGHT="59" CONTENT="l'ar" SUBS_TYPE="HypPart1" SUBS_CONTENT="l'argent" WC="0.99" CC="0300"/>
						<HYP HPOS="2307" VPOS="2763" WIDTH="29" CONTENT="-"/>
					</TextLine>
					<TextLine ID="P18_TL00033" HPOS="174" VPOS="2839" WIDTH="1816" HEIGHT="77">
						<String ID="P18_ST00270" HPOS="174" VPOS="2839" WIDTH="155" HEIGHT="75" CONTENT="gent" SUBS_TYPE="HypPart2" SUBS_CONTENT="l'argent" WC="0.96" CC="7054"/>
						<SP ID="P18_SP00238" HPOS="329" VPOS="2914" WIDTH="25"/>
						<String ID="P18_ST00271" HPOS="354" VPOS="2855" WIDTH="171" HEIGHT="59" CONTENT="pour" WC="0.97" CC="0560"/>
						<SP ID="P18_SP00239" HPOS="525" VPOS="2914" WIDTH="40"/>
						<String ID="P18_ST00272" HPOS="565" VPOS="2839" WIDTH="167" HEIGHT="61" CONTENT="faire" WC="1.00" CC="00001"/>
						<SP ID="P18_SP00240" HPOS="732" VPOS="2914" WIDTH="31"/>
						<String ID="P18_ST00273" HPOS="763" VPOS="2840" WIDTH="65" HEIGHT="60" CONTENT="la" WC="0.91" CC="10"/>
						<SP ID="P18_SP00241" HPOS="828" VPOS="2914" WIDTH="27"/>
						<String ID="P18_ST00274" HPOS="855" VPOS="2858" WIDTH="187" HEIGHT="54" CONTENT="noce," WC="0.98" CC="60704"/>
						<SP ID="P18_SP00242" HPOS="1042" VPOS="2914" WIDTH="35"/>
						<String ID="P18_ST00275" HPOS="1077" VPOS="2844" WIDTH="62" HEIGHT="56" CONTENT="et" WC="0.83" CC="03"/>
						<SP ID="P18_SP00243" HPOS="1139" VPOS="2914" WIDTH="32"/>
						<String ID="P18_ST00276" HPOS="1171" VPOS="2859" WIDTH="173" HEIGHT="42" CONTENT="nous" WC="0.97" CC="6072"/>
						<SP ID="P18_SP00244" HPOS="1344" VPOS="2914" WIDTH="29"/>
						<String ID="P18_ST00277" HPOS="1373" VPOS="2859" WIDTH="282" HEIGHT="42" CONTENT="crevons" WC="0.99" CC="0030005"/>
						<SP ID="P18_SP00245" HPOS="1655" VPOS="2914" WIDTH="33"/>
						<String ID="P18_ST00278" HPOS="1688" VPOS="2843" WIDTH="80" HEIGHT="58" CONTENT="de" WC="0.76" CC="04"/>
						<SP ID="P18_SP00246" HPOS="1768" VPOS="2914" WIDTH="33"/>
						<String ID="P18_ST00279" HPOS="1801" VPOS="2841" WIDTH="189" HEIGHT="75" CONTENT="faim," WC="0.99" CC="00004"/>
					</TextLine>
					<TextLine ID="P18_TL00034" HPOS="254" VPOS="2918" WIDTH="2083" HEIGHT="77">
						<String ID="P18_ST00280" HPOS="254" VPOS="2918" WIDTH="92" HEIGHT="59" CONTENT="Le" WC="0.94" CC="01"/>
						<SP ID="P18_SP00247" HPOS="346" VPOS="2977" WIDTH="49"/>
						<String ID="P18_ST00281" HPOS="395" VPOS="2918" WIDTH="246" HEIGHT="76" CONTENT="larbin," WC="0.98" CC="5007604"/>
						<SP ID="P18_SP00248" HPOS="641" VPOS="2994" WIDTH="50"/>
						<String ID="P18_ST00282" HPOS="691" VPOS="2921" WIDTH="99" HEIGHT="59" CONTENT="las" WC="0.98" CC="006"/>
						<SP ID="P18_SP00249" HPOS="790" VPOS="2994" WIDTH="56"/>
						<String ID="P18_ST00283" HPOS="846" VPOS="2921" WIDTH="381" HEIGHT="60" CONTENT="d'asticoter" WC="1.00" CC="03043013020"/>
						<SP ID="P18_SP00250" HPOS="1227" VPOS="2994" WIDTH="56"/>
						<String ID="P18_ST00284" HPOS="1283" VPOS="2924" WIDTH="63" HEIGHT="58" CONTENT="la" WC="0.85" CC="20"/>
						<SP ID="P18_SP00251" HPOS="1346" VPOS="2994" WIDTH="49"/>
						<String ID="P18_ST00285" HPOS="1395" VPOS="2940" WIDTH="302" HEIGHT="55" CONTENT="nounou," WC="0.98" CC="0450464"/>
						<SP ID="P18_SP00252" HPOS="1697" VPOS="2995" WIDTH="32"/>
						<String ID="P18_ST00286" HPOS="1729" VPOS="2926" WIDTH="114" HEIGHT="58" CONTENT="eut" WC="0.98" CC="500"/>
						<SP ID="P18_SP00253" HPOS="1843" VPOS="2995" WIDTH="46"/>
						<String ID="P18_ST00287" HPOS="1889" VPOS="2924" WIDTH="276" HEIGHT="60" CONTENT="d'abord" WC="0.99" CC="7400000"/>
						<SP ID="P18_SP00254" HPOS="2165" VPOS="2995" WIDTH="53"/>
						<String ID="P18_ST00288" HPOS="2218" VPOS="2924" WIDTH="119" HEIGHT="60" CONTENT="des" WC="0.98" CC="032"/>
					</TextLine>
					<TextLine ID="P18_TL00035" HPOS="170" VPOS="2998" WIDTH="2167" HEIGHT="85">
						<String ID="P18_ST00289" HPOS="170" VPOS="2998" WIDTH="438" HEIGHT="62" CONTENT="hochements" WC="0.99" CC="7427401053"/>
						<SP ID="P18_SP00255" HPOS="608" VPOS="3060" WIDTH="46"/>
						<String ID="P18_ST00290" HPOS="654" VPOS="3003" WIDTH="81" HEIGHT="58" CONTENT="de" WC="0.97" CC="00"/>
						<SP ID="P18_SP00256" HPOS="735" VPOS="3061" WIDTH="47"/>
						<String ID="P18_ST00291" HPOS="782" VPOS="3003" WIDTH="134" HEIGHT="59" CONTENT="tête" WC="0.99" CC="0400"/>
						<SP ID="P18_SP00257" HPOS="916" VPOS="3062" WIDTH="53"/>
						<String ID="P18_ST00292" HPOS="969" VPOS="3003" WIDTH="339" HEIGHT="75" CONTENT="railleurs," WC="0.99" CC="0505026654"/>
						<SP ID="P18_SP00258" HPOS="1308" VPOS="3078" WIDTH="37"/>
						<String ID="P18_ST00293" HPOS="1345" VPOS="3004" WIDTH="180" HEIGHT="76" CONTENT="puis," WC="0.99" CC="00064"/>
						<SP ID="P18_SP00259" HPOS="1525" VPOS="3080" WIDTH="36"/>
						<String ID="P18_ST00294" HPOS="1561" VPOS="3022" WIDTH="159" HEIGHT="42" CONTENT="avec" WC="1.00" CC="0001"/>
						<SP ID="P18_SP00260" HPOS="1720" VPOS="3080" WIDTH="31"/>
						<String ID="P18_ST00295" HPOS="1751" VPOS="3022" WIDTH="134" HEIGHT="43" CONTENT="une" WC="0.96" CC="630"/>
						<SP ID="P18_SP00261" HPOS="1885" VPOS="3080" WIDTH="44"/>
						<String ID="P18_ST00296" HPOS="1929" VPOS="3006" WIDTH="292" HEIGHT="77" CONTENT="grimace" WC="0.99" CC="0000074"/>
						<SP ID="P18_SP00262" HPOS="2221" VPOS="3083" WIDTH="36"/>
						<String ID="P18_ST00297" HPOS="2257" VPOS="3005" WIDTH="80" HEIGHT="59" CONTENT="de" WC="0.80" CC="03"/>
					</TextLine>
					<TextLine ID="P18_TL00036" HPOS="175" VPOS="3078" WIDTH="2161" HEIGHT="85">
						<String ID="P18_ST00298" HPOS="175" VPOS="3095" WIDTH="108" HEIGHT="42" CONTENT="ses" WC="1.00" CC="000"/>
						<SP ID="P18_SP00263" HPOS="283" VPOS="3137" WIDTH="35"/>
						<String ID="P18_ST00299" HPOS="318" VPOS="3078" WIDTH="280" HEIGHT="78" CONTENT="bajoues" WC="0.98" CC="7601505"/>
						<SP ID="P18_SP00264" HPOS="598" VPOS="3156" WIDTH="31"/>
						<String ID="P18_ST00300" HPOS="629" VPOS="3083" WIDTH="251" HEIGHT="72" CONTENT="rasées," WC="0.99" CC="0043004"/>
						<SP ID="P18_SP00265" HPOS="880" VPOS="3156" WIDTH="28"/>
						<String ID="P18_ST00301" HPOS="908" VPOS="3083" WIDTH="396" HEIGHT="73" CONTENT="lentement," WC="0.99" CC="0040012704"/>
						<SP ID="P18_SP00266" HPOS="1304" VPOS="3156" WIDTH="31"/>
						<String ID="P18_ST00302" HPOS="1335" VPOS="3102" WIDTH="260" HEIGHT="43" CONTENT="comme" WC="0.97" CC="74224"/>
						<SP ID="P18_SP00267" HPOS="1595" VPOS="3156" WIDTH="35"/>
						<String ID="P18_ST00303" HPOS="1630" VPOS="3102" WIDTH="91" HEIGHT="42" CONTENT="un" WC="0.41" CC="73"/>
						<SP ID="P18_SP00268" HPOS="1721" VPOS="3156" WIDTH="34"/>
						<String ID="P18_ST00304" HPOS="1755" VPOS="3085" WIDTH="367" HEIGHT="78" CONTENT="diplomate" WC="1.00" CC="000010004"/>
						<SP ID="P18_SP00269" HPOS="2122" VPOS="3163" WIDTH="35"/>
						<String ID="P18_ST00305" HPOS="2157" VPOS="3086" WIDTH="144" HEIGHT="77" CONTENT="pate" SUBS_TYPE="HypPart1" SUBS_CONTENT="patelin," WC="1.00" CC="0000"/>
						<HYP HPOS="2301" VPOS="3086" WIDTH="35" CONTENT="-"/>
					</TextLine>
					<TextLine ID="P18_TL00037" HPOS="173" VPOS="3160" WIDTH="541" HEIGHT="72">
						<String ID="P18_ST00306" HPOS="173" VPOS="3160" WIDTH="122" HEIGHT="72" CONTENT="lin," SUBS_TYPE="HypPart2" SUBS_CONTENT="patelin," WC="0.99" CC="0004"/>
						<SP ID="P18_SP00270" HPOS="295" VPOS="3232" WIDTH="30"/>
						<String ID="P18_ST00307" HPOS="325" VPOS="3160" WIDTH="49" HEIGHT="59" CONTENT="il" WC="0.80" CC="21"/>
						<SP ID="P18_SP00271" HPOS="374" VPOS="3232" WIDTH="35"/>
						<String ID="P18_ST00308" HPOS="409" VPOS="3161" WIDTH="305" HEIGHT="60" CONTENT="modula:" WC="0.99" CC="0506301"/>
					</TextLine>
					<TextLine ID="P18_TL00038" HPOS="253" VPOS="3240" WIDTH="2086" HEIGHT="85">
						<String ID="P18_ST00309" HPOS="253" VPOS="3276" WIDTH="76" HEIGHT="5" CONTENT="—" WC="0.20" CC="8"/>
						<SP ID="P18_SP00272" HPOS="329" VPOS="3281" WIDTH="18"/>
						<String ID="P18_ST00310" HPOS="347" VPOS="3240" WIDTH="188" HEIGHT="61" CONTENT="Vous" WC="0.95" CC="7485"/>
						<SP ID="P18_SP00273" HPOS="535" VPOS="3301" WIDTH="24"/>
						<String ID="P18_ST00311" HPOS="559" VPOS="3259" WIDTH="198" HEIGHT="45" CONTENT="aurez" WC="0.98" CC="00631"/>
						<SP ID="P18_SP00274" HPOS="757" VPOS="3304" WIDTH="27"/>
						<String ID="P18_ST00312" HPOS="784" VPOS="3244" WIDTH="174" HEIGHT="60" CONTENT="beau" WC="1.00" CC="0000"/>
						<SP ID="P18_SP00275" HPOS="958" VPOS="3304" WIDTH="29"/>
						<String ID="P18_ST00313" HPOS="987" VPOS="3245" WIDTH="146" HEIGHT="60" CONTENT="dire" WC="0.99" CC="0005"/>
						<SP ID="P18_SP00276" HPOS="1133" VPOS="3305" WIDTH="27"/>
						<String ID="P18_ST00314" HPOS="1160" VPOS="3246" WIDTH="63" HEIGHT="59" CONTENT="et" WC="0.78" CC="40"/>
						<SP ID="P18_SP00277" HPOS="1223" VPOS="3305" WIDTH="32"/>
						<String ID="P18_ST00315" HPOS="1255" VPOS="3245" WIDTH="174" HEIGHT="61" CONTENT="beau" WC="1.00" CC="0200"/>
						<SP ID="P18_SP00278" HPOS="1429" VPOS="3306" WIDTH="30"/>
						<String ID="P18_ST00316" HPOS="1459" VPOS="3245" WIDTH="192" HEIGHT="75" CONTENT="faire," WC="0.99" CC="400014"/>
						<SP ID="P18_SP00279" HPOS="1651" VPOS="3320" WIDTH="17"/>
						<String ID="P18_ST00317" HPOS="1668" VPOS="3248" WIDTH="146" HEIGHT="59" CONTENT="tant" WC="0.98" CC="3050"/>
						<SP ID="P18_SP00280" HPOS="1814" VPOS="3320" WIDTH="28"/>
						<String ID="P18_ST00318" HPOS="1842" VPOS="3264" WIDTH="130" HEIGHT="61" CONTENT="que" WC="0.98" CC="050"/>
						<SP ID="P18_SP00281" HPOS="1972" VPOS="3325" WIDTH="25"/>
						<String ID="P18_ST00319" HPOS="1997" VPOS="3249" WIDTH="68" HEIGHT="58" CONTENT="le" WC="0.41" CC="74"/>
						<SP ID="P18_SP00282" HPOS="2065" VPOS="3325" WIDTH="29"/>
						<String ID="P18_ST00320" HPOS="2094" VPOS="3248" WIDTH="245" HEIGHT="59" CONTENT="monde" WC="0.99" CC="04300"/>
					</TextLine>
					<TextLine ID="P18_TL00039" HPOS="175" VPOS="3323" WIDTH="1263" HEIGHT="78">
						<String ID="P18_ST00321" HPOS="175" VPOS="3337" WIDTH="153" HEIGHT="43" CONTENT="sera" WC="0.97" CC="5007"/>
						<SP ID="P18_SP00283" HPOS="328" VPOS="3380" WIDTH="26"/>
						<String ID="P18_ST00322" HPOS="354" VPOS="3323" WIDTH="271" HEIGHT="72" CONTENT="monde," WC="0.98" CC="050054"/>
						<SP ID="P18_SP00284" HPOS="625" VPOS="3395" WIDTH="30"/>
						<String ID="P18_ST00323" HPOS="655" VPOS="3324" WIDTH="47" HEIGHT="58" CONTENT="il" WC="0.94" CC="01"/>
						<SP ID="P18_SP00285" HPOS="702" VPOS="3395" WIDTH="27"/>
						<String ID="P18_ST00324" HPOS="729" VPOS="3343" WIDTH="45" HEIGHT="58" CONTENT="y" WC="1.00" CC="0"/>
						<SP ID="P18_SP00286" HPOS="774" VPOS="3401" WIDTH="22"/>
						<String ID="P18_ST00325" HPOS="796" VPOS="3343" WIDTH="162" HEIGHT="42" CONTENT="aura" WC="0.97" CC="7700"/>
						<SP ID="P18_SP00287" HPOS="958" VPOS="3401" WIDTH="33"/>
						<String ID="P18_ST00326" HPOS="991" VPOS="3325" WIDTH="117" HEIGHT="60" CONTENT="des" WC="0.95" CC="525"/>
						<SP ID="P18_SP00288" HPOS="1108" VPOS="3401" WIDTH="29"/>
						<String ID="P18_ST00327" HPOS="1137" VPOS="3325" WIDTH="301" HEIGHT="61" CONTENT="riches..." WC="0.99" CC="002704244"/>
					</TextLine>
					<TextLine ID="P18_TL00040" HPOS="255" VPOS="3400" WIDTH="2086" HEIGHT="86">
						<String ID="P18_ST00328" HPOS="255" VPOS="3436" WIDTH="77" HEIGHT="6" CONTENT="—" WC="0.20" CC="8"/>
						<SP ID="P18_SP00289" HPOS="332" VPOS="3442" WIDTH="25"/>
						<String ID="P18_ST00329" HPOS="357" VPOS="3400" WIDTH="201" HEIGHT="62" CONTENT="Alors" WC="0.97" CC="84506"/>
						<SP ID="P18_SP00290" HPOS="558" VPOS="3462" WIDTH="29"/>
						<String ID="P18_ST00330" HPOS="587" VPOS="3404" WIDTH="157" HEIGHT="61" CONTENT="c'est" WC="0.98" CC="74003"/>
						<SP ID="P18_SP00291" HPOS="744" VPOS="3465" WIDTH="19"/>
						<String ID="P18_ST00331" HPOS="763" VPOS="3405" WIDTH="186" HEIGHT="79" CONTENT="juste" WC="0.99" CC="40006"/>
						<SP ID="P18_SP00292" HPOS="949" VPOS="3484" WIDTH="34"/>
						<String ID="P18_ST00332" HPOS="983" VPOS="3423" WIDTH="130" HEIGHT="61" CONTENT="que" WC="0.98" CC="005"/>
						<SP ID="P18_SP00293" HPOS="1113" VPOS="3484" WIDTH="31"/>
						<String ID="P18_ST00333" HPOS="1144" VPOS="3408" WIDTH="101" HEIGHT="58" CONTENT="les" WC="0.98" CC="220"/>
						<SP ID="P18_SP00294" HPOS="1245" VPOS="3484" WIDTH="21"/>
						<String ID="P18_ST00334" HPOS="1266" VPOS="3406" WIDTH="435" HEIGHT="64" CONTENT="travailleurs" WC="1.00" CC="000070704005"/>
						<SP ID="P18_SP00295" HPOS="1701" VPOS="3484" WIDTH="30"/>
						<String ID="P18_ST00335" HPOS="1731" VPOS="3409" WIDTH="452" HEIGHT="77" CONTENT="s'esquintent" WC="1.00" CC="003300010060"/>
						<SP ID="P18_SP00296" HPOS="2183" VPOS="3486" WIDTH="28"/>
						<String ID="P18_ST00336" HPOS="2211" VPOS="3409" WIDTH="32" HEIGHT="60" CONTENT="à" WC="1.00" CC="0"/>
						<SP ID="P18_SP00297" HPOS="2243" VPOS="3486" WIDTH="33"/>
						<String ID="P18_ST00337" HPOS="2276" VPOS="3409" WIDTH="65" HEIGHT="60" CONTENT="la" WC="1.00" CC="00"/>
					</TextLine>
					<TextLine ID="P18_TL00041" HPOS="172" VPOS="3481" WIDTH="2164" HEIGHT="88">
						<String ID="P18_ST00338" HPOS="172" VPOS="3481" WIDTH="219" HEIGHT="77" CONTENT="peine," WC="0.98" CC="940054"/>
						<SP ID="P18_SP00298" HPOS="391" VPOS="3558" WIDTH="33"/>
						<String ID="P18_ST00339" HPOS="424" VPOS="3485" WIDTH="298" HEIGHT="75" CONTENT="pendant" WC="1.00" CC="0200000"/>
						<SP ID="P18_SP00299" HPOS="722" VPOS="3560" WIDTH="34"/>
						<String ID="P18_ST00340" HPOS="756" VPOS="3504" WIDTH="128" HEIGHT="61" CONTENT="que" WC="0.95" CC="075"/>
						<SP ID="P18_SP00300" HPOS="884" VPOS="3565" WIDTH="33"/>
						<String ID="P18_ST00341" HPOS="917" VPOS="3488" WIDTH="100" HEIGHT="59" CONTENT="les" WC="0.97" CC="105"/>
						<SP ID="P18_SP00301" HPOS="1017" VPOS="3565" WIDTH="33"/>
						<String ID="P18_ST00342" HPOS="1050" VPOS="3490" WIDTH="229" HEIGHT="59" CONTENT="autres" WC="1.00" CC="000004"/>
						<SP ID="P18_SP00302" HPOS="1279" VPOS="3565" WIDTH="28"/>
						<String ID="P18_ST00343" HPOS="1307" VPOS="3489" WIDTH="344" HEIGHT="78" CONTENT="ripaillent" WC="1.00" CC="5000020060"/>
						<SP ID="P18_SP00303" HPOS="1651" VPOS="3567" WIDTH="31"/>
						<String ID="P18_ST00344" HPOS="1682" VPOS="3508" WIDTH="158" HEIGHT="43" CONTENT="avec" WC="0.99" CC="3001"/>
						<SP ID="P18_SP00304" HPOS="1840" VPOS="3567" WIDTH="23"/>
						<String ID="P18_ST00345" HPOS="1863" VPOS="3493" WIDTH="120" HEIGHT="58" CONTENT="des" WC="0.93" CC="926"/>
						<SP ID="P18_SP00305" HPOS="1983" VPOS="3567" WIDTH="24"/>
						<String ID="P18_ST00346" HPOS="2007" VPOS="3492" WIDTH="329" HEIGHT="77" CONTENT="gadoues!" WC="0.99" CC="00027054"/>
					</TextLine>
					<TextLine ID="P18_TL00042" HPOS="257" VPOS="3561" WIDTH="2084" HEIGHT="88">
						<String ID="P18_ST00347" HPOS="257" VPOS="3561" WIDTH="348" HEIGHT="64" CONTENT="L'homme" WC="0.99" CC="0303004"/>
						<SP ID="P18_SP00306" HPOS="605" VPOS="3625" WIDTH="54"/>
						<String ID="P18_ST00348" HPOS="659" VPOS="3568" WIDTH="144" HEIGHT="76" CONTENT="qui," WC="0.98" CC="0034"/>
						<SP ID="P18_SP00307" HPOS="803" VPOS="3644" WIDTH="32"/>
						<String ID="P18_ST00349" HPOS="835" VPOS="3568" WIDTH="168" HEIGHT="59" CONTENT="dans" WC="0.98" CC="4005"/>
						<SP ID="P18_SP00308" HPOS="1003" VPOS="3644" WIDTH="36"/>
						<String ID="P18_ST00350" HPOS="1039" VPOS="3568" WIDTH="100" HEIGHT="62" CONTENT="les" WC="0.98" CC="022"/>
						<SP ID="P18_SP00309" HPOS="1139" VPOS="3644" WIDTH="42"/>
						<String ID="P18_ST00351" HPOS="1181" VPOS="3569" WIDTH="327" HEIGHT="62" CONTENT="réunions" WC="0.99" CC="00500646"/>
						<SP ID="P18_SP00310" HPOS="1508" VPOS="3644" WIDTH="35"/>
						<String ID="P18_ST00352" HPOS="1543" VPOS="3570" WIDTH="391" HEIGHT="79" CONTENT="publiques," WC="0.99" CC="0674406004"/>
						<SP ID="P18_SP00311" HPOS="1934" VPOS="3649" WIDTH="46"/>
						<String ID="P18_ST00353" HPOS="1980" VPOS="3573" WIDTH="180" HEIGHT="58" CONTENT="avait" WC="1.00" CC="00003"/>
						<SP ID="P18_SP00312" HPOS="2160" VPOS="3649" WIDTH="39"/>
						<String ID="P18_ST00354" HPOS="2199" VPOS="3570" WIDTH="142" HEIGHT="79" CONTENT="pris" WC="0.99" CC="0005"/>
					</TextLine>
				</TextBlock>
			</PrintSpace>
		</Page>
	</Layout>
</alto>
