2519 3850
1196 333 118 62 276

246 477 55 59 11
348 475 171 61 n'est
566 490 134 62 que
725 472 210 79 juste,
973 489 80 43 en
1101 468 328 82 principe,
1467 468 214 78 qu'un
1728 467 135 61 état
1907 467 218 79 policé
2173 467 178 74 aide,

169 559 169 59 dans
366 557 66 60 la
472 537 273 79 mesuré
792 555 82 59 de
922 571 108 43 ses
1078 567 312 61 moyens,
1425 551 62 60 le
1533 550 214 61 talent
1793 550 37 59 à
1878 567 70 42 se
1995 550 358 77 produire:

166 639 200 71 mais,
395 637 291 79 puisque
719 637 100 59 les
851 634 520 63 autocraticules
1390 650 120 60 par
1536 649 177 43 nous
1746 631 197 60 subis
1977 635 151 57 sont
2164 631 190 61 aussi

166 719 390 80 incapables
598 735 131 61 que
769 719 88 58 M.
889 716 216 62 Wolff
1133 716 80 60 de
1244 716 343 59 discerner
1617 715 62 58 le
1710 714 214 59 talent
1952 714 81 59 de
2064 714 66 59 la
2163 714 155 77 répu-

166 802 247 72 tation;
444 800 332 79 puisqu'il
809 799 173 61 n'est,
1023 816 122 61 pas
1191 796 158 79 plus
1380 796 305 79 possible
1733 795 82 61 de
1862 796 219 60 forcer
2112 796 37 60 à
2180 796 141 59 l'im-

167 882 337 80 partialité
537 899 108 42 ces
692 881 380 61 courtisans
1105 880 92 60 du
1225 879 309 78 vulgaire
1581 894 131 62 que
1745 877 81 60 de
1859 877 241 60 rendre
2135 896 85 41 au
2254 895 68 42 ca-

169 966 202 59 davre
399 962 217 61 l'éclat
649 962 202 60 d'une
900 962 188 60 saine
1120 961 343 60 carnation
1488 979 17 55 ;
1542 960 237 60 mieux
1824 959 162 59 vaut
2014 959 179 59 alors
2224 975 132 61 que

169 1064 188 43 cesse
404 1063 133 42 une
584 1044 457 61 intervention
1088 1059 502 62 encourageuse
1655 1042 81 59 de
1802 1041 65 60 la
1910 1040 446 79 prostitution

170 1128 378 76 artistique.

251 1210 98 60 La
376 1204 378 65 littérature
787 1225 83 44 en
903 1206 261 61 est-elle
1199 1206 224 61 moins
1476 1205 388 62 florissante
1893 1222 174 61 pour
2100 1222 71 43 se
2203 1222 117 61 pas-

173 1309 106 43 ser
303 1291 80 61 de
418 1290 320 61 subsides
761 1289 459 79 budgétaires.
1239 1289 186 61 Tous
1448 1288 100 61 les
1576 1288 176 61 êtres
1787 1288 400 77 douéspour
2208 1288 151 59 l'art

169 1390 81 44 ne
287 1373 307 59 naissent
635 1389 119 60 pas
788 1373 249 71 rentes,
1072 1371 47 59 il
1168 1374 102 56 est
1312 1369 170 74 vrai,
1517 1370 177 60 mais
1736 1387 237 43 encore
2014 1385 135 44 une
2198 1368 159 73 fois,

170 1472 159 43 avec
360 1472 87 42 ou
479 1470 160 44 sans
670 1470 277 44 secours
988 1454 90 58 du
1112 1453 311 78 pouvoir,
1458 1451 147 60 rien
1651 1451 174 61 n'est
1855 1450 257 79 changé
2140 1451 37 59 à
2210 1450 151 61 leur

171 1537 328 60 situation
551 1534 319 74 difficile;
908 1534 287 61 faciliter
1220 1535 101 60 les
1355 1534 246 60 débuts
1636 1535 161 60 d'un
1845 1533 320 62 méritant
2198 1550 161 42 sans

171 1617 296 73 fortune,
500 1618 102 59 les
654 1617 387 59 détenteurs
1095 1618 81 58 de
1227 1615 283 79 l'argent
1561 1615 119 62 des
1731 1614 510 62 contribuables
2288 1632 71 43 se

173 1699 304 61 soucient
510 1699 159 60 bien
703 1699 80 60 de
816 1698 279 77 pareille
1129 1698 263 61 vétille!

253 1782 100 58 En
395 1782 167 59 cette
612 1779 284 79 époque,
931 1780 343 61 bêtement
1322 1780 509 74 démocratisée,
1869 1779 120 79 qui
2038 1797 71 44 se
2156 1779 85 61 rit
2277 1780 81 60 de

169 1863 405 60 l'altruisme
608 1865 60 56 et
726 1862 322 62 brocarde
1081 1863 99 60 les
1236 1863 157 77 plus
1423 1863 260 61 saintes
1724 1864 265 70 choses,
2023 1862 63 61 le
2121 1862 240 61 mérite

171 1944 385 79 inapostillé
598 1944 100 59 n'a
743 1961 122 61 pas
914 1961 224 56 cours,
1182 1961 161 43 sans
1375 1944 475 61 alcibiadisme
1891 1944 63 60 le
1986 1961 131 61 pur
2146 1943 217 61 talent

170 2043 198 61 passe
400 2025 202 74 invu,
659 2028 63 57 et
767 2027 61 59 le
875 2025 423 63 favoritisme
1343 2027 205 78 règne
1594 2027 320 73 insolent,
1963 2024 253 62 faisant
2263 2043 66 43 re-

173 2108 246 77 gretter
444 2107 285 63 l'ancien
761 2107 275 78 régime.

255 2189 103 61 En
386 2189 183 74 vain,
599 2189 137 80 j'en
796 2191 281 61 cherche
1138 2208 95 42 un
1288 2191 344 59 vraiment
1675 2189 32 60 à
1750 2189 66 60 la
1848 2191 297 59 hauteur
2173 2189 81 61 de
2288 2207 75 42 sa

173 2269 316 74 mission,
518 2271 217 78 parmi
768 2271 66 61 la
888 2271 242 62 tourbe
1163 2272 396 77 promisque
1594 2272 120 60 des
1747 2290 344 59 parvenus
2119 2271 246 80 juchés

174 2370 119 42 sur
322 2353 61 60 le
418 2353 259 78 pinacle
701 2372 13 54 ;
741 2353 526 71 Charles-Quint
1298 2353 363 62 ramassait
1690 2353 102 61 les
1824 2353 275 62 brosses
2133 2354 92 59 du
2257 2353 74 60 Ti-

171 2433 162 60 tien.
371 2434 438 79 aujourd'hui
865 2436 61 58 le
962 2436 308 61 moindre
1331 2436 390 77 inspecteur
1751 2436 122 59 des
1933 2434 433 61 Beaux-Arts

174 2516 372 61 souffrirait
579 2517 212 76 qu'un
824 2519 240 59 maître
1100 2518 99 60 lui
1232 2518 325 61 décrottât
1590 2535 110 44 ses
1733 2518 247 61 bottes.

1446 2673 365 62 ALPHONSE
1858 2673 338 62 GERMAIN.
