2519 3850
1308 211 0 0 248

173 289 156 59 nion
387 288 100 57 est
517 286 243 59 intime
789 287 64 57 et
902 283 328 77 complète
1254 303 13 52 ;
1292 283 98 58 les
1419 282 183 58 idées
1641 297 70 42 se
1740 279 389 78 présentent
2162 297 159 43 sous

173 369 100 57 les
307 366 429 77 expressions
765 364 117 76 qui
915 366 294 74 peuvent
1240 364 61 57 le
1326 363 234 58 mieux
1592 360 99 59 les
1725 359 264 73 rendre,
2024 360 100 59 les
2171 360 113 75 opé-

173 448 253 58 rations
460 448 79 57 de
573 446 255 77 l'esprit
862 462 68 42 se
963 444 379 60 traduisent
1371 461 119 59 par
1517 443 118 58 des
1677 442 258 76 images
1977 442 342 76 palpables

178 536 56 52 le
243 546 30 41 s
327 533 275 69 dogmes
676 527 393 60 s'énoncent
1119 542 89 41 en
1253 528 335 69 symboles
1599 569 14 25 ,
1658 522 99 58 les
1805 522 207 59 dieux
2060 523 116 58 ont
2232 540 87 41 un

174 625 213 59 corps.
423 607 534 76 L'éloignement
1013 604 81 59 de
1142 606 189 57 notre
1390 603 259 77 époque
1688 620 173 59 pour
1890 603 149 58 tout
2092 620 70 41 ce
2204 604 113 74 qui

176 688 368 60 ressemble
577 688 36 57 à
642 688 79 59 de
760 687 65 58 la
849 686 228 77 poésie
1117 703 171 41 nous
1331 683 319 79 empêche
1681 684 78 57 de
1800 683 318 60 chercher
2148 683 143 58 l'ori-

177 769 150 77 gine
375 772 62 56 et
475 768 60 60 le
571 785 155 43 sens
770 767 79 60 de
891 766 329 59 certaines
1268 764 427 78 métaphores
1745 781 12 39 :
1801 763 332 78 pourquoi
2167 764 152 59 tous

177 829 98 79 les
307 848 276 78 peuples
619 849 62 58 et
726 848 155 57 tous
912 847 99 58 les
1053 846 158 77 âges
1240 846 235 58 ont-ils
1527 843 387 79 représenté
1965 844 102 59 les
2115 843 204 60 dieux

181 947 161 42 sous
384 928 211 60 forme
637 928 378 60 d'essences
1052 926 452 72 lumineuses,
1532 924 335 78 pourquoi
1907 926 169 58 dans
2109 927 224 58 toutes

181 1011 98 57 les
312 1009 283 75 langues
641 1008 99 60 les
773 1009 177 58 mots
983 1006 277 78 d'esprit
1293 1008 63 59 et
1385 1007 218 58 d'âme
1627 1004 273 60 sont-ils
1936 1006 360 77 étymologi-

183 1106 129 60 que
326 1092 179 56 ment
536 1105 417 59 synonymes
983 1088 79 59 de
1093 1087 243 60 souffle
1368 1089 61 56 et
1462 1087 81 58 de
1573 1086 297 76 vapeur?
1897 1086 439 61 Avons-nous

183 1187 132 42 une
369 1168 360 61 définition
780 1186 189 42 assez
1028 1171 180 57 nette
1256 1169 80 58 de
1394 1168 64 59 la
1500 1167 284 60 matière
1833 1169 61 58 et
1959 1168 79 59 de
2081 1168 256 76 l'esprit

182 1267 168 60 pour
381 1249 145 60 nier
554 1266 156 42 avec
745 1248 247 60 dédain
1027 1248 354 78 l'analogie
1416 1265 129 59 que
1597 1247 258 61 semble
1889 1247 321 77 indiquer
2248 1266 92 42 un

183 1331 280 58 instinct
497 1329 185 59 aussi
717 1329 341 60 universel
1082 1329 26 59 ?

266 1411 171 59 Tant
455 1427 127 59 que
605 1409 99 60 les
728 1411 277 76 dogmes
1024 1409 232 60 vivent
1284 1409 169 59 dans
1467 1408 65 60 la
1547 1427 323 59 croyance
1899 1409 121 60 des
2036 1409 303 78 peuples,

187 1492 99 57 les
320 1491 206 58 dieux
581 1492 114 56 ont
737 1507 131 42 une
903 1491 103 58 vie
1041 1506 261 61 propre,
1345 1492 64 56 et
1457 1507 79 41 en
1588 1489 293 78 quelque
1936 1493 179 57 sorte
2154 1491 187 58 aussi

188 1569 422 79 personnelle
644 1589 127 58 que
804 1571 163 59 celle
1013 1572 78 58 de
1128 1571 344 72 l'homme,
1523 1572 116 75 qui
1682 1572 98 58 les
1828 1572 262 71 conçoit
2133 1573 35 59 â
2215 1589 120 41 son

187 1652 219 75 image
439 1669 190 59 parce
663 1651 164 76 qu'il
862 1653 100 57 est
992 1649 121 60 fait
1147 1651 36 58 â
1215 1651 63 58 la
1307 1651 149 59 leur
1488 1670 10 38 :

497 1760 253 57 Finxitin
1298 1759 230 73 effigie
1535 1775 64 43 m
1066 1763 368 57 modérant
1444 1776 120 44 nm
1590 1763 251 58 cnncta

271 1893 216 59 Leurs
553 1891 321 59 attributs
922 1893 150 57 sont
1140 1893 354 77 multiples
1549 1910 259 44 comme
1862 1914 125 42 nos
2034 1896 307 63 facultés.

193 1973 197 60 Ainsi
420 1990 171 42 nous
627 1972 261 60 disions
916 1973 155 77 plus
1095 1973 164 61 haut
1293 1975 487 76 qu'Aphrodité
1801 1978 101 59 est
1916 1977 429 76 l'attraction,

195 2053 172 59 mais
400 2052 127 60 elle
562 2053 101 59 est
705 2053 188 59 aussi
939 2053 65 59 la
1035 2052 360 74 fécondité,
1432 2055 127 61 elle
1589 2058 102 56 est
1725 2057 189 59 aussi
1946 2058 65 60 la
2068 2058 274 63 beauté:

196 2137 151 57 etc..
385 2135 172 58 Zeus
590 2133 170 60 n'est
784 2151 121 60 pas
935 2135 382 59 seulement
1359 2136 149 60 l'air
1537 2137 165 60 vital
1748 2138 114 77 qui
1898 2142 264 59 nourrit
2192 2145 154 57 tous

197 2215 97 58 les
324 2215 172 58 êtres
507 2217 469 69 .ethersidera
997 2220 258 67 pascit,
1287 2216 58 60 le
1376 2217 155 59 dieu
1560 2217 163 60 dont
1738 2217 99 61 les
1853 2220 186 61 mille
2057 2221 292 77 hymens

200 2314 70 40 se
315 2296 385 58 retrouvent
755 2295 167 59 dans
975 2296 96 58 les
1117 2296 507 62 innombrables
1678 2300 507 65 combinaisons
2243 2306 72 60 de-

199 2375 370 76 1oxygène,
602 2375 59 59 le
694 2375 98 58 roi
823 2375 80 59 de
936 2376 64 58 la
1037 2376 261 74 foudre,
1336 2378 115 77 qui
1488 2380 290 59 descend
1813 2399 81 42 en
1945 2385 188 58 rosée
2166 2384 148 61 bien-

201 2456 285 60 faisante
534 2456 167 58 dans
728 2456 61 60 le
820 2457 147 59 sein
996 2458 79 59 de
1102 2458 63 59 la
1196 2461 174 57 terre
1406 2460 301 73 féconde,

237 2540 453 57 miumlaetae
719 2541 352 57 descendit
1095 2558 18 39 :
1149 2538 47 59 il
1240 2542 102 57 est
1371 2541 188 60 aussi
1590 2542 58 59 le
1690 2544 303 78 principe
2038 2546 80 60 de
2151 2547 64 60 la
2246 2549 104 58 vie

204 2634 256 42 comme
481 2616 327 76 l'indique
828 2634 121 43 son
966 2635 177 55 nom,
1173 2620 58 58 le
1260 2620 379 77 vainqueur
1668 2624 117 59 des
1805 2624 259 75 Titans,
2101 2627 220 61 c'est-à-

205 2697 141 59 dire
374 2697 60 59 le
464 2696 428 61 modérateur
921 2699 117 58 des
1074 2699 210 60 forces
1309 2702 396 75 premières,
1737 2707 88 70 et,
1864 2706 170 60 dans
2068 2726 91 41 un
2195 2726 156 44 sens

202 2777 155 76 plus
381 2777 535 60 exclusivement
936 2779 308 74 humain,
1272 2782 48 59 il
1354 2789 101 53 est
1480 2784 61 59 le
1560 2785 302 77 principe
1889 2789 79 58 de
1991 2789 63 58 la
2076 2789 274 78 justice,

206 2859 160 59 base
409 2859 79 58 de
529 2861 225 57 toutes
795 2859 100 60 les
952 2861 308 74 sociétés,
1310 2880 235 45 source
1583 2867 81 59 de
1706 2870 221 58 foules
1970 2870 99 61 les
2121 2875 231 57 vertus

207 2940 310 58 morales.

287 3020 130 58 Les
431 3019 270 77 mythes
717 3020 151 60 sont
886 3021 179 59 vrais
1084 3022 169 60 dans
1270 3025 243 77 quelqu
1527 3045 32 41 e
1574 3045 157 43 sens
1747 3030 197 77 qu'on
1959 3031 99 60 les
2072 3050 247 60 prenne
2340 3053 12 48 ;

210 3116 258 45 comme
487 3101 99 59 les
611 3100 329 61 éléments
958 3102 384 79 chimiques
1357 3107 401 77 subsistent,
1786 3113 296 77 quoique
2112 3115 243 61 latents

211 3182 61 58 et
304 3181 239 73 voilés,
581 3181 169 60 dans
794 3181 184 60 leurs
1029 3184 506 64 combinaisons
1592 3189 537 80 innombrables,
2185 3195 169 61 ainsi

211 3261 101 60 les
351 3264 197 76 types
592 3264 230 58 vivent
855 3264 436 63 inaltérables
1325 3269 168 61 dans
1528 3271 297 63 chacune
1869 3275 81 60 de
1989 3276 183 61 leurs
2223 3295 88 44 ma-

214 3342 449 61 nifestations.
703 3344 175 61 C'est
905 3345 175 60 ainsi
1105 3364 154 60 que,
1296 3349 259 78 d'après
1577 3353 59 59 le
1668 3355 239 78 dogme
1941 3358 409 78 catholique,

214 3422 461 63 Jésus-Christ
707 3426 100 59 est
839 3425 271 77 présent
1135 3429 36 58 à
1201 3429 64 59 la
1297 3429 128 62 fois
1455 3433 169 61 dans
1648 3435 257 79 chaque
1927 3438 236 62 hostie.
2187 3440 168 60 Mais

216 3502 186 61 selon
432 3505 61 60 le
539 3505 329 62 caractère
898 3509 118 59 des
1048 3511 305 77 peuples,
1405 3513 116 62 des
1551 3515 296 77 époques
1872 3520 63 59 et
1970 3520 116 60 des
2114 3520 241 62 indivi-
