2519 3850
1232 216 119 60 258

214 355 360 81 bourgeois
589 389 76 8 —
846 373 193 54 ou...,
1068 352 143 60 s'ils
1240 370 46 60 y
1319 352 183 71 vont,
1534 364 174 63 pour
1740 347 203 79 qu'ils
1969 347 220 61 soient
2221 347 132 61 éter-

213 436 368 66 nellement
630 453 123 41 nos
806 434 292 60 chefs....
1155 432 402 61 obtiennent
1588 427 80 60 de
1715 428 67 60 la
1828 427 291 79 gloire...
2165 428 64 60 et
2262 428 119 61 des

216 521 318 80 grades...
572 534 159 43 avec
759 517 191 59 notre
985 531 164 61 sang
1319 549 76 6 —
1432 514 184 59 leurs
1663 508 445 63 catéchismes
2141 511 80 60 de
2255 511 101 60 dis-

218 602 240 80 cipline
508 599 62 58 le
605 597 261 60 disent!
1037 597 215 59 —Tu
1276 595 257 72 vois...,
1572 592 319 79 petiot...,
1925 591 306 61 l'officier
2264 592 117 76 qui

213 699 199 63 passe
443 677 298 61 là-bas...
782 677 57 60 si
873 677 125 60 fier
1030 679 62 58 et
1121 679 147 58 tout
1314 675 262 73 doré..,,
1623 690 71 45 ce
1723 674 152 58 sont
1920 690 123 42 nos
2076 672 300 60 mains...

214 768 64 58 et
317 762 198 61 celles
571 761 118 60 des
740 760 466 60 camarades...
1275 757 115 78 qui
1458 756 349 79 peinent...
1870 773 174 59 pour
2102 755 63 60 le
2218 754 163 59 faire

213 846 249 60 beau...
499 839 47 59 il
581 842 165 60 esta
778 841 187 60 notre
998 841 296 70 solde...,
1336 839 293 77 puisque
1670 837 157 59 c'est
1853 853 122 61 par
2006 853 176 43 nous
2215 835 165 79 qu'il

217 942 316 60 mange...
571 943 14 53 ;
637 922 380 72 demain...,
1070 940 85 42 au
1199 920 410 79 régiment...
1656 917 48 60 il
1751 919 64 58 te
1849 916 274 61 traitera
2166 934 82 42 en
2283 934 66 42 es-

217 1009 288 67 clave...,
555 1004 171 61 toi...
778 1022 121 41 son
942 1005 348 69 maître...,
1334 1019 163 42 sous
1545 1000 303 77 prétexte
1907 999 79 59 de
2046 997 334 74 Patrie...,

219 1103 258 44 comme
537 1085 58 60 si
639 1084 66 59 la
763 1084 223 59 Patrie
1023 1082 350 63 existait...
1409 1099 172 60 pour
1624 1081 100 60 les
1783 1096 293 61 pauvres
2122 1077 261 61 diables

218 1184 255 46 comme
519 1183 249 44 nous...
802 1165 116 78 qui
951 1165 183 60 n'ont
1164 1164 71 59 ni
1268 1161 113 62 feu
1416 1161 71 62 ni
1516 1161 172 61 lieu!
2207 1183 15 49 \

299 1248 309 61 L'enfant
654 1246 334 71 écoutant,
1040 1263 159 43 sans
1253 1245 159 60 bien
1460 1243 462 78 comprendre,
1972 1241 100 61 les
2121 1240 264 79 paroles

218 1329 334 62 sifflantes
581 1329 80 58 de
696 1345 120 42 son
849 1328 179 76 père,
1063 1325 357 79 regardait,
1447 1343 83 42 en
1559 1342 132 43 une
1723 1324 410 59 admiration
2163 1323 80 59 de
2278 1339 107 43 ses

217 1429 181 60 yeux
430 1411 353 77 glauques,
818 1409 61 60 le
913 1409 212 60 svelte
1150 1406 258 61 officier
1442 1408 140 76 qui,
1605 1406 241 78 rigide,
1882 1423 157 42 avec
2071 1423 94 42 un
2199 1408 184 75 geste

219 1493 79 59 de
331 1494 390 66 matamore,
757 1489 335 61 soulevait
1119 1507 121 42 son
1275 1488 194 59 sabre
1503 1488 291 59 derrière
1827 1485 99 60 lui
1961 1503 257 42 comme
2253 1503 133 42 une

221 1590 217 61 queue
475 1571 415 77 métallique.

301 1655 91 59 Le
426 1653 214 61 soleil,
674 1651 277 78 disparu
1002 1650 293 62 derrière
1329 1649 179 61 l'Arc
1559 1650 80 60 de
1679 1649 393 79 Triomphe,
2108 1648 240 78 emplis-

222 1735 132 60 sait
387 1751 234 43 encore
640 1733 61 59 le
731 1751 130 59 pur
891 1733 122 59 ciel
1051 1731 168 60 d'été
1268 1731 120 61 des
1422 1731 403 79 splendeurs
1859 1730 80 61 de
1969 1748 121 43 son
2131 1729 215 79 magni-

221 1817 177 77 fique
428 1815 238 59 déclin.
1154 1822 60 66 y.
1274 1831 6 52 ;
1656 1814 23 76 J
1808 1810 146 70 '.L
1991 1801 98 97 11
2109 1800 81 104 jp
2211 1796 81 76 il
2312 1796 61 89 H

298 1932 78 6 —
414 1895 398 74 Permettez,
842 1895 299 78 protesta
1182 1894 62 61 le
1274 1893 455 78 domestique,
1775 1894 189 60 notre
2000 1911 193 60 corps
2227 1893 130 59 d'of-

221 1978 299 60 ficiers...

298 2059 377 71 L'homme,
706 2076 157 42 sans
898 2058 348 72 entendre,
1290 2058 471 79 poursuivit...

302 2175 79 6 —
407 2140 174 60 C'est
628 2156 258 43 comme
934 2139 99 60 les
1080 2139 270 60 curés...
1407 2139 157 60 c'est
1611 2156 237 43 encore
1891 2156 175 43 nous
2124 2139 117 78 qui
2288 2138 101 61 les

221 2220 256 61 faisons
508 2219 299 61 vivre!...
842 2220 92 59 Ils
969 2222 153 57 sont
1154 2220 99 59 les
1286 2220 504 78 représentants
1836 2220 163 60 d'un
2047 2220 179 60 Dieu
2270 2220 120 78 qui

221 2302 233 59 aimait
485 2302 99 59 les
614 2318 289 62 pauvres
937 2318 265 60 gens....
1243 2302 88 61 ils
1366 2302 349 59 devraient
1733 2319 176 42 nous
1942 2302 309 61 consoler

219 2384 132 71 Ah,
393 2383 115 61 oui
769 2383 87 58 ils
890 2383 517 77 s'agenouillent
1459 2384 246 59 devant
1759 2384 61 60 le
1879 2401 170 43 veau
2104 2384 285 74 d'or...,

223 2463 385 61 s'attablent
626 2463 270 60 chezles
918 2463 419 75 traitants...,
1359 2464 116 79 qui
1497 2464 150 60 leur
1658 2464 230 78 paient
1907 2464 117 60 des
2044 2482 342 43 messes...

222 2544 147 59 leur
412 2544 468 60 rembourrent
926 2544 119 60 des
1088 2544 467 61 douillettes...
1613 2562 86 43 ou
1745 2547 148 58 leur
1935 2546 286 60 brodent
2273 2548 118 58 des

222 2626 357 61 chasubles
734 2626 147 61 Une
912 2626 235 73 fois...,
1187 2643 84 42 on
1300 2646 37 42 a
1369 2627 193 60 sabré
1590 2628 61 60 le
1674 2627 242 77 peuple
1952 2646 117 42 sur
2098 2628 100 61 les
2230 2628 123 61 bou-

219 2704 346 63 levards...
609 2707 85 60 ils
750 2708 115 59 ont
910 2706 158 61 béni
1260 2709 85 59 Et
1385 2726 173 42 nous
1618 2726 175 42 nous
1836 2709 206 60 tuons
2088 2727 174 60 pour
2287 2711 100 59 les

219 2805 209 59 payer
447 2789 10 58 !

301 2904 76 5 —
407 2868 138 60 Ah!
584 2886 168 42 vous
776 2869 167 61 allez
971 2871 146 83 trop
1141 2869 166 74 loin,
1328 2871 64 59 la
1421 2871 306 80 religion,
1765 2872 66 61 la
1848 2872 285 80 religion
2152 2873 102 62 est

221 2947 405 62 nécessaire.
672 2949 146 61 Si...
873 2951 127 61 elle
1075 2952 347 65 n'existait
1465 2971 230 60 pas...,
1738 2953 50 60 il
1822 2953 375 62 faudrait...
2244 2954 117 60 l'in-

219 3032 252 58 venter.

331 3102 8 7 -
682 3112 9 10 •

294 3112 97 58 La
467 3112 307 61 nourrice
835 3114 186 64 tassa
1098 3134 108 47 ses
1258 3116 356 61 mamelles
1682 3117 171 61 dans
1914 3135 122 43 son
2121 3136 268 55 caraco,

211 3191 156 77 puis
396 3191 146 62 tout
585 3211 80 42 en
699 3193 274 76 berçant
1022 3217 122 44 son
1187 3197 193 79 petit,
1411 3197 128 60 elle
1591 3215 351 61 approuva
1992 3200 160 59 d'un
2184 3201 164 60 trem-

209 3272 403 65 blottement
645 3276 79 58 de
760 3294 108 43 ses
922 3294 153 59 gras
1105 3281 336 61 mentons.

291 3352 349 63 L'homme
668 3358 115 57 eut
815 3376 93 41 un
936 3360 231 63 brutal
1200 3361 448 61 haussement
1677 3361 347 79 d'épaules
2056 3362 159 78 puis
2244 3380 111 42 con-

209 3432 192 61 tinua
433 3436 407 77 d'exprimer
868 3457 110 45 ses
1012 3446 278 70 colères,
1333 3442 229 60 tandis
1613 3460 129 60 que
1773 3461 122 42 son
1934 3445 112 58 fils
2109 3443 277 73 suivait,

205 3530 155 42 avec
395 3532 133 42 une
562 3517 332 62 attention
924 3523 219 63 triste,
1186 3526 100 58 les
1320 3522 168 79 jeux
1524 3521 369 81 d'élégants
1925 3523 321 63 bambins
2283 3541 72 43 en-

204 3593 259 61 tassant
496 3596 90 61 du
621 3598 185 61 sable
839 3619 159 45 avec
1031 3606 118 61 des
1181 3603 235 82 pelles.
