2270 3746
921 181 64 33 LE
1018 181 353 36 BACCHU-BER

2068 180 86 52 389

130 285 184 47 matique
327 297 8 34 ;
366 285 105 37 mais
501 285 293 37 l'observation
818 286 154 37 directe
1004 288 49 36 de
1085 289 42 36 la
1155 289 127 36 danse
1312 296 41 31 et
1384 290 53 36 du
1459 291 127 36 chant
1608 303 53 24 va
1693 303 102 24 nous
1818 291 153 37 fournir
1993 293 162 37 d'utiles

128 353 267 38 indications.

230 423 276 36 Considérons
533 423 173 36 d'abord
733 423 37 36 le
796 431 279 41 groupement
1096 426 71 36 des
1191 428 201 37 danseurs
1416 434 40 30 et
1477 429 38 36 la
1534 428 246 47 disposition
1800 430 49 35 de
1871 430 88 35 leur
1974 431 143 35 chaîne
2143 443 8 25 :

128 492 89 37 cela
240 491 104 36 n'est
365 504 76 34 pas
459 504 97 23 sans
576 498 174 41 rapport
773 504 100 25 avec
897 505 46 24 ce
965 506 80 30 que
1066 507 106 24 nous
1193 507 153 25 savons
1371 497 50 35 de
1437 498 203 35 certaines
1658 498 150 36 danses
1840 498 189 47 antiques
2053 499 102 36 dont

126 561 41 36 la
188 560 331 47 représentation
541 573 106 24 nous
672 572 24 25 a
714 562 64 34 été
798 564 225 34 conservée
1042 575 74 34 par
1137 564 57 35 les
1216 565 251 36 bas-reliefs.
1485 565 108 37 C'est
1616 566 103 36 ainsi
1733 578 76 35 que
1833 567 58 36 M.
1908 567 246 47 Bourgault-

129 629 272 48 Ducoudray,
429 641 51 24 au
510 642 121 24 cours
665 630 49 35 de
745 641 47 24 sa
816 630 170 36 mission
1019 643 49 24 en
1098 631 144 47 Grèce,
1268 644 23 24 a
1313 645 54 35 pu
1391 635 194 35 observer
1607 637 23 33 à
1653 635 171 47 Mégare
1846 637 41 34 la
1910 637 244 35 survivance

130 698 119 36 d'une
273 699 49 35 de
355 710 69 24 ces
452 698 152 36 danses
635 698 102 36 dont
764 698 60 36 les
855 701 268 35 exécutantes
1211 706 139 31 toutes
1379 703 72 35 des
1478 703 173 35 femmes
1740 715 43 24 se
1806 705 182 35 tenaient
2011 717 76 35 par
2114 705 41 36 la

130 766 111 36 main
261 767 49 35 de
341 767 105 36 deux
469 779 49 23 en
548 767 104 35 deux
680 779 48 23 en
755 765 243 47 s'avançant
1019 769 94 35 d'un
1134 781 77 34 pas
1235 770 195 46 cadencé,
1454 771 49 35 de
1524 773 129 33 même
1677 783 78 34 que
1786 772 59 35 les
1878 772 197 36 danseurs
2099 773 53 35 du

129 835 285 37 Baccliii-Ber
430 842 95 30 sont
540 836 121 36 reliés
680 835 50 36 de
748 835 102 37 deux
873 849 49 23 en
944 837 104 36 deux
1070 849 75 35 par
1167 838 59 35 les
1249 839 137 46 épées.
1406 839 119 35 Cette
1542 839 243 47 disposition
1809 851 24 24 a
1855 842 63 33 été
1936 843 217 34 retrouvée

127 915 148 24 encore
299 905 103 35 dans
426 916 77 24 une
527 910 116 31 autre
666 906 131 36 danse
819 908 134 34 restée
972 906 215 47 populaire
1209 908 97 35 chez
1327 919 54 24 un
1404 907 71 36 des
1499 908 172 46 peuples
1690 908 204 46 d'Europe
1919 910 51 33 où
1993 914 72 30 ont
2087 910 65 35 été

127 974 222 35 conservés
372 974 38 35 le
433 974 91 46 plus
548 974 241 37 d'éléments
809 975 208 47 primitifs,
1040 976 102 35 dans
1165 976 40 35 la
1225 978 167 33 contrée
1418 978 257 45 pyrénéenne
1698 976 55 36 du
1773 977 109 47 Pays
1906 977 177 46 Basque,
2100 979 51 33 où

128 1041 130 36 existe
282 1054 77 24 une
379 1042 183 37 certaine
581 1044 130 35 danse
734 1044 72 36 des
828 1045 153 35 bâtons
1009 1056 179 35 presque
1219 1044 208 47 identique
1453 1046 24 34 à
1505 1045 41 35 la
1568 1044 128 36 danse
1716 1045 72 35 des
1811 1047 123 44 épées
1955 1046 195 47 alpestre,

199 1110 154 36 dansée
374 1123 77 36 par
473 1112 72 36 des
567 1113 186 35 hommes
777 1114 244 42 seulement,
1044 1113 121 36 —les
1188 1113 105 37 deux
1307 1125 132 34 sexes,
1451 1126 104 24 nous
1580 1114 37 35 le
1630 1126 173 35 voyons,
1826 1113 157 37 n'étant
1998 1114 152 47 jamais

130 1180 129 35 mêlés
282 1180 105 36 dans
409 1181 59 35 les
492 1181 150 36 danses
665 1181 50 36 de
739 1193 44 25 ce
807 1187 113 42 type.

227 1248 175 48 Voyons
424 1249 259 37 maintenant
699 1251 40 35 la
758 1250 202 47 musique,
981 1256 40 30 et
1037 1250 261 36 étudions-en
1312 1251 172 36 d'abord
1500 1250 36 36 le
1554 1251 177 47 rythme.
1758 1251 124 44 C'est,
1902 1263 247 24 avons-nous

130 1316 73 47 dit,
228 1329 77 25 une
337 1329 162 25 mesure
529 1320 24 34 à
581 1319 104 35 deux
715 1324 151 42 temps,
890 1319 102 36 dont
1020 1320 58 35 les
1108 1319 199 36 danseurs
1338 1324 217 42 marquent
1576 1320 40 35 la
1638 1319 182 36 cadence
1843 1331 75 35 par
1936 1320 102 35 trois
2057 1332 92 34 pas,

128 1387 251 46 produisant
395 1387 104 35 ainsi
515 1399 77 24 une
612 1387 240 36 succession
875 1388 191 35 continue
1087 1388 49 35 de
1157 1389 104 35 deux
1283 1388 171 36 croches
1475 1394 40 30 et
1536 1400 78 25 une
1635 1389 127 36 noire.
1783 1388 112 37 C'est
1910 1389 240 46 l'anapeste.

131 1454 73 44 Or,
236 1467 46 24 ce
313 1456 181 47 «pied»,
518 1457 103 35 mêlé
652 1468 101 24 avec
774 1457 36 35 le
840 1457 200 46 spondée,
1071 1463 65 30 est
1163 1458 39 35 la
1226 1458 101 35 base
1352 1457 307 36 fondamentale
1689 1458 54 35 du
1769 1458 197 47 «rythme
1991 1468 103 36 pour
2112 1458 40 35 la

130 1526 169 35 marche
336 1526 137 35 armée
493 1540 35 30 »,
553 1525 102 36 dont
685 1526 59 35 les
774 1527 234 34 embateria
1041 1526 50 35 de
1122 1526 151 47 Tyrtée
1310 1531 93 30 sont
1433 1526 61 35 les
1528 1526 183 36 illustres
1742 1531 138 43 types,
1912 1531 40 30 et
1985 1526 114 46 dont,
2131 1527 23 35 à

130 1594 188 47 l'époque
341 1594 211 45 moderne,
581 1594 170 47 Rouget
779 1594 49 35 de
861 1594 109 35 Lisle
999 1606 24 23 a
1047 1595 190 35 retrouvé
1259 1595 40 34 la
1315 1594 132 35 forme
1477 1594 104 36 dans
1605 1606 68 24 ces
1696 1606 92 24 vers
1812 1595 49 35 de
1882 1595 41 34 la
1946 1595 182 35 Marseil-

130 1663 106 35 laise
258 1675 8 22 :
293 1676 19 19 «
336 1661 153 37 Contre
509 1674 103 24 nous
635 1662 48 35 de
703 1663 41 34 la
764 1661 205 48 tyrannie,
997 1663 226 35 l'étendard
1244 1663 198 47 sanglant
1461 1668 64 30 est
1546 1663 88 35 levé
1655 1677 34 22 ».

228 1731 56 35 Le
323 1731 126 36 chant
487 1731 54 35 du
581 1729 284 37 Bacchu-Ber
904 1742 285 36 accompagne
1225 1735 85 31 très
1343 1736 264 30 exactement
1642 1742 45 25 ce
1728 1731 163 48 rythme
1926 1731 52 36 du
2006 1743 76 35 pas
2115 1736 40 31 et

126 1800 231 36 l'accentue
378 1799 237 36 fortement.

226 1869 38 34 A
285 1869 41 34 la
344 1868 145 43 vérité,
508 1868 57 35 les
584 1868 157 47 parties
763 1868 147 36 faibles
935 1868 54 35 du
1012 1868 156 37 second
1188 1874 136 41 temps
1348 1868 96 49 (non
1465 1870 216 45 marquées
1700 1881 76 34 par
1794 1868 41 36 la
1859 1867 181 49 marche)
2063 1874 91 30 sent

127 1943 190 39 souvent,
339 1937 104 36 dans
463 1937 41 35 la
522 1936 193 47 mélodie,
736 1938 217 45 marquées
976 1949 76 35 par
1073 1937 73 35 des
1167 1937 173 36 doubles
1365 1939 184 35 croches.
1576 1937 107 36 Mais
1705 1943 115 30 outre
1844 1949 78 34 que
1942 1948 67 25 ces
2033 1942 118 30 notes

126 2011 181 42 peuvent
329 2008 86 33 être
442 2006 261 35 considérées
732 2017 160 24 comme
918 2006 49 35 de
991 2006 168 47 simples
1183 2006 210 36 broderies
1422 2008 267 45 passagères,
1720 2006 80 35 l'on
1829 2011 99 41 peut
1956 2006 197 35 observer

127 2075 169 46 qu'elles
320 2074 256 36 constituent
595 2075 289 44 elles-mêmes,
908 2086 102 24 avec
1039 2075 39 35 la
1109 2075 149 35 croche
1281 2074 203 46 suivante,
1507 2075 35 35 le
1572 2074 318 36 dédoublement
1912 2074 54 35 du
1988 2074 164 47 rythme

125 2143 310 44 fondamental;
469 2143 49 36 de
551 2149 113 29 sorte
697 2155 79 34 que
806 2144 39 34 la
866 2142 175 36 formule
1070 2143 195 46 générale
1287 2157 6 20 :
1320 2143 105 35 deux
1454 2144 185 45 croches,
1670 2155 76 23 une
1776 2142 126 47 noire,
1935 2154 43 24 se
2003 2148 147 30 trouve

127 2213 214 36 combinée
364 2223 101 25 avec
487 2224 78 24 une
586 2212 174 36 formule
785 2211 241 36 secondaire
1049 2211 48 35 de
1115 2212 103 35 deux
1240 2211 379 47 doubles-croches,
1634 2223 78 24 une
1736 2212 163 41 croche,
1924 2211 68 47 qui
2016 2223 49 23 en
2087 2216 63 30 est

125 2293 49 24 en
198 2281 176 47 quelque
404 2286 111 30 sorte
543 2281 40 35 la
602 2295 18 19 «
642 2280 246 36 diminution
910 2295 33 31 »,
979 2286 41 30 et
1050 2292 49 24 ne
1130 2281 216 36 contribue
1374 2292 77 35 pas
1480 2293 80 34 peu
1583 2283 23 33 à
1632 2280 219 36 maintenir
1871 2279 274 47 l'impression

123 2349 154 36 d'unité
298 2350 48 34 de
371 2349 107 48 style
499 2361 70 23 sur
590 2349 236 36 l'ensemble
846 2349 50 34 de
917 2349 40 35 la
975 2349 190 36 mélodie.

224 2418 101 37 Cela
356 2421 131 33 même
516 2419 106 34 n'sst
649 2429 76 36 pas
752 2429 48 24 en
830 2417 302 36 contradiction
1153 2429 100 24 avec
1276 2418 60 35 les
1359 2417 206 47 principes
1596 2417 49 36 de
1676 2417 39 36 la
1744 2417 185 47 musique
1960 2417 181 47 antique,

123 2500 80 24 non
225 2488 91 47 plus
340 2486 172 47 qu'avec
532 2486 41 37 la
591 2486 131 37 forme
740 2486 48 36 de
805 2486 39 35 la
866 2486 235 48 pyrrhique,
1127 2486 99 36 dont
1248 2486 36 36 le
1306 2491 263 32 mouvement
1581 2486 199 46 précipité
1804 2486 102 36 était
1926 2486 216 36 considéré

122 2568 78 36 par
221 2557 58 34 les
302 2555 249 36 théoriciens
573 2567 160 25 comme
756 2567 53 23 un
830 2570 19 19 «
873 2555 318 35 dédoublement
1213 2568 18 21 »
1257 2555 54 35 du
1332 2556 162 47 rythme
1514 2554 269 47 anapestique
1802 2553 66 50 (i).

221 2625 66 35 Au
309 2624 117 46 point
447 2624 49 36 de
525 2636 77 24 vue
631 2624 153 46 modal,
806 2625 36 35 le
873 2624 124 36 chant
1025 2624 105 35 n'est
1157 2636 76 34 pas
1260 2624 133 35 moins
1418 2623 353 46 caractéristique.
1800 2623 110 35 C'est
1938 2634 54 24 un
2018 2622 100 48 hypo-

122 2695 150 36 dorien
296 2706 53 24 ou
368 2693 136 36 èolien
529 2693 71 35 des
619 2692 91 47 plus
729 2704 113 35 purs,
936 2692 157 36 mineur
1115 2704 97 23 sans
1242 2698 99 30 note
1368 2691 178 37 sensible
1569 2702 7 25 :
1599 2691 52 36 ici
1671 2691 37 35 le
1733 2701 18 39 7
1757 2698 13 16 e
1800 2691 125 47 degré
1952 2692 192 45 apparaît

122 2775 79 25 aux
224 2764 103 35 deux
348 2764 198 35 hauteurs
570 2762 47 35 de
636 2761 199 42 l'échelle,
854 2763 24 33 à
904 2761 124 49 l'aigu
1049 2766 40 30 et
1111 2772 53 24 au
1186 2772 142 34 grave,
1350 2766 41 30 et
1419 2761 160 45 chaque
1607 2759 79 36 fois
1710 2771 98 25 avec
1832 2771 78 24 une
1938 2759 205 37 franchise

122 2832 69 47 qui
224 2844 48 24 ne
298 2832 126 35 laisse
452 2831 85 36 rien
575 2832 23 35 à
631 2830 169 36 désirer.
835 2829 113 36 C'est
981 2831 132 34 même
1145 2841 79 24 une
1256 2829 74 35 des
1358 2829 249 46 principales
1635 2829 154 35 bévues
1821 2828 50 36 de
1893 2829 41 35 la
1955 2827 188 37 notation

119 2902 255 35 Ladoucette
403 2900 159 36 d'avoir
586 2898 200 37 introduit
817 2899 151 36 devant
999 2898 41 36 la
1064 2904 97 29 note
1192 2898 68 46 qui
1287 2898 179 46 précède
1496 2897 40 36 la
1566 2897 122 36 finale
1710 2909 52 23 un
1783 2897 113 36 dièze
1920 2897 67 47 qui
2007 2896 54 36 lui
2081 2902 64 30 est

115 2971 323 46 complètement
467 2970 218 46 étranger;
723 2973 40 30 et
793 2973 108 30 cette
930 2967 129 44 faute,
1086 2966 264 49 témoignant
1386 2967 51 36 de
1466 2966 262 47 l'incapacité
1762 2968 52 33 où
1847 2978 43 23 se
1924 2972 147 29 trouve
2104 2966 37 35 le

116 3046 195 30 notateur
333 3039 50 35 de
408 3038 237 36 s'abstraire
668 3038 72 35 des
763 3036 137 48 règles
924 3036 48 35 de
995 3036 42 35 la
1054 3036 186 47 musique
1261 3036 209 45 moderne,
1494 3041 160 30 montre
1677 3046 76 36 par
1777 3035 41 35 là
1844 3037 131 33 même
2002 3046 78 35 que
2103 3035 40 35 la

115 3109 175 36 mélodie
309 3114 64 30 est
395 3107 229 37 construite
647 3107 164 46 d'après
833 3118 54 23 un
910 3107 182 45 système
1115 3105 139 35 modal
1274 3105 201 36 différent.
1496 3104 245 36 N'oublions
1764 3116 76 34 pas
1865 3115 93 35 que,
1980 3103 161 47 d'après

118 3178 162 45 Platon,
305 3177 239 36 l'harmonie
568 3175 195 38 dorienne
779 3180 77 37 est,
873 3186 75 35 par
968 3185 187 32 essence,
1174 3175 101 35 celle
1298 3174 69 46 qui
1390 3173 115 37 imite
1525 3174 37 35 le
1584 3178 73 30 ton
1680 3178 40 30 et
1739 3173 59 35 les
1821 3173 129 35 mâles
1974 3177 168 30 accents

120 3247 49 36 de
193 3247 189 35 l'homme
401 3246 49 36 de
473 3257 126 35 cœur,
617 3251 39 30 et
680 3257 78 35 que
781 3250 94 31 tous
894 3245 59 35 les
975 3249 168 30 auteurs
1164 3243 49 36 de
1233 3243 231 46 l'antiquité
1494 3247 71 31 ont
1590 3242 211 47 proclamé
1828 3253 75 23 son
1929 3242 213 34 caractère

120 3327 130 36 grave
273 3321 41 30 et
334 3315 103 36 viril.

196 3447 42 37 (1)
258 3447 89 34 Voir,
368 3455 54 19 sur
439 3455 53 19 ces
510 3445 127 34 détails,
658 3444 171 34 GEVAERT,
855 3444 151 36 Musique
1023 3443 37 28 de
1079 3439 16 45 l
1111 3439 16 45 1
1143 3439 159 45 Antiquité,
1320 3446 21 25 t.
1359 3442 44 34 11,
1420 3452 50 24 pp.
1490 3449 64 28 105,
1569 3450 62 24 120,
1648 3450 63 25 134,
1725 3447 51 27 325
1789 3441 134 31 etsuiv.,
1941 3439 81 26 ainsi
2038 3447 61 24 que
2111 3441 31 24 la

122 3494 75 25 note
215 3494 38 24 de
272 3492 61 33 118,
353 3490 243 33 caractérisant,
614 3498 57 26 par
696 3499 60 17 une
780 3490 136 26 citation
936 3488 174 26 d'Aristide
1135 3487 188 34 Quintilien,
1344 3489 45 25 les
1411 3488 140 24 diverses
1570 3487 156 24 cadences
1741 3486 38 24 de
1795 3486 30 23 la
1839 3484 139 32 marche,
1994 3481 147 28 modérée

122 3537 32 26 et
169 3537 92 26 virile
281 3543 76 20 avec
376 3537 30 25 le
425 3534 148 34 spondée,
596 3544 12 15 «
625 3532 124 28 animée
768 3536 31 24 et
816 3531 120 28 formée
954 3534 38 25 de
1011 3534 100 30 temps
1131 3530 113 34 égaux,
1264 3532 79 25 mais
1362 3532 64 25 fort
1443 3531 107 33 petits,
1570 3530 78 26 dans
1667 3530 31 24 la
1715 3528 182 34 pyrrhique.
1916 3537 12 13 »
