<?xml version="1.0" encoding="UTF-8"?>
<alto xmlns:xsi="http://www.w3.org/2001/XMLSchema-instance" xmlns="http://www.loc.gov/standards/alto/ns-v2#" xsi:schemaLocation="http://www.loc.gov/standards/alto/ns-v2# http://www.loc.gov/standards/alto/alto-v2.0.xsd" xmlns:xlink="http://www.w3.org/1999/xlink">
	<Description>
		<MeasurementUnit>mm10</MeasurementUnit>
		<sourceImageInformation>
			<fileName>//fileserver7/IN2-2/Princeton/bmtnabj/1901/11_01/00000430.tif</fileName>
		</sourceImageInformation>
		<OCRProcessing ID="OCRPROCESSING_1">
			<preProcessingStep>
				<processingSoftware>
					<softwareCreator>CCS Content Conversion Specialists GmbH, Germany</softwareCreator>
					<softwareName>CCS docWORKS</softwareName>
					<softwareVersion>6.6-2.8</softwareVersion>
				</processingSoftware>
			</preProcessingStep>
			<ocrProcessingStep>
				<processingSoftware>
					<softwareCreator>ABBYY (BIT Software), Russia</softwareCreator>
					<softwareName>FineReader</softwareName>
					<softwareVersion>10.0</softwareVersion>
				</processingSoftware>
			</ocrProcessingStep>
		</OCRProcessing>
		<OCRProcessing ID="OCRPROCESSING_2">
			<preProcessingStep>
				<processingSoftware>
					<softwareCreator>CCS Content Conversion Specialists GmbH, Germany</softwareCreator>
					<softwareName>CCS docWORKS</softwareName>
					<softwareVersion>6.6-2.8</softwareVersion>
				</processingSoftware>
			</preProcessingStep>
			<ocrProcessingStep>
				<processingSoftware>
					<softwareCreator>ABBYY (BIT Software), Russia</softwareCreator>
					<softwareName>NA</softwareName>
				</processingSoftware>
			</ocrProcessingStep>
		</OCRProcessing>
	</Description>
	<Styles>
		<TextStyle ID="TXT_0" FONTSIZE="13" FONTFAMILY="Times New Roman"/>
		<TextStyle ID="TXT_1" FONTSIZE="15" FONTFAMILY="Arial"/>
		<TextStyle ID="TXT_2" FONTSIZE="14" FONTFAMILY="Times New Roman"/>
		<TextStyle ID="TXT_3" FONTSIZE="14" FONTFAMILY="Times New Roman" FONTSTYLE="italics"/>
		<TextStyle ID="TXT_4" FONTSIZE="12" FONTFAMILY="Times New Roman"/>
		<ParagraphStyle ID="PAR_CENTER" ALIGN="Center"/>
		<ParagraphStyle ID="PAR_LEFT" ALIGN="Left"/>
		<ParagraphStyle ID="PAR_RIGHT" ALIGN="Right"/>
		<ParagraphStyle ID="PAR_BLOCK" ALIGN="Block"/>
	</Styles>
	<Layout>
		<Page ID="P28" PHYSICAL_IMG_NR="28" HEIGHT="3746" WIDTH="2270" PRINTED_IMG_NR="412" PC="0.945">
			<TopMargin ID="P28_TM00001" HPOS="0" VPOS="0" WIDTH="2270" HEIGHT="237">
				<TextBlock ID="P28_TB00001" HPOS="758" VPOS="175" WIDTH="741" HEIGHT="50" STYLEREFS="TXT_0 PAR_CENTER">
					<TextLine ID="P28_TL00001" HPOS="759" VPOS="176" WIDTH="740" HEIGHT="49">
						<String ID="P28_ST00001" HPOS="759" VPOS="181" WIDTH="243" HEIGHT="44" CONTENT="MUSIQUE" WC="0.98" CC="9004550"/>
						<SP ID="P28_SP00001" HPOS="1002" VPOS="225" WIDTH="35"/>
						<String ID="P28_ST00002" HPOS="1037" VPOS="176" WIDTH="462" HEIGHT="38" CONTENT="CONTEMPORAINE" WC="0.99" CC="0054590056562"/>
					</TextLine>
				</TextBlock>
				<TextBlock ID="P28_TB00002" HPOS="116" VPOS="194" WIDTH="87" HEIGHT="40" STYLEREFS="TXT_1 PAR_LEFT">
					<TextLine ID="P28_TL00002" HPOS="116" VPOS="194" WIDTH="87" HEIGHT="40">
						<String ID="P28_ST00003" HPOS="116" VPOS="194" WIDTH="87" HEIGHT="40" CONTENT="412" WC="1.00" CC="000"/>
					</TextLine>
				</TextBlock>
			</TopMargin>
			<LeftMargin ID="P28_LM00001" HPOS="0" VPOS="237" WIDTH="99" HEIGHT="3323"/>
			<RightMargin ID="P28_RM00001" HPOS="2155" VPOS="237" WIDTH="115" HEIGHT="3323"/>
			<BottomMargin ID="P28_BM00001" HPOS="0" VPOS="3560" WIDTH="2270" HEIGHT="186"/>
			<PrintSpace ID="P28_PS00001" HPOS="99" VPOS="237" WIDTH="2056" HEIGHT="3323">
				<TextBlock ID="P28_TB00003" HPOS="113" VPOS="280" WIDTH="2042" HEIGHT="613" STYLEREFS="TXT_2 PAR_LEFT">
					<TextLine ID="P28_TL00003" HPOS="215" VPOS="281" WIDTH="1937" HEIGHT="57">
						<String ID="P28_ST00004" HPOS="215" VPOS="297" WIDTH="239" HEIGHT="37" CONTENT="Admirable" WC="0.99" CC="000300642"/>
						<SP ID="P28_SP00002" HPOS="454" VPOS="334" WIDTH="21"/>
						<String ID="P28_ST00005" HPOS="475" VPOS="294" WIDTH="214" HEIGHT="38" CONTENT="exécution" WC="0.99" CC="050250120"/>
						<SP ID="P28_SP00003" HPOS="689" VPOS="334" WIDTH="25"/>
						<String ID="P28_ST00006" HPOS="714" VPOS="292" WIDTH="48" HEIGHT="36" CONTENT="de" WC="1.00" CC="00"/>
						<SP ID="P28_SP00004" HPOS="762" VPOS="334" WIDTH="23"/>
						<String ID="P28_ST00007" HPOS="785" VPOS="292" WIDTH="40" HEIGHT="35" CONTENT="la" WC="1.00" CC="00"/>
						<SP ID="P28_SP00005" HPOS="825" VPOS="334" WIDTH="20"/>
						<String ID="P28_ST00008" HPOS="845" VPOS="291" WIDTH="55" HEIGHT="35" CONTENT="IX" WC="0.41" CC="56"/>
						<String ID="P28_ST00009" HPOS="903" VPOS="296" WIDTH="13" HEIGHT="17" CONTENT="e" STYLE="superscript" WC="0.54" CC="4"/>
						<SP ID="P28_SP00006" HPOS="916" VPOS="334" WIDTH="20"/>
						<String ID="P28_ST00010" HPOS="936" VPOS="288" WIDTH="266" HEIGHT="50" CONTENT="symphonie;" WC="1.00" CC="0000640104"/>
						<SP ID="P28_SP00007" HPOS="1202" VPOS="338" WIDTH="18"/>
						<String ID="P28_ST00011" HPOS="1220" VPOS="293" WIDTH="42" HEIGHT="31" CONTENT="et" WC="1.00" CC="00"/>
						<SP ID="P28_SP00008" HPOS="1262" VPOS="338" WIDTH="19"/>
						<String ID="P28_ST00012" HPOS="1281" VPOS="299" WIDTH="45" HEIGHT="25" CONTENT="ce" WC="1.00" CC="00"/>
						<SP ID="P28_SP00009" HPOS="1326" VPOS="338" WIDTH="21"/>
						<String ID="P28_ST00013" HPOS="1347" VPOS="284" WIDTH="316" HEIGHT="42" CONTENT="chef-d'œuvre," WC="1.00" CC="0035400000014"/>
						<SP ID="P28_SP00010" HPOS="1663" VPOS="338" WIDTH="20"/>
						<String ID="P28_ST00014" HPOS="1683" VPOS="282" WIDTH="238" HEIGHT="48" CONTENT="longtemps" WC="0.99" CC="400054000"/>
						<SP ID="P28_SP00011" HPOS="1921" VPOS="338" WIDTH="22"/>
						<String ID="P28_ST00015" HPOS="1943" VPOS="281" WIDTH="209" HEIGHT="41" CONTENT="contesté," WC="1.00" CC="000000004"/>
					</TextLine>
					<TextLine ID="P28_TL00004" HPOS="115" VPOS="358" WIDTH="1018" HEIGHT="53">
						<String ID="P28_ST00016" HPOS="115" VPOS="368" WIDTH="198" HEIGHT="36" CONTENT="consacré" WC="1.00" CC="00420000"/>
						<SP ID="P28_SP00012" HPOS="313" VPOS="404" WIDTH="24"/>
						<String ID="P28_ST00017" HPOS="337" VPOS="366" WIDTH="123" HEIGHT="45" CONTENT="enfin," WC="0.99" CC="042214"/>
						<SP ID="P28_SP00013" HPOS="460" VPOS="411" WIDTH="23"/>
						<String ID="P28_ST00018" HPOS="483" VPOS="364" WIDTH="78" HEIGHT="36" CONTENT="mit" WC="0.99" CC="010"/>
						<SP ID="P28_SP00014" HPOS="561" VPOS="411" WIDTH="20"/>
						<String ID="P28_ST00019" HPOS="581" VPOS="367" WIDTH="89" HEIGHT="32" CONTENT="tout" WC="0.98" CC="0340"/>
						<SP ID="P28_SP00015" HPOS="670" VPOS="411" WIDTH="23"/>
						<String ID="P28_ST00020" HPOS="693" VPOS="362" WIDTH="36" HEIGHT="35" CONTENT="le" WC="0.94" CC="01"/>
						<SP ID="P28_SP00016" HPOS="729" VPOS="411" WIDTH="23"/>
						<String ID="P28_ST00021" HPOS="752" VPOS="360" WIDTH="150" HEIGHT="35" CONTENT="monde" WC="0.99" CC="00700"/>
						<SP ID="P28_SP00017" HPOS="902" VPOS="411" WIDTH="22"/>
						<String ID="P28_ST00022" HPOS="924" VPOS="358" WIDTH="209" HEIGHT="37" CONTENT="d'accord." WC="1.00" CC="030000504"/>
					</TextLine>
					<TextLine ID="P28_TL00005" HPOS="219" VPOS="418" WIDTH="1933" HEIGHT="68">
						<String ID="P28_ST00023" HPOS="219" VPOS="436" WIDTH="48" HEIGHT="50" CONTENT="Je" WC="1.00" CC="00"/>
						<SP ID="P28_SP00018" HPOS="267" VPOS="486" WIDTH="23"/>
						<String ID="P28_ST00024" HPOS="290" VPOS="435" WIDTH="83" HEIGHT="37" CONTENT="suis" WC="0.99" CC="0130"/>
						<SP ID="P28_SP00019" HPOS="373" VPOS="486" WIDTH="21"/>
						<String ID="P28_ST00025" HPOS="394" VPOS="432" WIDTH="233" HEIGHT="49" CONTENT="cependant" WC="1.00" CC="000040010"/>
						<SP ID="P28_SP00020" HPOS="627" VPOS="486" WIDTH="19"/>
						<String ID="P28_ST00026" HPOS="646" VPOS="429" WIDTH="139" HEIGHT="48" CONTENT="obligé" WC="0.99" CC="060300"/>
						<SP ID="P28_SP00021" HPOS="785" VPOS="486" WIDTH="21"/>
						<String ID="P28_ST00027" HPOS="806" VPOS="429" WIDTH="49" HEIGHT="36" CONTENT="de" WC="1.00" CC="00"/>
						<SP ID="P28_SP00022" HPOS="855" VPOS="486" WIDTH="19"/>
						<String ID="P28_ST00028" HPOS="874" VPOS="428" WIDTH="104" HEIGHT="36" CONTENT="faire" WC="0.99" CC="00430"/>
						<SP ID="P28_SP00023" HPOS="978" VPOS="486" WIDTH="19"/>
						<String ID="P28_ST00029" HPOS="997" VPOS="428" WIDTH="59" HEIGHT="35" CONTENT="les" WC="1.00" CC="000"/>
						<SP ID="P28_SP00024" HPOS="1056" VPOS="486" WIDTH="21"/>
						<String ID="P28_ST00030" HPOS="1077" VPOS="428" WIDTH="188" HEIGHT="35" CONTENT="réserves" WC="1.00" CC="50000030"/>
						<SP ID="P28_SP00025" HPOS="1265" VPOS="486" WIDTH="23"/>
						<String ID="P28_ST00031" HPOS="1288" VPOS="426" WIDTH="59" HEIGHT="36" CONTENT="les" WC="1.00" CC="100"/>
						<SP ID="P28_SP00026" HPOS="1347" VPOS="486" WIDTH="19"/>
						<String ID="P28_ST00032" HPOS="1366" VPOS="425" WIDTH="92" HEIGHT="47" CONTENT="plus" WC="0.99" CC="0300"/>
						<SP ID="P28_SP00027" HPOS="1458" VPOS="486" WIDTH="20"/>
						<String ID="P28_ST00033" HPOS="1478" VPOS="433" WIDTH="217" HEIGHT="37" CONTENT="expresses" WC="1.00" CC="090300000"/>
						<SP ID="P28_SP00028" HPOS="1695" VPOS="486" WIDTH="21"/>
						<String ID="P28_ST00034" HPOS="1716" VPOS="432" WIDTH="69" HEIGHT="24" CONTENT="sur" WC="0.99" CC="002"/>
						<SP ID="P28_SP00029" HPOS="1785" VPOS="486" WIDTH="16"/>
						<String ID="P28_ST00035" HPOS="1801" VPOS="418" WIDTH="351" HEIGHT="49" CONTENT="l'interprétation" WC="0.99" CC="6406206010601225"/>
					</TextLine>
					<TextLine ID="P28_TL00006" HPOS="117" VPOS="489" WIDTH="2037" HEIGHT="64">
						<String ID="P28_ST00036" HPOS="117" VPOS="505" WIDTH="223" HEIGHT="48" CONTENT="singulière" WC="0.99" CC="3370503140"/>
						<SP ID="P28_SP00030" HPOS="340" VPOS="553" WIDTH="27"/>
						<String ID="P28_ST00037" HPOS="367" VPOS="503" WIDTH="68" HEIGHT="47" CONTENT="qui" WC="1.00" CC="001"/>
						<SP ID="P28_SP00031" HPOS="435" VPOS="553" WIDTH="36"/>
						<String ID="P28_ST00038" HPOS="471" VPOS="500" WIDTH="194" HEIGHT="46" CONTENT="consiste," WC="1.00" CC="006000004"/>
						<SP ID="P28_SP00032" HPOS="665" VPOS="553" WIDTH="34"/>
						<String ID="P28_ST00039" HPOS="699" VPOS="499" WIDTH="103" HEIGHT="36" CONTENT="dans" WC="1.00" CC="0000"/>
						<SP ID="P28_SP00033" HPOS="802" VPOS="553" WIDTH="30"/>
						<String ID="P28_ST00040" HPOS="832" VPOS="499" WIDTH="37" HEIGHT="35" CONTENT="le" WC="0.67" CC="60"/>
						<SP ID="P28_SP00034" HPOS="869" VPOS="553" WIDTH="29"/>
						<String ID="P28_ST00041" HPOS="898" VPOS="502" WIDTH="110" HEIGHT="31" CONTENT="texte" WC="1.00" CC="00000"/>
						<SP ID="P28_SP00035" HPOS="1008" VPOS="553" WIDTH="29"/>
						<String ID="P28_ST00042" HPOS="1037" VPOS="497" WIDTH="49" HEIGHT="36" CONTENT="de" WC="1.00" CC="00"/>
						<SP ID="P28_SP00036" HPOS="1086" VPOS="553" WIDTH="37"/>
						<String ID="P28_ST00043" HPOS="1123" VPOS="496" WIDTH="172" HEIGHT="36" CONTENT="Schiller" WC="0.99" CC="00724005"/>
						<SP ID="P28_SP00037" HPOS="1295" VPOS="553" WIDTH="32"/>
						<String ID="P28_ST00044" HPOS="1327" VPOS="495" WIDTH="76" HEIGHT="35" CONTENT="mis" WC="1.00" CC="000"/>
						<SP ID="P28_SP00038" HPOS="1403" VPOS="553" WIDTH="31"/>
						<String ID="P28_ST00045" HPOS="1434" VPOS="506" WIDTH="49" HEIGHT="23" CONTENT="en" WC="0.81" CC="30"/>
						<SP ID="P28_SP00039" HPOS="1483" VPOS="553" WIDTH="31"/>
						<String ID="P28_ST00046" HPOS="1514" VPOS="491" WIDTH="189" HEIGHT="47" CONTENT="musique" WC="0.99" CC="0403050"/>
						<SP ID="P28_SP00040" HPOS="1703" VPOS="553" WIDTH="31"/>
						<String ID="P28_ST00047" HPOS="1734" VPOS="502" WIDTH="77" HEIGHT="35" CONTENT="par" WC="0.99" CC="002"/>
						<SP ID="P28_SP00041" HPOS="1811" VPOS="553" WIDTH="32"/>
						<String ID="P28_ST00048" HPOS="1843" VPOS="489" WIDTH="253" HEIGHT="41" CONTENT="Beethoven," WC="0.99" CC="5001040160"/>
						<SP ID="P28_SP00042" HPOS="2096" VPOS="553" WIDTH="33"/>
						<String ID="P28_ST00049" HPOS="2129" VPOS="490" WIDTH="25" HEIGHT="33" CONTENT="à" WC="0.26" CC="7"/>
					</TextLine>
					<TextLine ID="P28_TL00007" HPOS="117" VPOS="557" WIDTH="2035" HEIGHT="64">
						<String ID="P28_ST00050" HPOS="117" VPOS="575" WIDTH="230" HEIGHT="46" CONTENT="remplacer" WC="1.00" CC="400030004"/>
						<SP ID="P28_SP00043" HPOS="347" VPOS="621" WIDTH="20"/>
						<String ID="P28_ST00051" HPOS="367" VPOS="573" WIDTH="37" HEIGHT="35" CONTENT="le" WC="1.00" CC="00"/>
						<SP ID="P28_SP00044" HPOS="404" VPOS="621" WIDTH="30"/>
						<String ID="P28_ST00052" HPOS="434" VPOS="575" WIDTH="87" HEIGHT="31" CONTENT="mot" WC="1.00" CC="000"/>
						<SP ID="P28_SP00045" HPOS="521" VPOS="621" WIDTH="29"/>
						<String ID="P28_ST00053" HPOS="550" VPOS="568" WIDTH="165" HEIGHT="38" CONTENT="Freude" WC="0.79" CC="602200" STYLEREFS="TXT_3"/>
						<SP ID="P28_SP00046" HPOS="715" VPOS="621" WIDTH="35"/>
						<String ID="P28_ST00054" HPOS="750" VPOS="566" WIDTH="111" HEIGHT="50" CONTENT="(joie)" WC="0.99" CC="000505"/>
						<SP ID="P28_SP00047" HPOS="861" VPOS="621" WIDTH="29"/>
						<String ID="P28_ST00055" HPOS="890" VPOS="578" WIDTH="76" HEIGHT="35" CONTENT="par" WC="1.00" CC="000"/>
						<SP ID="P28_SP00048" HPOS="966" VPOS="621" WIDTH="24"/>
						<String ID="P28_ST00056" HPOS="990" VPOS="564" WIDTH="199" HEIGHT="38" CONTENT="Freilieit" WC="0.92" CC="000030002" STYLEREFS="TXT_3"/>
						<SP ID="P28_SP00049" HPOS="1189" VPOS="621" WIDTH="27"/>
						<String ID="P28_ST00057" HPOS="1216" VPOS="562" WIDTH="180" HEIGHT="51" CONTENT="(liberté)" WC="0.99" CC="065003000"/>
						<SP ID="P28_SP00050" HPOS="1396" VPOS="621" WIDTH="33"/>
						<String ID="P28_ST00058" HPOS="1429" VPOS="568" WIDTH="41" HEIGHT="30" CONTENT="et" WC="1.00" CC="00"/>
						<SP ID="P28_SP00051" HPOS="1470" VPOS="621" WIDTH="34"/>
						<String ID="P28_ST00059" HPOS="1504" VPOS="563" WIDTH="25" HEIGHT="34" CONTENT="à" WC="0.30" CC="6"/>
						<SP ID="P28_SP00052" HPOS="1529" VPOS="621" WIDTH="35"/>
						<String ID="P28_ST00060" HPOS="1564" VPOS="559" WIDTH="238" HEIGHT="38" CONTENT="considérer" WC="1.00" CC="0000100305"/>
						<SP ID="P28_SP00053" HPOS="1802" VPOS="621" WIDTH="30"/>
						<String ID="P28_ST00061" HPOS="1832" VPOS="559" WIDTH="41" HEIGHT="35" CONTENT="la" WC="0.85" CC="20"/>
						<SP ID="P28_SP00054" HPOS="1873" VPOS="621" WIDTH="35"/>
						<String ID="P28_ST00062" HPOS="1908" VPOS="557" WIDTH="244" HEIGHT="48" CONTENT="symphonie" WC="1.00" CC="000060000"/>
					</TextLine>
					<TextLine ID="P28_TL00008" HPOS="120" VPOS="629" WIDTH="2032" HEIGHT="59">
						<String ID="P28_ST00063" HPOS="120" VPOS="654" WIDTH="158" HEIGHT="25" CONTENT="comme" WC="1.00" CC="02000"/>
						<SP ID="P28_SP00055" HPOS="278" VPOS="679" WIDTH="23"/>
						<String ID="P28_ST00064" HPOS="301" VPOS="653" WIDTH="53" HEIGHT="24" CONTENT="un" WC="1.00" CC="00"/>
						<SP ID="P28_SP00056" HPOS="354" VPOS="679" WIDTH="21"/>
						<String ID="P28_ST00065" HPOS="375" VPOS="641" WIDTH="151" HEIGHT="47" CONTENT="hymne" WC="1.00" CC="00000"/>
						<SP ID="P28_SP00057" HPOS="526" VPOS="688" WIDTH="28"/>
						<String ID="P28_ST00066" HPOS="554" VPOS="637" WIDTH="268" HEIGHT="49" CONTENT="d'allégresse" WC="1.00" CC="000200001000"/>
						<SP ID="P28_SP00058" HPOS="822" VPOS="688" WIDTH="30"/>
						<String ID="P28_ST00067" HPOS="852" VPOS="638" WIDTH="23" HEIGHT="34" CONTENT="à" WC="0.43" CC="5"/>
						<SP ID="P28_SP00059" HPOS="875" VPOS="688" WIDTH="28"/>
						<String ID="P28_ST00068" HPOS="903" VPOS="637" WIDTH="42" HEIGHT="35" CONTENT="la" WC="1.00" CC="00"/>
						<SP ID="P28_SP00060" HPOS="945" VPOS="688" WIDTH="24"/>
						<String ID="P28_ST00069" HPOS="969" VPOS="635" WIDTH="147" HEIGHT="35" CONTENT="liberté" WC="1.00" CC="0000000"/>
						<SP ID="P28_SP00061" HPOS="1116" VPOS="688" WIDTH="23"/>
						<String ID="P28_ST00070" HPOS="1139" VPOS="632" WIDTH="229" HEIGHT="50" CONTENT="(politique)" WC="1.00" CC="10032040004"/>
						<SP ID="P28_SP00062" HPOS="1368" VPOS="688" WIDTH="21"/>
						<String ID="P28_ST00071" HPOS="1389" VPOS="630" WIDTH="259" HEIGHT="48" CONTENT="reconquise." WC="1.00" CC="00007002000"/>
						<SP ID="P28_SP00063" HPOS="1648" VPOS="688" WIDTH="25"/>
						<String ID="P28_ST00072" HPOS="1673" VPOS="629" WIDTH="82" HEIGHT="35" CONTENT="Par" WC="0.97" CC="700"/>
						<SP ID="P28_SP00064" HPOS="1755" VPOS="688" WIDTH="20"/>
						<String ID="P28_ST00073" HPOS="1775" VPOS="629" WIDTH="59" HEIGHT="34" CONTENT="les" WC="0.98" CC="500"/>
						<SP ID="P28_SP00065" HPOS="1834" VPOS="688" WIDTH="29"/>
						<String ID="P28_ST00074" HPOS="1863" VPOS="632" WIDTH="289" HEIGHT="31" CONTENT="mouvements" WC="1.00" CC="0160000700"/>
					</TextLine>
					<TextLine ID="P28_TL00009" HPOS="119" VPOS="695" WIDTH="2033" HEIGHT="64">
						<String ID="P28_ST00075" HPOS="119" VPOS="711" WIDTH="95" HEIGHT="48" CONTENT="qu'il" WC="0.98" CC="06043"/>
						<SP ID="P28_SP00066" HPOS="214" VPOS="759" WIDTH="30"/>
						<String ID="P28_ST00076" HPOS="244" VPOS="711" WIDTH="167" HEIGHT="46" CONTENT="adopte," WC="1.00" CC="0000004"/>
						<SP ID="P28_SP00067" HPOS="411" VPOS="759" WIDTH="33"/>
						<String ID="P28_ST00077" HPOS="444" VPOS="709" WIDTH="60" HEIGHT="35" CONTENT="M." WC="0.93" CC="01"/>
						<SP ID="P28_SP00068" HPOS="504" VPOS="759" WIDTH="28"/>
						<String ID="P28_ST00078" HPOS="532" VPOS="706" WIDTH="235" HEIGHT="38" CONTENT="Chevillard" WC="0.78" CC="2600017030"/>
						<SP ID="P28_SP00069" HPOS="767" VPOS="759" WIDTH="31"/>
						<String ID="P28_ST00079" HPOS="798" VPOS="710" WIDTH="161" HEIGHT="31" CONTENT="montre" WC="0.99" CC="006010"/>
						<SP ID="P28_SP00070" HPOS="959" VPOS="759" WIDTH="30"/>
						<String ID="P28_ST00080" HPOS="989" VPOS="703" WIDTH="94" HEIGHT="37" CONTENT="bien" WC="0.97" CC="3216"/>
						<SP ID="P28_SP00071" HPOS="1083" VPOS="759" WIDTH="26"/>
						<String ID="P28_ST00081" HPOS="1109" VPOS="705" WIDTH="59" HEIGHT="35" CONTENT="les" WC="0.98" CC="400"/>
						<SP ID="P28_SP00072" HPOS="1168" VPOS="759" WIDTH="33"/>
						<String ID="P28_ST00082" HPOS="1201" VPOS="703" WIDTH="308" HEIGHT="46" CONTENT="conséquences" WC="1.00" CC="067000500000"/>
						<SP ID="P28_SP00073" HPOS="1509" VPOS="759" WIDTH="32"/>
						<String ID="P28_ST00083" HPOS="1541" VPOS="710" WIDTH="151" HEIGHT="37" CONTENT="graves" WC="1.00" CC="000000"/>
						<SP ID="P28_SP00074" HPOS="1692" VPOS="759" WIDTH="33"/>
						<String ID="P28_ST00084" HPOS="1725" VPOS="697" WIDTH="51" HEIGHT="36" CONTENT="de" WC="0.91" CC="01"/>
						<SP ID="P28_SP00075" HPOS="1776" VPOS="759" WIDTH="33"/>
						<String ID="P28_ST00085" HPOS="1809" VPOS="702" WIDTH="110" HEIGHT="31" CONTENT="cette" WC="1.00" CC="00020"/>
						<SP ID="P28_SP00076" HPOS="1919" VPOS="759" WIDTH="28"/>
						<String ID="P28_ST00086" HPOS="1947" VPOS="695" WIDTH="183" HEIGHT="47" CONTENT="interpré" SUBS_TYPE="HypPart1" SUBS_CONTENT="interprétation" WC="1.00" CC="00040000"/>
						<HYP HPOS="2130" VPOS="695" WIDTH="22" CONTENT="-"/>
					</TextLine>
					<TextLine ID="P28_TL00010" HPOS="116" VPOS="764" WIDTH="2035" HEIGHT="56">
						<String ID="P28_ST00087" HPOS="116" VPOS="780" WIDTH="131" HEIGHT="36" CONTENT="tation" SUBS_TYPE="HypPart2" SUBS_CONTENT="interprétation" WC="1.00" CC="500000"/>
						<SP ID="P28_SP00077" HPOS="247" VPOS="816" WIDTH="29"/>
						<String ID="P28_ST00088" HPOS="276" VPOS="778" WIDTH="230" HEIGHT="37" CONTENT="arbitraire." WC="1.00" CC="04040100002"/>
						<SP ID="P28_SP00078" HPOS="506" VPOS="816" WIDTH="29"/>
						<String ID="P28_ST00089" HPOS="535" VPOS="776" WIDTH="119" HEIGHT="36" CONTENT="Nous" WC="0.97" CC="6140"/>
						<SP ID="P28_SP00079" HPOS="654" VPOS="816" WIDTH="25"/>
						<String ID="P28_ST00090" HPOS="679" VPOS="775" WIDTH="264" HEIGHT="36" CONTENT="reviendrons" WC="1.00" CC="10021000552"/>
						<SP ID="P28_SP00080" HPOS="943" VPOS="816" WIDTH="32"/>
						<String ID="P28_ST00091" HPOS="975" VPOS="785" WIDTH="66" HEIGHT="24" CONTENT="sur" WC="0.99" CC="003"/>
						<SP ID="P28_SP00081" HPOS="1041" VPOS="816" WIDTH="32"/>
						<String ID="P28_ST00092" HPOS="1073" VPOS="778" WIDTH="67" HEIGHT="31" CONTENT="cet" WC="1.00" CC="000"/>
						<SP ID="P28_SP00082" HPOS="1140" VPOS="816" WIDTH="26"/>
						<String ID="P28_ST00093" HPOS="1166" VPOS="772" WIDTH="228" HEIGHT="48" CONTENT="important" WC="1.00" CC="400030040"/>
						<SP ID="P28_SP00083" HPOS="1394" VPOS="820" WIDTH="32"/>
						<String ID="P28_ST00094" HPOS="1426" VPOS="769" WIDTH="109" HEIGHT="48" CONTENT="sujet" WC="0.99" CC="06000"/>
						<SP ID="P28_SP00084" HPOS="1535" VPOS="820" WIDTH="30"/>
						<String ID="P28_ST00095" HPOS="1565" VPOS="768" WIDTH="138" HEIGHT="48" CONTENT="quand" WC="1.00" CC="00030"/>
						<SP ID="P28_SP00085" HPOS="1703" VPOS="820" WIDTH="34"/>
						<String ID="P28_ST00096" HPOS="1737" VPOS="768" WIDTH="40" HEIGHT="34" CONTENT="la" WC="0.86" CC="20"/>
						<SP ID="P28_SP00086" HPOS="1777" VPOS="820" WIDTH="26"/>
						<String ID="P28_ST00097" HPOS="1803" VPOS="766" WIDTH="57" HEIGHT="35" CONTENT="IX" WC="0.75" CC="50"/>
						<String ID="P28_ST00098" HPOS="1864" VPOS="773" WIDTH="12" HEIGHT="15" CONTENT="e" STYLE="superscript" WC="0.23" CC="7"/>
						<SP ID="P28_SP00087" HPOS="1876" VPOS="820" WIDTH="30"/>
						<String ID="P28_ST00099" HPOS="1906" VPOS="764" WIDTH="245" HEIGHT="50" CONTENT="symphonie" WC="0.99" CC="000073060"/>
					</TextLine>
					<TextLine ID="P28_TL00011" HPOS="118" VPOS="843" WIDTH="932" HEIGHT="50">
						<String ID="P28_ST00100" HPOS="118" VPOS="862" WIDTH="92" HEIGHT="24" CONTENT="sera" WC="0.99" CC="0040"/>
						<SP ID="P28_SP00088" HPOS="210" VPOS="886" WIDTH="22"/>
						<String ID="P28_ST00101" HPOS="232" VPOS="849" WIDTH="193" HEIGHT="37" CONTENT="exécutée" WC="0.99" CC="08005000"/>
						<SP ID="P28_SP00089" HPOS="425" VPOS="886" WIDTH="21"/>
						<String ID="P28_ST00102" HPOS="446" VPOS="849" WIDTH="24" HEIGHT="33" CONTENT="à" WC="0.59" CC="4"/>
						<SP ID="P28_SP00090" HPOS="470" VPOS="886" WIDTH="17"/>
						<String ID="P28_ST00103" HPOS="487" VPOS="858" WIDTH="74" HEIGHT="24" CONTENT="son" WC="1.00" CC="001"/>
						<SP ID="P28_SP00091" HPOS="561" VPOS="886" WIDTH="21"/>
						<String ID="P28_ST00104" HPOS="582" VPOS="856" WIDTH="106" HEIGHT="37" CONTENT="rang" WC="1.00" CC="0000"/>
						<SP ID="P28_SP00092" HPOS="688" VPOS="893" WIDTH="19"/>
						<String ID="P28_ST00105" HPOS="707" VPOS="843" WIDTH="343" HEIGHT="46" CONTENT="chronologique." WC="1.00" CC="00000040000504"/>
					</TextLine>
				</TextBlock>
				<TextBlock ID="P28_TB00004" HPOS="1652" VPOS="894" WIDTH="315" HEIGHT="31" STYLEREFS="TXT_4 PAR_RIGHT">
					<TextLine ID="P28_TL00012" HPOS="1653" VPOS="894" WIDTH="313" HEIGHT="29">
						<String ID="P28_ST00106" HPOS="1653" VPOS="894" WIDTH="127" HEIGHT="29" CONTENT="Louis" WC="1.00" CC="60000"/>
						<SP ID="P28_SP00093" HPOS="1780" VPOS="923" WIDTH="25"/>
						<String ID="P28_ST00107" HPOS="1805" VPOS="894" WIDTH="161" HEIGHT="28" CONTENT="Laloy." WC="0.96" CC="900001"/>
					</TextLine>
				</TextBlock>
				<TextBlock ID="P28_TB00005" HPOS="99" VPOS="988" WIDTH="2052" HEIGHT="2527" STYLEREFS="TXT_2 PAR_BLOCK">
					<TextLine ID="P28_TL00013" HPOS="217" VPOS="991" WIDTH="1934" HEIGHT="51">
						<String ID="P28_ST00108" HPOS="217" VPOS="1005" WIDTH="57" HEIGHT="36" CONTENT="M." WC="0.84" CC="02"/>
						<SP ID="P28_SP00094" HPOS="274" VPOS="1041" WIDTH="33"/>
						<String ID="P28_ST00109" HPOS="307" VPOS="1001" WIDTH="236" HEIGHT="38" CONTENT="Chevillard" WC="0.70" CC="0615056030"/>
						<SP ID="P28_SP00095" HPOS="543" VPOS="1041" WIDTH="26"/>
						<String ID="P28_ST00110" HPOS="569" VPOS="1000" WIDTH="193" HEIGHT="37" CONTENT="continue" WC="0.99" CC="00520230"/>
						<SP ID="P28_SP00096" HPOS="762" VPOS="1041" WIDTH="37"/>
						<String ID="P28_ST00111" HPOS="799" VPOS="999" WIDTH="49" HEIGHT="35" CONTENT="de" WC="0.77" CC="40"/>
						<SP ID="P28_SP00097" HPOS="848" VPOS="1041" WIDTH="22"/>
						<String ID="P28_ST00112" HPOS="870" VPOS="999" WIDTH="158" HEIGHT="35" CONTENT="donner" WC="0.98" CC="006604"/>
						<SP ID="P28_SP00098" HPOS="1028" VPOS="1041" WIDTH="27"/>
						<String ID="P28_ST00113" HPOS="1055" VPOS="997" WIDTH="40" HEIGHT="35" CONTENT="la" WC="0.86" CC="20"/>
						<SP ID="P28_SP00099" HPOS="1095" VPOS="1041" WIDTH="31"/>
						<String ID="P28_ST00114" HPOS="1126" VPOS="996" WIDTH="104" HEIGHT="36" CONTENT="suite" WC="0.99" CC="05000"/>
						<SP ID="P28_SP00100" HPOS="1230" VPOS="1041" WIDTH="23"/>
						<String ID="P28_ST00115" HPOS="1253" VPOS="996" WIDTH="73" HEIGHT="35" CONTENT="des" WC="1.00" CC="000"/>
						<SP ID="P28_SP00101" HPOS="1326" VPOS="1041" WIDTH="25"/>
						<String ID="P28_ST00116" HPOS="1351" VPOS="993" WIDTH="276" HEIGHT="49" CONTENT="Symphonies" WC="0.99" CC="0532645050" STYLEREFS="TXT_3"/>
						<SP ID="P28_SP00102" HPOS="1627" VPOS="1042" WIDTH="31"/>
						<String ID="P28_ST00117" HPOS="1658" VPOS="993" WIDTH="49" HEIGHT="34" CONTENT="de" WC="0.91" CC="10" STYLEREFS="TXT_3"/>
						<SP ID="P28_SP00103" HPOS="1707" VPOS="1042" WIDTH="28"/>
						<String ID="P28_ST00118" HPOS="1735" VPOS="991" WIDTH="263" HEIGHT="37" CONTENT="Beethoven." WC="0.99" CC="4025904605" STYLEREFS="TXT_3"/>
						<SP ID="P28_SP00104" HPOS="1998" VPOS="1042" WIDTH="34"/>
						<String ID="P28_ST00119" HPOS="2032" VPOS="991" WIDTH="35" HEIGHT="35" CONTENT="Il" WC="0.82" CC="03"/>
						<SP ID="P28_SP00105" HPOS="2067" VPOS="1042" WIDTH="19"/>
						<String ID="P28_ST00120" HPOS="2086" VPOS="995" WIDTH="65" HEIGHT="31" CONTENT="est" WC="0.99" CC="300"/>
					</TextLine>
					<TextLine ID="P28_TL00014" HPOS="120" VPOS="1060" WIDTH="2029" HEIGHT="55">
						<String ID="P28_ST00121" HPOS="120" VPOS="1072" WIDTH="131" HEIGHT="37" CONTENT="arrivé" WC="0.98" CC="012066"/>
						<SP ID="P28_SP00106" HPOS="251" VPOS="1109" WIDTH="17"/>
						<String ID="P28_ST00122" HPOS="268" VPOS="1074" WIDTH="25" HEIGHT="33" CONTENT="à" WC="0.67" CC="3"/>
						<SP ID="P28_SP00107" HPOS="293" VPOS="1109" WIDTH="21"/>
						<String ID="P28_ST00123" HPOS="314" VPOS="1072" WIDTH="38" HEIGHT="35" CONTENT="la" WC="0.76" CC="40"/>
						<SP ID="P28_SP00108" HPOS="352" VPOS="1109" WIDTH="22"/>
						<String ID="P28_ST00124" HPOS="374" VPOS="1069" WIDTH="235" HEIGHT="46" CONTENT="deuxième," WC="0.99" CC="000034047"/>
						<SP ID="P28_SP00109" HPOS="609" VPOS="1115" WIDTH="22"/>
						<String ID="P28_ST00125" HPOS="631" VPOS="1067" WIDTH="70" HEIGHT="47" CONTENT="qui" WC="0.97" CC="502"/>
						<SP ID="P28_SP00110" HPOS="701" VPOS="1115" WIDTH="22"/>
						<String ID="P28_ST00126" HPOS="723" VPOS="1072" WIDTH="64" HEIGHT="31" CONTENT="est" WC="0.98" CC="400"/>
						<SP ID="P28_SP00111" HPOS="787" VPOS="1115" WIDTH="15"/>
						<String ID="P28_ST00127" HPOS="802" VPOS="1078" WIDTH="78" HEIGHT="24" CONTENT="une" WC="0.99" CC="020"/>
						<SP ID="P28_SP00112" HPOS="880" VPOS="1115" WIDTH="25"/>
						<String ID="P28_ST00128" HPOS="905" VPOS="1067" WIDTH="71" HEIGHT="35" CONTENT="des" WC="0.99" CC="030"/>
						<SP ID="P28_SP00113" HPOS="976" VPOS="1115" WIDTH="21"/>
						<String ID="P28_ST00129" HPOS="997" VPOS="1066" WIDTH="92" HEIGHT="46" CONTENT="plus" WC="0.98" CC="4510"/>
						<SP ID="P28_SP00114" HPOS="1089" VPOS="1115" WIDTH="27"/>
						<String ID="P28_ST00130" HPOS="1116" VPOS="1065" WIDTH="279" HEIGHT="44" CONTENT="charmantes," WC="1.00" CC="07000070004"/>
						<SP ID="P28_SP00115" HPOS="1395" VPOS="1115" WIDTH="22"/>
						<String ID="P28_ST00131" HPOS="1417" VPOS="1067" WIDTH="40" HEIGHT="31" CONTENT="et" WC="1.00" CC="00"/>
						<SP ID="P28_SP00116" HPOS="1457" VPOS="1115" WIDTH="26"/>
						<String ID="P28_ST00132" HPOS="1483" VPOS="1062" WIDTH="68" HEIGHT="47" CONTENT="qui" WC="0.94" CC="268"/>
						<SP ID="P28_SP00117" HPOS="1551" VPOS="1115" WIDTH="27"/>
						<String ID="P28_ST00133" HPOS="1578" VPOS="1062" WIDTH="66" HEIGHT="35" CONTENT="n'a" WC="0.96" CC="440"/>
						<SP ID="P28_SP00118" HPOS="1644" VPOS="1115" WIDTH="21"/>
						<String ID="P28_ST00134" HPOS="1665" VPOS="1072" WIDTH="78" HEIGHT="35" CONTENT="pas" WC="0.97" CC="601"/>
						<SP ID="P28_SP00119" HPOS="1743" VPOS="1115" WIDTH="31"/>
						<String ID="P28_ST00135" HPOS="1774" VPOS="1071" WIDTH="148" HEIGHT="25" CONTENT="encore" WC="0.99" CC="002560"/>
						<SP ID="P28_SP00120" HPOS="1922" VPOS="1115" WIDTH="29"/>
						<String ID="P28_ST00136" HPOS="1951" VPOS="1061" WIDTH="66" HEIGHT="34" CONTENT="été" WC="0.97" CC="305"/>
						<SP ID="P28_SP00121" HPOS="2017" VPOS="1115" WIDTH="28"/>
						<String ID="P28_ST00137" HPOS="2045" VPOS="1060" WIDTH="104" HEIGHT="35" CONTENT="mise" WC="0.99" CC="0201"/>
					</TextLine>
					<TextLine ID="P28_TL00015" HPOS="117" VPOS="1127" WIDTH="2031" HEIGHT="62">
						<String ID="P28_ST00138" HPOS="117" VPOS="1144" WIDTH="24" HEIGHT="33" CONTENT="à" WC="0.38" CC="6"/>
						<SP ID="P28_SP00122" HPOS="141" VPOS="1177" WIDTH="19"/>
						<String ID="P28_ST00139" HPOS="160" VPOS="1152" WIDTH="47" HEIGHT="25" CONTENT="sa" WC="1.00" CC="00"/>
						<SP ID="P28_SP00123" HPOS="207" VPOS="1177" WIDTH="18"/>
						<String ID="P28_ST00140" HPOS="225" VPOS="1140" WIDTH="111" HEIGHT="49" CONTENT="juste" WC="1.00" CC="03001"/>
						<SP ID="P28_SP00124" HPOS="336" VPOS="1189" WIDTH="23"/>
						<String ID="P28_ST00141" HPOS="359" VPOS="1140" WIDTH="118" HEIGHT="45" CONTENT="place" WC="0.99" CC="04000"/>
						<SP ID="P28_SP00125" HPOS="477" VPOS="1189" WIDTH="23"/>
						<String ID="P28_ST00142" HPOS="500" VPOS="1138" WIDTH="102" HEIGHT="35" CONTENT="dans" WC="0.98" CC="0061"/>
						<SP ID="P28_SP00126" HPOS="602" VPOS="1189" WIDTH="32"/>
						<String ID="P28_ST00143" HPOS="634" VPOS="1137" WIDTH="168" HEIGHT="34" CONTENT="l'œuvre" WC="0.98" CC="1405550"/>
						<SP ID="P28_SP00127" HPOS="802" VPOS="1189" WIDTH="25"/>
						<String ID="P28_ST00144" HPOS="827" VPOS="1135" WIDTH="54" HEIGHT="36" CONTENT="du" WC="1.00" CC="00"/>
						<SP ID="P28_SP00128" HPOS="881" VPOS="1189" WIDTH="21"/>
						<String ID="P28_ST00145" HPOS="902" VPOS="1135" WIDTH="161" HEIGHT="35" CONTENT="maître." WC="0.99" CC="0050401"/>
						<SP ID="P28_SP00129" HPOS="1063" VPOS="1189" WIDTH="26"/>
						<String ID="P28_ST00146" HPOS="1089" VPOS="1133" WIDTH="86" HEIGHT="36" CONTENT="Elle" WC="1.00" CC="0000"/>
						<SP ID="P28_SP00130" HPOS="1175" VPOS="1189" WIDTH="21"/>
						<String ID="P28_ST00147" HPOS="1196" VPOS="1138" WIDTH="64" HEIGHT="30" CONTENT="est" WC="1.00" CC="000"/>
						<SP ID="P28_SP00131" HPOS="1260" VPOS="1189" WIDTH="20"/>
						<String ID="P28_ST00148" HPOS="1280" VPOS="1143" WIDTH="178" HEIGHT="35" CONTENT="presque" WC="1.00" CC="0020000"/>
						<SP ID="P28_SP00132" HPOS="1458" VPOS="1189" WIDTH="19"/>
						<String ID="P28_ST00149" HPOS="1477" VPOS="1130" WIDTH="152" HEIGHT="47" CONTENT="unique" WC="0.99" CC="044000"/>
						<SP ID="P28_SP00133" HPOS="1629" VPOS="1189" WIDTH="23"/>
						<String ID="P28_ST00150" HPOS="1652" VPOS="1140" WIDTH="76" HEIGHT="37" CONTENT="par" WC="0.99" CC="002"/>
						<SP ID="P28_SP00134" HPOS="1728" VPOS="1189" WIDTH="21"/>
						<String ID="P28_ST00151" HPOS="1749" VPOS="1128" WIDTH="227" HEIGHT="47" CONTENT="l'équilibre" WC="0.99" CC="51000352710"/>
						<SP ID="P28_SP00135" HPOS="1976" VPOS="1189" WIDTH="23"/>
						<String ID="P28_ST00152" HPOS="1999" VPOS="1127" WIDTH="149" HEIGHT="47" CONTENT="qu'elle" WC="0.99" CC="0000640"/>
					</TextLine>
					<TextLine ID="P28_TL00016" HPOS="115" VPOS="1197" WIDTH="2034" HEIGHT="60">
						<String ID="P28_ST00153" HPOS="115" VPOS="1211" WIDTH="191" HEIGHT="46" CONTENT="présente" WC="1.00" CC="00000500"/>
						<SP ID="P28_SP00136" HPOS="306" VPOS="1257" WIDTH="17"/>
						<String ID="P28_ST00154" HPOS="323" VPOS="1208" WIDTH="50" HEIGHT="35" CONTENT="de" WC="1.00" CC="00"/>
						<SP ID="P28_SP00137" HPOS="373" VPOS="1257" WIDTH="31"/>
						<String ID="P28_ST00155" HPOS="404" VPOS="1206" WIDTH="183" HEIGHT="49" CONTENT="juvénile" WC="0.99" CC="45000450"/>
						<SP ID="P28_SP00138" HPOS="587" VPOS="1257" WIDTH="23"/>
						<String ID="P28_ST00156" HPOS="610" VPOS="1205" WIDTH="138" HEIGHT="48" CONTENT="gaieté" WC="0.99" CC="704000"/>
						<SP ID="P28_SP00139" HPOS="748" VPOS="1257" WIDTH="30"/>
						<String ID="P28_ST00157" HPOS="778" VPOS="1209" WIDTH="40" HEIGHT="30" CONTENT="et" WC="1.00" CC="00"/>
						<SP ID="P28_SP00140" HPOS="818" VPOS="1257" WIDTH="21"/>
						<String ID="P28_ST00158" HPOS="839" VPOS="1204" WIDTH="261" HEIGHT="46" CONTENT="d'héroïsme," WC="0.99" CC="04603230004"/>
						<SP ID="P28_SP00141" HPOS="1100" VPOS="1257" WIDTH="31"/>
						<String ID="P28_ST00159" HPOS="1131" VPOS="1201" WIDTH="197" HEIGHT="47" CONTENT="équilibre" WC="0.99" CC="003321442"/>
						<SP ID="P28_SP00142" HPOS="1328" VPOS="1257" WIDTH="25"/>
						<String ID="P28_ST00160" HPOS="1353" VPOS="1206" WIDTH="94" HEIGHT="41" CONTENT="trop" WC="0.99" CC="0050"/>
						<SP ID="P28_SP00143" HPOS="1447" VPOS="1257" WIDTH="34"/>
						<String ID="P28_ST00161" HPOS="1481" VPOS="1201" WIDTH="131" HEIGHT="44" CONTENT="court," WC="0.98" CC="000564"/>
						<SP ID="P28_SP00144" HPOS="1612" VPOS="1257" WIDTH="31"/>
						<String ID="P28_ST00162" HPOS="1643" VPOS="1210" WIDTH="80" HEIGHT="35" CONTENT="que" WC="1.00" CC="000"/>
						<SP ID="P28_SP00145" HPOS="1723" VPOS="1257" WIDTH="35"/>
						<String ID="P28_ST00163" HPOS="1758" VPOS="1199" WIDTH="40" HEIGHT="35" CONTENT="la" WC="0.72" CC="50"/>
						<SP ID="P28_SP00146" HPOS="1798" VPOS="1257" WIDTH="33"/>
						<String ID="P28_ST00164" HPOS="1831" VPOS="1197" WIDTH="236" HEIGHT="36" CONTENT="souffrance" WC="1.00" CC="0001100000"/>
						<SP ID="P28_SP00147" HPOS="2067" VPOS="1257" WIDTH="28"/>
						<String ID="P28_ST00165" HPOS="2095" VPOS="1208" WIDTH="54" HEIGHT="24" CONTENT="va" WC="1.00" CC="00"/>
					</TextLine>
					<TextLine ID="P28_TL00017" HPOS="113" VPOS="1265" WIDTH="2033" HEIGHT="59">
						<String ID="P28_ST00166" HPOS="113" VPOS="1289" WIDTH="180" HEIGHT="35" CONTENT="rompre." WC="0.99" CC="3300050"/>
						<SP ID="P28_SP00148" HPOS="293" VPOS="1324" WIDTH="19"/>
						<String ID="P28_ST00167" HPOS="312" VPOS="1276" WIDTH="87" HEIGHT="35" CONTENT="Elle" WC="0.98" CC="2500"/>
						<SP ID="P28_SP00149" HPOS="399" VPOS="1324" WIDTH="29"/>
						<String ID="P28_ST00168" HPOS="428" VPOS="1281" WIDTH="63" HEIGHT="30" CONTENT="est" WC="0.98" CC="400"/>
						<SP ID="P28_SP00150" HPOS="491" VPOS="1324" WIDTH="25"/>
						<String ID="P28_ST00169" HPOS="516" VPOS="1272" WIDTH="339" HEIGHT="49" CONTENT="contemporaine" WC="1.00" CC="0000200620100"/>
						<SP ID="P28_SP00151" HPOS="855" VPOS="1324" WIDTH="20"/>
						<String ID="P28_ST00170" HPOS="875" VPOS="1274" WIDTH="24" HEIGHT="33" CONTENT="à" WC="0.32" CC="6"/>
						<SP ID="P28_SP00152" HPOS="899" VPOS="1324" WIDTH="22"/>
						<String ID="P28_ST00171" HPOS="921" VPOS="1272" WIDTH="40" HEIGHT="35" CONTENT="la" WC="0.77" CC="40"/>
						<SP ID="P28_SP00153" HPOS="961" VPOS="1324" WIDTH="21"/>
						<String ID="P28_ST00172" HPOS="982" VPOS="1271" WIDTH="78" HEIGHT="36" CONTENT="fois" WC="0.99" CC="0420"/>
						<SP ID="P28_SP00154" HPOS="1060" VPOS="1324" WIDTH="24"/>
						<String ID="P28_ST00173" HPOS="1084" VPOS="1271" WIDTH="53" HEIGHT="36" CONTENT="du" WC="1.00" CC="00"/>
						<SP ID="P28_SP00155" HPOS="1137" VPOS="1324" WIDTH="20"/>
						<String ID="P28_ST00174" HPOS="1157" VPOS="1270" WIDTH="175" HEIGHT="47" CONTENT="premier" WC="1.00" CC="0400200"/>
						<SP ID="P28_SP00156" HPOS="1332" VPOS="1324" WIDTH="22"/>
						<String ID="P28_ST00175" HPOS="1354" VPOS="1269" WIDTH="135" HEIGHT="47" CONTENT="grand" WC="0.97" CC="97080"/>
						<SP ID="P28_SP00157" HPOS="1489" VPOS="1324" WIDTH="23"/>
						<String ID="P28_ST00176" HPOS="1512" VPOS="1279" WIDTH="144" HEIGHT="25" CONTENT="amour" WC="1.00" CC="00001"/>
						<SP ID="P28_SP00158" HPOS="1656" VPOS="1324" WIDTH="19"/>
						<String ID="P28_ST00177" HPOS="1675" VPOS="1267" WIDTH="49" HEIGHT="36" CONTENT="de" WC="0.91" CC="01"/>
						<SP ID="P28_SP00159" HPOS="1724" VPOS="1324" WIDTH="25"/>
						<String ID="P28_ST00178" HPOS="1749" VPOS="1267" WIDTH="254" HEIGHT="44" CONTENT="Beethoven," WC="0.99" CC="0100600064"/>
						<SP ID="P28_SP00160" HPOS="2003" VPOS="1324" WIDTH="31"/>
						<String ID="P28_ST00179" HPOS="2034" VPOS="1270" WIDTH="42" HEIGHT="30" CONTENT="et" WC="0.96" CC="00"/>
						<SP ID="P28_SP00161" HPOS="2076" VPOS="1324" WIDTH="20"/>
						<String ID="P28_ST00180" HPOS="2096" VPOS="1265" WIDTH="50" HEIGHT="35" CONTENT="de" WC="1.00" CC="00"/>
					</TextLine>
					<TextLine ID="P28_TL00018" HPOS="113" VPOS="1333" WIDTH="2034" HEIGHT="59">
						<String ID="P28_ST00181" HPOS="113" VPOS="1357" WIDTH="65" HEIGHT="25" CONTENT="ses" WC="1.00" CC="000"/>
						<SP ID="P28_SP00162" HPOS="178" VPOS="1382" WIDTH="22"/>
						<String ID="P28_ST00182" HPOS="200" VPOS="1344" WIDTH="223" HEIGHT="48" CONTENT="premières" WC="0.99" CC="005037000"/>
						<SP ID="P28_SP00163" HPOS="423" VPOS="1392" WIDTH="25"/>
						<String ID="P28_ST00183" HPOS="448" VPOS="1343" WIDTH="127" HEIGHT="37" CONTENT="crises" WC="0.99" CC="015000"/>
						<SP ID="P28_SP00164" HPOS="575" VPOS="1392" WIDTH="92"/>
						<String ID="P28_ST00184" HPOS="667" VPOS="1343" WIDTH="57" HEIGHT="35" CONTENT="les" WC="0.98" CC="400"/>
						<SP ID="P28_SP00165" HPOS="724" VPOS="1392" WIDTH="33"/>
						<String ID="P28_ST00185" HPOS="757" VPOS="1342" WIDTH="91" HEIGHT="46" CONTENT="plus" WC="0.99" CC="0050"/>
						<SP ID="P28_SP00166" HPOS="848" VPOS="1392" WIDTH="22"/>
						<String ID="P28_ST00186" HPOS="870" VPOS="1340" WIDTH="202" HEIGHT="37" CONTENT="violentes" WC="1.00" CC="030404000"/>
						<SP ID="P28_SP00167" HPOS="1072" VPOS="1392" WIDTH="110"/>
						<String ID="P28_ST00187" HPOS="1182" VPOS="1339" WIDTH="48" HEIGHT="36" CONTENT="de" WC="0.95" CC="00"/>
						<SP ID="P28_SP00168" HPOS="1230" VPOS="1392" WIDTH="34"/>
						<String ID="P28_ST00188" HPOS="1264" VPOS="1337" WIDTH="181" HEIGHT="38" CONTENT="maladie" WC="1.00" CC="0040000"/>
						<SP ID="P28_SP00169" HPOS="1445" VPOS="1392" WIDTH="29"/>
						<String ID="P28_ST00189" HPOS="1474" VPOS="1343" WIDTH="42" HEIGHT="30" CONTENT="et" WC="0.72" CC="31"/>
						<SP ID="P28_SP00170" HPOS="1516" VPOS="1392" WIDTH="26"/>
						<String ID="P28_ST00190" HPOS="1542" VPOS="1337" WIDTH="49" HEIGHT="36" CONTENT="de" WC="0.90" CC="01"/>
						<SP ID="P28_SP00171" HPOS="1591" VPOS="1392" WIDTH="29"/>
						<String ID="P28_ST00191" HPOS="1620" VPOS="1335" WIDTH="216" HEIGHT="48" CONTENT="désespoir" WC="1.00" CC="000000041"/>
						<SP ID="P28_SP00172" HPOS="1836" VPOS="1392" WIDTH="18"/>
						<String ID="P28_ST00192" HPOS="1854" VPOS="1347" WIDTH="8" HEIGHT="34" CONTENT=";" WC="1.00" CC="0"/>
						<SP ID="P28_SP00173" HPOS="1862" VPOS="1392" WIDTH="31"/>
						<String ID="P28_ST00193" HPOS="1893" VPOS="1334" WIDTH="105" HEIGHT="36" CONTENT="mais" WC="1.00" CC="0000"/>
						<SP ID="P28_SP00174" HPOS="1998" VPOS="1392" WIDTH="27"/>
						<String ID="P28_ST00194" HPOS="2025" VPOS="1333" WIDTH="50" HEIGHT="37" CONTENT="ici" WC="0.98" CC="103"/>
						<SP ID="P28_SP00175" HPOS="2075" VPOS="1392" WIDTH="30"/>
						<String ID="P28_ST00195" HPOS="2105" VPOS="1335" WIDTH="42" HEIGHT="35" CONTENT="la" WC="0.45" CC="46"/>
					</TextLine>
					<TextLine ID="P28_TL00019" HPOS="110" VPOS="1403" WIDTH="2034" HEIGHT="59">
						<String ID="P28_ST00196" HPOS="110" VPOS="1415" WIDTH="194" HEIGHT="47" CONTENT="jeunesse" WC="1.00" CC="00600101"/>
						<SP ID="P28_SP00176" HPOS="304" VPOS="1462" WIDTH="31"/>
						<String ID="P28_ST00197" HPOS="335" VPOS="1413" WIDTH="215" HEIGHT="46" CONTENT="l'emporte" WC="1.00" CC="003000000"/>
						<SP ID="P28_SP00177" HPOS="550" VPOS="1462" WIDTH="36"/>
						<String ID="P28_ST00198" HPOS="586" VPOS="1422" WIDTH="69" HEIGHT="25" CONTENT="sur" WC="0.99" CC="020"/>
						<SP ID="P28_SP00178" HPOS="655" VPOS="1462" WIDTH="29"/>
						<String ID="P28_ST00199" HPOS="684" VPOS="1416" WIDTH="94" HEIGHT="30" CONTENT="tous" WC="1.00" CC="0000"/>
						<SP ID="P28_SP00179" HPOS="778" VPOS="1462" WIDTH="36"/>
						<String ID="P28_ST00200" HPOS="814" VPOS="1411" WIDTH="56" HEIGHT="35" CONTENT="les" WC="0.97" CC="801"/>
						<SP ID="P28_SP00180" HPOS="870" VPOS="1462" WIDTH="30"/>
						<String ID="P28_ST00201" HPOS="900" VPOS="1408" WIDTH="153" HEIGHT="38" CONTENT="soucis." WC="0.99" CC="0160501"/>
						<SP ID="P28_SP00181" HPOS="1053" VPOS="1462" WIDTH="36"/>
						<String ID="P28_ST00202" HPOS="1089" VPOS="1409" WIDTH="52" HEIGHT="35" CONTENT="Et" WC="0.80" CC="30"/>
						<SP ID="P28_SP00182" HPOS="1141" VPOS="1462" WIDTH="29"/>
						<String ID="P28_ST00203" HPOS="1170" VPOS="1408" WIDTH="99" HEIGHT="36" CONTENT="c'est" WC="1.00" CC="03000"/>
						<SP ID="P28_SP00183" HPOS="1269" VPOS="1462" WIDTH="33"/>
						<String ID="P28_ST00204" HPOS="1302" VPOS="1407" WIDTH="110" HEIGHT="44" CONTENT="déjà," WC="0.98" CC="00651"/>
						<SP ID="P28_SP00184" HPOS="1412" VPOS="1462" WIDTH="33"/>
						<String ID="P28_ST00205" HPOS="1445" VPOS="1418" WIDTH="77" HEIGHT="35" CONTENT="par" WC="0.98" CC="005"/>
						<SP ID="P28_SP00185" HPOS="1522" VPOS="1462" WIDTH="37"/>
						<String ID="P28_ST00206" HPOS="1559" VPOS="1410" WIDTH="223" HEIGHT="38" CONTENT="moments," WC="1.00" CC="00006003"/>
						<SP ID="P28_SP00186" HPOS="1782" VPOS="1462" WIDTH="43"/>
						<String ID="P28_ST00207" HPOS="1825" VPOS="1416" WIDTH="79" HEIGHT="24" CONTENT="une" WC="0.98" CC="600"/>
						<SP ID="P28_SP00187" HPOS="1904" VPOS="1462" WIDTH="36"/>
						<String ID="P28_ST00208" HPOS="1940" VPOS="1403" WIDTH="204" HEIGHT="47" CONTENT="première" WC="0.99" CC="01005420"/>
					</TextLine>
					<TextLine ID="P28_TL00020" HPOS="112" VPOS="1472" WIDTH="2032" HEIGHT="57">
						<String ID="P28_ST00209" HPOS="112" VPOS="1483" WIDTH="209" HEIGHT="46" CONTENT="héroïque." WC="1.00" CC="030300501"/>
						<SP ID="P28_SP00188" HPOS="321" VPOS="1529" WIDTH="24"/>
						<String ID="P28_ST00210" HPOS="345" VPOS="1481" WIDTH="65" HEIGHT="36" CONTENT="Au" WC="0.74" CC="50"/>
						<SP ID="P28_SP00189" HPOS="410" VPOS="1529" WIDTH="33"/>
						<String ID="P28_ST00211" HPOS="443" VPOS="1485" WIDTH="125" HEIGHT="42" CONTENT="reste," WC="0.99" CC="350004"/>
						<SP ID="P28_SP00190" HPOS="568" VPOS="1529" WIDTH="33"/>
						<String ID="P28_ST00212" HPOS="601" VPOS="1491" WIDTH="51" HEIGHT="25" CONTENT="on" WC="0.67" CC="06"/>
						<SP ID="P28_SP00191" HPOS="652" VPOS="1529" WIDTH="32"/>
						<String ID="P28_ST00213" HPOS="684" VPOS="1484" WIDTH="101" HEIGHT="42" CONTENT="peut" WC="1.00" CC="0000"/>
						<SP ID="P28_SP00192" HPOS="785" VPOS="1529" WIDTH="29"/>
						<String ID="P28_ST00214" HPOS="814" VPOS="1478" WIDTH="84" HEIGHT="36" CONTENT="dire" WC="0.99" CC="0320"/>
						<SP ID="P28_SP00193" HPOS="898" VPOS="1529" WIDTH="32"/>
						<String ID="P28_ST00215" HPOS="930" VPOS="1479" WIDTH="149" HEIGHT="46" CONTENT="qu'une" WC="0.99" CC="004020"/>
						<SP ID="P28_SP00194" HPOS="1079" VPOS="1529" WIDTH="26"/>
						<String ID="P28_ST00216" HPOS="1105" VPOS="1476" WIDTH="140" HEIGHT="37" CONTENT="moitié" WC="1.00" CC="000000"/>
						<SP ID="P28_SP00195" HPOS="1245" VPOS="1529" WIDTH="29"/>
						<String ID="P28_ST00217" HPOS="1274" VPOS="1477" WIDTH="50" HEIGHT="35" CONTENT="de" WC="1.00" CC="00"/>
						<SP ID="P28_SP00196" HPOS="1324" VPOS="1529" WIDTH="23"/>
						<String ID="P28_ST00218" HPOS="1347" VPOS="1477" WIDTH="167" HEIGHT="34" CONTENT="l'œuvre" WC="0.99" CC="4401030"/>
						<SP ID="P28_SP00197" HPOS="1514" VPOS="1529" WIDTH="23"/>
						<String ID="P28_ST00219" HPOS="1537" VPOS="1476" WIDTH="49" HEIGHT="35" CONTENT="de" WC="1.00" CC="00"/>
						<SP ID="P28_SP00198" HPOS="1586" VPOS="1529" WIDTH="31"/>
						<String ID="P28_ST00220" HPOS="1617" VPOS="1475" WIDTH="240" HEIGHT="36" CONTENT="Beethoven" WC="1.00" CC="000000002"/>
						<SP ID="P28_SP00199" HPOS="1857" VPOS="1529" WIDTH="30"/>
						<String ID="P28_ST00221" HPOS="1887" VPOS="1478" WIDTH="65" HEIGHT="31" CONTENT="est" WC="1.00" CC="000"/>
						<SP ID="P28_SP00200" HPOS="1952" VPOS="1529" WIDTH="21"/>
						<String ID="P28_ST00222" HPOS="1973" VPOS="1472" WIDTH="171" HEIGHT="47" CONTENT="remplie" WC="0.99" CC="6000640"/>
					</TextLine>
					<TextLine ID="P28_TL00021" HPOS="114" VPOS="1542" WIDTH="2029" HEIGHT="56">
						<String ID="P28_ST00223" HPOS="114" VPOS="1563" WIDTH="76" HEIGHT="35" CONTENT="par" WC="1.00" CC="000"/>
						<SP ID="P28_SP00201" HPOS="190" VPOS="1598" WIDTH="21"/>
						<String ID="P28_ST00224" HPOS="211" VPOS="1551" WIDTH="37" HEIGHT="35" CONTENT="le" WC="1.00" CC="00"/>
						<SP ID="P28_SP00202" HPOS="248" VPOS="1598" WIDTH="23"/>
						<String ID="P28_ST00225" HPOS="271" VPOS="1549" WIDTH="223" HEIGHT="37" CONTENT="sentiment" WC="1.00" CC="200000100"/>
						<SP ID="P28_SP00203" HPOS="494" VPOS="1598" WIDTH="20"/>
						<String ID="P28_ST00226" HPOS="514" VPOS="1550" WIDTH="210" HEIGHT="45" CONTENT="héroïque," WC="1.00" CC="003000700"/>
						<SP ID="P28_SP00204" HPOS="724" VPOS="1598" WIDTH="23"/>
						<String ID="P28_ST00227" HPOS="747" VPOS="1554" WIDTH="39" HEIGHT="30" CONTENT="et" WC="1.00" CC="00"/>
						<SP ID="P28_SP00205" HPOS="786" VPOS="1598" WIDTH="18"/>
						<String ID="P28_ST00228" HPOS="804" VPOS="1559" WIDTH="54" HEIGHT="25" CONTENT="un" WC="0.41" CC="65"/>
						<SP ID="P28_SP00206" HPOS="858" VPOS="1598" WIDTH="16"/>
						<String ID="P28_ST00229" HPOS="874" VPOS="1547" WIDTH="101" HEIGHT="36" CONTENT="tiers" WC="0.99" CC="05030"/>
						<SP ID="P28_SP00207" HPOS="975" VPOS="1598" WIDTH="22"/>
						<String ID="P28_ST00230" HPOS="997" VPOS="1547" WIDTH="126" HEIGHT="47" CONTENT="parle" WC="0.99" CC="00050"/>
						<SP ID="P28_SP00208" HPOS="1123" VPOS="1598" WIDTH="21"/>
						<String ID="P28_ST00231" HPOS="1144" VPOS="1546" WIDTH="222" HEIGHT="36" CONTENT="sentiment" WC="1.00" CC="000000060"/>
						<SP ID="P28_SP00209" HPOS="1366" VPOS="1598" WIDTH="19"/>
						<String ID="P28_ST00232" HPOS="1385" VPOS="1545" WIDTH="204" HEIGHT="47" CONTENT="pastoral." WC="0.99" CC="000071062"/>
						<SP ID="P28_SP00210" HPOS="1589" VPOS="1598" WIDTH="23"/>
						<String ID="P28_ST00233" HPOS="1612" VPOS="1544" WIDTH="156" HEIGHT="45" CONTENT="Quatre" WC="1.00" CC="030000"/>
						<SP ID="P28_SP00211" HPOS="1768" VPOS="1598" WIDTH="17"/>
						<String ID="P28_ST00234" HPOS="1785" VPOS="1544" WIDTH="24" HEIGHT="34" CONTENT="à" WC="0.37" CC="6"/>
						<SP ID="P28_SP00212" HPOS="1809" VPOS="1598" WIDTH="24"/>
						<String ID="P28_ST00235" HPOS="1833" VPOS="1542" WIDTH="93" HEIGHT="47" CONTENT="cinq" WC="0.99" CC="0120"/>
						<SP ID="P28_SP00213" HPOS="1926" VPOS="1598" WIDTH="24"/>
						<String ID="P28_ST00236" HPOS="1950" VPOS="1542" WIDTH="166" HEIGHT="48" CONTENT="sympho" SUBS_TYPE="HypPart1" SUBS_CONTENT="symphonies," WC="0.99" CC="060000"/>
						<HYP HPOS="2116" VPOS="1542" WIDTH="27" CONTENT="-"/>
					</TextLine>
					<TextLine ID="P28_TL00022" HPOS="117" VPOS="1612" WIDTH="2027" HEIGHT="53">
						<String ID="P28_ST00237" HPOS="117" VPOS="1619" WIDTH="100" HEIGHT="45" CONTENT="nies," SUBS_TYPE="HypPart2" SUBS_CONTENT="symphonies," WC="0.99" CC="40004"/>
						<SP ID="P28_SP00214" HPOS="217" VPOS="1664" WIDTH="23"/>
						<String ID="P28_ST00238" HPOS="240" VPOS="1618" WIDTH="206" HEIGHT="47" CONTENT="plusieurs" WC="1.00" CC="025000040"/>
						<SP ID="P28_SP00215" HPOS="446" VPOS="1665" WIDTH="24"/>
						<String ID="P28_ST00239" HPOS="470" VPOS="1622" WIDTH="169" HEIGHT="31" CONTENT="sonates" WC="1.00" CC="0060000"/>
						<SP ID="P28_SP00216" HPOS="639" VPOS="1665" WIDTH="25"/>
						<String ID="P28_ST00240" HPOS="664" VPOS="1629" WIDTH="104" HEIGHT="35" CONTENT="pour" WC="1.00" CC="0100"/>
						<SP ID="P28_SP00217" HPOS="768" VPOS="1665" WIDTH="29"/>
						<String ID="P28_ST00241" HPOS="797" VPOS="1616" WIDTH="139" HEIGHT="46" CONTENT="piano," WC="0.99" CC="010303"/>
						<SP ID="P28_SP00218" HPOS="936" VPOS="1665" WIDTH="33"/>
						<String ID="P28_ST00242" HPOS="969" VPOS="1620" WIDTH="41" HEIGHT="31" CONTENT="et" WC="0.89" CC="20"/>
						<SP ID="P28_SP00219" HPOS="1010" VPOS="1665" WIDTH="27"/>
						<String ID="P28_ST00243" HPOS="1037" VPOS="1626" WIDTH="103" HEIGHT="36" CONTENT="pour" WC="0.99" CC="0060"/>
						<SP ID="P28_SP00220" HPOS="1140" VPOS="1665" WIDTH="24"/>
						<String ID="P28_ST00244" HPOS="1164" VPOS="1614" WIDTH="124" HEIGHT="47" CONTENT="piano" WC="0.99" CC="00050"/>
						<SP ID="P28_SP00221" HPOS="1288" VPOS="1665" WIDTH="32"/>
						<String ID="P28_ST00245" HPOS="1320" VPOS="1619" WIDTH="41" HEIGHT="31" CONTENT="et" WC="1.00" CC="00"/>
						<SP ID="P28_SP00222" HPOS="1361" VPOS="1665" WIDTH="29"/>
						<String ID="P28_ST00246" HPOS="1390" VPOS="1613" WIDTH="155" HEIGHT="47" CONTENT="violon," WC="0.99" CC="0040004"/>
						<SP ID="P28_SP00223" HPOS="1545" VPOS="1665" WIDTH="31"/>
						<String ID="P28_ST00247" HPOS="1576" VPOS="1612" WIDTH="205" HEIGHT="47" CONTENT="plusieurs" WC="0.99" CC="004050460"/>
						<SP ID="P28_SP00224" HPOS="1781" VPOS="1665" WIDTH="33"/>
						<String ID="P28_ST00248" HPOS="1814" VPOS="1617" WIDTH="218" HEIGHT="41" CONTENT="quatuors," WC="1.00" CC="000000104"/>
						<SP ID="P28_SP00225" HPOS="2032" VPOS="1665" WIDTH="35"/>
						<String ID="P28_ST00249" HPOS="2067" VPOS="1622" WIDTH="77" HEIGHT="24" CONTENT="une" WC="0.98" CC="050"/>
					</TextLine>
					<TextLine ID="P28_TL00023" HPOS="116" VPOS="1682" WIDTH="2028" HEIGHT="51">
						<String ID="P28_ST00250" HPOS="116" VPOS="1699" WIDTH="149" HEIGHT="34" CONTENT="messe," WC="0.99" CC="030004"/>
						<SP ID="P28_SP00226" HPOS="265" VPOS="1733" WIDTH="25"/>
						<String ID="P28_ST00251" HPOS="290" VPOS="1693" WIDTH="95" HEIGHT="30" CONTENT="sont" WC="1.00" CC="1000"/>
						<SP ID="P28_SP00227" HPOS="385" VPOS="1733" WIDTH="20"/>
						<String ID="P28_ST00252" HPOS="405" VPOS="1690" WIDTH="267" HEIGHT="43" CONTENT="proprement" WC="1.00" CC="0050400000"/>
						<SP ID="P28_SP00228" HPOS="672" VPOS="1733" WIDTH="20"/>
						<String ID="P28_ST00253" HPOS="692" VPOS="1686" WIDTH="234" HEIGHT="46" CONTENT="héroïques." WC="1.00" CC="0030004202"/>
						<SP ID="P28_SP00229" HPOS="926" VPOS="1733" WIDTH="31"/>
						<String ID="P28_ST00254" HPOS="957" VPOS="1685" WIDTH="133" HEIGHT="35" CONTENT="Toute" WC="0.98" CC="36001"/>
						<SP ID="P28_SP00230" HPOS="1090" VPOS="1733" WIDTH="35"/>
						<String ID="P28_ST00255" HPOS="1125" VPOS="1688" WIDTH="108" HEIGHT="31" CONTENT="cette" WC="1.00" CC="00000"/>
						<SP ID="P28_SP00231" HPOS="1233" VPOS="1733" WIDTH="26"/>
						<String ID="P28_ST00256" HPOS="1259" VPOS="1682" WIDTH="187" HEIGHT="46" CONTENT="musique" WC="1.00" CC="0001000"/>
						<SP ID="P28_SP00232" HPOS="1446" VPOS="1733" WIDTH="24"/>
						<String ID="P28_ST00257" HPOS="1470" VPOS="1682" WIDTH="147" HEIGHT="36" CONTENT="souffle" WC="0.99" CC="0000664"/>
						<SP ID="P28_SP00233" HPOS="1617" VPOS="1733" WIDTH="25"/>
						<String ID="P28_ST00258" HPOS="1642" VPOS="1683" WIDTH="41" HEIGHT="34" CONTENT="la" WC="1.00" CC="00"/>
						<SP ID="P28_SP00234" HPOS="1683" VPOS="1733" WIDTH="18"/>
						<String ID="P28_ST00259" HPOS="1701" VPOS="1692" WIDTH="164" HEIGHT="36" CONTENT="guerre," WC="1.00" CC="0002004"/>
						<SP ID="P28_SP00235" HPOS="1865" VPOS="1733" WIDTH="31"/>
						<String ID="P28_ST00260" HPOS="1896" VPOS="1692" WIDTH="78" HEIGHT="24" CONTENT="une" WC="0.99" CC="010"/>
						<SP ID="P28_SP00236" HPOS="1974" VPOS="1733" WIDTH="21"/>
						<String ID="P28_ST00261" HPOS="1995" VPOS="1691" WIDTH="149" HEIGHT="37" CONTENT="guerre" WC="0.98" CC="060441"/>
					</TextLine>
					<TextLine ID="P28_TL00024" HPOS="115" VPOS="1749" WIDTH="2029" HEIGHT="52">
						<String ID="P28_ST00262" HPOS="115" VPOS="1756" WIDTH="149" HEIGHT="45" CONTENT="idéale," WC="0.99" CC="1000404"/>
						<SP ID="P28_SP00237" HPOS="264" VPOS="1801" WIDTH="24"/>
						<String ID="P28_ST00263" HPOS="288" VPOS="1756" WIDTH="60" HEIGHT="35" CONTENT="les" WC="0.97" CC="006"/>
						<SP ID="P28_SP00238" HPOS="348" VPOS="1801" WIDTH="23"/>
						<String ID="P28_ST00264" HPOS="371" VPOS="1755" WIDTH="190" HEIGHT="36" CONTENT="combats" WC="0.99" CC="0006050"/>
						<SP ID="P28_SP00239" HPOS="561" VPOS="1801" WIDTH="22"/>
						<String ID="P28_ST00265" HPOS="583" VPOS="1754" WIDTH="50" HEIGHT="36" CONTENT="de" WC="1.00" CC="00"/>
						<SP ID="P28_SP00240" HPOS="633" VPOS="1801" WIDTH="19"/>
						<String ID="P28_ST00266" HPOS="652" VPOS="1755" WIDTH="42" HEIGHT="35" CONTENT="la" WC="0.83" CC="30"/>
						<SP ID="P28_SP00241" HPOS="694" VPOS="1801" WIDTH="23"/>
						<String ID="P28_ST00267" HPOS="717" VPOS="1753" WIDTH="266" HEIGHT="46" CONTENT="Révolution," WC="1.00" CC="00004002354"/>
						<SP ID="P28_SP00242" HPOS="983" VPOS="1801" WIDTH="26"/>
						<String ID="P28_ST00268" HPOS="1009" VPOS="1753" WIDTH="49" HEIGHT="35" CONTENT="de" WC="1.00" CC="00"/>
						<SP ID="P28_SP00243" HPOS="1058" VPOS="1801" WIDTH="30"/>
						<String ID="P28_ST00269" HPOS="1088" VPOS="1752" WIDTH="242" HEIGHT="46" CONTENT="Plutarque," WC="0.80" CC="7030040004"/>
						<SP ID="P28_SP00244" HPOS="1330" VPOS="1801" WIDTH="31"/>
						<String ID="P28_ST00270" HPOS="1361" VPOS="1751" WIDTH="50" HEIGHT="35" CONTENT="de" WC="0.76" CC="04"/>
						<SP ID="P28_SP00245" HPOS="1411" VPOS="1801" WIDTH="28"/>
						<String ID="P28_ST00271" HPOS="1439" VPOS="1751" WIDTH="172" HEIGHT="44" CONTENT="l'lliade," WC="0.99" CC="442020003"/>
						<SP ID="P28_SP00246" HPOS="1611" VPOS="1801" WIDTH="26"/>
						<String ID="P28_ST00272" HPOS="1637" VPOS="1751" WIDTH="49" HEIGHT="34" CONTENT="de" WC="0.84" CC="03"/>
						<SP ID="P28_SP00247" HPOS="1686" VPOS="1801" WIDTH="23"/>
						<String ID="P28_ST00273" HPOS="1709" VPOS="1751" WIDTH="41" HEIGHT="34" CONTENT="la" WC="0.73" CC="50"/>
						<SP ID="P28_SP00248" HPOS="1750" VPOS="1801" WIDTH="23"/>
						<String ID="P28_ST00274" HPOS="1773" VPOS="1749" WIDTH="131" HEIGHT="46" CONTENT="Bible," WC="0.99" CC="050004"/>
						<SP ID="P28_SP00249" HPOS="1904" VPOS="1801" WIDTH="28"/>
						<String ID="P28_ST00275" HPOS="1932" VPOS="1761" WIDTH="65" HEIGHT="24" CONTENT="ses" WC="1.00" CC="000"/>
						<SP ID="P28_SP00250" HPOS="1997" VPOS="1801" WIDTH="23"/>
						<String ID="P28_ST00276" HPOS="2020" VPOS="1749" WIDTH="124" HEIGHT="36" CONTENT="livres" WC="1.00" CC="050000"/>
					</TextLine>
					<TextLine ID="P28_TL00025" HPOS="115" VPOS="1817" WIDTH="2027" HEIGHT="55">
						<String ID="P28_ST00277" HPOS="115" VPOS="1824" WIDTH="49" HEIGHT="36" CONTENT="de" WC="1.00" CC="00"/>
						<SP ID="P28_SP00251" HPOS="164" VPOS="1860" WIDTH="19"/>
						<String ID="P28_ST00278" HPOS="183" VPOS="1824" WIDTH="285" HEIGHT="48" CONTENT="prédilection." WC="1.00" CC="0000040001004"/>
						<SP ID="P28_SP00252" HPOS="468" VPOS="1872" WIDTH="21"/>
						<String ID="P28_ST00279" HPOS="489" VPOS="1822" WIDTH="128" HEIGHT="37" CONTENT="Aussi" WC="0.98" CC="20008"/>
						<SP ID="P28_SP00253" HPOS="617" VPOS="1872" WIDTH="21"/>
						<String ID="P28_ST00280" HPOS="638" VPOS="1822" WIDTH="283" HEIGHT="47" CONTENT="importe-t-il," WC="0.77" CC="5003400403133"/>
						<SP ID="P28_SP00254" HPOS="921" VPOS="1872" WIDTH="26"/>
						<String ID="P28_ST00281" HPOS="947" VPOS="1826" WIDTH="127" HEIGHT="31" CONTENT="avant" WC="0.99" CC="00060"/>
						<SP ID="P28_SP00255" HPOS="1074" VPOS="1872" WIDTH="18"/>
						<String ID="P28_ST00282" HPOS="1092" VPOS="1826" WIDTH="107" HEIGHT="40" CONTENT="tout," WC="0.99" CC="00403"/>
						<SP ID="P28_SP00256" HPOS="1199" VPOS="1872" WIDTH="18"/>
						<String ID="P28_ST00283" HPOS="1217" VPOS="1820" WIDTH="90" HEIGHT="37" CONTENT="d'en" WC="0.99" CC="0020"/>
						<SP ID="P28_SP00257" HPOS="1307" VPOS="1872" WIDTH="17"/>
						<String ID="P28_ST00284" HPOS="1324" VPOS="1825" WIDTH="149" HEIGHT="30" CONTENT="mettre" WC="0.99" CC="007000"/>
						<SP ID="P28_SP00258" HPOS="1473" VPOS="1872" WIDTH="18"/>
						<String ID="P28_ST00285" HPOS="1491" VPOS="1832" WIDTH="47" HEIGHT="23" CONTENT="en" WC="0.68" CC="05"/>
						<SP ID="P28_SP00259" HPOS="1538" VPOS="1872" WIDTH="20"/>
						<String ID="P28_ST00286" HPOS="1558" VPOS="1818" WIDTH="185" HEIGHT="44" CONTENT="lumière," WC="1.00" CC="04022000"/>
						<SP ID="P28_SP00260" HPOS="1743" VPOS="1872" WIDTH="21"/>
						<String ID="P28_ST00287" HPOS="1764" VPOS="1819" WIDTH="103" HEIGHT="35" CONTENT="dans" WC="1.00" CC="0000"/>
						<SP ID="P28_SP00261" HPOS="1867" VPOS="1872" WIDTH="18"/>
						<String ID="P28_ST00288" HPOS="1885" VPOS="1817" WIDTH="257" HEIGHT="46" CONTENT="l'exécution," WC="1.00" CC="430000000074"/>
					</TextLine>
					<TextLine ID="P28_TL00026" HPOS="112" VPOS="1887" WIDTH="2032" HEIGHT="52">
						<String ID="P28_ST00289" HPOS="112" VPOS="1894" WIDTH="34" HEIGHT="34" CONTENT="le" WC="0.50" CC="54"/>
						<SP ID="P28_SP00262" HPOS="146" VPOS="1928" WIDTH="23"/>
						<String ID="P28_ST00290" HPOS="169" VPOS="1894" WIDTH="211" HEIGHT="35" CONTENT="caractère" WC="1.00" CC="000000400"/>
						<SP ID="P28_SP00263" HPOS="380" VPOS="1929" WIDTH="23"/>
						<String ID="P28_ST00291" HPOS="403" VPOS="1891" WIDTH="181" HEIGHT="36" CONTENT="d'action" WC="1.00" CC="00000100"/>
						<SP ID="P28_SP00264" HPOS="584" VPOS="1929" WIDTH="22"/>
						<String ID="P28_ST00292" HPOS="606" VPOS="1891" WIDTH="238" HEIGHT="48" CONTENT="grandiose." WC="1.00" CC="0000020002"/>
						<SP ID="P28_SP00265" HPOS="844" VPOS="1939" WIDTH="27"/>
						<String ID="P28_ST00293" HPOS="871" VPOS="1890" WIDTH="111" HEIGHT="36" CONTENT="C'est" WC="1.00" CC="00000"/>
						<SP ID="P28_SP00266" HPOS="982" VPOS="1939" WIDTH="23"/>
						<String ID="P28_ST00294" HPOS="1005" VPOS="1902" WIDTH="49" HEIGHT="24" CONTENT="en" WC="0.82" CC="03"/>
						<SP ID="P28_SP00267" HPOS="1054" VPOS="1939" WIDTH="27"/>
						<String ID="P28_ST00295" HPOS="1081" VPOS="1889" WIDTH="98" HEIGHT="47" CONTENT="quoi" WC="0.98" CC="0503"/>
						<SP ID="P28_SP00268" HPOS="1179" VPOS="1939" WIDTH="25"/>
						<String ID="P28_ST00296" HPOS="1204" VPOS="1889" WIDTH="42" HEIGHT="48" CONTENT="je" WC="0.66" CC="23"/>
						<SP ID="P28_SP00269" HPOS="1246" VPOS="1939" WIDTH="23"/>
						<String ID="P28_ST00297" HPOS="1269" VPOS="1890" WIDTH="95" HEIGHT="35" CONTENT="loue" WC="0.99" CC="2400"/>
						<SP ID="P28_SP00270" HPOS="1364" VPOS="1939" WIDTH="22"/>
						<String ID="P28_ST00298" HPOS="1386" VPOS="1890" WIDTH="245" HEIGHT="34" CONTENT="hautement" WC="1.00" CC="600030000"/>
						<SP ID="P28_SP00271" HPOS="1631" VPOS="1939" WIDTH="23"/>
						<String ID="P28_ST00299" HPOS="1654" VPOS="1888" WIDTH="59" HEIGHT="36" CONTENT="M." WC="0.80" CC="03"/>
						<SP ID="P28_SP00272" HPOS="1713" VPOS="1939" WIDTH="27"/>
						<String ID="P28_ST00300" HPOS="1740" VPOS="1888" WIDTH="249" HEIGHT="36" CONTENT="Chevillard." WC="0.86" CC="50000250002"/>
						<SP ID="P28_SP00273" HPOS="1989" VPOS="1939" WIDTH="29"/>
						<String ID="P28_ST00301" HPOS="2018" VPOS="1887" WIDTH="126" HEIGHT="36" CONTENT="Nulle" WC="0.98" CC="52540"/>
					</TextLine>
					<TextLine ID="P28_TL00027" HPOS="113" VPOS="1956" WIDTH="2029" HEIGHT="50">
						<String ID="P28_ST00302" HPOS="113" VPOS="1961" WIDTH="221" HEIGHT="36" CONTENT="recherche" WC="1.00" CC="200040000"/>
						<SP ID="P28_SP00274" HPOS="334" VPOS="1997" WIDTH="30"/>
						<String ID="P28_ST00303" HPOS="364" VPOS="1960" WIDTH="194" HEIGHT="46" CONTENT="déplacée" WC="1.00" CC="03040010"/>
						<SP ID="P28_SP00275" HPOS="558" VPOS="2006" WIDTH="30"/>
						<String ID="P28_ST00304" HPOS="588" VPOS="1960" WIDTH="50" HEIGHT="35" CONTENT="de" WC="1.00" CC="00"/>
						<SP ID="P28_SP00276" HPOS="638" VPOS="2006" WIDTH="29"/>
						<String ID="P28_ST00305" HPOS="667" VPOS="1959" WIDTH="275" HEIGHT="47" CONTENT="coquetteries" WC="1.00" CC="050000010000"/>
						<SP ID="P28_SP00277" HPOS="942" VPOS="2006" WIDTH="29"/>
						<String ID="P28_ST00306" HPOS="971" VPOS="1965" WIDTH="42" HEIGHT="29" CONTENT="et" WC="1.00" CC="00"/>
						<SP ID="P28_SP00278" HPOS="1013" VPOS="2006" WIDTH="26"/>
						<String ID="P28_ST00307" HPOS="1039" VPOS="1959" WIDTH="49" HEIGHT="35" CONTENT="de" WC="1.00" CC="00"/>
						<SP ID="P28_SP00279" HPOS="1088" VPOS="2006" WIDTH="25"/>
						<String ID="P28_ST00308" HPOS="1113" VPOS="1958" WIDTH="264" HEIGHT="47" CONTENT="gentillesses" WC="0.99" CC="906002800000"/>
						<SP ID="P28_SP00280" HPOS="1377" VPOS="2006" WIDTH="27"/>
						<String ID="P28_ST00309" HPOS="1404" VPOS="1958" WIDTH="50" HEIGHT="34" CONTENT="de" WC="1.00" CC="00"/>
						<SP ID="P28_SP00281" HPOS="1454" VPOS="2006" WIDTH="27"/>
						<String ID="P28_ST00310" HPOS="1481" VPOS="1956" WIDTH="142" HEIGHT="36" CONTENT="détail." WC="1.00" CC="0000133"/>
						<SP ID="P28_SP00282" HPOS="1623" VPOS="2006" WIDTH="30"/>
						<String ID="P28_ST00311" HPOS="1653" VPOS="1956" WIDTH="54" HEIGHT="36" CONTENT="Le" WC="0.66" CC="60"/>
						<SP ID="P28_SP00283" HPOS="1707" VPOS="2006" WIDTH="30"/>
						<String ID="P28_ST00312" HPOS="1737" VPOS="1956" WIDTH="222" HEIGHT="36" CONTENT="sentiment" WC="1.00" CC="000000000"/>
						<SP ID="P28_SP00284" HPOS="1959" VPOS="2006" WIDTH="21"/>
						<String ID="P28_ST00313" HPOS="1980" VPOS="1956" WIDTH="92" HEIGHT="36" CONTENT="viril" WC="0.98" CC="03244"/>
						<SP ID="P28_SP00285" HPOS="2072" VPOS="2006" WIDTH="21"/>
						<String ID="P28_ST00314" HPOS="2093" VPOS="1956" WIDTH="49" HEIGHT="35" CONTENT="de" WC="1.00" CC="00"/>
					</TextLine>
					<TextLine ID="P28_TL00028" HPOS="110" VPOS="2025" WIDTH="2030" HEIGHT="52">
						<String ID="P28_ST00315" HPOS="110" VPOS="2029" WIDTH="190" HEIGHT="48" CONTENT="l'énergie" WC="1.00" CC="530002010"/>
						<SP ID="P28_SP00286" HPOS="300" VPOS="2077" WIDTH="30"/>
						<String ID="P28_ST00316" HPOS="330" VPOS="2034" WIDTH="40" HEIGHT="30" CONTENT="et" WC="1.00" CC="00"/>
						<SP ID="P28_SP00287" HPOS="370" VPOS="2077" WIDTH="22"/>
						<String ID="P28_ST00317" HPOS="392" VPOS="2029" WIDTH="49" HEIGHT="35" CONTENT="de" WC="1.00" CC="00"/>
						<SP ID="P28_SP00288" HPOS="441" VPOS="2077" WIDTH="26"/>
						<String ID="P28_ST00318" HPOS="467" VPOS="2028" WIDTH="141" HEIGHT="36" CONTENT="l'unité" WC="0.99" CC="0360000"/>
						<SP ID="P28_SP00289" HPOS="608" VPOS="2077" WIDTH="27"/>
						<String ID="P28_ST00319" HPOS="635" VPOS="2029" WIDTH="48" HEIGHT="35" CONTENT="de" WC="1.00" CC="00"/>
						<SP ID="P28_SP00290" HPOS="683" VPOS="2077" WIDTH="24"/>
						<String ID="P28_ST00320" HPOS="707" VPOS="2039" WIDTH="69" HEIGHT="25" CONTENT="ces" WC="0.99" CC="001"/>
						<SP ID="P28_SP00291" HPOS="776" VPOS="2077" WIDTH="23"/>
						<String ID="P28_ST00321" HPOS="799" VPOS="2027" WIDTH="284" HEIGHT="49" CONTENT="symphonies," WC="0.99" CC="06000271504"/>
						<SP ID="P28_SP00292" HPOS="1083" VPOS="2077" WIDTH="28"/>
						<String ID="P28_ST00322" HPOS="1111" VPOS="2027" WIDTH="194" HEIGHT="47" CONTENT="pareilles" WC="1.00" CC="000020100"/>
						<SP ID="P28_SP00293" HPOS="1305" VPOS="2077" WIDTH="21"/>
						<String ID="P28_ST00323" HPOS="1326" VPOS="2029" WIDTH="24" HEIGHT="33" CONTENT="à" WC="0.35" CC="6"/>
						<SP ID="P28_SP00294" HPOS="1350" VPOS="2077" WIDTH="22"/>
						<String ID="P28_ST00324" HPOS="1372" VPOS="2027" WIDTH="72" HEIGHT="35" CONTENT="des" WC="0.97" CC="024"/>
						<SP ID="P28_SP00295" HPOS="1444" VPOS="2077" WIDTH="25"/>
						<String ID="P28_ST00325" HPOS="1469" VPOS="2027" WIDTH="160" HEIGHT="35" CONTENT="armées" WC="0.99" CC="070000"/>
						<SP ID="P28_SP00296" HPOS="1629" VPOS="2077" WIDTH="24"/>
						<String ID="P28_ST00326" HPOS="1653" VPOS="2037" WIDTH="50" HEIGHT="24" CONTENT="en" WC="1.00" CC="00"/>
						<SP ID="P28_SP00297" HPOS="1703" VPOS="2077" WIDTH="21"/>
						<String ID="P28_ST00327" HPOS="1724" VPOS="2026" WIDTH="184" HEIGHT="35" CONTENT="marche." WC="0.99" CC="0040014"/>
						<SP ID="P28_SP00298" HPOS="1908" VPOS="2077" WIDTH="25"/>
						<String ID="P28_ST00328" HPOS="1933" VPOS="2025" WIDTH="207" HEIGHT="47" CONTENT="Quelques" WC="0.99" CC="05050500"/>
					</TextLine>
					<TextLine ID="P28_TL00029" HPOS="109" VPOS="2093" WIDTH="2031" HEIGHT="51">
						<String ID="P28_ST00329" HPOS="109" VPOS="2109" WIDTH="180" HEIGHT="24" CONTENT="nuances" WC="0.99" CC="6003000"/>
						<SP ID="P28_SP00299" HPOS="289" VPOS="2133" WIDTH="31"/>
						<String ID="P28_ST00330" HPOS="320" VPOS="2102" WIDTH="94" HEIGHT="31" CONTENT="sont" WC="1.00" CC="0200"/>
						<SP ID="P28_SP00300" HPOS="414" VPOS="2133" WIDTH="29"/>
						<String ID="P28_ST00331" HPOS="443" VPOS="2097" WIDTH="156" HEIGHT="47" CONTENT="parfois" WC="0.99" CC="0060050"/>
						<SP ID="P28_SP00301" HPOS="599" VPOS="2144" WIDTH="29"/>
						<String ID="P28_ST00332" HPOS="628" VPOS="2109" WIDTH="53" HEIGHT="24" CONTENT="un" WC="0.47" CC="55"/>
						<SP ID="P28_SP00302" HPOS="681" VPOS="2144" WIDTH="29"/>
						<String ID="P28_ST00333" HPOS="710" VPOS="2109" WIDTH="80" HEIGHT="35" CONTENT="peu" WC="0.98" CC="005"/>
						<SP ID="P28_SP00303" HPOS="790" VPOS="2144" WIDTH="30"/>
						<String ID="P28_ST00334" HPOS="820" VPOS="2097" WIDTH="189" HEIGHT="45" CONTENT="lourdes;" WC="1.00" CC="14040000"/>
						<SP ID="P28_SP00304" HPOS="1009" VPOS="2144" WIDTH="34"/>
						<String ID="P28_ST00335" HPOS="1043" VPOS="2096" WIDTH="104" HEIGHT="36" CONTENT="mais" WC="1.00" CC="0000"/>
						<SP ID="P28_SP00305" HPOS="1147" VPOS="2144" WIDTH="24"/>
						<String ID="P28_ST00336" HPOS="1171" VPOS="2096" WIDTH="103" HEIGHT="36" CONTENT="c'est" WC="0.99" CC="64000"/>
						<SP ID="P28_SP00306" HPOS="1274" VPOS="2144" WIDTH="21"/>
						<String ID="P28_ST00337" HPOS="1295" VPOS="2095" WIDTH="36" HEIGHT="36" CONTENT="le" WC="0.97" CC="00"/>
						<SP ID="P28_SP00307" HPOS="1331" VPOS="2144" WIDTH="26"/>
						<String ID="P28_ST00338" HPOS="1357" VPOS="2095" WIDTH="187" HEIGHT="36" CONTENT="moindre" WC="0.99" CC="0043002"/>
						<SP ID="P28_SP00308" HPOS="1544" VPOS="2144" WIDTH="24"/>
						<String ID="P28_ST00339" HPOS="1568" VPOS="2094" WIDTH="158" HEIGHT="46" CONTENT="défaut," WC="1.00" CC="0000204"/>
						<SP ID="P28_SP00309" HPOS="1726" VPOS="2144" WIDTH="26"/>
						<String ID="P28_ST00340" HPOS="1752" VPOS="2100" WIDTH="42" HEIGHT="30" CONTENT="et" WC="1.00" CC="00"/>
						<SP ID="P28_SP00310" HPOS="1794" VPOS="2144" WIDTH="23"/>
						<String ID="P28_ST00341" HPOS="1817" VPOS="2093" WIDTH="103" HEIGHT="37" CONTENT="celui" WC="1.00" CC="00000"/>
						<SP ID="P28_SP00311" HPOS="1920" VPOS="2144" WIDTH="18"/>
						<String ID="P28_ST00342" HPOS="1938" VPOS="2106" WIDTH="78" HEIGHT="34" CONTENT="que" WC="1.00" CC="000"/>
						<SP ID="P28_SP00312" HPOS="2016" VPOS="2144" WIDTH="20"/>
						<String ID="P28_ST00343" HPOS="2036" VPOS="2106" WIDTH="104" HEIGHT="24" CONTENT="nous" WC="0.98" CC="5400"/>
					</TextLine>
					<TextLine ID="P28_TL00030" HPOS="109" VPOS="2163" WIDTH="2032" HEIGHT="47">
						<String ID="P28_ST00344" HPOS="109" VPOS="2177" WIDTH="180" HEIGHT="25" CONTENT="sommes" WC="0.99" CC="400003"/>
						<SP ID="P28_SP00313" HPOS="289" VPOS="2202" WIDTH="20"/>
						<String ID="P28_ST00345" HPOS="309" VPOS="2166" WIDTH="36" HEIGHT="35" CONTENT="le" WC="0.75" CC="50"/>
						<SP ID="P28_SP00314" HPOS="345" VPOS="2202" WIDTH="23"/>
						<String ID="P28_ST00346" HPOS="368" VPOS="2165" WIDTH="133" HEIGHT="36" CONTENT="moins" WC="0.99" CC="00050"/>
						<SP ID="P28_SP00315" HPOS="501" VPOS="2202" WIDTH="25"/>
						<String ID="P28_ST00347" HPOS="526" VPOS="2165" WIDTH="193" HEIGHT="36" CONTENT="habitués" WC="1.00" CC="00000000"/>
						<SP ID="P28_SP00316" HPOS="719" VPOS="2202" WIDTH="18"/>
						<String ID="P28_ST00348" HPOS="737" VPOS="2167" WIDTH="24" HEIGHT="34" CONTENT="à" WC="0.40" CC="5"/>
						<SP ID="P28_SP00317" HPOS="761" VPOS="2202" WIDTH="17"/>
						<String ID="P28_ST00349" HPOS="778" VPOS="2172" WIDTH="239" HEIGHT="29" CONTENT="rencontrer" WC="1.00" CC="0020070004"/>
						<SP ID="P28_SP00318" HPOS="1017" VPOS="2202" WIDTH="22"/>
						<String ID="P28_ST00350" HPOS="1039" VPOS="2178" WIDTH="48" HEIGHT="23" CONTENT="en" WC="0.94" CC="10"/>
						<SP ID="P28_SP00319" HPOS="1087" VPOS="2202" WIDTH="18"/>
						<String ID="P28_ST00351" HPOS="1105" VPOS="2165" WIDTH="174" HEIGHT="43" CONTENT="France," WC="1.00" CC="2000003"/>
						<SP ID="P28_SP00320" HPOS="1279" VPOS="2208" WIDTH="26"/>
						<String ID="P28_ST00352" HPOS="1305" VPOS="2166" WIDTH="53" HEIGHT="34" CONTENT="où" WC="0.82" CC="03"/>
						<SP ID="P28_SP00321" HPOS="1358" VPOS="2208" WIDTH="25"/>
						<String ID="P28_ST00353" HPOS="1383" VPOS="2165" WIDTH="81" HEIGHT="35" CONTENT="l'on" WC="0.98" CC="0440"/>
						<SP ID="P28_SP00322" HPOS="1464" VPOS="2208" WIDTH="24"/>
						<String ID="P28_ST00354" HPOS="1488" VPOS="2163" WIDTH="161" HEIGHT="36" CONTENT="sacrifie" WC="1.00" CC="00104000"/>
						<SP ID="P28_SP00323" HPOS="1649" VPOS="2208" WIDTH="25"/>
						<String ID="P28_ST00355" HPOS="1674" VPOS="2168" WIDTH="91" HEIGHT="42" CONTENT="trop" WC="1.00" CC="0000"/>
						<SP ID="P28_SP00324" HPOS="1765" VPOS="2210" WIDTH="23"/>
						<String ID="P28_ST00356" HPOS="1788" VPOS="2165" WIDTH="23" HEIGHT="34" CONTENT="à" WC="0.37" CC="6"/>
						<SP ID="P28_SP00325" HPOS="1811" VPOS="2210" WIDTH="22"/>
						<String ID="P28_ST00357" HPOS="1833" VPOS="2164" WIDTH="41" HEIGHT="35" CONTENT="la" WC="0.94" CC="10"/>
						<SP ID="P28_SP00326" HPOS="1874" VPOS="2210" WIDTH="18"/>
						<String ID="P28_ST00358" HPOS="1892" VPOS="2163" WIDTH="176" HEIGHT="47" CONTENT="joliesse" WC="1.00" CC="00000000"/>
						<SP ID="P28_SP00327" HPOS="2068" VPOS="2210" WIDTH="24"/>
						<String ID="P28_ST00359" HPOS="2092" VPOS="2163" WIDTH="49" HEIGHT="36" CONTENT="de" WC="1.00" CC="00"/>
					</TextLine>
					<TextLine ID="P28_TL00031" HPOS="113" VPOS="2231" WIDTH="2031" HEIGHT="50">
						<String ID="P28_ST00360" HPOS="113" VPOS="2234" WIDTH="198" HEIGHT="47" CONTENT="quelques" WC="0.99" CC="06000500"/>
						<SP ID="P28_SP00328" HPOS="311" VPOS="2281" WIDTH="22"/>
						<String ID="P28_ST00361" HPOS="333" VPOS="2234" WIDTH="137" HEIGHT="44" CONTENT="traits," WC="0.99" CC="0005044"/>
						<SP ID="P28_SP00329" HPOS="470" VPOS="2281" WIDTH="24"/>
						<String ID="P28_ST00362" HPOS="494" VPOS="2234" WIDTH="41" HEIGHT="35" CONTENT="la" WC="1.00" CC="00"/>
						<SP ID="P28_SP00330" HPOS="535" VPOS="2281" WIDTH="21"/>
						<String ID="P28_ST00363" HPOS="556" VPOS="2234" WIDTH="211" HEIGHT="47" CONTENT="grandeur" WC="1.00" CC="00060004"/>
						<SP ID="P28_SP00331" HPOS="767" VPOS="2281" WIDTH="13"/>
						<String ID="P28_ST00364" HPOS="780" VPOS="2240" WIDTH="41" HEIGHT="31" CONTENT="et" WC="1.00" CC="00"/>
						<SP ID="P28_SP00332" HPOS="821" VPOS="2281" WIDTH="20"/>
						<String ID="P28_ST00365" HPOS="841" VPOS="2234" WIDTH="255" HEIGHT="37" CONTENT="l'ensemble." WC="1.00" CC="54000000503"/>
						<SP ID="P28_SP00333" HPOS="1096" VPOS="2281" WIDTH="17"/>
						<String ID="P28_ST00366" HPOS="1113" VPOS="2234" WIDTH="59" HEIGHT="36" CONTENT="La" WC="1.00" CC="00"/>
						<SP ID="P28_SP00334" HPOS="1172" VPOS="2281" WIDTH="23"/>
						<String ID="P28_ST00367" HPOS="1195" VPOS="2234" WIDTH="154" HEIGHT="46" CONTENT="fougue" WC="0.99" CC="007022"/>
						<SP ID="P28_SP00335" HPOS="1349" VPOS="2281" WIDTH="16"/>
						<String ID="P28_ST00368" HPOS="1365" VPOS="2234" WIDTH="178" HEIGHT="47" CONTENT="joyeuse" WC="1.00" CC="0005000"/>
						<SP ID="P28_SP00336" HPOS="1543" VPOS="2281" WIDTH="20"/>
						<String ID="P28_ST00369" HPOS="1563" VPOS="2233" WIDTH="54" HEIGHT="35" CONTENT="du" WC="1.00" CC="00"/>
						<SP ID="P28_SP00337" HPOS="1617" VPOS="2281" WIDTH="21"/>
						<String ID="P28_ST00370" HPOS="1638" VPOS="2232" WIDTH="178" HEIGHT="48" CONTENT="premier" WC="0.99" CC="0200204"/>
						<SP ID="P28_SP00338" HPOS="1816" VPOS="2281" WIDTH="20"/>
						<String ID="P28_ST00371" HPOS="1836" VPOS="2237" WIDTH="40" HEIGHT="31" CONTENT="et" WC="0.77" CC="04"/>
						<SP ID="P28_SP00339" HPOS="1876" VPOS="2281" WIDTH="24"/>
						<String ID="P28_ST00372" HPOS="1900" VPOS="2231" WIDTH="54" HEIGHT="37" CONTENT="du" WC="0.98" CC="00"/>
						<SP ID="P28_SP00340" HPOS="1954" VPOS="2281" WIDTH="27"/>
						<String ID="P28_ST00373" HPOS="1981" VPOS="2232" WIDTH="163" HEIGHT="36" CONTENT="dernier" WC="1.00" CC="0020400"/>
					</TextLine>
					<TextLine ID="P28_TL00032" HPOS="111" VPOS="2301" WIDTH="2030" HEIGHT="50">
						<String ID="P28_ST00374" HPOS="111" VPOS="2314" WIDTH="194" HEIGHT="25" CONTENT="morceau" WC="0.99" CC="0040205"/>
						<SP ID="P28_SP00341" HPOS="305" VPOS="2339" WIDTH="25"/>
						<String ID="P28_ST00375" HPOS="330" VPOS="2314" WIDTH="23" HEIGHT="23" CONTENT="a" WC="1.00" CC="0"/>
						<SP ID="P28_SP00342" HPOS="353" VPOS="2339" WIDTH="20"/>
						<String ID="P28_ST00376" HPOS="373" VPOS="2304" WIDTH="64" HEIGHT="33" CONTENT="été" WC="1.00" CC="000"/>
						<SP ID="P28_SP00343" HPOS="437" VPOS="2339" WIDTH="23"/>
						<String ID="P28_ST00377" HPOS="460" VPOS="2302" WIDTH="380" HEIGHT="46" CONTENT="particulièrement" WC="1.00" CC="0030510314100010"/>
						<SP ID="P28_SP00344" HPOS="840" VPOS="2348" WIDTH="19"/>
						<String ID="P28_ST00378" HPOS="859" VPOS="2303" WIDTH="94" HEIGHT="36" CONTENT="bien" WC="1.00" CC="0010"/>
						<SP ID="P28_SP00345" HPOS="953" VPOS="2348" WIDTH="22"/>
						<String ID="P28_ST00379" HPOS="975" VPOS="2303" WIDTH="167" HEIGHT="35" CONTENT="rendue." WC="0.99" CC="3000514"/>
						<SP ID="P28_SP00346" HPOS="1142" VPOS="2348" WIDTH="22"/>
						<String ID="P28_ST00380" HPOS="1164" VPOS="2303" WIDTH="48" HEIGHT="48" CONTENT="Je" WC="0.96" CC="00"/>
						<SP ID="P28_SP00347" HPOS="1212" VPOS="2351" WIDTH="20"/>
						<String ID="P28_ST00381" HPOS="1232" VPOS="2302" WIDTH="197" HEIGHT="36" CONTENT="voudrais" WC="1.00" CC="04005000"/>
						<SP ID="P28_SP00348" HPOS="1429" VPOS="2351" WIDTH="23"/>
						<String ID="P28_ST00382" HPOS="1452" VPOS="2313" WIDTH="53" HEIGHT="24" CONTENT="un" WC="0.69" CC="06"/>
						<SP ID="P28_SP00349" HPOS="1505" VPOS="2351" WIDTH="21"/>
						<String ID="P28_ST00383" HPOS="1526" VPOS="2313" WIDTH="81" HEIGHT="35" CONTENT="peu" WC="1.00" CC="000"/>
						<SP ID="P28_SP00350" HPOS="1607" VPOS="2351" WIDTH="22"/>
						<String ID="P28_ST00384" HPOS="1629" VPOS="2301" WIDTH="93" HEIGHT="47" CONTENT="plus" WC="1.00" CC="0000"/>
						<SP ID="P28_SP00351" HPOS="1722" VPOS="2351" WIDTH="18"/>
						<String ID="P28_ST00385" HPOS="1740" VPOS="2301" WIDTH="49" HEIGHT="36" CONTENT="de" WC="0.96" CC="00"/>
						<SP ID="P28_SP00352" HPOS="1789" VPOS="2351" WIDTH="22"/>
						<String ID="P28_ST00386" HPOS="1811" VPOS="2301" WIDTH="145" HEIGHT="36" CONTENT="liberté" WC="0.99" CC="7301500"/>
						<SP ID="P28_SP00353" HPOS="1956" VPOS="2351" WIDTH="21"/>
						<String ID="P28_ST00387" HPOS="1977" VPOS="2301" WIDTH="107" HEIGHT="36" CONTENT="dans" WC="0.99" CC="0060"/>
						<SP ID="P28_SP00354" HPOS="2084" VPOS="2351" WIDTH="20"/>
						<String ID="P28_ST00388" HPOS="2104" VPOS="2301" WIDTH="37" HEIGHT="35" CONTENT="le" WC="0.80" CC="04"/>
					</TextLine>
					<TextLine ID="P28_TL00033" HPOS="113" VPOS="2370" WIDTH="2030" HEIGHT="49">
						<String ID="P28_ST00389" HPOS="113" VPOS="2370" WIDTH="231" HEIGHT="49" CONTENT="larghetto," WC="0.98" CC="7575026876" STYLEREFS="TXT_3"/>
						<SP ID="P28_SP00355" HPOS="344" VPOS="2419" WIDTH="30"/>
						<String ID="P28_ST00390" HPOS="374" VPOS="2373" WIDTH="51" HEIGHT="33" CONTENT="où" WC="0.58" CC="25"/>
						<SP ID="P28_SP00356" HPOS="425" VPOS="2419" WIDTH="31"/>
						<String ID="P28_ST00391" HPOS="456" VPOS="2370" WIDTH="263" HEIGHT="47" CONTENT="s'expriment" WC="1.00" CC="04110330000"/>
						<SP ID="P28_SP00357" HPOS="719" VPOS="2419" WIDTH="29"/>
						<String ID="P28_ST00392" HPOS="748" VPOS="2372" WIDTH="70" HEIGHT="35" CONTENT="des" WC="1.00" CC="000"/>
						<SP ID="P28_SP00358" HPOS="818" VPOS="2419" WIDTH="32"/>
						<String ID="P28_ST00393" HPOS="850" VPOS="2371" WIDTH="242" HEIGHT="36" CONTENT="sentiments" WC="1.00" CC="0000300000"/>
						<SP ID="P28_SP00359" HPOS="1092" VPOS="2419" WIDTH="35"/>
						<String ID="P28_ST00394" HPOS="1127" VPOS="2371" WIDTH="279" HEIGHT="36" CONTENT="évidemment" WC="1.00" CC="0910000000"/>
						<SP ID="P28_SP00360" HPOS="1406" VPOS="2419" WIDTH="26"/>
						<String ID="P28_ST00395" HPOS="1432" VPOS="2370" WIDTH="249" HEIGHT="47" CONTENT="complexes," WC="1.00" CC="0000100003"/>
						<SP ID="P28_SP00361" HPOS="1681" VPOS="2419" WIDTH="24"/>
						<String ID="P28_ST00396" HPOS="1705" VPOS="2381" WIDTH="179" HEIGHT="36" CONTENT="presque" WC="1.00" CC="0000060"/>
						<SP ID="P28_SP00362" HPOS="1884" VPOS="2419" WIDTH="25"/>
						<String ID="P28_ST00397" HPOS="1909" VPOS="2370" WIDTH="211" HEIGHT="36" CONTENT="contradic" SUBS_TYPE="HypPart1" SUBS_CONTENT="contradictoires," WC="1.00" CC="006030000"/>
						<HYP HPOS="2120" VPOS="2370" WIDTH="23" CONTENT="-"/>
					</TextLine>
					<TextLine ID="P28_TL00034" HPOS="110" VPOS="2438" WIDTH="2031" HEIGHT="50">
						<String ID="P28_ST00398" HPOS="110" VPOS="2438" WIDTH="141" HEIGHT="47" CONTENT="toires," SUBS_TYPE="HypPart2" SUBS_CONTENT="contradictoires," WC="0.99" CC="0014214"/>
						<SP ID="P28_SP00363" HPOS="251" VPOS="2485" WIDTH="24"/>
						<String ID="P28_ST00399" HPOS="275" VPOS="2440" WIDTH="68" HEIGHT="45" CONTENT="qui" WC="1.00" CC="000"/>
						<SP ID="P28_SP00364" HPOS="343" VPOS="2485" WIDTH="26"/>
						<String ID="P28_ST00400" HPOS="369" VPOS="2440" WIDTH="244" HEIGHT="45" CONTENT="s'opposent" WC="0.99" CC="0400930060"/>
						<SP ID="P28_SP00365" HPOS="613" VPOS="2485" WIDTH="20"/>
						<String ID="P28_ST00401" HPOS="633" VPOS="2451" WIDTH="159" HEIGHT="24" CONTENT="comme" WC="1.00" CC="00000"/>
						<SP ID="P28_SP00366" HPOS="792" VPOS="2485" WIDTH="24"/>
						<String ID="P28_ST00402" HPOS="816" VPOS="2452" WIDTH="49" HEIGHT="23" CONTENT="en" WC="0.95" CC="00"/>
						<SP ID="P28_SP00367" HPOS="865" VPOS="2485" WIDTH="30"/>
						<String ID="P28_ST00403" HPOS="895" VPOS="2452" WIDTH="57" HEIGHT="24" CONTENT="un" WC="0.68" CC="60"/>
						<SP ID="P28_SP00368" HPOS="952" VPOS="2485" WIDTH="30"/>
						<String ID="P28_ST00404" HPOS="982" VPOS="2440" WIDTH="196" HEIGHT="47" CONTENT="dialogue" WC="1.00" CC="02000050"/>
						<SP ID="P28_SP00369" HPOS="1178" VPOS="2487" WIDTH="32"/>
						<String ID="P28_ST00405" HPOS="1210" VPOS="2440" WIDTH="41" HEIGHT="48" CONTENT="(il" WC="0.94" CC="634"/>
						<SP ID="P28_SP00370" HPOS="1251" VPOS="2488" WIDTH="28"/>
						<String ID="P28_ST00406" HPOS="1279" VPOS="2439" WIDTH="238" HEIGHT="35" CONTENT="semblerait" WC="1.00" CC="0000404000"/>
						<SP ID="P28_SP00371" HPOS="1517" VPOS="2488" WIDTH="24"/>
						<String ID="P28_ST00407" HPOS="1541" VPOS="2450" WIDTH="180" HEIGHT="35" CONTENT="presque" WC="1.00" CC="0300002"/>
						<SP ID="P28_SP00372" HPOS="1721" VPOS="2488" WIDTH="27"/>
						<String ID="P28_ST00408" HPOS="1748" VPOS="2438" WIDTH="91" HEIGHT="36" CONTENT="voir" WC="0.99" CC="0004"/>
						<SP ID="P28_SP00373" HPOS="1839" VPOS="2488" WIDTH="18"/>
						<String ID="P28_ST00409" HPOS="1857" VPOS="2439" WIDTH="106" HEIGHT="35" CONTENT="deux" WC="1.00" CC="0000"/>
						<SP ID="P28_SP00374" HPOS="1963" VPOS="2488" WIDTH="23"/>
						<String ID="P28_ST00410" HPOS="1986" VPOS="2439" WIDTH="155" HEIGHT="46" CONTENT="figures" WC="0.99" CC="2290000"/>
					</TextLine>
					<TextLine ID="P28_TL00035" HPOS="110" VPOS="2506" WIDTH="2030" HEIGHT="50">
						<String ID="P28_ST00411" HPOS="110" VPOS="2506" WIDTH="245" HEIGHT="50" CONTENT="distinctes)." WC="1.00" CC="030023000021"/>
						<SP ID="P28_SP00375" HPOS="355" VPOS="2556" WIDTH="34"/>
						<String ID="P28_ST00412" HPOS="389" VPOS="2508" WIDTH="49" HEIGHT="48" CONTENT="Je" WC="0.87" CC="20"/>
						<SP ID="P28_SP00376" HPOS="438" VPOS="2556" WIDTH="36"/>
						<String ID="P28_ST00413" HPOS="474" VPOS="2508" WIDTH="107" HEIGHT="36" CONTENT="crois" WC="1.00" CC="00000"/>
						<SP ID="P28_SP00377" HPOS="581" VPOS="2556" WIDTH="32"/>
						<String ID="P28_ST00414" HPOS="613" VPOS="2508" WIDTH="110" HEIGHT="36" CONTENT="aussi" WC="1.00" CC="00001"/>
						<SP ID="P28_SP00378" HPOS="723" VPOS="2556" WIDTH="32"/>
						<String ID="P28_ST00415" HPOS="755" VPOS="2520" WIDTH="77" HEIGHT="35" CONTENT="que" WC="1.00" CC="000"/>
						<SP ID="P28_SP00379" HPOS="832" VPOS="2556" WIDTH="32"/>
						<String ID="P28_ST00416" HPOS="864" VPOS="2509" WIDTH="37" HEIGHT="35" CONTENT="le" WC="0.77" CC="04"/>
						<SP ID="P28_SP00380" HPOS="901" VPOS="2556" WIDTH="30"/>
						<String ID="P28_ST00417" HPOS="931" VPOS="2514" WIDTH="265" HEIGHT="30" CONTENT="mouvement" WC="1.00" CC="000000060"/>
						<SP ID="P28_SP00381" HPOS="1196" VPOS="2556" WIDTH="29"/>
						<String ID="P28_ST00418" HPOS="1225" VPOS="2509" WIDTH="53" HEIGHT="35" CONTENT="du" WC="0.74" CC="05"/>
						<SP ID="P28_SP00382" HPOS="1278" VPOS="2556" WIDTH="31"/>
						<String ID="P28_ST00419" HPOS="1309" VPOS="2507" WIDTH="168" HEIGHT="49" CONTENT="scherzo" WC="0.99" CC="0500080" STYLEREFS="TXT_3"/>
						<SP ID="P28_SP00383" HPOS="1477" VPOS="2556" WIDTH="33"/>
						<String ID="P28_ST00420" HPOS="1510" VPOS="2507" WIDTH="91" HEIGHT="36" CONTENT="doit" WC="0.99" CC="0040"/>
						<SP ID="P28_SP00384" HPOS="1601" VPOS="2556" WIDTH="22"/>
						<String ID="P28_ST00421" HPOS="1623" VPOS="2509" WIDTH="86" HEIGHT="34" CONTENT="être" WC="0.99" CC="1020"/>
						<SP ID="P28_SP00385" HPOS="1709" VPOS="2556" WIDTH="25"/>
						<String ID="P28_ST00422" HPOS="1734" VPOS="2507" WIDTH="95" HEIGHT="47" CONTENT="plus" WC="1.00" CC="0000"/>
						<SP ID="P28_SP00386" HPOS="1829" VPOS="2556" WIDTH="29"/>
						<String ID="P28_ST00423" HPOS="1858" VPOS="2507" WIDTH="161" HEIGHT="48" CONTENT="rapide," WC="0.99" CC="5000004"/>
						<SP ID="P28_SP00387" HPOS="2019" VPOS="2556" WIDTH="27"/>
						<String ID="P28_ST00424" HPOS="2046" VPOS="2508" WIDTH="94" HEIGHT="46" CONTENT="plus" WC="1.00" CC="0000"/>
					</TextLine>
					<TextLine ID="P28_TL00036" HPOS="110" VPOS="2575" WIDTH="2030" HEIGHT="49">
						<String ID="P28_ST00425" HPOS="110" VPOS="2575" WIDTH="257" HEIGHT="37" CONTENT="décidément" WC="1.00" CC="0000000010"/>
						<SP ID="P28_SP00388" HPOS="367" VPOS="2612" WIDTH="19"/>
						<String ID="P28_ST00426" HPOS="386" VPOS="2576" WIDTH="163" HEIGHT="46" CONTENT="éloigné" WC="0.99" CC="0134070"/>
						<SP ID="P28_SP00389" HPOS="549" VPOS="2622" WIDTH="27"/>
						<String ID="P28_ST00427" HPOS="576" VPOS="2577" WIDTH="49" HEIGHT="35" CONTENT="de" WC="0.94" CC="01"/>
						<SP ID="P28_SP00390" HPOS="625" VPOS="2622" WIDTH="21"/>
						<String ID="P28_ST00428" HPOS="646" VPOS="2577" WIDTH="40" HEIGHT="36" CONTENT="la" WC="0.70" CC="50"/>
						<SP ID="P28_SP00391" HPOS="686" VPOS="2622" WIDTH="22"/>
						<String ID="P28_ST00429" HPOS="708" VPOS="2577" WIDTH="131" HEIGHT="35" CONTENT="forme" WC="1.00" CC="00000"/>
						<SP ID="P28_SP00392" HPOS="839" VPOS="2622" WIDTH="24"/>
						<String ID="P28_ST00430" HPOS="863" VPOS="2577" WIDTH="54" HEIGHT="35" CONTENT="du" WC="0.72" CC="05"/>
						<SP ID="P28_SP00393" HPOS="917" VPOS="2622" WIDTH="16"/>
						<String ID="P28_ST00431" HPOS="933" VPOS="2582" WIDTH="185" HEIGHT="39" CONTENT="menuet;" WC="1.00" CC="0006000"/>
						<SP ID="P28_SP00394" HPOS="1118" VPOS="2622" WIDTH="26"/>
						<String ID="P28_ST00432" HPOS="1144" VPOS="2578" WIDTH="103" HEIGHT="35" CONTENT="c'est" WC="0.99" CC="00140"/>
						<SP ID="P28_SP00395" HPOS="1247" VPOS="2622" WIDTH="19"/>
						<String ID="P28_ST00433" HPOS="1266" VPOS="2589" WIDTH="53" HEIGHT="23" CONTENT="un" WC="0.75" CC="05"/>
						<SP ID="P28_SP00396" HPOS="1319" VPOS="2622" WIDTH="22"/>
						<String ID="P28_ST00434" HPOS="1341" VPOS="2576" WIDTH="225" HEIGHT="36" CONTENT="tourbillon" WC="0.99" CC="0065014000"/>
						<SP ID="P28_SP00397" HPOS="1566" VPOS="2622" WIDTH="18"/>
						<String ID="P28_ST00435" HPOS="1584" VPOS="2577" WIDTH="50" HEIGHT="35" CONTENT="de" WC="1.00" CC="00"/>
						<SP ID="P28_SP00398" HPOS="1634" VPOS="2622" WIDTH="13"/>
						<String ID="P28_ST00436" HPOS="1647" VPOS="2576" WIDTH="185" HEIGHT="36" CONTENT="fanfares" WC="1.00" CC="00000400"/>
						<SP ID="P28_SP00399" HPOS="1832" VPOS="2622" WIDTH="18"/>
						<String ID="P28_ST00437" HPOS="1850" VPOS="2577" WIDTH="199" HEIGHT="47" CONTENT="enivrées," WC="1.00" CC="200005120"/>
						<SP ID="P28_SP00400" HPOS="2049" VPOS="2624" WIDTH="23"/>
						<String ID="P28_ST00438" HPOS="2072" VPOS="2577" WIDTH="68" HEIGHT="47" CONTENT="qui" WC="0.97" CC="070"/>
					</TextLine>
					<TextLine ID="P28_TL00037" HPOS="108" VPOS="2644" WIDTH="846" HEIGHT="46">
						<String ID="P28_ST00439" HPOS="108" VPOS="2646" WIDTH="222" HEIGHT="44" CONTENT="préparent" WC="1.00" CC="000000008"/>
						<SP ID="P28_SP00401" HPOS="330" VPOS="2690" WIDTH="20"/>
						<String ID="P28_ST00440" HPOS="350" VPOS="2644" WIDTH="270" HEIGHT="37" CONTENT="l'irrésistible" WC="1.00" CC="04170000002070"/>
						<SP ID="P28_SP00402" HPOS="620" VPOS="2690" WIDTH="22"/>
						<String ID="P28_ST00441" HPOS="642" VPOS="2646" WIDTH="93" HEIGHT="35" CONTENT="élan" WC="1.00" CC="0200"/>
						<SP ID="P28_SP00403" HPOS="735" VPOS="2690" WIDTH="20"/>
						<String ID="P28_ST00442" HPOS="755" VPOS="2646" WIDTH="49" HEIGHT="35" CONTENT="de" WC="0.92" CC="01"/>
						<SP ID="P28_SP00404" HPOS="804" VPOS="2690" WIDTH="22"/>
						<String ID="P28_ST00443" HPOS="826" VPOS="2646" WIDTH="39" HEIGHT="35" CONTENT="la" WC="0.81" CC="30"/>
						<SP ID="P28_SP00405" HPOS="865" VPOS="2690" WIDTH="21"/>
						<String ID="P28_ST00444" HPOS="886" VPOS="2645" WIDTH="68" HEIGHT="38" CONTENT="fin." WC="0.98" CC="3313"/>
					</TextLine>
					<TextLine ID="P28_TL00038" HPOS="209" VPOS="2713" WIDTH="1928" HEIGHT="50">
						<String ID="P28_ST00445" HPOS="209" VPOS="2713" WIDTH="265" HEIGHT="36" CONTENT="L'exécution" WC="1.00" CC="00000000000"/>
						<SP ID="P28_SP00406" HPOS="474" VPOS="2749" WIDTH="22"/>
						<String ID="P28_ST00446" HPOS="496" VPOS="2714" WIDTH="49" HEIGHT="35" CONTENT="de" WC="1.00" CC="00"/>
						<SP ID="P28_SP00407" HPOS="545" VPOS="2749" WIDTH="24"/>
						<String ID="P28_ST00447" HPOS="569" VPOS="2714" WIDTH="41" HEIGHT="35" CONTENT="la" WC="1.00" CC="00"/>
						<SP ID="P28_SP00408" HPOS="610" VPOS="2749" WIDTH="21"/>
						<String ID="P28_ST00448" HPOS="631" VPOS="2714" WIDTH="255" HEIGHT="48" CONTENT="Symphonie" WC="0.99" CC="052300140" STYLEREFS="TXT_3"/>
						<SP ID="P28_SP00409" HPOS="886" VPOS="2762" WIDTH="20"/>
						<String ID="P28_ST00449" HPOS="906" VPOS="2714" WIDTH="255" HEIGHT="49" CONTENT="pathétique" WC="0.99" CC="0760763380" STYLEREFS="TXT_3"/>
						<SP ID="P28_SP00410" HPOS="1161" VPOS="2763" WIDTH="21"/>
						<String ID="P28_ST00450" HPOS="1182" VPOS="2714" WIDTH="50" HEIGHT="36" CONTENT="de" WC="0.91" CC="01"/>
						<SP ID="P28_SP00411" HPOS="1232" VPOS="2763" WIDTH="30"/>
						<String ID="P28_ST00451" HPOS="1262" VPOS="2714" WIDTH="325" HEIGHT="48" CONTENT="Tschaïkowsky" WC="0.74" CC="500608300060"/>
						<SP ID="P28_SP00412" HPOS="1587" VPOS="2763" WIDTH="24"/>
						<String ID="P28_ST00452" HPOS="1611" VPOS="2720" WIDTH="64" HEIGHT="30" CONTENT="est" WC="1.00" CC="000"/>
						<SP ID="P28_SP00413" HPOS="1675" VPOS="2763" WIDTH="21"/>
						<String ID="P28_ST00453" HPOS="1696" VPOS="2714" WIDTH="239" HEIGHT="37" CONTENT="excellente." WC="1.00" CC="05001100000"/>
						<SP ID="P28_SP00414" HPOS="1935" VPOS="2763" WIDTH="26"/>
						<String ID="P28_ST00454" HPOS="1961" VPOS="2714" WIDTH="110" HEIGHT="36" CONTENT="Mais" WC="1.00" CC="0010"/>
						<SP ID="P28_SP00415" HPOS="2071" VPOS="2763" WIDTH="22"/>
						<String ID="P28_ST00455" HPOS="2093" VPOS="2714" WIDTH="44" HEIGHT="47" CONTENT="je" WC="0.95" CC="00"/>
					</TextLine>
					<TextLine ID="P28_TL00039" HPOS="109" VPOS="2779" WIDTH="2030" HEIGHT="52">
						<String ID="P28_ST00456" HPOS="109" VPOS="2779" WIDTH="79" HEIGHT="37" CONTENT="n'ai" WC="0.99" CC="0402"/>
						<SP ID="P28_SP00416" HPOS="188" VPOS="2816" WIDTH="14"/>
						<String ID="P28_ST00457" HPOS="202" VPOS="2780" WIDTH="153" HEIGHT="47" CONTENT="jamais" WC="1.00" CC="000002"/>
						<SP ID="P28_SP00417" HPOS="355" VPOS="2827" WIDTH="22"/>
						<String ID="P28_ST00458" HPOS="377" VPOS="2793" WIDTH="56" HEIGHT="35" CONTENT="pu" WC="0.89" CC="02"/>
						<SP ID="P28_SP00418" HPOS="433" VPOS="2828" WIDTH="22"/>
						<String ID="P28_ST00459" HPOS="455" VPOS="2784" WIDTH="151" HEIGHT="45" CONTENT="goûter" WC="1.00" CC="000005"/>
						<SP ID="P28_SP00419" HPOS="606" VPOS="2829" WIDTH="16"/>
						<String ID="P28_ST00460" HPOS="622" VPOS="2788" WIDTH="106" HEIGHT="30" CONTENT="cette" WC="1.00" CC="03000"/>
						<SP ID="P28_SP00420" HPOS="728" VPOS="2829" WIDTH="25"/>
						<String ID="P28_ST00461" HPOS="753" VPOS="2794" WIDTH="152" HEIGHT="25" CONTENT="œuvre." WC="1.00" CC="000003"/>
						<SP ID="P28_SP00421" HPOS="905" VPOS="2829" WIDTH="25"/>
						<String ID="P28_ST00462" HPOS="930" VPOS="2784" WIDTH="55" HEIGHT="35" CONTENT="Le" WC="1.00" CC="00"/>
						<SP ID="P28_SP00422" HPOS="985" VPOS="2829" WIDTH="30"/>
						<String ID="P28_ST00463" HPOS="1015" VPOS="2784" WIDTH="106" HEIGHT="47" CONTENT="style" WC="0.98" CC="06040"/>
						<SP ID="P28_SP00423" HPOS="1121" VPOS="2831" WIDTH="23"/>
						<String ID="P28_ST00464" HPOS="1144" VPOS="2788" WIDTH="64" HEIGHT="31" CONTENT="est" WC="0.99" CC="200"/>
						<SP ID="P28_SP00424" HPOS="1208" VPOS="2831" WIDTH="18"/>
						<String ID="P28_ST00465" HPOS="1226" VPOS="2783" WIDTH="185" HEIGHT="48" CONTENT="hybride," WC="0.99" CC="50023004"/>
						<SP ID="P28_SP00425" HPOS="1411" VPOS="2831" WIDTH="26"/>
						<String ID="P28_ST00466" HPOS="1437" VPOS="2788" WIDTH="40" HEIGHT="30" CONTENT="et" WC="1.00" CC="00"/>
						<SP ID="P28_SP00426" HPOS="1477" VPOS="2831" WIDTH="22"/>
						<String ID="P28_ST00467" HPOS="1499" VPOS="2783" WIDTH="36" HEIGHT="36" CONTENT="le" WC="0.86" CC="20"/>
						<SP ID="P28_SP00427" HPOS="1535" VPOS="2831" WIDTH="24"/>
						<String ID="P28_ST00468" HPOS="1559" VPOS="2782" WIDTH="221" HEIGHT="37" CONTENT="sentiment" WC="1.00" CC="014000120"/>
						<SP ID="P28_SP00428" HPOS="1780" VPOS="2831" WIDTH="21"/>
						<String ID="P28_ST00469" HPOS="1801" VPOS="2782" WIDTH="222" HEIGHT="37" CONTENT="médiocre." WC="1.00" CC="000001000"/>
						<SP ID="P28_SP00429" HPOS="2023" VPOS="2831" WIDTH="28"/>
						<String ID="P28_ST00470" HPOS="2051" VPOS="2783" WIDTH="88" HEIGHT="36" CONTENT="Elle" WC="0.98" CC="2400"/>
					</TextLine>
					<TextLine ID="P28_TL00040" HPOS="108" VPOS="2850" WIDTH="2029" HEIGHT="48">
						<String ID="P28_ST00471" HPOS="108" VPOS="2859" WIDTH="50" HEIGHT="24" CONTENT="ne" WC="0.59" CC="43"/>
						<SP ID="P28_SP00430" HPOS="158" VPOS="2883" WIDTH="22"/>
						<String ID="P28_ST00472" HPOS="180" VPOS="2860" WIDTH="177" HEIGHT="35" CONTENT="manque" WC="1.00" CC="000030"/>
						<SP ID="P28_SP00431" HPOS="357" VPOS="2895" WIDTH="31"/>
						<String ID="P28_ST00473" HPOS="388" VPOS="2862" WIDTH="79" HEIGHT="35" CONTENT="pas" WC="1.00" CC="000"/>
						<SP ID="P28_SP00432" HPOS="467" VPOS="2897" WIDTH="31"/>
						<String ID="P28_ST00474" HPOS="498" VPOS="2850" WIDTH="49" HEIGHT="36" CONTENT="de" WC="0.91" CC="01"/>
						<SP ID="P28_SP00433" HPOS="547" VPOS="2897" WIDTH="28"/>
						<String ID="P28_ST00475" HPOS="575" VPOS="2851" WIDTH="128" HEIGHT="43" CONTENT="force," WC="0.99" CC="430000"/>
						<SP ID="P28_SP00434" HPOS="703" VPOS="2897" WIDTH="25"/>
						<String ID="P28_ST00476" HPOS="728" VPOS="2851" WIDTH="40" HEIGHT="35" CONTENT="ni" WC="0.72" CC="50"/>
						<SP ID="P28_SP00435" HPOS="768" VPOS="2897" WIDTH="22"/>
						<String ID="P28_ST00477" HPOS="790" VPOS="2852" WIDTH="49" HEIGHT="35" CONTENT="de" WC="0.94" CC="01"/>
						<SP ID="P28_SP00436" HPOS="839" VPOS="2897" WIDTH="24"/>
						<String ID="P28_ST00478" HPOS="863" VPOS="2851" WIDTH="207" HEIGHT="37" CONTENT="sincérité." WC="1.00" CC="0200040000"/>
						<SP ID="P28_SP00437" HPOS="1070" VPOS="2897" WIDTH="26"/>
						<String ID="P28_ST00479" HPOS="1096" VPOS="2852" WIDTH="111" HEIGHT="35" CONTENT="Mais" WC="1.00" CC="0020"/>
						<SP ID="P28_SP00438" HPOS="1207" VPOS="2897" WIDTH="25"/>
						<String ID="P28_ST00480" HPOS="1232" VPOS="2852" WIDTH="101" HEIGHT="36" CONTENT="c'est" WC="0.99" CC="04040"/>
						<SP ID="P28_SP00439" HPOS="1333" VPOS="2897" WIDTH="24"/>
						<String ID="P28_ST00481" HPOS="1357" VPOS="2864" WIDTH="78" HEIGHT="24" CONTENT="une" WC="1.00" CC="000"/>
						<SP ID="P28_SP00440" HPOS="1435" VPOS="2897" WIDTH="28"/>
						<String ID="P28_ST00482" HPOS="1463" VPOS="2852" WIDTH="114" HEIGHT="36" CONTENT="force" WC="0.99" CC="36000"/>
						<SP ID="P28_SP00441" HPOS="1577" VPOS="2897" WIDTH="32"/>
						<String ID="P28_ST00483" HPOS="1609" VPOS="2857" WIDTH="41" HEIGHT="30" CONTENT="et" WC="1.00" CC="00"/>
						<SP ID="P28_SP00442" HPOS="1650" VPOS="2897" WIDTH="21"/>
						<String ID="P28_ST00484" HPOS="1671" VPOS="2864" WIDTH="77" HEIGHT="24" CONTENT="une" WC="0.97" CC="600"/>
						<SP ID="P28_SP00443" HPOS="1748" VPOS="2897" WIDTH="24"/>
						<String ID="P28_ST00485" HPOS="1772" VPOS="2852" WIDTH="193" HEIGHT="35" CONTENT="sincérité" WC="0.99" CC="122004300"/>
						<SP ID="P28_SP00444" HPOS="1965" VPOS="2897" WIDTH="19"/>
						<String ID="P28_ST00486" HPOS="1984" VPOS="2864" WIDTH="51" HEIGHT="23" CONTENT="un" WC="0.41" CC="56"/>
						<SP ID="P28_SP00445" HPOS="2035" VPOS="2897" WIDTH="20"/>
						<String ID="P28_ST00487" HPOS="2055" VPOS="2863" WIDTH="82" HEIGHT="35" CONTENT="peu" WC="0.98" CC="006"/>
					</TextLine>
					<TextLine ID="P28_TL00041" HPOS="105" VPOS="2916" WIDTH="2030" HEIGHT="52">
						<String ID="P28_ST00488" HPOS="105" VPOS="2916" WIDTH="224" HEIGHT="47" CONTENT="vulgaires," WC="1.00" CC="0009000004"/>
						<SP ID="P28_SP00446" HPOS="329" VPOS="2963" WIDTH="24"/>
						<String ID="P28_ST00489" HPOS="353" VPOS="2930" WIDTH="96" HEIGHT="24" CONTENT="sans" WC="0.98" CC="0043"/>
						<SP ID="P28_SP00447" HPOS="449" VPOS="2963" WIDTH="24"/>
						<String ID="P28_ST00490" HPOS="473" VPOS="2919" WIDTH="241" HEIGHT="36" CONTENT="distinction" WC="1.00" CC="02000000030"/>
						<SP ID="P28_SP00448" HPOS="714" VPOS="2963" WIDTH="24"/>
						<String ID="P28_ST00491" HPOS="738" VPOS="2920" WIDTH="49" HEIGHT="35" CONTENT="de" WC="0.82" CC="03"/>
						<SP ID="P28_SP00449" HPOS="787" VPOS="2963" WIDTH="24"/>
						<String ID="P28_ST00492" HPOS="811" VPOS="2932" WIDTH="110" HEIGHT="24" CONTENT="cœur" WC="0.98" CC="0360"/>
						<SP ID="P28_SP00450" HPOS="921" VPOS="2963" WIDTH="17"/>
						<String ID="P28_ST00493" HPOS="938" VPOS="2920" WIDTH="40" HEIGHT="35" CONTENT="ni" WC="0.83" CC="03"/>
						<SP ID="P28_SP00451" HPOS="978" VPOS="2963" WIDTH="24"/>
						<String ID="P28_ST00494" HPOS="1002" VPOS="2921" WIDTH="122" HEIGHT="42" CONTENT="d'art," WC="1.00" CC="040000"/>
						<SP ID="P28_SP00452" HPOS="1124" VPOS="2963" WIDTH="25"/>
						<String ID="P28_ST00495" HPOS="1149" VPOS="2933" WIDTH="98" HEIGHT="23" CONTENT="sans" WC="1.00" CC="0000"/>
						<SP ID="P28_SP00453" HPOS="1247" VPOS="2963" WIDTH="22"/>
						<String ID="P28_ST00496" HPOS="1269" VPOS="2921" WIDTH="126" HEIGHT="36" CONTENT="réelle" WC="1.00" CC="300100"/>
						<SP ID="P28_SP00454" HPOS="1395" VPOS="2963" WIDTH="21"/>
						<String ID="P28_ST00497" HPOS="1416" VPOS="2920" WIDTH="251" HEIGHT="48" CONTENT="originalité." WC="1.00" CC="045030032000"/>
						<SP ID="P28_SP00455" HPOS="1667" VPOS="2968" WIDTH="23"/>
						<String ID="P28_ST00498" HPOS="1690" VPOS="2921" WIDTH="83" HEIGHT="35" CONTENT="Car" WC="1.00" CC="000"/>
						<SP ID="P28_SP00456" HPOS="1773" VPOS="2968" WIDTH="15"/>
						<String ID="P28_ST00499" HPOS="1788" VPOS="2921" WIDTH="102" HEIGHT="35" CONTENT="c'est" WC="1.00" CC="03000"/>
						<SP ID="P28_SP00457" HPOS="1890" VPOS="2968" WIDTH="18"/>
						<String ID="P28_ST00500" HPOS="1908" VPOS="2932" WIDTH="77" HEIGHT="24" CONTENT="une" WC="0.97" CC="700"/>
						<SP ID="P28_SP00458" HPOS="1985" VPOS="2968" WIDTH="23"/>
						<String ID="P28_ST00501" HPOS="2008" VPOS="2920" WIDTH="127" HEIGHT="36" CONTENT="faible" WC="0.99" CC="601040"/>
					</TextLine>
					<TextLine ID="P28_TL00042" HPOS="108" VPOS="2983" WIDTH="2026" HEIGHT="53">
						<String ID="P28_ST00502" HPOS="108" VPOS="2983" WIDTH="246" HEIGHT="48" CONTENT="originalité," WC="1.00" CC="010000061004"/>
						<SP ID="P28_SP00459" HPOS="354" VPOS="3031" WIDTH="26"/>
						<String ID="P28_ST00503" HPOS="380" VPOS="2991" WIDTH="40" HEIGHT="30" CONTENT="et" WC="1.00" CC="00"/>
						<SP ID="P28_SP00460" HPOS="420" VPOS="3031" WIDTH="18"/>
						<String ID="P28_ST00504" HPOS="438" VPOS="2987" WIDTH="94" HEIGHT="35" CONTENT="bien" WC="1.00" CC="0000"/>
						<SP ID="P28_SP00461" HPOS="532" VPOS="3031" WIDTH="29"/>
						<String ID="P28_ST00505" HPOS="561" VPOS="2988" WIDTH="122" HEIGHT="36" CONTENT="facile" WC="1.00" CC="000030"/>
						<SP ID="P28_SP00462" HPOS="683" VPOS="3031" WIDTH="25"/>
						<String ID="P28_ST00506" HPOS="708" VPOS="2990" WIDTH="23" HEIGHT="34" CONTENT="à" WC="0.33" CC="6"/>
						<SP ID="P28_SP00463" HPOS="731" VPOS="3031" WIDTH="23"/>
						<String ID="P28_ST00507" HPOS="754" VPOS="2989" WIDTH="220" HEIGHT="43" CONTENT="atteindre," WC="1.00" CC="0020600303"/>
						<SP ID="P28_SP00464" HPOS="974" VPOS="3032" WIDTH="25"/>
						<String ID="P28_ST00508" HPOS="999" VPOS="3002" WIDTH="79" HEIGHT="34" CONTENT="que" WC="0.97" CC="070"/>
						<SP ID="P28_SP00465" HPOS="1078" VPOS="3036" WIDTH="24"/>
						<String ID="P28_ST00509" HPOS="1102" VPOS="2990" WIDTH="103" HEIGHT="35" CONTENT="celle" WC="1.00" CC="00200"/>
						<SP ID="P28_SP00466" HPOS="1205" VPOS="3036" WIDTH="35"/>
						<String ID="P28_ST00510" HPOS="1240" VPOS="2995" WIDTH="93" HEIGHT="30" CONTENT="tout" WC="1.00" CC="0200"/>
						<SP ID="P28_SP00467" HPOS="1333" VPOS="3036" WIDTH="32"/>
						<String ID="P28_ST00511" HPOS="1365" VPOS="2990" WIDTH="241" HEIGHT="45" CONTENT="extérieure," WC="1.00" CC="00005400204"/>
						<SP ID="P28_SP00468" HPOS="1606" VPOS="3036" WIDTH="22"/>
						<String ID="P28_ST00512" HPOS="1628" VPOS="2989" WIDTH="69" HEIGHT="47" CONTENT="qui" WC="1.00" CC="000"/>
						<SP ID="P28_SP00469" HPOS="1697" VPOS="3036" WIDTH="22"/>
						<String ID="P28_ST00513" HPOS="1719" VPOS="2989" WIDTH="181" HEIGHT="36" CONTENT="consiste" WC="1.00" CC="00300000"/>
						<SP ID="P28_SP00470" HPOS="1900" VPOS="3036" WIDTH="33"/>
						<String ID="P28_ST00514" HPOS="1933" VPOS="2991" WIDTH="21" HEIGHT="33" CONTENT="à" WC="1.00" CC="0"/>
						<SP ID="P28_SP00471" HPOS="1954" VPOS="3036" WIDTH="31"/>
						<String ID="P28_ST00515" HPOS="1985" VPOS="2994" WIDTH="149" HEIGHT="31" CONTENT="mettre" WC="0.99" CC="000630"/>
					</TextLine>
					<TextLine ID="P28_TL00043" HPOS="105" VPOS="3052" WIDTH="2028" HEIGHT="54">
						<String ID="P28_ST00516" HPOS="105" VPOS="3052" WIDTH="182" HEIGHT="48" CONTENT="l'adagio" WC="1.00" CC="10000020"/>
						<SP ID="P28_SP00472" HPOS="287" VPOS="3100" WIDTH="24"/>
						<String ID="P28_ST00517" HPOS="311" VPOS="3055" WIDTH="23" HEIGHT="33" CONTENT="à" WC="0.50" CC="4"/>
						<SP ID="P28_SP00473" HPOS="334" VPOS="3100" WIDTH="22"/>
						<String ID="P28_ST00518" HPOS="356" VPOS="3054" WIDTH="41" HEIGHT="35" CONTENT="la" WC="1.00" CC="00"/>
						<SP ID="P28_SP00474" HPOS="397" VPOS="3100" WIDTH="21"/>
						<String ID="P28_ST00519" HPOS="418" VPOS="3054" WIDTH="54" HEIGHT="35" CONTENT="fin" WC="0.96" CC="117"/>
						<SP ID="P28_SP00475" HPOS="472" VPOS="3100" WIDTH="20"/>
						<String ID="P28_ST00520" HPOS="492" VPOS="3060" WIDTH="40" HEIGHT="30" CONTENT="et" WC="1.00" CC="00"/>
						<SP ID="P28_SP00476" HPOS="532" VPOS="3100" WIDTH="22"/>
						<String ID="P28_ST00521" HPOS="554" VPOS="3056" WIDTH="34" HEIGHT="34" CONTENT="le" WC="0.86" CC="20"/>
						<SP ID="P28_SP00477" HPOS="588" VPOS="3100" WIDTH="33"/>
						<String ID="P28_ST00522" HPOS="621" VPOS="3056" WIDTH="122" HEIGHT="36" CONTENT="finale" WC="1.00" CC="220000"/>
						<SP ID="P28_SP00478" HPOS="743" VPOS="3100" WIDTH="30"/>
						<String ID="P28_ST00523" HPOS="773" VPOS="3068" WIDTH="53" HEIGHT="24" CONTENT="au" WC="0.71" CC="05"/>
						<SP ID="P28_SP00479" HPOS="826" VPOS="3100" WIDTH="23"/>
						<String ID="P28_ST00524" HPOS="849" VPOS="3057" WIDTH="150" HEIGHT="37" CONTENT="milieu." WC="0.99" CC="0555000"/>
						<SP ID="P28_SP00480" HPOS="999" VPOS="3100" WIDTH="37"/>
						<String ID="P28_ST00525" HPOS="1036" VPOS="3057" WIDTH="49" HEIGHT="49" CONTENT="Je" WC="1.00" CC="00"/>
						<SP ID="P28_SP00481" HPOS="1085" VPOS="3106" WIDTH="27"/>
						<String ID="P28_ST00526" HPOS="1112" VPOS="3059" WIDTH="85" HEIGHT="34" CONTENT="suis" WC="0.99" CC="0003"/>
						<SP ID="P28_SP00482" HPOS="1197" VPOS="3106" WIDTH="23"/>
						<String ID="P28_ST00527" HPOS="1220" VPOS="3057" WIDTH="230" HEIGHT="37" CONTENT="convaincu" WC="0.99" CC="023002105"/>
						<SP ID="P28_SP00483" HPOS="1450" VPOS="3106" WIDTH="21"/>
						<String ID="P28_ST00528" HPOS="1471" VPOS="3070" WIDTH="79" HEIGHT="34" CONTENT="que" WC="0.99" CC="001"/>
						<SP ID="P28_SP00484" HPOS="1550" VPOS="3106" WIDTH="28"/>
						<String ID="P28_ST00529" HPOS="1578" VPOS="3059" WIDTH="40" HEIGHT="35" CONTENT="la" WC="0.97" CC="00"/>
						<SP ID="P28_SP00485" HPOS="1618" VPOS="3106" WIDTH="30"/>
						<String ID="P28_ST00530" HPOS="1648" VPOS="3063" WIDTH="110" HEIGHT="30" CONTENT="mort" WC="1.00" CC="0020"/>
						<SP ID="P28_SP00486" HPOS="1758" VPOS="3106" WIDTH="32"/>
						<String ID="P28_ST00531" HPOS="1790" VPOS="3057" WIDTH="50" HEIGHT="35" CONTENT="de" WC="0.90" CC="01"/>
						<SP ID="P28_SP00487" HPOS="1840" VPOS="3106" WIDTH="22"/>
						<String ID="P28_ST00532" HPOS="1862" VPOS="3057" WIDTH="190" HEIGHT="42" CONTENT="l'auteur," WC="1.00" CC="000000014"/>
						<SP ID="P28_SP00488" HPOS="2052" VPOS="3106" WIDTH="27"/>
						<String ID="P28_ST00533" HPOS="2079" VPOS="3070" WIDTH="54" HEIGHT="24" CONTENT="un" WC="0.97" CC="00"/>
					</TextLine>
					<TextLine ID="P28_TL00044" HPOS="105" VPOS="3120" WIDTH="2032" HEIGHT="53">
						<String ID="P28_ST00534" HPOS="105" VPOS="3120" WIDTH="104" HEIGHT="36" CONTENT="mois" WC="1.00" CC="0010"/>
						<SP ID="P28_SP00489" HPOS="209" VPOS="3156" WIDTH="33"/>
						<String ID="P28_ST00535" HPOS="242" VPOS="3123" WIDTH="120" HEIGHT="44" CONTENT="après" WC="0.98" CC="00470"/>
						<SP ID="P28_SP00490" HPOS="362" VPOS="3167" WIDTH="36"/>
						<String ID="P28_ST00536" HPOS="398" VPOS="3122" WIDTH="41" HEIGHT="36" CONTENT="la" WC="1.00" CC="00"/>
						<SP ID="P28_SP00491" HPOS="439" VPOS="3167" WIDTH="28"/>
						<String ID="P28_ST00537" HPOS="467" VPOS="3123" WIDTH="201" HEIGHT="46" CONTENT="première" WC="1.00" CC="03003000"/>
						<SP ID="P28_SP00492" HPOS="668" VPOS="3169" WIDTH="37"/>
						<String ID="P28_ST00538" HPOS="705" VPOS="3125" WIDTH="218" HEIGHT="35" CONTENT="exécution" WC="0.99" CC="004060800"/>
						<SP ID="P28_SP00493" HPOS="923" VPOS="3169" WIDTH="33"/>
						<String ID="P28_ST00539" HPOS="956" VPOS="3126" WIDTH="50" HEIGHT="35" CONTENT="de" WC="1.00" CC="00"/>
						<SP ID="P28_SP00494" HPOS="1006" VPOS="3169" WIDTH="31"/>
						<String ID="P28_ST00540" HPOS="1037" VPOS="3137" WIDTH="74" HEIGHT="24" CONTENT="son" WC="1.00" CC="000"/>
						<SP ID="P28_SP00495" HPOS="1111" VPOS="3169" WIDTH="20"/>
						<String ID="P28_ST00541" HPOS="1131" VPOS="3137" WIDTH="157" HEIGHT="36" CONTENT="œuvre," WC="0.99" CC="050004"/>
						<SP ID="P28_SP00496" HPOS="1288" VPOS="3173" WIDTH="27"/>
						<String ID="P28_ST00542" HPOS="1315" VPOS="3132" WIDTH="63" HEIGHT="30" CONTENT="est" WC="1.00" CC="000"/>
						<SP ID="P28_SP00497" HPOS="1378" VPOS="3173" WIDTH="28"/>
						<String ID="P28_ST00543" HPOS="1406" VPOS="3126" WIDTH="41" HEIGHT="35" CONTENT="la" WC="0.87" CC="20"/>
						<SP ID="P28_SP00498" HPOS="1447" VPOS="3173" WIDTH="32"/>
						<String ID="P28_ST00544" HPOS="1479" VPOS="3137" WIDTH="125" HEIGHT="24" CONTENT="cause" WC="1.00" CC="20000"/>
						<SP ID="P28_SP00499" HPOS="1604" VPOS="3173" WIDTH="22"/>
						<String ID="P28_ST00545" HPOS="1626" VPOS="3125" WIDTH="231" HEIGHT="47" CONTENT="principale" WC="1.00" CC="0202050000"/>
						<SP ID="P28_SP00500" HPOS="1857" VPOS="3173" WIDTH="23"/>
						<String ID="P28_ST00546" HPOS="1880" VPOS="3126" WIDTH="49" HEIGHT="36" CONTENT="de" WC="1.00" CC="00"/>
						<SP ID="P28_SP00501" HPOS="1929" VPOS="3173" WIDTH="29"/>
						<String ID="P28_ST00547" HPOS="1958" VPOS="3125" WIDTH="179" HEIGHT="38" CONTENT="l'intérêt" WC="0.99" CC="000000556"/>
					</TextLine>
					<TextLine ID="P28_TL00045" HPOS="103" VPOS="3191" WIDTH="2032" HEIGHT="52">
						<String ID="P28_ST00548" HPOS="103" VPOS="3200" WIDTH="275" HEIGHT="36" CONTENT="romanesque" WC="1.00" CC="5200000000"/>
						<SP ID="P28_SP00502" HPOS="378" VPOS="3236" WIDTH="22"/>
						<String ID="P28_ST00549" HPOS="400" VPOS="3191" WIDTH="68" HEIGHT="47" CONTENT="qui" WC="1.00" CC="000"/>
						<SP ID="P28_SP00503" HPOS="468" VPOS="3238" WIDTH="27"/>
						<String ID="P28_ST00550" HPOS="495" VPOS="3192" WIDTH="171" HEIGHT="35" CONTENT="attache" WC="1.00" CC="0000060"/>
						<SP ID="P28_SP00504" HPOS="666" VPOS="3238" WIDTH="20"/>
						<String ID="P28_ST00551" HPOS="686" VPOS="3203" WIDTH="78" HEIGHT="25" CONTENT="une" WC="0.98" CC="060"/>
						<SP ID="P28_SP00505" HPOS="764" VPOS="3238" WIDTH="29"/>
						<String ID="P28_ST00552" HPOS="793" VPOS="3193" WIDTH="134" HEIGHT="46" CONTENT="partie" WC="1.00" CC="000020"/>
						<SP ID="P28_SP00506" HPOS="927" VPOS="3239" WIDTH="23"/>
						<String ID="P28_ST00553" HPOS="950" VPOS="3193" WIDTH="53" HEIGHT="35" CONTENT="du" WC="0.90" CC="01"/>
						<SP ID="P28_SP00507" HPOS="1003" VPOS="3239" WIDTH="18"/>
						<String ID="P28_ST00554" HPOS="1021" VPOS="3193" WIDTH="140" HEIGHT="47" CONTENT="public" WC="1.00" CC="000000"/>
						<SP ID="P28_SP00508" HPOS="1161" VPOS="3240" WIDTH="31"/>
						<String ID="P28_ST00555" HPOS="1192" VPOS="3195" WIDTH="24" HEIGHT="33" CONTENT="à" WC="0.62" CC="3"/>
						<SP ID="P28_SP00509" HPOS="1216" VPOS="3240" WIDTH="19"/>
						<String ID="P28_ST00556" HPOS="1235" VPOS="3199" WIDTH="107" HEIGHT="30" CONTENT="cette" WC="1.00" CC="00000"/>
						<SP ID="P28_SP00510" HPOS="1342" VPOS="3240" WIDTH="23"/>
						<String ID="P28_ST00557" HPOS="1365" VPOS="3193" WIDTH="259" HEIGHT="49" CONTENT="symphonie," WC="0.99" CC="1000605301"/>
						<SP ID="P28_SP00511" HPOS="1624" VPOS="3242" WIDTH="20"/>
						<String ID="P28_ST00558" HPOS="1644" VPOS="3195" WIDTH="94" HEIGHT="46" CONTENT="plus" WC="0.99" CC="0600"/>
						<SP ID="P28_SP00512" HPOS="1738" VPOS="3242" WIDTH="23"/>
						<String ID="P28_ST00559" HPOS="1761" VPOS="3194" WIDTH="374" HEIGHT="49" CONTENT="mélodramatique" WC="1.00" CC="00000600002001"/>
					</TextLine>
					<TextLine ID="P28_TL00046" HPOS="107" VPOS="3259" WIDTH="356" HEIGHT="46">
						<String ID="P28_ST00560" HPOS="107" VPOS="3268" WIDTH="76" HEIGHT="34" CONTENT="que" WC="1.00" CC="000"/>
						<SP ID="P28_SP00513" HPOS="183" VPOS="3302" WIDTH="22"/>
						<String ID="P28_ST00561" HPOS="205" VPOS="3259" WIDTH="258" HEIGHT="46" CONTENT="pathétique." WC="1.00" CC="00000000000"/>
					</TextLine>
					<TextLine ID="P28_TL00047" HPOS="200" VPOS="3325" WIDTH="1933" HEIGHT="58">
						<String ID="P28_ST00562" HPOS="200" VPOS="3325" WIDTH="43" HEIGHT="36" CONTENT="Yd" WC="0.43" CC="82" STYLEREFS="TXT_3"/>
						<SP ID="P28_SP00514" HPOS="243" VPOS="3361" WIDTH="6"/>
						<String ID="P28_ST00563" HPOS="249" VPOS="3331" WIDTH="222" HEIGHT="34" CONTENT="ouverture" WC="0.99" CC="000606009" STYLEREFS="TXT_3"/>
						<SP ID="P28_SP00515" HPOS="471" VPOS="3365" WIDTH="23"/>
						<String ID="P28_ST00564" HPOS="494" VPOS="3329" WIDTH="49" HEIGHT="35" CONTENT="de" WC="0.69" CC="06" STYLEREFS="TXT_3"/>
						<SP ID="P28_SP00516" HPOS="543" VPOS="3365" WIDTH="23"/>
						<String ID="P28_ST00565" HPOS="566" VPOS="3330" WIDTH="207" HEIGHT="42" CONTENT="Manfred" WC="0.78" CC="0642000" STYLEREFS="TXT_3"/>
						<SP ID="P28_SP00517" HPOS="773" VPOS="3372" WIDTH="22"/>
						<String ID="P28_ST00566" HPOS="795" VPOS="3330" WIDTH="244" HEIGHT="47" CONTENT="complétait" WC="1.00" CC="0000200000"/>
						<SP ID="P28_SP00518" HPOS="1039" VPOS="3377" WIDTH="28"/>
						<String ID="P28_ST00567" HPOS="1067" VPOS="3332" WIDTH="36" HEIGHT="35" CONTENT="le" WC="0.98" CC="00"/>
						<SP ID="P28_SP00519" HPOS="1103" VPOS="3377" WIDTH="20"/>
						<String ID="P28_ST00568" HPOS="1123" VPOS="3342" WIDTH="281" HEIGHT="36" CONTENT="programme," WC="1.00" CC="0000000054"/>
						<SP ID="P28_SP00520" HPOS="1404" VPOS="3378" WIDTH="23"/>
						<String ID="P28_ST00569" HPOS="1427" VPOS="3343" WIDTH="102" HEIGHT="25" CONTENT="avec" WC="1.00" CC="0000"/>
						<SP ID="P28_SP00521" HPOS="1529" VPOS="3378" WIDTH="19"/>
						<String ID="P28_ST00570" HPOS="1548" VPOS="3332" WIDTH="37" HEIGHT="35" CONTENT="le" WC="1.00" CC="00"/>
						<SP ID="P28_SP00522" HPOS="1585" VPOS="3378" WIDTH="21"/>
						<String ID="P28_ST00571" HPOS="1606" VPOS="3333" WIDTH="190" HEIGHT="47" CONTENT="premier" WC="0.99" CC="0033040" STYLEREFS="TXT_3"/>
						<SP ID="P28_SP00523" HPOS="1796" VPOS="3380" WIDTH="16"/>
						<String ID="P28_ST00572" HPOS="1812" VPOS="3337" WIDTH="192" HEIGHT="33" CONTENT="concerto" WC="0.99" CC="50050009" STYLEREFS="TXT_3"/>
						<SP ID="P28_SP00524" HPOS="2004" VPOS="3380" WIDTH="19"/>
						<String ID="P28_ST00573" HPOS="2023" VPOS="3339" WIDTH="110" HEIGHT="44" CONTENT="pour" WC="0.97" CC="0660" STYLEREFS="TXT_3"/>
					</TextLine>
					<TextLine ID="P28_TL00048" HPOS="101" VPOS="3395" WIDTH="2030" HEIGHT="56">
						<String ID="P28_ST00574" HPOS="101" VPOS="3395" WIDTH="128" HEIGHT="45" CONTENT="piano" WC="0.99" CC="00320" STYLEREFS="TXT_3"/>
						<SP ID="P28_SP00525" HPOS="229" VPOS="3440" WIDTH="24"/>
						<String ID="P28_ST00575" HPOS="253" VPOS="3395" WIDTH="50" HEIGHT="36" CONTENT="de" WC="1.00" CC="00"/>
						<SP ID="P28_SP00526" HPOS="303" VPOS="3440" WIDTH="18"/>
						<String ID="P28_ST00576" HPOS="321" VPOS="3395" WIDTH="288" HEIGHT="50" CONTENT="Saint-Saëns," WC="0.83" CC="002403005004"/>
						<SP ID="P28_SP00527" HPOS="609" VPOS="3445" WIDTH="26"/>
						<String ID="P28_ST00577" HPOS="635" VPOS="3398" WIDTH="32" HEIGHT="36" CONTENT="si" WC="0.88" CC="02"/>
						<SP ID="P28_SP00528" HPOS="667" VPOS="3445" WIDTH="17"/>
						<String ID="P28_ST00578" HPOS="684" VPOS="3398" WIDTH="191" HEIGHT="48" CONTENT="joliment" WC="1.00" CC="03000001"/>
						<SP ID="P28_SP00529" HPOS="875" VPOS="3446" WIDTH="23"/>
						<String ID="P28_ST00579" HPOS="898" VPOS="3400" WIDTH="222" HEIGHT="47" CONTENT="classique," WC="1.00" CC="0000020002"/>
						<SP ID="P28_SP00530" HPOS="1120" VPOS="3447" WIDTH="26"/>
						<String ID="P28_ST00580" HPOS="1146" VPOS="3412" WIDTH="76" HEIGHT="35" CONTENT="que" WC="1.00" CC="000"/>
						<SP ID="P28_SP00531" HPOS="1222" VPOS="3447" WIDTH="21"/>
						<String ID="P28_ST00581" HPOS="1243" VPOS="3400" WIDTH="44" HEIGHT="36" CONTENT="M" WC="1.00" CC="0"/>
						<String ID="P28_ST00582" HPOS="1291" VPOS="3406" WIDTH="45" HEIGHT="17" CONTENT="me" STYLE="superscript" WC="0.36" CC="93"/>
						<SP ID="P28_SP00532" HPOS="1336" VPOS="3447" WIDTH="24"/>
						<String ID="P28_ST00583" HPOS="1360" VPOS="3400" WIDTH="150" HEIGHT="36" CONTENT="Berthe" WC="0.85" CC="530000"/>
						<SP ID="P28_SP00533" HPOS="1510" VPOS="3447" WIDTH="25"/>
						<String ID="P28_ST00584" HPOS="1535" VPOS="3400" WIDTH="441" HEIGHT="39" CONTENT="Marx-Goldschmidt" WC="0.86" CC="0046410000000400"/>
						<SP ID="P28_SP00534" HPOS="1976" VPOS="3447" WIDTH="19"/>
						<String ID="P28_ST00585" HPOS="1995" VPOS="3415" WIDTH="24" HEIGHT="24" CONTENT="a" WC="1.00" CC="0"/>
						<SP ID="P28_SP00535" HPOS="2019" VPOS="3447" WIDTH="17"/>
						<String ID="P28_ST00586" HPOS="2036" VPOS="3404" WIDTH="95" HEIGHT="47" CONTENT="joué" WC="0.97" CC="4550"/>
					</TextLine>
					<TextLine ID="P28_TL00049" HPOS="101" VPOS="3461" WIDTH="980" HEIGHT="53">
						<String ID="P28_ST00587" HPOS="101" VPOS="3461" WIDTH="263" HEIGHT="48" CONTENT="simplement" WC="1.00" CC="5400000050"/>
						<SP ID="P28_SP00536" HPOS="364" VPOS="3509" WIDTH="28"/>
						<String ID="P28_ST00588" HPOS="392" VPOS="3471" WIDTH="38" HEIGHT="30" CONTENT="et" WC="1.00" CC="00"/>
						<SP ID="P28_SP00537" HPOS="430" VPOS="3509" WIDTH="19"/>
						<String ID="P28_ST00589" HPOS="449" VPOS="3473" WIDTH="232" HEIGHT="41" CONTENT="purement," WC="1.00" CC="001000004"/>
						<SP ID="P28_SP00538" HPOS="681" VPOS="3514" WIDTH="26"/>
						<String ID="P28_ST00590" HPOS="707" VPOS="3480" WIDTH="160" HEIGHT="24" CONTENT="comme" WC="1.00" CC="03000"/>
						<SP ID="P28_SP00539" HPOS="867" VPOS="3514" WIDTH="23"/>
						<String ID="P28_ST00591" HPOS="890" VPOS="3468" WIDTH="27" HEIGHT="36" CONTENT="il" WC="1.00" CC="00"/>
						<SP ID="P28_SP00540" HPOS="917" VPOS="3514" WIDTH="19"/>
						<String ID="P28_ST00592" HPOS="936" VPOS="3468" WIDTH="145" HEIGHT="37" CONTENT="fallait." WC="0.99" CC="00460202"/>
					</TextLine>
				</TextBlock>
				<TextBlock ID="P28_TB00006" HPOS="1551" VPOS="3518" WIDTH="423" HEIGHT="42" STYLEREFS="TXT_4 PAR_RIGHT">
					<TextLine ID="P28_TL00050" HPOS="1554" VPOS="3520" WIDTH="418" HEIGHT="39">
						<String ID="P28_ST00593" HPOS="1554" VPOS="3520" WIDTH="174" HEIGHT="37" CONTENT="ROMAIN" WC="0.98" CC="435600"/>
						<SP ID="P28_SP00541" HPOS="1728" VPOS="3557" WIDTH="22"/>
						<String ID="P28_ST00594" HPOS="1750" VPOS="3521" WIDTH="222" HEIGHT="38" CONTENT="ROLLAND." WC="0.99" CC="00305560"/>
					</TextLine>
				</TextBlock>
			</PrintSpace>
		</Page>
	</Layout>
</alto>
