2270 3746
543 195 94 33 LES
670 195 336 33 PRINCIPAUX
1042 183 265 46 SYSTÈMES
1343 185 384 55 D'ESTHÉTIQUE

2050 206 87 40 403

125 303 181 46 système
329 301 49 35 de
398 300 78 37 lois
499 301 128 36 fixant
649 314 77 24 une
754 302 131 35 forme
912 301 243 46 immuable;
1185 308 39 30 et
1253 303 62 35 s'il
1338 315 48 24 en
1409 308 63 31 est
1494 303 119 47 ainsi,
1638 303 103 37 c'est
1762 316 77 35 que
1856 305 92 36 l'art
1969 306 172 37 musical

128 376 62 29 est
213 374 126 31 avant
363 374 93 31 tout
478 370 130 36 moral
628 376 41 30 et
689 370 167 37 humain
873 381 8 35 ;
910 370 102 36 c'est
1041 370 95 46 qu'il
1159 376 87 30 sort
1267 371 72 36 des
1360 371 275 47 profondeurs
1661 372 53 36 du
1738 373 233 46 sentiment,
1999 381 41 29 et
2061 388 80 24 non

127 438 93 36 d'un
247 438 145 36 calcul.

1110 507 47 34 II

174 612 217 35 Comment
421 611 37 36 le
494 611 108 48 sujet
633 611 84 47 (qui
750 610 196 49 calcule!)
981 611 179 47 prend-il
1196 611 299 38 connaissance
1532 613 72 36 des
1637 619 195 42 rapports
1867 614 275 37 vibratoires?

125 679 125 36 Entre
276 685 119 30 notre
418 680 129 46 esprit
575 684 40 31 et
639 680 60 35 les
727 678 305 36 combinaisons
1060 678 226 48 objectives
1316 680 71 35 des
1419 691 111 35 sons,
1555 681 67 47 n'y
1653 682 116 35 a-t-il
1792 694 75 34 pas
1896 694 54 24 un
1978 682 164 36 hiatus?

124 748 218 36 Comment
374 748 183 36 combler
590 746 163 37 l'abîme
788 746 68 47 qui
891 748 144 45 sépare
1069 747 38 35 le
1140 746 82 37 moi
1257 748 337 37 mathématicien
1628 749 54 36 du
1715 750 217 36 non-moi?
1966 751 38 35 A
2035 756 107 31 cette

124 817 208 46 question,
357 817 238 35 Helmholtz
621 815 51 48 (1)
696 815 135 36 donne
857 827 78 24 une
964 818 177 43 réponse
1164 827 77 35 que
1269 828 102 23 nous
1394 816 132 35 allons
1550 828 172 36 exposer
1744 823 42 31 et
1808 819 179 36 discuter
2007 830 7 24 :
2041 819 101 37 c'est

124 886 40 34 la
186 885 157 36 théorie
362 884 323 48 physiologique
708 884 49 35 de
779 884 94 35 l'art
895 883 189 37 musical.

326 971 50 48 (A
407 970 174 45 suivre.)

1520 972 127 47 Jules
1676 971 264 38 Combarieu.

183 1250 632 79 MUSIQUE
912 1250 1190 74 CONTEMPORAINE

132 1442 308 44 Académie
455 1442 290 42 nationale
756 1442 69 42 de
844 1442 265 54 Musique
1124 1454 10 30 :
1157 1454 19 29 «
1190 1442 85 42 les
1289 1444 290 42 Barbares
1594 1460 37 33 »,
1644 1442 256 54 tragédie
1917 1444 228 54 lyrique

229 1529 70 30 en
329 1517 32 42 3
389 1520 163 41 actes
574 1520 56 39 et
661 1528 80 31 un
766 1517 292 54 prologue,
1084 1516 67 42 de
1174 1517 53 41 C.
1254 1516 369 42 Saint-Saëns
1654 1522 211 49 (partition
1890 1535 103 36 pour
2020 1525 124 47 piano

232 1597 41 31 et
300 1590 132 51 chant,
454 1590 22 51 I
498 1590 89 51 vol.
613 1602 67 39 291
701 1602 41 36 p.
765 1596 42 31 et
828 1602 18 25 2
869 1590 269 49 phototypies
1155 1591 96 36 chez
1273 1591 51 36 A.
1349 1591 172 36 Durand
1542 1596 41 31 et
1603 1591 78 43 fils,
1706 1591 212 50 éditeurs).

233 1716 78 49 J'ai
342 1716 94 47 déjà
463 1716 116 45 parlé
609 1716 54 34 du
691 1715 120 35 livret
840 1715 72 35 des
934 1716 212 35 Barbares
1152 1743 8 17 ,
1191 1715 49 35 de
1268 1726 64 24 ses
1364 1716 115 34 côtés
1501 1715 164 46 faibles,
1696 1721 40 29 et
1764 1716 49 35 de
1843 1728 45 24 ce
1917 1717 231 36 doucereux

136 1784 226 36 Marcomir
391 1783 83 47 qui,
499 1789 228 41 manquant
750 1783 49 35 de
819 1783 145 46 vérité,
995 1788 256 41 compromet
1272 1794 53 24 un
1346 1794 80 35 peu
1452 1784 35 34 le
1510 1783 156 36 drame.
1693 1783 214 48 Essayons
1930 1785 50 34 de
2007 1796 120 25 carac-

133 1853 147 35 tériser
300 1853 39 35 la
360 1851 220 48 partition;
599 1851 42 47 je
670 1851 200 44 l'admire,
896 1852 77 35 elle
1000 1851 231 45 m'éblouit;
1256 1851 104 35 mais
1384 1857 145 30 autant
1557 1851 26 35 il
1606 1853 119 34 m'est
1753 1853 197 46 agréable
1978 1854 49 36 de
2053 1855 79 35 l'en-

132 1921 143 35 tendre
298 1921 114 35 louer
433 1931 77 36 par
532 1919 148 45 autrui,
707 1924 146 32 autant
868 1919 41 48 je
931 1924 145 31 trouve
1093 1919 164 36 difficile
1280 1920 49 35 de
1352 1920 41 34 la
1409 1919 122 48 juger
1552 1920 235 36 moi-même
1806 1933 100 24 avec
1928 1922 220 46 précision.

132 1989 118 36 Cette
278 1988 187 47 musique
489 1988 49 36 de
567 1987 271 37 Saint-Saëns
860 1988 82 36 m'a
959 1987 189 47 toujours
1169 1988 259 45 déconcerté,
1454 1999 47 24 en
1524 1999 64 24 me
1611 1989 230 35 charmant.
1871 1990 87 35 Elle
1981 2002 48 23 ne
2051 1991 99 35 livre

131 2069 76 35 pas
231 2057 201 36 aisément
451 2069 74 23 son
550 2062 153 38 secret;
722 2058 177 34 tâchons
922 2068 52 24 au
995 2056 133 35 moins
1149 2056 153 35 devoir
1324 2056 100 35 clair
1444 2056 103 35 dans
1569 2068 76 23 nos
1667 2068 172 35 propres
1862 2057 285 47 impressions.

135 2126 197 41 D'abord,
362 2125 42 47 je
431 2137 49 24 ne
508 2124 120 36 saisis
654 2137 76 34 pas
757 2124 109 44 bien,
893 2125 43 48 je
970 2124 178 44 l'avoue,
1185 2125 36 34 le
1252 2124 98 47 plan
1383 2124 72 35 des
1487 2124 214 36 Barbares
1707 2152 7 9 .
1749 2124 50 49 Je
1832 2126 204 35 m'étonne
2072 2138 78 35 que

132 2205 202 34 personne
357 2206 50 23 ne
428 2193 323 46 Tait'remarqué
773 2205 7 24 :
802 2194 59 34 les
884 2194 212 35 Barbares
1113 2193 201 35 semblent
1327 2194 85 33 être
1432 2193 41 34 la
1494 2192 293 47 juxtaposition
1801 2194 50 35 de
1868 2194 103 35 deux
1987 2206 163 25 œuvres

133 2266 278 42 appartenant
433 2263 23 33 à
478 2262 104 35 deux
601 2272 149 36 genres
773 2261 225 46 différents,
1023 2272 52 23 un
1094 2263 147 44 poème
1266 2260 300 47 symphonique
1588 2265 40 31 et
1649 2272 54 24 un
1727 2262 140 45 opéra.
1893 2262 78 36 Les
1993 2272 44 38 52
2061 2275 66 34 pre-

134 2329 144 36 mières
307 2340 132 37 pages
469 2329 49 35 de
547 2329 41 36 la
615 2329 200 46 partition
842 2340 103 24 nous
976 2334 94 30 sont
1096 2330 238 44 présentées
1364 2340 158 24 comme
1548 2340 54 24 un
1629 2342 19 19 «
1676 2330 201 47 prologue
1907 2344 18 19 »
1940 2342 8 33 ;
1978 2331 106 35 mais
2114 2333 35 35 le

130 2409 150 34 propre
304 2397 93 35 d'un
420 2397 203 46 prologue
647 2402 75 41 est,
743 2402 90 30 tout
859 2408 48 24 en
928 2398 227 45 préparant
1178 2407 51 25 au
1251 2397 140 35 drame
1413 2396 69 47 qui
1505 2408 52 24 va
1584 2396 150 47 suivre,
1758 2398 126 35 d'être
1909 2398 168 36 distinct
2100 2400 48 35 de

132 2477 46 24 ce
214 2465 139 35 drame
367 2478 7 29 ;
409 2476 59 35 or,
506 2476 45 24 ce
590 2465 104 35 n'est
724 2476 75 35 pas
833 2464 51 36 ici
917 2465 36 35 le
987 2476 71 24 cas
1084 2476 7 24 :
1126 2476 68 24 ces
1228 2473 44 38 52
1305 2476 127 36 pages
1463 2471 94 29 sont
1587 2476 76 24 une
1698 2466 197 46 synthèse
1931 2467 70 35 des
2037 2467 112 36 idées

131 2533 220 35 musicales
380 2533 50 35 de
458 2539 116 29 toute
606 2533 41 35 la
674 2533 204 47 tragédie.
904 2532 222 36 Sont-elles
1159 2533 102 35 donc
1290 2544 78 24 une
1401 2547 19 19 «
1447 2537 218 32 ouverture
1688 2532 49 38 »?
1770 2533 109 46 Non,
1909 2546 104 34 pour
2044 2536 104 35 deux

129 2601 179 36 raisons.
344 2601 108 35 Elles
489 2601 198 36 excèdent
727 2601 41 36 la
806 2612 160 24 mesure
1001 2601 203 44 normale;
1236 2613 48 23 en
1324 2606 129 42 outre,
1488 2613 46 24 ce
1573 2615 18 20 «
1616 2603 203 45 prologue
1846 2616 19 19 »
1902 2615 23 23 a
1962 2609 94 30 tous
2089 2605 58 34 les

130 2671 251 44 caractères,
406 2681 51 23 au
485 2669 117 46 point
623 2669 49 35 de
694 2681 78 24 vue
795 2669 49 36 de
868 2681 45 23 sa
944 2668 295 48 signification,
1261 2669 118 35 d'une
1403 2680 138 25 œuvre
1561 2670 205 45 complète
1785 2675 41 29 et
1846 2670 166 36 fermée.
2038 2671 83 36 Con-

129 2738 241 35 trairement
394 2748 77 24 aux
492 2737 218 35 habitudes
738 2737 53 35 du
819 2738 162 34 théâtre
1011 2737 172 47 lyrique,
1207 2736 104 36 mais
1341 2737 326 36 conformément
1689 2739 23 34 à
1742 2738 123 35 celles
1891 2738 48 35 de
1968 2739 39 35 la
2034 2751 84 35 sym-

125 2805 150 47 phonie
299 2806 49 35 de
370 2811 180 37 concert,
572 2817 53 23 un
645 2805 179 35 récitant
845 2817 26 35 y
891 2805 130 47 prend
1043 2805 40 35 la
1101 2805 139 47 parole
1263 2815 103 35 pour
1383 2815 172 37 exposer
1581 2806 36 35 le
1639 2805 108 47 sujet
1768 2810 40 31 et
1830 2806 157 36 donner
2005 2812 141 31 toutes

127 2874 59 35 les
210 2873 271 47 explications
505 2873 271 36 nécessaires.
802 2873 78 35 Les
902 2873 102 35 trois
1024 2878 114 30 actes
1161 2873 68 47 qui
1255 2873 161 35 suivent
1439 2879 95 29 sont
1555 2885 53 23 un
1628 2881 414 31 recommencement.
2069 2876 76 36 Ces

131 2942 104 35 deux
263 2953 162 25 œuvres
449 2942 252 46 pourraient,
734 2943 23 34 à
779 2941 41 36 la
838 2941 180 47 rigueur,
1046 2953 41 23 se
1115 2952 146 35 passer
1286 2942 107 35 l'une
1419 2941 49 36 de
1498 2941 158 40 l'autre.
1682 2942 53 35 Ce
1755 2942 201 37 dualisme
1979 2944 109 36 est-il
2110 2946 35 34 le

129 3010 176 36 résultat
327 3010 118 36 d'une
467 3010 195 36 fantaisie
691 3008 169 37 hardie?
886 3008 57 37 M.
970 3008 269 37 Saint-Saëns
1272 3009 158 36 avait-il
1459 3010 171 36 d'abord
1659 3022 130 33 conçu
1812 3023 74 24 son
1915 3012 107 47 sujet
2049 3024 97 24 sous

125 3078 127 36 forme
270 3078 50 36 de
338 3081 148 44 poème
511 3077 328 49 symphonique?
863 3076 151 37 S'est-il
1033 3076 124 37 laissé
1181 3079 207 34 entraîner
1411 3080 24 34 à
1454 3078 101 36 faire
1578 3090 80 25 une
1677 3079 152 49 longue
1850 3080 293 46 introduction,

130 3157 50 24 en
209 3147 288 47 symphoniste
524 3147 83 47 qui,
641 3152 166 30 sentant
829 3147 54 35 du
910 3151 99 31 vent
1038 3146 103 36 dans
1173 3158 46 24 sa
1246 3146 120 47 voile,
1394 3147 281 36 s'abandonne
1705 3150 24 34 à
1752 3160 45 24 sa
1826 3149 147 36 verve?
2005 3149 62 36 On
2096 3161 50 24 ne

129 3215 157 35 saurait
311 3215 38 35 le
379 3216 108 45 dire;
519 3227 48 24 en
605 3221 94 31 tout
728 3226 87 35 cas,
849 3214 27 36 il
908 3227 26 36 y
964 3226 24 24 a
1014 3215 41 35 là
1083 3227 53 24 un
1166 3215 121 37 mode
1324 3215 50 37 de
1401 3215 277 47 composition
1709 3217 69 46 qui
1806 3217 182 37 méritait
2018 3218 127 36 d'être

207 3343 40 36 (1)
268 3344 84 26 Pour
382 3347 54 31 lui,
468 3344 78 29 c'est
576 3348 30 25 le
637 3345 161 34 problème
829 3347 218 25 fondamental
1067 3356 6 17 :
1108 3356 13 14 «
1155 3366 31 7 ...
1213 3355 33 18 so
1278 3348 79 31 liegt
1381 3348 50 24 die
1456 3345 355 34 Hauptschwierigkeit
1836 3349 55 24 der
1915 3345 106 28 Euler'
2048 3349 96 24 sclien

131 3385 30 28 A
172 3388 96 25 isicht
285 3389 100 31 darin,
405 3391 72 24 dass
501 3398 58 24 gar
577 3391 88 24 nicht
689 3391 113 31 gesagt
825 3390 88 32 wird,
934 3391 59 25 wie
1017 3398 34 17 es
1075 3391 51 25 die
1151 3392 84 24 seele
1259 3392 82 24 denn
1367 3392 121 30 mâche,
1515 3392 72 24 dass
1614 3391 45 25 sie
1683 3391 50 25 die
1758 3389 331 28 Zahlenverliâltnisse
2111 3391 33 33 je

131 3431 76 26 zwei
225 3434 370 30 zusammenklingender
612 3432 88 27 Tone
717 3434 204 25 wahrnehme
940 3443 13 14 »
974 3431 9 37 (
989 3431 71 28 ibid
1065 3431 32 35 .).
1117 3432 94 28 Cette
1237 3435 157 31 question,
1426 3436 46 23 les
1489 3434 93 25 vieux
1600 3432 191 28 théoriciens
1815 3435 31 23 la
1870 3432 193 28 résolvaient
2088 3441 56 25 par

131 3482 60 18 une
210 3475 91 26 naïve
332 3474 185 34 métaphore
538 3486 5 17 :
572 3486 13 14 «
600 3479 61 30 per
672 3476 193 33 feuestram
884 3475 149 35 ccrporis
1038 3497 6 12 ,
1070 3478 239 26 delectabilium
1336 3485 105 19 rerum
1466 3478 141 26 suavitas
1632 3478 98 26 intrat
1756 3478 187 26 mirabiliter
1966 3478 178 33 pcnetralia

134 3519 103 25 cordis
256 3528 12 14 »
291 3517 74 37 (Gui
384 3518 164 34 d'Arezzo,
570 3518 231 36 Micrologus).
