2270 3746
765 200 240 43 MUSIQUE
1040 202 460 39 CONTEMPORAINE

2045 213 82 39 411

124 316 161 34 encore,
320 305 38 35 la
389 306 221 35 Fantaisie
641 318 106 34 pour
774 306 122 48 piano
930 313 40 30 et
1005 312 208 36 orchestre
1249 314 49 36 de
1322 315 58 34 M.
1418 315 121 35 Louis
1569 314 169 45 Aubert,
1774 315 48 34 né
1856 325 47 25 en
1931 314 114 48 1877;
2076 315 58 35 les

126 372 150 36 détails
300 372 216 48 ingénieux
537 374 66 46 n'y
621 374 90 35 font
729 386 75 35 pas
821 376 144 35 défaut
990 388 7 24 :
1023 390 52 22 on
1093 385 100 41 peut
1215 393 42 23 se
1276 382 145 46 plaire,
1439 393 76 36 par
1536 383 195 45 exemple,
1751 383 23 34 à
1797 387 106 31 cette
1922 382 213 36 ascension

123 440 282 47 chromatique
430 440 48 37 de
502 442 40 35 la
563 442 214 35 clarinette
795 454 79 35 que
897 444 37 35 le
959 445 139 46 piano,
1124 459 98 25 sous
1242 449 59 35 les
1328 449 139 47 doigts
1496 450 274 46 impeccables
1794 449 48 35 de
1872 449 58 36 M.
1957 450 174 42 Diémer,

125 508 269 48 enguirlande
417 520 80 25 non
522 521 95 24 sans
642 510 210 47 élégance.
878 511 55 35 Le
958 513 105 47 style
1092 520 63 30 est
1183 517 194 35 moderne
1401 519 23 33 à
1453 518 164 35 souhait
1641 529 7 24 :
1675 522 106 31 cette
1810 519 150 46 longue
1990 517 143 36 chaîne

123 576 49 35 de
194 576 149 36 tierces
379 577 205 48 majeures
616 579 184 46 rappelle
832 590 53 24 un
917 592 183 36 passage
1132 583 49 35 de
1213 585 40 34 la
1281 586 154 35 Sonate
1457 597 104 34 pour
1589 585 123 47 piano
1743 591 40 30 et
1816 585 242 36 violoncelle
2084 585 48 36 de

127 644 57 36 M.
222 645 249 46 Chevillard,
507 651 41 30 et
583 657 45 24 ce
659 659 18 20 «
708 647 143 35 choral
883 662 19 19 »
934 648 76 36 fait
1043 661 151 37 songer
1228 653 24 34 à
1287 653 40 34 la
1367 653 242 45 péroraison
1647 653 49 36 de
1726 654 40 35 la
1800 653 251 48 Symphonie
2086 654 47 35 de

125 712 231 38 Chausson.
384 713 106 36 Mais
508 726 52 23 on
588 715 224 35 cherchera
830 727 48 24 en
901 716 91 36 vain
1019 729 78 24 une
1120 718 90 35 idée
1235 720 200 45 profonde
1459 726 40 29 et
1516 720 67 46 qui
1609 720 205 47 s'impose,
1838 733 53 24 un
1917 722 217 35 sentiment

124 780 170 38 sincère.
318 781 56 36 M.
398 781 172 47 Aubert,
595 783 161 35 lauréat
784 783 54 36 du
859 784 331 48 Conservatoire,
1210 787 181 36 donnera
1418 787 150 46 mieux,
1592 800 102 23 nous
1724 789 172 34 voulons
1926 789 207 46 l'espérer.

123 849 66 35 Au
205 849 217 47 contraire,
447 850 104 36 dans
574 851 40 35 la
632 851 253 47 Symphonie
904 854 281 47 Fantastique
1192 883 7 17 ,
1228 856 133 45 quelle
1385 855 226 36 admirable
1630 861 41 30 et
1691 856 220 35 touchante
1934 856 197 45 sincérité,

124 917 130 45 quelle
284 917 167 36 chaleur
473 918 240 47 d'émotion,
736 920 132 46 quelle
890 920 217 47 puissance
1131 922 48 36 de
1201 925 152 44 pensée
1363 923 19 26 *
1405 924 35 34 Il
1466 929 62 30 est
1548 923 153 47 permis
1726 923 48 36 de
1801 923 102 36 faire
1927 926 24 33 à
1972 924 162 35 l'œuvre

124 985 198 46 quelques
349 987 239 46 reproches,
618 987 49 36 de
690 987 86 36 dire
795 1000 76 34 par
893 991 183 45 exemple
1174 1003 100 24 avec
1298 996 92 32 tout
1411 992 35 35 le
1475 991 148 36 monde
1715 1002 78 35 que
1822 991 35 35 le
1887 991 223 46 développe-

123 1058 112 30 ment
254 1058 62 31 est
339 1068 18 19 «
377 1055 91 45 plus
487 1054 197 37 littéraire
706 1067 78 34 que
805 1057 173 36 musical
994 1073 35 21 ».
1055 1058 106 36 Mais
1184 1058 183 47 d'abord,
1393 1061 100 34 c'est
1515 1072 77 35 que
1614 1060 160 36 Berlioz
1795 1060 53 35 l'a
1862 1060 127 34 voulu
2006 1058 101 36 ainsi
2124 1070 7 33 ;

125 1126 54 40 et,
200 1121 33 35 si
261 1122 41 35 la
323 1122 185 47 musique
525 1124 24 34 à
570 1134 266 36 programme
859 1126 159 46 appelle
1042 1126 49 36 de
1121 1127 143 35 faciles
1286 1127 303 47 plaisanteries,
1607 1128 37 35 le
1665 1129 144 45 poème
1834 1127 299 48 symphonique

122 1200 24 23 a
170 1188 108 37 droit
299 1191 23 33 à
346 1190 249 47 l'existence,
621 1197 40 30 et
687 1192 54 36 l'a
768 1192 93 36 bien
884 1195 169 44 prouvé.
1086 1194 94 36 Puis
1203 1195 40 35 la
1263 1195 250 47 Symphonie
1536 1196 280 47 Fantastique
1839 1195 163 36 est-elle
2028 1194 84 36 vrai-

125 1262 112 30 ment
260 1257 32 35 si
321 1269 80 35 peu
435 1258 196 36 musicale
649 1259 14 35 ?
702 1260 214 36 Comment
950 1273 224 35 prononcer
1205 1263 129 45 pareil
1364 1263 217 48 jugement
1613 1275 68 23 sur
1712 1275 78 23 une
1819 1274 138 24 œuvre
1988 1264 52 34 où
2074 1263 59 34 les

125 1324 113 36 idées
274 1326 256 46 mélodiques
567 1327 229 48 surgissent
826 1329 50 35 de
910 1334 136 31 toutes
1081 1336 130 41 parts,
1237 1336 38 30 et
1308 1331 154 45 vivent,
1495 1331 229 36 s'étendent
1752 1342 52 24 ou
1834 1342 41 24 se
1910 1330 226 36 déforment

128 1393 153 35 devant
315 1394 131 35 nous?
473 1396 52 34 où
552 1395 236 36 l'orchestre
818 1408 22 24 a
865 1408 53 24 un
944 1398 122 42 éclat,
1097 1409 53 24 un
1178 1399 118 35 relief
1315 1399 370 36 extraordinaires?
1717 1400 143 34 Est-ce
1882 1399 50 35 de
1960 1399 39 34 la
2023 1397 93 35 litté-

126 1466 139 30 rature
288 1472 77 36 que
397 1467 92 31 tout
518 1463 89 35 cela
626 1463 14 35 ?
671 1464 53 34 Et
750 1464 106 46 puis,
880 1465 205 46 pourquoi
1110 1471 92 31 tant
1232 1467 180 35 discuter
1426 1467 13 35 ?
1463 1467 34 35 Il
1524 1472 101 30 vaut
1648 1466 135 36 mieux
1806 1468 166 34 écouter
1997 1467 116 35 naïve-

128 1534 112 30 ment
261 1535 40 29 et
318 1541 96 24 sans
435 1530 208 48 regimber
662 1536 141 31 contre
826 1531 223 46 l'émotion,
1081 1545 68 24 ces
1171 1535 193 34 hautbois
1397 1534 68 46 qui
1489 1546 42 23 se
1562 1534 242 47 répondent,
1829 1539 41 30 et
1898 1534 100 35 dont
2020 1533 116 35 l'idée

128 1596 90 41 fixe,
236 1608 186 36 reparue,
440 1597 246 47 interrompt
707 1599 35 35 le
761 1599 212 48 dialogue;
997 1606 106 29 cette
1126 1602 166 35 marche
1314 1601 261 47 implacable,
1600 1613 46 24 ce
1667 1602 104 35 Dies
1795 1602 73 34 irœ
1890 1601 151 35 scandé
2063 1611 77 35 par

128 1664 41 35 la
190 1665 143 35 cloche
365 1665 190 48 lugubre.
581 1666 56 36 M.
664 1666 182 36 Colonne
877 1667 224 47 interprète
1127 1680 99 24 avec
1255 1674 116 31 toute
1402 1669 40 36 la
1469 1669 235 36 conviction
1727 1674 40 29 et
1798 1668 176 35 l'ardeur
1995 1669 120 34 néces-

130 1731 105 37 saire
258 1743 67 25 ces
341 1745 131 36 pages
492 1733 281 47 saisissantes,
798 1735 68 46 qui
881 1741 93 29 sont
995 1738 206 44 peut-être
1217 1736 37 35 le
1270 1737 291 36 chef-d'œuvre
1583 1737 53 35 du
1657 1736 269 36 romantisme
1943 1734 194 45 français.

1868 1803 45 35 L.
1945 1804 45 34 L.

244 2041 275 43 Concerts
553 2042 370 43 Lamoureux
955 2056 9 29 :
1000 2044 155 41 Deux
1186 2046 312 40 nocturnes
1531 2044 66 42 de
1633 2044 73 41 M.
1743 2044 282 52 Debussy.

133 2115 89 42 Un
275 2118 198 40 contre
515 2127 134 31 sens
689 2116 59 54 (?)
785 2129 103 30 sur
928 2118 53 41 la
1029 2118 143 41 «IX
1175 2121 14 18 e
1235 2118 402 52 symphonie»
1684 2118 68 41 de
1793 2117 343 42 Beethoven.

230 2263 76 36 Ces
335 2269 221 30 nocturnes
583 2269 94 31 sont
712 2265 139 46 exquis
875 2275 7 26 :
913 2277 78 24 une
1016 2270 131 31 trame
1172 2266 270 47 harmonique
1466 2268 51 34 où
1541 2271 173 42 passent
1748 2272 40 29 et
1824 2270 218 42 repassent
2070 2265 71 36 des

127 2331 163 47 quintes
319 2333 143 34 naïves
488 2338 40 29 et
550 2332 206 43 raffinées,
788 2338 85 30 sert
899 2333 51 35 de
979 2339 173 41 support
1179 2335 24 34 à
1232 2345 76 24 une
1340 2334 197 47 plaintive
1566 2334 184 46 mélopée
1779 2333 49 36 de
1858 2345 70 24 cor
1956 2332 159 48 anglais
2132 2342 8 35 ;

127 2400 92 47 puis
241 2401 39 34 la
309 2400 98 35 flûte
435 2400 149 36 chante
614 2402 24 34 à
667 2413 73 23 son
768 2406 108 36 tour,
899 2402 91 45 plus
1020 2402 144 44 douce,
1188 2402 91 46 plus
1306 2402 183 47 apaisée,
1515 2407 40 30 et
1581 2414 44 24 ce
1649 2407 105 38 sont,
1778 2402 31 35 si
1840 2401 80 36 l'on
1948 2406 110 38 veut,
2083 2400 58 35 les

127 2480 161 36 nuages
309 2468 66 47 qui
399 2468 246 37 s'amassent
667 2474 39 30 et
729 2480 41 25 se
791 2468 201 47 dissipent
1014 2481 51 24 ou
1084 2482 41 23 se
1143 2471 258 44 décolorent;
1426 2470 100 36 c'est
1546 2475 162 30 surtout
1729 2481 77 24 une
1823 2469 99 48 jolie
1941 2468 198 46 musique'

125 2537 242 46 pénétrante
400 2541 40 30 et
480 2536 246 49 distinguée.
766 2537 67 35 Un
871 2537 122 36 motif
1029 2537 111 48 agité
1183 2550 102 24 nous
1322 2538 113 47 peint
1469 2550 77 24 une
1583 2537 112 44 Fête,
1729 2549 77 34 que
1844 2543 185 30 traverse
2066 2547 77 24 une

126 2605 157 35 fanfare
306 2605 207 46 imprévue
543 2611 41 29 et
604 2605 233 47 gracieuse.
860 2606 50 34 Et
939 2605 119 46 enfin,
1078 2617 68 23 sur
1167 2618 54 23 un
1242 2607 160 46 rythme
1425 2617 175 36 presque
1628 2605 296 44 insaisissable,
1950 2605 194 35 chantent

128 2673 74 36 des
221 2672 172 37 Sirènes
405 2684 9 34 ;
436 2673 210 46 trompées
668 2684 76 35 par
762 2673 59 35 les
847 2672 213 36 inflexions
1078 2673 321 47 chromatiques,
1424 2686 67 24 ces
1515 2675 303 35 charmeresses
1839 2673 89 35 font
1949 2671 195 37 entendre

130 2741 73 36 des
226 2741 224 36 demi-tons
475 2742 245 45 augmentés
743 2745 40 31 et
811 2741 71 35 des
907 2745 93 31 tons
1027 2741 199 36 diminués
1251 2743 66 45 qui
1345 2754 48 24 ne
1416 2753 64 25 me
1502 2741 232 47 déplaisent
1757 2752 76 36 pas
1851 2751 8 34 ;
1876 2741 42 47 je
1940 2750 130 35 songe
2093 2750 51 24 au

132 2823 19 20 <(
172 2809 238 47 diatonique
440 2809 209 37 surbaissé
673 2823 18 19 »
726 2813 39 31 et
793 2820 52 24 au
875 2822 18 20 «
915 2809 282 47 chromatique
1225 2811 267 45 sesquialtère
1512 2823 36 33 »,
1573 2811 117 35 chers
1715 2821 78 25 aux
1814 2806 332 48 contemporains

132 2879 49 36 de
205 2878 224 36 Périclès...
454 2877 117 37 Cette
592 2876 156 37 rêverie
771 2882 63 30 est
856 2876 275 48 interrompue
1153 2889 77 36 par
1251 2879 36 35 le
1313 2879 134 36 fracas
1473 2879 70 35 des
1570 2877 313 47 acclamations,
1908 2875 237 47 auxquelles

132 2960 43 23 se
213 2947 152 35 mêlent
405 2946 198 47 quelques
646 2945 311 37 exclamations.
997 2945 47 49 Je
1082 2958 50 24 ne
1171 2947 83 36 sais
1290 2959 75 35 pas
1406 2947 93 36 bien
1545 2958 45 24 ce
1638 2958 75 35 que
1755 2947 79 35 l'on
1878 2945 196 47 reproche
2122 2947 24 34 à

131 3016 58 37 M.
217 3016 207 47 Debussy.
450 3015 62 36 De
540 3026 50 24 ne
623 3026 78 35 pas
734 3014 248 47 développer
1003 3026 65 24 ses
1097 3016 159 36 thèmes
1273 3017 15 36 ?
1313 3016 108 37 Mais
1446 3016 97 36 telle
1566 3021 64 30 est
1656 3016 41 35 la
1724 3014 54 37 loi
1811 3015 50 36 de
1889 3014 40 35 la
1960 3013 186 47 musique

129 3085 269 46 pittoresque.
424 3083 62 36 De
516 3082 246 49 surprendre
791 3082 168 37 l'oreille
984 3094 75 35 par
1085 3084 72 36 des
1188 3085 259 36 successions
1470 3084 192 36 d'accord
1683 3082 288 49 irrégulières?
1994 3082 48 47 Je
2070 3081 77 35 n'ai

129 3153 84 35 rien
236 3154 228 45 remarqué,
489 3152 101 36 dans
614 3163 69 25 ces
708 3152 151 47 petites
881 3151 153 48 pièces,
1063 3153 66 46 qui
1157 3165 49 24 ne
1231 3154 63 35 fût
1316 3153 291 48 parfaitement
1626 3151 197 44 musical;
1849 3156 40 31 et
1917 3154 127 42 quant
2072 3161 75 23 aux

129 3221 135 46 règles
287 3221 49 35 de
365 3221 257 46 l'harmonie,
647 3221 158 35 chacun
840 3220 79 36 sait
941 3232 92 35 que,
1056 3221 48 35 de
1132 3226 93 31 tout
1252 3227 149 41 temps,
1426 3222 99 35 elles
1551 3221 112 34 n'ont
1686 3219 126 36 existé
1842 3229 76 35 que
1937 3228 104 35 pour
2063 3218 84 33 être

129 3288 205 36 franchies
370 3291 25 33 à
429 3289 221 36 l'occasion
670 3300 8 35 ;
714 3289 113 35 Bach
868 3300 49 24 en
956 3294 63 30 est
1059 3290 40 34 la
1137 3302 169 34 preuve.
1344 3290 66 35 Un
1449 3288 133 36 voisin
1614 3287 212 46 obligeant
1860 3283 219 46 m'indique
2108 3284 39 34 la

130 3357 112 36 vraie
273 3357 155 36 raison.
463 3357 57 37 M.
546 3357 197 47 Debussy
774 3361 63 31 est
870 3368 53 24 un
953 3362 217 39 novateur,
1205 3363 202 31 novateur
1436 3356 27 35 il
1493 3360 172 32 restera.
1696 3354 34 34 Il
1762 3359 63 29 est
1856 3353 49 35 de
1944 3350 202 37 notoriété

132 3425 193 47 publique
358 3437 77 35 que
472 3437 47 24 sa
546 3425 188 46 musique
760 3430 62 30 est
854 3425 189 45 obscure,
1076 3431 188 37 savante,
1295 3424 173 48 pénible,
1496 3422 181 36 hérissée
1706 3422 49 35 de
1782 3421 233 36 difficultés.
2040 3418 107 37 Mais

136 3495 108 35 alors
261 3493 204 47 pourquoi
483 3493 112 36 venir
616 3492 251 38 l'entendre?
