2270 3746
119 175 86 54 386

905 181 65 33 LE
1003 179 350 34 BACCHU-BER

117 292 166 37 estrade
307 303 48 24 en
376 291 213 46 planches,
614 288 208 37 d'environ
846 288 61 36 six
924 300 76 36 pas
1022 288 48 36 de
1094 288 159 46 chaque
1276 287 113 44 côté;
1409 286 72 36 des
1498 285 242 49 guirlandes
1762 290 40 31 et
1819 285 73 35 des
1916 296 231 25 couronnes

120 361 49 36 de
201 361 174 36 verdure
406 365 94 30 sont
532 358 257 47 suspendues
825 370 48 23 en
908 364 161 30 travers
1101 357 49 36 de
1184 357 39 35 la
1250 357 141 47 place;
1424 355 59 36 six
1510 355 127 47 petits
1667 355 142 46 sapins
1841 355 191 35 dressent
2060 355 88 35 leur

117 430 197 45 feuillage
342 429 163 35 sombre
536 433 151 30 autour
714 427 52 36 du
795 427 209 46 plancher.
1027 426 76 36 Ces
1131 425 141 48 sapins
1362 425 101 35 c'est
1492 435 146 25 encore
1671 435 78 24 une
1777 423 201 36 tradition
2075 428 72 31 ont

121 499 64 35 été
208 499 154 46 coupés
386 498 39 34 la
444 496 88 35 nuit
554 496 103 36 dans
679 496 40 35 la
739 495 107 36 forêt
869 495 172 46 voisine,
1064 500 39 30 et
1124 494 91 36 cela
1237 505 97 24 sans
1357 505 78 35 que
1455 493 59 35 les
1535 492 198 36 danseurs
1757 492 68 47 qui
1847 492 59 36 les
1932 497 95 32 sont
2043 492 102 35 allés

120 567 175 46 prendre
318 578 48 24 en
389 570 167 32 eussent
579 569 276 31 aucunement
876 564 41 35 la
947 564 245 47 permission
1218 575 7 23 :
1257 563 102 35 c'est
1385 573 105 36 pour
1512 573 75 24 eux
1608 573 160 24 comme
1791 573 53 24 un
1868 562 109 36 droit
1998 573 79 35 que
2106 562 40 34 la

122 642 188 30 coutume
326 648 21 23 a
364 635 244 36 sanctionné
622 647 7 30 ;
651 634 49 36 ils
718 646 42 24 se
781 634 221 36 croiraient
1022 633 252 36 déshonorés
1297 632 60 35 s'il
1379 632 88 35 leur
1479 630 133 37 fallait
1635 631 224 35 s'abaisser
1881 632 24 34 à
1922 631 226 35 demander

121 717 78 24 une
221 705 260 47 permission,
512 706 38 34 et
580 715 97 24 sous
697 703 36 36 le
757 708 171 31 couvert
953 703 50 36 de
1030 701 209 37 l'autorité
1264 705 218 42 rapporter
1507 701 342 46 prosaïquement
1870 700 110 35 leurs
2005 700 142 36 arbres

122 785 48 24 en
192 773 108 48 plein
323 773 97 36 midi
435 772 7 37 !

223 842 58 36 La
308 842 109 36 foule
444 854 41 23 se
517 852 141 36 presse
688 840 101 36 dans
819 840 179 47 l'espace
1021 841 109 35 resté
1159 839 100 36 libre
1284 851 69 24 sur
1377 839 40 35 la
1441 838 134 48 place,
1601 837 104 36 ainsi
1729 838 150 47 qu'aux
1900 837 182 36 fenêtres
2107 843 40 30 et

121 922 67 26 sur
206 912 59 36 les
287 912 187 34 balcons.
501 910 88 36 Elle
615 915 64 30 est
702 909 84 37 très
810 909 247 47 composite.
1086 908 78 36 Les
1195 908 226 48 bourgeois
1445 908 49 35 de
1518 906 206 44 Briançon
1747 919 49 23 ne
1820 912 228 41 manquent
2069 919 77 34 pas

121 986 107 32 cette
251 992 90 24 rare
365 979 195 37 occasion
583 979 49 36 de
655 978 261 36 distraction.
946 979 84 34 Des
1050 977 215 47 touristes,
1291 978 300 46 quelques-uns
1609 978 103 35 dans
1735 978 108 35 leurs
1868 982 210 31 costumes
2099 977 49 36 de

121 1049 205 42 Tartarin,
350 1047 259 48 aujourd'hui
634 1048 207 45 aggravés
865 1047 49 35 de
936 1046 261 48 bicyclettes,
1222 1046 196 36 viennent
1438 1046 158 35 donner
1618 1058 52 23 un
1697 1047 153 47 regard
1872 1046 160 47 rapide,
2055 1046 93 47 puis

119 1122 212 42 repartent
347 1129 47 23 en
414 1117 211 47 pédalant.
658 1115 110 35 Mais
788 1115 35 35 le
846 1115 100 35 fond
964 1115 53 35 du
1039 1115 152 47 public,
1214 1115 102 36 c'est
1336 1116 36 35 le
1392 1115 148 47 peuple
1567 1128 7 23 :
1598 1115 306 47 montagnards
1928 1117 23 33 à
1972 1115 176 47 l'aspect

119 1186 99 35 rade
244 1191 40 30 et
312 1186 238 46 vigoureux,
571 1184 174 36 femmes
769 1195 79 24 aux
869 1183 153 47 figures
1040 1183 163 48 jaunes,
1230 1183 141 37 fanées
1395 1189 127 31 avant
1540 1185 122 47 l'âge,
1686 1186 148 46 parées
1858 1185 49 35 de
1930 1185 87 35 leur
2037 1184 111 36 fichu

119 1255 55 36 du
200 1255 229 45 dimanche,
464 1265 100 24 avec
589 1265 77 23 une
689 1264 147 36 grosse
862 1253 112 35 croix
999 1253 140 45 dorée,
1171 1258 42 30 et
1238 1253 168 36 coiffées
1440 1253 94 36 d'un
1561 1253 156 36 bonnet
1744 1253 103 43 noir,
1874 1252 199 37 s'élevant
2099 1265 48 24 en

118 1324 155 47 pointe,
291 1324 101 35 dont
414 1324 38 34 la
470 1322 131 36 forme
623 1321 185 47 rappelle
829 1322 49 35 de
897 1320 81 37 loin
994 1322 42 35 la
1052 1321 169 36 coiffure
1244 1322 73 35 des
1338 1322 145 47 doges.
1499 1322 80 36 Les
1602 1322 207 37 ouvrières
1828 1322 316 47 piémontaises,

119 1404 101 24 avec
249 1392 108 36 leurs
387 1391 162 36 colliers
573 1390 49 36 de
649 1390 225 36 verroterie
898 1397 42 29 et
973 1391 107 35 leurs
1112 1390 237 36 mouchoirs
1380 1392 24 34 à
1432 1392 125 35 fleurs
1587 1402 70 25 sur
1678 1392 38 35 la
1747 1393 100 44 tête,
1871 1396 176 31 mettent
2068 1403 78 24 une

117 1467 97 29 note
237 1461 93 47 plus
355 1459 90 36 vive
470 1460 105 35 dans
597 1460 37 34 le
656 1459 189 46 tableau;
867 1458 100 36 dont
986 1459 40 35 la
1047 1458 171 36 tonalité
1240 1460 198 47 générale
1461 1465 63 30 est
1547 1460 179 47 sombre,
1752 1465 40 30 et
1815 1460 67 47 qui
1904 1461 66 34 n'a
1990 1460 87 36 rien
2096 1461 49 35 de

117 1530 42 35 la
180 1527 185 49 vulgaire
387 1527 224 47 figuration
634 1527 397 47 d'opéra-comique.
1065 1527 84 35 Des
1170 1527 213 37 militaires
1413 1527 198 37 circulent
1632 1540 49 33 ça
1707 1534 41 30 et
1769 1529 55 36 là.
1853 1529 52 35 Et
1926 1540 159 25 comme
2109 1530 36 35 le

117 1596 277 38 modernisme
415 1608 48 24 ne
482 1596 103 48 perd
602 1595 152 49 jamais
772 1608 64 24 ses
858 1596 146 45 droits,
1034 1597 133 35 même
1190 1608 53 24 au
1265 1595 99 37 fond
1384 1597 71 35 des
1476 1597 329 47 Hautes-Alpes,
1830 1598 60 36 les
1911 1598 171 46 pétards
2106 1603 40 31 et

117 1667 58 34 les
200 1665 184 43 confetti,
409 1664 237 36 trouvailles
668 1665 191 35 notables
884 1665 49 35 de
953 1666 38 34 la
1011 1664 262 46 civilisation,
1295 1677 50 24 ne
1361 1671 230 41 manquent
1605 1677 77 35 pas
1705 1666 283 39 d'intervenir.

220 1734 74 35 Sur
325 1745 52 24 un
409 1734 107 35 banc
549 1734 120 46 placé
702 1734 36 35 le
769 1733 100 47 long
894 1733 95 35 d'un
1018 1733 72 35 des
1126 1735 115 34 côtés
1272 1734 52 35 du
1355 1735 201 46 plancher
1586 1734 197 36 viennent
1816 1735 194 36 s'asseoir
2043 1735 103 36 trois

117 1803 172 35 femmes
319 1802 143 35 sèches
495 1807 41 30 et
564 1813 96 24 sans
693 1802 165 45 beauté,
880 1813 147 24 encore
1046 1801 147 48 jeunes
1222 1807 212 41 pourtant,
1460 1807 40 30 et
1524 1814 82 24 non
1627 1814 96 24 sans
1749 1814 53 24 un
1826 1803 156 36 certain
2014 1803 59 36 air
2095 1803 49 36 de

116 1870 162 37 malice.
310 1870 110 35 Elles
449 1874 72 31 ont
555 1869 76 36 mis
657 1870 109 35 leurs
795 1870 92 45 plus
919 1870 133 35 beaux
1083 1869 138 36 habits
1238 1881 8 34 ;
1270 1870 119 46 mais,
1421 1870 166 37 suivant
1620 1871 40 36 la
1692 1871 122 36 mode
1844 1872 52 35 du
1924 1884 120 35 pays,
2076 1884 69 24 ces

114 1938 137 36 habits
285 1943 93 30 sont
416 1938 49 35 de
492 1938 190 35 couleurs
713 1938 183 36 foncées.
933 1938 33 35 Il
999 1939 157 35 semble
1188 1950 77 35 que
1300 1944 141 31 toutes
1477 1951 68 24 ces
1580 1941 330 46 montagnardes
1946 1941 200 36 veuillent

115 2012 148 30 mettre
292 2008 87 34 leur
408 2006 161 36 toilette
594 2018 48 24 en
667 2007 215 35 harmonie
912 2018 100 24 avec
1040 2007 42 35 la
1110 2008 168 34 couleur
1300 2008 54 35 du
1375 2020 191 36 paysage
1589 2009 68 46 qui
1680 2009 176 36 encadre
1889 2009 252 37 l'ensemble.

216 2075 61 36 La
298 2081 119 41 porte
448 2075 48 35 de
525 2075 212 47 l'auberge
767 2075 157 36 voisine
956 2075 175 46 s'ouvre,
1157 2081 40 30 et
1222 2076 59 35 les
1310 2077 103 35 trois
1435 2077 172 35 femmes
1632 2089 43 24 se
1704 2083 177 31 mettent
1900 2080 25 34 à
1947 2079 190 37 chanter.

119 2145 109 35 Elles
250 2143 90 36 font
365 2143 211 45 entendre,
601 2144 116 35 d'une
750 2143 94 36 voix
876 2143 139 42 faible,
1046 2143 104 36 mais
1178 2143 129 48 juste,
1336 2150 41 30 et
1401 2156 102 25 avec
1528 2146 217 47 beaucoup
1769 2146 266 47 d'ensemble,
2066 2159 78 24 une

119 2218 111 31 sorte
259 2213 49 35 de
340 2213 186 46 mélopée
561 2212 94 36 bien
686 2213 202 47 rythmée,
923 2215 220 43 composée
1172 2213 49 35 de
1253 2213 182 36 dix-neuf
1464 2226 184 25 mesures
1678 2218 24 33 à
1731 2216 104 36 deux
1862 2222 153 41 temps,
2046 2229 97 24 sans

119 2287 139 30 autres
281 2281 166 47 paroles
473 2292 78 36 que
582 2281 78 35 Tra
691 2282 41 34 la
768 2282 41 34 la
815 2308 9 9 .
855 2282 58 34 En
942 2283 132 34 même
1100 2286 135 42 temps
1265 2282 59 35 les
1351 2283 202 36 danseurs
1576 2284 90 35 font
1688 2284 88 36 leur
1798 2287 154 44 entrée,
1977 2285 94 36 bien
2093 2298 52 23 au

117 2361 91 35 pas,
237 2350 158 35 chacun
418 2354 144 31 tenant
590 2361 78 24 une
698 2351 100 45 épée
828 2351 24 34 à
879 2350 40 35 la
950 2349 126 47 main,
1109 2361 52 24 au
1185 2355 97 42 port
1307 2351 168 37 d'arme.
1499 2352 56 35 Ils
1589 2358 97 30 sont
1711 2353 144 36 coiffés
1888 2354 96 35 d'un
2011 2355 132 44 béret,

118 2420 119 33 vêtus
261 2418 92 35 d'un
375 2418 200 46 pantalon
597 2418 120 35 foncé
747 2423 40 31 et
816 2418 118 36 d'une
964 2418 146 47 simple
1143 2419 180 36 chemise
1354 2420 193 45 blanche,
1580 2433 97 24 sans
1704 2427 131 38 veste,
1860 2423 37 35 le
1925 2422 139 37 milieu
2093 2423 53 35 du

121 2498 121 35 corps
270 2488 170 35 entouré
471 2487 118 36 d'une
616 2488 116 47 large
760 2487 183 36 ceinture
970 2487 49 36 de
1042 2487 107 36 laine
1176 2488 134 36 bleue.
1337 2489 55 35 Ils
1419 2489 168 36 doivent
1606 2492 85 34 être
1721 2502 48 24 en
1792 2491 171 37 nombre
1982 2491 161 47 impair,

121 2567 36 36 9,
186 2567 37 24 II
251 2568 52 24 ou
330 2568 56 35 13.

221 2624 187 36 Pendant
432 2625 41 35 la
498 2624 200 46 première
726 2624 158 47 reprise
907 2624 55 36 du
990 2624 140 43 chant,
1154 2624 47 36 ils
1225 2627 93 34 sont
1344 2637 48 24 en
1423 2627 168 36 marche
1613 2633 41 31 et
1678 2640 43 24 se
1741 2629 184 35 forment
1944 2641 48 24 en
2013 2629 132 36 cercle

124 2698 150 30 autour
296 2693 52 35 du
367 2694 211 45 plancher.

222 2761 37 36 A
278 2762 39 35 la
334 2761 178 36 seconde
535 2761 169 47 reprise,
729 2761 47 36 ils
801 2773 43 24 se
866 2761 185 36 tiennent
1067 2762 247 48 immobiles,
1339 2775 48 24 en
1403 2764 118 47 rond,
1545 2771 199 32 tournant
1765 2767 38 35 le
1820 2766 75 36 dos
1920 2778 51 25 au
1994 2767 150 47 public,

122 2831 60 34 les
204 2830 165 47 pointes
392 2830 49 35 de
463 2830 110 35 leurs
592 2831 122 46 épées
737 2832 209 46 appuyées
970 2843 93 23 vers
1086 2832 40 35 la
1145 2836 122 35 terre.

223 2899 37 35 A
281 2900 41 35 la
344 2898 224 46 troisième,
592 2898 49 36 ils
663 2904 150 41 posent
834 2899 59 35 les
917 2901 122 45 épées
1065 2902 23 33 à
1110 2900 91 47 plat
1221 2912 77 35 par
1320 2907 119 31 terre.

223 2968 37 34 A
281 2968 38 35 la
332 2968 244 46 quatrième,
594 2967 50 36 ils
668 2973 246 41 reprennent
933 2968 58 36 les
1015 2970 137 45 épées,
1174 2974 53 42 et,
1253 2970 156 36 faisant
1431 2983 52 23 un
1508 2971 110 36 demi
1641 2974 23 34 à
1688 2972 148 48 droite,
1853 2973 59 36 les
1933 2974 215 36 abaissent

124 3034 384 49 horizontalement,
535 3036 48 35 de
601 3036 182 36 manière
807 3048 77 35 que
908 3037 160 47 chaque
1086 3037 193 48 danseur,
1305 3043 148 32 tenant
1472 3040 48 36 de
1544 3041 38 35 la
1603 3040 109 36 main
1736 3041 131 36 droite
1883 3042 41 36 la
1946 3042 129 48 garde
2098 3043 49 35 de

127 3114 74 24 son
223 3104 115 45 épée,
366 3104 130 45 prend
521 3104 48 35 de
602 3104 39 35 la
666 3104 110 35 main
807 3105 164 47 gauche
994 3105 42 35 la
1057 3105 140 47 pointe
1227 3106 49 36 de
1305 3107 12 35 1
1335 3108 99 46 epée
1458 3107 53 37 du
1535 3109 210 36 deuxième
1768 3110 165 35 homme
1955 3111 120 47 placé
2099 3123 48 24 en

128 3172 149 35 arrière
301 3172 47 34 de
369 3171 66 36 lui.

225 3240 38 35 A
281 3241 40 35 la
341 3239 229 47 cinquième
592 3239 169 47 reprise,
785 3239 49 36 ils
856 3252 42 24 se
921 3246 177 31 mettent
1123 3254 48 24 en
1193 3244 166 35 marche
1380 3243 343 49 circulairement,
1744 3246 184 37 formant
1949 3248 103 36 ainsi
2071 3260 77 25 une

126 3311 144 34 chaîne
292 3309 335 46 ininterrompue.
650 3308 55 36 Ils
721 3314 219 41 marquent
962 3309 53 35 du
1043 3321 90 35 pas,
1157 3312 187 46 pendant
1364 3318 117 31 toute
1502 3319 108 31 cette
1630 3316 182 47 marche,
1834 3317 58 35 les
1921 3318 103 35 trois
2053 3330 71 35 pre-

124 3379 151 36 mières
296 3379 169 35 croches
486 3377 47 37 de
551 3378 159 47 chaque
731 3388 161 25 mesure
911 3377 196 49 (cadence
1128 3379 50 36 de
1199 3380 41 36 la
1261 3380 159 50 polka).

223 3447 38 36 A
281 3447 129 47 partir
433 3448 49 35 de
505 3459 45 24 ce
575 3452 184 31 moment
780 3450 100 32 vont
900 3457 257 26 commencer
1175 3448 70 37 des
1265 3450 232 36 évolutions
1522 3452 48 36 de
1592 3453 93 47 plus
1705 3466 49 24 en
1777 3455 92 45 plus
1893 3454 251 47 complexes,

122 3516 39 35 la
189 3518 165 34 marche
384 3516 213 37 circulaire
627 3515 242 37 continuant
898 3514 202 48 toujours.
1130 3517 54 37 Le
1215 3518 214 47 problème
1462 3522 23 33 à
1512 3521 172 37 réaliser
1710 3522 179 37 consiste
1916 3535 48 24 en
1995 3535 45 24 ce
2069 3535 77 34 que
