2270 3746
779 210 242 43 MUSIQUE
1056 209 453 38 CONTEMPORAINE

2056 225 87 40 413

485 355 274 41 Concerts
791 354 77 41 du
903 355 456 43 Conservatoire.

1393 357 126 54 (Voir
1550 373 104 41 page
1686 362 115 54 424.)

426 595 79 42 La
540 594 222 43 Société
795 595 101 42 des
930 597 249 51 grandes
1211 598 292 43 auditions
1534 601 325 43 musicales.

237 726 104 36 Sous
376 725 36 37 le
443 731 234 41 patronage
716 725 118 35 d'une
866 725 92 35 élite
1001 726 265 45 d'amateurs,
1310 734 41 30 et
1398 741 97 24 sous
1535 731 41 35 la
1618 731 198 37 direction
1856 732 188 37 effective
2094 734 48 35 de

138 795 107 38 MM.
267 795 146 35 Cortot
446 799 39 31 et
505 793 183 46 Schurtz,
708 793 37 35 le
767 793 386 48 Festival-Lyrique
1178 794 176 48 (Société
1378 797 71 35 des
1472 799 176 45 grandes
1679 800 204 36 auditions
1905 800 236 49 musicales)

140 864 182 35 donnera
339 868 94 30 tous
456 863 58 34 les
538 873 86 34 ans,
650 862 25 34 à
699 861 132 46 Paris,
857 861 49 35 de
931 862 181 46 grandes
1139 864 364 44 représentations.
1528 865 65 36 Au
1620 866 229 48 printemps
1880 869 211 46 prochain,
2115 870 27 34 il

137 933 88 34 fera
247 931 194 36 entendre
464 929 35 35 le
527 929 252 47 Crépuscule
795 930 71 34 des
887 930 141 35 Dieux
1048 936 40 29 et
1112 931 166 35 Tristan
1299 935 42 32 et
1367 933 147 36 Yseult
1536 934 48 35 de
1607 934 53 35 R.
1679 934 200 48 Wagner.
1901 938 238 46 Siegfried,

136 1000 109 35 vient
268 999 125 35 d'être
417 998 98 47 joué
548 999 23 34 à
592 997 262 36 Amsterdam
887 997 49 36 de
958 998 123 44 façon
1108 999 176 46 parfaite
1320 1012 93 23 sous
1442 1001 40 35 la
1510 1001 201 36 direction
1740 1002 48 35 de
1820 1002 145 37 Viotta
1994 1005 59 47 (ce
2074 1005 64 46 qui

135 1073 159 30 montre
316 1078 79 35 que
420 1066 117 35 Paris
560 1071 64 30 est
652 1077 49 24 en
723 1066 155 47 retard)
911 1071 40 30 et
979 1078 92 23 sera
1088 1066 113 47 joué,
1230 1069 23 34 à
1275 1067 250 37 l'Académie
1564 1070 210 35 nationale
1804 1070 50 35 de
1883 1071 201 46 musique,
2105 1073 35 33 le

136 1136 103 35 mois
267 1134 209 48 prochain.
511 1134 168 35 Tristan
713 1137 42 32 et
795 1134 145 35 Yseult
971 1146 103 23 nous
1105 1136 137 45 paraît
1276 1138 141 34 assuré
1453 1138 48 34 de
1529 1143 169 30 trouver
1721 1140 24 33 à
1781 1138 115 36 Paris
1920 1152 52 22 un
1999 1141 142 34 succès

136 1204 179 46 complet
334 1214 7 33 ;
363 1207 129 42 quant
508 1204 23 34 à
553 1202 40 36 la
617 1202 440 49 Gôtterdàmmerung
1070 1202 46 49 {C
1119 1204 217 46 répuscule
1359 1205 72 35 des
1453 1205 161 49 Dieux),
1631 1206 41 47 je
1693 1218 48 23 ne
1763 1218 63 24 me
1847 1207 202 45 porterais
2064 1219 76 35 pas

137 1276 151 43 garant
310 1272 48 34 de
382 1283 74 23 son
473 1270 218 47 triomphe.
717 1270 33 35 Il
770 1282 25 35 y
827 1282 24 23 a
870 1270 102 35 dans
996 1282 44 24 ce
1068 1273 146 44 poème
1245 1272 199 47 quelques
1473 1274 239 47 longueurs,
1739 1280 41 30 et
1802 1287 50 23 on
1885 1287 48 23 ne
1964 1275 176 36 l'entend

132 1352 76 34 pas
228 1351 95 24 sans
349 1339 174 47 fatigue.

630 1550 272 41 Concerts
934 1550 67 40 de
1033 1550 53 41 la
1120 1550 165 42 Scola
1320 1551 324 41 Cantorum.

233 1678 59 36 La
326 1679 122 36 Scola
476 1679 232 35 Cantorum
717 1706 8 18 ,
759 1677 67 47 qui
857 1690 23 23 a
901 1678 77 35 fait
1008 1678 41 35 la
1077 1680 264 34 réouverture
1372 1680 51 35 de
1453 1691 64 24 ses
1553 1692 120 23 cours
1710 1693 100 23 avec
1841 1693 76 24 une
1948 1681 192 36 brillante

132 1746 161 47 pléiade
322 1746 49 35 de
401 1746 260 47 professeurs
697 1751 41 29 et
772 1745 221 45 d'artistes,
1025 1757 22 23 a
1073 1746 146 45 donné,
1252 1748 37 34 le
1315 1756 42 37 15
1392 1748 236 45 novembre,
1661 1760 101 23 avec
1790 1749 37 34 le
1858 1760 198 24 concours
2092 1749 47 36 de

137 1814 44 35 M
186 1815 72 23 clles
281 1814 104 47 Jane
413 1813 121 35 Ediat
569 1819 41 29 et
645 1813 164 35 Marthe
844 1813 205 47 Legrand,
1075 1814 49 34 de
1160 1814 106 36 MM.
1296 1814 103 47 Jean
1436 1815 137 36 David
1607 1821 39 30 et
1674 1816 146 35 Albert
1847 1815 185 46 Gébelin,
2069 1816 71 35 des

134 1883 219 35 chanteurs
386 1882 49 35 de
459 1880 308 37 Saint-Gervais
791 1887 42 29 et
854 1882 48 34 de
927 1882 237 35 l'orchestre
1187 1882 48 35 de
1270 1882 41 35 la
1333 1882 135 46 Scola,
1501 1894 53 23 un
1583 1885 84 33 très
1696 1883 247 36 intéressant
1974 1889 167 30 concert

134 1950 346 47 d'inauguration.
511 1949 65 36 Au
611 1960 278 35 programme,
932 1950 253 44 Beethoven,
1231 1950 190 46 Haendel,
1459 1951 201 45 Rameau,
1690 1952 168 45 Weber,
1893 1952 165 35 Roland
2091 1952 51 35 de

134 2019 168 44 Lassus,
336 2023 41 30 et
423 2018 36 34 le
506 2018 211 46 Cantique
758 2017 49 35 de
858 2016 165 37 VAvent
1063 2018 49 35 de
1157 2018 52 35 R.
1236 2017 246 47 Schumann,
1533 2020 118 34 d'une
1696 2020 34 34 si
1781 2020 224 35 admirable
2046 2020 78 34 fraî-

134 2087 123 35 cheur
292 2086 235 36 d'émotion.
564 2085 355 44 Prochainement,
951 2086 49 34 de
1033 2097 212 24 nouveaux
1277 2093 189 28 concerts
1502 2093 138 29 seront
1672 2089 220 33 consacrés
1916 2100 78 22 aux
2024 2088 117 35 vieux

136 2156 168 34 maîtres
322 2154 181 43 français
520 2165 7 32 ;
553 2159 40 29 et
611 2154 80 34 l'on
711 2165 103 23 nous
836 2159 173 40 promet,
1025 2165 104 34 pour
1150 2165 50 23 un
1221 2165 78 34 peu
1321 2155 91 45 plus
1435 2155 106 42 tard,
1567 2166 77 23 une
1668 2155 103 35 série
1793 2155 49 35 de
1860 2155 278 44 conférences,

135 2223 329 46 accompagnées
503 2221 264 46 d'auditions,
798 2221 49 35 de
878 2221 107 35 MM.
1030 2220 182 36 Gustave
1241 2221 255 47 Larroumet,
1533 2222 139 36 André
1696 2223 191 47 Hallays,
1924 2228 134 30 comte
2090 2223 49 35 de

134 2289 210 46 Saussine,
369 2289 136 36 Pierre
525 2289 118 44 Lalo,
663 2288 180 36 Vincent
864 2288 161 47 d'lndy.

511 2542 277 41 Concerts
830 2540 76 43 du
950 2542 438 41 Conservatoire
1431 2542 68 41 de
1544 2543 219 51 Nancy.

232 2672 78 35 Les
332 2671 66 36 dix
426 2676 187 31 concerts
637 2671 316 35 d'abonnement
980 2671 50 35 de
1064 2671 41 35 la
1133 2671 139 36 saison
1309 2682 208 37 1901-1902
1553 2677 140 30 seront
1722 2671 153 36 donnés
1907 2683 77 24 aux
2020 2672 117 37 dates

132 2742 185 45 ci-après
343 2751 8 26 :
379 2751 44 24 10
443 2744 41 31 et
510 2750 45 36 24
583 2739 235 45 novembre,
844 2739 19 35 8
893 2744 39 30 et
958 2749 42 25 22
1026 2739 214 36 décembre
1266 2751 105 37 1901,
1406 2751 40 24 12
1470 2744 41 31 et
1527 2738 44 37 26
1589 2739 176 47 janvier,
1787 2751 20 36 9
1828 2745 39 30 et
1894 2750 44 37 23
1976 2739 160 42 février,

134 2815 40 31 et
196 2821 21 37 9
240 2814 41 30 et
306 2807 42 37 16
363 2819 110 24 mars
500 2817 109 38 1902.

232 2877 58 36 M.
315 2876 38 48 J.
384 2876 94 47 Guy
510 2876 201 45 Ropartz,
736 2886 104 35 pour
860 2874 102 37 faire
991 2874 103 37 suite
1128 2878 24 33 à
1174 2875 25 35 Y
1202 2876 197 35 Histoire
1428 2875 49 35 de
1501 2876 26 35 V
1533 2878 240 43 ouverture,
1805 2874 67 47 qui
1900 2874 61 36 fut
1985 2887 52 23 un
2068 2874 72 36 des

129 2946 138 48 points
294 2944 240 47 principaux
556 2943 53 36 du
641 2954 263 36 programme
927 2943 49 35 de
1011 2944 40 35 la
1081 2943 245 46 précédente
1359 2942 153 47 saison,
1537 2955 42 24 se
1604 2954 179 36 propose
1816 2942 197 36 d'étudier
2032 2948 108 30 cette

132 3016 130 35 année
284 3014 39 34 la
340 3013 198 46 Musique
561 3010 23 37 à
604 3015 271 44 programme
900 3023 97 24 aux
1003 3023 41 24 ix
1048 3018 12 15 e
1083 3011 122 36 siècle
1226 3024 47 23 en
1295 3012 156 35 faisant
1473 3012 192 35 entendre
1687 3012 40 35 la
1752 3010 251 49 Symphonie
2031 3012 82 34 Fan-

131 3083 187 47 tastique
342 3081 49 36 de
415 3080 171 45 Berlioz,
605 3080 40 35 la
663 3080 395 47 Faust-symphonie
1082 3080 47 35 de
1146 3080 113 36 Liszt
1274 3085 40 31 et
1327 3080 72 36 des
1415 3082 171 45 poèmes
1608 3079 323 48 symphoniques
1946 3080 48 35 de
2007 3079 134 36 Saint-

131 3152 142 45 Saëns,
294 3149 176 44 Franck,
495 3149 182 46 Duparc,
713 3148 158 48 d'lndy,
898 3148 52 36 R.
975 3148 183 47 Strauss,
1183 3155 78 29 etc.
1284 3148 214 36 L'histoire
1525 3149 48 35 de
1600 3149 39 35 la
1669 3148 242 47 symphonie
1934 3146 206 47 classique

131 3226 40 29 et
191 3219 257 47 romantique
475 3229 48 24 en
545 3217 248 47 Allemagne
825 3217 273 46 comprendra
1120 3217 71 37 des
1221 3229 161 25 œuvres
1412 3217 49 36 de
1485 3217 169 47 Haydn,
1681 3216 177 44 Mozart,
1885 3216 250 44 Beethoven,

130 3288 215 42 Schubert,
369 3286 309 43 Mendelssohn,
704 3285 247 45 Schumann,
978 3291 77 32 etc.
1075 3287 59 34 En
1151 3292 131 40 outre,
1307 3297 158 25 comme
1489 3296 161 24 œuvres
1676 3295 100 25 avec
1800 3283 77 36 soli
1896 3288 40 30 et
1958 3283 181 44 chœurs,

130 3362 142 30 seront
290 3356 186 35 montées
496 3366 7 25 :
529 3355 38 35 la
588 3355 176 36 Passion
788 3355 115 35 selon
927 3355 115 35 saint
1056 3356 124 45 Jean,
1199 3355 48 35 de
1267 3354 102 49 J.-S.
1392 3354 127 46 Bach,
1540 3358 40 30 et
1599 3353 194 43 Rebecca,
1820 3351 48 35 de
1892 3351 43 35 C.
1963 3350 175 35 Franck.

229 3424 119 35 Enfin
368 3435 52 24 un
449 3435 267 34 programme
743 3425 198 34 consacré
965 3425 23 34 à
1009 3422 211 37 l'audition
1245 3423 199 35 d'œuvres
1469 3421 211 35 d'auteurs
1703 3419 176 37 lorrains
1898 3417 162 37 réunira
2081 3417 60 35 les

130 3505 118 25 noms
266 3493 48 36 de
337 3492 282 47 Charpentier,
639 3492 163 47 Pierné,
824 3492 191 46 Bréville,
1040 3492 98 35 Max
1157 3491 212 46 d'Olonne,
1393 3490 157 48 Jorent,
1573 3488 186 43 Schmitt,
1790 3493 77 30 etc.
