<?xml version="1.0" encoding="UTF-8"?>
<alto xmlns:xsi="http://www.w3.org/2001/XMLSchema-instance" xmlns="http://www.loc.gov/standards/alto/ns-v2#" xsi:schemaLocation="http://www.loc.gov/standards/alto/ns-v2# http://www.loc.gov/standards/alto/v2/alto-2-0.xsd" xmlns:xlink="http://www.w3.org/1999/xlink">
	<Description>
		<MeasurementUnit>mm10</MeasurementUnit>
		<sourceImageInformation>
			<fileName>./bmtnabs_1922-03-21_01_0010.jp2</fileName>
		</sourceImageInformation>
		<OCRProcessing ID="OCRPROCESSING_1">
			<preProcessingStep>
				<processingSoftware>
					<softwareCreator>CCS Content Conversion Specialists GmbH, Germany</softwareCreator>
					<softwareName>CCS docWorks</softwareName>
					<softwareVersion>6.8-1.27</softwareVersion>
				</processingSoftware>
			</preProcessingStep>
			<ocrProcessingStep>
				<processingSoftware>
					<softwareCreator>ABBYY (BIT Software), Russia</softwareCreator>
					<softwareName>FineReader</softwareName>
					<softwareVersion>11.0</softwareVersion>
				</processingSoftware>
			</ocrProcessingStep>
			<postProcessingStep>
				<processingSoftware>
					<softwareCreator>CCS Content Conversion Specialists GmbH, Germany</softwareCreator>
					<softwareName>CCS docWorks</softwareName>
					<softwareVersion>6.8-1.27</softwareVersion>
					<applicationDescription>docWorks: Text modified manually, or automatically replaced</applicationDescription>
				</processingSoftware>
			</postProcessingStep>
		</OCRProcessing>
	</Description>
	<Styles>
		<TextStyle ID="TXT_0" FONTSIZE="20" FONTFAMILY="Times New Roman"/>
		<TextStyle ID="TXT_1" FONTSIZE="10" FONTFAMILY="Times New Roman"/>
		<ParagraphStyle ID="PAR_LEFT" ALIGN="Left"/>
		<ParagraphStyle ID="PAR_BLOCK" ALIGN="Block"/>
	</Styles>
	<Layout>
		<Page ID="P10" PHYSICAL_IMG_NR="10" HEIGHT="2540" WIDTH="1519" PRINTED_IMG_NR="8" PC="0.945">
			<TopMargin ID="P10_TM00001" HPOS="0" VPOS="0" WIDTH="1519" HEIGHT="230"/>
			<LeftMargin ID="P10_LM00001" HPOS="0" VPOS="230" WIDTH="166" HEIGHT="2066"/>
			<RightMargin ID="P10_RM00001" HPOS="1467" VPOS="230" WIDTH="52" HEIGHT="2066"/>
			<BottomMargin ID="P10_BM00001" HPOS="0" VPOS="2296" WIDTH="1519" HEIGHT="244">
				<TextBlock ID="P10_TB00001" HPOS="168" VPOS="2299" WIDTH="23" HEIGHT="26" STYLEREFS="TXT_0 PAR_LEFT">
					<TextLine ID="P10_TL00001" HPOS="168" VPOS="2299" WIDTH="23" HEIGHT="26">
						<String ID="P10_ST00001" HPOS="168" VPOS="2299" WIDTH="23" HEIGHT="26" CONTENT="8" WC="1.00" CC="0"/>
					</TextLine>
				</TextBlock>
			</BottomMargin>
			<PrintSpace ID="P10_PS00001" HPOS="166" VPOS="230" WIDTH="1301" HEIGHT="2066">
				<TextBlock ID="P10_TB00002" HPOS="166" VPOS="230" WIDTH="1301" HEIGHT="2025" STYLEREFS="TXT_1 PAR_BLOCK">
					<TextLine ID="P10_TL00002" HPOS="169" VPOS="230" WIDTH="1291" HEIGHT="36">
						<String ID="P10_ST00002" HPOS="169" VPOS="230" WIDTH="28" HEIGHT="26" CONTENT="in" WC="0.51" CC="45"/>
						<SP ID="P10_SP00001" HPOS="197" VPOS="256" WIDTH="20"/>
						<String ID="P10_ST00003" HPOS="217" VPOS="230" WIDTH="247" HEIGHT="26" CONTENT="verantwortlichen" WC="0.99" CC="0466663045240514"/>
						<SP ID="P10_SP00002" HPOS="464" VPOS="256" WIDTH="21"/>
						<String ID="P10_ST00004" HPOS="485" VPOS="231" WIDTH="286" HEIGHT="33" CONTENT="Verwaltungsstellen," WC="0.99" CC="4245366056006163383"/>
						<SP ID="P10_SP00003" HPOS="771" VPOS="264" WIDTH="22"/>
						<String ID="P10_ST00005" HPOS="793" VPOS="233" WIDTH="53" HEIGHT="24" CONTENT="wie" WC="0.93" CC="943"/>
						<SP ID="P10_SP00004" HPOS="846" VPOS="264" WIDTH="19"/>
						<String ID="P10_ST00006" HPOS="865" VPOS="233" WIDTH="84" HEIGHT="32" CONTENT="Spreu" WC="0.98" CC="16105"/>
						<SP ID="P10_SP00005" HPOS="949" VPOS="265" WIDTH="23"/>
						<String ID="P10_ST00007" HPOS="972" VPOS="232" WIDTH="37" HEIGHT="26" CONTENT="im" WC="0.48" CC="54"/>
						<SP ID="P10_SP00006" HPOS="1009" VPOS="265" WIDTH="19"/>
						<String ID="P10_ST00008" HPOS="1028" VPOS="233" WIDTH="96" HEIGHT="26" CONTENT="Winde" WC="0.97" CC="56722"/>
						<SP ID="P10_SP00007" HPOS="1124" VPOS="265" WIDTH="21"/>
						<String ID="P10_ST00009" HPOS="1145" VPOS="233" WIDTH="67" HEIGHT="26" CONTENT="über" WC="0.96" CC="0664"/>
						<SP ID="P10_SP00008" HPOS="1212" VPOS="265" WIDTH="20"/>
						<String ID="P10_ST00010" HPOS="1232" VPOS="234" WIDTH="47" HEIGHT="25" CONTENT="das" WC="0.99" CC="110"/>
						<SP ID="P10_SP00009" HPOS="1279" VPOS="265" WIDTH="23"/>
						<String ID="P10_ST00011" HPOS="1302" VPOS="233" WIDTH="158" HEIGHT="33" CONTENT="Riesenreich" WC="0.98" CC="66306756647"/>
					</TextLine>
					<TextLine ID="P10_TL00003" HPOS="169" VPOS="273" WIDTH="1292" HEIGHT="37">
						<String ID="P10_ST00012" HPOS="169" VPOS="273" WIDTH="108" HEIGHT="27" CONTENT="verteilt." WC="0.98" CC="445706604"/>
						<SP ID="P10_SP00010" HPOS="277" VPOS="300" WIDTH="38"/>
						<String ID="P10_ST00013" HPOS="315" VPOS="275" WIDTH="56" HEIGHT="24" CONTENT="Der" WC="0.96" CC="062"/>
						<SP ID="P10_SP00011" HPOS="371" VPOS="300" WIDTH="22"/>
						<String ID="P10_ST00014" HPOS="393" VPOS="283" WIDTH="71" HEIGHT="18" CONTENT="arme" WC="0.98" CC="5210"/>
						<SP ID="P10_SP00012" HPOS="464" VPOS="301" WIDTH="22"/>
						<String ID="P10_ST00015" HPOS="486" VPOS="275" WIDTH="88" HEIGHT="26" CONTENT="Bauer" WC="0.97" CC="65315"/>
						<SP ID="P10_SP00013" HPOS="574" VPOS="301" WIDTH="22"/>
						<String ID="P10_ST00016" HPOS="596" VPOS="275" WIDTH="83" HEIGHT="26" CONTENT="erlebt" WC="0.99" CC="010067"/>
						<SP ID="P10_SP00014" HPOS="679" VPOS="301" WIDTH="20"/>
						<String ID="P10_ST00017" HPOS="699" VPOS="277" WIDTH="71" HEIGHT="25" CONTENT="trotz" WC="0.97" CC="01665"/>
						<SP ID="P10_SP00015" HPOS="770" VPOS="302" WIDTH="22"/>
						<String ID="P10_ST00018" HPOS="792" VPOS="275" WIDTH="206" HEIGHT="34" CONTENT="proletarischer" WC="1.00" CC="60404000410750"/>
						<SP ID="P10_SP00016" HPOS="998" VPOS="309" WIDTH="21"/>
						<String ID="P10_ST00019" HPOS="1019" VPOS="277" WIDTH="125" HEIGHT="26" CONTENT="Diktatur" WC="0.99" CC="00075200"/>
						<SP ID="P10_SP00017" HPOS="1144" VPOS="309" WIDTH="23"/>
						<String ID="P10_ST00020" HPOS="1167" VPOS="277" WIDTH="28" HEIGHT="26" CONTENT="in" WC="0.34" CC="57"/>
						<SP ID="P10_SP00018" HPOS="1195" VPOS="309" WIDTH="23"/>
						<String ID="P10_ST00021" HPOS="1218" VPOS="277" WIDTH="47" HEIGHT="26" CONTENT="der" WC="0.98" CC="012"/>
						<SP ID="P10_SP00019" HPOS="1265" VPOS="309" WIDTH="23"/>
						<String ID="P10_ST00022" HPOS="1288" VPOS="278" WIDTH="173" HEIGHT="32" CONTENT="Wirklichkeit" WC="0.98" CC="645636059455"/>
					</TextLine>
					<TextLine ID="P10_TL00004" HPOS="170" VPOS="318" WIDTH="1292" HEIGHT="35">
						<String ID="P10_ST00023" HPOS="170" VPOS="325" WIDTH="52" HEIGHT="18" CONTENT="von" WC="0.96" CC="506"/>
						<SP ID="P10_SP00020" HPOS="222" VPOS="343" WIDTH="18"/>
						<String ID="P10_ST00024" HPOS="240" VPOS="318" WIDTH="50" HEIGHT="25" CONTENT="den" WC="0.98" CC="005"/>
						<SP ID="P10_SP00021" HPOS="290" VPOS="343" WIDTH="21"/>
						<String ID="P10_ST00025" HPOS="311" VPOS="318" WIDTH="215" HEIGHT="33" CONTENT="Auswirkungen" WC="0.99" CC="051005046907"/>
						<SP ID="P10_SP00022" HPOS="526" VPOS="351" WIDTH="19"/>
						<String ID="P10_ST00026" HPOS="545" VPOS="318" WIDTH="138" HEIGHT="26" CONTENT="derselben" WC="0.99" CC="630207604"/>
						<SP ID="P10_SP00023" HPOS="683" VPOS="351" WIDTH="18"/>
						<String ID="P10_ST00027" HPOS="701" VPOS="320" WIDTH="44" HEIGHT="25" CONTENT="für" WC="0.98" CC="500"/>
						<SP ID="P10_SP00024" HPOS="745" VPOS="351" WIDTH="20"/>
						<String ID="P10_ST00028" HPOS="765" VPOS="320" WIDTH="46" HEIGHT="26" CONTENT="ihn" WC="0.93" CC="577"/>
						<SP ID="P10_SP00025" HPOS="811" VPOS="351" WIDTH="21"/>
						<String ID="P10_ST00029" HPOS="832" VPOS="320" WIDTH="38" HEIGHT="26" CONTENT="als" WC="0.95" CC="570"/>
						<SP ID="P10_SP00026" HPOS="870" VPOS="351" WIDTH="21"/>
						<String ID="P10_ST00030" HPOS="891" VPOS="320" WIDTH="96" HEIGHT="27" CONTENT="Klasse" WC="1.00" CC="200000"/>
						<SP ID="P10_SP00027" HPOS="987" VPOS="351" WIDTH="19"/>
						<String ID="P10_ST00031" HPOS="1006" VPOS="320" WIDTH="69" HEIGHT="26" CONTENT="noch" WC="0.96" CC="7217"/>
						<SP ID="P10_SP00028" HPOS="1075" VPOS="351" WIDTH="21"/>
						<String ID="P10_ST00032" HPOS="1096" VPOS="320" WIDTH="97" HEIGHT="33" CONTENT="wenig." WC="0.98" CC="067004"/>
						<SP ID="P10_SP00029" HPOS="1193" VPOS="353" WIDTH="36"/>
						<String ID="P10_ST00033" HPOS="1229" VPOS="321" WIDTH="58" HEIGHT="25" CONTENT="Ihm" WC="0.93" CC="674"/>
						<SP ID="P10_SP00030" HPOS="1287" VPOS="353" WIDTH="19"/>
						<String ID="P10_ST00034" HPOS="1306" VPOS="322" WIDTH="81" HEIGHT="26" CONTENT="selbst" WC="1.00" CC="004000"/>
						<SP ID="P10_SP00031" HPOS="1387" VPOS="353" WIDTH="20"/>
						<String ID="P10_ST00035" HPOS="1407" VPOS="324" WIDTH="55" HEIGHT="29" CONTENT="fehlt" WC="0.96" CC="63676"/>
					</TextLine>
					<TextLine ID="P10_TL00005" HPOS="169" VPOS="361" WIDTH="1292" HEIGHT="35">
						<String ID="P10_ST00036" HPOS="169" VPOS="361" WIDTH="176" HEIGHT="33" CONTENT="Möglichkeit" WC="0.99" CC="05050070006"/>
						<SP ID="P10_SP00032" HPOS="345" VPOS="394" WIDTH="21"/>
						<String ID="P10_ST00037" HPOS="366" VPOS="363" WIDTH="54" HEIGHT="25" CONTENT="und" WC="0.96" CC="460"/>
						<SP ID="P10_SP00033" HPOS="420" VPOS="394" WIDTH="20"/>
						<String ID="P10_ST00038" HPOS="440" VPOS="362" WIDTH="92" HEIGHT="33" CONTENT="eigene" WC="0.98" CC="700165"/>
						<SP ID="P10_SP00034" HPOS="532" VPOS="395" WIDTH="20"/>
						<String ID="P10_ST00039" HPOS="552" VPOS="362" WIDTH="139" HEIGHT="33" CONTENT="Initiative," WC="0.99" CC="67672076004"/>
						<SP ID="P10_SP00035" HPOS="691" VPOS="395" WIDTH="21"/>
						<String ID="P10_ST00040" HPOS="712" VPOS="363" WIDTH="57" HEIGHT="26" CONTENT="sich" WC="0.98" CC="0007"/>
						<SP ID="P10_SP00036" HPOS="769" VPOS="395" WIDTH="22"/>
						<String ID="P10_ST00041" HPOS="791" VPOS="364" WIDTH="83" HEIGHT="26" CONTENT="selbst" WC="0.99" CC="060600"/>
						<SP ID="P10_SP00037" HPOS="874" VPOS="395" WIDTH="19"/>
						<String ID="P10_ST00042" HPOS="893" VPOS="364" WIDTH="209" HEIGHT="26" CONTENT="durchzusetzen" WC="0.99" CC="0504665047537"/>
						<SP ID="P10_SP00038" HPOS="1102" VPOS="395" WIDTH="21"/>
						<String ID="P10_ST00043" HPOS="1123" VPOS="364" WIDTH="55" HEIGHT="26" CONTENT="und" WC="0.95" CC="570"/>
						<SP ID="P10_SP00039" HPOS="1178" VPOS="395" WIDTH="20"/>
						<String ID="P10_ST00044" HPOS="1198" VPOS="364" WIDTH="111" HEIGHT="26" CONTENT="vielfach" WC="0.99" CC="00056247"/>
						<SP ID="P10_SP00040" HPOS="1309" VPOS="395" WIDTH="22"/>
						<String ID="P10_ST00045" HPOS="1331" VPOS="369" WIDTH="66" HEIGHT="22" CONTENT="auch" WC="0.97" CC="0407"/>
						<SP ID="P10_SP00041" HPOS="1397" VPOS="395" WIDTH="23"/>
						<String ID="P10_ST00046" HPOS="1420" VPOS="370" WIDTH="41" HEIGHT="26" CONTENT="das" WC="0.94" CC="735"/>
					</TextLine>
					<TextLine ID="P10_TL00006" HPOS="169" VPOS="404" WIDTH="696" HEIGHT="36">
						<String ID="P10_ST00047" HPOS="169" VPOS="404" WIDTH="113" HEIGHT="34" CONTENT="richtige" WC="0.99" CC="61267000"/>
						<SP ID="P10_SP00042" HPOS="282" VPOS="438" WIDTH="21"/>
						<String ID="P10_ST00048" HPOS="303" VPOS="405" WIDTH="171" HEIGHT="26" CONTENT="Bewußtsein" WC="0.99" CC="6300070056"/>
						<SP ID="P10_SP00043" HPOS="474" VPOS="438" WIDTH="24"/>
						<String ID="P10_ST00049" HPOS="498" VPOS="406" WIDTH="47" HEIGHT="26" CONTENT="des" WC="1.00" CC="000"/>
						<SP ID="P10_SP00044" HPOS="545" VPOS="438" WIDTH="26"/>
						<String ID="P10_ST00050" HPOS="571" VPOS="407" WIDTH="294" HEIGHT="33" CONTENT="Klassengegensatzes." WC="1.00" CC="0070025000170175330"/>
					</TextLine>
					<TextLine ID="P10_TL00007" HPOS="237" VPOS="455" WIDTH="1225" HEIGHT="36">
						<String ID="P10_ST00051" HPOS="237" VPOS="455" WIDTH="74" HEIGHT="26" CONTENT="Aber" WC="0.98" CC="0704"/>
						<SP ID="P10_SP00045" HPOS="311" VPOS="481" WIDTH="22"/>
						<String ID="P10_ST00052" HPOS="333" VPOS="464" WIDTH="28" HEIGHT="17" CONTENT="es" WC="0.69" CC="60"/>
						<SP ID="P10_SP00046" HPOS="361" VPOS="481" WIDTH="22"/>
						<String ID="P10_ST00053" HPOS="383" VPOS="456" WIDTH="35" HEIGHT="25" CONTENT="ist" WC="0.97" CC="305"/>
						<SP ID="P10_SP00047" HPOS="418" VPOS="481" WIDTH="22"/>
						<String ID="P10_ST00054" HPOS="440" VPOS="456" WIDTH="35" HEIGHT="25" CONTENT="im" WC="0.32" CC="49"/>
						<SP ID="P10_SP00048" HPOS="475" VPOS="481" WIDTH="24"/>
						<String ID="P10_ST00055" HPOS="499" VPOS="456" WIDTH="148" HEIGHT="26" CONTENT="Entstehen." WC="0.99" CC="5500703074"/>
						<SP ID="P10_SP00049" HPOS="647" VPOS="482" WIDTH="39"/>
						<String ID="P10_ST00056" HPOS="686" VPOS="456" WIDTH="116" HEIGHT="26" CONTENT="Täuscht" WC="1.00" CC="2000030"/>
						<SP ID="P10_SP00050" HPOS="802" VPOS="482" WIDTH="25"/>
						<String ID="P10_ST00057" HPOS="827" VPOS="457" WIDTH="65" HEIGHT="25" CONTENT="euch" WC="0.96" CC="6706"/>
						<SP ID="P10_SP00051" HPOS="892" VPOS="482" WIDTH="23"/>
						<String ID="P10_ST00058" HPOS="915" VPOS="458" WIDTH="67" HEIGHT="24" CONTENT="auch" WC="0.98" CC="0306"/>
						<SP ID="P10_SP00052" HPOS="982" VPOS="482" WIDTH="22"/>
						<String ID="P10_ST00059" HPOS="1004" VPOS="458" WIDTH="117" HEIGHT="25" CONTENT="darüber" WC="1.00" CC="0000220"/>
						<SP ID="P10_SP00053" HPOS="1121" VPOS="483" WIDTH="22"/>
						<String ID="P10_ST00060" HPOS="1143" VPOS="458" WIDTH="26" HEIGHT="26" CONTENT="in" WC="0.34" CC="66"/>
						<SP ID="P10_SP00054" HPOS="1169" VPOS="484" WIDTH="25"/>
						<String ID="P10_ST00061" HPOS="1194" VPOS="458" WIDTH="174" HEIGHT="33" CONTENT="Westeuropa" WC="0.99" CC="0207406006"/>
						<SP ID="P10_SP00055" HPOS="1368" VPOS="491" WIDTH="22"/>
						<String ID="P10_ST00062" HPOS="1390" VPOS="461" WIDTH="72" HEIGHT="28" CONTENT="nicht." WC="0.97" CC="621674"/>
					</TextLine>
					<TextLine ID="P10_TL00008" HPOS="169" VPOS="499" WIDTH="1293" HEIGHT="33">
						<String ID="P10_ST00063" HPOS="169" VPOS="499" WIDTH="132" HEIGHT="33" CONTENT="Langsam" WC="0.99" CC="0760006"/>
						<SP ID="P10_SP00056" HPOS="301" VPOS="532" WIDTH="21"/>
						<String ID="P10_ST00064" HPOS="322" VPOS="499" WIDTH="110" HEIGHT="33" CONTENT="beginnt" WC="0.99" CC="1000665"/>
						<SP ID="P10_SP00057" HPOS="432" VPOS="532" WIDTH="20"/>
						<String ID="P10_ST00065" HPOS="452" VPOS="499" WIDTH="44" HEIGHT="26" CONTENT="die" WC="0.99" CC="003"/>
						<SP ID="P10_SP00058" HPOS="496" VPOS="532" WIDTH="21"/>
						<String ID="P10_ST00066" HPOS="517" VPOS="499" WIDTH="167" HEIGHT="33" CONTENT="Aufklärung" WC="0.99" CC="0060633630"/>
						<SP ID="P10_SP00059" HPOS="684" VPOS="532" WIDTH="21"/>
						<String ID="P10_ST00067" HPOS="705" VPOS="500" WIDTH="231" HEIGHT="25" CONTENT="durchzusickern." WC="0.99" CC="055063507000574"/>
						<SP ID="P10_SP00060" HPOS="936" VPOS="532" WIDTH="42"/>
						<String ID="P10_ST00068" HPOS="978" VPOS="501" WIDTH="35" HEIGHT="26" CONTENT="Es" WC="0.80" CC="40"/>
						<SP ID="P10_SP00061" HPOS="1013" VPOS="532" WIDTH="22"/>
						<String ID="P10_ST00069" HPOS="1035" VPOS="501" WIDTH="82" HEIGHT="26" CONTENT="bleibt" WC="0.98" CC="630636"/>
						<SP ID="P10_SP00062" HPOS="1117" VPOS="532" WIDTH="21"/>
						<String ID="P10_ST00070" HPOS="1138" VPOS="501" WIDTH="95" HEIGHT="31" CONTENT="haften," WC="0.97" CC="7867254"/>
						<SP ID="P10_SP00063" HPOS="1233" VPOS="532" WIDTH="20"/>
						<String ID="P10_ST00071" HPOS="1253" VPOS="510" WIDTH="54" HEIGHT="17" CONTENT="von" WC="0.97" CC="006"/>
						<SP ID="P10_SP00064" HPOS="1307" VPOS="532" WIDTH="22"/>
						<String ID="P10_ST00072" HPOS="1329" VPOS="503" WIDTH="59" HEIGHT="25" CONTENT="dem" WC="1.00" CC="000"/>
						<SP ID="P10_SP00065" HPOS="1388" VPOS="532" WIDTH="23"/>
						<String ID="P10_ST00073" HPOS="1411" VPOS="505" WIDTH="39" HEIGHT="26" CONTENT="Bei" SUBS_TYPE="HypPart1" SUBS_CONTENT="Beispiel" WC="0.98" CC="501"/>
						<HYP HPOS="1450" VPOS="505" WIDTH="12" CONTENT="-"/>
					</TextLine>
					<TextLine ID="P10_TL00009" HPOS="169" VPOS="542" WIDTH="1294" HEIGHT="37">
						<String ID="P10_ST00074" HPOS="169" VPOS="542" WIDTH="68" HEIGHT="33" CONTENT="spiel" SUBS_TYPE="HypPart2" SUBS_CONTENT="Beispiel" WC="0.98" CC="00436"/>
						<SP ID="P10_SP00066" HPOS="237" VPOS="575" WIDTH="17"/>
						<String ID="P10_ST00075" HPOS="254" VPOS="543" WIDTH="46" HEIGHT="25" CONTENT="des" WC="1.00" CC="000"/>
						<SP ID="P10_SP00067" HPOS="300" VPOS="575" WIDTH="17"/>
						<String ID="P10_ST00076" HPOS="317" VPOS="543" WIDTH="132" HEIGHT="33" CONTENT="täglichen" WC="0.99" CC="000540755"/>
						<SP ID="P10_SP00068" HPOS="449" VPOS="576" WIDTH="20"/>
						<String ID="P10_ST00077" HPOS="469" VPOS="543" WIDTH="100" HEIGHT="26" CONTENT="Lebens" WC="0.98" CC="043650"/>
						<SP ID="P10_SP00069" HPOS="569" VPOS="576" WIDTH="21"/>
						<String ID="P10_ST00078" HPOS="590" VPOS="544" WIDTH="165" HEIGHT="27" CONTENT="unterstützt." WC="0.99" CC="072310707573"/>
						<SP ID="P10_SP00070" HPOS="755" VPOS="576" WIDTH="33"/>
						<String ID="P10_ST00079" HPOS="788" VPOS="544" WIDTH="44" HEIGHT="25" CONTENT="Da" WC="0.78" CC="40"/>
						<SP ID="P10_SP00071" HPOS="832" VPOS="576" WIDTH="21"/>
						<String ID="P10_ST00080" HPOS="853" VPOS="544" WIDTH="34" HEIGHT="26" CONTENT="ist" WC="1.00" CC="001"/>
						<SP ID="P10_SP00072" HPOS="887" VPOS="576" WIDTH="17"/>
						<String ID="P10_ST00081" HPOS="904" VPOS="544" WIDTH="43" HEIGHT="25" CONTENT="ein" WC="0.95" CC="067"/>
						<SP ID="P10_SP00073" HPOS="947" VPOS="576" WIDTH="20"/>
						<String ID="P10_ST00082" HPOS="967" VPOS="545" WIDTH="87" HEIGHT="26" CONTENT="Bauer" WC="0.97" CC="50436"/>
						<SP ID="P10_SP00074" HPOS="1054" VPOS="576" WIDTH="16"/>
						<String ID="P10_ST00083" HPOS="1070" VPOS="544" WIDTH="48" HEIGHT="27" CONTENT="mit" WC="0.97" CC="045"/>
						<SP ID="P10_SP00075" HPOS="1118" VPOS="576" WIDTH="18"/>
						<String ID="P10_ST00084" HPOS="1136" VPOS="545" WIDTH="58" HEIGHT="26" CONTENT="vier" WC="0.99" CC="0501"/>
						<SP ID="P10_SP00076" HPOS="1194" VPOS="576" WIDTH="19"/>
						<String ID="P10_ST00085" HPOS="1213" VPOS="546" WIDTH="112" HEIGHT="25" CONTENT="Pferden" WC="0.98" CC="0703605"/>
						<SP ID="P10_SP00077" HPOS="1325" VPOS="576" WIDTH="20"/>
						<String ID="P10_ST00086" HPOS="1345" VPOS="549" WIDTH="35" HEIGHT="23" CONTENT="im" WC="0.49" CC="36"/>
						<SP ID="P10_SP00078" HPOS="1380" VPOS="576" WIDTH="18"/>
						<String ID="P10_ST00087" HPOS="1398" VPOS="550" WIDTH="65" HEIGHT="29" CONTENT="Stall," WC="0.98" CC="040771"/>
					</TextLine>
					<TextLine ID="P10_TL00010" HPOS="169" VPOS="585" WIDTH="1293" HEIGHT="35">
						<String ID="P10_ST00088" HPOS="169" VPOS="585" WIDTH="43" HEIGHT="27" CONTENT="die" WC="0.95" CC="156"/>
						<SP ID="P10_SP00079" HPOS="212" VPOS="612" WIDTH="20"/>
						<String ID="P10_ST00089" HPOS="232" VPOS="586" WIDTH="89" HEIGHT="26" CONTENT="Dürre" WC="0.99" CC="30030"/>
						<SP ID="P10_SP00080" HPOS="321" VPOS="612" WIDTH="19"/>
						<String ID="P10_ST00090" HPOS="340" VPOS="586" WIDTH="64" HEIGHT="26" CONTENT="trifft" WC="0.97" CC="652166"/>
						<SP ID="P10_SP00081" HPOS="404" VPOS="612" WIDTH="22"/>
						<String ID="P10_ST00091" HPOS="426" VPOS="587" WIDTH="27" HEIGHT="25" CONTENT="in" WC="0.88" CC="20"/>
						<SP ID="P10_SP00082" HPOS="453" VPOS="612" WIDTH="20"/>
						<String ID="P10_ST00092" HPOS="473" VPOS="586" WIDTH="117" HEIGHT="34" CONTENT="gleicher" WC="0.99" CC="06230650"/>
						<SP ID="P10_SP00083" HPOS="590" VPOS="620" WIDTH="19"/>
						<String ID="P10_ST00093" HPOS="609" VPOS="587" WIDTH="89" HEIGHT="26" CONTENT="Weise" WC="0.99" CC="04400"/>
						<SP ID="P10_SP00084" HPOS="698" VPOS="620" WIDTH="20"/>
						<String ID="P10_ST00094" HPOS="718" VPOS="588" WIDTH="43" HEIGHT="25" CONTENT="die" WC="0.97" CC="060"/>
						<SP ID="P10_SP00085" HPOS="761" VPOS="620" WIDTH="21"/>
						<String ID="P10_ST00095" HPOS="782" VPOS="587" WIDTH="114" HEIGHT="28" CONTENT="Reichen" WC="0.98" CC="6070707"/>
						<SP ID="P10_SP00086" HPOS="896" VPOS="620" WIDTH="19"/>
						<String ID="P10_ST00096" HPOS="915" VPOS="587" WIDTH="53" HEIGHT="26" CONTENT="wie" WC="0.98" CC="050"/>
						<SP ID="P10_SP00087" HPOS="968" VPOS="620" WIDTH="20"/>
						<String ID="P10_ST00097" HPOS="988" VPOS="588" WIDTH="44" HEIGHT="26" CONTENT="die" WC="0.98" CC="023"/>
						<SP ID="P10_SP00088" HPOS="1032" VPOS="620" WIDTH="23"/>
						<String ID="P10_ST00098" HPOS="1055" VPOS="590" WIDTH="108" HEIGHT="29" CONTENT="Armen," WC="1.00" CC="000303"/>
						<SP ID="P10_SP00089" HPOS="1163" VPOS="620" WIDTH="29"/>
						<String ID="P10_ST00099" HPOS="1192" VPOS="590" WIDTH="64" HEIGHT="25" CONTENT="aber" WC="0.98" CC="2203"/>
						<SP ID="P10_SP00090" HPOS="1256" VPOS="620" WIDTH="20"/>
						<String ID="P10_ST00100" HPOS="1276" VPOS="597" WIDTH="29" HEIGHT="17" CONTENT="er" WC="0.74" CC="40"/>
						<SP ID="P10_SP00091" HPOS="1305" VPOS="620" WIDTH="22"/>
						<String ID="P10_ST00101" HPOS="1327" VPOS="590" WIDTH="46" HEIGHT="26" CONTENT="hat" WC="0.98" CC="500"/>
						<SP ID="P10_SP00092" HPOS="1373" VPOS="620" WIDTH="27"/>
						<String ID="P10_ST00102" HPOS="1400" VPOS="595" WIDTH="62" HEIGHT="24" CONTENT="noch" WC="0.96" CC="6406"/>
					</TextLine>
					<TextLine ID="P10_TL00011" HPOS="168" VPOS="628" WIDTH="1294" HEIGHT="36">
						<String ID="P10_ST00103" HPOS="168" VPOS="628" WIDTH="113" HEIGHT="26" CONTENT="Vorräte" WC="0.98" CC="0436070"/>
						<SP ID="P10_SP00093" HPOS="281" VPOS="654" WIDTH="17"/>
						<String ID="P10_ST00104" HPOS="298" VPOS="630" WIDTH="129" HEIGHT="25" CONTENT="versteckt" WC="0.99" CC="040072300"/>
						<SP ID="P10_SP00094" HPOS="427" VPOS="655" WIDTH="15"/>
						<String ID="P10_ST00105" HPOS="442" VPOS="630" WIDTH="54" HEIGHT="26" CONTENT="und" WC="0.97" CC="070"/>
						<SP ID="P10_SP00095" HPOS="496" VPOS="656" WIDTH="18"/>
						<String ID="P10_ST00106" HPOS="514" VPOS="630" WIDTH="43" HEIGHT="26" CONTENT="bis" WC="0.99" CC="010"/>
						<SP ID="P10_SP00096" HPOS="557" VPOS="656" WIDTH="19"/>
						<String ID="P10_ST00107" HPOS="576" VPOS="630" WIDTH="61" HEIGHT="33" CONTENT="jetzt" WC="0.97" CC="70644"/>
						<SP ID="P10_SP00097" HPOS="637" VPOS="663" WIDTH="17"/>
						<String ID="P10_ST00108" HPOS="654" VPOS="638" WIDTH="58" HEIGHT="19" CONTENT="war" WC="0.98" CC="005"/>
						<SP ID="P10_SP00098" HPOS="712" VPOS="663" WIDTH="15"/>
						<String ID="P10_ST00109" HPOS="727" VPOS="638" WIDTH="28" HEIGHT="19" CONTENT="es" WC="1.00" CC="00"/>
						<SP ID="P10_SP00099" HPOS="755" VPOS="663" WIDTH="17"/>
						<String ID="P10_ST00110" HPOS="772" VPOS="630" WIDTH="56" HEIGHT="26" CONTENT="ihm" WC="0.94" CC="376"/>
						<SP ID="P10_SP00100" HPOS="828" VPOS="663" WIDTH="16"/>
						<String ID="P10_ST00111" HPOS="844" VPOS="632" WIDTH="70" HEIGHT="25" CONTENT="noch" WC="0.96" CC="7207"/>
						<SP ID="P10_SP00101" HPOS="914" VPOS="663" WIDTH="16"/>
						<String ID="P10_ST00112" HPOS="930" VPOS="631" WIDTH="124" HEIGHT="33" CONTENT="möglich," WC="0.99" CC="00905062"/>
						<SP ID="P10_SP00102" HPOS="1054" VPOS="664" WIDTH="17"/>
						<String ID="P10_ST00113" HPOS="1071" VPOS="631" WIDTH="44" HEIGHT="27" CONTENT="die" WC="0.97" CC="025"/>
						<SP ID="P10_SP00103" HPOS="1115" VPOS="664" WIDTH="18"/>
						<String ID="P10_ST00114" HPOS="1133" VPOS="633" WIDTH="95" HEIGHT="25" CONTENT="Pferde" WC="1.00" CC="400000"/>
						<SP ID="P10_SP00104" HPOS="1228" VPOS="664" WIDTH="17"/>
						<String ID="P10_ST00115" HPOS="1245" VPOS="633" WIDTH="217" HEIGHT="29" CONTENT="durchzuiüttern." WC="0.61" CC="563070670230364"/>
					</TextLine>
					<TextLine ID="P10_TL00012" HPOS="171" VPOS="672" WIDTH="1291" HEIGHT="38">
						<String ID="P10_ST00116" HPOS="171" VPOS="672" WIDTH="35" HEIGHT="26" CONTENT="Er" WC="0.32" CC="66"/>
						<SP ID="P10_SP00105" HPOS="206" VPOS="698" WIDTH="19"/>
						<String ID="P10_ST00117" HPOS="225" VPOS="673" WIDTH="81" HEIGHT="25" CONTENT="selbst" WC="0.99" CC="004200"/>
						<SP ID="P10_SP00106" HPOS="306" VPOS="698" WIDTH="19"/>
						<String ID="P10_ST00118" HPOS="325" VPOS="673" WIDTH="44" HEIGHT="25" CONTENT="hat" WC="0.95" CC="706"/>
						<SP ID="P10_SP00107" HPOS="369" VPOS="698" WIDTH="19"/>
						<String ID="P10_ST00119" HPOS="388" VPOS="674" WIDTH="83" HEIGHT="25" CONTENT="schon" WC="0.98" CC="30507"/>
						<SP ID="P10_SP00108" HPOS="471" VPOS="699" WIDTH="19"/>
						<String ID="P10_ST00120" HPOS="490" VPOS="682" WIDTH="34" HEIGHT="17" CONTENT="zu" WC="0.41" CC="55"/>
						<SP ID="P10_SP00109" HPOS="524" VPOS="699" WIDTH="18"/>
						<String ID="P10_ST00121" HPOS="542" VPOS="675" WIDTH="121" HEIGHT="32" CONTENT="hungern" WC="0.97" CC="5779676"/>
						<SP ID="P10_SP00110" HPOS="663" VPOS="707" WIDTH="13"/>
						<String ID="P10_ST00122" HPOS="676" VPOS="675" WIDTH="172" HEIGHT="32" CONTENT="angefangen." WC="0.98" CC="47907069373"/>
						<SP ID="P10_SP00111" HPOS="848" VPOS="707" WIDTH="26"/>
						<String ID="P10_ST00123" HPOS="874" VPOS="675" WIDTH="53" HEIGHT="26" CONTENT="Mit" WC="0.97" CC="016"/>
						<SP ID="P10_SP00112" HPOS="927" VPOS="707" WIDTH="20"/>
						<String ID="P10_ST00124" HPOS="947" VPOS="676" WIDTH="57" HEIGHT="25" CONTENT="dem" WC="0.98" CC="005"/>
						<SP ID="P10_SP00113" HPOS="1004" VPOS="707" WIDTH="19"/>
						<String ID="P10_ST00125" HPOS="1023" VPOS="677" WIDTH="36" HEIGHT="24" CONTENT="im" WC="0.69" CC="32"/>
						<SP ID="P10_SP00114" HPOS="1059" VPOS="707" WIDTH="19"/>
						<String ID="P10_ST00126" HPOS="1078" VPOS="676" WIDTH="99" HEIGHT="34" CONTENT="Kriege" WC="0.99" CC="003300"/>
						<SP ID="P10_SP00115" HPOS="1177" VPOS="710" WIDTH="18"/>
						<String ID="P10_ST00127" HPOS="1195" VPOS="677" WIDTH="55" HEIGHT="26" CONTENT="und" WC="0.95" CC="570"/>
						<SP ID="P10_SP00116" HPOS="1250" VPOS="710" WIDTH="17"/>
						<String ID="P10_ST00128" HPOS="1267" VPOS="677" WIDTH="28" HEIGHT="25" CONTENT="in" WC="0.36" CC="57"/>
						<SP ID="P10_SP00117" HPOS="1295" VPOS="710" WIDTH="18"/>
						<String ID="P10_ST00129" HPOS="1313" VPOS="678" WIDTH="50" HEIGHT="26" CONTENT="den" WC="0.95" CC="066"/>
						<SP ID="P10_SP00118" HPOS="1363" VPOS="710" WIDTH="18"/>
						<String ID="P10_ST00130" HPOS="1381" VPOS="680" WIDTH="81" HEIGHT="26" CONTENT="ersten" WC="0.99" CC="010407"/>
					</TextLine>
					<TextLine ID="P10_TL00013" HPOS="169" VPOS="717" WIDTH="1294" HEIGHT="35">
						<String ID="P10_ST00131" HPOS="169" VPOS="717" WIDTH="266" HEIGHT="33" CONTENT="Revolutionsjahren" WC="1.00" CC="60010604070200006"/>
						<SP ID="P10_SP00119" HPOS="435" VPOS="750" WIDTH="21"/>
						<String ID="P10_ST00132" HPOS="456" VPOS="718" WIDTH="151" HEIGHT="26" CONTENT="verdienten" WC="0.99" CC="5050647054"/>
						<SP ID="P10_SP00120" HPOS="607" VPOS="750" WIDTH="22"/>
						<String ID="P10_ST00133" HPOS="629" VPOS="718" WIDTH="102" HEIGHT="26" CONTENT="Bündel" WC="0.98" CC="507045"/>
						<SP ID="P10_SP00121" HPOS="731" VPOS="750" WIDTH="24"/>
						<String ID="P10_ST00134" HPOS="755" VPOS="718" WIDTH="159" HEIGHT="34" CONTENT="Papiergeld" WC="1.00" CC="0002440000"/>
						<SP ID="P10_SP00122" HPOS="914" VPOS="752" WIDTH="24"/>
						<String ID="P10_ST00135" HPOS="938" VPOS="720" WIDTH="71" HEIGHT="25" CONTENT="kauft" WC="0.98" CC="40070"/>
						<SP ID="P10_SP00123" HPOS="1009" VPOS="752" WIDTH="22"/>
						<String ID="P10_ST00136" HPOS="1031" VPOS="728" WIDTH="29" HEIGHT="17" CONTENT="er" WC="0.75" CC="05"/>
						<SP ID="P10_SP00124" HPOS="1060" VPOS="752" WIDTH="24"/>
						<String ID="P10_ST00137" HPOS="1084" VPOS="720" WIDTH="37" HEIGHT="26" CONTENT="im" WC="0.19" CC="79"/>
						<SP ID="P10_SP00125" HPOS="1121" VPOS="752" WIDTH="21"/>
						<String ID="P10_ST00138" HPOS="1142" VPOS="720" WIDTH="126" HEIGHT="26" CONTENT="nächsten" WC="0.99" CC="60060706"/>
						<SP ID="P10_SP00126" HPOS="1268" VPOS="752" WIDTH="23"/>
						<String ID="P10_ST00139" HPOS="1291" VPOS="721" WIDTH="110" HEIGHT="26" CONTENT="Flecken" WC="0.99" CC="6600000"/>
						<SP ID="P10_SP00127" HPOS="1401" VPOS="752" WIDTH="22"/>
						<String ID="P10_ST00140" HPOS="1423" VPOS="723" WIDTH="27" HEIGHT="25" CONTENT="Er" SUBS_TYPE="HypPart1" SUBS_CONTENT="Ersatzbrot" WC="0.97" CC="53"/>
						<HYP HPOS="1450" VPOS="723" WIDTH="13" CONTENT="-"/>
					</TextLine>
					<TextLine ID="P10_TL00014" HPOS="168" VPOS="760" WIDTH="1295" HEIGHT="38">
						<String ID="P10_ST00141" HPOS="168" VPOS="760" WIDTH="120" HEIGHT="27" CONTENT="satzbrot" SUBS_TYPE="HypPart2" SUBS_CONTENT="Ersatzbrot" WC="0.99" CC="40075000"/>
						<SP ID="P10_SP00128" HPOS="288" VPOS="787" WIDTH="20"/>
						<String ID="P10_ST00142" HPOS="308" VPOS="760" WIDTH="44" HEIGHT="27" CONTENT="für" WC="0.96" CC="704"/>
						<SP ID="P10_SP00129" HPOS="352" VPOS="787" WIDTH="22"/>
						<String ID="P10_ST00143" HPOS="374" VPOS="761" WIDTH="57" HEIGHT="25" CONTENT="sich" WC="0.97" CC="0437"/>
						<SP ID="P10_SP00130" HPOS="431" VPOS="787" WIDTH="22"/>
						<String ID="P10_ST00144" HPOS="453" VPOS="763" WIDTH="54" HEIGHT="25" CONTENT="und" WC="0.93" CC="574"/>
						<SP ID="P10_SP00131" HPOS="507" VPOS="788" WIDTH="22"/>
						<String ID="P10_ST00145" HPOS="529" VPOS="760" WIDTH="73" HEIGHT="28" CONTENT="seine" WC="0.98" CC="00470"/>
						<SP ID="P10_SP00132" HPOS="602" VPOS="788" WIDTH="21"/>
						<String ID="P10_ST00146" HPOS="623" VPOS="762" WIDTH="117" HEIGHT="26" CONTENT="Familie." WC="0.99" CC="70032624"/>
						<SP ID="P10_SP00133" HPOS="740" VPOS="788" WIDTH="40"/>
						<String ID="P10_ST00147" HPOS="780" VPOS="763" WIDTH="36" HEIGHT="26" CONTENT="Es" WC="0.69" CC="60"/>
						<SP ID="P10_SP00134" HPOS="816" VPOS="789" WIDTH="21"/>
						<String ID="P10_ST00148" HPOS="837" VPOS="764" WIDTH="62" HEIGHT="32" CONTENT="geht" WC="0.97" CC="0075"/>
						<SP ID="P10_SP00135" HPOS="899" VPOS="796" WIDTH="22"/>
						<String ID="P10_ST00149" HPOS="921" VPOS="764" WIDTH="55" HEIGHT="25" CONTENT="ihm" WC="0.97" CC="600"/>
						<SP ID="P10_SP00136" HPOS="976" VPOS="796" WIDTH="21"/>
						<String ID="P10_ST00150" HPOS="997" VPOS="772" WIDTH="33" HEIGHT="18" CONTENT="an" WC="0.27" CC="77"/>
						<SP ID="P10_SP00137" HPOS="1030" VPOS="796" WIDTH="24"/>
						<String ID="P10_ST00151" HPOS="1054" VPOS="764" WIDTH="57" HEIGHT="26" CONTENT="sich" WC="0.98" CC="0340"/>
						<SP ID="P10_SP00138" HPOS="1111" VPOS="796" WIDTH="21"/>
						<String ID="P10_ST00152" HPOS="1132" VPOS="765" WIDTH="69" HEIGHT="25" CONTENT="noch" WC="0.98" CC="6030"/>
						<SP ID="P10_SP00139" HPOS="1201" VPOS="796" WIDTH="22"/>
						<String ID="P10_ST00153" HPOS="1223" VPOS="773" WIDTH="68" HEIGHT="25" CONTENT="ganz" WC="0.95" CC="9075"/>
						<SP ID="P10_SP00140" HPOS="1291" VPOS="798" WIDTH="24"/>
						<String ID="P10_ST00154" HPOS="1315" VPOS="767" WIDTH="55" HEIGHT="31" CONTENT="gut," WC="0.98" CC="0152"/>
						<SP ID="P10_SP00141" HPOS="1370" VPOS="798" WIDTH="22"/>
						<String ID="P10_ST00155" HPOS="1392" VPOS="774" WIDTH="71" HEIGHT="18" CONTENT="wenn" WC="0.95" CC="6475"/>
					</TextLine>
					<TextLine ID="P10_TL00015" HPOS="169" VPOS="805" WIDTH="1294" HEIGHT="37">
						<String ID="P10_ST00156" HPOS="169" VPOS="812" WIDTH="28" HEIGHT="17" CONTENT="er" WC="0.76" CC="12"/>
						<SP ID="P10_SP00142" HPOS="197" VPOS="829" WIDTH="25"/>
						<String ID="P10_ST00157" HPOS="222" VPOS="805" WIDTH="67" HEIGHT="25" CONTENT="auch" WC="0.99" CC="0006"/>
						<SP ID="P10_SP00143" HPOS="289" VPOS="830" WIDTH="23"/>
						<String ID="P10_ST00158" HPOS="312" VPOS="805" WIDTH="84" HEIGHT="25" CONTENT="schon" WC="0.97" CC="90046"/>
						<SP ID="P10_SP00144" HPOS="396" VPOS="830" WIDTH="25"/>
						<String ID="P10_ST00159" HPOS="421" VPOS="805" WIDTH="122" HEIGHT="33" CONTENT="hungert" WC="0.97" CC="7470457"/>
						<SP ID="P10_SP00145" HPOS="543" VPOS="838" WIDTH="41"/>
						<String ID="P10_ST00160" HPOS="584" VPOS="805" WIDTH="51" HEIGHT="27" CONTENT="Die" WC="0.95" CC="650"/>
						<SP ID="P10_SP00146" HPOS="635" VPOS="838" WIDTH="23"/>
						<String ID="P10_ST00161" HPOS="658" VPOS="807" WIDTH="96" HEIGHT="26" CONTENT="Pferde" WC="0.99" CC="073100"/>
						<SP ID="P10_SP00147" HPOS="754" VPOS="838" WIDTH="22"/>
						<String ID="P10_ST00162" HPOS="776" VPOS="808" WIDTH="55" HEIGHT="25" CONTENT="und" WC="0.95" CC="770"/>
						<SP ID="P10_SP00148" HPOS="831" VPOS="838" WIDTH="22"/>
						<String ID="P10_ST00163" HPOS="853" VPOS="807" WIDTH="48" HEIGHT="26" CONTENT="das" WC="1.00" CC="000"/>
						<SP ID="P10_SP00149" HPOS="901" VPOS="838" WIDTH="26"/>
						<String ID="P10_ST00164" HPOS="927" VPOS="808" WIDTH="97" HEIGHT="26" CONTENT="andere" WC="0.98" CC="070553"/>
						<SP ID="P10_SP00150" HPOS="1024" VPOS="838" WIDTH="22"/>
						<String ID="P10_ST00165" HPOS="1046" VPOS="807" WIDTH="66" HEIGHT="26" CONTENT="Vieh" WC="0.97" CC="0607"/>
						<SP ID="P10_SP00151" HPOS="1112" VPOS="838" WIDTH="23"/>
						<String ID="P10_ST00166" HPOS="1135" VPOS="809" WIDTH="101" HEIGHT="26" CONTENT="fressen" WC="0.99" CC="0010067"/>
						<SP ID="P10_SP00152" HPOS="1236" VPOS="838" WIDTH="26"/>
						<String ID="P10_ST00167" HPOS="1262" VPOS="810" WIDTH="48" HEIGHT="25" CONTENT="das" WC="0.99" CC="030"/>
						<SP ID="P10_SP00153" HPOS="1310" VPOS="838" WIDTH="23"/>
						<String ID="P10_ST00168" HPOS="1333" VPOS="811" WIDTH="63" HEIGHT="31" CONTENT="gute" WC="1.00" CC="0001"/>
						<SP ID="P10_SP00154" HPOS="1396" VPOS="842" WIDTH="23"/>
						<String ID="P10_ST00169" HPOS="1419" VPOS="811" WIDTH="30" HEIGHT="26" CONTENT="Ge" SUBS_TYPE="HypPart1" SUBS_CONTENT="Getreide," WC="0.95" CC="55"/>
						<HYP HPOS="1449" VPOS="811" WIDTH="14" CONTENT="-"/>
					</TextLine>
					<TextLine ID="P10_TL00016" HPOS="167" VPOS="847" WIDTH="1297" HEIGHT="37">
						<String ID="P10_ST00170" HPOS="167" VPOS="847" WIDTH="92" HEIGHT="31" CONTENT="treide," SUBS_TYPE="HypPart2" SUBS_CONTENT="Getreide," WC="1.00" CC="0023000"/>
						<SP ID="P10_SP00155" HPOS="259" VPOS="878" WIDTH="20"/>
						<String ID="P10_ST00171" HPOS="279" VPOS="849" WIDTH="126" HEIGHT="33" CONTENT="möglich," WC="0.99" CC="00036072"/>
						<SP ID="P10_SP00156" HPOS="405" VPOS="882" WIDTH="22"/>
						<String ID="P10_ST00172" HPOS="427" VPOS="850" WIDTH="53" HEIGHT="25" CONTENT="daß" WC="0.96" CC="090"/>
						<SP ID="P10_SP00157" HPOS="480" VPOS="882" WIDTH="22"/>
						<String ID="P10_ST00173" HPOS="502" VPOS="849" WIDTH="46" HEIGHT="27" CONTENT="ihn" WC="0.96" CC="207"/>
						<SP ID="P10_SP00158" HPOS="548" VPOS="882" WIDTH="22"/>
						<String ID="P10_ST00174" HPOS="570" VPOS="850" WIDTH="73" HEIGHT="25" CONTENT="einer" WC="0.98" CC="04730"/>
						<SP ID="P10_SP00159" HPOS="643" VPOS="882" WIDTH="20"/>
						<String ID="P10_ST00175" HPOS="663" VPOS="851" WIDTH="49" HEIGHT="25" CONTENT="der" WC="1.00" CC="000"/>
						<SP ID="P10_SP00160" HPOS="712" VPOS="882" WIDTH="22"/>
						<String ID="P10_ST00176" HPOS="734" VPOS="851" WIDTH="140" HEIGHT="26" CONTENT="Aermsten" WC="0.76" CC="00000467"/>
						<SP ID="P10_SP00161" HPOS="874" VPOS="882" WIDTH="21"/>
						<String ID="P10_ST00177" HPOS="895" VPOS="851" WIDTH="48" HEIGHT="26" CONTENT="der" WC="1.00" CC="000"/>
						<SP ID="P10_SP00162" HPOS="943" VPOS="882" WIDTH="22"/>
						<String ID="P10_ST00178" HPOS="965" VPOS="852" WIDTH="108" HEIGHT="32" CONTENT="Armen," WC="0.99" CC="060060"/>
						<SP ID="P10_SP00163" HPOS="1073" VPOS="884" WIDTH="21"/>
						<String ID="P10_ST00179" HPOS="1094" VPOS="852" WIDTH="60" HEIGHT="26" CONTENT="dem" WC="0.99" CC="020"/>
						<SP ID="P10_SP00164" HPOS="1154" VPOS="884" WIDTH="22"/>
						<String ID="P10_ST00180" HPOS="1176" VPOS="852" WIDTH="73" HEIGHT="26" CONTENT="seine" WC="0.98" CC="00460"/>
						<SP ID="P10_SP00165" HPOS="1249" VPOS="884" WIDTH="21"/>
						<String ID="P10_ST00181" HPOS="1270" VPOS="852" WIDTH="103" HEIGHT="28" CONTENT="Kinder" WC="0.99" CC="005006"/>
						<SP ID="P10_SP00166" HPOS="1373" VPOS="884" WIDTH="21"/>
						<String ID="P10_ST00182" HPOS="1394" VPOS="856" WIDTH="70" HEIGHT="24" CONTENT="unter" WC="0.98" CC="47420"/>
					</TextLine>
					<TextLine ID="P10_TL00017" HPOS="171" VPOS="892" WIDTH="1293" HEIGHT="37">
						<String ID="P10_ST00183" HPOS="171" VPOS="892" WIDTH="50" HEIGHT="25" CONTENT="den" WC="0.96" CC="405"/>
						<SP ID="P10_SP00167" HPOS="221" VPOS="917" WIDTH="24"/>
						<String ID="P10_ST00184" HPOS="245" VPOS="892" WIDTH="95" HEIGHT="32" CONTENT="Augen" WC="0.98" CC="00907"/>
						<SP ID="P10_SP00168" HPOS="340" VPOS="924" WIDTH="21"/>
						<String ID="P10_ST00185" HPOS="361" VPOS="893" WIDTH="114" HEIGHT="31" CONTENT="sterben," WC="0.98" CC="07455074"/>
						<SP ID="P10_SP00169" HPOS="475" VPOS="924" WIDTH="22"/>
						<String ID="P10_ST00186" HPOS="497" VPOS="901" WIDTH="44" HEIGHT="18" CONTENT="um" WC="0.52" CC="44"/>
						<SP ID="P10_SP00170" HPOS="541" VPOS="924" WIDTH="23"/>
						<String ID="P10_ST00187" HPOS="564" VPOS="893" WIDTH="70" HEIGHT="26" CONTENT="Hilfe" WC="0.96" CC="65770"/>
						<SP ID="P10_SP00171" HPOS="634" VPOS="924" WIDTH="22"/>
						<String ID="P10_ST00188" HPOS="656" VPOS="894" WIDTH="104" HEIGHT="35" CONTENT="angeht." WC="0.75" CC="0600604"/>
						<SP ID="P10_SP00172" HPOS="760" VPOS="929" WIDTH="40"/>
						<String ID="P10_ST00189" HPOS="800" VPOS="895" WIDTH="37" HEIGHT="26" CONTENT="Er" WC="0.67" CC="41"/>
						<SP ID="P10_SP00173" HPOS="837" VPOS="929" WIDTH="20"/>
						<String ID="P10_ST00190" HPOS="857" VPOS="894" WIDTH="71" HEIGHT="27" CONTENT="wird" WC="0.96" CC="8260"/>
						<SP ID="P10_SP00174" HPOS="928" VPOS="929" WIDTH="22"/>
						<String ID="P10_ST00191" HPOS="950" VPOS="896" WIDTH="90" HEIGHT="25" CONTENT="seinen" WC="0.98" CC="016607"/>
						<SP ID="P10_SP00175" HPOS="1040" VPOS="929" WIDTH="23"/>
						<String ID="P10_ST00192" HPOS="1063" VPOS="896" WIDTH="126" HEIGHT="26" CONTENT="Nachbar" WC="0.99" CC="0007304"/>
						<SP ID="P10_SP00176" HPOS="1189" VPOS="929" WIDTH="22"/>
						<String ID="P10_ST00193" HPOS="1211" VPOS="905" WIDTH="49" HEIGHT="18" CONTENT="zur" WC="0.94" CC="745"/>
						<SP ID="P10_SP00177" HPOS="1260" VPOS="929" WIDTH="24"/>
						<String ID="P10_ST00194" HPOS="1284" VPOS="898" WIDTH="57" HEIGHT="25" CONTENT="Tür" WC="0.98" CC="005"/>
						<SP ID="P10_SP00178" HPOS="1341" VPOS="929" WIDTH="22"/>
						<String ID="P10_ST00195" HPOS="1363" VPOS="897" WIDTH="87" HEIGHT="27" CONTENT="hinaus" SUBS_TYPE="HypPart1" SUBS_CONTENT="hinauswerfen." WC="0.99" CC="646030"/>
						<HYP HPOS="1450" VPOS="897" WIDTH="14" CONTENT="-"/>
					</TextLine>
					<TextLine ID="P10_TL00018" HPOS="169" VPOS="936" WIDTH="1295" HEIGHT="37">
						<String ID="P10_ST00196" HPOS="169" VPOS="936" WIDTH="106" HEIGHT="26" CONTENT="werfen." SUBS_TYPE="HypPart2" SUBS_CONTENT="hinauswerfen." WC="0.98" CC="5366063"/>
						<SP ID="P10_SP00179" HPOS="275" VPOS="962" WIDTH="40"/>
						<String ID="P10_ST00197" HPOS="315" VPOS="936" WIDTH="259" HEIGHT="27" CONTENT="Wahrscheinlicher" WC="0.99" CC="9070225076600535"/>
						<SP ID="P10_SP00180" HPOS="574" VPOS="963" WIDTH="23"/>
						<String ID="P10_ST00198" HPOS="597" VPOS="938" WIDTH="65" HEIGHT="25" CONTENT="aber" WC="0.98" CC="2270"/>
						<SP ID="P10_SP00181" HPOS="662" VPOS="963" WIDTH="25"/>
						<String ID="P10_ST00199" HPOS="687" VPOS="938" WIDTH="43" HEIGHT="30" CONTENT="ist," WC="0.98" CC="5004"/>
						<SP ID="P10_SP00182" HPOS="730" VPOS="968" WIDTH="24"/>
						<String ID="P10_ST00200" HPOS="754" VPOS="939" WIDTH="52" HEIGHT="25" CONTENT="daß" WC="0.98" CC="060"/>
						<SP ID="P10_SP00183" HPOS="806" VPOS="968" WIDTH="25"/>
						<String ID="P10_ST00201" HPOS="831" VPOS="938" WIDTH="88" HEIGHT="26" CONTENT="dieser" WC="0.99" CC="053023"/>
						<SP ID="P10_SP00184" HPOS="919" VPOS="968" WIDTH="23"/>
						<String ID="P10_ST00202" HPOS="942" VPOS="939" WIDTH="47" HEIGHT="25" CONTENT="ihn" WC="0.93" CC="466"/>
						<SP ID="P10_SP00185" HPOS="989" VPOS="968" WIDTH="26"/>
						<String ID="P10_ST00203" HPOS="1015" VPOS="947" WIDTH="49" HEIGHT="25" CONTENT="gar" WC="0.98" CC="004"/>
						<SP ID="P10_SP00186" HPOS="1064" VPOS="972" WIDTH="24"/>
						<String ID="P10_ST00204" HPOS="1088" VPOS="939" WIDTH="71" HEIGHT="27" CONTENT="nicht" WC="0.97" CC="55077"/>
						<SP ID="P10_SP00187" HPOS="1159" VPOS="972" WIDTH="24"/>
						<String ID="P10_ST00205" HPOS="1183" VPOS="942" WIDTH="118" HEIGHT="31" CONTENT="angehen" WC="0.98" CC="8700746"/>
						<SP ID="P10_SP00188" HPOS="1301" VPOS="973" WIDTH="25"/>
						<String ID="P10_ST00206" HPOS="1326" VPOS="940" WIDTH="79" HEIGHT="32" CONTENT="wird," WC="0.99" CC="00502"/>
						<SP ID="P10_SP00189" HPOS="1405" VPOS="973" WIDTH="32"/>
						<String ID="P10_ST00207" HPOS="1437" VPOS="952" WIDTH="27" HEIGHT="16" CONTENT="so" WC="0.91" CC="01"/>
					</TextLine>
					<TextLine ID="P10_TL00019" HPOS="168" VPOS="978" WIDTH="1297" HEIGHT="40">
						<String ID="P10_ST00208" HPOS="168" VPOS="978" WIDTH="88" HEIGHT="27" CONTENT="sicher" WC="0.99" CC="040412"/>
						<SP ID="P10_SP00190" HPOS="256" VPOS="1005" WIDTH="23"/>
						<String ID="P10_ST00209" HPOS="279" VPOS="979" WIDTH="34" HEIGHT="26" CONTENT="ist" WC="0.96" CC="306"/>
						<SP ID="P10_SP00191" HPOS="313" VPOS="1005" WIDTH="27"/>
						<String ID="P10_ST00210" HPOS="340" VPOS="987" WIDTH="28" HEIGHT="18" CONTENT="er" WC="0.68" CC="06"/>
						<SP ID="P10_SP00192" HPOS="368" VPOS="1005" WIDTH="23"/>
						<String ID="P10_ST00211" HPOS="391" VPOS="988" WIDTH="53" HEIGHT="19" CONTENT="von" WC="0.95" CC="147"/>
						<SP ID="P10_SP00193" HPOS="444" VPOS="1007" WIDTH="26"/>
						<String ID="P10_ST00212" HPOS="470" VPOS="981" WIDTH="48" HEIGHT="26" CONTENT="der" WC="0.98" CC="006"/>
						<SP ID="P10_SP00194" HPOS="518" VPOS="1007" WIDTH="27"/>
						<String ID="P10_ST00213" HPOS="545" VPOS="981" WIDTH="266" HEIGHT="34" CONTENT="Aussichtslosigkeit" WC="1.00" CC="040000700534300450"/>
						<SP ID="P10_SP00195" HPOS="811" VPOS="1015" WIDTH="24"/>
						<String ID="P10_ST00214" HPOS="835" VPOS="982" WIDTH="72" HEIGHT="27" CONTENT="eines" WC="0.97" CC="56760"/>
						<SP ID="P10_SP00196" HPOS="907" VPOS="1015" WIDTH="25"/>
						<String ID="P10_ST00215" HPOS="932" VPOS="984" WIDTH="109" HEIGHT="25" CONTENT="solchen" WC="0.98" CC="0563006"/>
						<SP ID="P10_SP00197" HPOS="1041" VPOS="1015" WIDTH="22"/>
						<String ID="P10_ST00216" HPOS="1063" VPOS="984" WIDTH="149" HEIGHT="27" CONTENT="Versuches" WC="0.99" CC="070072700"/>
						<SP ID="P10_SP00198" HPOS="1212" VPOS="1015" WIDTH="27"/>
						<String ID="P10_ST00217" HPOS="1239" VPOS="985" WIDTH="152" HEIGHT="33" CONTENT="überzeugt." WC="0.99" CC="0105600074"/>
						<SP ID="P10_SP00199" HPOS="1391" VPOS="1018" WIDTH="42"/>
						<String ID="P10_ST00218" HPOS="1433" VPOS="986" WIDTH="32" HEIGHT="25" CONTENT="Er" WC="0.62" CC="07"/>
					</TextLine>
					<TextLine ID="P10_TL00020" HPOS="168" VPOS="1025" WIDTH="1296" HEIGHT="37">
						<String ID="P10_ST00219" HPOS="168" VPOS="1025" WIDTH="70" HEIGHT="26" CONTENT="wird" WC="0.96" CC="8155"/>
						<SP ID="P10_SP00200" HPOS="238" VPOS="1051" WIDTH="17"/>
						<String ID="P10_ST00220" HPOS="255" VPOS="1025" WIDTH="43" HEIGHT="26" CONTENT="die" WC="0.98" CC="050"/>
						<SP ID="P10_SP00201" HPOS="298" VPOS="1051" WIDTH="17"/>
						<String ID="P10_ST00221" HPOS="315" VPOS="1026" WIDTH="103" HEIGHT="26" CONTENT="Kinder" WC="0.99" CC="057000"/>
						<SP ID="P10_SP00202" HPOS="418" VPOS="1052" WIDTH="15"/>
						<String ID="P10_ST00222" HPOS="433" VPOS="1026" WIDTH="106" HEIGHT="26" CONTENT="sterben" WC="0.98" CC="0604057"/>
						<SP ID="P10_SP00203" HPOS="539" VPOS="1052" WIDTH="18"/>
						<String ID="P10_ST00223" HPOS="557" VPOS="1026" WIDTH="89" HEIGHT="30" CONTENT="sehen," WC="0.98" CC="006074"/>
						<SP ID="P10_SP00204" HPOS="646" VPOS="1056" WIDTH="16"/>
						<String ID="P10_ST00224" HPOS="662" VPOS="1026" WIDTH="44" HEIGHT="26" CONTENT="die" WC="0.98" CC="006"/>
						<SP ID="P10_SP00205" HPOS="706" VPOS="1056" WIDTH="15"/>
						<String ID="P10_ST00225" HPOS="721" VPOS="1027" WIDTH="103" HEIGHT="25" CONTENT="Frauen" WC="0.98" CC="540307"/>
						<SP ID="P10_SP00206" HPOS="824" VPOS="1056" WIDTH="18"/>
						<String ID="P10_ST00226" HPOS="842" VPOS="1027" WIDTH="55" HEIGHT="25" CONTENT="und" WC="0.95" CC="570"/>
						<SP ID="P10_SP00207" HPOS="897" VPOS="1056" WIDTH="18"/>
						<String ID="P10_ST00227" HPOS="915" VPOS="1027" WIDTH="44" HEIGHT="25" CONTENT="die" WC="0.98" CC="004"/>
						<SP ID="P10_SP00208" HPOS="959" VPOS="1056" WIDTH="16"/>
						<String ID="P10_ST00228" HPOS="975" VPOS="1027" WIDTH="103" HEIGHT="31" CONTENT="Greise," WC="0.99" CC="4504001"/>
						<SP ID="P10_SP00209" HPOS="1078" VPOS="1058" WIDTH="18"/>
						<String ID="P10_ST00229" HPOS="1096" VPOS="1028" WIDTH="63" HEIGHT="26" CONTENT="aber" WC="0.95" CC="3655"/>
						<SP ID="P10_SP00210" HPOS="1159" VPOS="1058" WIDTH="16"/>
						<String ID="P10_ST00230" HPOS="1175" VPOS="1036" WIDTH="29" HEIGHT="18" CONTENT="er" WC="0.70" CC="05"/>
						<SP ID="P10_SP00211" HPOS="1204" VPOS="1058" WIDTH="18"/>
						<String ID="P10_ST00231" HPOS="1222" VPOS="1028" WIDTH="71" HEIGHT="26" CONTENT="wird" WC="0.96" CC="0666"/>
						<SP ID="P10_SP00212" HPOS="1293" VPOS="1058" WIDTH="16"/>
						<String ID="P10_ST00232" HPOS="1309" VPOS="1029" WIDTH="155" HEIGHT="33" CONTENT="schweigen." WC="0.99" CC="0064440074"/>
					</TextLine>
					<TextLine ID="P10_TL00021" HPOS="171" VPOS="1069" WIDTH="1294" HEIGHT="36">
						<String ID="P10_ST00233" HPOS="171" VPOS="1069" WIDTH="36" HEIGHT="25" CONTENT="Es" WC="0.91" CC="10"/>
						<SP ID="P10_SP00213" HPOS="207" VPOS="1094" WIDTH="21"/>
						<String ID="P10_ST00234" HPOS="228" VPOS="1070" WIDTH="70" HEIGHT="25" CONTENT="wird" WC="1.00" CC="0000"/>
						<SP ID="P10_SP00214" HPOS="298" VPOS="1095" WIDTH="17"/>
						<String ID="P10_ST00235" HPOS="315" VPOS="1070" WIDTH="66" HEIGHT="29" CONTENT="sein," WC="0.98" CC="02502"/>
						<SP ID="P10_SP00215" HPOS="381" VPOS="1099" WIDTH="18"/>
						<String ID="P10_ST00236" HPOS="399" VPOS="1070" WIDTH="62" HEIGHT="29" CONTENT="daß," WC="0.98" CC="0404"/>
						<SP ID="P10_SP00216" HPOS="461" VPOS="1099" WIDTH="18"/>
						<String ID="P10_ST00237" HPOS="479" VPOS="1070" WIDTH="47" HEIGHT="26" CONTENT="ehe" WC="1.00" CC="000"/>
						<SP ID="P10_SP00217" HPOS="526" VPOS="1099" WIDTH="17"/>
						<String ID="P10_ST00238" HPOS="543" VPOS="1078" WIDTH="30" HEIGHT="18" CONTENT="er" WC="0.53" CC="44"/>
						<SP ID="P10_SP00218" HPOS="573" VPOS="1099" WIDTH="19"/>
						<String ID="P10_ST00239" HPOS="592" VPOS="1070" WIDTH="57" HEIGHT="26" CONTENT="sich" WC="0.97" CC="0407"/>
						<SP ID="P10_SP00219" HPOS="649" VPOS="1099" WIDTH="19"/>
						<String ID="P10_ST00240" HPOS="668" VPOS="1070" WIDTH="163" HEIGHT="31" CONTENT="entschließt," WC="0.99" CC="160906403064"/>
						<SP ID="P10_SP00220" HPOS="831" VPOS="1101" WIDTH="18"/>
						<String ID="P10_ST00241" HPOS="849" VPOS="1071" WIDTH="91" HEIGHT="26" CONTENT="seinen" WC="0.98" CC="061605"/>
						<SP ID="P10_SP00221" HPOS="940" VPOS="1101" WIDTH="20"/>
						<String ID="P10_ST00242" HPOS="960" VPOS="1072" WIDTH="159" HEIGHT="33" CONTENT="Ackergaul," WC="1.00" CC="0000000304"/>
						<SP ID="P10_SP00222" HPOS="1119" VPOS="1105" WIDTH="17"/>
						<String ID="P10_ST00243" HPOS="1136" VPOS="1073" WIDTH="48" HEIGHT="25" CONTENT="der" WC="0.98" CC="021"/>
						<SP ID="P10_SP00223" HPOS="1184" VPOS="1105" WIDTH="18"/>
						<String ID="P10_ST00244" HPOS="1202" VPOS="1073" WIDTH="84" HEIGHT="25" CONTENT="schon" WC="0.98" CC="00607"/>
						<SP ID="P10_SP00224" HPOS="1286" VPOS="1105" WIDTH="19"/>
						<String ID="P10_ST00245" HPOS="1305" VPOS="1072" WIDTH="71" HEIGHT="27" CONTENT="nicht" WC="0.97" CC="72066"/>
						<SP ID="P10_SP00225" HPOS="1376" VPOS="1105" WIDTH="19"/>
						<String ID="P10_ST00246" HPOS="1395" VPOS="1074" WIDTH="70" HEIGHT="25" CONTENT="mehr" WC="0.97" CC="0671"/>
					</TextLine>
					<TextLine ID="P10_TL00022" HPOS="167" VPOS="1113" WIDTH="1298" HEIGHT="35">
						<String ID="P10_ST00247" HPOS="167" VPOS="1113" WIDTH="44" HEIGHT="25" CONTENT="auf" WC="0.95" CC="076"/>
						<SP ID="P10_SP00226" HPOS="211" VPOS="1138" WIDTH="21"/>
						<String ID="P10_ST00248" HPOS="232" VPOS="1113" WIDTH="50" HEIGHT="25" CONTENT="den" WC="0.97" CC="007"/>
						<SP ID="P10_SP00227" HPOS="282" VPOS="1138" WIDTH="21"/>
						<String ID="P10_ST00249" HPOS="303" VPOS="1113" WIDTH="99" HEIGHT="26" CONTENT="Beinen" WC="0.97" CC="544650"/>
						<SP ID="P10_SP00228" HPOS="402" VPOS="1139" WIDTH="21"/>
						<String ID="P10_ST00250" HPOS="423" VPOS="1113" WIDTH="57" HEIGHT="26" CONTENT="sich" WC="0.99" CC="0400"/>
						<SP ID="P10_SP00229" HPOS="480" VPOS="1139" WIDTH="23"/>
						<String ID="P10_ST00251" HPOS="503" VPOS="1113" WIDTH="87" HEIGHT="26" CONTENT="halten" WC="0.98" CC="606046"/>
						<SP ID="P10_SP00230" HPOS="590" VPOS="1139" WIDTH="20"/>
						<String ID="P10_ST00252" HPOS="610" VPOS="1114" WIDTH="77" HEIGHT="30" CONTENT="kann," WC="0.97" CC="06664"/>
						<SP ID="P10_SP00231" HPOS="687" VPOS="1144" WIDTH="21"/>
						<String ID="P10_ST00253" HPOS="708" VPOS="1115" WIDTH="44" HEIGHT="25" CONTENT="für" WC="0.97" CC="502"/>
						<SP ID="P10_SP00232" HPOS="752" VPOS="1144" WIDTH="20"/>
						<String ID="P10_ST00254" HPOS="772" VPOS="1113" WIDTH="44" HEIGHT="30" CONTENT="ein" WC="0.93" CC="467"/>
						<SP ID="P10_SP00233" HPOS="816" VPOS="1144" WIDTH="23"/>
						<String ID="P10_ST00255" HPOS="839" VPOS="1115" WIDTH="59" HEIGHT="25" CONTENT="Pud" WC="0.98" CC="060"/>
						<SP ID="P10_SP00234" HPOS="898" VPOS="1144" WIDTH="22"/>
						<String ID="P10_ST00256" HPOS="920" VPOS="1115" WIDTH="314" HEIGHT="33" CONTENT="Ersatznahrungsmittel" WC="1.00" CC="23000677710600250706"/>
						<SP ID="P10_SP00235" HPOS="1234" VPOS="1148" WIDTH="22"/>
						<String ID="P10_ST00257" HPOS="1256" VPOS="1117" WIDTH="209" HEIGHT="29" CONTENT="umzutauschen," WC="0.99" CC="0004706005062"/>
					</TextLine>
					<TextLine ID="P10_TL00023" HPOS="167" VPOS="1157" WIDTH="1298" HEIGHT="36">
						<String ID="P10_ST00258" HPOS="167" VPOS="1164" WIDTH="153" HEIGHT="18" CONTENT="zusammen" WC="0.99" CC="45060016"/>
						<SP ID="P10_SP00236" HPOS="320" VPOS="1182" WIDTH="23"/>
						<String ID="P10_ST00259" HPOS="343" VPOS="1157" WIDTH="48" HEIGHT="26" CONTENT="mit" WC="0.98" CC="006"/>
						<SP ID="P10_SP00237" HPOS="391" VPOS="1183" WIDTH="23"/>
						<String ID="P10_ST00260" HPOS="414" VPOS="1157" WIDTH="100" HEIGHT="26" CONTENT="seinem" WC="0.98" CC="024409"/>
						<SP ID="P10_SP00238" HPOS="514" VPOS="1183" WIDTH="22"/>
						<String ID="P10_ST00261" HPOS="536" VPOS="1158" WIDTH="95" HEIGHT="26" CONTENT="letzten" WC="0.98" CC="0501767"/>
						<SP ID="P10_SP00239" HPOS="631" VPOS="1184" WIDTH="27"/>
						<String ID="P10_ST00262" HPOS="658" VPOS="1158" WIDTH="170" HEIGHT="33" CONTENT="Ackergerät," WC="0.99" CC="04004005370"/>
						<SP ID="P10_SP00240" HPOS="828" VPOS="1191" WIDTH="23"/>
						<String ID="P10_ST00263" HPOS="851" VPOS="1159" WIDTH="70" HEIGHT="25" CONTENT="noch" WC="0.95" CC="7536"/>
						<SP ID="P10_SP00241" HPOS="921" VPOS="1191" WIDTH="24"/>
						<String ID="P10_ST00264" HPOS="945" VPOS="1158" WIDTH="52" HEIGHT="26" CONTENT="wie" WC="0.99" CC="030"/>
						<SP ID="P10_SP00242" HPOS="997" VPOS="1191" WIDTH="23"/>
						<String ID="P10_ST00265" HPOS="1020" VPOS="1159" WIDTH="59" HEIGHT="26" CONTENT="eine" WC="0.97" CC="5360"/>
						<SP ID="P10_SP00243" HPOS="1079" VPOS="1191" WIDTH="28"/>
						<String ID="P10_ST00266" HPOS="1107" VPOS="1159" WIDTH="178" HEIGHT="34" CONTENT="Erleuchtung" WC="0.99" CC="33606060070"/>
						<SP ID="P10_SP00244" HPOS="1285" VPOS="1193" WIDTH="27"/>
						<String ID="P10_ST00267" HPOS="1312" VPOS="1159" WIDTH="42" HEIGHT="27" CONTENT="ein" WC="0.95" CC="066"/>
						<SP ID="P10_SP00245" HPOS="1354" VPOS="1193" WIDTH="24"/>
						<String ID="P10_ST00268" HPOS="1378" VPOS="1161" WIDTH="87" HEIGHT="25" CONTENT="letzter" WC="0.98" CC="6076607"/>
					</TextLine>
					<TextLine ID="P10_TL00024" HPOS="167" VPOS="1200" WIDTH="1298" HEIGHT="35">
						<String ID="P10_ST00269" HPOS="167" VPOS="1200" WIDTH="190" HEIGHT="26" CONTENT="verzweifelter" WC="0.99" CC="0334010516740"/>
						<SP ID="P10_SP00246" HPOS="357" VPOS="1226" WIDTH="19"/>
						<String ID="P10_ST00270" HPOS="376" VPOS="1200" WIDTH="125" HEIGHT="27" CONTENT="Gedanke" WC="0.99" CC="6000604"/>
						<SP ID="P10_SP00247" HPOS="501" VPOS="1227" WIDTH="19"/>
						<String ID="P10_ST00271" HPOS="520" VPOS="1201" WIDTH="47" HEIGHT="27" CONTENT="ihn" WC="0.94" CC="267"/>
						<SP ID="P10_SP00248" HPOS="567" VPOS="1228" WIDTH="20"/>
						<String ID="P10_ST00272" HPOS="587" VPOS="1201" WIDTH="172" HEIGHT="34" CONTENT="durchglüht:" WC="0.99" CC="03006070660"/>
						<SP ID="P10_SP00249" HPOS="759" VPOS="1235" WIDTH="21"/>
						<String ID="P10_ST00273" HPOS="780" VPOS="1202" WIDTH="43" HEIGHT="26" CONTENT="die" WC="0.97" CC="240"/>
						<SP ID="P10_SP00250" HPOS="823" VPOS="1235" WIDTH="18"/>
						<String ID="P10_ST00274" HPOS="841" VPOS="1202" WIDTH="100" HEIGHT="30" CONTENT="Flucht." WC="0.98" CC="6620273"/>
						<SP ID="P10_SP00251" HPOS="941" VPOS="1235" WIDTH="36"/>
						<String ID="P10_ST00275" HPOS="977" VPOS="1203" WIDTH="43" HEIGHT="26" CONTENT="Da" WC="0.52" CC="54"/>
						<SP ID="P10_SP00252" HPOS="1020" VPOS="1235" WIDTH="20"/>
						<String ID="P10_ST00276" HPOS="1040" VPOS="1203" WIDTH="108" HEIGHT="26" CONTENT="werden" WC="0.98" CC="746007"/>
						<SP ID="P10_SP00253" HPOS="1148" VPOS="1235" WIDTH="20"/>
						<String ID="P10_ST00277" HPOS="1168" VPOS="1204" WIDTH="43" HEIGHT="25" CONTENT="die" WC="0.97" CC="016"/>
						<SP ID="P10_SP00254" HPOS="1211" VPOS="1235" WIDTH="19"/>
						<String ID="P10_ST00278" HPOS="1230" VPOS="1204" WIDTH="78" HEIGHT="28" CONTENT="Reste" WC="0.98" CC="00074"/>
						<SP ID="P10_SP00255" HPOS="1308" VPOS="1235" WIDTH="19"/>
						<String ID="P10_ST00279" HPOS="1327" VPOS="1205" WIDTH="48" HEIGHT="25" CONTENT="der" WC="0.99" CC="002"/>
						<SP ID="P10_SP00256" HPOS="1375" VPOS="1235" WIDTH="19"/>
						<String ID="P10_ST00280" HPOS="1394" VPOS="1205" WIDTH="71" HEIGHT="25" CONTENT="Habe" WC="0.97" CC="6033"/>
					</TextLine>
					<TextLine ID="P10_TL00025" HPOS="168" VPOS="1243" WIDTH="1297" HEIGHT="37">
						<String ID="P10_ST00281" HPOS="168" VPOS="1243" WIDTH="100" HEIGHT="27" CONTENT="schnell" WC="0.98" CC="2056165"/>
						<SP ID="P10_SP00257" HPOS="268" VPOS="1270" WIDTH="17"/>
						<String ID="P10_ST00282" HPOS="285" VPOS="1244" WIDTH="44" HEIGHT="25" CONTENT="auf" WC="0.95" CC="157"/>
						<SP ID="P10_SP00258" HPOS="329" VPOS="1270" WIDTH="19"/>
						<String ID="P10_ST00283" HPOS="348" VPOS="1244" WIDTH="50" HEIGHT="25" CONTENT="den" WC="0.96" CC="027"/>
						<SP ID="P10_SP00259" HPOS="398" VPOS="1270" WIDTH="21"/>
						<String ID="P10_ST00284" HPOS="419" VPOS="1244" WIDTH="100" HEIGHT="33" CONTENT="Wagen" WC="0.99" CC="00007"/>
						<SP ID="P10_SP00260" HPOS="519" VPOS="1277" WIDTH="18"/>
						<String ID="P10_ST00285" HPOS="537" VPOS="1245" WIDTH="118" HEIGHT="32" CONTENT="geladen," WC="0.99" CC="00000472"/>
						<SP ID="P10_SP00261" HPOS="655" VPOS="1277" WIDTH="20"/>
						<String ID="P10_ST00286" HPOS="675" VPOS="1253" WIDTH="54" HEIGHT="17" CONTENT="von" WC="0.96" CC="047"/>
						<SP ID="P10_SP00262" HPOS="729" VPOS="1277" WIDTH="16"/>
						<String ID="P10_ST00287" HPOS="745" VPOS="1244" WIDTH="87" HEIGHT="28" CONTENT="einem" WC="0.96" CC="53749"/>
						<SP ID="P10_SP00263" HPOS="832" VPOS="1277" WIDTH="17"/>
						<String ID="P10_ST00288" HPOS="849" VPOS="1246" WIDTH="88" HEIGHT="25" CONTENT="Strom" WC="0.99" CC="00314"/>
						<SP ID="P10_SP00264" HPOS="937" VPOS="1277" WIDTH="19"/>
						<String ID="P10_ST00289" HPOS="956" VPOS="1245" WIDTH="137" HEIGHT="27" CONTENT="ähnlicher" WC="0.99" CC="060350760"/>
						<SP ID="P10_SP00265" HPOS="1093" VPOS="1277" WIDTH="17"/>
						<String ID="P10_ST00290" HPOS="1110" VPOS="1246" WIDTH="166" HEIGHT="34" CONTENT="Flüchtlinge" WC="0.99" CC="63000046703"/>
						<SP ID="P10_SP00266" HPOS="1276" VPOS="1280" WIDTH="16"/>
						<String ID="P10_ST00291" HPOS="1292" VPOS="1247" WIDTH="173" HEIGHT="33" CONTENT="mitgerissen," WC="0.99" CC="037900600062"/>
					</TextLine>
					<TextLine ID="P10_TL00026" HPOS="167" VPOS="1287" WIDTH="1298" HEIGHT="36">
						<String ID="P10_ST00292" HPOS="167" VPOS="1287" WIDTH="84" HEIGHT="26" CONTENT="wühlt" WC="0.99" CC="00330"/>
						<SP ID="P10_SP00267" HPOS="251" VPOS="1313" WIDTH="20"/>
						<String ID="P10_ST00293" HPOS="271" VPOS="1287" WIDTH="58" HEIGHT="26" CONTENT="sich" WC="0.98" CC="0406"/>
						<SP ID="P10_SP00268" HPOS="329" VPOS="1313" WIDTH="21"/>
						<String ID="P10_ST00294" HPOS="350" VPOS="1288" WIDTH="48" HEIGHT="25" CONTENT="das" WC="0.96" CC="360"/>
						<SP ID="P10_SP00269" HPOS="398" VPOS="1313" WIDTH="22"/>
						<String ID="P10_ST00295" HPOS="420" VPOS="1287" WIDTH="140" HEIGHT="34" CONTENT="armselige" WC="0.99" CC="062166500"/>
						<SP ID="P10_SP00270" HPOS="560" VPOS="1321" WIDTH="23"/>
						<String ID="P10_ST00296" HPOS="583" VPOS="1288" WIDTH="111" HEIGHT="27" CONTENT="Gefährt" WC="0.98" CC="5670036"/>
						<SP ID="P10_SP00271" HPOS="694" VPOS="1321" WIDTH="21"/>
						<String ID="P10_ST00297" HPOS="715" VPOS="1289" WIDTH="121" HEIGHT="26" CONTENT="mühsam" WC="0.99" CC="406100"/>
						<SP ID="P10_SP00272" HPOS="836" VPOS="1321" WIDTH="21"/>
						<String ID="P10_ST00298" HPOS="857" VPOS="1290" WIDTH="84" HEIGHT="25" CONTENT="durch" WC="0.98" CC="06006"/>
						<SP ID="P10_SP00273" HPOS="941" VPOS="1321" WIDTH="23"/>
						<String ID="P10_ST00299" HPOS="964" VPOS="1289" WIDTH="44" HEIGHT="26" CONTENT="die" WC="0.99" CC="002"/>
						<SP ID="P10_SP00274" HPOS="1008" VPOS="1321" WIDTH="22"/>
						<String ID="P10_ST00300" HPOS="1030" VPOS="1290" WIDTH="96" HEIGHT="33" CONTENT="Steppe" WC="0.99" CC="007000"/>
						<SP ID="P10_SP00275" HPOS="1126" VPOS="1323" WIDTH="75"/>
						<String ID="P10_ST00301" HPOS="1201" VPOS="1290" WIDTH="195" HEIGHT="33" CONTENT="irgendwohin," WC="0.99" CC="139070047470"/>
						<SP ID="P10_SP00276" HPOS="1396" VPOS="1323" WIDTH="22"/>
						<String ID="P10_ST00302" HPOS="1418" VPOS="1298" WIDTH="47" HEIGHT="18" CONTENT="nur" WC="0.93" CC="766"/>
					</TextLine>
					<TextLine ID="P10_TL00027" HPOS="167" VPOS="1331" WIDTH="1298" HEIGHT="35">
						<String ID="P10_ST00303" HPOS="167" VPOS="1331" WIDTH="61" HEIGHT="26" CONTENT="fort." WC="0.97" CC="53532"/>
						<SP ID="P10_SP00277" HPOS="228" VPOS="1357" WIDTH="40"/>
						<String ID="P10_ST00304" HPOS="268" VPOS="1331" WIDTH="73" HEIGHT="26" CONTENT="Aber" WC="0.98" CC="0124"/>
						<SP ID="P10_SP00278" HPOS="341" VPOS="1357" WIDTH="25"/>
						<String ID="P10_ST00305" HPOS="366" VPOS="1331" WIDTH="62" HEIGHT="26" CONTENT="bald" WC="0.96" CC="5540"/>
						<SP ID="P10_SP00279" HPOS="428" VPOS="1357" WIDTH="22"/>
						<String ID="P10_ST00306" HPOS="450" VPOS="1331" WIDTH="87" HEIGHT="27" CONTENT="bricht" WC="0.99" CC="006060"/>
						<SP ID="P10_SP00280" HPOS="537" VPOS="1358" WIDTH="22"/>
						<String ID="P10_ST00307" HPOS="559" VPOS="1332" WIDTH="48" HEIGHT="25" CONTENT="der" WC="0.97" CC="042"/>
						<SP ID="P10_SP00281" HPOS="607" VPOS="1358" WIDTH="24"/>
						<String ID="P10_ST00308" HPOS="631" VPOS="1333" WIDTH="71" HEIGHT="25" CONTENT="Gaul" WC="0.96" CC="5076"/>
						<SP ID="P10_SP00282" HPOS="702" VPOS="1358" WIDTH="22"/>
						<String ID="P10_ST00309" HPOS="724" VPOS="1340" WIDTH="151" HEIGHT="19" CONTENT="zusammen" WC="0.98" CC="40098107"/>
						<SP ID="P10_SP00283" HPOS="875" VPOS="1359" WIDTH="25"/>
						<String ID="P10_ST00310" HPOS="900" VPOS="1334" WIDTH="55" HEIGHT="25" CONTENT="und" WC="0.95" CC="750"/>
						<SP ID="P10_SP00284" HPOS="955" VPOS="1359" WIDTH="21"/>
						<String ID="P10_ST00311" HPOS="976" VPOS="1333" WIDTH="58" HEIGHT="26" CONTENT="will" WC="0.97" CC="0066"/>
						<SP ID="P10_SP00285" HPOS="1034" VPOS="1359" WIDTH="22"/>
						<String ID="P10_ST00312" HPOS="1056" VPOS="1334" WIDTH="72" HEIGHT="26" CONTENT="nicht" WC="0.97" CC="60375"/>
						<SP ID="P10_SP00286" HPOS="1128" VPOS="1360" WIDTH="22"/>
						<String ID="P10_ST00313" HPOS="1150" VPOS="1334" WIDTH="76" HEIGHT="26" CONTENT="mehr" WC="0.98" CC="0051"/>
						<SP ID="P10_SP00287" HPOS="1226" VPOS="1360" WIDTH="23"/>
						<String ID="P10_ST00314" HPOS="1249" VPOS="1335" WIDTH="142" HEIGHT="31" CONTENT="aufstehen," WC="0.99" CC="0770420273"/>
						<SP ID="P10_SP00288" HPOS="1391" VPOS="1366" WIDTH="24"/>
						<String ID="P10_ST00315" HPOS="1415" VPOS="1335" WIDTH="50" HEIGHT="25" CONTENT="und" WC="0.95" CC="570"/>
					</TextLine>
					<TextLine ID="P10_TL00028" HPOS="167" VPOS="1373" WIDTH="1298" HEIGHT="36">
						<String ID="P10_ST00316" HPOS="167" VPOS="1373" WIDTH="66" HEIGHT="25" CONTENT="nach" WC="0.95" CC="6537"/>
						<SP ID="P10_SP00289" HPOS="233" VPOS="1398" WIDTH="24"/>
						<String ID="P10_ST00317" HPOS="257" VPOS="1373" WIDTH="185" HEIGHT="26" CONTENT="entsetzlichen" WC="0.99" CC="2770103100630"/>
						<SP ID="P10_SP00290" HPOS="442" VPOS="1399" WIDTH="21"/>
						<String ID="P10_ST00318" HPOS="463" VPOS="1374" WIDTH="91" HEIGHT="32" CONTENT="Tagen" WC="0.99" CC="00007"/>
						<SP ID="P10_SP00291" HPOS="554" VPOS="1406" WIDTH="20"/>
						<String ID="P10_ST00319" HPOS="574" VPOS="1373" WIDTH="74" HEIGHT="27" CONTENT="einer" WC="0.98" CC="06700"/>
						<SP ID="P10_SP00292" HPOS="648" VPOS="1406" WIDTH="19"/>
						<String ID="P10_ST00320" HPOS="667" VPOS="1374" WIDTH="165" HEIGHT="33" CONTENT="mühseligen" WC="0.99" CC="2060216037"/>
						<SP ID="P10_SP00293" HPOS="832" VPOS="1407" WIDTH="22"/>
						<String ID="P10_ST00321" HPOS="854" VPOS="1376" WIDTH="171" HEIGHT="33" CONTENT="Wanderung" WC="0.99" CC="007005570"/>
						<SP ID="P10_SP00294" HPOS="1025" VPOS="1409" WIDTH="21"/>
						<String ID="P10_ST00322" HPOS="1046" VPOS="1376" WIDTH="75" HEIGHT="26" CONTENT="kehrt" WC="0.98" CC="01337"/>
						<SP ID="P10_SP00295" HPOS="1121" VPOS="1409" WIDTH="21"/>
						<String ID="P10_ST00323" HPOS="1142" VPOS="1376" WIDTH="43" HEIGHT="26" CONTENT="die" WC="1.00" CC="000"/>
						<SP ID="P10_SP00296" HPOS="1185" VPOS="1409" WIDTH="21"/>
						<String ID="P10_ST00324" HPOS="1206" VPOS="1377" WIDTH="110" HEIGHT="25" CONTENT="Familie" WC="0.99" CC="6000604"/>
						<SP ID="P10_SP00297" HPOS="1316" VPOS="1409" WIDTH="19"/>
						<String ID="P10_ST00325" HPOS="1335" VPOS="1377" WIDTH="42" HEIGHT="25" CONTENT="ins" WC="0.98" CC="060"/>
						<SP ID="P10_SP00298" HPOS="1377" VPOS="1409" WIDTH="22"/>
						<String ID="P10_ST00326" HPOS="1399" VPOS="1376" WIDTH="66" HEIGHT="26" CONTENT="Dorf" WC="0.97" CC="0615"/>
					</TextLine>
					<TextLine ID="P10_TL00029" HPOS="168" VPOS="1414" WIDTH="1297" HEIGHT="37">
						<String ID="P10_ST00327" HPOS="168" VPOS="1414" WIDTH="108" HEIGHT="31" CONTENT="zurück," WC="0.98" CC="9000751"/>
						<SP ID="P10_SP00299" HPOS="276" VPOS="1445" WIDTH="22"/>
						<String ID="P10_ST00328" HPOS="298" VPOS="1423" WIDTH="44" HEIGHT="17" CONTENT="um" WC="0.78" CC="40"/>
						<SP ID="P10_SP00300" HPOS="342" VPOS="1445" WIDTH="21"/>
						<String ID="P10_ST00329" HPOS="363" VPOS="1416" WIDTH="48" HEIGHT="25" CONTENT="das" WC="0.98" CC="400"/>
						<SP ID="P10_SP00301" HPOS="411" VPOS="1445" WIDTH="21"/>
						<String ID="P10_ST00330" HPOS="432" VPOS="1416" WIDTH="203" HEIGHT="33" CONTENT="Notwendigste" WC="0.99" CC="006007060074"/>
						<SP ID="P10_SP00302" HPOS="635" VPOS="1449" WIDTH="19"/>
						<String ID="P10_ST00331" HPOS="654" VPOS="1416" WIDTH="72" HEIGHT="26" CONTENT="ihres" WC="0.99" CC="07100"/>
						<SP ID="P10_SP00303" HPOS="726" VPOS="1449" WIDTH="21"/>
						<String ID="P10_ST00332" HPOS="747" VPOS="1417" WIDTH="160" HEIGHT="26" CONTENT="Haushaltes" WC="0.99" CC="6700606700"/>
						<SP ID="P10_SP00304" HPOS="907" VPOS="1449" WIDTH="20"/>
						<String ID="P10_ST00333" HPOS="927" VPOS="1418" WIDTH="69" HEIGHT="25" CONTENT="noch" WC="0.98" CC="7400"/>
						<SP ID="P10_SP00305" HPOS="996" VPOS="1449" WIDTH="21"/>
						<String ID="P10_ST00334" HPOS="1017" VPOS="1420" WIDTH="95" HEIGHT="28" CONTENT="ärmer," WC="1.00" CC="000003"/>
						<SP ID="P10_SP00306" HPOS="1112" VPOS="1449" WIDTH="29"/>
						<String ID="P10_ST00335" HPOS="1141" VPOS="1418" WIDTH="39" HEIGHT="27" CONTENT="oft" WC="0.96" CC="506"/>
						<SP ID="P10_SP00307" HPOS="1180" VPOS="1449" WIDTH="29"/>
						<String ID="P10_ST00336" HPOS="1209" VPOS="1427" WIDTH="84" HEIGHT="24" CONTENT="sogar" WC="1.00" CC="00000"/>
						<SP ID="P10_SP00308" HPOS="1293" VPOS="1451" WIDTH="28"/>
						<String ID="P10_ST00337" HPOS="1321" VPOS="1420" WIDTH="69" HEIGHT="25" CONTENT="ohne" WC="0.98" CC="0070"/>
						<SP ID="P10_SP00309" HPOS="1390" VPOS="1451" WIDTH="30"/>
						<String ID="P10_ST00338" HPOS="1420" VPOS="1420" WIDTH="45" HEIGHT="24" CONTENT="das" WC="0.99" CC="001"/>
					</TextLine>
					<TextLine ID="P10_TL00030" HPOS="167" VPOS="1456" WIDTH="1298" HEIGHT="37">
						<String ID="P10_ST00339" HPOS="167" VPOS="1456" WIDTH="160" HEIGHT="27" CONTENT="schützende" WC="0.99" CC="0260061603"/>
						<SP ID="P10_SP00310" HPOS="327" VPOS="1483" WIDTH="21"/>
						<String ID="P10_ST00340" HPOS="348" VPOS="1458" WIDTH="75" HEIGHT="25" CONTENT="Dach" WC="0.98" CC="0017"/>
						<SP ID="P10_SP00311" HPOS="423" VPOS="1483" WIDTH="22"/>
						<String ID="P10_ST00341" HPOS="445" VPOS="1466" WIDTH="34" HEIGHT="17" CONTENT="zu" WC="0.87" CC="10"/>
						<SP ID="P10_SP00312" HPOS="479" VPOS="1483" WIDTH="22"/>
						<String ID="P10_ST00342" HPOS="501" VPOS="1458" WIDTH="96" HEIGHT="30" CONTENT="finden," WC="0.98" CC="7070573"/>
						<SP ID="P10_SP00313" HPOS="597" VPOS="1488" WIDTH="22"/>
						<String ID="P10_ST00343" HPOS="619" VPOS="1458" WIDTH="68" HEIGHT="26" CONTENT="denn" WC="0.97" CC="0247"/>
						<SP ID="P10_SP00314" HPOS="687" VPOS="1488" WIDTH="24"/>
						<String ID="P10_ST00344" HPOS="711" VPOS="1459" WIDTH="67" HEIGHT="26" CONTENT="viele" WC="0.98" CC="34070"/>
						<SP ID="P10_SP00315" HPOS="778" VPOS="1488" WIDTH="21"/>
						<String ID="P10_ST00345" HPOS="799" VPOS="1460" WIDTH="86" HEIGHT="25" CONTENT="haben" WC="0.98" CC="40007"/>
						<SP ID="P10_SP00316" HPOS="885" VPOS="1488" WIDTH="22"/>
						<String ID="P10_ST00346" HPOS="907" VPOS="1460" WIDTH="59" HEIGHT="26" CONTENT="dem" WC="0.96" CC="056"/>
						<SP ID="P10_SP00317" HPOS="966" VPOS="1488" WIDTH="24"/>
						<String ID="P10_ST00347" HPOS="990" VPOS="1460" WIDTH="127" HEIGHT="31" CONTENT="Kulaken," WC="0.99" CC="04060401"/>
						<SP ID="P10_SP00318" HPOS="1117" VPOS="1491" WIDTH="25"/>
						<String ID="P10_ST00348" HPOS="1142" VPOS="1461" WIDTH="59" HEIGHT="25" CONTENT="dem" WC="0.99" CC="003"/>
						<SP ID="P10_SP00319" HPOS="1201" VPOS="1491" WIDTH="23"/>
						<String ID="P10_ST00349" HPOS="1224" VPOS="1461" WIDTH="173" HEIGHT="32" CONTENT="Spekulanten" WC="0.99" CC="00400735050"/>
						<SP ID="P10_SP00320" HPOS="1397" VPOS="1493" WIDTH="23"/>
						<String ID="P10_ST00350" HPOS="1420" VPOS="1468" WIDTH="45" HEIGHT="19" CONTENT="aus" WC="0.96" CC="270"/>
					</TextLine>
					<TextLine ID="P10_TL00031" HPOS="167" VPOS="1498" WIDTH="1298" HEIGHT="36">
						<String ID="P10_ST00351" HPOS="167" VPOS="1498" WIDTH="48" HEIGHT="27" CONTENT="der" WC="0.96" CC="055"/>
						<SP ID="P10_SP00321" HPOS="215" VPOS="1525" WIDTH="19"/>
						<String ID="P10_ST00352" HPOS="234" VPOS="1500" WIDTH="126" HEIGHT="25" CONTENT="nächsten" WC="0.99" CC="60040036"/>
						<SP ID="P10_SP00322" HPOS="360" VPOS="1525" WIDTH="18"/>
						<String ID="P10_ST00353" HPOS="378" VPOS="1500" WIDTH="73" HEIGHT="26" CONTENT="Stadt" WC="1.00" CC="00000"/>
						<SP ID="P10_SP00323" HPOS="451" VPOS="1526" WIDTH="17"/>
						<String ID="P10_ST00354" HPOS="468" VPOS="1500" WIDTH="99" HEIGHT="26" CONTENT="vorher" WC="0.98" CC="405054"/>
						<SP ID="P10_SP00324" HPOS="567" VPOS="1526" WIDTH="20"/>
						<String ID="P10_ST00355" HPOS="587" VPOS="1501" WIDTH="44" HEIGHT="25" CONTENT="für" WC="0.98" CC="600"/>
						<SP ID="P10_SP00325" HPOS="631" VPOS="1526" WIDTH="18"/>
						<String ID="P10_ST00356" HPOS="649" VPOS="1501" WIDTH="76" HEIGHT="25" CONTENT="einen" WC="0.97" CC="54606"/>
						<SP ID="P10_SP00326" HPOS="725" VPOS="1526" WIDTH="21"/>
						<String ID="P10_ST00357" HPOS="746" VPOS="1501" WIDTH="148" HEIGHT="33" CONTENT="Spottpreis" WC="0.99" CC="0007000640"/>
						<SP ID="P10_SP00327" HPOS="894" VPOS="1534" WIDTH="20"/>
						<String ID="P10_ST00358" HPOS="914" VPOS="1501" WIDTH="44" HEIGHT="26" CONTENT="ihr" WC="0.95" CC="670"/>
						<SP ID="P10_SP00328" HPOS="958" VPOS="1534" WIDTH="19"/>
						<String ID="P10_ST00359" HPOS="977" VPOS="1503" WIDTH="142" HEIGHT="26" CONTENT="Häuschen" WC="0.98" CC="60400546"/>
						<SP ID="P10_SP00329" HPOS="1119" VPOS="1534" WIDTH="19"/>
						<String ID="P10_ST00360" HPOS="1138" VPOS="1503" WIDTH="125" HEIGHT="26" CONTENT="verkauft." WC="0.99" CC="006407604"/>
						<SP ID="P10_SP00330" HPOS="1263" VPOS="1534" WIDTH="36"/>
						<String ID="P10_ST00361" HPOS="1299" VPOS="1503" WIDTH="44" HEIGHT="29" CONTENT="Sie" WC="0.97" CC="017"/>
						<SP ID="P10_SP00331" HPOS="1343" VPOS="1534" WIDTH="18"/>
						<String ID="P10_ST00362" HPOS="1361" VPOS="1504" WIDTH="104" HEIGHT="25" CONTENT="werden" WC="0.99" CC="004007"/>
					</TextLine>
					<TextLine ID="P10_TL00032" HPOS="168" VPOS="1541" WIDTH="1298" HEIGHT="37">
						<String ID="P10_ST00363" HPOS="168" VPOS="1541" WIDTH="170" HEIGHT="34" CONTENT="schweigend" WC="0.99" CC="0560010075"/>
						<SP ID="P10_SP00332" HPOS="338" VPOS="1575" WIDTH="24"/>
						<String ID="P10_ST00364" HPOS="362" VPOS="1542" WIDTH="54" HEIGHT="25" CONTENT="und" WC="0.97" CC="070"/>
						<SP ID="P10_SP00333" HPOS="416" VPOS="1575" WIDTH="24"/>
						<String ID="P10_ST00365" HPOS="440" VPOS="1543" WIDTH="131" HEIGHT="26" CONTENT="erwarten" WC="0.98" CC="06206767"/>
						<SP ID="P10_SP00334" HPOS="571" VPOS="1575" WIDTH="22"/>
						<String ID="P10_ST00366" HPOS="593" VPOS="1543" WIDTH="114" HEIGHT="33" CONTENT="ergeben" WC="0.97" CC="6594547"/>
						<SP ID="P10_SP00335" HPOS="707" VPOS="1576" WIDTH="23"/>
						<String ID="P10_ST00367" HPOS="730" VPOS="1543" WIDTH="43" HEIGHT="26" CONTENT="ihr" WC="0.94" CC="563"/>
						<SP ID="P10_SP00336" HPOS="773" VPOS="1576" WIDTH="24"/>
						<String ID="P10_ST00368" HPOS="797" VPOS="1543" WIDTH="141" HEIGHT="26" CONTENT="Schicksal." WC="0.99" CC="0554140074"/>
						<SP ID="P10_SP00337" HPOS="938" VPOS="1576" WIDTH="41"/>
						<String ID="P10_ST00369" HPOS="979" VPOS="1544" WIDTH="52" HEIGHT="26" CONTENT="Die" WC="0.99" CC="001"/>
						<SP ID="P10_SP00338" HPOS="1031" VPOS="1576" WIDTH="22"/>
						<String ID="P10_ST00370" HPOS="1053" VPOS="1545" WIDTH="104" HEIGHT="26" CONTENT="Frauen" WC="0.98" CC="020707"/>
						<SP ID="P10_SP00339" HPOS="1157" VPOS="1576" WIDTH="23"/>
						<String ID="P10_ST00371" HPOS="1180" VPOS="1545" WIDTH="127" HEIGHT="33" CONTENT="jammern" WC="0.98" CC="4106047"/>
						<SP ID="P10_SP00340" HPOS="1307" VPOS="1578" WIDTH="24"/>
						<String ID="P10_ST00372" HPOS="1331" VPOS="1546" WIDTH="68" HEIGHT="25" CONTENT="noch" WC="0.96" CC="7306"/>
						<SP ID="P10_SP00341" HPOS="1399" VPOS="1578" WIDTH="25"/>
						<String ID="P10_ST00373" HPOS="1424" VPOS="1554" WIDTH="28" HEIGHT="17" CONTENT="zu" SUBS_TYPE="HypPart1" SUBS_CONTENT="zuweilen" WC="0.98" CC="60"/>
						<HYP HPOS="1452" VPOS="1554" WIDTH="14" CONTENT="-"/>
					</TextLine>
					<TextLine ID="P10_TL00033" HPOS="170" VPOS="1582" WIDTH="1295" HEIGHT="37">
						<String ID="P10_ST00374" HPOS="170" VPOS="1582" WIDTH="93" HEIGHT="25" CONTENT="weilen" SUBS_TYPE="HypPart2" SUBS_CONTENT="zuweilen" WC="0.98" CC="920106"/>
						<SP ID="P10_SP00342" HPOS="263" VPOS="1607" WIDTH="33"/>
						<String ID="P10_ST00375" HPOS="296" VPOS="1582" WIDTH="28" HEIGHT="26" CONTENT="in" WC="0.65" CC="07"/>
						<SP ID="P10_SP00343" HPOS="324" VPOS="1608" WIDTH="25"/>
						<String ID="P10_ST00376" HPOS="349" VPOS="1583" WIDTH="168" HEIGHT="35" CONTENT="Erinnerung" WC="0.98" CC="7347056149"/>
						<SP ID="P10_SP00344" HPOS="517" VPOS="1618" WIDTH="26"/>
						<String ID="P10_ST00377" HPOS="543" VPOS="1585" WIDTH="47" HEIGHT="25" CONTENT="der" WC="0.98" CC="004"/>
						<SP ID="P10_SP00345" HPOS="590" VPOS="1618" WIDTH="34"/>
						<String ID="P10_ST00378" HPOS="624" VPOS="1585" WIDTH="205" HEIGHT="34" CONTENT="Prophezeiung" WC="0.99" CC="741050532170"/>
						<SP ID="P10_SP00346" HPOS="829" VPOS="1619" WIDTH="32"/>
						<String ID="P10_ST00379" HPOS="861" VPOS="1594" WIDTH="53" HEIGHT="18" CONTENT="von" WC="0.97" CC="007"/>
						<SP ID="P10_SP00347" HPOS="914" VPOS="1619" WIDTH="32"/>
						<String ID="P10_ST00380" HPOS="946" VPOS="1587" WIDTH="48" HEIGHT="25" CONTENT="der" WC="0.98" CC="004"/>
						<SP ID="P10_SP00348" HPOS="994" VPOS="1619" WIDTH="34"/>
						<String ID="P10_ST00381" HPOS="1028" VPOS="1587" WIDTH="117" HEIGHT="26" CONTENT="Ankunft" WC="0.99" CC="0003670"/>
						<SP ID="P10_SP00349" HPOS="1145" VPOS="1619" WIDTH="35"/>
						<String ID="P10_ST00382" HPOS="1180" VPOS="1588" WIDTH="47" HEIGHT="25" CONTENT="des" WC="1.00" CC="000"/>
						<SP ID="P10_SP00350" HPOS="1227" VPOS="1619" WIDTH="26"/>
						<String ID="P10_ST00383" HPOS="1253" VPOS="1587" WIDTH="155" HEIGHT="31" CONTENT="Antichrist," WC="0.99" CC="07600700032"/>
						<SP ID="P10_SP00351" HPOS="1408" VPOS="1619" WIDTH="26"/>
						<String ID="P10_ST00384" HPOS="1434" VPOS="1596" WIDTH="31" HEIGHT="17" CONTENT="an" WC="0.36" CC="57"/>
					</TextLine>
					<TextLine ID="P10_TL00034" HPOS="168" VPOS="1627" WIDTH="1298" HEIGHT="36">
						<String ID="P10_ST00385" HPOS="168" VPOS="1627" WIDTH="51" HEIGHT="25" CONTENT="den" WC="0.98" CC="006"/>
						<SP ID="P10_SP00352" HPOS="219" VPOS="1652" WIDTH="19"/>
						<String ID="P10_ST00386" HPOS="238" VPOS="1627" WIDTH="69" HEIGHT="26" CONTENT="noch" WC="0.97" CC="6006"/>
						<SP ID="P10_SP00353" HPOS="307" VPOS="1653" WIDTH="20"/>
						<String ID="P10_ST00387" HPOS="327" VPOS="1627" WIDTH="67" HEIGHT="26" CONTENT="viele" WC="0.99" CC="40050"/>
						<SP ID="P10_SP00354" HPOS="394" VPOS="1653" WIDTH="20"/>
						<String ID="P10_ST00388" HPOS="414" VPOS="1628" WIDTH="122" HEIGHT="32" CONTENT="glauben." WC="0.98" CC="05602762"/>
						<SP ID="P10_SP00355" HPOS="536" VPOS="1660" WIDTH="38"/>
						<String ID="P10_ST00389" HPOS="574" VPOS="1628" WIDTH="30" HEIGHT="25" CONTENT="In" WC="0.34" CC="66"/>
						<SP ID="P10_SP00356" HPOS="604" VPOS="1660" WIDTH="23"/>
						<String ID="P10_ST00390" HPOS="627" VPOS="1628" WIDTH="48" HEIGHT="25" CONTENT="der" WC="1.00" CC="000"/>
						<SP ID="P10_SP00357" HPOS="675" VPOS="1660" WIDTH="19"/>
						<String ID="P10_ST00391" HPOS="694" VPOS="1629" WIDTH="87" HEIGHT="24" CONTENT="ersten" WC="0.98" CC="150027"/>
						<SP ID="P10_SP00358" HPOS="781" VPOS="1660" WIDTH="20"/>
						<String ID="P10_ST00392" HPOS="801" VPOS="1627" WIDTH="59" HEIGHT="27" CONTENT="Zeit" WC="1.00" CC="0000"/>
						<SP ID="P10_SP00359" HPOS="860" VPOS="1660" WIDTH="21"/>
						<String ID="P10_ST00393" HPOS="881" VPOS="1628" WIDTH="66" HEIGHT="33" CONTENT="ging" WC="0.97" CC="0570"/>
						<SP ID="P10_SP00360" HPOS="947" VPOS="1661" WIDTH="22"/>
						<String ID="P10_ST00394" HPOS="969" VPOS="1629" WIDTH="47" HEIGHT="25" CONTENT="das" WC="0.99" CC="010"/>
						<SP ID="P10_SP00361" HPOS="1016" VPOS="1661" WIDTH="22"/>
						<String ID="P10_ST00395" HPOS="1038" VPOS="1629" WIDTH="70" HEIGHT="25" CONTENT="Dorf" WC="0.98" CC="0006"/>
						<SP ID="P10_SP00362" HPOS="1108" VPOS="1661" WIDTH="21"/>
						<String ID="P10_ST00396" HPOS="1129" VPOS="1630" WIDTH="70" HEIGHT="25" CONTENT="noch" WC="0.95" CC="7357"/>
						<SP ID="P10_SP00363" HPOS="1199" VPOS="1661" WIDTH="21"/>
						<String ID="P10_ST00397" HPOS="1220" VPOS="1637" WIDTH="61" HEIGHT="18" CONTENT="zum" WC="0.96" CC="350"/>
						<SP ID="P10_SP00364" HPOS="1281" VPOS="1661" WIDTH="20"/>
						<String ID="P10_ST00398" HPOS="1301" VPOS="1630" WIDTH="100" HEIGHT="33" CONTENT="Popen," WC="0.98" CC="039074"/>
						<SP ID="P10_SP00365" HPOS="1401" VPOS="1663" WIDTH="24"/>
						<String ID="P10_ST00399" HPOS="1425" VPOS="1637" WIDTH="41" HEIGHT="19" CONTENT="um" WC="0.41" CC="65"/>
					</TextLine>
					<TextLine ID="P10_TL00035" HPOS="167" VPOS="1670" WIDTH="1299" HEIGHT="34">
						<String ID="P10_ST00400" HPOS="167" VPOS="1671" WIDTH="51" HEIGHT="25" CONTENT="den" WC="0.97" CC="024"/>
						<SP ID="P10_SP00366" HPOS="218" VPOS="1696" WIDTH="17"/>
						<String ID="P10_ST00401" HPOS="235" VPOS="1679" WIDTH="45" HEIGHT="18" CONTENT="um" WC="0.76" CC="04"/>
						<SP ID="P10_SP00367" HPOS="280" VPOS="1697" WIDTH="20"/>
						<String ID="P10_ST00402" HPOS="300" VPOS="1671" WIDTH="48" HEIGHT="27" CONTENT="Rat" WC="0.98" CC="050"/>
						<SP ID="P10_SP00368" HPOS="348" VPOS="1698" WIDTH="19"/>
						<String ID="P10_ST00403" HPOS="367" VPOS="1679" WIDTH="35" HEIGHT="18" CONTENT="zu" WC="0.59" CC="61"/>
						<SP ID="P10_SP00369" HPOS="402" VPOS="1698" WIDTH="17"/>
						<String ID="P10_ST00404" HPOS="419" VPOS="1672" WIDTH="92" HEIGHT="32" CONTENT="fragen" WC="0.98" CC="616007"/>
						<SP ID="P10_SP00370" HPOS="511" VPOS="1704" WIDTH="18"/>
						<String ID="P10_ST00405" HPOS="529" VPOS="1672" WIDTH="55" HEIGHT="24" CONTENT="und" WC="0.97" CC="070"/>
						<SP ID="P10_SP00371" HPOS="584" VPOS="1704" WIDTH="17"/>
						<String ID="P10_ST00406" HPOS="601" VPOS="1670" WIDTH="129" HEIGHT="27" CONTENT="vielleicht" WC="0.99" CC="4420655050"/>
						<SP ID="P10_SP00372" HPOS="730" VPOS="1704" WIDTH="20"/>
						<String ID="P10_ST00407" HPOS="750" VPOS="1671" WIDTH="44" HEIGHT="26" CONTENT="die" WC="0.96" CC="055"/>
						<SP ID="P10_SP00373" HPOS="794" VPOS="1704" WIDTH="17"/>
						<String ID="P10_ST00408" HPOS="811" VPOS="1671" WIDTH="167" HEIGHT="33" CONTENT="Fürsprache" WC="1.00" CC="7000000160"/>
						<SP ID="P10_SP00374" HPOS="978" VPOS="1704" WIDTH="16"/>
						<String ID="P10_ST00409" HPOS="994" VPOS="1671" WIDTH="45" HEIGHT="29" CONTENT="bei" WC="0.95" CC="067"/>
						<SP ID="P10_SP00375" HPOS="1039" VPOS="1704" WIDTH="19"/>
						<String ID="P10_ST00410" HPOS="1058" VPOS="1672" WIDTH="65" HEIGHT="26" CONTENT="Gott" WC="0.99" CC="0700"/>
						<SP ID="P10_SP00376" HPOS="1123" VPOS="1704" WIDTH="19"/>
						<String ID="P10_ST00411" HPOS="1142" VPOS="1680" WIDTH="33" HEIGHT="18" CONTENT="zu" WC="0.84" CC="30"/>
						<SP ID="P10_SP00377" HPOS="1175" VPOS="1704" WIDTH="20"/>
						<String ID="P10_ST00412" HPOS="1195" VPOS="1672" WIDTH="162" HEIGHT="26" CONTENT="bekommen." WC="0.99" CC="030109664"/>
						<SP ID="P10_SP00378" HPOS="1357" VPOS="1704" WIDTH="39"/>
						<String ID="P10_ST00413" HPOS="1396" VPOS="1672" WIDTH="70" HEIGHT="26" CONTENT="Aber" WC="1.00" CC="0002"/>
					</TextLine>
					<TextLine ID="P10_TL00036" HPOS="168" VPOS="1713" WIDTH="1299" HEIGHT="33">
						<String ID="P10_ST00414" HPOS="168" VPOS="1713" WIDTH="43" HEIGHT="25" CONTENT="die" WC="0.97" CC="240"/>
						<SP ID="P10_SP00379" HPOS="211" VPOS="1738" WIDTH="17"/>
						<String ID="P10_ST00415" HPOS="228" VPOS="1713" WIDTH="91" HEIGHT="33" CONTENT="Popen" WC="0.96" CC="05877"/>
						<SP ID="P10_SP00380" HPOS="319" VPOS="1746" WIDTH="18"/>
						<String ID="P10_ST00416" HPOS="337" VPOS="1714" WIDTH="88" HEIGHT="25" CONTENT="halten" WC="0.98" CC="536010"/>
						<SP ID="P10_SP00381" HPOS="425" VPOS="1746" WIDTH="19"/>
						<String ID="P10_ST00417" HPOS="444" VPOS="1713" WIDTH="71" HEIGHT="27" CONTENT="nicht" WC="0.99" CC="60000"/>
						<SP ID="P10_SP00382" HPOS="515" VPOS="1746" WIDTH="18"/>
						<String ID="P10_ST00418" HPOS="533" VPOS="1713" WIDTH="47" HEIGHT="26" CONTENT="mit" WC="0.96" CC="056"/>
						<SP ID="P10_SP00383" HPOS="580" VPOS="1746" WIDTH="18"/>
						<String ID="P10_ST00419" HPOS="598" VPOS="1714" WIDTH="50" HEIGHT="26" CONTENT="den" WC="0.97" CC="007"/>
						<SP ID="P10_SP00384" HPOS="648" VPOS="1746" WIDTH="19"/>
						<String ID="P10_ST00420" HPOS="667" VPOS="1721" WIDTH="90" HEIGHT="18" CONTENT="armen" WC="0.98" CC="85020"/>
						<SP ID="P10_SP00385" HPOS="757" VPOS="1746" WIDTH="17"/>
						<String ID="P10_ST00421" HPOS="774" VPOS="1714" WIDTH="114" HEIGHT="25" CONTENT="Bauern." WC="0.98" CC="5304064"/>
						<SP ID="P10_SP00386" HPOS="888" VPOS="1746" WIDTH="36"/>
						<String ID="P10_ST00422" HPOS="924" VPOS="1714" WIDTH="136" HEIGHT="26" CONTENT="Nachdem" WC="0.99" CC="0000009"/>
						<SP ID="P10_SP00387" HPOS="1060" VPOS="1746" WIDTH="19"/>
						<String ID="P10_ST00423" HPOS="1079" VPOS="1714" WIDTH="43" HEIGHT="25" CONTENT="die" WC="1.00" CC="000"/>
						<SP ID="P10_SP00388" HPOS="1122" VPOS="1746" WIDTH="20"/>
						<String ID="P10_ST00424" HPOS="1142" VPOS="1714" WIDTH="112" HEIGHT="28" CONTENT="Reichen" WC="1.00" CC="0000030"/>
						<SP ID="P10_SP00389" HPOS="1254" VPOS="1746" WIDTH="20"/>
						<String ID="P10_ST00425" HPOS="1274" VPOS="1715" WIDTH="58" HEIGHT="25" CONTENT="ihre" WC="0.99" CC="0400"/>
						<SP ID="P10_SP00390" HPOS="1332" VPOS="1746" WIDTH="17"/>
						<String ID="P10_ST00426" HPOS="1349" VPOS="1714" WIDTH="118" HEIGHT="26" CONTENT="Taschen" WC="0.99" CC="0001607"/>
					</TextLine>
					<TextLine ID="P10_TL00037" HPOS="168" VPOS="1755" WIDTH="1298" HEIGHT="33">
						<String ID="P10_ST00427" HPOS="168" VPOS="1755" WIDTH="161" HEIGHT="33" CONTENT="zugeknöpft" WC="0.99" CC="5595060060"/>
						<SP ID="P10_SP00391" HPOS="329" VPOS="1788" WIDTH="23"/>
						<String ID="P10_ST00428" HPOS="352" VPOS="1755" WIDTH="94" HEIGHT="31" CONTENT="haben," WC="0.97" CC="740664"/>
						<SP ID="P10_SP00392" HPOS="446" VPOS="1788" WIDTH="26"/>
						<String ID="P10_ST00429" HPOS="472" VPOS="1756" WIDTH="83" HEIGHT="25" CONTENT="denen" WC="0.97" CC="02727"/>
						<SP ID="P10_SP00393" HPOS="555" VPOS="1788" WIDTH="25"/>
						<String ID="P10_ST00430" HPOS="580" VPOS="1756" WIDTH="61" HEIGHT="32" CONTENT="jetzt" WC="0.95" CC="95667"/>
						<SP ID="P10_SP00394" HPOS="641" VPOS="1788" WIDTH="24"/>
						<String ID="P10_ST00431" HPOS="665" VPOS="1756" WIDTH="82" HEIGHT="25" CONTENT="selbst" WC="0.99" CC="000405"/>
						<SP ID="P10_SP00395" HPOS="747" VPOS="1788" WIDTH="24"/>
						<String ID="P10_ST00432" HPOS="771" VPOS="1755" WIDTH="43" HEIGHT="26" CONTENT="ein" WC="0.96" CC="027"/>
						<SP ID="P10_SP00396" HPOS="814" VPOS="1788" WIDTH="26"/>
						<String ID="P10_ST00433" HPOS="840" VPOS="1757" WIDTH="98" HEIGHT="24" CONTENT="Zerfall" WC="0.98" CC="0057067"/>
						<SP ID="P10_SP00397" HPOS="938" VPOS="1788" WIDTH="25"/>
						<String ID="P10_ST00434" HPOS="963" VPOS="1755" WIDTH="73" HEIGHT="26" CONTENT="ihres" WC="0.98" CC="06140"/>
						<SP ID="P10_SP00398" HPOS="1036" VPOS="1788" WIDTH="25"/>
						<String ID="P10_ST00435" HPOS="1061" VPOS="1756" WIDTH="118" HEIGHT="27" CONTENT="Besitzes" WC="0.99" CC="43005240"/>
						<SP ID="P10_SP00399" HPOS="1179" VPOS="1788" WIDTH="25"/>
						<String ID="P10_ST00436" HPOS="1204" VPOS="1756" WIDTH="88" HEIGHT="31" CONTENT="droht," WC="0.99" CC="020603"/>
						<SP ID="P10_SP00400" HPOS="1292" VPOS="1788" WIDTH="27"/>
						<String ID="P10_ST00437" HPOS="1319" VPOS="1757" WIDTH="86" HEIGHT="26" CONTENT="haben" WC="0.98" CC="60016"/>
						<SP ID="P10_SP00401" HPOS="1405" VPOS="1788" WIDTH="25"/>
						<String ID="P10_ST00438" HPOS="1430" VPOS="1756" WIDTH="36" HEIGHT="27" CONTENT="sie" WC="0.93" CC="665"/>
					</TextLine>
					<TextLine ID="P10_TL00038" HPOS="168" VPOS="1797" WIDTH="1299" HEIGHT="35">
						<String ID="P10_ST00439" HPOS="168" VPOS="1797" WIDTH="48" HEIGHT="26" CONTENT="das" WC="1.00" CC="000"/>
						<SP ID="P10_SP00402" HPOS="216" VPOS="1823" WIDTH="20"/>
						<String ID="P10_ST00440" HPOS="236" VPOS="1797" WIDTH="130" HEIGHT="27" CONTENT="Interesse" WC="0.99" CC="766060000"/>
						<SP ID="P10_SP00403" HPOS="366" VPOS="1824" WIDTH="18"/>
						<String ID="P10_ST00441" HPOS="384" VPOS="1806" WIDTH="42" HEIGHT="17" CONTENT="am" WC="0.64" CC="70"/>
						<SP ID="P10_SP00404" HPOS="426" VPOS="1824" WIDTH="18"/>
						<String ID="P10_ST00442" HPOS="444" VPOS="1798" WIDTH="69" HEIGHT="25" CONTENT="Dorf" WC="0.97" CC="1607"/>
						<SP ID="P10_SP00405" HPOS="513" VPOS="1824" WIDTH="17"/>
						<String ID="P10_ST00443" HPOS="530" VPOS="1798" WIDTH="130" HEIGHT="27" CONTENT="verloren." WC="0.99" CC="316050472"/>
						<SP ID="P10_SP00406" HPOS="660" VPOS="1825" WIDTH="34"/>
						<String ID="P10_ST00444" HPOS="694" VPOS="1798" WIDTH="44" HEIGHT="26" CONTENT="Sie" WC="0.97" CC="350"/>
						<SP ID="P10_SP00407" HPOS="738" VPOS="1825" WIDTH="17"/>
						<String ID="P10_ST00445" HPOS="755" VPOS="1798" WIDTH="62" HEIGHT="26" CONTENT="sind" WC="0.97" CC="0670"/>
						<SP ID="P10_SP00408" HPOS="817" VPOS="1825" WIDTH="18"/>
						<String ID="P10_ST00446" HPOS="835" VPOS="1806" WIDTH="62" HEIGHT="18" CONTENT="zum" WC="0.96" CC="505"/>
						<SP ID="P10_SP00409" HPOS="897" VPOS="1825" WIDTH="17"/>
						<String ID="P10_ST00447" HPOS="914" VPOS="1799" WIDTH="114" HEIGHT="33" CONTENT="größten" WC="0.98" CC="9510707"/>
						<SP ID="P10_SP00410" HPOS="1028" VPOS="1832" WIDTH="18"/>
						<String ID="P10_ST00448" HPOS="1046" VPOS="1799" WIDTH="57" HEIGHT="26" CONTENT="Teil" WC="0.98" CC="0007"/>
						<SP ID="P10_SP00411" HPOS="1103" VPOS="1832" WIDTH="18"/>
						<String ID="P10_ST00449" HPOS="1121" VPOS="1799" WIDTH="165" HEIGHT="33" CONTENT="ausgerückt." WC="1.00" CC="01000000003"/>
						<SP ID="P10_SP00412" HPOS="1286" VPOS="1832" WIDTH="37"/>
						<String ID="P10_ST00450" HPOS="1323" VPOS="1799" WIDTH="35" HEIGHT="26" CONTENT="So" WC="0.94" CC="10"/>
						<SP ID="P10_SP00413" HPOS="1358" VPOS="1832" WIDTH="18"/>
						<String ID="P10_ST00451" HPOS="1376" VPOS="1798" WIDTH="91" HEIGHT="27" CONTENT="wurde" WC="0.98" CC="04440"/>
					</TextLine>
					<TextLine ID="P10_TL00039" HPOS="167" VPOS="1839" WIDTH="1299" HEIGHT="35">
						<String ID="P10_ST00452" HPOS="167" VPOS="1839" WIDTH="150" HEIGHT="26" CONTENT="allmählich" WC="0.98" CC="6439065017"/>
						<SP ID="P10_SP00414" HPOS="317" VPOS="1865" WIDTH="23"/>
						<String ID="P10_ST00453" HPOS="340" VPOS="1839" WIDTH="43" HEIGHT="26" CONTENT="die" WC="1.00" CC="000"/>
						<SP ID="P10_SP00415" HPOS="383" VPOS="1865" WIDTH="24"/>
						<String ID="P10_ST00454" HPOS="407" VPOS="1839" WIDTH="86" HEIGHT="26" CONTENT="lokale" WC="0.99" CC="400065"/>
						<SP ID="P10_SP00416" HPOS="493" VPOS="1865" WIDTH="22"/>
						<String ID="P10_ST00455" HPOS="515" VPOS="1841" WIDTH="219" HEIGHT="33" CONTENT="Sowjetbehörde" WC="0.99" CC="4564073070000"/>
						<SP ID="P10_SP00417" HPOS="734" VPOS="1874" WIDTH="23"/>
						<String ID="P10_ST00456" HPOS="757" VPOS="1849" WIDTH="62" HEIGHT="17" CONTENT="zum" WC="0.95" CC="670"/>
						<SP ID="P10_SP00418" HPOS="819" VPOS="1874" WIDTH="22"/>
						<String ID="P10_ST00457" HPOS="841" VPOS="1841" WIDTH="179" HEIGHT="33" CONTENT="Mittelpunkt," WC="0.99" CC="247004064003"/>
						<SP ID="P10_SP00419" HPOS="1020" VPOS="1874" WIDTH="23"/>
						<String ID="P10_ST00458" HPOS="1043" VPOS="1841" WIDTH="45" HEIGHT="28" CONTENT="bei" WC="0.95" CC="606"/>
						<SP ID="P10_SP00420" HPOS="1088" VPOS="1874" WIDTH="25"/>
						<String ID="P10_ST00459" HPOS="1113" VPOS="1842" WIDTH="47" HEIGHT="25" CONTENT="der" WC="1.00" CC="000"/>
						<SP ID="P10_SP00421" HPOS="1160" VPOS="1874" WIDTH="23"/>
						<String ID="P10_ST00460" HPOS="1183" VPOS="1841" WIDTH="43" HEIGHT="26" CONTENT="die" WC="0.98" CC="050"/>
						<SP ID="P10_SP00422" HPOS="1226" VPOS="1874" WIDTH="22"/>
						<String ID="P10_ST00461" HPOS="1248" VPOS="1849" WIDTH="90" HEIGHT="19" CONTENT="armen" WC="0.99" CC="00006"/>
						<SP ID="P10_SP00423" HPOS="1338" VPOS="1874" WIDTH="26"/>
						<String ID="P10_ST00462" HPOS="1364" VPOS="1842" WIDTH="102" HEIGHT="25" CONTENT="Bauern" WC="0.98" CC="504057"/>
					</TextLine>
					<TextLine ID="P10_TL00040" HPOS="169" VPOS="1883" WIDTH="1297" HEIGHT="33">
						<String ID="P10_ST00463" HPOS="169" VPOS="1884" WIDTH="57" HEIGHT="25" CONTENT="ihre" WC="0.96" CC="4705"/>
						<SP ID="P10_SP00424" HPOS="226" VPOS="1909" WIDTH="27"/>
						<String ID="P10_ST00464" HPOS="253" VPOS="1883" WIDTH="190" HEIGHT="27" CONTENT="schüchternen" WC="0.99" CC="020026026706"/>
						<SP ID="P10_SP00425" HPOS="443" VPOS="1910" WIDTH="25"/>
						<String ID="P10_ST00465" HPOS="468" VPOS="1884" WIDTH="104" HEIGHT="32" CONTENT="Fragen" WC="0.97" CC="766027"/>
						<SP ID="P10_SP00426" HPOS="572" VPOS="1916" WIDTH="27"/>
						<String ID="P10_ST00466" HPOS="599" VPOS="1884" WIDTH="174" HEIGHT="25" CONTENT="beantwortet" WC="0.99" CC="50657000020"/>
						<SP ID="P10_SP00427" HPOS="773" VPOS="1916" WIDTH="28"/>
						<String ID="P10_ST00467" HPOS="801" VPOS="1884" WIDTH="163" HEIGHT="25" CONTENT="bekommen." WC="0.99" CC="300500074"/>
						<SP ID="P10_SP00428" HPOS="964" VPOS="1916" WIDTH="43"/>
						<String ID="P10_ST00468" HPOS="1007" VPOS="1883" WIDTH="44" HEIGHT="26" CONTENT="Sie" WC="0.97" CC="340"/>
						<SP ID="P10_SP00429" HPOS="1051" VPOS="1916" WIDTH="26"/>
						<String ID="P10_ST00469" HPOS="1077" VPOS="1884" WIDTH="122" HEIGHT="25" CONTENT="kommen" WC="0.99" CC="600007"/>
						<SP ID="P10_SP00430" HPOS="1199" VPOS="1916" WIDTH="26"/>
						<String ID="P10_ST00470" HPOS="1225" VPOS="1884" WIDTH="48" HEIGHT="26" CONTENT="mit" WC="0.99" CC="200"/>
						<SP ID="P10_SP00431" HPOS="1273" VPOS="1916" WIDTH="27"/>
						<String ID="P10_ST00471" HPOS="1300" VPOS="1884" WIDTH="67" HEIGHT="26" CONTENT="allen" WC="0.97" CC="06366"/>
						<SP ID="P10_SP00432" HPOS="1367" VPOS="1916" WIDTH="28"/>
						<String ID="P10_ST00472" HPOS="1395" VPOS="1886" WIDTH="54" HEIGHT="29" CONTENT="mög" SUBS_TYPE="HypPart1" SUBS_CONTENT="möglichen" WC="0.97" CC="009"/>
						<HYP HPOS="1449" VPOS="1886" WIDTH="17" CONTENT="-"/>
					</TextLine>
					<TextLine ID="P10_TL00041" HPOS="169" VPOS="1924" WIDTH="1298" HEIGHT="35">
						<String ID="P10_ST00473" HPOS="169" VPOS="1926" WIDTH="85" HEIGHT="25" CONTENT="lichen" SUBS_TYPE="HypPart2" SUBS_CONTENT="möglichen" WC="0.98" CC="050730"/>
						<SP ID="P10_SP00433" HPOS="254" VPOS="1951" WIDTH="23"/>
						<String ID="P10_ST00474" HPOS="277" VPOS="1926" WIDTH="159" HEIGHT="30" CONTENT="Gerüchten," WC="0.99" CC="0000760263"/>
						<SP ID="P10_SP00434" HPOS="436" VPOS="1956" WIDTH="23"/>
						<String ID="P10_ST00475" HPOS="459" VPOS="1926" WIDTH="55" HEIGHT="25" CONTENT="und" WC="0.97" CC="070"/>
						<SP ID="P10_SP00435" HPOS="514" VPOS="1956" WIDTH="20"/>
						<String ID="P10_ST00476" HPOS="534" VPOS="1933" WIDTH="28" HEIGHT="18" CONTENT="es" WC="0.86" CC="20"/>
						<SP ID="P10_SP00436" HPOS="562" VPOS="1956" WIDTH="22"/>
						<String ID="P10_ST00477" HPOS="584" VPOS="1933" WIDTH="61" HEIGHT="26" CONTENT="mag" WC="0.96" CC="900"/>
						<SP ID="P10_SP00437" HPOS="645" VPOS="1959" WIDTH="23"/>
						<String ID="P10_ST00478" HPOS="668" VPOS="1924" WIDTH="51" HEIGHT="27" CONTENT="viel" WC="0.96" CC="0467"/>
						<SP ID="P10_SP00438" HPOS="719" VPOS="1959" WIDTH="22"/>
						<String ID="P10_ST00479" HPOS="741" VPOS="1926" WIDTH="106" HEIGHT="25" CONTENT="Geduld" WC="0.98" CC="620560"/>
						<SP ID="P10_SP00439" HPOS="847" VPOS="1959" WIDTH="21"/>
						<String ID="P10_ST00480" HPOS="868" VPOS="1926" WIDTH="68" HEIGHT="26" CONTENT="dazu" WC="0.99" CC="0005"/>
						<SP ID="P10_SP00440" HPOS="936" VPOS="1959" WIDTH="23"/>
						<String ID="P10_ST00481" HPOS="959" VPOS="1926" WIDTH="125" HEIGHT="33" CONTENT="gehören," WC="0.99" CC="00602161"/>
						<SP ID="P10_SP00441" HPOS="1084" VPOS="1959" WIDTH="24"/>
						<String ID="P10_ST00482" HPOS="1108" VPOS="1926" WIDTH="94" HEIGHT="26" CONTENT="immer" WC="0.99" CC="60002"/>
						<SP ID="P10_SP00442" HPOS="1202" VPOS="1959" WIDTH="23"/>
						<String ID="P10_ST00483" HPOS="1225" VPOS="1926" WIDTH="100" HEIGHT="26" CONTENT="wieder" WC="0.99" CC="030004"/>
						<SP ID="P10_SP00443" HPOS="1325" VPOS="1959" WIDTH="21"/>
						<String ID="P10_ST00484" HPOS="1346" VPOS="1926" WIDTH="43" HEIGHT="27" CONTENT="die" WC="0.99" CC="020"/>
						<SP ID="P10_SP00444" HPOS="1389" VPOS="1959" WIDTH="23"/>
						<String ID="P10_ST00485" HPOS="1412" VPOS="1927" WIDTH="42" HEIGHT="25" CONTENT="not" SUBS_TYPE="HypPart1" SUBS_CONTENT="notwendige" WC="0.96" CC="734"/>
						<HYP HPOS="1454" VPOS="1927" WIDTH="13" CONTENT="-"/>
					</TextLine>
					<TextLine ID="P10_TL00042" HPOS="171" VPOS="1967" WIDTH="1296" HEIGHT="34">
						<String ID="P10_ST00486" HPOS="171" VPOS="1967" WIDTH="122" HEIGHT="34" CONTENT="wendige" SUBS_TYPE="HypPart2" SUBS_CONTENT="notwendige" WC="0.97" CC="6670595"/>
						<SP ID="P10_SP00445" HPOS="293" VPOS="2001" WIDTH="38"/>
						<String ID="P10_ST00487" HPOS="331" VPOS="1967" WIDTH="266" HEIGHT="34" CONTENT="Aufklärungsarbeit" WC="1.00" CC="00605000002000360"/>
						<SP ID="P10_SP00446" HPOS="597" VPOS="2001" WIDTH="41"/>
						<String ID="P10_ST00488" HPOS="638" VPOS="1975" WIDTH="34" HEIGHT="19" CONTENT="zu" WC="0.81" CC="03"/>
						<SP ID="P10_SP00447" HPOS="672" VPOS="2001" WIDTH="38"/>
						<String ID="P10_ST00489" HPOS="710" VPOS="1967" WIDTH="101" HEIGHT="28" CONTENT="leisten." WC="0.98" CC="52500474"/>
						<SP ID="P10_SP00448" HPOS="811" VPOS="2001" WIDTH="59"/>
						<String ID="P10_ST00490" HPOS="870" VPOS="1968" WIDTH="56" HEIGHT="26" CONTENT="Das" WC="1.00" CC="000"/>
						<SP ID="P10_SP00449" HPOS="926" VPOS="2001" WIDTH="39"/>
						<String ID="P10_ST00491" HPOS="965" VPOS="1968" WIDTH="116" HEIGHT="33" CONTENT="Beispiel" WC="1.00" CC="52000002"/>
						<SP ID="P10_SP00450" HPOS="1081" VPOS="2001" WIDTH="31"/>
						<String ID="P10_ST00492" HPOS="1112" VPOS="1968" WIDTH="48" HEIGHT="26" CONTENT="der" WC="0.96" CC="065"/>
						<SP ID="P10_SP00451" HPOS="1160" VPOS="2001" WIDTH="37"/>
						<String ID="P10_ST00493" HPOS="1197" VPOS="1968" WIDTH="122" HEIGHT="33" CONTENT="wenigen" WC="0.99" CC="0460000"/>
						<SP ID="P10_SP00452" HPOS="1319" VPOS="2001" WIDTH="23"/>
						<String ID="P10_ST00494" HPOS="1342" VPOS="1969" WIDTH="105" HEIGHT="26" CONTENT="Kommu" SUBS_TYPE="HypPart1" SUBS_CONTENT="Kommunisten," WC="0.99" CC="00083"/>
						<HYP HPOS="1447" VPOS="1969" WIDTH="20" CONTENT="-"/>
					</TextLine>
					<TextLine ID="P10_TL00043" HPOS="168" VPOS="2009" WIDTH="1299" HEIGHT="34">
						<String ID="P10_ST00495" HPOS="168" VPOS="2009" WIDTH="93" HEIGHT="31" CONTENT="nisten," SUBS_TYPE="HypPart2" SUBS_CONTENT="Kommunisten," WC="0.98" CC="7470663"/>
						<SP ID="P10_SP00453" HPOS="261" VPOS="2040" WIDTH="21"/>
						<String ID="P10_ST00496" HPOS="282" VPOS="2009" WIDTH="44" HEIGHT="26" CONTENT="die" WC="0.96" CC="045"/>
						<SP ID="P10_SP00454" HPOS="326" VPOS="2040" WIDTH="21"/>
						<String ID="P10_ST00497" HPOS="347" VPOS="2009" WIDTH="147" HEIGHT="26" CONTENT="manchmal" WC="0.98" CC="07606026"/>
						<SP ID="P10_SP00455" HPOS="494" VPOS="2040" WIDTH="22"/>
						<String ID="P10_ST00498" HPOS="516" VPOS="2017" WIDTH="34" HEIGHT="18" CONTENT="an" WC="0.30" CC="76"/>
						<SP ID="P10_SP00456" HPOS="550" VPOS="2040" WIDTH="20"/>
						<String ID="P10_ST00499" HPOS="570" VPOS="2009" WIDTH="248" HEIGHT="26" CONTENT="verantwortlichen" WC="0.99" CC="0000770306540406"/>
						<SP ID="P10_SP00457" HPOS="818" VPOS="2040" WIDTH="22"/>
						<String ID="P10_ST00500" HPOS="840" VPOS="2010" WIDTH="94" HEIGHT="25" CONTENT="Stellen" WC="0.99" CC="0003506"/>
						<SP ID="P10_SP00458" HPOS="934" VPOS="2040" WIDTH="20"/>
						<String ID="P10_ST00501" HPOS="954" VPOS="2010" WIDTH="67" HEIGHT="25" CONTENT="über" WC="0.99" CC="0050"/>
						<SP ID="P10_SP00459" HPOS="1021" VPOS="2040" WIDTH="23"/>
						<String ID="P10_ST00502" HPOS="1044" VPOS="2009" WIDTH="76" HEIGHT="26" CONTENT="einen" WC="0.98" CC="65600"/>
						<SP ID="P10_SP00460" HPOS="1120" VPOS="2040" WIDTH="20"/>
						<String ID="P10_ST00503" HPOS="1140" VPOS="2018" WIDTH="102" HEIGHT="25" CONTENT="ganzen" WC="0.99" CC="000560"/>
						<SP ID="P10_SP00461" HPOS="1242" VPOS="2043" WIDTH="22"/>
						<String ID="P10_ST00504" HPOS="1264" VPOS="2010" WIDTH="80" HEIGHT="27" CONTENT="Kreis" WC="0.99" CC="00140"/>
						<SP ID="P10_SP00462" HPOS="1344" VPOS="2043" WIDTH="23"/>
						<String ID="P10_ST00505" HPOS="1367" VPOS="2009" WIDTH="100" HEIGHT="27" CONTENT="verteilt" WC="0.99" CC="13004567"/>
					</TextLine>
					<TextLine ID="P10_TL00044" HPOS="169" VPOS="2051" WIDTH="1298" HEIGHT="34">
						<String ID="P10_ST00506" HPOS="169" VPOS="2051" WIDTH="68" HEIGHT="31" CONTENT="sind," WC="0.97" CC="04762"/>
						<SP ID="P10_SP00463" HPOS="237" VPOS="2082" WIDTH="23"/>
						<String ID="P10_ST00507" HPOS="260" VPOS="2051" WIDTH="78" HEIGHT="26" CONTENT="wirkt" WC="0.97" CC="67206"/>
						<SP ID="P10_SP00464" HPOS="338" VPOS="2082" WIDTH="22"/>
						<String ID="P10_ST00508" HPOS="360" VPOS="2052" WIDTH="126" HEIGHT="26" CONTENT="Wunder." WC="0.98" CC="0566014"/>
						<SP ID="P10_SP00465" HPOS="486" VPOS="2082" WIDTH="36"/>
						<String ID="P10_ST00509" HPOS="522" VPOS="2051" WIDTH="44" HEIGHT="26" CONTENT="Sie" WC="0.97" CC="230"/>
						<SP ID="P10_SP00466" HPOS="566" VPOS="2082" WIDTH="21"/>
						<String ID="P10_ST00510" HPOS="587" VPOS="2052" WIDTH="84" HEIGHT="25" CONTENT="haben" WC="0.97" CC="60653"/>
						<SP ID="P10_SP00467" HPOS="671" VPOS="2082" WIDTH="22"/>
						<String ID="P10_ST00511" HPOS="693" VPOS="2052" WIDTH="42" HEIGHT="26" CONTENT="die" WC="0.97" CC="062"/>
						<SP ID="P10_SP00468" HPOS="735" VPOS="2082" WIDTH="22"/>
						<String ID="P10_ST00512" HPOS="757" VPOS="2053" WIDTH="94" HEIGHT="25" CONTENT="Masse" WC="1.00" CC="00003"/>
						<SP ID="P10_SP00469" HPOS="851" VPOS="2082" WIDTH="20"/>
						<String ID="P10_ST00513" HPOS="871" VPOS="2053" WIDTH="48" HEIGHT="24" CONTENT="der" WC="0.99" CC="002"/>
						<SP ID="P10_SP00470" HPOS="919" VPOS="2082" WIDTH="20"/>
						<String ID="P10_ST00514" HPOS="939" VPOS="2060" WIDTH="89" HEIGHT="19" CONTENT="armen" WC="0.98" CC="00066"/>
						<SP ID="P10_SP00471" HPOS="1028" VPOS="2082" WIDTH="22"/>
						<String ID="P10_ST00515" HPOS="1050" VPOS="2053" WIDTH="105" HEIGHT="25" CONTENT="Bauern" WC="0.99" CC="605000"/>
						<SP ID="P10_SP00472" HPOS="1155" VPOS="2082" WIDTH="21"/>
						<String ID="P10_ST00516" HPOS="1176" VPOS="2053" WIDTH="84" HEIGHT="25" CONTENT="durch" WC="0.98" CC="01626"/>
						<SP ID="P10_SP00473" HPOS="1260" VPOS="2082" WIDTH="24"/>
						<String ID="P10_ST00517" HPOS="1284" VPOS="2053" WIDTH="47" HEIGHT="26" CONTENT="das" WC="0.99" CC="002"/>
						<SP ID="P10_SP00474" HPOS="1331" VPOS="2082" WIDTH="22"/>
						<String ID="P10_ST00518" HPOS="1353" VPOS="2051" WIDTH="114" HEIGHT="34" CONTENT="Beispiel" WC="0.99" CC="60300406"/>
					</TextLine>
					<TextLine ID="P10_TL00045" HPOS="169" VPOS="2093" WIDTH="1298" HEIGHT="35">
						<String ID="P10_ST00519" HPOS="169" VPOS="2094" WIDTH="42" HEIGHT="25" CONTENT="für" WC="0.97" CC="015"/>
						<SP ID="P10_SP00475" HPOS="211" VPOS="2119" WIDTH="20"/>
						<String ID="P10_ST00520" HPOS="231" VPOS="2093" WIDTH="56" HEIGHT="26" CONTENT="sich" WC="0.98" CC="0307"/>
						<SP ID="P10_SP00476" HPOS="287" VPOS="2119" WIDTH="25"/>
						<String ID="P10_ST00521" HPOS="312" VPOS="2102" WIDTH="155" HEIGHT="25" CONTENT="gewonnen." WC="0.99" CC="000160074"/>
						<SP ID="P10_SP00477" HPOS="467" VPOS="2127" WIDTH="39"/>
						<String ID="P10_ST00522" HPOS="506" VPOS="2093" WIDTH="51" HEIGHT="27" CONTENT="Die" WC="0.98" CC="600"/>
						<SP ID="P10_SP00478" HPOS="557" VPOS="2127" WIDTH="23"/>
						<String ID="P10_ST00523" HPOS="580" VPOS="2095" WIDTH="180" HEIGHT="32" CONTENT="Hungernden" WC="0.99" CC="7269026007"/>
						<SP ID="P10_SP00479" HPOS="760" VPOS="2127" WIDTH="22"/>
						<String ID="P10_ST00524" HPOS="782" VPOS="2094" WIDTH="160" HEIGHT="33" CONTENT="schweigen," WC="0.99" CC="2060400074"/>
						<SP ID="P10_SP00480" HPOS="942" VPOS="2127" WIDTH="23"/>
						<String ID="P10_ST00525" HPOS="965" VPOS="2095" WIDTH="40" HEIGHT="26" CONTENT="sie" WC="0.99" CC="030"/>
						<SP ID="P10_SP00481" HPOS="1005" VPOS="2127" WIDTH="23"/>
						<String ID="P10_ST00526" HPOS="1028" VPOS="2095" WIDTH="80" HEIGHT="33" CONTENT="fügen" WC="0.98" CC="70060"/>
						<SP ID="P10_SP00482" HPOS="1108" VPOS="2128" WIDTH="22"/>
						<String ID="P10_ST00527" HPOS="1130" VPOS="2094" WIDTH="57" HEIGHT="27" CONTENT="sich" WC="0.98" CC="0704"/>
						<SP ID="P10_SP00483" HPOS="1187" VPOS="2128" WIDTH="23"/>
						<String ID="P10_ST00528" HPOS="1210" VPOS="2095" WIDTH="27" HEIGHT="26" CONTENT="in" WC="0.33" CC="67"/>
						<SP ID="P10_SP00484" HPOS="1237" VPOS="2128" WIDTH="25"/>
						<String ID="P10_ST00529" HPOS="1262" VPOS="2095" WIDTH="43" HEIGHT="26" CONTENT="ihr" WC="0.98" CC="040"/>
						<SP ID="P10_SP00485" HPOS="1305" VPOS="2128" WIDTH="21"/>
						<String ID="P10_ST00530" HPOS="1326" VPOS="2094" WIDTH="141" HEIGHT="29" CONTENT="Schicksal," WC="1.00" CC="0003000063"/>
					</TextLine>
					<TextLine ID="P10_TL00046" HPOS="169" VPOS="2135" WIDTH="1298" HEIGHT="28">
						<String ID="P10_ST00531" HPOS="169" VPOS="2135" WIDTH="47" HEIGHT="26" CONTENT="das" WC="0.97" CC="800"/>
						<SP ID="P10_SP00486" HPOS="216" VPOS="2161" WIDTH="23"/>
						<String ID="P10_ST00532" HPOS="239" VPOS="2135" WIDTH="128" HEIGHT="27" CONTENT="vielleicht" WC="0.99" CC="0416552075"/>
						<SP ID="P10_SP00487" HPOS="367" VPOS="2162" WIDTH="22"/>
						<String ID="P10_ST00533" HPOS="389" VPOS="2136" WIDTH="36" HEIGHT="26" CONTENT="im" WC="0.37" CC="38"/>
						<SP ID="P10_SP00488" HPOS="425" VPOS="2162" WIDTH="23"/>
						<String ID="P10_ST00534" HPOS="448" VPOS="2136" WIDTH="79" HEIGHT="26" CONTENT="Laufe" WC="0.97" CC="69104"/>
						<SP ID="P10_SP00489" HPOS="527" VPOS="2162" WIDTH="23"/>
						<String ID="P10_ST00535" HPOS="550" VPOS="2136" WIDTH="87" HEIGHT="26" CONTENT="dieses" WC="0.99" CC="031070"/>
						<SP ID="P10_SP00490" HPOS="637" VPOS="2162" WIDTH="23"/>
						<String ID="P10_ST00536" HPOS="660" VPOS="2136" WIDTH="115" HEIGHT="27" CONTENT="Winters" WC="0.99" CC="0566000"/>
						<SP ID="P10_SP00491" HPOS="775" VPOS="2163" WIDTH="22"/>
						<String ID="P10_ST00537" HPOS="797" VPOS="2138" WIDTH="71" HEIGHT="24" CONTENT="trotz" WC="0.97" CC="75371"/>
						<SP ID="P10_SP00492" HPOS="868" VPOS="2163" WIDTH="22"/>
						<String ID="P10_ST00538" HPOS="890" VPOS="2137" WIDTH="64" HEIGHT="26" CONTENT="aller" WC="0.98" CC="25630"/>
						<SP ID="P10_SP00493" HPOS="954" VPOS="2163" WIDTH="23"/>
						<String ID="P10_ST00539" HPOS="977" VPOS="2136" WIDTH="194" HEIGHT="26" CONTENT="Hilfsaktionen" WC="0.99" CC="5067020743707"/>
						<SP ID="P10_SP00494" HPOS="1171" VPOS="2163" WIDTH="25"/>
						<String ID="P10_ST00540" HPOS="1196" VPOS="2138" WIDTH="120" HEIGHT="25" CONTENT="dennoch" WC="1.00" CC="0006000"/>
						<SP ID="P10_SP00495" HPOS="1316" VPOS="2163" WIDTH="23"/>
						<String ID="P10_ST00541" HPOS="1339" VPOS="2138" WIDTH="48" HEIGHT="25" CONTENT="der" WC="0.98" CC="005"/>
						<SP ID="P10_SP00496" HPOS="1387" VPOS="2163" WIDTH="22"/>
						<String ID="P10_ST00542" HPOS="1409" VPOS="2135" WIDTH="58" HEIGHT="27" CONTENT="Tod" WC="0.95" CC="066"/>
					</TextLine>
					<TextLine ID="P10_TL00047" HPOS="170" VPOS="2177" WIDTH="1297" HEIGHT="36">
						<String ID="P10_ST00543" HPOS="170" VPOS="2177" WIDTH="56" HEIGHT="25" CONTENT="sein" WC="0.96" CC="0367"/>
						<SP ID="P10_SP00497" HPOS="226" VPOS="2202" WIDTH="22"/>
						<String ID="P10_ST00544" HPOS="248" VPOS="2178" WIDTH="77" HEIGHT="26" CONTENT="wird." WC="0.98" CC="05504"/>
						<SP ID="P10_SP00498" HPOS="325" VPOS="2204" WIDTH="39"/>
						<String ID="P10_ST00545" HPOS="364" VPOS="2178" WIDTH="143" HEIGHT="31" CONTENT="Vielleicht," WC="0.99" CC="06607002633"/>
						<SP ID="P10_SP00499" HPOS="507" VPOS="2209" WIDTH="25"/>
						<String ID="P10_ST00546" HPOS="532" VPOS="2178" WIDTH="53" HEIGHT="26" CONTENT="daß" WC="0.95" CC="066"/>
						<SP ID="P10_SP00500" HPOS="585" VPOS="2209" WIDTH="25"/>
						<String ID="P10_ST00547" HPOS="610" VPOS="2178" WIDTH="43" HEIGHT="26" CONTENT="die" WC="0.99" CC="003"/>
						<SP ID="P10_SP00501" HPOS="653" VPOS="2209" WIDTH="22"/>
						<String ID="P10_ST00548" HPOS="675" VPOS="2179" WIDTH="104" HEIGHT="25" CONTENT="Frauen" WC="0.98" CC="720407"/>
						<SP ID="P10_SP00502" HPOS="779" VPOS="2209" WIDTH="23"/>
						<String ID="P10_ST00549" HPOS="802" VPOS="2179" WIDTH="54" HEIGHT="26" CONTENT="und" WC="0.95" CC="570"/>
						<SP ID="P10_SP00503" HPOS="856" VPOS="2209" WIDTH="23"/>
						<String ID="P10_ST00550" HPOS="879" VPOS="2179" WIDTH="103" HEIGHT="27" CONTENT="Kinder" WC="0.99" CC="037000"/>
						<SP ID="P10_SP00504" HPOS="982" VPOS="2209" WIDTH="25"/>
						<String ID="P10_ST00551" HPOS="1007" VPOS="2180" WIDTH="68" HEIGHT="25" CONTENT="noch" WC="0.97" CC="7024"/>
						<SP ID="P10_SP00505" HPOS="1075" VPOS="2209" WIDTH="23"/>
						<String ID="P10_ST00552" HPOS="1098" VPOS="2180" WIDTH="108" HEIGHT="25" CONTENT="werden" WC="0.98" CC="360007"/>
						<SP ID="P10_SP00506" HPOS="1206" VPOS="2209" WIDTH="24"/>
						<String ID="P10_ST00553" HPOS="1230" VPOS="2182" WIDTH="108" HEIGHT="31" CONTENT="gerettet" WC="0.99" CC="00407707"/>
						<SP ID="P10_SP00507" HPOS="1338" VPOS="2213" WIDTH="23"/>
						<String ID="P10_ST00554" HPOS="1361" VPOS="2179" WIDTH="106" HEIGHT="27" CONTENT="werden" WC="0.98" CC="006037"/>
					</TextLine>
					<TextLine ID="P10_TL00048" HPOS="170" VPOS="2218" WIDTH="1297" HEIGHT="37">
						<String ID="P10_ST00555" HPOS="170" VPOS="2218" WIDTH="112" HEIGHT="31" CONTENT="können," WC="0.98" CC="4007564"/>
						<SP ID="P10_SP00508" HPOS="282" VPOS="2249" WIDTH="23"/>
						<String ID="P10_ST00556" HPOS="305" VPOS="2221" WIDTH="66" HEIGHT="24" CONTENT="auch" WC="0.97" CC="0606"/>
						<SP ID="P10_SP00509" HPOS="371" VPOS="2249" WIDTH="24"/>
						<String ID="P10_ST00557" HPOS="395" VPOS="2228" WIDTH="56" HEIGHT="18" CONTENT="wer" WC="0.98" CC="303"/>
						<SP ID="P10_SP00510" HPOS="451" VPOS="2249" WIDTH="21"/>
						<String ID="P10_ST00558" HPOS="472" VPOS="2229" WIDTH="52" HEIGHT="17" CONTENT="von" WC="0.96" CC="171"/>
						<SP ID="P10_SP00511" HPOS="524" VPOS="2249" WIDTH="23"/>
						<String ID="P10_ST00559" HPOS="547" VPOS="2221" WIDTH="49" HEIGHT="25" CONTENT="den" WC="0.96" CC="047"/>
						<SP ID="P10_SP00512" HPOS="596" VPOS="2249" WIDTH="23"/>
						<String ID="P10_ST00560" HPOS="619" VPOS="2221" WIDTH="113" HEIGHT="32" CONTENT="übrigen" WC="0.98" CC="0076047"/>
						<SP ID="P10_SP00513" HPOS="732" VPOS="2253" WIDTH="24"/>
						<String ID="P10_ST00561" HPOS="756" VPOS="2222" WIDTH="68" HEIGHT="24" CONTENT="noch" WC="0.95" CC="7347"/>
						<SP ID="P10_SP00514" HPOS="824" VPOS="2253" WIDTH="24"/>
						<String ID="P10_ST00562" HPOS="848" VPOS="2229" WIDTH="83" HEIGHT="18" CONTENT="neuen" WC="0.96" CC="72566"/>
						<SP ID="P10_SP00515" HPOS="931" VPOS="2253" WIDTH="23"/>
						<String ID="P10_ST00563" HPOS="954" VPOS="2222" WIDTH="61" HEIGHT="25" CONTENT="Mut" WC="0.95" CC="076"/>
						<SP ID="P10_SP00516" HPOS="1015" VPOS="2253" WIDTH="22"/>
						<String ID="P10_ST00564" HPOS="1037" VPOS="2230" WIDTH="89" HEIGHT="25" CONTENT="genug" WC="0.97" CC="92029"/>
						<SP ID="P10_SP00517" HPOS="1126" VPOS="2255" WIDTH="21"/>
						<String ID="P10_ST00565" HPOS="1147" VPOS="2222" WIDTH="64" HEIGHT="31" CONTENT="faßt," WC="0.98" CC="50074"/>
						<SP ID="P10_SP00518" HPOS="1211" VPOS="2255" WIDTH="25"/>
						<String ID="P10_ST00566" HPOS="1236" VPOS="2221" WIDTH="55" HEIGHT="27" CONTENT="sich" WC="0.96" CC="0757"/>
						<SP ID="P10_SP00519" HPOS="1291" VPOS="2255" WIDTH="24"/>
						<String ID="P10_ST00567" HPOS="1315" VPOS="2230" WIDTH="41" HEIGHT="18" CONTENT="am" WC="0.66" CC="60"/>
						<SP ID="P10_SP00520" HPOS="1356" VPOS="2255" WIDTH="26"/>
						<String ID="P10_ST00568" HPOS="1382" VPOS="2222" WIDTH="85" HEIGHT="25" CONTENT="Leben" WC="0.98" CC="57010"/>
					</TextLine>
				</TextBlock>
			</PrintSpace>
		</Page>
	</Layout>
</alto>
