1538 2540
137 2289 45 36 22

186 230 131 27 Industrie
340 236 52 24 und
415 236 253 37 Klembourgeoisic
691 246 209 29 nebeneinander
923 251 132 29 bestehen.
1097 257 61 27 Und
1182 263 97 25 gerade
1303 264 82 26 hierin
1415 271 31 19 wi
1462 277 12 13 ~

184 278 28 20 es
230 273 110 34 wuchtig
359 283 65 24 sein,
443 279 43 25 d.e
505 279 245 38 Emissionspolifik
768 288 47 27 mit
834 290 71 26 einer
926 294 108 27 solchen
1054 297 232 34 Lohnten»
1301 264 31 63 t
1354 307 73 24 HnM

769 330 157 34 “-
949 336 28 28 -
1002 338 59 28 -

182 397 185 71 -,ri
390 402 242 81 sjtsss
1228 430 49 27 *
1307 432 132 71 lsr
1442 445 32 20 .

248 564 132 31 r«—
400 569 176 31 -'»»»
599 577 48 25 *.
670 536 251 79 Äii
959 544 82 71 “Z
1132 559 53 61 z
1201 557 273 71 sz-

176 816 193 29 Naturalwerte
709 811 7 7 *
820 797 149 30 gegebenen
995 800 70 26 Falle
1098 809 27 19 in
1151 805 48 25 der
1226 807 166 37 Umstellung
1428 814 44 25 der

172 981 47 28 des
239 992 102 24 ganzen
362 988 179 35 Qeldsystems
562 995 154 37 überhaupt.
1136 972 145 30 allzufruhe
1303 976 166 37 Beerdigung

240 1035 34 26 Es
296 1036 34 29 ist
352 1039 179 34 bourgeoisen
552 1042 178 31 Volkswirten
750 1047 85 35 eigen,
857 1051 66 27 über
945 1054 58 32 jede
1025 1064 64 18 neue
1114 1059 285 33 Papiergeldemission
1425 1068 43 24 des

189 1078 81 25 Uates
293 1087 27 18 in
341 1080 145 28 Schrecken
508 1093 34 17 zu
564 1089 115 30 geraten,
702 1089 60 27 weil
786 1092 39 25 sie
847 1093 76 27 einen
947 1096 147 29 Kurssturz
1119 1101 47 26 des
1190 1102 96 29 Rubels
1312 1072 150 64 htrvorruft

170 1117 29 26 In
222 1119 48 26 der
293 1120 179 34 bourgeoisen
498 1125 172 30 Gesellschaft
693 1130 34 27 ist
749 1132 43 26 die
815 1134 136 29 Emission
974 1145 52 19 von
1050 1140 158 36 Papiergeld
1232 1146 66 27 über
1318 1113 58 61 di7
1385 1152 82 24 sozirf

169 1167 62 19 zum
255 1162 105 28 Umlauf
385 1167 91 33 notige
496 1168 106 28 Summe
626 1171 95 28 hinaus
747 1176 52 25 und
824 1177 48 25 der
895 1178 55 28 Fall
973 1182 47 25 des
1044 1182 176 33 Rubelkurses
1244 1190 49 25 das
1323 1191 142 28 Auzeicher

169 1207 72 21 ein»
261 1210 82 27 argen
363 1205 169 30 Mißstandes
553 1210 37 27 im
609 1213 187 36 Staatsbudget
816 1219 54 25 und
891 1220 28 26 in
941 1221 49 27 den
1013 1224 108 28 meisten
1145 1228 88 26 Fällen
1255 1232 64 25 auch
1346 1233 47 26 das
1417 1235 39 26 An

167 1244 108 26 Zeichen
296 1254 52 18 »on
371 1248 193 29 Uebelstanden
585 1262 26 18 in
632 1256 48 25 der
701 1265 101 25 ganzen
825 1261 179 34 bourgeoisen
1027 1266 153 29 Wirtschaft
1204 1272 147 34 überhaupt
1379 1277 86 26 wobei

166 1295 114 61 iuLeW
301 1296 59 61 Z
385 1333 96 27 Mall
575 1296 88 64 ft”“
665 1305 17 19 0
683 1306 17 18 ”
739 1308 35 18 m
776 1301 28 59 i
920 1305 36 27 Fa
976 1314 16 18 e
992 1315 16 18 ”
1049 1309 45 27 deS
1135 1312 102 28 Kurees
1238 1333 6 12 ’
1284 1324 76 19 wmn

167 1333 121 27 indirekt,
311 1333 49 24 den
385 1333 96 28 Zerfall
505 1336 46 26 des
575 1338 179 35 bourgeoisen
780 1343 120 32 Handels
923 1350 53 24 und
1002 1351 48 24 der
1074 1352 134 28 Industrie
1230 1359 149 25 verstärken
1431 1362 33 22 Fs

165 1371 70 24 Wird
254 1378 58 19 eine
331 1374 163 35 Anhäufung
514 1376 27 28 in
561 1379 48 27 der
628 1381 82 27 Form
730 1392 51 17 von
805 1385 155 36 Papiergeld
983 1399 49 18 zur
1436 1411 27 17 es

164 1453 95 27 Reto
269 1420 282 66 ZälftC“
578 1422 71 33 Expr
650 1432 36 26 °P
688 1432 14 18 r
702 1433 9 17 ‘
713 1433 14 18 a
729 1426 20 25 “
750 1433 17 18 0
768 1435 9 18 '
778 1435 7 18 1
886 1431 115 28 '»»aber
1034 1436 101 31 großer
1171 1439 188 29 Geldsummen
1394 1447 69 30 statt,

162 1502 17 11 .
259 1497 51 16 iS
381 1501 10 12 ,
463 1461 24 26 ”
490 1463 75 25 andel
567 1483 8 11 ’
597 1473 30 18 er
649 1468 70 25 w,rd
744 1477 49 17 zur
816 1470 169 33 Spekulation
1012 1478 52 24 und
1089 1478 44 25 für
1155 1479 44 27 ein
1223 1484 75 26 Land
1321 1486 48 25 mit
1390 1488 74 24 stark

162 1496 188 29 entwickeltem
373 1501 192 29 Außenhandel
585 1506 36 27 ist
642 1507 49 27 das
713 1510 152 28 Kursfallen
887 1515 49 26 der
957 1516 139 36 Währung
1116 1520 42 27 ein
1181 1524 126 31 nebliges
1333 1487 61 65 uL
1407 1530 46 24 ück

162 1538 83 26 Wenn
266 1540 45 26 die
330 1541 173 35 bürgerliche
519 1547 173 29 Gesellschaft
715 1552 42 26 die
778 1554 65 27 feste
865 1555 166 31 Geldeinheit
1053 1562 111 32 verliert,
1188 1566 105 28 verliert
1318 1568 39 27 sie
1379 1571 81 25 dam«

161 1578 43 27 die
226 1580 82 27 Waffe
339 1585 99 25 welche
459 1586 44 25 ihr
524 1590 111 31 erlaubt,
656 1591 42 25 ein
720 1594 128 31 gewisses
871 1597 208 36 Gleichgewicht
1102 1604 27 25 in
1152 1606 58 26 dem
1234 1569 102 70 galen
1361 1578 88 60 kanhä

161 1620 136 31 hsfischen
316 1625 100 33 System
437 1629 116 27 aufrecht
574 1640 33 18 zu
628 1633 94 33 halfen,
744 1639 152 32 ungeachtet
917 1642 33 25 all
971 1642 73 28 ihrer
1065 1648 231 31 wirtschaftlicher,
1321 1620 135 60 ProzLe.

226 1674 35 25 Es
280 1677 35 24 ist
335 1676 95 27 darum
449 1685 52 19 nur
520 1681 140 31 natürlich,
680 1682 53 26 daß
753 1684 43 26 die
818 1685 179 34 bourgeoisen
1017 1690 160 29 Volkswirte
1197 1694 101 28 einfach
1321 1698 57 26 ihre
1398 1699 46 25 Ein-

157 1715 113 33 stellung
288 1723 50 18 zur
355 1718 122 27 Inflation
495 1727 72 20 eines
588 1722 180 34 bourgeoisen
786 1726 108 34 Staates,
913 1728 57 28 ihre
990 1731 211 36 Befürchtungen
1223 1738 52 26 und
1295 1738 60 27 ihre
1373 1741 83 26 Panik

155 1756 71 27 beim
254 1757 151 28 Kursfallen
432 1762 66 26 auch
527 1764 44 25 auf
598 1765 44 27 die
668 1766 320 36 Papiergeldemissionen
1016 1775 45 26 des
1092 1776 259 33 Proletarierstaales
1378 1784 62 25 über-

153 1799 101 32 tragen.
292 1801 65 26 Statt
377 1803 43 25 die
440 1806 215 28 wirtschaftliche
678 1808 75 28 Rolle
772 1812 49 25 der
843 1812 122 28 Inflation
989 1817 41 25 bei
1051 1820 217 30 proletarischem
1293 1825 106 30 Regime
1421 1835 32 18 zu

155 1840 152 28 erforschen
326 1845 55 25 und
400 1845 42 25 ihr
461 1846 63 28 Plus
545 1849 52 25 und
617 1849 94 28 Minus
730 1854 77 24 unter
828 1854 90 27 diesen
937 1864 84 22 neuen
1040 1860 190 36 Bedingungen
1252 1865 192 29 abzusdiätzei,

155 1888 30 18 so
205 1882 140 35 begnügen
366 1893 40 19 sie
425 1888 57 26 sich
501 1889 91 31 damit,
613 1892 116 29 „Feuer“
748 1902 33 18 zu
804 1896 120 26 schreien
946 1901 53 24 und
1020 1901 43 25 die
1084 1902 305 39 Proletarierregierung
1409 1917 30 18 an-

152 1924 127 33 zuflehen,
301 1935 39 18 sie
360 1929 66 25 solle
448 1931 45 26 die
514 1933 231 34 Inflationspolitik
769 1938 71 26 nicht
862 1940 90 26 weiter
975 1941 150 30 fortsetzen.
1167 1948 52 25 Auf
1241 1949 49 27 alle
1313 1950 138 28 Probleme

151 1972 52 58 uÜd
273 1976 15 18 a
289 1976 17 18 “
308 1971 82 31 2pol,,
392 1978 8 17 '
401 1972 17 24 k
444 1971 59 34 gibf
528 1981 28 19 es
583 1976 42 25 bei
651 1977 62 25 ihnc
713 1986 18 18 »
759 1987 51 18 »»r
835 1981 59 27 Une
919 1983 131 32 Antwort,
1077 1987 42 26 die
1145 1990 89 26 lautet:
1261 1991 188 30 „Devalvation

151 2009 53 23 und
223 2008 143 36 Schäftung
385 2019 74 20 einer
476 2014 81 28 festen
578 2017 161 35 Währung“.

214 2053 113 26 Freilich
352 2056 62 32 geht
436 2057 48 25 der
508 2058 230 30 Proletarierstaat
760 2071 33 18 an
818 2065 42 26 die
886 2067 285 33 Papiergeldemission
1196 2075 89 30 heran,
1310 2077 87 26 indem
1420 2086 29 17 er

149 2099 27 19 in
198 2095 87 26 dieser
306 2096 153 35 Beziehung
481 2100 44 25 die
548 2102 98 26 Politik
668 2104 45 26 des
738 2108 152 30 gestürzten
914 2110 121 32 Regimes
1058 2112 127 32 fortsetzt,
1208 2118 97 30 gerade
1329 2119 109 27 deshalb

147 2136 61 25 weil
227 2143 30 19 er
277 2138 165 35 keineswegs
462 2144 140 31 genügend
623 2144 136 28 Reichtum
779 2150 53 24 und
853 2149 71 27 nicht
946 2155 140 30 genügend
1108 2157 97 26 andere
1224 2159 43 24 für
1290 2159 45 26 ihn
1355 2162 91 32 nötige

146 2177 70 26 reale
239 2178 86 27 Werte
346 2181 102 27 besitzt.
489 2185 82 25 Wenn
593 2187 42 24 die
658 2188 305 39 Proletarierregierung
987 2202 52 18 von
1063 2198 106 33 Anlang
1192 2208 33 17 an
1247 2201 44 25 die
1312 2202 116 34 Möglich-

145 2219 52 25 keit
218 2222 97 31 gehabt
336 2223 76 30 hatte,
439 2232 26 17 in
488 2227 47 24 der
560 2230 211 26 sozialistischen
796 2233 152 28 Wirtschaft
972 2236 145 34 irgendwie
1141 2241 68 26 ohne
1234 2243 134 27 Emission
1392 2254 50 16 von
