1560 2540
1384 2304 45 42 27

388 269 248 58 UNTER
674 268 157 57 DER
869 268 201 57 LUPE

126 382 58 31 Die
204 375 169 34 russische
395 373 239 38 Hungersnot

114 433 38 19 Wir
168 425 159 24 veröffentlichen
343 422 134 20 nachstehend
494 421 56 19 Teile
566 421 55 19 einer
638 421 60 21 Rede,

82 462 8 14 u
117 459 26 17 Dr
170 452 70 24 Fritjof
259 450 82 19 Nansen
360 448 26 19 im
405 447 101 24 Aufträge
524 447 35 18 der
580 446 72 19 Clarte
666 451 32 13 am

85 486 9 18 7
123 482 81 19 Februar
226 476 33 20 für
285 475 32 18 die
342 472 136 24 Hungernden
503 471 20 19 in
549 470 93 21 Rußland
666 476 22 18 ge-

80 501 50 28 iaiten
145 505 38 19 hat.

164 546 63 31 Jetzt
241 541 100 26 endlich
356 541 103 23 können
475 537 52 26 wir
544 538 42 25 die
600 538 84 25 Funda-

84 587 142 30 nentalfrage
244 582 186 27 beantworten.
465 579 59 25 Wie
540 579 72 25 heißt
631 579 72 24 diese

77 623 257 35 Fundamentalfrage?
375 621 44 26 Sie
438 620 74 26 heißt
532 620 72 25 nicht
623 623 80 22 etwa:

76 671 97 28 welches
194 667 31 25 ist
245 665 42 25 die
307 663 118 26 Ursache
446 663 48 24 der
513 663 190 32 Hungersnot?

78 713 35 26 Sie
128 710 67 26 heißt
212 706 134 28 vielmehr:
364 705 112 25 braucht
496 703 122 28 Rußland
637 704 67 24 noch

78 756 75 27 Hilfe?
188 751 75 26 Wird
279 757 60 18 man
357 748 50 25 den
425 748 112 28 Bauern,
555 745 87 26 dieser
661 753 30 17 un-

78 798 115 33 geheuren
206 790 257 31 Landbevölkerung,
477 788 42 25 die
533 786 173 33 Möglichkeit

78 840 78 32 geben,
186 835 54 25 ihre
264 831 92 26 Arbeit
378 830 100 26 wieder
509 828 197 28 aufzunehmen,

78 880 47 26 sich
144 877 95 26 wieder
261 873 172 27 auszurüsten
456 872 43 25 für
522 871 42 25 die
585 869 107 26 Bearbei-

78 924 54 28 tung
148 919 43 25 des
207 917 112 28 Bodens,
336 915 67 24 oder
421 913 71 25 wird
510 912 42 25 die
569 911 71 26 Hilfe
657 918 51 18 nur

78 957 241 31 Palliativcharakter
351 958 100 30 tragen,
486 955 42 24 ein
562 951 132 35 provisori-

79 1003 64 25 sches
162 999 146 27 Hilfsmittel
327 997 63 30 sein,
417 997 48 25 das
491 996 37 25 im
547 995 109 25 Grunde
676 1001 32 18 zu

79 1044 74 25 nichts
176 1041 85 25 dient?
301 1038 96 26 Dieser
418 1038 85 32 Frage
526 1037 57 33 gibt
607 1044 27 17 es
660 1043 50 18 nur

79 1086 50 24 eine
144 1083 129 26 Antwort:
290 1089 28 17 es
335 1081 35 25 ist
386 1080 48 25 der
449 1079 84 25 Mühe
549 1080 75 28 wert,
641 1077 69 25 Hilfe

79 1134 29 17 zu
123 1124 121 29 schicken,
268 1124 54 24 und
341 1122 40 26 sie
398 1121 98 26 schnell
522 1129 33 17 zu
581 1118 130 31 schicken,

79 1167 62 25 nicht
162 1165 72 26 allein
256 1172 44 18 um
323 1162 220 27 Menschenleben
566 1169 33 17 zu
622 1162 90 28 retten,

81 1209 55 24 aber
163 1207 62 25 auch
254 1214 44 17 um
327 1207 50 24 den
398 1205 148 25 Geretteten
567 1202 92 26 weiter
680 1210 32 16 zu

80 1250 75 24 helfen
173 1249 51 24 und
243 1247 154 33 genügende
417 1246 115 31 Mengen
555 1253 33 17 zu
609 1244 104 29 senden,

80 1290 71 25 damit
166 1290 69 25 diese
250 1288 209 32 Getreidequelle
475 1287 122 31 Europas
615 1285 99 25 wieder

81 1332 23 26 in
120 1331 74 26 Stand
211 1331 97 33 gesetzt
325 1329 106 26 werden
448 1329 78 25 kann.
565 1327 72 26 Aber
653 1333 61 19 man

80 1374 38 26 hat
136 1372 48 26 mir
202 1372 134 33 folgendes
358 1372 104 32 gesagt;
485 1369 67 30 „Die
572 1368 127 32 Regierun-

80 1422 45 23 gen
137 1414 99 25 können
250 1413 71 26 nicht
334 1413 55 25 und
402 1412 61 26 sind
477 1411 71 25 nicht
561 1409 154 32 berechtigt,

82 1456 49 25 sich
157 1465 40 16 um
216 1463 31 18 so
273 1456 73 25 ferne
363 1454 89 32 Dinge
478 1462 34 17 zu
539 1453 176 28 bekümmern,

82 1498 40 24 ehe
138 1498 36 25 sie
191 1498 70 25 nicht
280 1498 43 24 ihr
339 1496 176 33 Möglichstes
533 1495 43 25 für
593 1493 43 27 die
652 1494 48 25 Ver-

80 1539 135 32 besserung
230 1539 47 25 der
292 1538 129 26 Situation
438 1538 73 25 ihrer
527 1536 108 32 eigenen
651 1536 48 24 Län-

82 1580 41 25 der
135 1581 72 31 getan
221 1581 108 25 haben.“
357 1579 67 26 Man
438 1580 59 31 sagt
512 1579 55 25 und
579 1585 61 17 man
654 1576 47 25 wie-

82 1621 93 26 derholt
192 1630 39 17 es:
253 1622 107 31 Europa
379 1621 86 25 könne
485 1619 56 27 sich
560 1619 49 25 den
629 1619 88 24 Luxus

82 1662 64 29 nicht
174 1663 97 30 leisten,
291 1663 122 27 Rußland
441 1663 81 24 retten
552 1669 33 17 zu
613 1659 105 29 wollen,

82 1703 48 26 und
148 1704 40 25 ich
209 1706 135 30 antworte,
372 1704 51 29 ich,
452 1703 46 26 mit
527 1703 64 24 aller
619 1700 98 26 meiner

82 1744 76 30 Kraft,
179 1746 50 25 daß
252 1746 108 32 Europa
381 1745 57 26 sich
462 1745 50 24 den
537 1744 87 25 Luxus
647 1742 71 25 nicht

82 1785 83 26 leisten
179 1787 76 32 kann,
271 1787 42 26 die
329 1788 113 32 Rettung
458 1785 137 28 Rußlands
612 1792 34 17 zu
662 1791 42 18 ver-

82 1828 181 33 nachlässigen.
301 1828 58 26 Wir
379 1828 94 26 dürfen
494 1826 71 27 diese
586 1825 119 26 Getreide-

82 1868 106 27 kammer
205 1871 53 25 und
278 1870 89 26 diesen
387 1869 90 25 Markt
495 1868 71 26 nicht
583 1867 136 29 verlieren,

83 1910 48 24 und
142 1910 40 26 die
194 1911 61 32 Not,
267 1912 42 25 die
321 1919 27 18 es
361 1911 120 31 bedroht,
493 1909 157 26 beschränkt
663 1908 56 25 sich

83 1950 64 26 nicht
165 1953 42 25 auf
224 1953 86 26 dieses
329 1953 65 32 Jahr
412 1952 86 30 allein,
517 1951 38 26 sie
573 1950 70 26 wird
664 1949 55 26 sich

84 1993 59 24 auch
162 1995 42 24 auf
221 1995 45 25 das
284 1995 154 26 kommende
455 1993 158 27 ausdehnen,

115 2046 101 33 Europa
236 2048 58 26 darf
315 2049 71 24 diese
405 2047 94 26 beiden
522 2047 109 24 Monate
652 2045 69 25 nicht

83 2088 166 26 verstreichen
263 2090 94 31 lassen,
370 2090 70 25 ohne
452 2088 43 26 die
508 2087 154 33 hungernde
675 2087 31 24 Be-

83 2127 137 35 völkerung
239 2139 32 16 zu
291 2132 82 24 retten
391 2131 54 24 und
465 2130 43 25 ihr
527 2128 43 26 die
590 2127 115 33 Möglich-

84 2167 47 27 keit
147 2170 69 26 einer
233 2180 83 17 neuen
335 2173 115 24 Aussaat
468 2180 34 17 zu
519 2169 93 28 bieten.
638 2169 83 25 Wenn

84 2216 55 19 man
157 2212 54 25 dies
228 2213 71 26 nicht
315 2213 130 30 versucht,
463 2212 68 26 wird
552 2212 47 25 das
617 2211 87 31 Wolga-

85 2251 80 29 gebiet
181 2253 60 26 bald
258 2255 26 24 in
301 2255 57 25 eine
375 2255 89 25 Wüste
482 2253 159 26 verwandelt
659 2251 62 26 sein.

748 374 37 24 Im
799 373 113 24 anderen
923 372 71 25 Falle
1007 370 70 26 wird
1090 369 122 29 Rußland
1225 369 61 26 bald
1301 369 98 24 wieder

752 415 40 24 ein
814 414 90 25 Markt
914 414 53 24 'für
988 412 43 26 die
1053 411 190 33 europäischen
1267 411 132 25 Produkte

750 456 107 25 werden
883 456 54 24 und
962 456 47 23 das
1035 453 183 32 Wolgagebiet
1244 452 42 26 die
1313 452 86 24 reiche

755 497 198 28 Kornkammer,
978 496 42 26 die
1042 503 27 17 es
1092 494 98 26 vorher
1213 501 64 17 war.
1321 493 80 25 Diese

754 539 192 26 Kornkammer
967 537 54 26 und
1044 536 86 25 dieser
1152 536 88 24 Markt
1261 535 60 25 sind
1343 535 58 24 dem

753 579 207 26 ökonomischen
985 578 85 25 Leben
1095 577 121 32 Europas
1242 575 160 32 notwendig,

755 623 54 24 und
827 630 27 16 es
873 621 35 25 ist
927 619 72 26 nicht
1017 619 76 26 allein
1113 619 42 26 ein
1178 619 49 25 Akt
1246 618 47 25 der
1314 617 71 25 Wohl-

755 662 125 32 tätigkeit,
898 661 115 26 sondern
1029 661 43 24 ein
1090 663 74 29 gutes
1184 659 130 29 Geschäft,
1334 659 52 26 Ruß-

757 705 61 24 land
832 712 33 17 zu
877 705 82 23 retten
973 722 7 7 .
996 722 5 5 .
1016 722 6 5 .

789 750 87 26 Schon
893 749 57 25 vier
966 749 109 24 Monate
1092 748 61 32 lang
1171 747 103 25 fordere
1293 745 41 25 ich
1352 751 52 18 von

756 792 49 24 den
837 791 189 32 Regierungen,
1055 790 51 24 mir
1134 789 58 24 eine
1220 788 103 24 Summe
1352 793 52 17 von

757 835 15 23 5
793 832 141 25 Millionen
958 831 87 25 Pfund
1066 830 114 31 Sterling
1200 837 33 16 zu
1255 828 150 33 gewähren,

759 883 43 16 um
819 874 43 25 die
880 874 171 31 Hungersnot
1070 880 33 16 zu
1121 871 160 31 bekämpfen.

791 916 83 24 Wenn
898 915 51 24 wir
972 914 72 25 diese
1066 913 104 24 Summe
1192 911 97 33 gehabt
1312 911 94 28 hätten,

759 958 87 25 hätten
867 957 52 24 wir
940 964 31 17 so
993 954 66 26 viele
1082 953 221 26 Menschenleben
1326 953 81 23 retten

760 999 114 24 können!
911 998 67 31 Jetzt
996 997 105 24 fordere
1119 995 41 25 ich
1180 1002 52 17 von
1250 995 50 24 den
1319 993 75 31 Regie-

760 1048 101 24 rungen
901 1038 57 25 drei
995 1037 140 26 Millionen
1164 1036 86 25 Pfund
1286 1033 122 33 Sterling.

759 1082 55 25 Das
830 1082 34 24 ist
880 1080 72 25 nicht
968 1087 96 25 genug,
1079 1080 62 23 aber
1157 1078 23 32 je
1195 1077 74 25 mehr
1282 1076 44 25 die
1340 1084 50 17 ame-

762 1123 149 25 rikanische
929 1121 151 32 Regierung
1097 1120 53 24 und
1168 1118 43 26 die
1227 1119 169 31 Sowjetregie-

764 1173 67 25 rung
864 1165 91 32 geben,
987 1170 76 17 umso
1097 1161 105 25 leichter
1233 1160 103 25 können
1359 1158 52 25 wir

766 1208 64 24 auch
854 1206 45 25 mit
920 1205 88 25 dieser
1028 1204 103 25 Summe
1152 1202 62 25 altes
1237 1200 175 31 Notwendige

760 1248 191 33 organisieren,
992 1245 47 25 mit
1071 1244 71 26 Hilfe
1173 1244 46 25 der
1252 1242 156 26 schwachen

764 1287 238 35 Transportmittel,
1033 1287 43 26 die
1107 1294 48 17 uns
1188 1292 47 18 zur
1259 1283 154 32 Verfügung

767 1332 96 25 stehen.
905 1330 76 25 Doch
1012 1328 43 25 die
1075 1327 98 25 Völker
1202 1327 105 24 müssen
1338 1323 75 26 ihren

767 1372 182 33 Regierungen
962 1369 174 29 klarmachen,
1150 1369 52 24 daß
1216 1375 28 17 es
1261 1364 153 33 notwendig

769 1414 40 30 ist,
837 1421 33 18 zu
896 1412 113 26 handeln
1037 1411 54 24 und
1119 1409 85 26 sofort
1233 1416 32 17 zu
1293 1407 121 28 handeln,

768 1458 74 24 sonst
859 1454 70 26 wird
947 1461 27 18 es
992 1461 33 17 zu
1042 1452 59 32 spät
1117 1451 64 26 sein.

800 1505 63 24 Vier
880 1503 110 25 Monate
1006 1501 34 26 ist
1056 1508 27 19 es
1100 1501 55 28 her,
1173 1500 38 25 als
1229 1499 41 24 ich
1289 1506 50 18 von
1357 1498 59 24 dem

769 1546 95 32 Kampf
896 1551 83 26 gegen
1008 1543 76 26 Kälte
1108 1542 54 25 und
1196 1547 83 26 gegen
1305 1539 111 32 Hunger

769 1586 103 33 sprach.
917 1585 108 25 Damals
1049 1583 105 33 glaubte
1179 1582 40 25 ich
1244 1583 82 24 etwas
1349 1580 66 25 über

769 1630 49 24 den
834 1628 111 32 Hunger
959 1626 55 26 und
1030 1625 66 26 über
1111 1624 42 27 die
1169 1623 75 27 Kälte
1259 1630 34 17 zu
1309 1621 107 26 wissen.

772 1671 70 25 Aber
866 1670 46 24 der
934 1668 97 31 Kampf
1054 1666 34 25 ist
1112 1665 50 26 viel
1185 1663 157 30 schlimmer,
1366 1663 50 24 viel

769 1710 198 29 schrecklicher,
994 1709 38 25 als
1060 1708 40 25 ich
1127 1706 45 26 ihn
1199 1705 51 27 mir
1276 1705 140 24 vorstellte.

771 1754 43 24 Ich
829 1752 136 26 erwartete
979 1750 87 33 gewiß
1082 1749 61 24 dort
1157 1748 77 25 unten
1252 1745 95 26 Leiden
1363 1745 54 25 und

769 1795 58 25 Tod
839 1802 33 17 zu
884 1792 97 29 finden,
993 1792 47 24 das
1055 1788 201 28 schrecklichste
1268 1787 90 31 Elend,
1370 1788 47 24 das

770 1844 60 19 man
846 1835 56 26 sich
919 1833 147 32 überhaupt
1080 1830 140 26 verstellen
1235 1830 76 24 kann.
1347 1829 71 24 Aber

771 1879 55 27 das,
840 1884 57 17 was
914 1875 41 26 ich
971 1875 60 25 dort
1045 1872 119 30 vorfand,
1180 1872 47 24 das
1244 1877 90 19 waren
1349 1870 52 24 Dör-

771 1920 46 28 fer,
840 1917 95 29 Städte,
960 1915 157 28 Provinzen,
1140 1913 27 25 in
1189 1913 83 25 denen
1296 1912 57 24 eine
1376 1910 42 25 bis

772 1961 41 24 ins
844 1959 79 25 Mark
952 1956 181 34 geschwächte
1153 1953 183 33 Bevölkerung
1366 1960 53 17 von

772 2002 98 26 Stunde
889 2008 33 17 zu
941 1998 105 29 Stunde,
1065 2004 52 18 von
1137 1997 57 31 Tag
1214 2003 33 17 zu
1266 1995 57 32 Tag
1345 1994 75 25 ihren

773 2044 59 24 Tod
847 2042 129 26 erwartet.
1009 2039 44 24 Ich
1069 2039 69 24 hatte
1151 2037 70 25 mich
1240 2035 72 26 nicht
1327 2035 93 26 darauf

772 2084 88 33 gefaßt
882 2081 125 36 gemacht,
1028 2079 175 26 menschliche
1224 2077 94 26 Wesen
1340 2077 80 26 sehen

774 2134 33 17 zu
830 2126 115 28 müssen,
978 2121 42 26 die
1051 2121 82 25 durch
1166 2119 42 26 die
1240 2119 103 26 Gewalt
1375 2119 46 24 des

774 2167 123 32 Hungers
932 2164 27 25 in
985 2162 104 26 Bestien
1123 2161 161 26 verwandelt
1312 2160 109 26 worden

775 2208 68 31 sind,
857 2207 113 25 Männer
985 2206 53 24 und
1053 2205 110 29 Frauen,
1178 2203 42 26 die
1233 2202 69 26 noch
1316 2201 44 27 bis
1374 2207 48 19 vor

774 2249 103 31 einigen
901 2248 126 24 Monaten
1051 2254 47 17 zur
1121 2245 103 33 großen
1247 2243 107 25 Familie
1376 2242 46 25 der
