2679 4155
365 313 167 65 LES
585 316 402 67 ŒUVRES
1038 307 623 84 LITTÉRAIRES
1695 326 578 85 FRANÇAISES

882 416 337 51 CRITIQUE
1260 417 510 58 SYNTHETIQUE

297 513 348 101 CallipmiES,
698 536 82 78 par
825 513 249 89 Gniilant
1115 515 294 102 Apollinaire,
1458 520 211 87 Mercure
1717 525 53 84 Je
1823 525 183 87 France.
2057 528 135 86 Paris
2245 530 117 84 1918

274 622 128 55 Rue
688 621 422 68 Git-le-Cœur,tu
1768 627 50 50 te
1049 631 344 66 promènes:
1708 650 109 53 pas
1963 635 224 54 dessins
2241 654 107 35 sur
2384 637 78 53 les

200 716 185 47 murs,
414 717 190 36 cœurs
947 703 438 70 empennés,
995 717 191 36 cœurs
1215 720 71 34 en
1310 703 195 71 peine.

473 788 331 64 DÉFENSE
842 806 435 47 D'AFFICHER
1329 807 176 49 SOUS
1543 810 220 48 PEINE
1801 814 372 49 D'AMENDE

274 899 80 54 La
405 900 349 53 mandarine
800 899 100 54 des
946 900 207 55 Hôtels
1174 901 249 74 précède
1716 908 217 53 trivial.
1983 910 91 54 De
2103 913 195 71 quelle
2324 931 101 36 cou-

200 975 131 55 leur
357 976 78 54 les
466 975 192 55 mains
680 975 70 55 de
780 994 88 34 ces
898 975 260 74 bougres
1190 976 146 55 dans
1393 978 387 58 l'estaminet?
1834 983 123 54 Sur
2004 986 53 52 la
2324 1033 10 21 ,
2398 1007 59 37 ce

195 1051 259 74 chapeau
499 1050 463 72 haut-de-forme
988 1051 194 73 prend
1223 1052 68 54 de
1341 1052 423 75 l'importance,
1816 1058 226 55 devient
2076 1079 111 34 une
2218 1063 235 54 colline.

194 1126 140 55 Elle
372 1126 202 55 croule
1022 1144 74 37 ou
1232 1144 25 35 s
1074 1125 346 75 effeuille:simple
1421 1132 137 50 tour
1559 1129 45 54 de
1652 1131 197 70 forain
1903 1153 136 34 sans
2081 1135 226 57 bouche
2353 1139 108 72 qui

188 1202 175 74 parle
405 1221 117 55 par
552 1220 104 37 son
712 1206 219 50 ventre.

280 1278 191 65 Tiens,
861 1277 54 55 la
620 1295 240 56 guerre.

270 1353 78 54 Le
385 1357 168 69 poète
594 1357 269 50 menteur
903 1372 29 35 a
1749 1353 52 54 la
1938 1355 301 70 franchise
1394 1356 302 56 militaire.
1721 1360 82 52 La
1834 1359 231 57 Maison
2099 1362 131 75 loge
2259 1370 33 47 à
2315 1366 146 73 pied

193 1433 56 49 et
277 1435 34 48 à
341 1428 220 68 cheval,
589 1427 297 55 artilleur.
922 1428 167 68 Puis,
1124 1430 158 73 puits
1313 1430 104 54 des
1441 1432 245 74 magies,
2075 1439 240 73 l'égaré.
2361 1440 95 56 Au

194 1505 338 71 carrefour:
562 1503 153 56 voici
745 1503 50 54 le
825 1505 230 53 chemin
1087 1505 70 54 de
1199 1506 241 66 Damas,
1481 1507 80 55 les
1610 1510 205 54 damas
1865 1511 70 55 de
1964 1511 273 57 Madame
2279 1515 144 56 Rose-

194 1579 235 56 monde.

278 1656 173 54 Votre
490 1656 229 53 voiture
749 1659 81 49 est
861 1661 265 48 avancée.

273 1729 152 56 Mais
456 1750 70 34 en
566 1736 196 56 avant,
810 1729 208 55 l'autre
1049 1737 184 60 rouie,
1295 1737 55 49 et
1395 1733 207 55 l'autre
1642 1753 231 37 amour.
1924 1737 75 55 Le
2044 1740 173 53 soleil
2264 1741 112 71 fait
2409 1741 49 54 le

185 1826 161 56 paon
381 1825 115 55 que
527 1806 254 74 regarde
815 1806 306 74 l'aveugle.

270 1882 76 54 Se
559 1882 165 73 peut-il
725 1900 62 54 que
816 1880 50 54 le
912 1900 186 35 canon
1139 1882 84 53 ait
1266 1884 307 54 ressuscité
1630 1886 50 53 le
1729 1888 202 72 grand
1982 1888 170 55 Pan?
2199 1889 165 55 Pan!
2392 1910 64 35 sa

194 1962 111 51 tête
336 1959 247 65 s'ouvre,
646 1958 131 53 c'est
813 1974 110 36 une
945 1957 183 71 fleur.

760 2030 89 65 LES
874 2030 393 66 CALLIGRAMMES
2411 2051 51 36 so
1456 2034 98 53 des
1585 2034 171 66 ROSES-

1830 2114 214 47 LOUIS
2111 2116 301 46 ARAGON

1135 2231 91 41 De
1265 2232 276 43 I'édition

241 2310 32 38 Il
304 2320 112 27 nous
451 2307 252 50 appartient
738 2307 45 50 je
806 2307 115 38 crois
944 2307 53 38 de
1021 2308 146 50 réagir
1194 2312 153 35 contre
1381 2321 49 26 ce
1460 2311 134 49 qu'on
1622 2313 172 48 appelle
1827 2315 435 39 commercialement
2331 2315 105 38 l'édi-

190 2360 94 38 tion
313 2358 223 39 ordinaire
554 2360 6 7 1
567 2359 6 7 '
597 2358 100 37 Cela
721 2357 67 38 fut
810 2358 220 49 pressenti
1054 2359 100 47 déjà
1181 2371 79 38 par
1284 2361 185 37 nombre
1496 2361 53 38 de
1571 2362 153 39 lettrés
1759 2364 77 49 qui
1864 2376 46 26 se
1946 2368 102 35 sont
2076 2366 200 49 complus
2311 2366 24 38 à
2363 2367 73 37 soi-

190 2421 111 39 gner
322 2410 118 38 leurs
463 2409 143 46 livres,
632 2408 109 38 mais
773 2408 29 37 il
823 2411 202 47 apparaît
1047 2409 106 49 qu'il
1188 2413 67 35 est
1276 2410 114 38 deux
1423 2412 157 37 choses
1615 2412 351 41 fondamentales
1990 2427 113 38 pour
2125 2417 38 37 la
2187 2416 254 39 réalisation

190 2461 101 37 d'un
315 2460 113 38 beau
452 2460 129 37 livre:
621 2459 38 37 la
682 2459 296 49 typographie
1002 2461 41 35 et
1066 2463 38 37 le
1128 2460 165 49 papier.
1345 2461 59 38 Or
1421 2461 210 51 jusqu'ici
1655 2475 56 26 on
1750 2475 23 27 a
1797 2468 176 35 surtout
2002 2466 232 39 considéré
2255 2466 39 39 la
2321 2470 101 46 typo-

191 2510 200 51 graphie,
416 2510 130 38 effort
574 2509 175 38 louable
798 2512 156 42 certes,
980 2509 109 39 mais
1122 2510 77 49 qui
1237 2523 52 27 ne
1314 2523 111 26 nous
1458 2512 197 40 donnera
1689 2526 86 36 que
1808 2515 77 38 des
1921 2516 206 39 résultats
2163 2518 88 37 très
2281 2517 169 38 relatifs

190 2564 92 36 tant
307 2573 87 37 que
418 2572 111 26 nous
552 2571 155 26 serons
726 2559 172 49 obligés
920 2561 54 37 de
995 2571 113 28 nous
1130 2572 55 26 en
1208 2562 115 37 tenir
1346 2563 22 37 à
1388 2574 47 26 ce
1460 2574 87 37 que
1570 2575 112 27 nous
1705 2567 212 37 trouvons
1930 2567 106 37 chez
2058 2568 63 36 les
2144 2567 296 49 imprimeurs;

188 2612 30 37 il
241 2612 95 37 faut
359 2612 39 37 là
434 2622 85 26 une
543 2609 247 39 révolution
814 2610 53 38 de
891 2611 168 48 grande
1081 2622 245 38 envergure
1359 2624 56 26 ou
1443 2614 98 48 plus
1563 2614 281 50 simplement
1867 2629 59 24 un
1962 2617 178 38 homme
2163 2629 121 26 assez
2323 2618 120 37 riche

188 2665 45 35 et
261 2673 121 27 assez
405 2662 102 37 bien
531 2660 80 39 fait
633 2672 113 37 pour
768 2661 318 49 entreprendre
1109 2662 39 37 la
1173 2663 194 37 création
1392 2663 54 37 de
1481 2664 299 50 l'imprimerie
1816 2668 350 48 correspondant
2189 2669 23 36 à
2235 2679 81 26 nos
2352 2679 63 26 œu-

188 2723 119 27 vres:
349 2712 91 38 cela
465 2712 110 37 n'est
599 2722 77 38 pas
712 2710 291 39 directement
1027 2711 108 38 dans
1167 2712 39 37 le
1230 2713 158 49 champ
1411 2714 54 37 de
1505 2718 126 35 notre
1665 2717 172 47 pouloir
1871 2716 240 46 immédiat,
2150 2720 126 36 notre
2300 2719 141 47 grand

188 2762 176 39 éditeur
380 2762 181 39 viendra
587 2761 375 46 inévitablement,
988 2761 110 39 mais
1127 2773 53 27 en
1202 2762 275 47 l'attendant,
1517 2777 86 26 une
1626 2766 133 38 chose
1792 2767 58 37 du
1888 2768 142 37 moins
2053 2771 65 35 est
2154 2769 289 36 relativement

188 2813 111 38 dans
322 2813 40 37 le
385 2812 207 39 domaine
615 2812 58 37 du
696 2811 216 49 possible:
950 2812 38 37 le
1012 2812 129 38 choix
1161 2813 56 36 du
1242 2813 153 50 papier
1416 2818 40 34 et
1492 2816 104 37 c'est
1620 2827 76 27 sur
1717 2828 49 26 ce
1790 2817 124 49 point
1937 2828 86 39 que
2061 2818 36 48 je
2117 2818 207 38 voudrais
2346 2818 79 38 atti-

188 2875 71 27 rer
280 2862 266 39 l'attention.
588 2863 50 37 Je
661 2862 207 37 voudrais
894 2863 248 48 qu'aucune
1164 2874 150 27 œuvre
1336 2863 211 40 littéraire
1573 2877 56 27 ne
1653 2866 66 38 fut
1741 2867 230 49 imprimée
1990 2879 77 27 sur
2101 2870 114 36 cette
2237 2868 198 48 vulgaire

188 2913 184 39 matière
396 2914 133 48 qu'on
553 2924 176 26 nomme
753 2911 153 50 papier
929 2912 274 49 mécanique,
1224 2913 45 50 je
1293 2915 205 38 voudrais
1521 2927 87 38 que
1632 2919 96 36 tout
1750 2929 148 26 œuvre
1918 2919 75 37 eût
2017 2929 111 37 pour
2162 2921 187 47 support
2380 2918 59 38 du

186 2964 162 49 papier
367 2966 44 35 et
433 2964 21 36 à
480 2974 102 26 mon
606 2962 90 37 avis
720 2973 79 26 nos
822 2962 191 38 éditions
1041 2964 238 36 ordinaires
1303 2976 53 25 ne
1379 2964 225 40 devraient
1628 2978 279 27 commencer
1943 2968 129 49 qu'au
2096 2967 216 39 Hollande
2333 2979 56 26 ou
2413 2969 25 37 à

188 3025 80 26 son
292 3013 167 41 défaut,
484 3014 24 37 à
533 3013 210 44 l'Arches,
767 3024 58 26 ou
849 3013 23 37 à
901 3015 97 35 tout
1023 3015 124 35 autre
1171 3014 153 48 papier
1346 3015 23 37 à
1401 3015 38 38 la
1463 3027 125 28 cuve.
1629 3018 52 37 Et
1700 3018 45 49 je
1768 3017 67 38 dis
1858 3029 86 37 que
1976 3020 141 35 même
2140 3017 298 50 aujourd'hui,

190 3066 143 36 même
358 3063 432 39 commercialement
814 3062 185 48 parlant,
1023 3063 38 37 la
1095 3063 134 38 chose
1249 3067 65 35 est
1338 3066 209 47 possible.
1589 3068 139 36 Avant
1749 3067 39 38 la
1812 3079 159 38 guerre
1996 3079 54 26 011
2077 3070 177 46 pouvait
2277 3067 139 49 parfai-

192 3117 168 35 tement
395 3112 159 40 établir
576 3125 57 25 un
663 3112 106 38 livre
792 3124 76 26 sur
901 3113 159 48 papier
1093 3114 24 36 à
1150 3114 22 36 3
1205 3113 51 38 fr.
1293 3116 47 36 50
1362 3115 308 51 l'exemplaire,
1696 3118 23 36 à
1757 3117 166 38 l'heure
1945 3118 201 43 actuelle,
2185 3117 166 49 malgré
2373 3117 63 38 les

188 3165 327 38 circonstances
538 3164 36 37 si
607 3174 84 37 peu
718 3163 244 37 favorables
990 3165 44 36 et
1058 3175 57 25 un
1148 3164 140 49 tirage
1327 3165 77 38 des
1440 3166 97 49 plus
1566 3167 244 46 restreints,
1838 3167 74 50 j'ai
1936 3180 58 36 pu
2017 3168 157 38 établir
2195 3167 77 38 des
2291 3178 118 26 exem-

188 3215 163 49 plaires
372 3225 77 27 sur
472 3213 153 50 papier
644 3212 210 38 d'Arches
877 3215 123 35 entre
1023 3213 22 37 3
1071 3216 42 34 et
1145 3215 21 35 7
1190 3213 51 38 fr.
1267 3215 99 38 Ceci
1390 3228 87 25 non
1499 3229 77 36 pas
1601 3229 113 37 pour
1736 3217 108 38 faire
1873 3229 151 26 œuvre
2048 3218 54 37 de
2126 3218 238 37 marchand

190 3266 23 37 à
237 3265 129 49 peine
402 3264 218 49 quelques
655 3263 289 49 exemplaires
969 3266 150 34 seront
1156 3264 81 38 mig
1276 3265 109 38 dans
1423 3267 39 37 le
1493 3279 246 26 commerce
1833 3267 108 38 mais
1975 3278 113 38 pour
2125 3278 189 38 prouver
2351 3279 86 26 aux

189 3316 264 37 marchands
476 3326 86 37 que
588 3314 39 38 la
651 3314 133 37 chose
804 3316 65 34 est
890 3313 243 39 réalisable.

237 3366 50 37 Je
308 3365 98 38 dois
433 3365 189 48 ajouter,
648 3364 22 37 à
694 3363 139 49 grand
858 3366 161 45 regret,
1045 3375 86 36 que
1154 3364 190 50 l'exposé
1364 3366 52 37 de
1441 3370 114 34 cette
1578 3367 96 37 idée
1695 3368 65 37 n'a
1787 3368 152 37 trouvé
1961 3369 161 46 auprès
2145 3368 77 36 des
2245 3367 115 37 deux
2382 3378 56 26 ou

188 3416 109 37 trois
320 3415 241 38 fabricants
585 3414 189 46 français
797 3413 214 49 auxquels
1034 3413 27 37 il
1085 3413 67 38 fut
1174 3413 77 40 fait
1275 3427 87 37 que
1381 3417 315 38 l'indifférence
1719 3417 38 38 la
1781 3417 98 49 plus
1902 3417 198 48 parfaite.

240 3466 105 39 Quel
371 3469 66 34 est
465 3465 39 38 le
527 3464 219 39 fabricant
767 3462 190 48 français
980 3464 76 48 qui
1080 3474 127 29 saura
1228 3477 112 27 nous
1378 3466 108 39 faire
1509 3467 57 37 du
1591 3467 153 49 papier
1768 3468 52 36 de
1848 3469 161 35 France
2032 3467 139 38 valant
2210 3479 54 26 au
2290 3467 145 38 moins

185 3515 41 38 le
251 3516 153 49 papier
426 3516 54 37 de
503 3514 169 39 Chine?

186 3588 44 34 A
258 3586 321 37 PARAITRE
618 3584 541 37 PROCHAINEMENT
1201 3584 156 49 (tirage
1385 3587 70 37 120
1475 3597 64 26 ex.
1565 3598 75 26 sur
1660 3585 156 51 papier
1837 3585 240 48 d'Arches).

185 3653 294 38 Larountala.
510 3652 294 50 (Polydrame)
1340 3654 167 37 PIERRE
1530 3654 337 38 ALBERT-BIROT
1921 3653 114 38 in-16
2057 3655 141 44 Jésus,
2225 3655 73 38 Px.
2326 3657 20 35 7
2368 3655 56 38 fr.

186 3707 195 35 Poèmes
408 3703 262 49 quotidiens
1408 3719 18 18 »
1609 3720 18 18 »
1771 3719 18 19 »
1931 3703 114 39 in-64
2067 3705 141 43 Jésus,
2254 3721 19 17 »
2329 3706 23 37 5
2373 3705 58 38 fr.

185 3756 66 35 La
268 3754 96 49 joie
387 3753 81 38 des
494 3757 100 45 sept
616 3753 214 37 couleurs
842 3753 224 36 —Poème
1402 3770 18 17 »
1603 3770 18 17 »
1773 3770 17 17 »
1924 3753 112 38 in-16
2058 3754 141 45 Jésus,
2239 3770 19 19 »
2326 3757 21 35 7
2368 3756 56 37 fr.

185 3806 206 36 Matoum
413 3808 45 33 et
477 3803 200 38 Tévibar
748 3804 98 38 Drame
867 3809 73 38 pour
954 3804 208 39 marionnettes
1397 3819 18 19 »
1602 3819 18 18 »
1774 3819 18 18 »
1919 3803 111 38 in-16
2051 3804 141 42 Jésus,
2236 3820 17 18 »
2332 3806 22 38 3
2374 3806 57 38 fr.
