3571 4445
1812 209 0 0 60

157 305 116 60 nirt;
334 300 190 62 „Wozu
572 300 80 53 der
699 301 132 52 todte
878 300 475 55 Gedächtnisskram?
1402 296 336 70 Anschauung,

155 386 315 52 Bewusstsein
502 386 57 50 ist
591 386 72 50 die
691 389 196 66 Losung
917 388 83 50 der
1338 385 104 48 Den
1472 383 179 50 Armen
1681 381 59 51 ist

157 473 68 51 die
249 472 164 50 älteste
441 472 251 50 Wahrheit
715 473 212 49 verloren
952 488 252 51 gegangen,
1237 469 70 51 die
1339 468 80 52 das
1451 466 289 52 altdeutsche

153 555 148 52 Wort
343 555 115 50 Min
470 573 69 33 na
582 574 51 32 so
673 557 179 49 lieblich
883 555 43 50 in
958 555 162 50 Einem
1152 553 233 59 darstellt;
1432 553 120 49 denn
1581 552 158 50 Minne

151 640 144 50 heisst
339 640 207 69 zugleich
579 642 158 58 Liebe,
783 639 127 60 Sinn,
954 639 329 67 Erinnnerung
1327 635 413 70 (ver-innern!),

151 724 338 61 Gedächtniss;
531 726 85 48 wie
658 724 116 50 auch
816 723 78 49 das
927 722 348 68 altgriechische
1308 724 148 50 Wort
1487 739 252 36 tivaouczi

154 808 100 52 eine
286 809 208 51 ähnliche
524 807 129 52 Fülle
685 807 80 51 des
790 807 173 49 Inhalts
993 806 158 52 bietet.
1183 806 208 54 Wolltet
1419 808 70 48 ihr
1520 807 117 51 doch
1670 806 71 50 die

151 893 205 51 wahre
402 892 165 49 Tiefe
612 891 96 50 des
760 891 249 50 Wortes
1056 892 251 60 erkennen,
1359 892 69 49 ihr
1470 891 183 50 würdet
1696 889 45 51 in

151 976 143 50 Liebe
309 976 95 49 und
421 974 209 50 Glauben
658 974 80 51 das
769 974 242 52 verlorene
1030 976 160 50 Leben
1212 974 330 52 wiederfinden
1570 974 93 50 und
1686 973 54 51 all

151 1079 112 33 euer
286 1062 140 65 Spott
445 1060 233 67 vergehen
703 1060 45 50 in
774 1061 218 49 Thränen
1014 1061 81 51 der
1117 1062 194 52 Wonne
1336 1060 92 50 und
1454 1058 287 52 Sehnsucht!

277 1194 230 51 Dennoch
548 1194 59 51 ist
651 1194 118 51 auch
800 1194 94 50 fürs
927 1192 412 52 Gedächtniss
1382 1198 206 61 gesorgt,
1630 1189 111 51 aber

149 1278 174 51 freilich
366 1279 127 50 nicht
534 1279 82 50 auf
652 1278 331 49 künstlerische
1015 1277 179 58 Weise,
1244 1275 202 51 sondern
1476 1292 90 32 nur
1595 1273 116 67 gröb-

153 1363 142 52 licher
324 1363 189 51 Illusion
544 1381 56 30 zu
630 1362 142 49 Liebe
804 1361 112 50 wird
950 1378 35 33 z.
1019 1362 53 48 B.
1103 1361 61 48 im
1194 1358 379 69 Fliegenden
1602 1358 102 49 Hol-

155 1448 231 59 länder,
418 1447 81 49 der
524 1453 154 43 ersten
703 1447 191 66 Knospe
926 1444 80 50 des
1038 1461 151 33 neuen
1209 1443 348 58 Welt-Genius,
1583 1442 128 67 jeder-

155 1532 88 51 zeit
282 1532 71 49 die
395 1529 289 51 auftretende
714 1531 178 48 Person
934 1528 80 51 des
1046 1529 209 50 Dämons
1298 1527 314 67 angekündigt
1656 1526 83 50 mit

154 1615 126 50 einer
323 1613 396 51 erschrecklichen
760 1612 442 67 Posaunen-Figur;
1253 1611 161 52 sobald
1456 1611 72 49 die
1575 1627 164 51 grosse

153 1701 122 49 Tute
294 1698 230 60 erschallt,
548 1698 134 50 weiss
704 1698 306 50 Jedermann:
1053 1697 137 60 „Nun
1208 1697 155 50 wird's
1393 1714 97 33 was

268 1783 141 50 Diese
438 1783 158 50 Kunst
635 1783 83 50 der
750 1782 376 59 Charakteristik,
1173 1781 71 51 die
1270 1782 254 66 Wagner's
1557 1780 186 50 Coterie

155 1867 68 51 als
254 1867 123 50 seine
407 1866 264 67 Erfindung
700 1866 310 67 wohlgefällig
1039 1865 170 70 preis't,
1254 1865 58 49 ist
1340 1863 125 52 nicht
1495 1880 107 43 neu,
1653 1880 90 33 nur

155 1951 75 51 bei
245 1952 182 50 Mozart
446 1951 182 58 anders,
652 1951 197 50 nämlich
879 1950 297 51 innerlich
1203 1949 271 68 gebraucht.
1503 1947 238 61 Niemand,

154 2036 182 51 fürchte
366 2036 86 59 ich,
498 2035 116 51 wird
649 2035 163 67 jemals
859 2034 87 50 den
977 2036 108 48 Don
1114 2035 123 49 Juan
1282 2034 81 49 mit
1395 2032 147 51 einem
1571 2032 144 51 Nacht-

154 2119 210 50 wächter
393 2119 329 57 verwechseln,
769 2116 188 52 obwohl
996 2117 93 50 ihm
1119 2116 194 67 nirgend
1354 2116 73 50 ein
1457 2115 284 51 besonderes

153 2204 275 49 Tutenhorn
460 2203 248 67 gewidmet
738 2201 70 50 ist.
855 2201 137 50 Seine
1021 2200 218 58 ehernen,
1269 2199 348 67 überkräfligen
1649 2200 61 48 Ge-

155 2293 142 63 sänge
331 2288 100 50 sind
461 2304 56 33 an
549 2288 107 49 sehr
685 2285 202 51 deutlich
917 2285 329 67 gezeichneten
1268 2284 473 66 Melodie-Anfängen

155 2373 98 49 und
284 2371 247 51 Schlüssen
564 2389 51 32 so
647 2370 142 51 schön
822 2370 282 66 gezeichnet,
1145 2369 104 51 dass
1294 2385 105 33 man
1442 2368 87 50 den
1559 2368 182 50 Helden

159 2457 155 58 hört,
355 2455 115 50 auch
517 2455 120 50 ohne
676 2454 77 50 ihn
799 2472 55 32 zu
899 2454 195 57 sehen,
1137 2453 96 51 und
1270 2469 137 51 sogar
1439 2451 121 51 ohne
1590 2453 121 48 Deco-

158 2540 150 50 ration
358 2539 97 50 und
499 2538 442 67 Blechgeschnatter
987 2537 149 50 seiner
1179 2535 354 69 Heldengestalt
1574 2535 167 68 gewiss

159 2623 130 51 wird.
436 2622 168 50 Feiner
645 2622 120 50 noch
809 2622 55 49 ist
897 2622 71 49 die
1001 2620 362 51 Charakteristik
1507 2619 88 67 (die
1626 2619 118 51 doch

160 2707 89 51 den
273 2707 149 51 feinen
438 2705 238 51 Kritikern
701 2705 83 50 der
799 2704 215 51 Jetztzeit
1046 2703 224 68 [Neuzeit,
1289 2703 303 67 Gegenwart]
1622 2703 126 49 nicht

162 2799 264 60 entgangen
458 2791 96 49 sein
586 2789 169 68 wird?)
883 2789 71 50 die
986 2787 377 57 Charakteristik,
1395 2787 146 51 durch
1571 2785 177 51 welche

159 2877 197 57 Mozart,
409 2874 220 50 ebenfalls
671 2873 322 58 innerlich,
1046 2873 72 48 die
1148 2871 600 52 Seelen-Verwandtschaft

160 2961 108 48 Don
297 2959 159 50 Juan's
487 2957 82 51 mit
597 2958 170 50 Donna
799 2957 136 49 Anna
968 2956 125 58 malt,
1126 2956 184 49 worauf
1334 2956 54 49 E.
1413 2956 52 48 T.
1491 2954 57 50 A.
1580 2953 128 51 Hoff-

164 3061 168 32 mann
364 3043 121 50 seine
517 3042 255 67 tiefsinnige
802 3039 315 68 Entdeckung
1146 3039 85 51 der
1259 3039 190 51 wahren
1481 3038 108 51 Idee
1614 3038 136 67 jener

165 3128 131 66 Oper
327 3127 258 67 gegründet
615 3126 91 53 hat.

292 3240 131 50 Aber
452 3258 96 33 was
578 3240 159 50 hilft's!
769 3239 110 52 Wir
908 3239 238 58 Anderen,
1179 3239 71 51 die
1280 3239 86 51 wir
1397 3238 223 59 zweifeln,
1651 3236 99 51 sind

162 3343 96 33 nun
291 3324 164 51 einmal
487 3324 123 51 nicht
640 3323 341 68 urtheilsfähig;
1012 3342 53 33 so
1098 3323 149 52 docirt
1278 3323 71 50 die
1381 3321 218 70 leipziger
1621 3321 132 51 Neue

162 3409 336 58 Musicalische,
530 3408 502 51 social-demokratisch
1065 3406 189 69 geleitet
1284 3406 146 51 durch
1462 3406 71 50 die
1566 3405 186 51 Coterie

167 3493 81 49 der
281 3492 169 50 letzten
480 3509 83 33 aus
596 3492 89 49 den
715 3500 334 60 versprengten
1080 3490 311 69 Hegel'schen
1423 3490 218 50 Husaren

167 3577 139 50 deren
338 3575 295 52 dialektische
663 3575 395 68 Argumentation
1103 3575 120 51 denn
1256 3575 118 51 auch
1420 3575 43 50 in
1495 3573 259 68 alt-hegel'-

169 3660 153 51 schem
367 3662 131 51 Tone
546 3660 168 51 darauf
752 3659 304 69 hinausgeht,,
1079 3659 139 69 jeden
1258 3658 396 70 Widersprecher
1697 3676 58 31 zu

169 3743 212 69 dämpfen
422 3746 81 49 mit
544 3744 104 51 dem
682 3744 200 52 Worte:
936 3744 110 59 „Ihr
1077 3744 207 50 versteht
1313 3760 89 33 uns
1667 3740 88 51 wie

169 3827 120 51 noch
322 3827 199 52 kürzlich
551 3847 88 32 von
673 3828 193 51 dorther
898 3836 165 59 gesagt
1095 3828 81 50 ist:
1220 3828 157 57 „Wer
1399 3826 88 50 den
1504 3826 219 50 Tannhäu-

172 3928 75 32 ser
285 3911 219 52 einmal
549 3912 164 66 gehört
753 3912 96 51 und
894 3912 176 51 danach
1101 3911 206 58 urtheilt,
1348 3909 61 51 ist
1438 3911 72 49 ein
1540 3909 217 60 Böotier;

270 4014 97 31 wer
399 3996 76 49 ihn
508 3994 111 51 aber
649 4014 82 49 gar
755 3997 115 50 nach
902 3997 84 51 der
1016 3996 273 51 Partitur
1320 3993 141 51 stud
1474 3993 48 50 ir
1533 4001 34 52 t,
1598 3993 58 51 ist
1686 3993 71 51 ein

173 4078 173 60 Ochse,
377 4080 282 49 mindestens
691 4080 70 49 ein
1200 4077 201 52 Solchen
1432 4077 325 67 Argumenten

172 4161 269 68 gegenüber
473 4162 241 51 bekennen
746 4162 82 51 wir
859 4181 86 33 uns
977 4181 114 50 gern
1120 4162 66 52 als
1216 4160 349 69 unverständig.

1964 298 76 52 An
2067 294 241 56 derselben
2333 292 167 64 Quelle
2531 292 246 54 vernimmt
2804 314 106 32 man
2942 290 365 57 allwöchentlich
3339 292 80 55 das

1835 379 282 72 abgeleierte
2149 380 296 71 Sprüchlein:
2487 379 159 59 „Alles
2672 380 173 50 Grosse
2877 381 100 50 tritt
3008 381 42 50 in
3083 380 69 51 die
3175 379 135 52 Welt
3340 380 82 51 mit

1834 466 179 72 Kampf
2046 466 93 52 und
2173 482 126 35 muss
2328 464 291 68 Verfolgung
2957 464 267 51 Schaamlos
3265 480 158 52 genug

1838 552 194 52 berufen
2073 552 63 50 sie
2178 552 94 50 sich
2317 552 81 49 auf
2421 550 137 50 Jesus
2594 548 226 49 Christus.
2873 548 142 51 Also:
3062 548 102 51 weil
3197 549 71 50 ein
3300 549 124 51 Held

1839 634 299 70 gekreuziget
2169 634 72 60 ist,
2274 634 161 51 darum
2467 633 99 52 sind
2597 632 84 50 alle
2713 629 343 70 Gekreuzigten
3088 632 216 50 Helden?
3335 633 88 51 Ein

1838 719 230 51 hübsches
2086 719 265 66 Argument
2382 718 101 51 das!
2514 718 132 49 Einst
2677 734 97 33 war
2803 733 47 33 es
2883 715 83 50 der
2989 715 141 50 Trost
3160 715 123 51 eines
3316 718 107 49 sehr

1837 803 264 51 bekannten
2134 803 254 67 Agitators,
2434 803 96 58 der,
2576 802 103 51 weil
2710 800 267 53 Alexander
3020 800 83 50 der
3135 799 174 51 Grosse
3342 821 52 32 zu-

1841 888 160 51 weilen
2032 887 264 49 betrunken
2328 905 233 49 gewesen,
2605 887 93 49 sich
2730 886 161 67 häufig
2923 884 210 60 betrank,
3166 883 120 51 ohne
3320 884 84 51 frei-

1837 972 87 51 lich
1969 971 71 50 ein
2073 971 267 49 Alexander
2382 988 55 31 zu
2482 971 204 50 werden.
2830 969 112 52 Wir
2972 976 156 44 setzen
3161 968 132 51 einen
3325 968 80 51 tief-

1839 1056 207 68 sinnigen
2089 1054 182 69 Spruch
2318 1053 80 51 des
2443 1053 358 51 Kirchenvaters
2834 1054 293 68 Augustinus
3174 1061 248 61 entgegen,

1838 1140 90 50 den
1957 1140 124 50 wohl
2112 1138 141 51 heute
2277 1136 193 52 manche
2495 1137 308 67 Verständige
2834 1137 127 51 nicht
2991 1138 132 50 mehr
3152 1138 270 52 verstehen:

1848 1264 18 20 „
1879 1225 110 50 Non
2011 1241 164 50 poena,
2205 1225 77 49 sed
2309 1240 140 33 causa
2473 1222 112 67 facit

1962 1307 285 60 Beethoven,
2277 1307 183 50 Mozart
2490 1305 95 49 und
2614 1305 126 49 Bach
2783 1305 99 50 sind
2924 1311 160 44 trotz
3127 1306 111 49 aller
3286 1305 112 53 Cote-

1833 1392 126 51 rieen
1989 1392 93 51 und
2115 1391 311 51 literarischen
2443 1390 623 67 Verdummungs-Institute
3098 1390 213 51 dennoch
3343 1391 53 51 be-

1833 1476 187 52 rühmte
2051 1477 149 49 Leute
2232 1475 268 68 geworden,
2552 1474 95 50 und
2693 1491 124 33 zwar
2867 1474 188 49 durch
3108 1472 91 52 die
3243 1472 184 52 Liebe

1834 1561 101 51 des
1980 1560 247 52 Volkes.
2291 1559 92 52 Wi
2402 1559 28 50 d
2444 1557 203 51 ersinn
2662 1557 52 69 ig
2745 1575 156 34 waren
2942 1557 210 69 Anfangs
3184 1557 71 52 die
3286 1557 112 52 Cote-

1834 1645 146 60 rieen,
2026 1645 71 50 die
2144 1644 174 49 kranke
2350 1641 395 61 Gelehrsamkeit;
2790 1642 291 69 desselbigen
3113 1642 220 51 Gleichen
3363 1644 60 51 ist

1837 1729 117 51 auch
1985 1729 153 51 Göthe
2180 1728 146 52 durch
2370 1728 155 50 seinen
2558 1726 118 51 Götz
2723 1745 89 33 von
2857 1728 322 67 Berlichingen
3220 1726 204 52 bekannt

1838 1813 267 68 geworden,
2136 1813 86 49 ehe
2255 1811 71 51 die
2355 1811 151 51 Kritik
2536 1829 92 32 von
2658 1810 94 51 ihm
2783 1819 190 44 wusste.
3005 1811 81 51 Bei
3117 1813 56 48 R.
3211 1811 214 69 Wagner

1837 1896 96 51 ist's
1964 1896 124 51 bloss
2116 1895 306 70 umgekehrt;
2459 1895 189 59 kranke,
2681 1894 186 52 blasirte
2898 1894 524 52 Gelehrten-Coterieen

1838 1982 151 50 haben
2018 1982 80 50 ihn
2129 1982 256 68 gepriesen,
2423 1980 69 51 ins
2524 1980 120 51 Volk
2672 1980 60 50 ist
2761 1998 51 33 er
2843 1980 124 51 nicht
2998 1980 300 69 gedrungen;
3345 1980 80 51 das

1839 2082 141 51 sagen
2012 2065 118 51 alle
2159 2064 270 67 Zeugnisse,
2460 2082 162 33 ausser
2652 2063 90 52 den
2773 2064 146 51 durch
2943 2064 126 51 Liszt
3099 2064 95 51 und
3224 2064 199 52 Brendel

1839 2149 304 69 gehänselten
2175 2149 336 50 Zeitschriften.

1965 2233 112 52 Wir
2096 2232 183 52 bleiben
2309 2232 74 51 bei
2412 2250 216 33 unserem
2653 2233 153 57 Satze,
2837 2232 89 52 den
2957 2232 71 49 die
3044 2232 267 67 Erfahrung
3343 2233 84 50 der

1838 2316 274 52 Geschichte
2143 2316 249 67 bestätigt:
2436 2316 167 50 sittlich
2642 2314 221 69 ringende
2893 2314 177 61 Zeiten,
3114 2314 88 52 wie
3234 2316 71 50 die
3337 2335 58 31 un-

1838 2418 103 33 sere
1971 2401 74 58 ist,
2077 2401 99 49 sind
2194 2401 124 50 nicht
2337 2399 305 51 künstlerisch
2672 2399 303 68 gestaltende.
3008 2399 120 52 Was
3146 2398 100 52 hilft
3267 2402 125 66 Läug-

1838 2486 126 51 nen?
1994 2484 103 50 Alle
2126 2484 493 51 Journal-Scribenten
2652 2502 86 33 von
2756 2484 188 69 Leipzig
2973 2483 73 51 bis
3078 2484 127 50 Paris
3236 2484 193 51 werden

1842 2587 86 33 uns
1959 2568 124 51 nicht
2112 2568 311 69 überzeugen,
2470 2568 103 51 dass
2604 2570 160 67 Meyer
2793 2570 121 49 Beer
2956 2567 91 51 und
3079 2568 219 68 Wagner
3330 2570 95 50 und

1839 2652 181 51 Berlioz
2051 2652 226 51 wahrhaft
2305 2653 154 50 Neues
2491 2653 261 68 geschaffen
2782 2653 95 50 und
2909 2652 104 51 dass
3044 2652 97 50 ihre
3165 2653 232 69 Schöpfun-

1844 2755 89 49 gen
1964 2736 227 51 wahrhaft
2232 2737 68 50 ins
2331 2737 122 51 Volk
2495 2737 273 67 gedrungen
2799 2736 116 51 sind.
2975 2736 157 51 Macht
3177 2737 90 50 den
3309 2738 86 49 Ver-

1844 2820 138 51 such!
2025 2821 137 50 Lasst
2205 2821 55 50 R.
2291 2821 218 67 Wagner
2552 2820 42 51 in
2637 2821 124 50 einer
2802 2820 306 68 ungelehrten
3151 2818 249 53 Provincial-

1847 2904 122 50 stadt
1998 2905 229 49 auftreten
2260 2905 81 49 mit
2370 2905 147 57 allem,
2559 2921 97 33 was
2702 2921 50 33 er
2792 2904 94 61 hat,
2929 2902 95 52 und
3057 2904 109 50 lasst
3196 2904 77 50 ihn
3302 2905 127 49 seine

1847 2987 315 51 sämmtlichen
2192 2989 184 52 Werke
2408 3006 55 32 zu
2497 2989 158 50 Gehör
2697 2987 193 69 bringen
2931 2987 80 50 mit
3056 2987 149 60 allem,
3252 3005 95 33 was
3371 3005 60 36 .er

1847 3071 175 52 fordert
2155 3070 114 52 aber
2299 3071 354 69 wohlgemerkt,
2685 3072 111 50 lasst
2825 3071 221 51 während
3079 3071 150 51 dieser
3252 3072 176 51 Kunst-

1847 3155 194 51 Periode
2072 3156 118 50 allen
2230 3156 284 59 „Gelehrten
2534 3156 83 51 der
2902 3155 80 51 das
3005 3155 125 51 Maul
3159 3155 265 60 verbinden,

1848 3240 71 51 die
1950 3240 174 70 Claque
2155 3240 97 51 und
2295 3240 314 51 Frei-Billette
2646 3240 265 51 schwinden
2953 3240 93 51 und
3078 3241 82 50 auf
3183 3240 93 51 vier
3301 3243 81 50 Wo-

1848 3324 116 51 chen
1995 3324 70 51 die
2096 3324 222 51 Journale
2349 3342 50 33 so
2432 3324 366 67 stillschweigen,
2830 3324 86 49 wie
2947 3324 64 51 sie
3039 3342 50 33 es
3121 3343 56 30 zu
3207 3325 218 50 Mozart's

1847 3408 96 51 und
1971 3408 163 51 Bach's
2166 3408 161 51 Zeiten
2371 3408 186 59 thaten;
2603 3408 69 51 ihr
2724 3408 107 51 sollt
2876 3408 157 59 sehen,
3080 3408 61 51 ob
3187 3408 81 51 das
3309 3408 120 51 Volk

1851 3490 193 69 objectiv
2073 3492 189 50 urtheilt
2294 3492 113 50 oder
2437 3492 72 50 die
2540 3493 264 49 Gelehrten.

1978 3574 100 51 Auf
2101 3575 80 51 das
2211 3575 176 51 Urtheil
2431 3575 83 51 der
2543 3577 240 49 Nachwelt
2827 3575 195 51 berufen
3055 3575 85 52 wir
3171 3593 87 33 uns
3288 3575 139 51 nicht.

1849 3659 166 50 Dieses
2036 3659 161 50 nimmt
2215 3659 141 50 Jeder
2387 3659 71 50 für
2481 3660 94 51 sich
2604 3660 43 50 in
2671 3660 263 69 Anspruch.
2967 3660 177 50 Zudem
3175 3659 97 51 ist's
3302 3663 104 65 trüg-

1851 3743 103 61 lich,
1998 3742 89 51 wie
2126 3742 85 51 alle
2242 3743 575 52 Schulmeister-Phrasen.
2864 3743 168 51 Haben
3072 3743 87 51 wir
3187 3761 87 33 uns
3305 3743 124 52 nicht

1852 3827 86 51 seit
1968 3826 82 50 der
2073 3827 183 67 Jugend
2288 3845 226 52 vorsagen
2544 3829 175 50 lassen:
2761 3869 18 18 „
2794 3827 151 52 Gebet
2962 3827 137 58 Acht,
3125 3827 100 49 kein
3245 3828 183 69 Tyrann

1852 3911 203 50 entrinnt
2086 3909 105 51 dem
2223 3911 202 50 Urtheile
2460 3912 83 51 der
2930 3909 106 51 Und
3078 3909 118 52 doch
3227 3911 79 52 hat
3335 3913 71 51 nie-

1852 3994 131 60 mals,
2026 3994 104 51 dass
2161 3994 85 50 wir
2275 3996 183 61 wissen,
2503 3997 73 51 ein
2606 3998 186 66 Tyrann
2837 3994 92 50 sich
2962 3994 259 53 sonderlich
3253 4015 77 33 um
3362 3997 70 51 die

1851 4078 241 52 Nachwelt
2122 4080 317 67 gekümmert;
2558 4080 117 52 auch
2707 4080 78 49 hat
2816 4078 222 52 zuweilen
3070 4080 70 52 die
3171 4081 89 52 alte
3286 4082 146 51 Tante

1851 4162 241 52 Nachwelt
2135 4163 94 51 sich
2271 4163 208 70 gröblich
2525 4163 159 69 geirrt,
2736 4162 88 51 wie
2863 4181 37 32 z.
2930 4163 52 51 B.
3027 4163 114 52 über
3184 4165 248 52 Cromwell
