5169 6797
240 6672 57 41 66

3514 110 178 54 Moses
3727 115 205 49 machte
3965 113 232 56 Mirjams
4233 115 216 50 Gemahl
4482 127 118 38 zum
4635 111 326 60 Vertrauten,

3514 215 65 33 zu
3611 202 195 46 seinem
3834 198 205 56 Diener,
4071 198 101 49 und
4201 204 188 47 nannte
4420 200 85 52 ihn
4537 198 177 57 Josua,

3513 285 128 55 Den,
3680 283 91 49 der
3809 283 115 49 dem
3962 282 129 49 Volk
4131 283 79 49 die
4248 282 329 58 Verheißunig
4616 280 180 52 erfüllt.

248 113 189 58 Aaron,
477 114 91 49 mit
605 113 178 50 Moses
827 115 231 59 erwählt,
1104 115 91 49 das
1236 113 131 50 Volk

248 197 88 51 auf
368 198 177 54 langer
579 196 341 60 Wanderung
953 213 63 36 zu
1050 199 197 56 führen,

252 285 88 47 der
368 281 288 55 königliche
685 282 164 51 Seher
881 284 133 54 singt
1043 296 97 35 vor
1174 282 117 48 dem
1318 279 192 51 Heere:

248 364 110 50 Von
404 365 115 48 dem
568 366 265 56 Geistigen
883 370 228 46 inmitten
1155 366 163 47 rohen
1366 365 325 55 ungestalten

1537 448 216 57 Krieges

245 531 113 51 Von
396 533 103 50 den
541 538 176 46 reinen
756 534 163 50 Sitten
963 535 89 47 der
1090 532 497 59 Löwenbeherzten,

245 615 83 55 die
366 617 242 56 kämpfen
646 621 66 45 im
748 621 220 52 üppigen
1004 616 391 58 Morgenlande,

245 714 108 36 von
389 703 96 51 den
519 707 242 51 strengen
797 704 252 53 geistigen
1087 701 259 50 Gesetzen
1382 702 90 50 der

1387 785 366 56 Heimatlosen,

250 869 80 50 die
373 869 188 50 Völker
606 869 349 56 überwinden,
1003 869 224 55 gebannt
1270 872 68 46 im
1383 869 186 49 trüben
1611 872 142 45 toten

1557 950 193 54 Frohn;

247 1051 107 34 von
386 1038 115 47 dem
537 1036 156 49 Einen
725 1035 136 50 Heer
899 1037 100 48 und
1032 1035 193 61 Befehl,

248 1120 94 51 das
387 1123 76 49 die
505 1119 218 50 Söldner
767 1120 454 55 unbarmherziger
1264 1119 166 55 Vögte
1475 1117 213 55 schlägt.

246 1286 173 51 Aaron
453 1289 136 53 singt
618 1301 105 35 von
757 1289 89 48 der
881 1287 249 58 Vorwelt,

244 1384 105 35 von
386 1370 276 59 Abraham,
701 1371 115 49 dem
852 1371 452 55 Menschenvater,

243 1467 126 35 vom
401 1454 168 49 Frohn
602 1455 102 49 und
734 1455 121 49 dem
887 1454 175 50 Banne
1094 1454 318 55 Aegyptens,

244 1551 125 35 vom
397 1536 232 51 Befreier
662 1537 193 57 Moses,
888 1538 161 49 ihrem
1082 1534 331 59 Vormarsch,

244 1634 107 35 von
387 1621 182 49 Gottes
607 1620 178 58 Recht,
817 1620 79 49 für
933 1620 93 49 das
1061 1621 109 48 sein
1206 1618 130 49 Volk
1369 1616 254 59 bewahrt,

243 1703 82 51 für
359 1704 92 49 das
484 1708 73 46 sie
593 1706 157 47 erlöst
783 1703 127 61 sind,
941 1717 59 36 es
1039 1702 263 51 einstmals
1338 1716 63 35 zu
1435 1702 251 54 pflanzen.

244 1786 106 50 Der
380 1787 162 50 Seher
575 1791 135 51 singt
738 1801 102 34 von
877 1787 116 49 dem
1021 1786 143 58 Pfeil,

243 1871 103 49 den
386 1871 121 52 Gott
543 1870 86 49 auf
670 1870 79 48 die
789 1869 169 49 Sehne
997 1872 168 46 seines
1206 1868 294 56 mächtigen
1540 1868 210 56 Bogens

1612 1952 139 55 legte

241 2036 106 49 und
381 2037 215 51 richtete
632 2035 85 50 auf
749 2036 162 50 Edom
950 2039 104 49 und
1088 2035 175 62 Moab,

242 2119 233 57 prüfend,
513 2120 207 50 wieviel
757 2120 90 51 der
884 2119 172 53 Oehre
1095 2135 53 36 er
1188 2119 274 52 durcheile.

241 2201 208 52 Soviele
486 2203 88 50 der
611 2203 400 60 Hinsinkenden,
1048 2205 211 49 düstren
1295 2203 263 57 Schatten,

242 2285 91 49 der
364 2285 341 61 Sterbenden,
734 2287 253 51 bestattet
1017 2291 68 46 im
1117 2290 202 54 kargen
1345 2286 188 57 Sande,

242 2367 208 54 Soviele
491 2372 89 49 der
621 2371 219 50 hellsten
878 2371 220 56 Stirnen,

243 2453 81 50 die
364 2454 320 51 mannbaren
728 2454 172 51 Söhne
944 2470 91 34 zur
1076 2454 324 55 Kriegsfolge
1445 2453 304 51 erwachsen

243 2536 87 50 auf
366 2538 454 54 vierzigjährigeer
865 2538 350 58 Wanderung,
1260 2537 283 50 Gefährten
1583 2537 103 49 und

1563 2620 187 57 Erben*

241 2705 200 49 welche
475 2705 137 50 nicht
644 2705 302 57 Aegyptens
981 2704 175 50 Schlaf
1188 2706 217 48 kennen.

240 2869 113 52 Neu
391 2874 67 48 ist
496 2872 92 49 das
633 2872 281 55 Angesicht
954 2873 89 48 des
1087 2871 192 51 Volkes

238 2968 124 35 vom
398 2954 211 50 Marsch
647 2956 89 48 der
772 2955 286 58 Jünglinge,

238 3041 52 47 in
326 3039 89 49 der
452 3038 188 54 Kinder
679 3039 180 55 Augen
894 3039 218 56 spiegelt
1151 3039 107 50 sich
1298 3039 182 50 Gottes
1518 3037 165 50 Feuer

239 3122 51 48 in
323 3135 158 36 neuer
517 3122 276 57 Hoffnung,
824 3126 90 46 mit
949 3125 195 47 reinem
1176 3122 170 57 Trost,

243 3205 91 50 der
364 3206 91 49 das
480 3205 132 50 Volk
637 3209 52 46 in
719 3205 80 50 die
826 3205 205 51 Heimat
1060 3206 152 50 führt.

242 3288 105 50 Der
377 3292 170 52 greise
578 3288 162 52 Seher
769 3290 106 54 legt
901 3289 153 50 beide
1080 3288 184 51 Hände
1294 3288 86 50 auf
1411 3291 79 49 die
1520 3287 139 51 Stirn

243 3371 93 50 des
367 3373 294 55 mächtigen
693 3372 281 50 Feldherrn

242 3456 102 49 und
379 3456 123 53 küßt
538 3455 146 51 Josef
718 3459 92 50 mit
848 3458 117 47 dem
1001 3457 109 54 Kuß
1152 3457 92 49 des
1282 3453 465 58 Vermächtnisses,

241 3538 89 50 Ihn
363 3539 150 56 grüßt
544 3540 90 50 der
666 3540 208 56 Gesang
907 3540 92 50 des
1032 3539 331 51 strömenden
1395 3538 198 51 Heeres

241 3637 118 34 zum
391 3623 209 51 Donner
631 3627 88 47 der
750 3623 289 51 bläulichen
1069 3622 221 51 Schilde.

241 3788 112 52 Von
389 3788 113 52 fefn
537 3791 147 50 unter
721 3790 99 50 den
855 3789 226 57 Mägden

237 3873 182 50 schaut
452 3873 207 55 Mirjam
695 3874 78 50 die
809 3873 135 51 Ehre
978 3873 92 50 des
1106 3873 259 57 Gemahls,

241 3957 103 49 und
375 3959 75 50 sie
480 3957 221 50 verhüllt
733 3957 108 50 sich
869 3960 91 47 mit
989 3958 235 50 Weinen.

941 4122 64 52 IV

237 4206 207 55 Mirjam
486 4210 66 46 ist
595 4210 277 56 aussätzig,

240 4289 146 51 Josef
420 4293 139 54 trägt
596 4293 110 47 sein
739 4291 150 48 Weib
930 4305 91 35 aus
1057 4292 100 48 den
1194 4290 198 56 Reihen
1430 4289 90 50 des

1214 4373 286 50 ziehenden
1540 4370 207 51 Volkes.

238 4456 106 49 Der
380 4457 133 49 Herr
551 4457 86 50 hat
673 4460 74 47 sie
783 4458 300 55 gezeichnet
1117 4460 67 46 im
1221 4456 148 58 Zorn,

241 4556 56 35 er
333 4544 86 47 hat
458 4543 72 48 sie
565 4545 277 51 weggetan
878 4555 105 34 von
1021 4542 194 49 seinem
1254 4539 203 57 Antlitz,

242 4624 88 49 auf
367 4624 96 48 daß
504 4627 75 47 sie
616 4624 178 50 sieben
830 4624 141 55 Tage
1012 4638 123 34 vom
1174 4624 172 55 Lager
1378 4621 367 51 verschlossen

1656 4705 90 49 sei.

240 4790 191 51 Sieben
460 4790 141 56 Tage
629 4791 121 54 lang
778 4806 99 40 zog
910 4791 91 49 das
1030 4790 131 49 Volk
1191 4790 139 51 nicht
1353 4789 81 49 für
1440 4789 90 49 der

237 4875 105 49 und
372 4878 222 48 wartete
623 4875 78 50 bis
733 4873 205 56 Mirjam
970 4874 195 51 wieder
1198 4873 398 56 aufgenommen

1580 4952 164 53 ward.

237 5125 145 51 Josef
413 5127 205 49 wäscht
651 5139 82 36 am
772 5124 146 57 Quell
955 5127 79 49 die
1072 5139 131 42 ganz
1239 5124 348 58 Zerfressene,

239 5209 81 53 die
350 5209 245 59 Profetin,
629 5209 222 50 Tochter
885 5224 104 34 von
1022 5209 247 61 Königen,

239 5292 299 51 Schwester
585 5293 216 59 Aarons,
849 5294 81 49 die
977 5292 165 50 wider
1185 5292 178 50 Moses
1413 5290 110 51 sich
1570 5287 174 53 erhob.

239 5375 68 50 Er
335 5376 123 50 hüllt
489 5379 81 49 die
599 5376 286 50 Fiebernde
914 5380 48 47 in
990 5375 203 53 Tücher

237 5473 97 34 vor
378 5460 98 48 den
519 5459 212 51 Blicken
775 5463 90 49 der
909 5460 292 50 harrenden
1242 5458 212 51 Familie

237 5542 107 48 und
373 5544 174 49 wacht
579 5544 147 49 allein
754 5544 85 50 bei
870 5545 92 50 ihr.

239 5624 154 52 Seine
426 5626 150 48 Hand
608 5627 121 55 liegt
761 5631 114 46 treu
911 5627 85 50 auf
1027 5629 163 48 ihrem
1221 5626 175 59 Leibe,

237 5711 112 48 sein
381 5709 174 55 Haupt
589 5712 211 50 schirmt
838 5715 73 46 sie
944 5726 96 35 vor
1078 5712 117 49 dem
1228 5711 207 49 welken
1470 5707 178 53 Mond.

238 5876 94 54 Die
381 5877 308 55 Aussätzige
741 5877 157 51 blickt
943 5878 316 50 wunderlich
1308 5876 88 51 auf
1444 5875 160 58 Josef,

241 5960 79 50 die
350 5960 196 56 Lippen
580 5965 88 47 der
701 5955 381 55 Gezeichneten
1112 5961 112 50 sind
1259 5959 269 52 schwach:

239 6042 166 51 Unser
440 6044 128 50 Volk
602 6048 66 47 ist
701 6043 130 58 fern,
865 6055 56 38 es
956 6043 159 50 dankt
1144 6045 95 58 dir,

242 6126 135 50 denn
412 6131 73 48 sie
516 6129 173 49 lassen
723 6141 94 37 uns
851 6129 200 47 einsam
1083 6130 48 47 in
1163 6128 93 50 der
1291 6127 199 60 Wüste,

242 6209 80 50 die
358 6212 104 48 sich
494 6210 216 60 Bruder,
740 6212 195 49 Führer
971 6219 214 44 nennen.

242 6292 86 49 Sie
366 6294 180 49 ziehen
579 6296 411 59 unbekümmert,
1029 6294 277 56 gehorsam
1346 6295 117 50 dem
1499 6293 182 59 Feuer,

242 6375 299 52 mitleidslos
577 6378 78 50 für
698 6380 81 50 die
813 6379 258 54 Kranken.

242 6457 200 51 Aarons
476 6461 207 57 Gesang
712 6467 199 46 ertönte
944 6462 187 57 golden
1160 6463 49 48 in
1239 6461 93 51 der
1364 6459 200 61 Wüste,

241 6543 247 50 zauberte
523 6546 72 49 sie
629 6560 90 35 zur
750 6543 220 62 Heimat,

1877 113 344 51 verzauberte
2261 128 94 35 uns
2392 115 106 49 voll
2534 113 173 50 Elend.

1877 198 151 50 Dann
2061 196 166 52 ließen
2259 200 73 47 sie
2371 212 94 35 uns
2501 198 192 49 zurück
2728 212 118 34 zum
2887 197 343 51 unheilvollen

3136 281 248 53 Wachen.

1878 366 95 51 Die
2004 366 165 51 Toten
2203 366 98 50 alle
2328 366 123 50 sehe
2484 367 79 48 ich
2594 366 329 49 bluttrunken

1877 453 51 46 in
1965 454 164 46 einem
2169 449 224 50 anderen
2433 449 167 52 Heere
2638 448 255 62 wandeln,

1878 538 301 51 gespenstig
2212 533 162 49 hinter
2412 533 99 49 den
2545 532 304 58 Ziehenden,

1877 621 163 51 gierig
2079 617 131 49 nach
2253 617 89 49 der
2382 632 167 34 neuen
2589 617 180 57 Beute,

1879 702 81 48 die
1998 703 97 47 den
2128 715 226 40 grausen
2392 699 108 57 Zug
2533 701 275 50 vermehre

1877 798 105 34 von
2011 784 267 53 jüdischen
2307 783 248 50 Weibern
2585 786 243 54 geboren.

1877 950 84 50 Ich
1997 950 86 49 bin
2114 952 242 49 totkrank
2391 966 106 34 von
2530 952 201 50 Aarons
2768 952 209 53 Gesang

1875 1048 105 34 von
2012 1034 163 50 Mosis
2212 1035 212 55 großem
2457 1034 366 59 Zauberwerk,

1877 1118 103 49 und
2016 1117 179 50 Moses
2239 1118 86 50 hat
2363 1119 132 48 mich
2536 1123 89 45 mit
2664 1119 223 49 Aussatz
2927 1117 329 56 geschlagen.

1875 1201 114 49 Von
2029 1201 90 50 der
2158 1201 190 53 Schrift
2389 1201 89 50 der
2523 1201 178 58 Blitze,

1877 1284 86 49 auf
2005 1285 90 51 des
2139 1287 194 49 Feuers
2373 1285 266 57 Mündung
2680 1284 354 58 geschrieben,
3081 1297 128 42 sang
3250 1285 134 48 mein

3167 1366 217 55 Bruder,

1876 1450 133 53 doch
2044 1453 81 49 ich
2163 1453 91 50 sah
2293 1465 93 37 nur
2423 1455 90 49 der
2551 1454 163 49 Blitze
2752 1453 250 55 Drohung

1876 1537 318 49 schwanken
2226 1539 69 47 im
2326 1536 174 51 fahlen
2538 1537 217 50 Gewölk

1876 1624 103 48 und
2015 1620 235 50 Wochen
2290 1620 102 50 und
2429 1620 193 52 Monde
2661 1622 165 48 lasten
2865 1619 86 49 auf
2984 1620 120 50 dem
3144 1631 177 35 armen

3235 1700 147 58 Volk,

1875 1786 201 62 Wolke,
2116 1787 79 49 die
2233 1802 93 35 uns
2370 1787 149 49 droht
2555 1791 49 45 in
2644 1788 89 49 der
2774 1787 211 49 düstren
3022 1784 235 50 Wildnis.

1875 1869 140 50 Mein
2055 1865 145 64 Held,
2238 1873 101 47 wie
2379 1871 187 49 dunkel
2600 1870 101 49 bist
2740 1872 64 46 du
2840 1869 166 50 neben
3046 1872 109 53 mir,

1877 1955 65 48 du
1982 1952 149 52 allein
2170 1949 101 55 bist
2307 1958 128 53 treu,
2478 1955 112 48 dich
2628 1954 138 49 fühle
2805 1954 79 49 ich
2923 1952 193 56 gewiß;

1874 2040 94 47 mir
2005 2052 175 35 armen
2219 2037 183 51 Weibe
2441 2041 68 46 im
2543 2037 261 57 Kummer,

1873 2123 102 47 wie
2015 2122 228 49 drohend
2283 2123 111 48 sind
2434 2124 94 46 mir
2570 2122 181 49 Gottes
2794 2120 234 58 Zeichen,

1872 2206 101 48 wie
2005 2207 195 47 einsam
2235 2206 112 49 sind
2375 2208 98 47 wir
2505 2205 174 58 Beide,

1874 2281 240 57 niemand
2145 2289 65 49 ist
2247 2286 155 52 außer
2438 2302 92 36 uns
2565 2292 47 46 in
2645 2288 208 50 finstrer
2887 2287 180 51 Nacht.

1872 2456 179 55 Lange
2087 2458 134 49 sinnt
2260 2456 145 49 Josef
2439 2459 76 46 ins
2556 2454 216 58 Dunikel,

1871 2539 106 49 und
2008 2541 201 51 lauscht
2242 2540 116 49 dem
2391 2539 328 51 taumelnden
2752 2538 353 49 Weibeswort

1876 2625 148 48 einen
2051 2621 144 52 Stein
2222 2624 139 48 wirft
2392 2622 151 50 Einer
2573 2625 49 46 in
2655 2622 99 49 den
2785 2622 137 48 öden
2953 2620 248 55 Abgrund

1873 2707 103 50 und
2015 2709 219 49 drunten
2263 2707 122 54 lang
2422 2707 223 48 nachher
2679 2708 277 46 vernimmt
2995 2719 53 34 er
3086 2700 172 52 Schall

1876 2790 89 50 des
1998 2788 209 52 Wurfes
2240 2791 45 47 in
2323 2790 88 50 der
2444 2789 143 49 Tiefe
2623 2802 82 35 am
2738 2786 116 51 Ziel.

1871 2955 67 51 Er
1976 2956 279 50 schaudert
2289 2971 96 34 vor
2427 2957 89 48 der
2552 2955 257 57 Kranken,

1874 3037 86 53 Sie
1993 3055 113 35 war
2139 3056 53 33 es
2228 3042 245 49 vormals,
2511 3040 78 52 die
2625 3040 97 48 den
2756 3038 312 56 Lobgesang
3103 3037 89 49 der

3020 3120 363 51 Heerscharen

1873 3221 64 34 zu
1978 3206 181 50 Gottes
2198 3206 147 50 Preis
2386 3206 250 60 anführte,

1873 3304 98 34 vor
1998 3290 149 49 allem
2175 3285 131 54 Volk
2335 3304 81 34 am
2445 3289 168 56 Roten
2639 3288 169 51 Meer:

1875 3372 215 60 „Lasset
2126 3387 93 36 uns
2258 3374 116 48 dem
2408 3372 169 50 Herrn
2616 3375 193 56 singen^

1872 3457 139 48 denn
2048 3471 54 34 er
2142 3457 87 49 hat
2267 3459 112 47 eine
2416 3456 251 49 herrliche
2705 3455 99 51 Tat
2843 3458 154 53 getan

1875 3538 167 57 Rosse
2076 3539 99 48 und
2207 3538 157 49 Mann
2396 3539 91 50 hat
2517 3554 52 36 er
2605 3544 73 46 ins
2712 3537 148 51 Meer

1874 3703 131 59 Rote
2039 3705 222 49 Flecken
2294 3707 130 49 sieht
2460 3705 146 49 Josef
2641 3720 81 33 am
2754 3705 222 50 Himmel
3009 3704 283 56 dämmern,

1877 3790 92 49 das
1998 3788 325 50 Wüstenfeld
2354 3790 66 48 ist
2454 3789 189 49 fahlrot
2676 3792 125 48 weit
2832 3789 179 49 hinaus
3047 3789 151 48 besät

1873 3873 91 50 mit
1999 3872 100 50 den
2127 3872 346 51 Leichnamen
2505 3887 105 34 von
2641 3871 252 58 Brüdern,
2924 3870 242 55 Kindern.

1873 3953 358 58 Blutgefärbte
2266 3956 152 50 Geier
2455 3956 207 50 kreisen
2700 3970 83 35 am
2818 3955 220 50 Himmel
3076 3954 211 57 droben,

1874 4038 257 52 Schakale
2166 4039 220 50 winseln
2421 4042 89 47 mit
2551 4039 407 50 schrecklichem
2995 4037 323 51 Schluchzen

1872 4122 128 50 über
2039 4122 98 51 den
2171 4122 314 59 Gefallenen,
2516 4122 200 50 welche
2754 4125 78 47 die
2867 4126 141 45 toten
3043 4122 182 49 Hände

3031 4204 353 50 ausstrecken.

1873 4370 312 52 Schwarzes
2219 4372 408 50 Todesdämmer
2663 4371 172 50 macht
2867 4371 146 50 Josef
3044 4370 140 50 blind

1874 4469 56 36 er
1962 4454 108 53 faßt
2103 4455 133 50 nach
2275 4456 91 49 des
2404 4456 213 49 Weibes
2655 4456 166 49 kalter
2858 4454 165 59 Hand,

1872 4538 107 50 will
2007 4538 206 55 Mirjam
2247 4539 258 51 aufheben
2530 4551 109 38 vom
2669 4541 90 48 der
2789 4542 149 46 roten
2969 4537 169 53 Stätte

1874 4622 203 51 bannen
2116 4623 98 51 den
2251 4626 262 47 einsamen
2550 4622 128 50 Tod.

1876 4704 85 51 Sie
2001 4706 217 51 entreißt
2256 4707 108 51 ihre
2403 4706 173 50 Hand:

1875 4789 85 50 Ich
1990 4790 103 49 will
2123 4805 66 34 zu
2217 4790 106 49 den
2349 4794 142 46 toten
2523 4787 241 60 Kindern,

1877 4873 115 50 dort
2028 4877 137 52 zeigt
2203 4874 124 49 Gott
2364 4889 93 34 uns
2498 4874 91 48 das
2627 4873 122 50 Feld
2788 4873 95 50 der
2918 4875 146 47 toten
3100 4872 188 58 Söhne,

1871 4955 127 52 Saat
2034 4956 90 51 der
2158 4957 272 59 Tapferen,
2467 4957 80 49 die
2586 4959 80 48 ein
2701 4956 380 50 schrecklicher
3119 4955 259 50 Zauberer

3243 5041 134 48 säte:

1873 5121 145 54 Josef
2055 5127 67 47 ist
2164 5127 112 46 sein
2313 5124 198 52 Gehilfe

1870 5289 146 51 Josef
2055 5291 175 51 wacht
2272 5291 177 51 sieben
2490 5292 158 58 Tage,

1875 5375 177 49 sieben
2092 5374 195 52 Nächte
2325 5375 176 50 wacht
2541 5391 54 35 er
2642 5375 147 50 elend
2829 5374 170 51 neben
3042 5374 116 50 dem
3196 5374 186 56 Lager,

1874 5457 92 51 das
2009 5458 122 51 Gott
2164 5459 53 49 in
2258 5461 195 47 seinem
2495 5459 227 50 Grimme
2763 5458 194 56 schlug.

1876 5541 65 50 Er
1977 5542 202 56 schlägt
2212 5545 90 47 mit
2341 5541 89 51 der
2465 5541 140 51 Stirn
2640 5542 81 50 die
2755 5541 151 59 Erde,

1869 5622 203 54 'seinem
2109 5626 228 50 Jammer
2374 5627 183 50 horcht
2598 5627 91 49 das
2725 5640 165 41 ganze
2923 5624 146 62 Volk,

1873 5708 177 50 sieben
2081 5710 145 55 Tage
2255 5712 66 48 ist
2354 5710 80 48 die
2467 5708 282 49 Murrende
2782 5723 124 35 vom
2938 5708 170 56 Lager

2999 5791 385 57 verschlossen!,

1873 5875 179 51 sieben
2087 5877 142 56 Tage
2270 5878 119 55 lang
2424 5877 231 50 zerstößt
2694 5876 125 50 Gott
2859 5874 81 51 die
2982 5874 309 55 Aussätzige
3330 5874 50 47 in

2911 5961 196 49 seinem
3157 5958 222 52 Morset.

1875 6126 89 50 Als
2004 6130 89 48 mit
2134 6127 163 51 ihrem
2333 6127 212 54 Murren
2587 6129 90 50 der
2715 6127 225 51 Aussatz
2981 6129 151 54 wich,

1876 6210 73 50 als
1991 6210 206 56 Mirjam
2236 6220 97 42 vor
2376 6207 89 55 der
2509 6211 219 56 heiligen
2768 6210 158 51 Hütte
2968 6211 187 55 kniete,

1878 6294 76 50 als
1987 6297 73 48 sie
2092 6295 110 52 ihre
2232 6295 316 52 Schmerzen
2577 6302 96 43 Vor
2706 6295 90 50 der
2832 6295 248 50 Gemeine
3112 6292 272 58 bekannte,

1875 6371 101 63 gab
2004 6367 180 62 Moses
2214 6379 77 50 ihr
2323 6380 177 49 seinen
2531 6374 266 67 Beistand,

1871 6461 105 51 und
2026 6464 74 49 sie
2143 6463 151 50 ward
2338 6463 506 55 zurückgenommen
2890 6463 50 50 in
2989 6460 102 52 den
3137 6457 247 52 Verband

2843 6546 91 50 des
2971 6544 410 56 Gotteskrieges.

3518 637 552 100 Gedichte

3511 818 195 60 Sophie
3738 834 104 34 van
3873 818 132 50 Leer

3511 961 210 56 Gesang

3509 1073 140 49 Mein
3682 1073 211 56 Rücken
3927 1076 136 52 trägt
4102 1072 94 49 das
4229 1068 133 53 Kind

3507 1160 50 46 in
3596 1160 138 48 einer
3770 1157 347 56 Hängematte

3508 1296 171 51 Meine
3715 1296 172 51 Haare
3925 1298 171 48 haben
4132 1295 173 51 Sonne
4341 1293 291 57 getrunken

3509 1382 101 49 und
3649 1381 178 49 duften
3859 1381 130 50 nach
4023 1380 237 50 fremden
4291 1377 249 51 Pflanzen

3505 1522 172 49 Meine
3710 1521 136 50 Füße
3881 1522 258 49 schreiten
4173 1521 156 50 nackt

3507 1620 343 42 gemessenen
3886 1604 219 51 Schritts

3504 1747 366 50 Perlenketten
3907 1748 171 47 atmen
4113 1747 166 46 meine
4312 1742 158 50 Brust

3504 1832 243 53 Spangen
3783 1842 228 42 spannen
4049 1830 165 48 meinie
4254 1827 155 50 Arme

3503 1970 130 53 Kühl

3503 2055 164 50 bettet
3704 2057 79 48 die
3818 2051 292 57 Abendglut

3505 2144 48 45 in
3580 2140 97 49 das
3708 2137 306 52 leuchtende
4046 2135 146 50 Meer

3503 2265 172 50 Meine
3713 2264 151 50 Seele

3503 2353 66 46 ist
3604 2352 111 47 eine
3750 2344 164 60 Kugel
3950 2361 91 35 aus
4085 2345 133 51 Gold

3501 2437 50 45 in
3585 2433 183 49 deinen
3797 2431 232 50 Händen.

3504 2601 162 49 Deine
3702 2600 215 50 Stimme
3955 2603 67 46 ist
4056 2600 112 48 eine
4203 2597 148 50 Halle

3506 2700 92 34 aus
3638 2684 240 50 dunklem
3914 2682 232 50 Marmor

3504 2810 99 49 Zur
3637 2809 166 51 Nacht
3837 2810 204 55 beugen
4079 2810 147 48 deine
4260 2807 183 57 Augen

3503 2895 126 50 über
3663 2898 166 46 meine
3860 2895 154 48 Lider

3505 3036 100 49 Auf
3646 3039 88 49 der
3773 3034 168 52 Matte

3500 3124 165 46 atmet
3701 3120 92 49 das
3825 3119 131 53 Kind

3505 3209 66 46 im
3606 3203 189 53 Schlaf.

3505 3347 201 49 Meiner
3736 3346 159 49 Liebe

4245 3426 20 49 I

3503 3513 171 51 Meine
3714 3512 272 52 Schultern
4026 3511 113 50 sind
4177 3509 481 52 sehnsuchtsbleich

3629 3597 131 50 nach
3798 3597 90 50 Dir

3505 3680 172 50 Meine
3712 3680 182 56 Augen
3925 3680 168 55 gehen
4128 3679 131 49 rund
4295 3680 50 48 in
4376 3679 76 50 dir

3505 3765 172 49 Meine
3717 3764 182 51 Hände
3941 3763 206 49 wühlen
4188 3765 51 47 in
4278 3755 183 58 deinen
4504 3760 221 52 Sternen

3506 3849 105 50 und
3641 3851 166 48 meine
3842 3847 151 50 Seele
4026 3840 106 57 will
4168 3850 127 48 weit
4327 3846 214 49 werden

3632 3947 84 35 um
3760 3932 130 50 Dich

3506 4072 83 50 Ich
3629 4072 132 51 habe
3803 4072 117 50 dich

3629 4156 82 48 Du

3506 4240 104 48 und
3639 4240 137 48 kann
3809 4239 125 49 über
3975 4238 115 49 dich
4126 4238 163 49 fluten

3505 4323 84 50 Ich
3626 4323 134 51 kann
3799 4324 147 48 deine
3984 4322 186 55 Finger
4208 4322 193 49 küssen

3505 4411 101 47 und
3642 4410 165 46 meine
3842 4408 226 53 spreiten
4102 4405 181 49 Hände

3506 4496 146 45 unter
3689 4492 182 49 deinen
3910 4489 135 56 Kopf
4082 4490 201 49 dehnen

3503 4631 226 57 Tropfen

3502 4715 154 50 fallen
3694 4717 194 48 meinier
3928 4715 183 56 Augen
4145 4713 167 54 Küsse

3631 4799 86 48 auf
3749 4799 131 51 Dich

3505 4884 77 49 All
3616 4884 166 49 meine
3817 4884 188 49 Seelen
4037 4885 115 49 sind
4185 4897 64 35 zu
4285 4883 75 50 dir
4397 4896 274 43 gegangen

3503 4968 104 50 und
3642 4981 190 41 wogen
3867 4982 86 34 um
3989 4967 130 52 Dich

3503 5105 142 51 Mein
3678 5107 125 49 Leib
3837 5111 66 47 ist
3945 5109 110 51 eine
4091 5107 259 56 glühende
4382 5106 187 51 Wolke

3506 5191 103 49 und
3640 5189 382 53 Nebelschleier

3505 5276 166 49 meine
3699 5276 210 49 Locken

3506 5414 259 57 Ruhelose
3800 5416 165 56 Vögel

3506 5500 114 49 sind
3656 5504 167 49 meine
3860 5501 181 56 Augen

3506 5585 276 51 flatternde
3815 5584 179 56 Flügel

3506 5671 167 49 meine
3710 5668 178 54 Blicke

3504 5810 173 51 Meine
3725 5812 198 55 Lippen
3969 5811 111 50 sind
4126 5813 110 48 rote
4284 5808 198 56 Tulpen

3506 5895 105 49 und
3639 5898 135 46 mein
3808 5894 211 51 Nacken
4053 5897 66 50 ist
4155 5896 111 48 eine
4299 5890 156 52 Säule

3507 5979 81 51 die
3627 5983 145 48 deine
3803 5980 167 57 lichte,
4001 5970 186 58 blonde
4219 5975 159 52 Liebe
4412 5978 143 56 trägt

3506 6119 182 51 Weiße
3727 6119 329 57 Engelhände

3506 6197 190 56 milden
3726 6203 162 51 Deine
3921 6203 154 50 Lider

3504 6288 270 53 lächelnde
3808 6287 189 54 Kinder

3506 6371 176 53 betten

3506 6456 130 51 Dein
3671 6456 188 50 Antlitz

3506 6542 50 48 in
3594 6539 221 51 Wolken
