3523 4386
1758 112 109 48 264

345 250 724 47 Tonkünstler-Versammlung
1111 252 37 33 in
1190 249 274 36 Karlsruhe.
1521 250 115 34 Diese
1666 250 69 33 Ver-

242 316 213 46 sammlung
484 315 90 34 wird
603 315 38 33 in
671 314 70 34 den
773 315 128 45 Tagen
931 325 87 23 vom
1048 311 61 37 22.
1138 313 57 34 bis
1225 309 46 37 25
1300 313 151 44 August
1488 313 38 33 in
1555 310 206 36 Karlsruhe

243 377 96 34 Statt
367 377 135 33 finden.
555 375 75 33 Zur
658 374 242 44 Aufführung
935 374 38 32 in
1003 373 71 34 den
1112 383 155 34 grossen
1298 371 213 34 Concerten
1540 370 84 35 sind
1652 375 110 30 unter

244 437 185 33 Anderem
456 435 175 45 folgende
661 433 329 35 Orchesterwerke
1031 433 68 33 mit
1124 431 79 35 Soli
1244 432 76 33 und
1350 431 100 34 Chor
1486 433 38 31 in
1554 430 209 45 Vorschlag

242 497 197 46 gebracht:
472 496 75 33 Der
579 492 56 37 13.
656 493 127 36 Psalm
812 506 74 22 von
914 494 60 33 Fr.
995 494 124 42 Liszt;
1148 492 241 34 Bruchstück
1419 503 67 23 aus
1517 493 103 32 einer
1638 491 124 33 Messe

241 569 72 22 von
345 557 43 33 A.
421 556 166 42 Fischer,
617 555 179 45 Organist
823 555 37 32 in
891 553 189 42 Dresden;
1111 552 124 35 Chöre
1263 563 75 23 von
1360 552 147 34 Jensen
1536 553 36 33 in
1597 553 143 44 Königs-

240 617 101 44 berg.
398 616 82 32 Von
518 614 129 34 reinen
677 612 377 35 Orchesterwerken:
1412 622 75 22 von
1524 611 43 36 E.
1597 611 164 41 Lassen;

242 678 210 33 Ouvertüre
480 686 47 22 zu
754 684 74 22 von
857 673 48 33 H.
934 671 150 35 Strauss
1107 672 83 44 jun.
1220 672 36 32 in
1286 671 227 42 Karlsruhe;
1545 671 102 44 „Des
1668 671 70 33 Sän-

240 748 84 35 gers
541 734 155 35 Ballade
724 744 75 24 von
827 734 49 33 H.
905 744 75 23 von
1009 732 153 42 Biilow;
1209 731 212 35 Ouvertüre
1459 743 48 22 zu
1534 729 229 36 Puschkin's

242 798 139 32 Drama
414 795 128 45 „Boris
822 804 74 23 von
926 793 47 33 Y.
1002 804 75 22 von
1098 790 145 35 Arnold
1272 801 67 23 aus
1368 789 248 46 Petersburg;
1648 790 92 45 Frag-

241 863 103 28 ment
382 867 65 23 aus
489 855 64 34 der
592 855 172 34 Sinfonie
1079 863 75 22 von
1183 851 38 35 J.
1251 851 39 34 J.
1321 850 117 34 Abert
1477 852 39 32 in
1557 850 204 46 Stuttgart;

241 915 357 36 Hochzeitsmarsch
627 926 47 23 zu
703 912 181 37 Hebbel's
1213 922 75 22 von
1314 910 42 34 O.
1380 911 126 43 Bach;
1536 911 152 34 Marsch
1717 923 47 22 zu

243 977 81 34 dem
355 978 139 32 Drama
526 977 142 44 „Maria
686 986 73 23 von
988 983 73 24 von
1092 971 48 33 H.
1166 970 191 35 Gottwald
1384 972 38 32 in
1450 971 179 43 Breslau;
1662 972 77 46 „Me-

601 1035 165 45 Episode
796 1044 67 22 aus
893 1030 164 36 Lenau's
1283 1042 73 23 von
1376 1031 60 36 Fr.
1460 1031 127 43 Liszt;
1617 1031 120 34 Ouver-

240 1103 84 29 türe
352 1107 73 22 von
454 1097 51 35 M.
538 1096 145 45 Seifriz,
713 1092 388 46 Hof-Capellmeister
1128 1091 38 33 in
1195 1091 237 45 Löwenberg
1460 1102 36 25 u.
1525 1103 28 22 s.
1583 1103 45 22 w.
1669 1092 95 33 Eine

242 1157 211 34 bestimmte
482 1155 182 35 Auswahl
693 1153 92 35 wird
820 1153 141 45 jedoch
1005 1157 76 29 erst
1117 1150 185 46 getroffen
1330 1150 164 36 werden.
1550 1151 82 33 Von
1664 1150 75 35 Con-

242 1218 240 35 certstücken
509 1218 60 33 für
597 1216 170 34 einzelne
790 1216 255 34 Instrumente
1073 1214 68 32 mit
1161 1212 203 35 Orchester
1391 1211 156 34 wurden
1571 1211 189 46 gewählt:

242 1278 163 35 Concert
444 1278 59 34 für
529 1277 219 34 Pianoforte
786 1287 75 23 von
890 1274 189 46 Ingeborg
1107 1284 75 23 von
1210 1273 182 33 Bronsart
1434 1273 39 32 in
1501 1272 260 46 Königsberg;

244 1338 162 35 Concert
432 1339 59 32 für
517 1336 239 36 Violoncelle
784 1347 76 23 von
888 1336 42 33 R.
961 1334 217 35 Volkmann
1206 1334 39 33 in
1274 1334 134 42 Pesth;
1452 1338 117 29 erstes
1599 1333 165 35 Concert

241 1400 59 34 für
328 1400 219 33 Pianoforte
576 1409 73 23 von
679 1399 41 34 F.
750 1397 87 34 Kiel
865 1397 38 31 in
931 1394 148 43 Berlin;
1134 1395 101 45 „Der
1583 1393 160 35 Concert-

242 1461 110 35 stück
380 1461 59 33 für
465 1460 217 33 Pianoforte
712 1458 75 34 und
816 1456 200 35 Orchester
1044 1466 74 23 von
1147 1455 61 34 Fr.
1237 1454 116 35 Liszt.
1461 1454 78 33 Für
1566 1453 60 34 die
1646 1454 87 33 Kam-

242 1519 411 36 mermusik-Concerte
681 1519 84 33 sind
792 1522 109 28 unter
929 1515 190 34 Anderem
1145 1513 179 46 folgende
1354 1512 139 35 Werke
1521 1513 221 46 vorgeschla-

242 1593 94 35 gen:
386 1582 137 33 Sonate
565 1580 60 33 für
651 1578 221 35 Pianoforte
913 1575 77 34 und
1018 1575 153 34 Violine
1199 1586 75 23 von
1303 1575 40 34 F.
1374 1574 105 44 Kiel;
1525 1574 139 35 Sonate
1704 1576 60 33 für

242 1644 217 33 Pianoforte
488 1640 74 46 (An
592 1640 43 34 R.
666 1637 235 45 Schumann)
929 1648 73 22 von
1032 1637 61 33 Fr.
1122 1637 124 42 Liszt;
1277 1635 276 35 Concertstück
1582 1637 60 32 für
1671 1635 93 33 zwei

240 1704 219 33 Pianoforte
488 1712 74 22 von
592 1698 234 42 demselben;
857 1698 139 34 Sonate
1024 1698 61 33 für
1112 1696 219 34 Pianoforte
1359 1708 75 22 von
1455 1696 130 34 Julius
1604 1695 159 35 Reubke

242 1762 38 45 (f
310 1774 58 22 am
397 1759 33 38 3.
461 1761 96 34 Juni
586 1757 134 49 1858);
766 1759 89 33 Trio
884 1759 60 32 für
971 1757 233 42 Pianoforte,
1247 1757 150 33 Violine
1432 1756 78 34 und
1540 1755 111 35 Viola
1686 1767 78 23 von

241 1825 112 33 Ernst
381 1823 209 42 Naumann,
619 1820 328 34 Musik-Director
975 1820 37 31 in
1042 1818 118 45 Jena;
1208 1818 89 33 Trio
1326 1818 59 34 für
1413 1818 233 43 Pianoforte,
1678 1818 66 33 Vio-

240 1885 77 35 line
345 1884 76 35 und
447 1880 214 38 Violoncell
703 1892 75 23 von
814 1880 48 34 H.
893 1891 74 22 von
996 1879 180 33 Bronsart
1209 1879 37 33 in
1284 1878 254 46 Königsberg.
1592 1879 61 33 An
1695 1879 71 34 den

242 1947 318 44 Solo-Vorträgen
585 1943 148 35 werden
762 1942 81 34 sich
872 1940 249 46 betheiligen:
1153 1940 98 33 Herr
1268 1940 318 34 Concertmeister
1603 1941 164 46 Kömpel

242 2019 67 22 aus
329 2006 178 41 Weimar,
538 2005 97 33 Herr
654 2002 77 35 und
750 2002 99 33 Frau
870 2001 202 46 Langhans
1101 2011 68 24 aus
1197 2000 210 46 Hamburg,
1437 2002 98 33 Herr
1563 2001 77 34 und
1667 2002 101 33 Frau

241 2066 229 45 Pflughaupt
499 2076 67 22 aus
586 2065 170 40 Aachen,
776 2064 96 32 Herr
890 2063 49 33 H.
959 2074 74 22 von
1056 2061 143 42 Bülow,
1230 2061 179 33 Fräulein
1431 2061 110 34 Alide
1564 2063 107 44 Topp
1701 2074 68 22 aus

242 2126 209 43 Stralsund,
493 2125 59 34 die
593 2125 147 33 Herren
768 2123 386 46 Hof-Capellmeister
1196 2123 133 34 Seifriz
1369 2123 77 33 und
1486 2124 257 33 Kammer-Vir-

239 2193 110 29 tuose
375 2187 151 44 Popper
553 2196 67 22 aus
648 2183 248 45 Löwenberg,
928 2184 95 33 Herr
1051 2183 327 33 Musik-Director
1398 2183 144 34 Lassen
1569 2195 67 23 aus
1668 2182 77 36 Wei-

242 2259 91 31 mar,
380 2247 99 33 Herr
749 2244 337 44 Violin-Virtuose,
1138 2244 99 33 Herr
1275 2243 129 34 Schild
1447 2254 67 24 aus
1550 2243 220 38 Solothurn.

320 2309 184 43 Vorträge
533 2307 83 34 sind
637 2307 57 34 bis
718 2307 96 43 jetzt
841 2305 257 45 angemeldet:
1129 2316 73 22 von
1223 2305 123 34 Herrn
1362 2305 197 34 Professor
1579 2305 192 34 Eckhardt

240 2371 39 33 in
308 2368 228 35 Karlsruhe:
568 2367 122 34 Ueber
732 2368 59 32 die
820 2366 168 34 Zukunft
1025 2366 64 33 der
1119 2365 129 34 Musik
1290 2365 77 34 und
1408 2366 113 34 deren
1550 2367 216 44 Aufgaben,

242 2429 233 36 namentlich
503 2429 35 33 in
571 2429 130 43 Bezug
729 2427 68 33 auf
821 2426 309 43 Kirchenmusik,
1171 2425 215 35 Oratorium
1424 2427 76 33 und
1529 2427 119 45 Oper;
1694 2439 75 22 von

244 2491 119 34 Herrn
387 2489 323 35 Musik-Director
733 2488 258 34 Weitzmann:
1025 2488 122 34 Ueber
1176 2487 70 34 den
1268 2488 196 46 Ursprung
1487 2488 65 34 des
1573 2488 196 44 Claviers;

243 2562 74 23 von
345 2550 124 34 Herrn
498 2561 75 22 von
602 2548 164 35 Arnold:
798 2548 124 35 Ueber
950 2548 301 35 Musikschulen.

348 2646 48 34 So
416 2646 228 45 grossartige
665 2646 288 45 Dimensionen,
983 2646 71 33 wie
1083 2645 67 34 das
1180 2644 219 46 diesmalige
1431 2645 336 46 „eidgenössische

529 2707 65 33 hat
621 2706 98 34 noch
747 2705 132 35 keines
909 2705 65 34 der
1001 2705 58 35 bis
1082 2707 96 43 jetzt
1206 2707 37 32 in
1275 2705 65 34 der
1359 2706 172 34 Schweiz
1561 2708 207 44 gefeierten

246 2769 239 44 Sängerfeste
512 2766 149 46 gehabt.
719 2767 52 32 Im
804 2767 154 34 Ganzen
1000 2766 122 35 haben
1166 2767 80 34 sich
1288 2767 108 34 nicht
1437 2768 166 44 weniger
1632 2768 56 34 als
1716 2766 45 38 81

243 2830 163 33 Vereine
435 2829 66 33 mit
529 2827 99 36 3200
657 2826 241 46 Mitgliedern
927 2839 67 22 zur
1021 2827 252 35 Theilnahme
1314 2827 199 47 gemeldet.
1571 2829 81 33 Von
1684 2840 63 23 aus-

244 2889 224 34 ländischen
498 2888 141 35 Gästen
668 2899 122 22 nenne
818 2888 62 33 ich
910 2887 72 34 den
1223 2900 75 21 von
1328 2889 205 43 Constanz,
1564 2889 59 34 ein
1649 2889 97 42 Quar-

243 2954 72 30 tett
343 2961 73 22 von
447 2949 217 45 Offenburg,
707 2949 57 33 die
795 2975 16 17 „
820 2947 213 36 Harmonie
1060 2948 118 35 suisse
1182 2947 17 19 u
1242 2960 73 23 von
1344 2950 119 41 Paris,
1509 2950 59 34 die
1601 2977 17 17 „
1625 2949 144 37 Societe

246 3010 152 36 chorale
453 3020 66 23 aus
549 3008 231 45 Strassburg,
811 3008 59 34 die
1188 3010 75 33 und
1292 3010 72 33 den

241 3083 76 22 von
345 3070 265 45 Mühlhausen,
658 3070 70 33 den
1096 3081 73 22 von
1201 3070 186 46 Stuttgart
1416 3072 67 33 mit
1510 3072 257 46 Musikcorps,

243 3131 59 33 die
640 3130 76 33 und
759 3130 59 34 die
1155 3142 73 22 von
1264 3131 185 46 Freiburg
1491 3133 51 33 im
1583 3133 185 45 Breisgau

242 3191 77 35 und
346 3191 70 35 den
805 3202 74 23 von
907 3191 182 45 Bregenz.
1135 3192 50 33 Es
1216 3203 76 22 war
1320 3192 61 33 ein
1412 3192 245 35 erfreuliches
1685 3194 63 34 Zei-

243 3253 94 35 chen
366 3253 64 33 der
459 3250 322 47 Verschmelzung
821 3252 77 34 und
926 3252 295 47 Verbrüderung
1264 3253 64 35 der
1356 3254 79 34 drei
1462 3255 301 35 Nationalitäten

244 3312 64 35 der
336 3313 181 43 Schweiz,
559 3313 85 34 dass
672 3312 59 34 ihr
757 3313 259 34 romanischer
1045 3314 110 34 Theil
1184 3315 158 34 diesmal
1370 3317 83 34 eine
1482 3317 263 34 ausserordent-

242 3373 78 35 lich
359 3385 127 33 grosse
515 3374 148 34 Anzahl
693 3375 143 45 Sänger
878 3375 96 34 nach
1002 3377 122 33 Bern
1169 3377 160 45 gesandt
1368 3377 114 44 hatte,
1526 3377 144 35 welche
1699 3379 45 33 Er-

243 3434 211 44 scheinung
481 3432 60 35 bei
570 3434 99 33 ihrer
697 3434 173 34 Ankunft
897 3436 68 33 auf
989 3435 84 35 dem
1101 3436 197 35 Bahnhofe
1327 3438 60 33 ein
1416 3438 152 34 Redner
1599 3439 37 33 in
1665 3439 85 34 treff-

240 3493 122 35 licher
393 3494 124 34 Weise
545 3493 224 35 hervorhob.
825 3495 72 33 Die
938 3495 222 47 Uebergabe
1202 3497 65 34 der
1294 3497 269 36 Centralfahne
1606 3499 160 46 erfolgte

243 3554 117 35 durch
390 3554 123 34 Herrn
542 3554 262 34 Nationalrath
835 3556 223 34 Gaudenz
1096 3569 87 23 von
1222 3558 144 43 Salis,
1410 3559 111 34 einen
1549 3559 122 35 Enkel
1701 3560 64 34 des

240 3615 218 35 rhätischen
501 3614 190 44 Dichters,
738 3625 45 23 an
834 3616 70 34 den
951 3629 123 23 neuen
1115 3619 371 44 Fest-Präsidenten,
1529 3620 235 36 Bundesrath

244 3675 208 44 Schenk,
482 3674 165 35 welcher
675 3675 98 34 dann
804 3676 58 34 die
891 3678 115 34 Gäste
1033 3678 168 35 herzlich
1230 3679 208 47 begrüsste.
1469 3679 94 37 Was
1593 3681 60 34 die
1681 3682 64 34 Lei-

243 3742 160 40 stungen
434 3736 63 35 der
526 3735 298 35 verschiedenen
846 3737 160 35 Vereine
1034 3738 150 44 betrifft,
1215 3751 40 23 so
1284 3740 94 35 wird
1406 3740 115 35 ihnen
1549 3753 76 23 von
1646 3742 119 34 Laien

242 3796 77 35 und
346 3797 289 34 Fachmännern
664 3795 74 36 alle
757 3797 286 48 Anerkennung
1071 3812 46 21 zu
1145 3801 123 37 Theil.
1297 3801 242 35 Namentlich
1568 3802 108 35 hörte
1703 3803 63 34 ich

242 3869 73 23 von
360 3859 121 32 einem
510 3857 151 46 Manne,
704 3857 133 35 dessen
868 3859 145 34 Urtheil
1054 3860 37 33 in
1136 3862 130 35 diesen
1296 3863 152 46 Dingen
1491 3864 274 45 maassgebend

242 3923 168 40 genannt
437 3917 150 34 werden
616 3917 92 43 darf,
739 3918 68 33 mit
832 3930 151 34 grosser
1003 3920 147 36 Freude
1179 3922 60 34 die
1258 3923 255 45 Bemerkung,
1543 3923 65 34 der
1629 3924 114 35 Volks-

242 3990 143 36 gesang
425 3978 95 35 habe
562 3980 71 33 seit
661 3980 82 33 dem
772 3980 140 35 letzten
942 3982 361 45 „eidgenössischen
1630 3986 113 36 durch-

243 4040 140 45 gängig
411 4038 235 35 bedeutende
674 4039 248 36 Fortschritte
950 4042 188 44 gemacht.

1964 249 96 34 Dem
2090 249 239 34 Vernehmen
2367 250 96 33 Dach
2509 251 49 33 ist
2603 249 64 34 der
2707 249 205 35 Intendant
2953 250 64 36 des
3060 250 246 35 Hoftheaters
3348 253 38 35 in

1860 308 198 46 Stuttgart,
2088 308 125 34 Baron
2241 320 35 23 v.
2309 308 129 47 Gall,
2466 310 36 33 in
2531 308 70 35 den
2631 309 220 35 Ruhestand
2878 315 184 41 getreten.

1964 447 409 35 Conservatorien
2419 447 85 35 der
2547 447 172 35 Musik.
2787 449 42 33 In
2873 448 64 35 der
2984 449 98 35 oben
3137 452 249 46 angezeigten

1857 518 126 23 neuen
2024 508 179 45 Ausgabe
2247 519 74 23 von
2368 506 144 36 Koch's
2555 508 309 35 musicalischem
2906 510 173 34 Lexicon
3134 514 149 33 äussert
3325 515 65 35 der

1859 567 269 45 Herausgeber
2155 567 81 35 sich
2265 572 110 30 unter
2403 567 83 35 dem
2507 567 148 35 Artikel
3202 574 185 36 nachdem

1860 637 39 23 er
1928 626 59 34 die
2017 627 199 34 Anstalten
2246 628 66 33 der
2340 629 69 32 Art
2437 630 38 31 in
2504 627 135 35 Italien
2667 628 79 34 und
2776 628 105 35 Paris
2923 630 78 33 und
3038 631 38 33 in
3105 632 98 46 Prag
3231 633 133 46 bespro-

1860 686 108 43 chen,
1997 698 72 23 nur
2097 687 202 46 allgemein
2327 687 93 35 über
2449 689 60 33 die
2543 687 173 47 übrigen,
2758 689 40 33 in
2831 701 162 23 neuerer
3020 692 83 33 Zeit
3130 692 39 34 in
3200 694 165 36 Deutsch-

1858 744 90 36 land
1973 746 228 35 errichteten
2224 747 329 46 Conservatorien,
2582 760 76 23 von
2688 749 121 34 denen
2838 750 98 33 nach
2965 750 125 34 seiner
3108 752 187 48 Meinung
3323 756 66 35 das

1860 817 48 23 zu
1936 807 202 45 Leipzig
2170 807 94 46 „den
2295 815 123 27 ersten
2448 809 109 45 Rang
2876 809 229 36 Wesshalb?
3162 814 125 44 „Weil
3316 815 73 36 alle

1861 866 161 34 Schüler
2050 866 97 35 ohne
2175 868 220 35 Ausnahme
2438 870 229 46 wenigstens
2705 880 59 23 am
2794 870 449 37 Harmonie-Unterricht
3280 875 113 35 Theil

1860 925 162 35 nehmen
2051 929 165 44 müssen,
2246 927 212 47 überhaupt
2488 929 59 34 die
2577 929 262 46 Composition
2868 929 205 36 besonders
3100 934 176 45 gepflegt,
3307 937 63 34 mit-

1860 987 65 34 hin
1947 988 84 33 eine
2051 988 109 33 tiefer
2186 988 172 46 gehende
2380 989 286 47 Kunstbildung
2692 991 232 45 wenigstens
2951 991 203 47 prineipiel
3177 997 215 43 angestrebt

2048 1049 137 34 Dieser
2211 1049 223 47 Ausspruch
2476 1051 137 34 beruht
2652 1051 222 47 unmöglich
2917 1054 69 32 auf
3022 1053 104 35 einer
3165 1056 225 37 wirklichen

1861 1108 210 35 Kenntniss
2100 1107 65 35 der
2193 1108 208 35 deutschen
2431 1110 318 36 Conservatorien
2790 1111 77 34 und
2904 1113 49 34 ist
2982 1113 134 36 mithin
3144 1114 249 50 leichtsinnig

1861 1167 275 47 absprechend,
2178 1169 99 33 denn
2321 1169 69 34 wir
2431 1170 166 46 glauben
2640 1171 128 43 kaum,
2812 1171 87 36 dass
2937 1173 134 46 irgend
3114 1175 84 34 eine
3227 1178 164 47 Anstalt,

1862 1227 144 35 welche
2048 1228 81 34 sich
2171 1228 72 35 den
2272 1229 145 35 Namen
2447 1230 336 36 Conservatorium
2820 1232 154 47 beilegt,
3017 1235 80 33 ihre
3128 1235 159 36 Schüler
3315 1249 74 23 von

1862 1288 83 34 dem
1976 1289 143 35 Cursus
2147 1289 64 35 der
2239 1291 315 34 Harmonielehre
2584 1291 229 47 dispensire;
2852 1305 73 23 von
2964 1295 71 34 den
3063 1298 160 34 meisten
3252 1298 139 35 wissen

1862 1350 68 33 wir
1959 1360 39 23 es
2027 1349 95 34 eben
2151 1361 40 23 so
2220 1350 201 44 bestimmt,
2451 1352 70 34 wie
2550 1363 74 23 von
2654 1353 85 33 dem
2768 1353 336 37 Conservatorium
3132 1357 39 34 in
3200 1358 114 35 Köln.

1861 1410 70 34 Bei
1959 1411 246 47 Erwähnung
2234 1412 180 35 mancher
2441 1414 69 33 mit
2538 1414 121 34 Recht
2685 1416 178 44 gerügter
2881 1416 155 46 Mängel
3063 1418 149 35 solcher
3242 1420 131 35 Anstal-

1861 1475 63 30 ten
1952 1472 52 33 im
2033 1472 265 47 Allgemeinen
2337 1474 118 34 heisst
2490 1486 38 24 es
2556 1487 37 23 u.
2624 1474 67 39 A.:
2724 1476 97 46 „Die
2850 1477 363 47 Lehrgegenstände
3243 1481 85 34 sind
3355 1482 41 35 in

1862 1531 101 34 allen
1999 1532 58 34 die
2091 1533 230 36 nämlichen.
2377 1536 112 34 Auch
2530 1536 65 35 der
2626 1537 280 47 „„Geschichte
2934 1539 80 34 und
3323 1541 43 35 be-

1862 1598 139 40 gegnet
2029 1604 85 22 man
2145 1593 190 46 darunter,
2379 1595 90 35 oder
2507 1597 183 46 richtiger
2726 1597 101 35 wohl
2862 1609 72 23 nur
2970 1598 96 43 dem,
3109 1611 77 22 was
3216 1600 65 35 der
3309 1602 84 34 eine

1864 1653 90 34 oder
1992 1653 138 35 andere
2173 1655 65 34 der
2265 1656 143 34 Lehrer
2434 1657 123 35 davon
2587 1659 82 34 sich
2706 1658 182 35 einbildet
2930 1659 78 33 und
3048 1659 132 34 seinen
3208 1659 187 37 Schülern

1865 1713 231 37 weismacht.
2126 1714 82 35 Auf
2236 1715 163 35 welcher
2422 1717 106 35 Stufe
2551 1730 29 24 z.
2602 1720 43 35 B.
2674 1719 59 34 die
2754 1718 230 35 Geschichte
3012 1720 51 33 im
3091 1719 184 47 leipziger
3295 1722 76 34 Con-

1864 1773 252 34 servatorium
2135 1774 111 44 steht,
2274 1774 101 35 kann
2396 1788 85 22 man
2501 1777 83 34 sich
2603 1777 239 46 hinlänglich
2862 1781 392 44 vergegenwärtigen,
3285 1792 111 23 wenn

1865 1843 87 23 man
1994 1833 60 34 die
2096 1833 166 38 daselbst
2299 1835 56 35 als
2384 1837 198 35 Leitfaden
2619 1838 263 46 eingeführten
2914 1839 280 48 „„Grundzüge
3224 1853 35 24 u.
3290 1854 28 23 s.
3349 1855 47 24 w.

1866 1903 73 23 von
2260 1908 70 22 nur
2371 1899 69 32 auf
2478 1900 107 32 einen
2618 1900 170 33 Moment
2829 1901 38 32 in
2909 1901 59 33 die
3000 1901 111 33 Hand

1865 1954 161 33 Ferner:
2076 1956 104 44 „Auf
2203 1957 300 47 Beschäftigung
2541 1960 67 32 mit
2636 1960 64 33 der
2728 1960 393 36 Kunstwissenschaft
3150 1964 75 33 und
3254 1964 124 34 Litera-

1866 2019 71 39 tur,
1969 2014 59 35 die
2050 2016 96 34 doch
2169 2018 244 34 entschieden
2445 2032 83 21 zum
2550 2020 215 46 gebildeten
2787 2021 183 34 Künstler
2998 2023 146 45 gehört,
3175 2024 92 33 wird
3290 2026 110 34 meist

1866 2086 69 34 gar
1955 2076 106 34 nicht
2083 2078 187 44 gesehen;
2300 2090 39 22 es
2368 2079 170 36 herrscht
2567 2082 38 32 in
2629 2081 165 46 Dingen,
2822 2082 59 33 die
2909 2082 106 34 nicht
3038 2083 141 45 speciel
3209 2084 58 34 die
3295 2085 84 34 tech-

1867 2136 158 34 nischen
2048 2137 148 34 Fächer
2216 2138 64 33 der
2304 2138 262 46 Composition
2597 2141 76 33 und
2692 2141 63 34 des
2775 2142 402 46 Instrumentenspiels
3204 2143 194 45 betreffen,

1866 2197 60 33 für
1952 2197 242 45 gewöhnlich
2225 2199 84 33 eine
2332 2200 244 45 beispiellose
2597 2201 283 34 Unwissenheit
2899 2209 109 27 unter
3031 2202 369 37 Conservatoriuins-

1867 2256 223 47 Zöglingen.
2145 2258 185 47 Möglich,
2375 2260 84 34 dass
2504 2273 86 21 man
2620 2261 167 35 daselbst
2815 2263 98 34 noch
2943 2263 65 33 der
3036 2264 162 34 Ansicht
3233 2267 59 41 ist,
3335 2266 65 35 der

1868 2318 183 34 Künstler
2079 2319 166 35 brauche
2275 2321 124 34 nichts
2429 2333 46 22 zu
2505 2323 135 33 wissen
2672 2335 34 22 u.
2737 2335 29 23 s.
2796 2336 45 21 w.
2889 2324 109 34 Auch
3030 2328 126 32 müsse
3184 2338 86 22 man
3300 2328 93 34 über

1868 2377 59 34 die
1954 2379 273 46 Einseitigkeit
2267 2381 79 34 und
2386 2382 71 34 den
2495 2383 207 35 modernen
2733 2384 210 35 Charakter
2973 2385 64 34 der
3064 2386 336 46 Kunsterziehung

1867 2437 118 35 selbst
2011 2440 39 32 in
2079 2441 261 34 namhafteren
2370 2444 290 35 Musikschulen
2947 2456 36 26 u.
3013 2457 28 25 s.
3071 2458 46 23 w.
3224 2448 61 33 Da
3320 2460 80 22 nun

1867 2498 101 34 Herr
1994 2511 76 23 von
2100 2501 183 35 Dommer
2311 2503 55 35 bis
2389 2505 96 43 jetzt
2512 2505 38 33 in
2580 2505 199 47 Leipzig
2806 2507 180 44 gewohnt
3016 2506 74 34 und
3119 2518 71 22 nur
3215 2507 66 35 das
3302 2508 75 35 Con-

1867 2562 251 32 servatorium
2146 2562 38 33 in
2214 2562 158 47 Leipzig
2399 2576 167 34 genauer
2593 2566 151 35 kennen
2772 2566 149 47 gelernt
2951 2568 73 42 hat,
3053 2579 41 23 so
3124 2567 103 34 kann
3257 2579 37 22 er
3324 2569 73 34 alle

1867 2621 375 48 Wahrnehmungen,
2272 2624 59 34 die
2360 2625 65 33 ihn
2455 2637 46 23 zu
2528 2626 129 35 diesen
2679 2627 298 46 Aeusserungen
3006 2627 256 45 veranlassen,
3292 2630 106 34 nicht

1869 2682 101 34 wohl
1997 2682 198 35 anderswo
2226 2684 56 35 als
2312 2685 61 33 bei
2410 2685 99 34 dem
2546 2686 348 44 Conservatorium,
2937 2689 64 33 das
3030 2689 97 33 nach
3155 2691 125 33 seiner
3306 2691 71 34 Mei-

1867 2756 105 34 nung
1997 2745 107 45 „den
2135 2751 159 29 ersten
2498 2749 210 42 einnimmt,
2736 2750 178 44 gemacht
2943 2749 133 37 haben.
3125 2752 89 34 Was
3244 2753 133 35 berech-

1866 2804 72 45 tigt
1964 2804 66 35 ihn
2059 2805 90 34 aber
2178 2818 86 23 zum
2295 2807 281 35 Generalisiren
2589 2809 43 34 ??

2232 3549 70 43 Die

1863 3608 188 35 erscheint
2082 3608 114 45 jeden
2236 3611 172 46 Samstag
2450 3612 38 33 in
2532 3613 123 32 einem
2698 3624 147 33 ganzen
2880 3613 130 45 Bogen
3055 3613 68 33 mit
3158 3611 242 47 zwanglosen

1865 3659 193 46 Beilagen.
2167 3661 77 32 Der
2267 3661 385 47 Abonnementspreis
2674 3664 148 45 beträgt
2855 3664 60 33 für
2944 3665 64 32 das
3031 3663 186 44 Halbjahr
3246 3661 22 36 2
3285 3664 115 41 Thlr.,

1863 3711 61 34 bei
1952 3711 71 33 den
2045 3711 46 34 K.
2121 3723 141 34 preuss.
2286 3713 311 34 Post-Anstalten
2626 3713 23 36 2
2665 3714 103 34 Tlilr.
2794 3715 21 36 5
2836 3714 81 47 Sgr.
2973 3716 95 33 Eine
3097 3714 169 35 einzelne
3287 3715 84 34 Num-

1863 3773 79 23 mer
1969 3760 24 36 4
2022 3762 81 46 Sgr.

1967 3814 124 34 Briefe
2119 3814 79 34 und
2217 3815 278 47 Zusendungen
2530 3816 92 35 aller
2641 3817 70 34 Art
2739 3816 151 35 werden
2918 3820 111 31 unter
3057 3817 64 35 der
3146 3816 164 36 Adresse
3340 3816 63 36 de*

1863 3865 52 34 M.
1947 3865 541 47 DuMont-Schauberg'schen
2516 3868 306 46 Buchhandlung
2850 3869 38 32 in
2918 3868 101 34 Köln
3050 3869 163 34 erbeten.

1985 3969 355 34 Verantwortlicher
2373 3970 280 45 Herausgeber:
2685 3969 100 34 Prof.
2819 3967 34 34 L
2857 3994 11 9 ♦
2899 3968 174 45 Bischoff
3096 3970 39 32 in
3165 3968 113 37 Köln.

1940 4019 195 47 Verleger:
2167 4019 53 36 M.
2252 4019 349 36 DuMont-Schaub
2605 4031 65 35 erj
2686 4020 89 33 sehe
2803 4020 304 46 Buchhandlung
3137 4022 38 32 in
3205 4020 115 35 Köln.

1897 4071 189 35 Drucker:
2121 4071 51 35 M.
2203 4070 417 45 DuMont-Schauberg
2649 4072 37 34 in
2716 4071 115 44 Köln,
2870 4072 242 35 Breitstrasse
3142 4071 49 38 76
3217 4085 34 22 u.
3284 4071 62 38 78.

2406 3047 457 74 3ütkiutMpiujen.

1970 3217 85 35 Alle
2083 3217 41 35 in
2149 3217 130 36 dieser
2307 3218 318 48 Musik-Zeitung
2651 3220 288 45 besprochenen
2978 3222 85 35 und
3088 3224 313 47 angekündigten

1867 3268 231 36 Musicalien
2128 3276 65 29 etc.
2230 3270 91 35 sind
2354 3282 47 23 zu
2432 3271 178 35 erhalten
2637 3272 42 35 in
2706 3273 71 34 der
2803 3278 89 30 stets
2918 3274 233 47 vollständig
3177 3277 223 34 assortirten

1865 3320 472 48 Musicalien-Handlung
2357 3322 86 35 und
2458 3322 254 36 Leihanstalt
2736 3337 76 23 von
2832 3325 316 37 BERNHARD
3168 3327 235 35 BREUER

1862 3372 43 35 in
1933 3372 117 44 Köln,
2084 3386 133 33 grosse
2243 3374 255 47 Budengasse
2529 3375 74 36 Nr.
2635 3379 19 31 1
2661 3405 9 16 :
2714 3389 41 23 so
2799 3377 70 35 wie
2910 3377 60 35 bei
2996 3377 37 35 J.
3067 3378 85 35 FR.
3193 3379 209 42 WEBER,

1865 3424 132 35 Hohle
2027 3425 77 37 Nr.
2131 3428 39 34 1.
