3523 4386
1778 116 178 50 258

266 256 214 56 „Kenner
509 254 90 48 und
957 269 155 49 genug
1141 254 152 49 finden
1324 255 131 58 wird,
1498 257 71 47 die
1597 257 92 49 sich
1721 274 54 32 an

255 332 151 49 diesen
440 331 366 65 Compositionen
838 331 42 47 in
912 331 123 47 ihrer
1065 332 377 64 ursprünglichen
1474 335 191 56 Gestalt,
1707 334 69 48 die

256 410 101 48 hier
383 425 87 32 nur
499 409 40 47 in
570 409 270 47 schönerem
871 411 212 45 äusseren
1116 410 234 47 Gewände
1380 412 241 56 erscheint,
1665 411 110 48 aber

256 489 108 47 alles
393 487 159 46 Innere
584 485 301 48 unverändert
908 486 119 55 lässt,
1058 487 209 49 erfreuen
1293 489 198 48 werden.
1520 490 66 47 Er
1607 489 171 66 spricht

254 564 91 48 sich
377 564 113 47 über
519 564 122 47 seine
673 561 233 65 Ausgabe,
937 564 80 45 mit
1045 564 391 63 eingeflochtenen
1469 567 275 63 beachtungs-

254 640 202 49 werthen
489 638 349 65 Bemerkungen
884 640 115 47 über
1039 638 85 50 den
1158 641 199 65 Vortrag
1398 642 146 49 dieser
1573 645 202 48 Sonaten

252 734 45 31 u.
325 732 32 33 s.
387 732 69 40 w.,
487 724 131 40 unter
646 715 230 48 Anderem
908 716 235 63 folgender
1173 718 206 49 Maassen
1411 736 105 32 aus:

379 795 252 63 „Populäre
660 793 509 64 Unterhaltungsmusik
1214 797 157 47 sollten
1417 797 121 48 diese
1574 799 165 64 Compo-

250 871 190 48 sitionen
472 872 121 47 nicht
619 872 92 47 sein
744 871 89 47 und
867 872 180 47 können
1088 889 45 30 es
1173 873 113 47 auch
1329 873 136 50 heute
1503 876 122 47 nicht
1658 892 85 31 wer-

251 947 112 57 den;
396 948 75 47 für
491 950 187 45 Kenner
701 948 89 47 und
815 947 262 50 Liebhaber
1101 950 181 48 werden
1307 951 62 47 sie
1390 952 116 47 auch
1525 952 109 64 jetzt
1657 953 114 47 noch

251 1025 231 48 bestimmt
513 1026 197 54 bleiben,
754 1025 89 48 und
877 1026 83 47 wie
1003 1042 127 47 gross
1159 1026 139 48 deren
1332 1028 129 49 Kreis
1502 1031 93 46 sein
1635 1030 138 56 kann,

249 1102 119 47 steht
392 1101 150 48 dahin.
572 1103 100 46 Nur
701 1102 101 47 dem
828 1102 183 48 werden
1041 1103 62 47 sie
1131 1112 141 41 etwas
1304 1105 243 58 bedeuten,
1576 1107 81 47 der
1679 1107 91 48 sich

249 1180 71 48 ein
349 1181 262 47 ernstliches
640 1180 211 48 Studium
884 1180 237 49 derselben
1166 1182 121 48 nicht
1329 1183 280 50 verdriessen
1653 1186 120 56 lässt,

249 1273 75 31 um
355 1272 80 32 aus
464 1256 81 48 der
575 1257 282 61 ungewohnt
885 1258 325 64 gewordenen,
1251 1261 241 48 scheinbar
1520 1262 65 48 oft
1620 1262 151 48 leeren

249 1334 138 49 Form
414 1333 85 48 den
523 1334 149 49 Inhalt
693 1353 51 30 zu
767 1336 231 48 erkennen
1023 1337 89 47 und
1136 1337 211 63 lebendig
1379 1340 392 64 wiederzugeben.

249 1412 94 47 Das
367 1411 146 48 blosse
536 1412 329 65 Durchspielen
890 1411 107 49 böte
1022 1414 75 46 für
1117 1413 70 48 die
1211 1416 186 63 heutige
1421 1417 202 47 Technik
1649 1418 122 47 nicht

247 1488 165 47 einmal
443 1489 128 47 einen
602 1491 132 62 lange
763 1489 264 50 dauernden
1059 1492 105 47 Reiz
1195 1491 81 48 der
1304 1493 364 66 Schwierigkeit,
1699 1496 71 48 die

246 1567 91 47 sich
371 1566 111 48 aber
511 1583 73 31 um
614 1583 49 32 so
703 1567 266 48 reichlicher
1013 1568 151 48 finden
1209 1571 129 57 wird,
1385 1588 131 32 wenn
1548 1590 105 31 man
1684 1573 85 48 den

247 1641 249 50 Gedanken
539 1643 197 50 erfassen
781 1643 90 48 und
913 1646 123 47 seine
1073 1647 369 51 ausdrucksvolle
1475 1651 295 64 Darstellung

245 1721 233 47 erstreben
509 1722 103 48 will.
670 1722 101 48 Und
814 1723 143 47 hierin
989 1724 184 49 werden
1209 1726 125 48 nicht
1369 1727 90 49 die
1496 1728 170 48 Stücke
1695 1746 71 30 am

244 1797 339 66 schwierigsten
612 1799 112 56 sein,
765 1801 72 47 die
866 1799 142 49 durch
1041 1802 154 49 kühne
1224 1804 363 57 Modulationen,
1629 1806 141 49 kecke

244 1874 469 68 Gedankensprünge,
765 1877 180 48 scharfe
995 1879 256 59 Contraste,
1308 1882 209 48 brillante
1568 1884 198 64 Figuren

244 1953 271 65 wenigstens
545 1954 57 47 im
635 1955 245 49 Einzelnen
915 1957 139 48 schon
1097 1959 99 47 eine
1242 1961 377 48 unverkennbare
1652 1963 87 64 Phy-

242 2030 253 65 siognomie
536 2032 172 64 zeigen,
752 2033 195 48 sondern
985 2035 170 63 gerade
1185 2035 71 49 die
1298 2038 242 48 scheinbar
1569 2041 175 47 einfach-

241 2114 116 52 sten,
396 2108 135 63 ruhig
571 2109 90 47 und
698 2110 315 65 gleichmässig
1046 2113 335 49 verlaufenden.
1432 2115 307 65 Vortrags-Be-

240 2185 311 64 zeichnungen
583 2187 97 63 gibt
708 2204 46 31 es
785 2188 97 48 hier
913 2189 199 64 wenige;
1154 2207 45 32 es
1228 2193 95 62 gilt,
1353 2193 41 46 in
1426 2193 71 48 die
1527 2196 212 46 vermeint-

245 2262 115 48 liche
391 2263 357 66 Einförmigkeit
788 2265 80 47 mit
904 2283 204 47 genauer
1136 2269 271 64 Beachtung
1437 2272 111 47 aller
1580 2270 162 49 bedeut-

240 2356 156 31 samen
426 2342 238 48 Intervalle
707 2344 89 47 und
837 2345 282 64 Tonfiguren
1162 2347 132 48 Licht
1333 2348 90 47 und
1461 2349 215 48 Schatten
1724 2350 42 47 in

240 2416 307 67 lebendigem,
578 2420 290 65 vielfältigem
914 2422 89 48 und
1044 2422 114 49 doch
1205 2427 310 47 maassvollem
1552 2427 214 49 Wechsel

240 2494 421 65 hineinzubringen.

368 2574 88 55 „Es
486 2575 72 64 lag
588 2577 134 54 nahe,
752 2575 142 48 durch
937 2577 338 66 Hinzusetzung
1315 2596 83 33 von
1430 2582 308 64 Vortrags-Be-

238 2649 329 67 zeichnungen,
617 2653 71 48 die
730 2654 91 47 sich
866 2654 48 65 ja
964 2655 114 47 auch
1122 2658 64 46 als
1237 2658 327 66 hinzugefügte
1614 2660 154 49 hätten

240 2726 228 50 kenntlich
514 2731 189 47 machen
746 2731 163 58 lassen,
953 2731 102 50 dem
1089 2734 343 51 Verständnisse
1461 2754 54 31 zu
1547 2738 137 48 Hülfe
1713 2756 51 30 zu

241 2804 230 51 kommen.
504 2808 279 49 Gleichwohl
807 2810 153 47 schien
984 2827 46 31 es
1054 2811 169 58 besser,
1253 2814 85 47 alle
1367 2815 153 47 solche
1538 2817 228 47 Zuthaten

238 2899 55 31 zu
325 2885 294 47 unterlassen.
656 2926 5 5 .
683 2886 74 49 Sie
800 2886 151 49 hätten
997 2888 113 48 doch
1157 2907 85 30 nur
1285 2890 71 48 die
1388 2894 218 64 Meinung
1646 2894 120 48 eines

238 2960 246 50 Einzelnen
515 2963 277 64 dargestellt,
823 2966 146 47 neben
995 2968 196 48 welcher
1214 2969 155 66 häufig
1394 2971 168 47 andere
1586 2971 155 49 Auffas-

238 3054 174 50 sungen
459 3041 273 49 mindestens
774 3044 144 63 gleich
965 3044 255 66 berechtigt
1261 3049 94 46 sein
1399 3049 219 56 konnten,
1671 3050 90 47 und

238 3118 224 47 manchen
486 3119 175 63 Spieler
684 3120 151 48 hätten
867 3121 61 47 sie
959 3121 210 50 desshalb
1193 3124 221 49 vielleicht
1442 3126 131 47 mehr
1596 3131 173 60 gestört

238 3195 64 46 als
331 3195 252 63 gelördert.
618 3198 117 48 Wer
758 3199 91 47 sich
875 3200 216 48 innerlich
1126 3203 75 47 für
1230 3203 122 48 diese
1376 3205 149 47 Musik
1555 3206 211 47 stimmen

241 3271 89 47 und
362 3279 252 43 erwärmen
647 3275 138 60 kann,
829 3278 112 47 wird
983 3279 85 47 den
1101 3279 242 49 Ausdruck
1388 3283 151 48 finden
1582 3284 92 48 und
1704 3285 64 47 als

240 3347 86 47 den
355 3351 254 64 seinigen
640 3354 162 62 gewiss
834 3355 80 47 mit
942 3359 236 61 grösserer
1201 3358 201 48 Freiheit
1425 3360 90 47 und
1540 3360 226 65 Innigkeit

242 3426 323 59 beherrschen,
605 3432 64 45 als
698 3431 70 48 die
800 3432 118 49 bloss
947 3450 381 47 angenommene,
1360 3438 173 48 fremde
1563 3440 203 48 Ansicht.

240 3504 67 47 Er
336 3505 112 47 wird
481 3506 119 47 wohl
644 3509 113 47 auch
801 3510 70 47 die
908 3511 266 66 Erfahrung
1215 3515 210 57 machen,
1467 3516 101 49 dass
1597 3534 57 32 an
1684 3535 82 46 gar

240 3582 217 49 mancher
501 3585 137 47 Stelle
682 3586 92 47 ihm
816 3587 139 49 selbst
994 3606 53 31 zu
1091 3591 348 50 verschiedenen
1468 3595 155 48 Zeiten
1667 3598 99 45 eine

237 3660 320 49 verschiedene
590 3664 361 64 Vortragsweise
994 3667 255 66 berechtigt
1291 3671 239 49 erscheint.
1588 3674 47 47 In
1680 3673 82 48 der

238 3736 120 47 That
401 3739 118 47 kann
565 3756 104 32 man
701 3741 92 48 dies
823 3744 63 47 als
915 3744 69 47 ein
1017 3746 176 47 Recht
1228 3747 219 58 ansehen,
1491 3749 157 49 dessen
1679 3750 58 48 Be-

237 3813 291 68 schränkung
550 3819 269 49 unstatthaft
842 3838 208 45 gewesen
1077 3827 134 45 wäre.
1243 3826 60 47 Ist
1324 3843 88 30 nur
1441 3834 90 40 erst
1555 3827 70 49 die
1652 3829 81 47 mei-

237 3899 121 40 stens
386 3893 145 49 sicher
560 3897 288 63 gezeichnete
880 3899 89 48 und
998 3901 155 48 scharf
1176 3902 371 51 charakterisirte
1569 3905 196 51 Melodie

238 3970 211 64 lebendig
495 3972 237 64 begriflen,
774 3991 49 32 so
866 3976 142 48 findet
1049 3979 91 47 sich
1172 3981 93 47 An-
1304 3981 90 48 und
1427 3982 338 58 Abschwellen,

240 4047 275 60 Ritardiren,
548 4052 230 64 Drängen,
810 4055 243 65 Betonung
1083 4057 89 47 und
1209 4057 143 66 dergl.
1390 4076 56 31 an
1475 4060 141 49 vielen
1648 4061 92 50 Stel-

1877 259 70 45 len
1977 257 201 49 ziemlich
2209 274 84 32 von
2334 259 154 56 selbst,
2527 259 202 49 obschon
2766 261 166 49 Worte
2961 261 112 50 oder
3100 265 197 47 Zeichen
3328 268 53 48 da-

1878 335 76 46 für
1983 334 58 47 im
2075 335 272 63 Vergleiche
2375 354 100 29 zum
2509 337 214 65 heutigen
2754 339 334 49 Uebermaasse
3119 358 86 30 nur
3237 346 144 46 unvoll-

1878 412 215 46 kommen
2124 412 268 63 angegeben
2423 411 113 50 sind.

2001 487 159 58 „Eben
2203 505 50 32 so
2297 490 150 47 haben
2493 490 81 48 wir
2616 492 85 47 alle
2725 528 6 6 .
2761 491 320 50 harmonische
3123 494 282 67 Ausfüllung

1874 565 276 56 vermieden,
2187 565 69 48 die
2288 584 81 30 von
2401 567 239 49 manchem
2673 585 55 31 an
2759 567 72 49 die
2861 569 235 56 moderne,
3126 571 279 51 orchestrale

1878 642 127 47 Fülle
2042 642 80 49 der
2152 644 508 64 Clavier-Behandlung
2704 646 288 48 Gewöhnten
3035 649 368 50 voraussichtlich

1873 720 105 47 sehr
2001 721 205 47 vermisst
2230 721 183 48 werden
2439 722 129 49 wird.
2603 724 94 47 Wo
2725 725 119 47 Bach
2930 725 113 47 nach
3073 726 147 47 seiner
3247 727 158 49 Weise

1953 799 325 46 massenhaftes
2303 800 336 48 Accordwesen
2665 801 149 48 haben
2846 802 106 54 will,
2984 802 78 47 hat
3090 820 48 31 er
3168 820 46 32 es
3245 804 131 63 hinge-

1873 875 263 56 schrieben;
2169 892 70 31 wo
2270 892 46 31 es
2348 877 119 47 nicht
2498 879 133 53 steht,
2663 879 87 47 will
2782 895 49 31 er
2861 895 46 31 es
2937 881 114 46 auch
3085 880 121 48 nicht
3237 881 165 50 haben.

1874 952 333 47 Grossentheils
2250 952 95 47 sind
2389 953 120 49 diese
2541 955 371 64 Compositionen
2954 956 84 47 wie
3069 959 168 45 Duette
3267 974 108 32 anzu-

1872 1028 156 56 sehen,
2079 1030 73 45 für
2202 1031 98 47 eine
2350 1031 428 49 melodieführende
2829 1033 92 47 und
2971 1033 100 49 eine
3116 1035 287 63 begleitende

1873 1106 215 56 Stimme;
2119 1107 117 47 drei-
2269 1108 90 47 und
2392 1110 362 63 mehrstimmige
2780 1110 301 66 Behandlung
3106 1112 112 47 wird
3247 1112 155 65 häufig

1872 1201 152 46 genug
2051 1185 272 62 gebraucht,
2354 1202 70 32 wo
2455 1186 80 47 der
2557 1187 220 48 Gedanke
2808 1188 61 47 sie
2891 1206 51 29 zu
2966 1190 246 63 verlangen
3234 1190 168 48 schien.

1872 1262 85 47 Die
1986 1262 291 48 Einfachheit
2306 1263 55 47 ist
2389 1263 207 56 Absicht,
2637 1281 50 32 so
2729 1272 82 56 gut
2850 1266 83 47 wie
2971 1266 72 48 die
3072 1267 302 65 Vollstimmig-

1873 1340 105 48 keit.
2030 1340 159 48 Bach's
2221 1341 183 47 Endziel
2436 1342 63 47 als
2528 1342 177 65 Spieler
2735 1342 90 48 und
2857 1343 267 65 Componist
3153 1361 97 32 war
3280 1345 92 48 Sin-

1870 1434 99 46 gen
2002 1418 96 47 auf
2123 1417 118 48 dem
2277 1418 235 50 Ciavier.
2549 1421 129 47 Dazu
2710 1421 151 47 wollte
2890 1437 50 31 er
2968 1422 143 46 durch
3142 1423 123 47 seine
3297 1422 78 50 Cla-

1869 1496 248 47 vierschule
2159 1496 194 48 anleiten
2397 1494 157 67 (vergl.
2588 1498 260 64 Einleitung
2877 1516 34 31 z.
2941 1498 208 49 Versuch
3190 1517 42 31 u.
3262 1516 33 32 s.
3327 1517 75 40 w.,

1867 1572 38 63 §.
1926 1573 68 64 2),
2016 1573 211 48 desshalb
2248 1576 151 47 wollte
2415 1591 48 32 er
2481 1576 130 48 keine
2637 1614 18 19 „
2955 1576 88 48 und
3072 1615 18 19 „
3111 1578 286 55 „Trommel-

2123 1649 211 50 desshalb
2358 1653 232 65 verlangte
2613 1651 124 71 er(a.
2757 1670 38 31 a.
2815 1654 57 49 0.
2897 1654 44 49 S.
2968 1653 150 66 107):
3147 1693 16 19 „
3186 1656 114 54 „Die
3321 1656 51 48 be-

1868 1728 258 62 gleitenden
2156 1728 224 48 Stimmen
2414 1746 121 32 muss
2566 1747 121 41 man,
2730 1747 48 32 so
2809 1731 81 48 viel
2924 1732 214 63 möglich,
3181 1748 84 32 von
3297 1732 77 48 der-

1861 1806 183 63 jenigen
2071 1806 136 48 Hand
2229 1807 295 57 verschonen,
2549 1809 172 47 welche
2745 1808 86 47 den
2856 1809 338 49 herrschenden
3218 1811 184 64 Gesang

1870 1883 171 55 führet,
2084 1883 141 48 damit
2262 1887 62 46 sie
2353 1886 203 63 selbigen
2589 1887 79 47 mit
2709 1887 111 48 aller
2850 1888 215 65 Freyheit
3096 1888 305 64 ungehindert

1868 1962 231 63 geschickt
2123 1963 361 65 herausbringen
2773 1966 173 47 Unsere
2966 1966 105 47 weit
3090 1966 285 64 fortgeschrit-

1868 2047 103 39 tene
2001 2039 202 47 Technik
2245 2041 103 47 lässt
2378 2058 83 30 uns
2490 2041 244 64 allerdings
2771 2042 143 48 Vieles
2945 2043 306 62 ungehindert
3281 2044 117 47 auch

1869 2117 69 47 bei
1983 2121 234 59 grösserer
2249 2119 371 47 Harmoniefülle
2663 2119 381 64 herausbringen,
3090 2137 91 31 was
3225 2121 174 48 damals

1865 2194 195 54 schwer,
2096 2194 66 65 ja,
2208 2197 259 61 unmöglich
2502 2213 118 40 war;
2665 2197 111 47 aber
2809 2198 80 46 wir
2919 2201 199 55 müssen,
3151 2215 132 30 wenn
3316 2199 82 46 wir

1867 2288 81 31 aus
1977 2272 81 47 der
2090 2273 268 47 Geschichte
2389 2274 153 47 lernen
2575 2276 181 52 wollen,
2796 2274 70 47 die
2897 2276 381 62 geschichtlichen
3311 2277 58 46 Er-

1867 2349 308 65 scheinungen
2208 2352 214 53 nehmen,
2453 2353 84 46 wie
2560 2353 62 46 sie
2645 2352 113 56 sind,
2791 2352 122 48 nicht
2945 2354 82 46 wie
3060 2353 80 47 wir
3170 2354 62 46 sie
3264 2353 135 48 heute

1868 2428 260 46 wünschen.
2166 2429 61 46 So
2254 2444 95 31 war
2373 2429 113 47 auch
2514 2429 122 48 Bach
2663 2429 122 47 nicht
2808 2447 50 29 zu
2885 2430 286 64 arrangiren,
3199 2430 198 49 sondern

1867 2505 40 46 in
1938 2505 148 49 seiner
2117 2507 86 47 Art
2232 2507 230 48 durchaus
2491 2524 52 31 zu
2577 2507 218 49 belassen.
2932 2508 85 48 Um
3050 2510 93 46 sein
3173 2509 192 62 singen-

1865 2582 96 48 des
1992 2583 177 48 Ciavier
2197 2601 51 30 zu
2281 2584 254 57 verstehen,
2580 2584 179 62 befolge
2803 2602 104 30 man
2951 2602 87 30 nur
3074 2585 153 47 seinen
3261 2585 137 56 Rath,

1868 2660 246 49 besonders
2132 2662 83 47 auf
2231 2670 108 55 gute
2357 2663 178 62 Sänger
2550 2679 51 31 zu
2621 2663 185 54 achten;
2836 2701 16 18 „
2875 2679 132 40 „man
3027 2664 144 47 lernet
3187 2663 206 48 dadurch

1865 2739 188 62 singend
2080 2739 222 56 dencken,
2334 2740 90 47 und
2456 2757 104 32 man
2585 2740 112 49 wird
2724 2740 119 49 wohl
2875 2742 131 54 thun,
3036 2740 102 49 dass
3170 2758 102 32 man
3304 2742 92 47 sich

1867 2817 198 47 hernach
2090 2818 136 47 selbst
2251 2819 130 46 einen
2408 2818 275 48 Gedancken
2710 2819 244 61 vorsinget,
2985 2837 75 29 um
3093 2819 85 48 den
3212 2820 185 47 rechten

1867 2894 200 65 Vortrag
2095 2894 235 48 desselben
2362 2912 51 30 zu
2710 2897 62 62 (S.
2796 2895 137 65 107).
2969 2897 128 47 Auch
3123 2897 71 47 die
3219 2898 102 53 Art,
3344 2914 52 30 zu

1864 2973 174 62 singen,
2070 2971 77 49 hat
2175 2973 90 47 sich
2300 2973 167 48 freilich
2500 2974 82 47 seit
2603 2974 147 47 seiner
2773 2974 98 48 Zeit
2893 2975 105 47 sehr
3022 2974 243 64 geändert;
3289 2975 81 46 den-

1867 3050 115 47 noch
2022 3050 139 48 bleibt
2203 3050 81 48 der
2314 3051 139 56 Rath,
2495 3053 191 63 singend
2728 3069 50 31 zu
2825 3051 177 50 denken
3049 3053 89 48 und
3184 3053 90 47 sich
3319 3054 79 47 das

1865 3128 377 48 Darzustellende
2272 3130 94 47 laut
2394 3129 111 48 oder
2535 3130 105 47 leise
2670 3138 92 40 erst
2789 3133 315 62 vorzusingen,
3142 3131 136 46 heute
3313 3131 85 47 wie

1865 3205 176 48 damals
2081 3205 83 50 der
2196 3206 142 56 beste,
2381 3223 75 32 um
2496 3208 88 47 alte
2622 3206 92 49 und
2745 3224 117 31 neue
2905 3215 133 57 gute
3069 3208 327 48 Ciaviermusik

1865 3284 205 48 wirklich
2104 3284 282 49 musicalisch
2416 3303 53 29 zu
2499 3285 184 65 spielen.
2729 3286 143 49 Einen
2905 3285 356 50 recitativischen
3293 3286 103 49 Satz

1868 3361 68 49 bei
1968 3363 102 48 Em.
2104 3364 118 47 Bach
2256 3363 113 48 wird
2401 3363 101 48 kein
2533 3364 186 47 Mensch
2768 3364 243 65 erträglich
3058 3363 340 66 wiedergeben,

1867 3455 132 32 wenn
2029 3457 50 30 er
2108 3440 76 47 ihn
2215 3440 123 48 nicht
2367 3440 218 48 innerlich
2616 3443 136 62 singt,
2790 3458 114 47 ganz
2935 3459 66 40 so,
3045 3441 85 47 wie
3162 3441 69 47 bei
3267 3443 105 45 Beet-

1867 3516 160 49 hoven.
2082 3518 97 47 Für
2208 3519 238 63 unzählige
2476 3519 169 47 Stellen
2681 3519 147 47 seiner
2867 3520 263 64 langsamen
3162 3520 128 46 Sätze
3319 3519 82 65 gilt

1865 3595 224 57 dasselbe,
2121 3596 88 49 und
2235 3596 138 49 kaum
2400 3596 178 49 minder
2603 3598 76 47 für
2700 3596 72 49 die
2801 3598 308 54 schnelleren;
3133 3596 65 65 ja,
3228 3596 171 66 gerade

1865 3673 99 47 hier
1995 3673 95 47 sind
2123 3673 71 48 die
2226 3674 199 65 Figuren
2458 3675 65 47 oft
2551 3675 125 47 nicht
2714 3674 165 49 anders
2921 3693 50 29 zu
3011 3674 277 56 behandeln,
3337 3675 62 47 als

1867 3750 71 47 die
1971 3750 302 50 Coloraturen
2319 3751 91 49 und
2443 3753 258 48 Fiorituren
2733 3769 82 31 von
2852 3753 291 63 geschickten
3173 3754 226 62 Sängern,

1865 3827 103 49 dass
2009 3829 63 48 sie
2114 3829 71 49 die
2216 3830 343 48 Grundformen
2603 3831 296 55 schmücken,
2942 3831 123 47 nicht
3104 3831 293 49 beschweren

1868 3905 90 48 und
1990 3906 266 51 verdecken.

1994 3985 91 55 „Im
2117 3986 151 47 nahen
2291 3985 433 63 Zusammenhange
2756 3985 78 48 mit
2864 3985 101 48 dem
2998 3986 400 48 ausdrucksvollen

1868 4061 212 66 Gesänge
2108 4065 119 47 steht
2256 4064 70 48 die
2359 4064 164 64 richtig
2554 4064 303 63 angewandte
2888 4065 410 56 Tactfreiheit,
3328 4065 71 47 die
