3523 4386
326 117 92 198 \
438 117 518 198 iderr
966 112 778 198 lseiüisclie
1891 112 1153 254 Musik-Zeitung

956 422 117 114 für
1154 417 567 119 iiraistfreraiile
1774 412 147 122 traft
1982 417 389 114 liiiustlcr.

133 665 391 69 Herausgegeben
573 684 88 33 von
714 665 237 49 Professor
1004 660 69 57 L.
1119 656 266 78 Bischoff.
1582 660 174 66 Verlag
1812 660 83 48 der
1945 653 86 57 M.
2076 648 626 83 DuMont-Schauberg'
2706 653 136 50 sehen
2885 652 373 66 Buchhandlung.

1379 800 176 77 KÖLN,
1597 811 73 53 13.
1711 808 195 71 August
1947 808 139 53 1864.

2776 806 97 52 XII.
2916 806 271 69 Jahrgang.

205 818 80 52 Nr.
327 818 83 52 33.

232 995 227 37 Inhalt.

516 996 28 34 B
560 993 339 36 eurtheilende
928 994 256 45 Anzeigen.
1215 991 88 36 Carl
1331 990 96 36 Phil.
1456 987 188 38 Emanuel
1673 987 138 36 Bach's
1841 987 353 44 Clavier-Sonaten,
2224 985 166 36 Rondo's
2418 986 76 34 und
2523 986 91 34 freie
2638 985 251 34 Phantasieen
2921 985 57 33 für
3006 985 153 33 Kenner
3187 985 76 34 und

127 1056 227 37 Liebhaber.
383 1056 106 35 Neue
518 1055 181 46 Ausgabe
727 1065 76 24 von
833 1055 42 34 E.
904 1055 42 34 F.
976 1055 220 44 Baumgart.
1302 1053 49 35 H.
1383 1051 86 35 Chr.
1499 1049 143 36 Koch's
1671 1049 291 36 Musicalisches
1992 1050 183 34 Lexicon.
2220 1049 153 42 Zweite,
2412 1048 188 34 durchaus
2627 1046 295 47 umgearbeitete
2952 1046 76 33 und
3054 1045 210 34 vermehrte

128 1117 162 45 Auflage
316 1127 77 23 von
422 1117 122 45 Arrey
572 1127 76 23 von
678 1115 194 37 Dommer.
982 1115 177 45 Tages-
1203 1113 96 34 und
1329 1110 539 46 Unterhaitungsblatt
1905 1110 130 45 (Köln,
2066 1109 305 43 Horn-Quartett
2401 1108 64 35 der
2493 1107 174 35 fürstlich
2696 1106 446 47 Lippe-Detmold'schen
3172 1107 71 33 Hof-

127 1175 149 47 capelle
386 1175 240 43 Wiesbaden,
657 1175 39 34 J.
725 1175 50 33 H.
805 1174 200 34 Kufferath
1033 1174 26 44 f
1165 1170 572 46 Tonkünstler-Versammlung
1765 1171 40 33 in
1835 1169 207 35 Karlsruhe
2149 1168 337 47 Eidgenössisches
2517 1168 218 45 Sängerfest
2763 1178 35 24 u.
2828 1178 28 22 s.
2888 1165 73 45 w.).

548 1347 99 52 Be
655 1346 286 54 urtheilende
983 1346 264 72 Anzeigen.

247 1488 133 50 Carl
428 1486 137 49 Phil.
616 1486 275 47 Emanuel
947 1484 197 48 Bach's
1213 1482 453 56 „Clavier-Sonaten,

364 1564 204 49 Rondo's
611 1564 91 48 und
748 1564 108 47 freie
894 1561 305 48 Phantasieen
1238 1560 76 48 für
1343 1561 188 47 Kenner
1575 1560 91 48 und

728 1643 129 47 Neue
889 1639 220 64 Ausgabe
1149 1654 85 32 von
1280 1639 52 48 E.
1373 1639 49 48 F.
1464 1639 163 47 Baum-

366 1729 144 57 gart.
542 1720 206 56 Breslau,
773 1719 69 48 bei
865 1719 50 48 F.
938 1719 55 47 E.
1018 1717 49 49 C.
1092 1716 232 48 Leuckart
1354 1715 174 65 (Const.
1552 1716 87 48 San-

367 1796 114 66 der).
512 1799 33 47 I.
575 1796 288 64 Sammlung.
902 1796 73 46 Pr.
1012 1794 20 49 1
1070 1794 126 48 Thlr.
1229 1792 71 50 20
1332 1794 103 63 Sgr.

254 1877 85 47 Die
382 1875 315 48 sämmtlichen
743 1872 354 54 Ciavierstücke,
1143 1871 171 47 welche
1356 1872 48 46 C.
1448 1871 82 47 Ph.
1568 1871 102 47 Em.

136 1957 124 47 Bach
307 1964 131 39 unter
481 1955 182 62 obigem
696 1954 114 45 Titel
852 1969 83 29 von
974 1950 141 48 1779
1152 1951 63 46 bis
1255 1949 138 48 1787
1429 1950 218 47 veröffent-

137 2034 108 47 licht
288 2034 93 52 hat,
432 2031 226 47 umfassen
702 2031 41 45 in
796 2030 128 47 sechs
971 2029 171 62 Folgen
1187 2026 219 48 achtzehn
1449 2027 221 54 Sonaten,

137 2111 140 47 zwölf
302 2110 202 48 Rondo's
536 2110 87 46 und
655 2109 128 45 sechs
814 2106 319 48 Phantasieen.

258 2189 114 45 Eine
421 2203 117 30 neue
588 2186 218 62 Ausgabe
856 2184 240 47 derselben
1156 2181 165 48 bedarf
1364 2181 137 48 kaum
1552 2181 124 47 einer

138 2265 399 61 Rechtfertigung.
573 2264 170 47 Unsere
759 2262 99 47 Zeit
882 2262 75 46 hat
980 2260 71 47 die
1074 2260 412 47 schätzenswerthe
1507 2258 49 47 Ei
1563 2276 82 46 gen-

140 2342 335 54 thümlichkeit,
499 2341 102 48 dass
623 2341 63 47 sie
708 2341 148 47 neben
881 2338 102 49 dem
1003 2338 314 63 Heisshunger
1342 2337 112 48 nach
1479 2338 197 55 Neuem,

141 2421 82 47 der
250 2421 93 47 sich
376 2420 115 48 auch
518 2420 42 47 in
585 2418 85 47 den
697 2417 352 65 Gegenständen
1076 2416 80 48 der
1182 2417 148 46 Kunst
1354 2416 68 47 bei
1444 2415 80 47 der
1548 2431 102 47 gros-

140 2515 78 30 sen
250 2498 166 63 Menge
447 2496 123 48 nicht
599 2497 196 62 läugnen
827 2496 118 53 lässt,
973 2493 113 47 nach
1112 2493 102 47 dem
1242 2493 150 47 Guten
1418 2492 89 47 und
1534 2492 115 50 Schö-

141 2594 87 31 nen
273 2576 81 48 der
395 2577 173 47 älteren
612 2575 222 47 Perioden
879 2571 332 65 zurückgreift;
1269 2571 59 48 ob
1371 2571 309 63 unbefriedigt

143 2653 144 49 durch
320 2653 71 47 die
420 2652 302 64 Erzeugnisse
752 2651 81 48 der
861 2650 322 63 Zeitgenossen
1222 2648 111 49 oder
1364 2648 131 47 allein
1528 2648 40 47 in
1600 2665 51 46 ge-

146 2732 202 48 rechtem
381 2731 225 49 Unwillen
651 2730 115 48 über
809 2728 71 49 die
917 2727 382 50 Undankbarkeit
1341 2727 77 47 des
1463 2727 213 64 heutigen

147 2810 323 49 Geschlechtes
512 2825 147 48 gegen
702 2808 125 46 seine
856 2806 175 48 Lehrer
1062 2806 91 47 und
1195 2806 41 46 in
1277 2805 181 48 wahrer
1484 2803 161 49 Würdi-

146 2905 126 47 gung
311 2887 175 55 dessen,
531 2902 92 31 was
664 2885 70 48 die
766 2885 139 47 Väter
945 2883 205 64 geleistet
1192 2882 168 56 haben,
1404 2882 162 47 wollen
1599 2882 81 46 wir

146 2966 99 48 hier
274 2966 121 47 nicht
427 2963 325 56 untersuchen,
782 2962 114 48 auch
923 2962 122 47 nicht
1068 2961 175 48 danach
1270 2961 175 63 fragen,
1477 2960 202 48 welchen

147 3043 182 49 Antheil
360 3045 70 47 ein
462 3042 216 65 gewisser
707 3040 579 49 vornehm-conservativer
1317 3040 117 53 Ton,
1464 3038 99 47 eine
1594 3040 85 45 Art

146 3139 84 30 von
260 3121 395 48 aristokratischer
686 3118 152 54 Mode,
881 3135 56 30 an
983 3117 145 48 dieser
1161 3116 205 49 Umkehr
1394 3132 80 31 zur
1509 3117 170 46 älteren

150 3202 147 46 Kunst
327 3200 134 48 habe.
521 3200 138 53 Kurz,
696 3197 71 48 die
797 3196 258 49 Thatsache
1084 3196 55 47 ist
1167 3194 74 58 da,
1289 3194 89 49 und
1407 3211 122 32 zwar
1558 3194 42 47 in
1630 3210 50 31 so

148 3277 370 64 merkwürdiger
564 3276 175 54 Weise,
797 3274 102 49 dass
941 3282 124 38 sonst
1107 3272 365 63 unverträgliche
1516 3272 166 63 Dinge,

146 3356 272 48 Revolution
449 3354 91 49 und
573 3354 407 54 Conservatismus,
1009 3352 92 47 sich
1135 3349 382 50 überstürzender
1549 3351 104 47 Fort-

145 3434 158 47 schritt
333 3433 90 48 und
454 3434 221 47 Reaction
715 3432 42 47 in
788 3431 168 48 diesem
990 3429 178 49 Punkte
1209 3429 119 63 einig
1365 3427 117 57 sind,
1525 3427 151 48 indem

146 3511 293 48 bekanntlich
484 3511 71 48 die
585 3511 250 63 Anhänger
877 3508 83 48 der
1001 3508 332 47 allerneuesten
1378 3506 167 48 Schule
1586 3504 93 49 sich

145 3607 123 31 zwar
289 3589 140 49 dreist
452 3606 155 48 genug
630 3588 240 55 erlauben,
900 3586 183 66 Haydn,
1115 3587 174 47 Mozart
1314 3583 90 48 und
1430 3584 93 47 drei
1553 3584 101 47 Vier-

146 3669 57 47 tel
235 3685 82 30 von
349 3668 260 48 Beethoven
639 3685 52 29 zu
721 3666 233 63 ignoriren
992 3663 111 48 oder
1134 3663 371 56 herabzusetzen,
1548 3662 131 48 allein

146 3746 114 48 nach
293 3746 182 48 stolzem
499 3743 368 64 Vorübergehen
900 3760 56 30 an
982 3742 151 47 diesen
1157 3739 376 50 überwundenen
1559 3741 92 47 Ton-

145 3832 174 41 setzern
363 3824 126 47 einer
519 3822 193 49 Periode
754 3822 78 47 des
870 3821 225 47 Irrthums
1138 3818 114 50 doch
1296 3819 92 47 sich
1435 3836 52 29 zu
1530 3818 146 47 einem

146 3902 227 65 gnädigen
400 3901 284 63 Kopfnicken
716 3917 79 29 vor
823 3898 103 48 dem
957 3898 121 48 alten
1105 3898 120 47 Bach
1261 3895 89 49 und
1382 3895 152 49 seinen
1559 3894 88 50 Söh-

145 3997 87 32 nen
258 3979 332 49 entschliessen.
625 3979 134 47 Diese
781 3976 248 49 Nachsicht
1053 3976 108 63 geht
1189 3991 135 49 sogar
1354 3991 48 30 so
1429 3974 119 55 weit,
1578 3972 101 48 dass

250 4059 42 49 in
324 4058 278 50 besonderer
634 4057 260 62 Beziehung
924 4056 80 48 auf
1037 4054 225 49 Emanuel
1296 4053 119 48 Bach
1553 4052 124 49 einer

1759 1328 81 47 der
1882 1325 500 64 achtungswerthesten
2427 1324 275 65 Koryphäen
2758 1322 87 46 und
2892 1322 386 64 Propagandisten

1754 1406 132 64 jener
1915 1404 183 56 Schule,
2128 1404 121 47 Herr
2292 1419 99 30 von
2431 1402 212 55 Bülow,
2685 1400 90 48 sich
2809 1400 348 63 herabgelassen
3190 1401 93 56 hat,

1759 1482 128 49 sechs
1918 1482 199 47 Sonaten
2151 1480 254 55 desselben,
2447 1495 158 32 wovon
2639 1479 103 47 fünf
2767 1477 80 47 der
2876 1479 116 45 oben
3025 1486 255 54 genannten

1761 1560 271 62 Sammlung
2061 1557 282 64 angehören,
2382 1573 88 31 neu
2503 1555 370 63 herauszugeben
2907 1554 87 47 und
3026 1555 141 46 durch
3201 1555 54 47 Be-

1763 1637 243 64 arbeitung
2046 1637 76 46 für
2161 1635 71 48 die
2269 1635 184 63 heutige
2486 1634 127 47 Welt
2655 1632 313 65 geniessbarer
2997 1649 50 30 zu
3082 1632 203 49 machen.

1766 1715 107 48 Wir
1904 1714 210 48 möchten
2146 1711 114 50 über
2290 1711 122 48 diese
2439 1711 122 47 seine
2592 1710 160 48 Arbeit
2781 1710 121 47 nicht
2931 1709 84 47 den
3040 1710 111 47 Stab
3182 1709 79 48 bre-

1764 1794 131 56 chen,
1937 1791 57 50 da
2036 1792 78 56 sie,
2158 1806 83 32 von
2285 1790 101 48 dem
2431 1789 255 63 gewählten
2728 1787 316 64 Standpunkte
3082 1804 81 30 aus
3207 1787 51 47 be-

1766 1871 200 51 urtheilt,
2011 1867 218 50 Geschick
2271 1867 106 54 und,
2422 1867 82 46 wie
2541 1883 45 30 es
2626 1865 123 48 nicht
2776 1865 164 48 anders
2968 1883 53 29 zu
3052 1872 226 41 erwarten

1768 1965 111 37 war,
1923 1964 155 47 grosse
2112 1945 240 48 Kenntniss
2394 1944 79 46 der
2504 1942 374 48 Clavier-Effecte
2917 1941 142 48 durch
3099 1941 71 49 die
3201 1942 56 48 Be-

1768 2026 233 62 handlung
2033 2025 76 46 des
2140 2025 326 46 Instrumentes
2508 2022 127 61 zeigt.
2692 2021 145 47 Allein
2870 2021 79 46 mit
2977 2018 100 50 dem
3110 2020 178 64 Princip

1769 2105 180 47 können
1982 2102 83 47 wir
2097 2119 80 29 uns
2215 2100 260 63 unmöglich
2516 2098 340 47 einverstanden
2893 2097 234 56 erklären;
3170 2097 118 48 denn

1769 2198 46 30 es
1845 2181 52 46 ist
1926 2180 68 45 ein
2027 2195 179 46 grosser
2240 2175 292 50 Unterschied
2563 2175 219 48 zwischen
2813 2173 79 50 der
2922 2173 368 65 Modernisirung

1769 2260 121 47 eines
1914 2258 169 46 älteren
2104 2255 344 54 Musikstückes,
2473 2253 78 47 das
2578 2255 74 44 für
2674 2253 70 47 ein
2767 2252 130 48 Solo
2909 2253 385 47 -Instrument

1769 2336 297 63 geschrieben
2107 2335 68 53 ist,
2221 2332 88 48 und
2354 2332 80 47 der
2462 2333 276 63 Ergänzung
2768 2330 82 48 der
2879 2331 413 62 Instrumentirung

1770 2415 122 47 eines
1924 2412 292 48 Oratoriums
2246 2410 111 48 oder
2387 2410 228 63 sonstigen
2646 2408 387 65 Gesangstückes;
3077 2407 70 48 bei
3188 2408 84 47 letz-

1769 2500 142 39 terem
1945 2490 141 48 bleibt
2107 2490 80 47 der
2213 2488 141 54 Kern,
2385 2488 70 47 die
2481 2487 210 53 Melodie,
2724 2485 298 49 unverändert
3054 2485 89 48 und
3174 2485 116 48 auch

1770 2570 71 47 die
1869 2568 250 49 Harmonie
2146 2566 111 47 wird
2282 2584 85 29 nur
2390 2566 141 47 durch
2556 2581 117 32 neue
2699 2563 292 64 Klangmittel
3020 2562 245 50 ausdrucks-

1771 2648 138 46 voller
1931 2646 112 48 oder
2065 2645 364 63 eindringlicher.
2460 2643 84 47 Ein
2570 2641 454 48 Instrumental-Solo
3049 2639 109 49 wird
3184 2639 111 50 aber

1773 2723 142 50 durch
1961 2723 357 63 Uebertragung
2370 2719 111 49 oder
2522 2718 359 65 Transscription
2926 2719 41 46 in
3011 2716 71 49 die
3124 2732 170 34 neuere

1773 2802 260 65 Spielweise
2062 2801 69 45 ein
2163 2816 111 47 ganz
2305 2798 189 48 anderes
2525 2798 157 54 Stück,
2713 2797 41 47 in
2787 2796 218 52 welchem
3036 2811 103 32 man
3171 2794 123 49 nicht

1774 2881 130 48 mehr
1937 2878 344 50 unterscheiden
2314 2877 136 52 kann,
2494 2892 92 31 was
2619 2877 120 46 Kern
2785 2874 89 47 und
2920 2890 91 31 was
3050 2872 245 65 glänzende

1773 2958 164 48 Schale
1966 2958 67 47 ist.
2065 2957 113 47 Dass
2208 2954 205 49 dadurch
2443 2953 80 48 der
2553 2953 181 56 Zweck,
2762 2952 182 47 solchen
2973 2952 169 47 älteren
3167 2951 103 48 Solo-

1771 3036 188 48 stücken
1992 3034 143 47 durch
2166 3033 72 47 die
2269 3032 313 63 Annäherung
2626 3047 55 32 an
2720 3028 70 50 die
2834 3046 167 30 neuere
3035 3029 133 47 Form
3203 3027 90 48 und

1775 3112 361 66 Vortragsweise
2168 3111 184 47 leichter
2381 3109 207 64 Eingang
2621 3108 66 47 bei
2719 3107 79 47 der
2823 3108 165 62 Menge
3017 3106 80 48 der
3124 3106 140 47 Musik-

1774 3191 267 49 treibenden
2070 3207 51 29 zu
2150 3187 277 49 verschaffen
2461 3187 89 47 und
2580 3186 204 48 dadurch
2815 3184 70 49 die
2911 3183 139 48 Liebe
3080 3201 97 29 zum
3205 3184 59 46 Ge-

1774 3271 221 63 diegenen
2042 3267 88 48 und
2161 3267 85 48 den
2278 3266 282 48 Geschmack
2602 3263 260 64 überhaupt
2895 3280 51 30 zu
2992 3260 209 50 veredeln

1774 3348 100 48 dass
1905 3347 145 48 dieser
2078 3346 163 48 Zweck
2283 3343 197 48 erreicht
2517 3342 168 56 werde,
2728 3341 148 48 dürfte
2908 3341 278 62 keineswegs
3217 3339 78 47 mit

1774 3426 254 49 Sicherheit
2056 3441 52 30 zu
2141 3423 262 64 behaupten
2432 3422 107 47 sein.
2574 3421 106 48 Wir
2709 3434 181 34 unseres
2914 3418 150 48 Theils
3095 3417 96 48 sind
3219 3415 79 49 mit

1775 3502 289 66 Chrysander
2095 3499 464 66 (Vorbemerkungen
2588 3514 53 31 zu
2672 3498 155 46 dessen
2854 3494 215 64 Ausgabe
3090 3493 80 49 der
3195 3493 78 48 Cia-

1774 3583 108 47 vier-
1893 3579 370 66 Compositionen
2301 3577 104 48 Job.
2432 3575 105 50 Seb.
2569 3575 122 49 Bach
2711 3574 36 65 s)
2791 3572 358 54 einverstanden,
3198 3570 99 50 dass

1774 3661 198 63 Aufputz
2018 3657 90 49 und
2141 3654 365 64 Umschreibung
2537 3653 76 49 des
2644 3654 166 47 Textes
2855 3653 75 46 für
2975 3650 86 49 den
3104 3649 168 48 zweifel-

1774 3738 221 47 haftesten
2027 3734 90 48 und
2151 3732 398 49 umständlichsten
2584 3732 141 62 Weg,
2763 3732 41 44 in
2836 3729 86 47 den
2953 3729 108 46 Sinn
3091 3727 77 48 des
3200 3728 64 46 Au-

1774 3824 93 40 tors
1896 3812 343 64 einzudringen,
2268 3828 52 29 zu
2346 3810 151 47 halten
2527 3809 93 48 sei-

1891 3894 94 47 Der
2028 3908 116 32 neue
2188 3888 325 62 Herausgeber
2553 3888 53 47 E.
2639 3888 48 46 F.
2725 3885 252 64 Baumgart
3019 3883 151 63 bringt
3214 3897 80 32 uns

1773 3988 86 31 nur
1882 3972 99 47 eine
2011 3977 126 40 treue
2163 3965 316 64 Wiedergabe
2508 3965 76 47 des
2615 3963 246 63 Originals,
2892 3960 90 49 und
3014 3960 81 47 wir
3124 3958 170 57 hoffen,

1773 4049 100 48 dass
1902 4048 122 48 diese
2055 4047 115 48 auch
2202 4047 152 53 heute,
2386 4044 84 47 wie
2498 4059 77 32 zur
2598 4042 95 48 Zeit
2728 4040 219 47 Emanuel
2973 4038 121 49 Bach
3114 4053 37 42 s,
3174 4035 115 50 noch

2993 4117 68 49 33
