2650 3813
1373 181 118 60 182

353 351 89 60 de
470 348 202 60 l'Etat
704 347 167 59 dans
899 343 502 79 l'organisation
1434 342 116 58 des
1589 336 423 80 compagnies
2061 333 318 61 actuelles
2409 350 87 43 ne

356 428 141 60 fera
558 444 126 59 que
741 425 381 59 démontrer
1190 423 134 60 ceci
1378 440 12 40 :
1451 421 158 59 c'est
1663 435 128 59 que
1840 416 197 59 l'Etat
2092 413 302 61 travaille
2454 412 37 60 à

358 510 318 59 accroître
709 506 65 58 la
804 505 177 59 force
1010 505 117 59 des
1160 520 151 60 gros
1341 501 332 76 capitaux,
1694 515 72 42 se
1800 496 118 59 fait
1941 496 142 58 leur
2114 492 375 72 auxiliaire,

358 591 65 58 et
451 587 151 60 nuit
645 586 174 60 ainsi
851 585 38 59 à
913 583 287 61 l'intérêt
1231 580 282 80 général.
1533 574 460 79 Mais,malgré
2023 576 168 66 tout,
2225 573 80 59 de
2340 572 156 77 jour

357 685 81 43 en
460 668 157 78 jour
647 666 202 60 l'Etat
878 665 291 76 abdique
1198 666 63 57 et
1288 661 392 60 abandonne
1712 656 526 77 quelques-unes
2268 652 79 60 de
2382 668 110 44 ses

358 748 359 70 fonctions,
767 745 228 77 quand
1043 745 47 58 il
1141 759 160 44 aura
1350 741 300 76 disparu,
1691 736 99 61 les
1848 736 191 59 effets
2086 734 78 59 de
2208 733 64 59 la
2323 731 173 59 libre

357 830 268 59 entente
653 827 189 76 (dont
880 823 411 78 Kropotkine
1324 822 218 59 donne
1574 820 118 58 des
1725 816 340 77 exemples
2096 812 399 76 nombreux)

357 910 323 76 pourront
725 906 408 77 pleinement
1181 901 394 79 apparaître,
1630 897 188 79 grâce
1863 914 85 41 au
1990 895 171 59 libre
2214 908 239 61 groupe-

357 988 187 60 ment
574 987 64 60 et
668 986 37 58 à
734 986 65 58 la
828 985 169 58 libre
1030 981 390 71 fédération,
1453 978 198 60 basés
1684 995 118 42 sur
1832 992 130 43 une
2002 972 344 63 solidarité
2378 971 115 77 qui

358 1068 229 61 exclut
616 1067 184 59 toute
831 1066 176 58 caste
1035 1065 64 58 et
1147 1063 139 59 tout
1311 1060 343 78 privilège.

437 1149 69 59 Si
551 1164 82 43 on
684 1145 344 59 considère
1081 1160 257 42 comme
1392 1140 320 77 utopique
1755 1138 167 59 cette
1957 1132 346 62 fraternité
2350 1147 114 61 pos-

356 1229 199 69 sible,
616 1226 158 60 c'est
832 1225 201 76 qu'on
1099 1223 96 59 vit
1260 1239 117 61 par
1432 1222 146 75 trop
1646 1235 118 43 sur
1828 1217 62 60 le
1952 1215 160 59 vieil
2163 1213 205 75 adage
2418 1211 83 61 de

356 1306 281 61 Hobbes
668 1324 13 39 :
715 1326 29 35 «
1221 1305 863 61 Uhommeest
1302 1307 160 65 loup
1512 1297 43 62 à
1951 1316 55 53 »,
2042 1295 64 59 et
2152 1311 116 42 sur
2298 1288 195 62 l'idée

358 1389 80 58 de
487 1387 66 60 la
605 1386 169 58 lutte
819 1403 168 59 pour
1026 1383 65 59 la
1134 1382 132 61 vie.
1322 1380 101 61 On
1468 1397 82 42 ne
1584 1378 265 60 connaît
1900 1392 121 60 pas
2053 1390 186 44 assez
2267 1372 60 60 le
2360 1369 137 61 rôle

357 1484 128 61 que
508 1466 162 77 joue
695 1467 166 59 dans
887 1465 66 59 la
973 1462 465 62 conservation
1472 1462 117 59 des
1622 1458 265 78 espèces
1910 1456 40 60 Y
1956 1460 221 68 appui
2201 1456 296 58 mutuel.

356 1545 378 77 Kroptkine
778 1545 83 77 (1)
892 1563 37 41 a
960 1543 313 78 compris,
1310 1559 156 42 avec
1504 1540 156 59 bien
1701 1540 117 58 des
1857 1535 436 61 naturalistes
2338 1531 123 59 émi-

353 1630 224 68 nents,
602 1626 451 77 l'importance
1086 1622 280 78 capitale
1395 1622 80 59 de
1504 1620 243 77 l'appui
1785 1616 284 71 mutuel,
2094 1615 407 76 importance

355 1726 130 60 que
550 1706 494 79 quelques-uns
1101 1703 305 61 estiment
1452 1702 156 78 plus
1658 1696 462 63 considérable
2168 1711 127 61 que
2340 1692 169 61 celle

355 1790 80 63 de
471 1789 66 58 la
588 1789 169 58 lutte
800 1804 169 61 pour
998 1786 65 58 la
1091 1785 128 59 vie.
1255 1785 297 77 Puisque
1586 1781 130 58 l'on
1753 1797 35 42 a
1811 1777 247 61 étendu
2091 1777 37 57 à
2157 1776 344 70 l'homme,

355 1886 160 42 sans
568 1871 147 74 trop
764 1867 81 60 de
894 1867 318 69 conteste,
1256 1866 167 57 cette
1477 1862 90 60 loi
1614 1861 89 60 du
1752 1858 251 78 strugie
2050 1856 102 60 for
2199 1855 141 72 life,
2379 1869 128 61 que

353 1949 134 59 l'on
525 1947 362 63 constatait
934 1947 156 60 chez
1134 1946 101 60 les
1279 1945 346 70 animaux,
1656 1938 334 80 pourquoi
2022 1954 83 43 ne
2131 1954 118 59 pas
2281 1950 189 44 recon-

352 2031 222 59 naître
630 2045 170 61 pour
849 2027 99 60 lui
1019 2027 100 59 les
1179 2026 230 60 vertus
1486 2024 80 58 de
1637 2020 252 78 l'appui
1938 2015 317 62 mutuel?
2327 2015 175 76 Trop

352 2109 414 76 d'exemples
816 2125 172 42 nous
1038 2107 308 60 convient
1414 2104 37 59 à
1512 2102 208 61 croire
1768 2118 128 59 que
1947 2100 167 58 cette
2157 2093 349 64 solidarité

352 2190 380 61 s'accroîtra
781 2189 79 59 de
903 2187 159 78 jour
1106 2204 82 43 en
1231 2185 180 79 jour,
1446 2185 62 60 et
1564 2200 128 61 que
1725 2177 397 64 l'humanité
2173 2195 83 43 en
2310 2176 196 60 tirera

351 2270 200 79 profit
587 2286 170 61 pour
790 2269 399 77 s'organiser
1218 2267 37 60 à
1297 2280 334 46 nouveau.

433 2351 221 60 Telles
672 2351 151 59 sont
847 2350 101 60 les
969 2347 183 66 idées
1169 2364 128 61 que
1312 2345 296 71 soulève,
1633 2344 356 76 qu'expose
2017 2341 62 58 et
2107 2355 126 61 que
2260 2335 240 62 défend

352 2430 231 62 Pierre
617 2430 417 77 Kropotkine
1065 2429 167 59 dans
1265 2444 121 43 son
1419 2426 190 59 livre.
1628 2424 78 61 Je
1722 2424 131 58 n'ai
1871 2436 88 63 pu
1980 2419 362 60 m'étendre
2374 2432 119 44 sur

351 2511 330 78 quelques
724 2510 250 77 parties
1018 2509 78 59 de
1143 2526 74 42 sa
1264 2506 255 61 théorie
1548 2525 14 54 ;
1599 2505 50 58 il
1692 2504 281 76 importe
2018 2499 374 77 cependant
2423 2496 79 58 de

350 2592 294 78 signaler
677 2609 108 43 ses
808 2591 185 60 idées
1019 2608 115 40 sur
1166 2590 65 58 la
1251 2586 410 80 plus-value,
1686 2585 151 60 d'où
1861 2585 181 58 vient
2072 2581 61 60 le
2162 2579 155 73 mal,
2346 2594 157 49 non,

355 2673 202 72 dit-il,
592 2690 118 60 par
741 2671 141 61 cela
905 2689 127 60 que
1053 2671 66 59 la
1145 2669 379 78 plus-value
1559 2667 78 60 de
1669 2665 65 60 la
1757 2662 400 80 production
2187 2674 197 63 passe
2423 2674 84 43 au

350 2753 420 77 capitaliste,
827 2768 258 43 comme
1143 2751 62 59 le
1263 2750 158 60 veut
1475 2747 209 66 Marx,
1748 2745 173 60 mais
1979 2760 115 60 par
2155 2740 139 60 cela
2352 2736 148 61 seul

350 2834 332 75 qu'existe
715 2849 132 43 une
878 2830 541 79 plus-value,qui
1452 2827 185 60 vient
1668 2826 80 60 de
1782 2824 420 77 l'obligation
2235 2821 87 60 où
2352 2817 150 61 sont

350 2915 134 60 mis
517 2916 118 59 des
667 2915 309 58 hommes
1004 2914 36 58 à
1073 2933 30 35 a
1125 2918 260 55 vendre
1420 2916 187 55 leurs
1628 2910 230 70 forces
1903 2910 80 56 de
2014 2906 272 59 travail
2322 2915 184 57 pour

343 3012 140 44 une
527 2999 240 67 partie
819 2999 299 57 minime
1155 2998 78 56 de
1278 3009 71 45 ce
1395 3007 129 58 que
1567 3005 110 45 ces
1707 2990 230 69 forces
1964 2986 439 71 produisent,
2437 2981 64 57 et

343 3079 282 58 surtout
653 3080 80 56 de
775 3092 71 44 ce
893 3075 283 72 qu'elles
1221 3075 157 60 sont
1415 3074 318 68 capables
1768 3073 80 54 de
1872 3070 337 69 produire
2260 3084 55 38 ».
2370 3060 87 60 En-

347 3173 147 44 core
527 3158 37 58 à
598 3158 294 77 signaler
921 3156 62 60 le
1016 3153 469 78 remarquable
1518 3150 293 76 chapitre
1846 3167 116 41 sur
2003 3147 36 59 Y
2046 3146 450 74 agriculture

348 3245 61 52 et
441 3238 174 62 celui
647 3255 118 44 sur
791 3238 98 59 les
931 3241 271 56 besoins
1237 3240 79 55 de
1359 3240 193 65 luxe,
1600 3230 167 61 dans
1806 3227 225 79 lequel
2063 3227 48 60 il
2155 3227 102 60 est
2305 3220 183 81 parlé

414 3432 87 69 (1).
521 3434 84 47 La
635 3435 168 46 Lutte
833 3446 152 46 pour
1021 3434 55 45 la
1108 3434 89 45 vie
1233 3436 51 43 et
1319 3430 219 61 l'appui
2509 3423 1 78 m
1955 3423 216 49 Société
2495 3451 12 21 ,

343 3493 448 62 janvier-février
814 3493 163 62 1892).
