<?xml version="1.0" encoding="UTF-8"?>
<alto xmlns:xsi="http://www.w3.org/2001/XMLSchema-instance" xmlns="http://www.loc.gov/standards/alto/ns-v2#" xsi:schemaLocation="http://www.loc.gov/standards/alto/ns-v2# http://www.loc.gov/standards/alto/alto-v2.0.xsd" xmlns:xlink="http://www.w3.org/1999/xlink">
	<Description>
		<MeasurementUnit>mm10</MeasurementUnit>
		<sourceImageInformation>
			<fileName>//fileserver7/IN2-2/Princeton/Batch7/bmtnaas/1892/04_01/00000202.tif</fileName>
		</sourceImageInformation>
		<OCRProcessing ID="OCRPROCESSING_1">
			<preProcessingStep>
				<processingSoftware>
					<softwareCreator>CCS Content Conversion Specialists GmbH, Germany</softwareCreator>
					<softwareName>CCS docWorks</softwareName>
					<softwareVersion>6.7-1.24</softwareVersion>
				</processingSoftware>
			</preProcessingStep>
			<ocrProcessingStep>
				<processingSoftware>
					<softwareCreator>ABBYY (BIT Software), Russia</softwareCreator>
					<softwareName>FineReader</softwareName>
					<softwareVersion>10.0</softwareVersion>
				</processingSoftware>
			</ocrProcessingStep>
		</OCRProcessing>
	</Description>
	<Styles>
		<TextStyle ID="TXT_0" FONTSIZE="24" FONTFAMILY="Times New Roman" FONTSTYLE="bold"/>
		<TextStyle ID="TXT_1" FONTSIZE="24" FONTFAMILY="Times New Roman"/>
		<TextStyle ID="TXT_2" FONTSIZE="25" FONTFAMILY="Times New Roman" FONTSTYLE="italics"/>
		<TextStyle ID="TXT_3" FONTSIZE="20" FONTFAMILY="Times New Roman"/>
		<TextStyle ID="TXT_4" FONTSIZE="20" FONTFAMILY="Times New Roman" FONTSTYLE="bold"/>
		<TextStyle ID="TXT_5" FONTSIZE="20" FONTFAMILY="Times New Roman" FONTSTYLE="italics"/>
		<ParagraphStyle ID="PAR_CENTER" ALIGN="Center"/>
		<ParagraphStyle ID="PAR_BLOCK" ALIGN="Block"/>
		<ParagraphStyle ID="PAR_LEFT" ALIGN="Left"/>
	</Styles>
	<Layout>
		<Page ID="P38" PHYSICAL_IMG_NR="38" HEIGHT="3813" WIDTH="2650" PRINTED_IMG_NR="180" PC="0.886">
			<TopMargin ID="P38_TM00001" HPOS="0" VPOS="0" WIDTH="2650" HEIGHT="281">
				<TextBlock ID="P38_TB00001" HPOS="1267" VPOS="217" WIDTH="115" HEIGHT="62" STYLEREFS="TXT_0 PAR_CENTER">
					<TextLine ID="P38_TL00001" HPOS="1267" VPOS="218" WIDTH="115" HEIGHT="61">
						<String ID="P38_ST00001" HPOS="1267" VPOS="218" WIDTH="115" HEIGHT="61" CONTENT="180" WC="0.38" CC="575"/>
					</TextLine>
				</TextBlock>
			</TopMargin>
			<LeftMargin ID="P38_LM00001" HPOS="0" VPOS="281" WIDTH="250" HEIGHT="3318"/>
			<RightMargin ID="P38_RM00001" HPOS="2415" VPOS="281" WIDTH="235" HEIGHT="3318"/>
			<BottomMargin ID="P38_BM00001" HPOS="0" VPOS="3599" WIDTH="2650" HEIGHT="214"/>
			<PrintSpace ID="P38_PS00001" HPOS="250" VPOS="281" WIDTH="2165" HEIGHT="3318">
				<TextBlock ID="P38_TB00002" HPOS="250" VPOS="376" WIDTH="2165" HEIGHT="2971" STYLEREFS="TXT_1 PAR_BLOCK">
					<TextLine ID="P38_TL00002" HPOS="258" VPOS="376" WIDTH="2143" HEIGHT="71">
						<String ID="P38_ST00002" HPOS="258" VPOS="377" WIDTH="81" HEIGHT="56" CONTENT="de" WC="0.44" CC="46" STYLEREFS="TXT_2"/>
						<SP ID="P38_SP00001" HPOS="339" VPOS="433" WIDTH="24"/>
						<String ID="P38_ST00003" HPOS="363" VPOS="379" WIDTH="300" HEIGHT="67" CONTENT="pouvoir" WC="0.97" CC="9535475" STYLEREFS="TXT_2"/>
						<SP ID="P38_SP00002" HPOS="663" VPOS="446" WIDTH="26"/>
						<String ID="P38_ST00004" HPOS="689" VPOS="377" WIDTH="192" HEIGHT="70" CONTENT="faire" WC="0.96" CC="44665" STYLEREFS="TXT_2"/>
						<SP ID="P38_SP00003" HPOS="881" VPOS="447" WIDTH="32"/>
						<String ID="P38_ST00005" HPOS="913" VPOS="394" WIDTH="73" HEIGHT="44" CONTENT="ce" WC="0.81" CC="03" STYLEREFS="TXT_2"/>
						<SP ID="P38_SP00004" HPOS="986" VPOS="447" WIDTH="28"/>
						<String ID="P38_ST00006" HPOS="1014" VPOS="383" WIDTH="266" HEIGHT="57" CONTENT="travail" WC="0.99" CC="4506200" STYLEREFS="TXT_2"/>
						<SP ID="P38_SP00005" HPOS="1280" VPOS="447" WIDTH="29"/>
						<String ID="P38_ST00007" HPOS="1309" VPOS="393" WIDTH="169" HEIGHT="45" CONTENT="sans" WC="0.97" CC="5062" STYLEREFS="TXT_2"/>
						<SP ID="P38_SP00006" HPOS="1478" VPOS="447" WIDTH="39"/>
						<String ID="P38_ST00008" HPOS="1517" VPOS="394" WIDTH="88" HEIGHT="43" CONTENT="en" WC="0.32" CC="57" STYLEREFS="TXT_2"/>
						<SP ID="P38_SP00007" HPOS="1605" VPOS="447" WIDTH="43"/>
						<String ID="P38_ST00009" HPOS="1648" VPOS="380" WIDTH="385" HEIGHT="58" CONTENT="demander" WC="0.98" CC="45500457" STYLEREFS="TXT_2"/>
						<SP ID="P38_SP00008" HPOS="2033" VPOS="447" WIDTH="50"/>
						<String ID="P38_ST00010" HPOS="2083" VPOS="376" WIDTH="279" HEIGHT="60" CONTENT="Vautori" SUBS_TYPE="HypPart1" SUBS_CONTENT="Vautorisation" WC="0.40" CC="5070500" STYLEREFS="TXT_2"/>
						<HYP HPOS="2362" VPOS="376" WIDTH="39" CONTENT="-"/>
					</TextLine>
					<TextLine ID="P38_TL00003" HPOS="266" VPOS="459" WIDTH="2133" HEIGHT="70">
						<String ID="P38_ST00011" HPOS="266" VPOS="459" WIDTH="232" HEIGHT="56" CONTENT="sation" SUBS_TYPE="HypPart2" SUBS_CONTENT="Vautorisation" WC="0.99" CC="403400" STYLEREFS="TXT_2"/>
						<SP ID="P38_SP00009" HPOS="498" VPOS="515" WIDTH="21"/>
						<String ID="P38_ST00012" HPOS="519" VPOS="470" WIDTH="97" HEIGHT="45" CONTENT="au" WC="0.59" CC="08" STYLEREFS="TXT_2"/>
						<SP ID="P38_SP00010" HPOS="616" VPOS="515" WIDTH="19"/>
						<String ID="P38_ST00013" HPOS="635" VPOS="459" WIDTH="489" HEIGHT="67" CONTENT="propriétaire" WC="0.99" CC="605656703036" STYLEREFS="TXT_2"/>
						<SP ID="P38_SP00011" HPOS="1124" VPOS="526" WIDTH="34"/>
						<String ID="P38_ST00014" HPOS="1158" VPOS="463" WIDTH="62" HEIGHT="55" CONTENT="et" WC="0.39" CC="38" STYLEREFS="TXT_2"/>
						<SP ID="P38_SP00012" HPOS="1220" VPOS="526" WIDTH="24"/>
						<String ID="P38_ST00015" HPOS="1244" VPOS="475" WIDTH="98" HEIGHT="43" CONTENT="au" WC="0.65" CC="06" STYLEREFS="TXT_2"/>
						<SP ID="P38_SP00013" HPOS="1342" VPOS="526" WIDTH="302"/>
						<String ID="P38_ST00016" HPOS="1644" VPOS="503" WIDTH="16" HEIGHT="26" CONTENT="," WC="0.59" CC="4" STYLEREFS="TXT_2"/>
						<SP ID="P38_SP00014" HPOS="1660" VPOS="529" WIDTH="36"/>
						<String ID="P38_ST00017" HPOS="1696" VPOS="461" WIDTH="65" HEIGHT="56" CONTENT="et" WC="0.39" CC="38" STYLEREFS="TXT_2"/>
						<SP ID="P38_SP00015" HPOS="1761" VPOS="529" WIDTH="38"/>
						<String ID="P38_ST00018" HPOS="1799" VPOS="473" WIDTH="167" HEIGHT="44" CONTENT="sans" WC="0.97" CC="3603" STYLEREFS="TXT_2"/>
						<SP ID="P38_SP00016" HPOS="1966" VPOS="529" WIDTH="24"/>
						<String ID="P38_ST00019" HPOS="1990" VPOS="471" WIDTH="226" HEIGHT="58" CONTENT="payer" WC="0.98" CC="90260" STYLEREFS="TXT_2"/>
						<SP ID="P38_SP00017" HPOS="2216" VPOS="529" WIDTH="29"/>
						<String ID="P38_ST00020" HPOS="2245" VPOS="470" WIDTH="154" HEIGHT="45" CONTENT="aux" WC="0.95" CC="086" STYLEREFS="TXT_2"/>
					</TextLine>
					<TextLine ID="P38_TL00004" HPOS="259" VPOS="537" WIDTH="2141" HEIGHT="72">
						<String ID="P38_ST00021" HPOS="259" VPOS="548" WIDTH="477" HEIGHT="57" CONTENT="accapareurs" WC="0.99" CC="04500506600" STYLEREFS="TXT_2"/>
						<SP ID="P38_SP00018" HPOS="736" VPOS="605" WIDTH="31"/>
						<String ID="P38_ST00022" HPOS="767" VPOS="540" WIDTH="80" HEIGHT="55" CONTENT="de" WC="0.78" CC="04" STYLEREFS="TXT_2"/>
						<SP ID="P38_SP00019" HPOS="847" VPOS="605" WIDTH="38"/>
						<String ID="P38_ST00023" HPOS="885" VPOS="543" WIDTH="67" HEIGHT="55" CONTENT="la" WC="1.00" CC="00" STYLEREFS="TXT_2"/>
						<SP ID="P38_SP00020" HPOS="952" VPOS="605" WIDTH="33"/>
						<String ID="P38_ST00024" HPOS="985" VPOS="543" WIDTH="189" HEIGHT="57" CONTENT="tome" WC="0.94" CC="5876" STYLEREFS="TXT_2"/>
						<SP ID="P38_SP00021" HPOS="1174" VPOS="605" WIDTH="33"/>
						<String ID="P38_ST00025" HPOS="1207" VPOS="543" WIDTH="65" HEIGHT="55" CONTENT="et" WC="0.76" CC="40" STYLEREFS="TXT_2"/>
						<SP ID="P38_SP00022" HPOS="1272" VPOS="605" WIDTH="29"/>
						<String ID="P38_ST00026" HPOS="1301" VPOS="541" WIDTH="113" HEIGHT="56" CONTENT="des" WC="0.97" CC="430" STYLEREFS="TXT_2"/>
						<SP ID="P38_SP00023" HPOS="1414" VPOS="605" WIDTH="37"/>
						<String ID="P38_ST00027" HPOS="1451" VPOS="540" WIDTH="357" HEIGHT="57" CONTENT="machines" WC="0.98" CC="37725050" STYLEREFS="TXT_2"/>
						<SP ID="P38_SP00024" HPOS="1808" VPOS="605" WIDTH="36"/>
						<String ID="P38_ST00028" HPOS="1844" VPOS="541" WIDTH="65" HEIGHT="56" CONTENT="la" WC="1.00" CC="00" STYLEREFS="TXT_2"/>
						<SP ID="P38_SP00025" HPOS="1909" VPOS="605" WIDTH="22"/>
						<String ID="P38_ST00029" HPOS="1931" VPOS="540" WIDTH="176" HEIGHT="69" CONTENT="part" WC="0.96" CC="9008" STYLEREFS="TXT_2"/>
						<SP ID="P38_SP00026" HPOS="2107" VPOS="609" WIDTH="26"/>
						<String ID="P38_ST00030" HPOS="2133" VPOS="539" WIDTH="96" HEIGHT="54" CONTENT="du" WC="0.31" CC="66" STYLEREFS="TXT_2"/>
						<SP ID="P38_SP00027" HPOS="2229" VPOS="609" WIDTH="29"/>
						<String ID="P38_ST00031" HPOS="2258" VPOS="537" WIDTH="142" HEIGHT="56" CONTENT="lion" WC="0.97" CC="0516" STYLEREFS="TXT_2"/>
					</TextLine>
					<TextLine ID="P38_TL00005" HPOS="251" VPOS="616" WIDTH="1099" HEIGHT="75">
						<String ID="P38_ST00032" HPOS="251" VPOS="626" WIDTH="136" HEIGHT="47" CONTENT="sur" WC="0.95" CC="650" STYLEREFS="TXT_2"/>
						<SP ID="P38_SP00028" HPOS="387" VPOS="673" WIDTH="29"/>
						<String ID="P38_ST00033" HPOS="416" VPOS="616" WIDTH="150" HEIGHT="57" CONTENT="tout" WC="0.97" CC="2480" STYLEREFS="TXT_2"/>
						<SP ID="P38_SP00029" HPOS="566" VPOS="673" WIDTH="42"/>
						<String ID="P38_ST00034" HPOS="608" VPOS="630" WIDTH="71" HEIGHT="45" CONTENT="ce" WC="0.46" CC="45" STYLEREFS="TXT_2"/>
						<SP ID="P38_SP00030" HPOS="679" VPOS="675" WIDTH="36"/>
						<String ID="P38_ST00035" HPOS="715" VPOS="620" WIDTH="169" HEIGHT="69" CONTENT="qu'il" WC="0.97" CC="80055" STYLEREFS="TXT_2"/>
						<SP ID="P38_SP00031" HPOS="884" VPOS="689" WIDTH="29"/>
						<String ID="P38_ST00036" HPOS="913" VPOS="623" WIDTH="354" HEIGHT="68" CONTENT="produira" WC="0.99" CC="80500090" STYLEREFS="TXT_2"/>
						<SP ID="P38_SP00032" HPOS="1267" VPOS="691" WIDTH="28"/>
						<String ID="P38_ST00037" HPOS="1295" VPOS="637" WIDTH="55" HEIGHT="40" CONTENT="»." WC="0.74" CC="40" STYLEREFS="TXT_2"/>
					</TextLine>
					<TextLine ID="P38_TL00006" HPOS="336" VPOS="692" WIDTH="2064" HEIGHT="82">
						<String ID="P38_ST00038" HPOS="336" VPOS="694" WIDTH="84" HEIGHT="59" CONTENT="Et" WC="0.62" CC="25"/>
						<SP ID="P38_SP00033" HPOS="420" VPOS="753" WIDTH="43"/>
						<String ID="P38_ST00039" HPOS="463" VPOS="694" WIDTH="47" HEIGHT="59" CONTENT="ii" WC="0.76" CC="04"/>
						<SP ID="P38_SP00034" HPOS="510" VPOS="753" WIDTH="47"/>
						<String ID="P38_ST00040" HPOS="557" VPOS="711" WIDTH="82" HEIGHT="42" CONTENT="ne" WC="0.65" CC="42"/>
						<SP ID="P38_SP00035" HPOS="639" VPOS="753" WIDTH="59"/>
						<String ID="P38_ST00041" HPOS="698" VPOS="695" WIDTH="144" HEIGHT="61" CONTENT="faut" WC="0.94" CC="4689"/>
						<SP ID="P38_SP00036" HPOS="842" VPOS="756" WIDTH="58"/>
						<String ID="P38_ST00042" HPOS="900" VPOS="715" WIDTH="117" HEIGHT="59" CONTENT="pas" WC="0.94" CC="546"/>
						<SP ID="P38_SP00037" HPOS="1017" VPOS="774" WIDTH="60"/>
						<String ID="P38_ST00043" HPOS="1077" VPOS="696" WIDTH="564" HEIGHT="78" CONTENT="d'expropriation" WC="0.99" CC="621547636107674"/>
						<SP ID="P38_SP00038" HPOS="1641" VPOS="774" WIDTH="43"/>
						<String ID="P38_ST00044" HPOS="1684" VPOS="695" WIDTH="331" HEIGHT="79" CONTENT="partielle," WC="0.99" CC="9006611344"/>
						<SP ID="P38_SP00039" HPOS="2015" VPOS="774" WIDTH="56"/>
						<String ID="P38_ST00045" HPOS="2071" VPOS="711" WIDTH="70" HEIGHT="44" CONTENT="ce" WC="0.36" CC="56"/>
						<SP ID="P38_SP00040" HPOS="2141" VPOS="774" WIDTH="57"/>
						<String ID="P38_ST00046" HPOS="2198" VPOS="692" WIDTH="202" HEIGHT="61" CONTENT="serait" WC="0.99" CC="150000"/>
					</TextLine>
					<TextLine ID="P38_TL00007" HPOS="259" VPOS="775" WIDTH="2141" HEIGHT="80">
						<String ID="P38_ST00047" HPOS="259" VPOS="789" WIDTH="225" HEIGHT="44" CONTENT="œuvre" WC="0.98" CC="16004"/>
						<SP ID="P38_SP00041" HPOS="484" VPOS="833" WIDTH="33"/>
						<String ID="P38_ST00048" HPOS="517" VPOS="775" WIDTH="265" HEIGHT="74" CONTENT="inutile," WC="0.98" CC="00716644"/>
						<SP ID="P38_SP00042" HPOS="782" VPOS="849" WIDTH="24"/>
						<String ID="P38_ST00049" HPOS="806" VPOS="779" WIDTH="287" HEIGHT="76" CONTENT="puisque" WC="0.99" CC="0005400"/>
						<SP ID="P38_SP00043" HPOS="1093" VPOS="855" WIDTH="31"/>
						<String ID="P38_ST00050" HPOS="1124" VPOS="779" WIDTH="222" HEIGHT="58" CONTENT="toutes" WC="0.97" CC="276658"/>
						<SP ID="P38_SP00044" HPOS="1346" VPOS="855" WIDTH="30"/>
						<String ID="P38_ST00051" HPOS="1376" VPOS="777" WIDTH="98" HEIGHT="59" CONTENT="les" WC="0.98" CC="022"/>
						<SP ID="P38_SP00045" HPOS="1474" VPOS="855" WIDTH="33"/>
						<String ID="P38_ST00052" HPOS="1507" VPOS="775" WIDTH="249" HEIGHT="61" CONTENT="formes" WC="0.98" CC="320434"/>
						<SP ID="P38_SP00046" HPOS="1756" VPOS="855" WIDTH="34"/>
						<String ID="P38_ST00053" HPOS="1790" VPOS="775" WIDTH="505" HEIGHT="77" CONTENT="d'exploitation" WC="0.99" CC="53040863200438"/>
						<SP ID="P38_SP00047" HPOS="2295" VPOS="855" WIDTH="34"/>
						<String ID="P38_ST00054" HPOS="2329" VPOS="789" WIDTH="71" HEIGHT="43" CONTENT="se" WC="0.57" CC="16"/>
					</TextLine>
					<TextLine ID="P38_TL00008" HPOS="259" VPOS="854" WIDTH="2141" HEIGHT="80">
						<String ID="P38_ST00055" HPOS="259" VPOS="854" WIDTH="434" HEIGHT="61" CONTENT="soutiennent" WC="1.00" CC="44700100000"/>
						<SP ID="P38_SP00048" HPOS="693" VPOS="915" WIDTH="31"/>
						<String ID="P38_ST00056" HPOS="724" VPOS="857" WIDTH="64" HEIGHT="59" CONTENT="et" WC="0.81" CC="30"/>
						<SP ID="P38_SP00049" HPOS="788" VPOS="916" WIDTH="28"/>
						<String ID="P38_ST00057" HPOS="816" VPOS="857" WIDTH="226" HEIGHT="60" CONTENT="vivent" WC="0.98" CC="400604"/>
						<SP ID="P38_SP00050" HPOS="1042" VPOS="917" WIDTH="30"/>
						<String ID="P38_ST00058" HPOS="1072" VPOS="857" WIDTH="180" HEIGHT="60" CONTENT="l'une" WC="0.97" CC="14783"/>
						<SP ID="P38_SP00051" HPOS="1252" VPOS="917" WIDTH="30"/>
						<String ID="P38_ST00059" HPOS="1282" VPOS="874" WIDTH="119" HEIGHT="60" CONTENT="par" WC="1.00" CC="000"/>
						<SP ID="P38_SP00052" HPOS="1401" VPOS="934" WIDTH="25"/>
						<String ID="P38_ST00060" HPOS="1426" VPOS="856" WIDTH="269" HEIGHT="73" CONTENT="l'autre;" WC="0.99" CC="03005905"/>
						<SP ID="P38_SP00053" HPOS="1695" VPOS="934" WIDTH="33"/>
						<String ID="P38_ST00061" HPOS="1728" VPOS="873" WIDTH="70" HEIGHT="43" CONTENT="ce" WC="0.88" CC="20"/>
						<SP ID="P38_SP00054" HPOS="1798" VPOS="934" WIDTH="31"/>
						<String ID="P38_ST00062" HPOS="1829" VPOS="873" WIDTH="125" HEIGHT="59" CONTENT="que" WC="0.96" CC="902"/>
						<SP ID="P38_SP00055" HPOS="1954" VPOS="934" WIDTH="36"/>
						<String ID="P38_ST00063" HPOS="1990" VPOS="855" WIDTH="326" HEIGHT="60" CONTENT="demande" WC="0.99" CC="0050203"/>
						<SP ID="P38_SP00056" HPOS="2316" VPOS="934" WIDTH="22"/>
						<String ID="P38_ST00064" HPOS="2338" VPOS="854" WIDTH="62" HEIGHT="58" CONTENT="le" WC="0.60" CC="43"/>
					</TextLine>
					<TextLine ID="P38_TL00009" HPOS="258" VPOS="934" WIDTH="2141" HEIGHT="77">
						<String ID="P38_ST00065" HPOS="258" VPOS="935" WIDTH="492" HEIGHT="61" CONTENT="communisme" WC="0.99" CC="4300700402"/>
						<SP ID="P38_SP00057" HPOS="750" VPOS="996" WIDTH="35"/>
						<String ID="P38_ST00066" HPOS="785" VPOS="939" WIDTH="373" HEIGHT="59" CONTENT="anarchiste" WC="0.99" CC="0009390575"/>
						<SP ID="P38_SP00058" HPOS="1158" VPOS="998" WIDTH="42"/>
						<String ID="P38_ST00067" HPOS="1200" VPOS="938" WIDTH="156" HEIGHT="58" CONTENT="c'est" WC="0.98" CC="42400"/>
						<SP ID="P38_SP00059" HPOS="1356" VPOS="998" WIDTH="32"/>
						<String ID="P38_ST00068" HPOS="1388" VPOS="953" WIDTH="131" HEIGHT="43" CONTENT="non" WC="0.99" CC="030"/>
						<SP ID="P38_SP00060" HPOS="1519" VPOS="998" WIDTH="33"/>
						<String ID="P38_ST00069" HPOS="1552" VPOS="936" WIDTH="373" HEIGHT="60" CONTENT="seulement" WC="0.99" CC="107350009"/>
						<SP ID="P38_SP00061" HPOS="1925" VPOS="998" WIDTH="38"/>
						<String ID="P38_ST00070" HPOS="1963" VPOS="934" WIDTH="400" HEIGHT="77" CONTENT="l'expropria" SUBS_TYPE="HypPart1" SUBS_CONTENT="l'expropriation" WC="1.00" CC="40400030000"/>
						<HYP HPOS="2363" VPOS="934" WIDTH="36" CONTENT="-"/>
					</TextLine>
					<TextLine ID="P38_TL00010" HPOS="255" VPOS="1015" WIDTH="2144" HEIGHT="74">
						<String ID="P38_ST00071" HPOS="255" VPOS="1015" WIDTH="145" HEIGHT="60" CONTENT="tion" SUBS_TYPE="HypPart2" SUBS_CONTENT="l'expropriation" WC="0.99" CC="0400"/>
						<SP ID="P38_SP00062" HPOS="400" VPOS="1075" WIDTH="32"/>
						<String ID="P38_ST00072" HPOS="432" VPOS="1015" WIDTH="87" HEIGHT="60" CONTENT="du" WC="0.64" CC="07"/>
						<SP ID="P38_SP00063" HPOS="519" VPOS="1075" WIDTH="36"/>
						<String ID="P38_ST00073" HPOS="555" VPOS="1015" WIDTH="124" HEIGHT="72" CONTENT="sol," WC="0.96" CC="4444"/>
						<SP ID="P38_SP00064" HPOS="679" VPOS="1087" WIDTH="37"/>
						<String ID="P38_ST00074" HPOS="716" VPOS="1018" WIDTH="90" HEIGHT="58" CONTENT="du" WC="1.00" CC="00"/>
						<SP ID="P38_SP00065" HPOS="806" VPOS="1087" WIDTH="33"/>
						<String ID="P38_ST00075" HPOS="839" VPOS="1019" WIDTH="318" HEIGHT="70" CONTENT="sous-sol," WC="0.99" CC="840600544"/>
						<SP ID="P38_SP00066" HPOS="1157" VPOS="1089" WIDTH="30"/>
						<String ID="P38_ST00076" HPOS="1187" VPOS="1019" WIDTH="79" HEIGHT="57" CONTENT="de" WC="0.75" CC="04"/>
						<SP ID="P38_SP00067" HPOS="1266" VPOS="1089" WIDTH="49"/>
						<String ID="P38_ST00077" HPOS="1315" VPOS="1016" WIDTH="243" HEIGHT="60" CONTENT="l'usine" WC="0.98" CC="5301575"/>
						<SP ID="P38_SP00068" HPOS="1558" VPOS="1089" WIDTH="36"/>
						<String ID="P38_ST00078" HPOS="1594" VPOS="1018" WIDTH="62" HEIGHT="57" CONTENT="et" WC="0.74" CC="50"/>
						<SP ID="P38_SP00069" HPOS="1656" VPOS="1089" WIDTH="51"/>
						<String ID="P38_ST00079" HPOS="1707" VPOS="1018" WIDTH="80" HEIGHT="58" CONTENT="de" WC="0.78" CC="04"/>
						<SP ID="P38_SP00070" HPOS="1787" VPOS="1089" WIDTH="30"/>
						<String ID="P38_ST00080" HPOS="1817" VPOS="1016" WIDTH="66" HEIGHT="60" CONTENT="la" WC="0.61" CC="43"/>
						<SP ID="P38_SP00071" HPOS="1883" VPOS="1089" WIDTH="50"/>
						<String ID="P38_ST00081" HPOS="1933" VPOS="1015" WIDTH="466" HEIGHT="60" CONTENT="manufacture" WC="0.99" CC="00065007705"/>
					</TextLine>
					<TextLine ID="P38_TL00011" HPOS="259" VPOS="1094" WIDTH="2141" HEIGHT="77">
						<String ID="P38_ST00082" HPOS="259" VPOS="1111" WIDTH="129" HEIGHT="60" CONTENT="que" WC="0.97" CC="600"/>
						<SP ID="P38_SP00072" HPOS="388" VPOS="1171" WIDTH="33"/>
						<String ID="P38_ST00083" HPOS="421" VPOS="1095" WIDTH="157" HEIGHT="61" CONTENT="bien" WC="0.97" CC="7007"/>
						<SP ID="P38_SP00073" HPOS="578" VPOS="1171" WIDTH="31"/>
						<String ID="P38_ST00084" HPOS="609" VPOS="1096" WIDTH="118" HEIGHT="59" CONTENT="des" WC="0.96" CC="046"/>
						<SP ID="P38_SP00074" HPOS="727" VPOS="1171" WIDTH="33"/>
						<String ID="P38_ST00085" HPOS="760" VPOS="1098" WIDTH="472" HEIGHT="59" CONTENT="collectivistes" WC="0.99" CC="53770664000651"/>
						<SP ID="P38_SP00075" HPOS="1232" VPOS="1171" WIDTH="30"/>
						<String ID="P38_ST00086" HPOS="1262" VPOS="1096" WIDTH="502" HEIGHT="60" CONTENT="reconnaissent" WC="0.99" CC="0164009202003"/>
						<SP ID="P38_SP00076" HPOS="1764" VPOS="1171" WIDTH="30"/>
						<String ID="P38_ST00087" HPOS="1794" VPOS="1095" WIDTH="400" HEIGHT="70" CONTENT="nécessaire," WC="0.99" CC="02222306014"/>
						<SP ID="P38_SP00077" HPOS="2194" VPOS="1171" WIDTH="35"/>
						<String ID="P38_ST00088" HPOS="2229" VPOS="1094" WIDTH="171" HEIGHT="58" CONTENT="mais" WC="0.99" CC="0007"/>
					</TextLine>
					<TextLine ID="P38_TL00012" HPOS="259" VPOS="1174" WIDTH="2137" HEIGHT="75">
						<String ID="P38_ST00089" HPOS="259" VPOS="1192" WIDTH="233" HEIGHT="44" CONTENT="encore" WC="0.98" CC="303390"/>
						<SP ID="P38_SP00078" HPOS="492" VPOS="1236" WIDTH="36"/>
						<String ID="P38_ST00090" HPOS="528" VPOS="1175" WIDTH="160" HEIGHT="60" CONTENT="celle" WC="0.97" CC="40554"/>
						<SP ID="P38_SP00079" HPOS="688" VPOS="1236" WIDTH="29"/>
						<String ID="P38_ST00091" HPOS="717" VPOS="1176" WIDTH="79" HEIGHT="59" CONTENT="de" WC="1.00" CC="00"/>
						<SP ID="P38_SP00080" HPOS="796" VPOS="1236" WIDTH="32"/>
						<String ID="P38_ST00092" HPOS="828" VPOS="1176" WIDTH="65" HEIGHT="60" CONTENT="la" WC="0.78" CC="40"/>
						<SP ID="P38_SP00081" HPOS="893" VPOS="1236" WIDTH="19"/>
						<String ID="P38_ST00093" HPOS="912" VPOS="1178" WIDTH="402" HEIGHT="71" CONTENT="nourriture," WC="0.99" CC="06600177044"/>
						<SP ID="P38_SP00082" HPOS="1314" VPOS="1249" WIDTH="32"/>
						<String ID="P38_ST00094" HPOS="1346" VPOS="1178" WIDTH="89" HEIGHT="58" CONTENT="du" WC="1.00" CC="00"/>
						<SP ID="P38_SP00083" HPOS="1435" VPOS="1249" WIDTH="20"/>
						<String ID="P38_ST00095" HPOS="1455" VPOS="1176" WIDTH="361" HEIGHT="71" CONTENT="vêtement," WC="0.99" CC="060000604"/>
						<SP ID="P38_SP00084" HPOS="1816" VPOS="1249" WIDTH="25"/>
						<String ID="P38_ST00096" HPOS="1841" VPOS="1176" WIDTH="79" HEIGHT="60" CONTENT="de" WC="0.80" CC="04"/>
						<SP ID="P38_SP00085" HPOS="1920" VPOS="1249" WIDTH="29"/>
						<String ID="P38_ST00097" HPOS="1949" VPOS="1174" WIDTH="447" HEIGHT="61" CONTENT="l'habitation." WC="0.99" CC="5370720000604"/>
					</TextLine>
					<TextLine ID="P38_TL00013" HPOS="260" VPOS="1255" WIDTH="2141" HEIGHT="80">
						<String ID="P38_ST00098" HPOS="260" VPOS="1255" WIDTH="352" HEIGHT="60" CONTENT="Gomment" WC="1.00" CC="6000000"/>
						<SP ID="P38_SP00086" HPOS="612" VPOS="1315" WIDTH="32"/>
						<String ID="P38_ST00099" HPOS="644" VPOS="1273" WIDTH="68" HEIGHT="42" CONTENT="se" WC="0.83" CC="03"/>
						<SP ID="P38_SP00087" HPOS="712" VPOS="1315" WIDTH="33"/>
						<String ID="P38_ST00100" HPOS="745" VPOS="1256" WIDTH="141" HEIGHT="60" CONTENT="fera" WC="0.98" CC="4500"/>
						<SP ID="P38_SP00088" HPOS="886" VPOS="1316" WIDTH="32"/>
						<String ID="P38_ST00101" HPOS="918" VPOS="1260" WIDTH="165" HEIGHT="56" CONTENT="cette" WC="0.96" CC="24971"/>
						<SP ID="P38_SP00089" HPOS="1083" VPOS="1316" WIDTH="46"/>
						<String ID="P38_ST00102" HPOS="1129" VPOS="1255" WIDTH="541" HEIGHT="80" CONTENT="expropriation?" WC="0.99" CC="10964095530305"/>
						<SP ID="P38_SP00090" HPOS="1670" VPOS="1335" WIDTH="30"/>
						<String ID="P38_ST00103" HPOS="1700" VPOS="1256" WIDTH="170" HEIGHT="60" CONTENT="Sans" WC="0.99" CC="6000"/>
						<SP ID="P38_SP00091" HPOS="1870" VPOS="1335" WIDTH="31"/>
						<String ID="P38_ST00104" HPOS="1901" VPOS="1256" WIDTH="119" HEIGHT="59" CONTENT="nul" WC="0.96" CC="064"/>
						<SP ID="P38_SP00092" HPOS="2020" VPOS="1335" WIDTH="32"/>
						<String ID="P38_ST00105" HPOS="2052" VPOS="1256" WIDTH="198" HEIGHT="59" CONTENT="doute" WC="0.99" CC="05002"/>
						<SP ID="P38_SP00093" HPOS="2250" VPOS="1335" WIDTH="32"/>
						<String ID="P38_ST00106" HPOS="2282" VPOS="1270" WIDTH="119" HEIGHT="60" CONTENT="par" WC="0.96" CC="900"/>
					</TextLine>
					<TextLine ID="P38_TL00014" HPOS="259" VPOS="1336" WIDTH="2137" HEIGHT="76">
						<String ID="P38_ST00107" HPOS="259" VPOS="1353" WIDTH="132" HEIGHT="42" CONTENT="une" WC="0.97" CC="060"/>
						<SP ID="P38_SP00094" HPOS="391" VPOS="1395" WIDTH="57"/>
						<String ID="P38_ST00108" HPOS="448" VPOS="1336" WIDTH="400" HEIGHT="60" CONTENT="révolution." WC="0.99" CC="61026660504"/>
						<SP ID="P38_SP00095" HPOS="848" VPOS="1396" WIDTH="50"/>
						<String ID="P38_ST00109" HPOS="898" VPOS="1336" WIDTH="172" HEIGHT="60" CONTENT="Mais" WC="0.98" CC="0044"/>
						<SP ID="P38_SP00096" HPOS="1070" VPOS="1396" WIDTH="51"/>
						<String ID="P38_ST00110" HPOS="1121" VPOS="1354" WIDTH="71" HEIGHT="43" CONTENT="ce" WC="0.38" CC="65"/>
						<SP ID="P38_SP00097" HPOS="1192" VPOS="1397" WIDTH="40"/>
						<String ID="P38_ST00111" HPOS="1232" VPOS="1340" WIDTH="137" HEIGHT="56" CONTENT="mot" WC="1.00" CC="000"/>
						<SP ID="P38_SP00098" HPOS="1369" VPOS="1397" WIDTH="44"/>
						<String ID="P38_ST00112" HPOS="1413" VPOS="1354" WIDTH="81" HEIGHT="42" CONTENT="ne" WC="0.69" CC="06"/>
						<SP ID="P38_SP00099" HPOS="1494" VPOS="1397" WIDTH="56"/>
						<String ID="P38_ST00113" HPOS="1550" VPOS="1336" WIDTH="143" HEIGHT="60" CONTENT="doit" WC="0.99" CC="0104"/>
						<SP ID="P38_SP00100" HPOS="1693" VPOS="1397" WIDTH="49"/>
						<String ID="P38_ST00114" HPOS="1742" VPOS="1336" WIDTH="285" HEIGHT="76" CONTENT="effrayer" WC="0.99" CC="47600240"/>
						<SP ID="P38_SP00101" HPOS="2027" VPOS="1412" WIDTH="40"/>
						<String ID="P38_ST00115" HPOS="2067" VPOS="1350" WIDTH="329" HEIGHT="62" CONTENT="personne" WC="0.99" CC="04065000"/>
					</TextLine>
					<TextLine ID="P38_TL00015" HPOS="256" VPOS="1414" WIDTH="2136" HEIGHT="80">
						<String ID="P38_ST00116" HPOS="256" VPOS="1416" WIDTH="470" HEIGHT="76" CONTENT="puisquedous" WC="0.59" CC="46100742664"/>
						<SP ID="P38_SP00102" HPOS="726" VPOS="1492" WIDTH="42"/>
						<String ID="P38_ST00117" HPOS="768" VPOS="1416" WIDTH="99" HEIGHT="60" CONTENT="les" WC="0.97" CC="240"/>
						<SP ID="P38_SP00103" HPOS="867" VPOS="1492" WIDTH="32"/>
						<String ID="P38_ST00118" HPOS="899" VPOS="1419" WIDTH="564" HEIGHT="75" CONTENT="gouvernements" WC="0.99" CC="6560100601826"/>
						<SP ID="P38_SP00104" HPOS="1463" VPOS="1494" WIDTH="35"/>
						<String ID="P38_ST00119" HPOS="1498" VPOS="1416" WIDTH="80" HEIGHT="60" CONTENT="de" WC="0.68" CC="06"/>
						<SP ID="P38_SP00105" HPOS="1578" VPOS="1494" WIDTH="35"/>
						<String ID="P38_ST00120" HPOS="1613" VPOS="1434" WIDTH="69" HEIGHT="43" CONTENT="ce" WC="0.54" CC="26"/>
						<SP ID="P38_SP00106" HPOS="1682" VPOS="1494" WIDTH="33"/>
						<String ID="P38_ST00121" HPOS="1715" VPOS="1416" WIDTH="225" HEIGHT="73" CONTENT="siècle," WC="0.98" CC="0047634"/>
						<SP ID="P38_SP00107" HPOS="1940" VPOS="1494" WIDTH="46"/>
						<String ID="P38_ST00122" HPOS="1986" VPOS="1414" WIDTH="406" HEIGHT="72" CONTENT="monarchie," WC="0.99" CC="0500066613"/>
					</TextLine>
					<TextLine ID="P38_TL00016" HPOS="256" VPOS="1494" WIDTH="2141" HEIGHT="80">
						<String ID="P38_ST00123" HPOS="256" VPOS="1495" WIDTH="252" HEIGHT="76" CONTENT="empire" WC="0.99" CC="400006"/>
						<SP ID="P38_SP00108" HPOS="508" VPOS="1571" WIDTH="31"/>
						<String ID="P38_ST00124" HPOS="539" VPOS="1513" WIDTH="86" HEIGHT="42" CONTENT="ou" WC="0.31" CC="66"/>
						<SP ID="P38_SP00109" HPOS="625" VPOS="1571" WIDTH="33"/>
						<String ID="P38_ST00125" HPOS="658" VPOS="1495" WIDTH="401" HEIGHT="79" CONTENT="république" WC="0.99" CC="9000667004"/>
						<SP ID="P38_SP00110" HPOS="1059" VPOS="1574" WIDTH="34"/>
						<String ID="P38_ST00126" HPOS="1093" VPOS="1500" WIDTH="113" HEIGHT="56" CONTENT="ont" WC="0.98" CC="120"/>
						<SP ID="P38_SP00111" HPOS="1206" VPOS="1574" WIDTH="36"/>
						<String ID="P38_ST00127" HPOS="1242" VPOS="1499" WIDTH="160" HEIGHT="57" CONTENT="tenu" WC="0.98" CC="0206"/>
						<SP ID="P38_SP00112" HPOS="1402" VPOS="1574" WIDTH="30"/>
						<String ID="P38_ST00128" HPOS="1432" VPOS="1496" WIDTH="148" HEIGHT="60" CONTENT="leur" WC="0.96" CC="5680"/>
						<SP ID="P38_SP00113" HPOS="1580" VPOS="1574" WIDTH="29"/>
						<String ID="P38_ST00129" HPOS="1609" VPOS="1496" WIDTH="286" HEIGHT="78" CONTENT="pouvoir" WC="0.98" CC="9000228"/>
						<SP ID="P38_SP00114" HPOS="1895" VPOS="1574" WIDTH="29"/>
						<String ID="P38_ST00130" HPOS="1924" VPOS="1496" WIDTH="78" HEIGHT="60" CONTENT="de" WC="0.70" CC="05"/>
						<SP ID="P38_SP00115" HPOS="2002" VPOS="1574" WIDTH="31"/>
						<String ID="P38_ST00131" HPOS="2033" VPOS="1496" WIDTH="66" HEIGHT="59" CONTENT="la" WC="1.00" CC="00"/>
						<SP ID="P38_SP00116" HPOS="2099" VPOS="1574" WIDTH="39"/>
						<String ID="P38_ST00132" HPOS="2138" VPOS="1494" WIDTH="222" HEIGHT="59" CONTENT="révolu" SUBS_TYPE="HypPart1" SUBS_CONTENT="révolution." WC="0.99" CC="060050"/>
						<HYP HPOS="2360" VPOS="1494" WIDTH="37" CONTENT="-"/>
					</TextLine>
					<TextLine ID="P38_TL00017" HPOS="255" VPOS="1575" WIDTH="2145" HEIGHT="69">
						<String ID="P38_ST00133" HPOS="255" VPOS="1575" WIDTH="165" HEIGHT="60" CONTENT="tion." SUBS_TYPE="HypPart2" SUBS_CONTENT="révolution." WC="0.98" CC="30264"/>
						<SP ID="P38_SP00117" HPOS="420" VPOS="1635" WIDTH="34"/>
						<String ID="P38_ST00134" HPOS="454" VPOS="1575" WIDTH="408" HEIGHT="69" CONTENT="Seulement," WC="0.99" CC="6285406003"/>
						<SP ID="P38_SP00118" HPOS="862" VPOS="1644" WIDTH="36"/>
						<String ID="P38_ST00135" HPOS="898" VPOS="1576" WIDTH="47" HEIGHT="60" CONTENT="il" WC="0.63" CC="06"/>
						<SP ID="P38_SP00119" HPOS="945" VPOS="1644" WIDTH="29"/>
						<String ID="P38_ST00136" HPOS="974" VPOS="1576" WIDTH="239" HEIGHT="60" CONTENT="faudra" WC="1.00" CC="203000"/>
						<SP ID="P38_SP00120" HPOS="1213" VPOS="1644" WIDTH="30"/>
						<String ID="P38_ST00137" HPOS="1243" VPOS="1579" WIDTH="169" HEIGHT="57" CONTENT="cette" WC="0.97" CC="43716"/>
						<SP ID="P38_SP00121" HPOS="1412" VPOS="1644" WIDTH="48"/>
						<String ID="P38_ST00138" HPOS="1460" VPOS="1576" WIDTH="379" HEIGHT="61" CONTENT="révolution" WC="0.99" CC="9603600047"/>
						<SP ID="P38_SP00122" HPOS="1839" VPOS="1644" WIDTH="49"/>
						<String ID="P38_ST00139" HPOS="1888" VPOS="1575" WIDTH="395" HEIGHT="61" CONTENT="rationnelle" WC="0.99" CC="00042005760"/>
						<SP ID="P38_SP00123" HPOS="2283" VPOS="1644" WIDTH="52"/>
						<String ID="P38_ST00140" HPOS="2335" VPOS="1575" WIDTH="65" HEIGHT="58" CONTENT="et" WC="0.51" CC="54"/>
					</TextLine>
					<TextLine ID="P38_TL00018" HPOS="254" VPOS="1655" WIDTH="2143" HEIGHT="80">
						<String ID="P38_ST00141" HPOS="254" VPOS="1658" WIDTH="332" HEIGHT="76" CONTENT="pratique," WC="0.99" CC="870010614"/>
						<SP ID="P38_SP00124" HPOS="586" VPOS="1734" WIDTH="35"/>
						<String ID="P38_ST00142" HPOS="621" VPOS="1674" WIDTH="134" HEIGHT="42" CONTENT="non" WC="0.95" CC="632"/>
						<SP ID="P38_SP00125" HPOS="755" VPOS="1734" WIDTH="47"/>
						<String ID="P38_ST00143" HPOS="802" VPOS="1658" WIDTH="347" HEIGHT="73" CONTENT="théâtrale," WC="0.99" CC="1615000162"/>
						<SP ID="P38_SP00126" HPOS="1149" VPOS="1734" WIDTH="36"/>
						<String ID="P38_ST00144" HPOS="1185" VPOS="1661" WIDTH="63" HEIGHT="58" CONTENT="et" WC="0.77" CC="40"/>
						<SP ID="P38_SP00127" HPOS="1248" VPOS="1734" WIDTH="47"/>
						<String ID="P38_ST00145" HPOS="1295" VPOS="1659" WIDTH="99" HEIGHT="60" CONTENT="les" WC="0.94" CC="456"/>
						<SP ID="P38_SP00128" HPOS="1394" VPOS="1734" WIDTH="32"/>
						<String ID="P38_ST00146" HPOS="1426" VPOS="1658" WIDTH="310" HEIGHT="59" CONTENT="hommes" WC="0.99" CC="060036"/>
						<SP ID="P38_SP00129" HPOS="1736" VPOS="1734" WIDTH="52"/>
						<String ID="P38_ST00147" HPOS="1788" VPOS="1658" WIDTH="118" HEIGHT="77" CONTENT="qui" WC="0.97" CC="060"/>
						<SP ID="P38_SP00130" HPOS="1906" VPOS="1735" WIDTH="32"/>
						<String ID="P38_ST00148" HPOS="1938" VPOS="1656" WIDTH="100" HEIGHT="78" CONTENT="s'y" WC="0.93" CC="944"/>
						<SP ID="P38_SP00131" HPOS="2038" VPOS="1735" WIDTH="34"/>
						<String ID="P38_ST00149" HPOS="2072" VPOS="1655" WIDTH="285" HEIGHT="78" CONTENT="emploie" SUBS_TYPE="HypPart1" SUBS_CONTENT="emploieront" WC="0.98" CC="2194505"/>
						<HYP HPOS="2357" VPOS="1655" WIDTH="40" CONTENT="-"/>
					</TextLine>
					<TextLine ID="P38_TL00019" HPOS="255" VPOS="1735" WIDTH="2144" HEIGHT="80">
						<String ID="P38_ST00150" HPOS="255" VPOS="1738" WIDTH="151" HEIGHT="58" CONTENT="ront" SUBS_TYPE="HypPart2" SUBS_CONTENT="emploieront" WC="0.97" CC="9040"/>
						<SP ID="P38_SP00132" HPOS="406" VPOS="1796" WIDTH="51"/>
						<String ID="P38_ST00151" HPOS="457" VPOS="1738" WIDTH="281" HEIGHT="58" CONTENT="devront" WC="0.98" CC="0099300"/>
						<SP ID="P38_SP00133" HPOS="738" VPOS="1796" WIDTH="48"/>
						<String ID="P38_ST00152" HPOS="786" VPOS="1736" WIDTH="136" HEIGHT="61" CONTENT="être" WC="0.98" CC="6004"/>
						<SP ID="P38_SP00134" HPOS="922" VPOS="1797" WIDTH="48"/>
						<String ID="P38_ST00153" HPOS="970" VPOS="1754" WIDTH="133" HEIGHT="43" CONTENT="non" WC="0.99" CC="020"/>
						<SP ID="P38_SP00135" HPOS="1103" VPOS="1797" WIDTH="35"/>
						<String ID="P38_ST00154" HPOS="1138" VPOS="1739" WIDTH="116" HEIGHT="58" CONTENT="des" WC="0.97" CC="035"/>
						<SP ID="P38_SP00136" HPOS="1254" VPOS="1797" WIDTH="31"/>
						<String ID="P38_ST00155" HPOS="1285" VPOS="1739" WIDTH="361" HEIGHT="76" CONTENT="phraseurs" WC="0.99" CC="000050764"/>
						<SP ID="P38_SP00137" HPOS="1646" VPOS="1815" WIDTH="43"/>
						<String ID="P38_ST00156" HPOS="1689" VPOS="1739" WIDTH="261" HEIGHT="76" CONTENT="parlant" WC="0.98" CC="9005070"/>
						<SP ID="P38_SP00138" HPOS="1950" VPOS="1815" WIDTH="46"/>
						<String ID="P38_ST00157" HPOS="1996" VPOS="1754" WIDTH="87" HEIGHT="42" CONTENT="au" WC="0.64" CC="07"/>
						<SP ID="P38_SP00139" HPOS="2083" VPOS="1815" WIDTH="48"/>
						<String ID="P38_ST00158" HPOS="2131" VPOS="1735" WIDTH="268" HEIGHT="79" CONTENT="peuple," WC="0.98" CC="9500314"/>
					</TextLine>
					<TextLine ID="P38_TL00020" HPOS="255" VPOS="1816" WIDTH="1699" HEIGHT="63">
						<String ID="P38_ST00159" HPOS="255" VPOS="1816" WIDTH="173" HEIGHT="60" CONTENT="mais" WC="0.97" CC="0626"/>
						<SP ID="P38_SP00140" HPOS="428" VPOS="1876" WIDTH="29"/>
						<String ID="P38_ST00160" HPOS="457" VPOS="1818" WIDTH="117" HEIGHT="58" CONTENT="des" WC="0.96" CC="036"/>
						<SP ID="P38_SP00141" HPOS="574" VPOS="1876" WIDTH="26"/>
						<String ID="P38_ST00161" HPOS="600" VPOS="1816" WIDTH="308" HEIGHT="61" CONTENT="hommes" WC="0.98" CC="750034"/>
						<SP ID="P38_SP00142" HPOS="908" VPOS="1877" WIDTH="33"/>
						<String ID="P38_ST00162" HPOS="941" VPOS="1819" WIDTH="277" HEIGHT="60" CONTENT="sachant" WC="0.98" CC="2067080"/>
						<SP ID="P38_SP00143" HPOS="1218" VPOS="1879" WIDTH="25"/>
						<String ID="P38_ST00163" HPOS="1243" VPOS="1819" WIDTH="356" HEIGHT="58" CONTENT="utilement" WC="0.99" CC="600460000"/>
						<SP ID="P38_SP00144" HPOS="1599" VPOS="1879" WIDTH="30"/>
						<String ID="P38_ST00164" HPOS="1629" VPOS="1818" WIDTH="60" HEIGHT="59" CONTENT="le" WC="0.56" CC="61"/>
						<SP ID="P38_SP00145" HPOS="1689" VPOS="1879" WIDTH="30"/>
						<String ID="P38_ST00165" HPOS="1719" VPOS="1819" WIDTH="235" HEIGHT="58" CONTENT="servir." WC="0.99" CC="0400064"/>
					</TextLine>
					<TextLine ID="P38_TL00021" HPOS="336" VPOS="1898" WIDTH="2069" HEIGHT="77">
						<String ID="P38_ST00166" HPOS="336" VPOS="1898" WIDTH="205" HEIGHT="59" CONTENT="Vivre" WC="0.98" CC="63005"/>
						<SP ID="P38_SP00146" HPOS="541" VPOS="1957" WIDTH="33"/>
						<String ID="P38_ST00167" HPOS="574" VPOS="1915" WIDTH="160" HEIGHT="42" CONTENT="sous" WC="0.95" CC="5467"/>
						<SP ID="P38_SP00147" HPOS="734" VPOS="1957" WIDTH="42"/>
						<String ID="P38_ST00168" HPOS="776" VPOS="1915" WIDTH="90" HEIGHT="42" CONTENT="un" WC="0.63" CC="07"/>
						<SP ID="P38_SP00148" HPOS="866" VPOS="1957" WIDTH="34"/>
						<String ID="P38_ST00169" HPOS="900" VPOS="1898" WIDTH="248" HEIGHT="77" CONTENT="régime" WC="0.99" CC="045003"/>
						<SP ID="P38_SP00149" HPOS="1148" VPOS="1975" WIDTH="33"/>
						<String ID="P38_ST00170" HPOS="1181" VPOS="1899" WIDTH="476" HEIGHT="72" CONTENT="communiste," WC="0.99" CC="53007043803"/>
						<SP ID="P38_SP00150" HPOS="1657" VPOS="1975" WIDTH="42"/>
						<String ID="P38_ST00171" HPOS="1699" VPOS="1899" WIDTH="184" HEIGHT="60" CONTENT="vivre" WC="1.00" CC="00000"/>
						<SP ID="P38_SP00151" HPOS="1883" VPOS="1975" WIDTH="36"/>
						<String ID="P38_ST00172" HPOS="1919" VPOS="1914" WIDTH="156" HEIGHT="43" CONTENT="sans" WC="0.98" CC="3005"/>
						<SP ID="P38_SP00152" HPOS="2075" VPOS="1975" WIDTH="52"/>
						<String ID="P38_ST00173" HPOS="2127" VPOS="1913" WIDTH="239" HEIGHT="61" CONTENT="gouver" SUBS_TYPE="HypPart1" SUBS_CONTENT="gouvernement," WC="0.98" CC="958000"/>
						<HYP HPOS="2366" VPOS="1913" WIDTH="39" CONTENT="-"/>
					</TextLine>
					<TextLine ID="P38_TL00022" HPOS="255" VPOS="1978" WIDTH="2149" HEIGHT="78">
						<String ID="P38_ST00174" HPOS="255" VPOS="1980" WIDTH="296" HEIGHT="70" CONTENT="nement," SUBS_TYPE="HypPart2" SUBS_CONTENT="gouvernement," WC="1.00" CC="0004003"/>
						<SP ID="P38_SP00153" HPOS="551" VPOS="2050" WIDTH="35"/>
						<String ID="P38_ST00175" HPOS="586" VPOS="1995" WIDTH="107" HEIGHT="44" CONTENT="ces" WC="0.96" CC="262"/>
						<SP ID="P38_SP00154" HPOS="693" VPOS="2050" WIDTH="34"/>
						<String ID="P38_ST00176" HPOS="727" VPOS="1979" WIDTH="352" HEIGHT="77" CONTENT="exigences" WC="0.98" CC="174950353"/>
						<SP ID="P38_SP00155" HPOS="1079" VPOS="2056" WIDTH="32"/>
						<String ID="P38_ST00177" HPOS="1111" VPOS="1980" WIDTH="377" HEIGHT="76" CONTENT="paraissent" WC="0.99" CC="9000044600"/>
						<SP ID="P38_SP00156" HPOS="1488" VPOS="2056" WIDTH="20"/>
						<String ID="P38_ST00178" HPOS="1508" VPOS="1978" WIDTH="434" HEIGHT="78" CONTENT="aujourd'hui" WC="0.99" CC="06006000773"/>
						<SP ID="P38_SP00157" HPOS="1942" VPOS="2056" WIDTH="34"/>
						<String ID="P38_ST00179" HPOS="1976" VPOS="1980" WIDTH="386" HEIGHT="57" CONTENT="monstrueu" SUBS_TYPE="HypPart1" SUBS_CONTENT="monstrueuses" WC="0.99" CC="043400810"/>
						<HYP HPOS="2362" VPOS="1980" WIDTH="42" CONTENT="-"/>
					</TextLine>
					<TextLine ID="P38_TL00023" HPOS="259" VPOS="2056" WIDTH="2146" HEIGHT="79">
						<String ID="P38_ST00180" HPOS="259" VPOS="2075" WIDTH="109" HEIGHT="44" CONTENT="ses" SUBS_TYPE="HypPart2" SUBS_CONTENT="monstrueuses" WC="0.97" CC="042"/>
						<SP ID="P38_SP00158" HPOS="368" VPOS="2119" WIDTH="33"/>
						<String ID="P38_ST00181" HPOS="401" VPOS="2075" WIDTH="84" HEIGHT="42" CONTENT="au" WC="1.00" CC="00"/>
						<SP ID="P38_SP00159" HPOS="485" VPOS="2119" WIDTH="42"/>
						<String ID="P38_ST00182" HPOS="527" VPOS="2059" WIDTH="208" HEIGHT="76" CONTENT="grand" WC="0.99" CC="90000"/>
						<SP ID="P38_SP00160" HPOS="735" VPOS="2135" WIDTH="44"/>
						<String ID="P38_ST00183" HPOS="779" VPOS="2059" WIDTH="303" HEIGHT="72" CONTENT="nombre," WC="0.99" CC="0306044"/>
						<SP ID="P38_SP00161" HPOS="1082" VPOS="2135" WIDTH="33"/>
						<String ID="P38_ST00184" HPOS="1115" VPOS="2077" WIDTH="129" HEIGHT="42" CONTENT="non" WC="0.99" CC="030"/>
						<SP ID="P38_SP00162" HPOS="1244" VPOS="2135" WIDTH="46"/>
						<String ID="P38_ST00185" HPOS="1290" VPOS="2059" WIDTH="376" HEIGHT="61" CONTENT="seulement" WC="0.98" CC="537550707"/>
						<SP ID="P38_SP00163" HPOS="1666" VPOS="2135" WIDTH="28"/>
						<String ID="P38_ST00186" HPOS="1694" VPOS="2061" WIDTH="509" HEIGHT="58" CONTENT="monstrueuses" WC="0.99" CC="040005706450"/>
						<SP ID="P38_SP00164" HPOS="2203" VPOS="2135" WIDTH="31"/>
						<String ID="P38_ST00187" HPOS="2234" VPOS="2056" WIDTH="171" HEIGHT="59" CONTENT="mais" WC="0.98" CC="0026"/>
					</TextLine>
					<TextLine ID="P38_TL00024" HPOS="256" VPOS="2135" WIDTH="2149" HEIGHT="81">
						<String ID="P38_ST00188" HPOS="256" VPOS="2155" WIDTH="235" HEIGHT="44" CONTENT="encore" WC="0.98" CC="483260"/>
						<SP ID="P38_SP00165" HPOS="491" VPOS="2199" WIDTH="31"/>
						<String ID="P38_ST00189" HPOS="522" VPOS="2138" WIDTH="533" HEIGHT="61" CONTENT="inconcevables." WC="1.00" CC="00530500002454"/>
						<SP ID="P38_SP00166" HPOS="1055" VPOS="2199" WIDTH="38"/>
						<String ID="P38_ST00190" HPOS="1093" VPOS="2139" WIDTH="384" HEIGHT="77" CONTENT="Cependant" WC="0.99" CC="760030000"/>
						<SP ID="P38_SP00167" HPOS="1477" VPOS="2216" WIDTH="52"/>
						<String ID="P38_ST00191" HPOS="1529" VPOS="2141" WIDTH="145" HEIGHT="58" CONTENT="tout" WC="0.98" CC="0160"/>
						<SP ID="P38_SP00168" HPOS="1674" VPOS="2216" WIDTH="40"/>
						<String ID="P38_ST00192" HPOS="1714" VPOS="2139" WIDTH="437" HEIGHT="60" CONTENT="observateur" WC="1.00" CC="00500070300"/>
						<SP ID="P38_SP00169" HPOS="2151" VPOS="2216" WIDTH="41"/>
						<String ID="P38_ST00193" HPOS="2192" VPOS="2135" WIDTH="213" HEIGHT="61" CONTENT="subtil" WC="0.98" CC="600817"/>
					</TextLine>
					<TextLine ID="P38_TL00025" HPOS="254" VPOS="2219" WIDTH="2150" HEIGHT="77">
						<String ID="P38_ST00194" HPOS="254" VPOS="2220" WIDTH="143" HEIGHT="60" CONTENT="doit" WC="0.98" CC="0007"/>
						<SP ID="P38_SP00170" HPOS="397" VPOS="2280" WIDTH="12"/>
						<String ID="P38_ST00195" HPOS="409" VPOS="2221" WIDTH="412" HEIGHT="58" CONTENT="reconnaître" WC="0.99" CC="50212606840"/>
						<SP ID="P38_SP00171" HPOS="821" VPOS="2280" WIDTH="17"/>
						<String ID="P38_ST00196" HPOS="838" VPOS="2220" WIDTH="587" HEIGHT="76" CONTENT="qu'actuellement" WC="0.99" CC="003937000245470"/>
						<SP ID="P38_SP00172" HPOS="1425" VPOS="2296" WIDTH="14"/>
						<String ID="P38_ST00197" HPOS="1439" VPOS="2220" WIDTH="97" HEIGHT="60" CONTENT="les" WC="0.98" CC="006"/>
						<SP ID="P38_SP00173" HPOS="1536" VPOS="2296" WIDTH="16"/>
						<String ID="P38_ST00198" HPOS="1552" VPOS="2219" WIDTH="558" HEIGHT="77" CONTENT="sociétés,voyant" WC="1.00" CC="500704004030073"/>
						<SP ID="P38_SP00174" HPOS="2110" VPOS="2296" WIDTH="16"/>
						<String ID="P38_ST00199" HPOS="2126" VPOS="2219" WIDTH="278" HEIGHT="76" CONTENT="qu'elles" WC="0.99" CC="00405435"/>
					</TextLine>
					<TextLine ID="P38_TL00026" HPOS="255" VPOS="2299" WIDTH="2148" HEIGHT="79">
						<String ID="P38_ST00200" HPOS="255" VPOS="2319" WIDTH="84" HEIGHT="42" CONTENT="ne" WC="0.51" CC="44"/>
						<SP ID="P38_SP00175" HPOS="339" VPOS="2361" WIDTH="24"/>
						<String ID="P38_ST00201" HPOS="363" VPOS="2304" WIDTH="289" HEIGHT="74" CONTENT="peuvent" WC="0.99" CC="0200580"/>
						<SP ID="P38_SP00176" HPOS="652" VPOS="2378" WIDTH="40"/>
						<String ID="P38_ST00202" HPOS="692" VPOS="2300" WIDTH="154" HEIGHT="76" CONTENT="plus" WC="0.98" CC="0460"/>
						<SP ID="P38_SP00177" HPOS="846" VPOS="2378" WIDTH="30"/>
						<String ID="P38_ST00203" HPOS="876" VPOS="2318" WIDTH="70" HEIGHT="42" CONTENT="se" WC="0.75" CC="04"/>
						<SP ID="P38_SP00178" HPOS="946" VPOS="2378" WIDTH="30"/>
						<String ID="P38_ST00204" HPOS="976" VPOS="2299" WIDTH="198" HEIGHT="61" CONTENT="baser" WC="0.98" CC="06005"/>
						<SP ID="P38_SP00179" HPOS="1174" VPOS="2378" WIDTH="27"/>
						<String ID="P38_ST00205" HPOS="1201" VPOS="2319" WIDTH="118" HEIGHT="41" CONTENT="sur" WC="0.98" CC="400"/>
						<SP ID="P38_SP00180" HPOS="1319" VPOS="2378" WIDTH="31"/>
						<String ID="P38_ST00206" HPOS="1350" VPOS="2300" WIDTH="626" HEIGHT="71" CONTENT="l'individualisme," WC="1.00" CC="54080400000404054"/>
						<SP ID="P38_SP00181" HPOS="1976" VPOS="2378" WIDTH="39"/>
						<String ID="P38_ST00207" HPOS="2015" VPOS="2300" WIDTH="269" HEIGHT="59" CONTENT="tendent" WC="0.98" CC="0430476"/>
						<SP ID="P38_SP00182" HPOS="2284" VPOS="2378" WIDTH="32"/>
						<String ID="P38_ST00208" HPOS="2316" VPOS="2315" WIDTH="87" HEIGHT="42" CONTENT="au" WC="0.68" CC="06"/>
					</TextLine>
					<TextLine ID="P38_TL00027" HPOS="256" VPOS="2379" WIDTH="2149" HEIGHT="79">
						<String ID="P38_ST00209" HPOS="256" VPOS="2381" WIDTH="516" HEIGHT="60" CONTENT="communisme." WC="0.99" CC="24000700803"/>
						<SP ID="P38_SP00183" HPOS="772" VPOS="2441" WIDTH="44"/>
						<String ID="P38_ST00210" HPOS="816" VPOS="2380" WIDTH="284" HEIGHT="60" CONTENT="Partout" WC="0.98" CC="6008567"/>
						<SP ID="P38_SP00184" HPOS="1100" VPOS="2441" WIDTH="27"/>
						<String ID="P38_ST00211" HPOS="1127" VPOS="2380" WIDTH="101" HEIGHT="60" CONTENT="les" WC="0.96" CC="045"/>
						<SP ID="P38_SP00185" HPOS="1228" VPOS="2441" WIDTH="44"/>
						<String ID="P38_ST00212" HPOS="1272" VPOS="2380" WIDTH="347" HEIGHT="60" CONTENT="individus" WC="0.99" CC="060604000"/>
						<SP ID="P38_SP00186" HPOS="1619" VPOS="2441" WIDTH="33"/>
						<String ID="P38_ST00213" HPOS="1652" VPOS="2398" WIDTH="70" HEIGHT="42" CONTENT="se" WC="0.56" CC="35"/>
						<SP ID="P38_SP00187" HPOS="1722" VPOS="2441" WIDTH="34"/>
						<String ID="P38_ST00214" HPOS="1756" VPOS="2384" WIDTH="351" HEIGHT="74" CONTENT="groupent," WC="0.98" CC="993095584"/>
						<SP ID="P38_SP00188" HPOS="2107" VPOS="2458" WIDTH="48"/>
						<String ID="P38_ST00215" HPOS="2155" VPOS="2379" WIDTH="215" HEIGHT="60" CONTENT="substi" SUBS_TYPE="HypPart1" SUBS_CONTENT="substituant" WC="0.99" CC="260006"/>
						<HYP HPOS="2370" VPOS="2379" WIDTH="35" CONTENT="-"/>
					</TextLine>
					<TextLine ID="P38_TL00028" HPOS="255" VPOS="2459" WIDTH="2148" HEIGHT="77">
						<String ID="P38_ST00216" HPOS="255" VPOS="2464" WIDTH="193" HEIGHT="58" CONTENT="tuant" SUBS_TYPE="HypPart2" SUBS_CONTENT="substituant" WC="0.99" CC="06000"/>
						<SP ID="P38_SP00189" HPOS="448" VPOS="2522" WIDTH="29"/>
						<String ID="P38_ST00217" HPOS="477" VPOS="2462" WIDTH="268" HEIGHT="59" CONTENT="l'action" WC="0.99" CC="44010050"/>
						<SP ID="P38_SP00190" HPOS="745" VPOS="2522" WIDTH="32"/>
						<String ID="P38_ST00218" HPOS="777" VPOS="2478" WIDTH="356" HEIGHT="42" CONTENT="commune" WC="0.97" CC="4309885"/>
						<SP ID="P38_SP00191" HPOS="1133" VPOS="2522" WIDTH="33"/>
						<String ID="P38_ST00219" HPOS="1166" VPOS="2463" WIDTH="35" HEIGHT="58" CONTENT="à" WC="0.20" CC="7"/>
						<SP ID="P38_SP00192" HPOS="1201" VPOS="2522" WIDTH="31"/>
						<String ID="P38_ST00220" HPOS="1232" VPOS="2462" WIDTH="266" HEIGHT="59" CONTENT="l'action" WC="0.99" CC="70007050"/>
						<SP ID="P38_SP00193" HPOS="1498" VPOS="2522" WIDTH="31"/>
						<String ID="P38_ST00221" HPOS="1529" VPOS="2462" WIDTH="467" HEIGHT="72" CONTENT="individuelle," WC="1.00" CC="0000000822214"/>
						<SP ID="P38_SP00194" HPOS="1996" VPOS="2534" WIDTH="33"/>
						<String ID="P38_ST00222" HPOS="2029" VPOS="2462" WIDTH="99" HEIGHT="58" CONTENT="les" WC="0.94" CC="536"/>
						<SP ID="P38_SP00195" HPOS="2128" VPOS="2534" WIDTH="43"/>
						<String ID="P38_ST00223" HPOS="2171" VPOS="2459" WIDTH="194" HEIGHT="77" CONTENT="syndi" SUBS_TYPE="HypPart1" SUBS_CONTENT="syndicats," WC="0.98" CC="30604"/>
						<HYP HPOS="2365" VPOS="2459" WIDTH="38" CONTENT="-"/>
					</TextLine>
					<TextLine ID="P38_TL00029" HPOS="251" VPOS="2540" WIDTH="2153" HEIGHT="79">
						<String ID="P38_ST00224" HPOS="251" VPOS="2544" WIDTH="165" HEIGHT="70" CONTENT="cats," SUBS_TYPE="HypPart2" SUBS_CONTENT="syndicats," WC="0.98" CC="50024"/>
						<SP ID="P38_SP00196" HPOS="416" VPOS="2614" WIDTH="31"/>
						<String ID="P38_ST00225" HPOS="447" VPOS="2542" WIDTH="98" HEIGHT="59" CONTENT="les" WC="0.97" CC="033"/>
						<SP ID="P38_SP00197" HPOS="545" VPOS="2614" WIDTH="25"/>
						<String ID="P38_ST00226" HPOS="570" VPOS="2540" WIDTH="441" HEIGHT="61" CONTENT="associations" WC="0.99" CC="054240000675"/>
						<SP ID="P38_SP00198" HPOS="1011" VPOS="2614" WIDTH="26"/>
						<String ID="P38_ST00227" HPOS="1037" VPOS="2542" WIDTH="78" HEIGHT="58" CONTENT="de" WC="0.75" CC="04"/>
						<SP ID="P38_SP00199" HPOS="1115" VPOS="2614" WIDTH="23"/>
						<String ID="P38_ST00228" HPOS="1138" VPOS="2559" WIDTH="270" HEIGHT="42" CONTENT="secours" WC="0.98" CC="3433808"/>
						<SP ID="P38_SP00200" HPOS="1408" VPOS="2614" WIDTH="29"/>
						<String ID="P38_ST00229" HPOS="1437" VPOS="2542" WIDTH="322" HEIGHT="72" CONTENT="mutuels," WC="0.99" CC="00703603"/>
						<SP ID="P38_SP00201" HPOS="1759" VPOS="2614" WIDTH="30"/>
						<String ID="P38_ST00230" HPOS="1789" VPOS="2542" WIDTH="434" HEIGHT="77" CONTENT="augmentent" WC="0.99" CC="0050166770"/>
						<SP ID="P38_SP00202" HPOS="2223" VPOS="2619" WIDTH="25"/>
						<String ID="P38_ST00231" HPOS="2248" VPOS="2543" WIDTH="156" HEIGHT="57" CONTENT="tous" WC="0.95" CC="6673"/>
					</TextLine>
					<TextLine ID="P38_TL00030" HPOS="254" VPOS="2622" WIDTH="2150" HEIGHT="78">
						<String ID="P38_ST00232" HPOS="254" VPOS="2625" WIDTH="100" HEIGHT="60" CONTENT="les" WC="0.98" CC="004"/>
						<SP ID="P38_SP00203" HPOS="354" VPOS="2685" WIDTH="43"/>
						<String ID="P38_ST00233" HPOS="397" VPOS="2624" WIDTH="193" HEIGHT="76" CONTENT="jours" WC="0.99" CC="25000"/>
						<SP ID="P38_SP00204" HPOS="590" VPOS="2700" WIDTH="43"/>
						<String ID="P38_ST00234" HPOS="633" VPOS="2623" WIDTH="148" HEIGHT="59" CONTENT="leur" WC="0.96" CC="4509"/>
						<SP ID="P38_SP00205" HPOS="781" VPOS="2700" WIDTH="47"/>
						<String ID="P38_ST00235" HPOS="828" VPOS="2623" WIDTH="303" HEIGHT="71" CONTENT="nombre," WC="0.98" CC="8300063"/>
						<SP ID="P38_SP00206" HPOS="1131" VPOS="2700" WIDTH="35"/>
						<String ID="P38_ST00236" HPOS="1166" VPOS="2623" WIDTH="100" HEIGHT="59" CONTENT="les" WC="0.98" CC="410"/>
						<SP ID="P38_SP00207" HPOS="1266" VPOS="2700" WIDTH="46"/>
						<String ID="P38_ST00237" HPOS="1312" VPOS="2622" WIDTH="330" HEIGHT="60" CONTENT="écrivains" WC="0.99" CC="050400305"/>
						<SP ID="P38_SP00208" HPOS="1642" VPOS="2700" WIDTH="30"/>
						<String ID="P38_ST00238" HPOS="1672" VPOS="2624" WIDTH="99" HEIGHT="58" CONTENT="les" WC="0.94" CC="626"/>
						<SP ID="P38_SP00209" HPOS="1771" VPOS="2700" WIDTH="32"/>
						<String ID="P38_ST00239" HPOS="1803" VPOS="2623" WIDTH="154" HEIGHT="76" CONTENT="plus" WC="0.97" CC="0381"/>
						<SP ID="P38_SP00210" HPOS="1957" VPOS="2700" WIDTH="42"/>
						<String ID="P38_ST00240" HPOS="1999" VPOS="2622" WIDTH="285" HEIGHT="59" CONTENT="hostiles" WC="0.99" CC="76332400"/>
						<SP ID="P38_SP00211" HPOS="2284" VPOS="2700" WIDTH="35"/>
						<String ID="P38_ST00241" HPOS="2319" VPOS="2638" WIDTH="85" HEIGHT="42" CONTENT="au" WC="0.63" CC="07"/>
					</TextLine>
					<TextLine ID="P38_TL00031" HPOS="254" VPOS="2703" WIDTH="2152" HEIGHT="73">
						<String ID="P38_ST00242" HPOS="254" VPOS="2703" WIDTH="382" HEIGHT="62" CONTENT="socialisme" WC="0.98" CC="6543050676"/>
						<SP ID="P38_SP00212" HPOS="636" VPOS="2765" WIDTH="30"/>
						<String ID="P38_ST00243" HPOS="666" VPOS="2703" WIDTH="341" HEIGHT="59" CONTENT="l'avouent" WC="1.00" CC="130000340"/>
						<SP ID="P38_SP00213" HPOS="1007" VPOS="2765" WIDTH="32"/>
						<String ID="P38_ST00244" HPOS="1039" VPOS="2721" WIDTH="11" HEIGHT="40" CONTENT=":" WC="0.50" CC="4"/>
						<SP ID="P38_SP00214" HPOS="1050" VPOS="2765" WIDTH="36"/>
						<String ID="P38_ST00245" HPOS="1086" VPOS="2723" WIDTH="29" HEIGHT="36" CONTENT="«" WC="1.00" CC="0"/>
						<SP ID="P38_SP00215" HPOS="1115" VPOS="2765" WIDTH="32"/>
						<String ID="P38_ST00246" HPOS="1147" VPOS="2707" WIDTH="419" HEIGHT="69" CONTENT="L'influence" WC="0.63" CC="00076106756" STYLEREFS="TXT_2"/>
						<SP ID="P38_SP00216" HPOS="1566" VPOS="2776" WIDTH="22"/>
						<String ID="P38_ST00247" HPOS="1588" VPOS="2707" WIDTH="79" HEIGHT="55" CONTENT="de" WC="0.80" CC="04" STYLEREFS="TXT_2"/>
						<SP ID="P38_SP00217" HPOS="1667" VPOS="2776" WIDTH="33"/>
						<String ID="P38_ST00248" HPOS="1700" VPOS="2718" WIDTH="109" HEIGHT="44" CONTENT="ces" WC="0.95" CC="651" STYLEREFS="TXT_2"/>
						<SP ID="P38_SP00218" HPOS="1809" VPOS="2776" WIDTH="36"/>
						<String ID="P38_ST00249" HPOS="1845" VPOS="2718" WIDTH="305" HEIGHT="58" CONTENT="groupes" WC="0.99" CC="8000930" STYLEREFS="TXT_2"/>
						<SP ID="P38_SP00219" HPOS="2150" VPOS="2776" WIDTH="37"/>
						<String ID="P38_ST00250" HPOS="2187" VPOS="2705" WIDTH="80" HEIGHT="57" CONTENT="de" WC="0.23" CC="77" STYLEREFS="TXT_2"/>
						<SP ID="P38_SP00220" HPOS="2267" VPOS="2776" WIDTH="35"/>
						<String ID="P38_ST00251" HPOS="2302" VPOS="2704" WIDTH="70" HEIGHT="57" CONTENT="ci" SUBS_TYPE="HypPart1" SUBS_CONTENT="citoyens" WC="0.93" CC="56" STYLEREFS="TXT_2"/>
						<HYP HPOS="2372" VPOS="2704" WIDTH="34" CONTENT="-"/>
					</TextLine>
					<TextLine ID="P38_TL00032" HPOS="266" VPOS="2780" WIDTH="2140" HEIGHT="79">
						<String ID="P38_ST00252" HPOS="266" VPOS="2790" WIDTH="238" HEIGHT="69" CONTENT="toyens" SUBS_TYPE="HypPart2" SUBS_CONTENT="citoyens" WC="0.63" CC="351703" STYLEREFS="TXT_2"/>
						<SP ID="P38_SP00221" HPOS="504" VPOS="2859" WIDTH="29"/>
						<String ID="P38_ST00253" HPOS="533" VPOS="2789" WIDTH="123" HEIGHT="69" CONTENT="qui" WC="0.92" CC="974" STYLEREFS="TXT_2"/>
						<SP ID="P38_SP00222" HPOS="656" VPOS="2859" WIDTH="51"/>
						<String ID="P38_ST00254" HPOS="707" VPOS="2799" WIDTH="71" HEIGHT="45" CONTENT="se" WC="0.67" CC="06" STYLEREFS="TXT_2"/>
						<SP ID="P38_SP00223" HPOS="778" VPOS="2859" WIDTH="41"/>
						<String ID="P38_ST00255" HPOS="819" VPOS="2787" WIDTH="419" HEIGHT="58" CONTENT="substituent" WC="0.99" CC="40748080647" STYLEREFS="TXT_2"/>
						<SP ID="P38_SP00224" HPOS="1238" VPOS="2859" WIDTH="22"/>
						<String ID="P38_ST00256" HPOS="1260" VPOS="2801" WIDTH="142" HEIGHT="57" CONTENT="peu" WC="0.95" CC="068" STYLEREFS="TXT_2"/>
						<SP ID="P38_SP00225" HPOS="1402" VPOS="2859" WIDTH="47"/>
						<String ID="P38_ST00257" HPOS="1449" VPOS="2780" WIDTH="43" HEIGHT="63" CONTENT="à" WC="1.00" CC="0" STYLEREFS="TXT_2"/>
						<SP ID="P38_SP00226" HPOS="1492" VPOS="2859" WIDTH="39"/>
						<String ID="P38_ST00258" HPOS="1531" VPOS="2801" WIDTH="141" HEIGHT="54" CONTENT="peu" WC="0.95" CC="057" STYLEREFS="TXT_2"/>
						<SP ID="P38_SP00227" HPOS="1672" VPOS="2859" WIDTH="50"/>
						<String ID="P38_ST00259" HPOS="1722" VPOS="2801" WIDTH="98" HEIGHT="44" CONTENT="au" WC="0.36" CC="48" STYLEREFS="TXT_2"/>
						<SP ID="P38_SP00228" HPOS="1820" VPOS="2859" WIDTH="54"/>
						<String ID="P38_ST00260" HPOS="1874" VPOS="2785" WIDTH="532" HEIGHT="60" CONTENT="morcellement" WC="0.99" CC="400660069689" STYLEREFS="TXT_2"/>
					</TextLine>
					<TextLine ID="P38_TL00033" HPOS="252" VPOS="2862" WIDTH="2159" HEIGHT="77">
						<String ID="P38_ST00261" HPOS="252" VPOS="2867" WIDTH="260" HEIGHT="61" CONTENT="réalisé" WC="0.99" CC="1600046" STYLEREFS="TXT_2"/>
						<SP ID="P38_SP00229" HPOS="512" VPOS="2928" WIDTH="17"/>
						<String ID="P38_ST00262" HPOS="529" VPOS="2882" WIDTH="137" HEIGHT="56" CONTENT="par" WC="0.97" CC="080" STYLEREFS="TXT_2"/>
						<SP ID="P38_SP00230" HPOS="666" VPOS="2938" WIDTH="33"/>
						<String ID="P38_ST00263" HPOS="699" VPOS="2870" WIDTH="67" HEIGHT="56" CONTENT="la" WC="1.00" CC="00" STYLEREFS="TXT_2"/>
						<SP ID="P38_SP00231" HPOS="766" VPOS="2938" WIDTH="31"/>
						<String ID="P38_ST00264" HPOS="797" VPOS="2862" WIDTH="536" HEIGHT="76" CONTENT="révolutionna" WC="0.99" CC="046207767780" STYLEREFS="TXT_2"/>
						<SP ID="P38_SP00232" HPOS="1333" VPOS="2938" WIDTH="33"/>
						<String ID="P38_ST00265" HPOS="1366" VPOS="2867" WIDTH="323" HEIGHT="68" CONTENT="toujours" WC="0.99" CC="73003004" STYLEREFS="TXT_2"/>
						<SP ID="P38_SP00233" HPOS="1689" VPOS="2938" WIDTH="30"/>
						<String ID="P38_ST00266" HPOS="1719" VPOS="2867" WIDTH="468" HEIGHT="72" CONTENT="grandissant" WC="0.99" CC="10037506030" STYLEREFS="TXT_2"/>
						<String ID="P38_ST00267" HPOS="2194" VPOS="2911" WIDTH="16" HEIGHT="25" CONTENT="," WC="0.55" CC="4"/>
						<SP ID="P38_SP00234" HPOS="2210" VPOS="2939" WIDTH="27"/>
						<String ID="P38_ST00268" HPOS="2237" VPOS="2884" WIDTH="30" HEIGHT="35" CONTENT="»" WC="0.77" CC="2"/>
						<SP ID="P38_SP00235" HPOS="2267" VPOS="2939" WIDTH="44"/>
						<String ID="P38_ST00269" HPOS="2311" VPOS="2862" WIDTH="100" HEIGHT="59" CONTENT="dit" WC="0.98" CC="060"/>
					</TextLine>
					<TextLine ID="P38_TL00034" HPOS="254" VPOS="2945" WIDTH="2155" HEIGHT="78">
						<String ID="P38_ST00270" HPOS="254" VPOS="2945" WIDTH="458" HEIGHT="63" CONTENT="M.D'Eichtal" WC="0.68" CC="03734460012"/>
						<SP ID="P38_SP00236" HPOS="712" VPOS="3008" WIDTH="32"/>
						<String ID="P38_ST00271" HPOS="744" VPOS="2963" WIDTH="81" HEIGHT="42" CONTENT="en" WC="0.81" CC="30"/>
						<SP ID="P38_SP00237" HPOS="825" VPOS="3008" WIDTH="31"/>
						<String ID="P38_ST00272" HPOS="856" VPOS="2963" WIDTH="94" HEIGHT="42" CONTENT="un" WC="0.64" CC="70"/>
						<SP ID="P38_SP00238" HPOS="950" VPOS="3008" WIDTH="26"/>
						<String ID="P38_ST00273" HPOS="976" VPOS="2945" WIDTH="224" HEIGHT="60" CONTENT="récent" WC="0.98" CC="043407"/>
						<SP ID="P38_SP00239" HPOS="1200" VPOS="3008" WIDTH="27"/>
						<String ID="P38_ST00274" HPOS="1227" VPOS="2945" WIDTH="167" HEIGHT="60" CONTENT="livre" WC="0.98" CC="41005"/>
						<SP ID="P38_SP00240" HPOS="1394" VPOS="3008" WIDTH="34"/>
						<String ID="P38_ST00275" HPOS="1428" VPOS="2945" WIDTH="168" HEIGHT="60" CONTENT="dans" WC="1.00" CC="0000"/>
						<SP ID="P38_SP00241" HPOS="1596" VPOS="3008" WIDTH="28"/>
						<String ID="P38_ST00276" HPOS="1624" VPOS="2945" WIDTH="222" HEIGHT="78" CONTENT="lequel" WC="0.98" CC="540700"/>
						<SP ID="P38_SP00242" HPOS="1846" VPOS="3023" WIDTH="50"/>
						<String ID="P38_ST00277" HPOS="1896" VPOS="2945" WIDTH="49" HEIGHT="59" CONTENT="il" WC="0.83" CC="20"/>
						<SP ID="P38_SP00243" HPOS="1945" VPOS="3023" WIDTH="35"/>
						<String ID="P38_ST00278" HPOS="1980" VPOS="2945" WIDTH="256" HEIGHT="59" CONTENT="déclare" WC="0.99" CC="0153002"/>
						<SP ID="P38_SP00244" HPOS="2236" VPOS="3023" WIDTH="42"/>
						<String ID="P38_ST00279" HPOS="2278" VPOS="2959" WIDTH="131" HEIGHT="61" CONTENT="que" WC="0.98" CC="006"/>
					</TextLine>
					<TextLine ID="P38_TL00035" HPOS="251" VPOS="3027" WIDTH="2164" HEIGHT="73">
						<String ID="P38_ST00280" HPOS="251" VPOS="3028" WIDTH="64" HEIGHT="61" CONTENT="le" WC="0.94" CC="10"/>
						<SP ID="P38_SP00245" HPOS="315" VPOS="3089" WIDTH="33"/>
						<String ID="P38_ST00281" HPOS="348" VPOS="3027" WIDTH="378" HEIGHT="61" CONTENT="socialisme" WC="0.99" CC="3353030201"/>
						<SP ID="P38_SP00246" HPOS="726" VPOS="3089" WIDTH="28"/>
						<String ID="P38_ST00282" HPOS="754" VPOS="3027" WIDTH="170" HEIGHT="59" CONTENT="n'est" WC="0.97" CC="72330"/>
						<SP ID="P38_SP00247" HPOS="924" VPOS="3089" WIDTH="19"/>
						<String ID="P38_ST00283" HPOS="943" VPOS="3047" WIDTH="30" HEIGHT="36" CONTENT="«" WC="1.00" CC="0"/>
						<SP ID="P38_SP00248" HPOS="973" VPOS="3089" WIDTH="25"/>
						<String ID="P38_ST00284" HPOS="998" VPOS="3027" WIDTH="380" HEIGHT="72" CONTENT="qu'utopie.," WC="0.51" CC="58274004767" STYLEREFS="TXT_2"/>
						<SP ID="P38_SP00249" HPOS="1378" VPOS="3099" WIDTH="20"/>
						<String ID="P38_ST00285" HPOS="1398" VPOS="3028" WIDTH="385" HEIGHT="72" CONTENT="agitations" WC="0.99" CC="0042014053" STYLEREFS="TXT_2"/>
						<SP ID="P38_SP00250" HPOS="1783" VPOS="3100" WIDTH="30"/>
						<String ID="P38_ST00286" HPOS="1813" VPOS="3042" WIDTH="280" HEIGHT="44" CONTENT="creuses" WC="0.98" CC="6067860" STYLEREFS="TXT_2"/>
						<SP ID="P38_SP00251" HPOS="2093" VPOS="3100" WIDTH="21"/>
						<String ID="P38_ST00287" HPOS="2114" VPOS="3042" WIDTH="92" HEIGHT="44" CONTENT="ou" WC="1.00" CC="00" STYLEREFS="TXT_2"/>
						<SP ID="P38_SP00252" HPOS="2206" VPOS="3100" WIDTH="31"/>
						<String ID="P38_ST00288" HPOS="2237" VPOS="3029" WIDTH="134" HEIGHT="56" CONTENT="mal" SUBS_TYPE="HypPart1" SUBS_CONTENT="malsaines" WC="1.00" CC="000" STYLEREFS="TXT_2"/>
						<HYP HPOS="2371" VPOS="3029" WIDTH="44" CONTENT="-"/>
					</TextLine>
					<TextLine ID="P38_TL00036" HPOS="255" VPOS="3103" WIDTH="2154" HEIGHT="77">
						<String ID="P38_ST00289" HPOS="255" VPOS="3113" WIDTH="237" HEIGHT="56" CONTENT="saines" SUBS_TYPE="HypPart2" SUBS_CONTENT="malsaines" WC="0.98" CC="405554" STYLEREFS="TXT_2"/>
						<SP ID="P38_SP00253" HPOS="492" VPOS="3169" WIDTH="33"/>
						<String ID="P38_ST00290" HPOS="525" VPOS="3110" WIDTH="426" HEIGHT="59" CONTENT="excitations" WC="0.99" CC="66507000504" STYLEREFS="TXT_2"/>
						<SP ID="P38_SP00254" HPOS="951" VPOS="3169" WIDTH="32"/>
						<String ID="P38_ST00291" HPOS="983" VPOS="3110" WIDTH="495" HEIGHT="70" CONTENT="dangereuses," WC="0.99" CC="000060575630" STYLEREFS="TXT_2"/>
						<SP ID="P38_SP00255" HPOS="1478" VPOS="3180" WIDTH="38"/>
						<String ID="P38_ST00292" HPOS="1516" VPOS="3122" WIDTH="188" HEIGHT="56" CONTENT="pour" WC="0.97" CC="0480" STYLEREFS="TXT_2"/>
						<SP ID="P38_SP00256" HPOS="1704" VPOS="3180" WIDTH="42"/>
						<String ID="P38_ST00293" HPOS="1746" VPOS="3105" WIDTH="253" HEIGHT="61" CONTENT="l'ordre" WC="0.99" CC="0210075" STYLEREFS="TXT_2"/>
						<SP ID="P38_SP00257" HPOS="1999" VPOS="3180" WIDTH="26"/>
						<String ID="P38_ST00294" HPOS="2025" VPOS="3110" WIDTH="238" HEIGHT="67" CONTENT="public" WC="0.98" CC="008075" STYLEREFS="TXT_2"/>
						<SP ID="P38_SP00258" HPOS="2263" VPOS="3180" WIDTH="34"/>
						<String ID="P38_ST00295" HPOS="2297" VPOS="3103" WIDTH="112" HEIGHT="77" CONTENT="(1)." WC="0.74" CC="0234" STYLEREFS="TXT_2"/>
					</TextLine>
					<TextLine ID="P38_TL00037" HPOS="255" VPOS="3185" WIDTH="2154" HEIGHT="80">
						<String ID="P38_ST00296" HPOS="255" VPOS="3188" WIDTH="272" HEIGHT="62" CONTENT="L'effort" WC="0.98" CC="54611590"/>
						<SP ID="P38_SP00259" HPOS="527" VPOS="3250" WIDTH="26"/>
						<String ID="P38_ST00297" HPOS="553" VPOS="3188" WIDTH="82" HEIGHT="61" CONTENT="de" WC="0.89" CC="02"/>
						<SP ID="P38_SP00260" HPOS="635" VPOS="3250" WIDTH="20"/>
						<String ID="P38_ST00298" HPOS="655" VPOS="3188" WIDTH="66" HEIGHT="60" CONTENT="la" WC="0.70" CC="50"/>
						<SP ID="P38_SP00261" HPOS="721" VPOS="3250" WIDTH="19"/>
						<String ID="P38_ST00299" HPOS="740" VPOS="3188" WIDTH="379" HEIGHT="61" CONTENT="révolution" WC="0.99" CC="0100670240"/>
						<SP ID="P38_SP00262" HPOS="1119" VPOS="3250" WIDTH="21"/>
						<String ID="P38_ST00300" HPOS="1140" VPOS="3188" WIDTH="367" HEIGHT="60" CONTENT="consistera" WC="0.99" CC="0004440406"/>
						<SP ID="P38_SP00263" HPOS="1507" VPOS="3250" WIDTH="24"/>
						<String ID="P38_ST00301" HPOS="1531" VPOS="3188" WIDTH="37" HEIGHT="58" CONTENT="à" WC="0.34" CC="6"/>
						<SP ID="P38_SP00264" HPOS="1568" VPOS="3250" WIDTH="20"/>
						<String ID="P38_ST00302" HPOS="1588" VPOS="3185" WIDTH="294" HEIGHT="80" CONTENT="préciser" WC="0.99" CC="10024440"/>
						<SP ID="P38_SP00265" HPOS="1882" VPOS="3265" WIDTH="18"/>
						<String ID="P38_ST00303" HPOS="1900" VPOS="3204" WIDTH="106" HEIGHT="42" CONTENT="ces" WC="0.96" CC="325"/>
						<SP ID="P38_SP00266" HPOS="2006" VPOS="3265" WIDTH="14"/>
						<String ID="P38_ST00304" HPOS="2020" VPOS="3187" WIDTH="389" HEIGHT="71" CONTENT="tendances," WC="1.00" CC="0300005204"/>
					</TextLine>
					<TextLine ID="P38_TL00038" HPOS="255" VPOS="3268" WIDTH="2159" HEIGHT="79">
						<String ID="P38_ST00305" HPOS="255" VPOS="3270" WIDTH="41" HEIGHT="59" CONTENT="à" WC="0.34" CC="6"/>
						<SP ID="P38_SP00267" HPOS="296" VPOS="3329" WIDTH="35"/>
						<String ID="P38_ST00306" HPOS="331" VPOS="3270" WIDTH="101" HEIGHT="60" CONTENT="les" WC="0.95" CC="146"/>
						<SP ID="P38_SP00268" HPOS="432" VPOS="3330" WIDTH="31"/>
						<String ID="P38_ST00307" HPOS="463" VPOS="3268" WIDTH="167" HEIGHT="61" CONTENT="faire" WC="1.00" CC="00004"/>
						<SP ID="P38_SP00269" HPOS="630" VPOS="3330" WIDTH="29"/>
						<String ID="P38_ST00308" HPOS="659" VPOS="3287" WIDTH="236" HEIGHT="60" CONTENT="passer" WC="0.98" CC="800216"/>
						<SP ID="P38_SP00270" HPOS="895" VPOS="3347" WIDTH="32"/>
						<String ID="P38_ST00309" HPOS="927" VPOS="3269" WIDTH="37" HEIGHT="59" CONTENT="à" WC="0.28" CC="7"/>
						<SP ID="P38_SP00271" HPOS="964" VPOS="3347" WIDTH="28"/>
						<String ID="P38_ST00310" HPOS="992" VPOS="3268" WIDTH="217" HEIGHT="74" CONTENT="l'acte," WC="0.99" CC="0404604"/>
						<SP ID="P38_SP00272" HPOS="1209" VPOS="3347" WIDTH="30"/>
						<String ID="P38_ST00311" HPOS="1239" VPOS="3269" WIDTH="36" HEIGHT="59" CONTENT="à" WC="0.32" CC="6"/>
						<SP ID="P38_SP00273" HPOS="1275" VPOS="3347" WIDTH="28"/>
						<String ID="P38_ST00312" HPOS="1303" VPOS="3268" WIDTH="277" HEIGHT="61" CONTENT="réaliser" WC="0.99" CC="04006450"/>
						<SP ID="P38_SP00274" HPOS="1580" VPOS="3347" WIDTH="30"/>
						<String ID="P38_ST00313" HPOS="1610" VPOS="3284" WIDTH="80" HEIGHT="44" CONTENT="en" WC="1.00" CC="00"/>
						<SP ID="P38_SP00275" HPOS="1690" VPOS="3347" WIDTH="33"/>
						<String ID="P38_ST00314" HPOS="1723" VPOS="3284" WIDTH="94" HEIGHT="44" CONTENT="un" WC="0.67" CC="60"/>
						<SP ID="P38_SP00276" HPOS="1817" VPOS="3347" WIDTH="36"/>
						<String ID="P38_ST00315" HPOS="1853" VPOS="3269" WIDTH="138" HEIGHT="59" CONTENT="mot" WC="0.98" CC="050"/>
						<SP ID="P38_SP00277" HPOS="1991" VPOS="3347" WIDTH="29"/>
						<String ID="P38_ST00316" HPOS="2020" VPOS="3268" WIDTH="63" HEIGHT="61" CONTENT="le" WC="0.68" CC="05"/>
						<SP ID="P38_SP00278" HPOS="2083" VPOS="3347" WIDTH="31"/>
						<String ID="P38_ST00317" HPOS="2114" VPOS="3284" WIDTH="300" HEIGHT="44" CONTENT="commu-" WC="0.38" CC="466864"/>
					</TextLine>
				</TextBlock>
				<TextBlock ID="P38_TB00003" HPOS="252" VPOS="3473" WIDTH="2158" HEIGHT="126" STYLEREFS="TXT_3 PAR_LEFT">
					<TextLine ID="P38_TL00039" HPOS="318" VPOS="3474" WIDTH="2092" HEIGHT="61">
						<String ID="P38_ST00318" HPOS="318" VPOS="3474" WIDTH="150" HEIGHT="61" CONTENT="(L)E." WC="0.49" CC="08664" STYLEREFS="TXT_4"/>
						<SP ID="P38_SP00279" HPOS="468" VPOS="3535" WIDTH="36"/>
						<String ID="P38_ST00319" HPOS="504" VPOS="3476" WIDTH="345" HEIGHT="48" CONTENT="D'EICHTAL:" WC="0.43" CC="6038676844" STYLEREFS="TXT_4"/>
						<SP ID="P38_SP00280" HPOS="849" VPOS="3535" WIDTH="30"/>
						<String ID="P38_ST00320" HPOS="879" VPOS="3476" WIDTH="356" HEIGHT="56" CONTENT="Socialisme," WC="0.99" CC="60500013153" STYLEREFS="TXT_5"/>
						<SP ID="P38_SP00281" HPOS="1235" VPOS="3535" WIDTH="28"/>
						<String ID="P38_ST00321" HPOS="1263" VPOS="3488" WIDTH="422" HEIGHT="35" CONTENT="communisme" WC="0.98" CC="7556884397" STYLEREFS="TXT_5"/>
						<SP ID="P38_SP00282" HPOS="1685" VPOS="3535" WIDTH="19"/>
						<String ID="P38_ST00322" HPOS="1704" VPOS="3480" WIDTH="48" HEIGHT="43" CONTENT="et" WC="0.07" CC="98" STYLEREFS="TXT_5"/>
						<SP ID="P38_SP00283" HPOS="1752" VPOS="3535" WIDTH="456"/>
						<String ID="P38_ST00323" HPOS="2208" VPOS="3474" WIDTH="202" HEIGHT="60" CONTENT="(Paris," WC="0.98" CC="8427083" STYLEREFS="TXT_1"/>
					</TextLine>
					<TextLine ID="P38_TL00040" HPOS="252" VPOS="3524" WIDTH="566" HEIGHT="75">
						<String ID="P38_ST00324" HPOS="252" VPOS="3524" WIDTH="365" HEIGHT="72" CONTENT="Guiflaumin," WC="0.48" CC="87102367845" STYLEREFS="TXT_1"/>
						<SP ID="P38_SP00284" HPOS="617" VPOS="3596" WIDTH="32"/>
						<String ID="P38_ST00325" HPOS="649" VPOS="3539" WIDTH="169" HEIGHT="60" CONTENT="édit.j." WC="0.51" CC="5750283" STYLEREFS="TXT_1"/>
					</TextLine>
				</TextBlock>
			</PrintSpace>
		</Page>
	</Layout>
</alto>
