2650 3813
1250 223 115 61 163

250 371 280 76 l'espace
563 370 218 61 désert
809 371 160 60 d'un
1001 372 230 61 ancien
1258 378 269 73 paradis
1546 379 63 59 et
1628 380 49 58 il
1701 381 336 74 semblait,
2068 400 133 44 aux
2230 400 115 44 sou-

254 451 136 76 pirs
440 450 190 76 épars
681 450 166 60 dans
892 451 98 60 les
1040 450 291 76 feuilles,
1392 473 127 58 que
1551 458 118 59 des
1710 460 266 62 ombres
2007 463 80 59 de
2134 463 246 61 douces

256 531 182 59 âmes
470 546 45 59 y
544 531 446 61 attendissent
1021 532 388 77 quelqu'un.

333 607 235 61 Arrivé
616 626 85 42 au
756 609 165 61 bord
986 611 194 60 d'une
1236 629 178 43 mare
1444 616 85 57 où
1584 633 119 43 son
1757 620 227 61 cheval
2022 621 235 61 buvait
2301 639 83 43 en

250 687 310 63 baissant
590 689 64 59 la
682 687 131 63 tête
840 690 51 61 il
929 690 99 61 vit
1057 709 94 41 un
1202 694 185 58 autre
1415 695 329 62 chevalier
1786 717 115 43 sur
1928 701 66 60 la
2021 701 198 78 berge
2268 720 75 59 op-

250 767 219 79 posée.
2143 753 35 27 °

329 847 54 59 Il
428 846 159 60 était
621 846 158 61 vêtu
828 847 286 63 d'armes
1151 851 311 76 pareilles
1515 872 132 43 aux
1684 856 290 77 siennes,
2011 861 374 60 seulement

250 944 131 42 une
413 926 171 60 belle
615 927 348 61 chevelure
1021 930 404 77 s'échappait
1481 934 92 59 du
1606 952 240 61 casque
1898 941 63 58 et
1995 939 64 60 la
2089 941 296 60 cuirasse

253 1006 301 60 bombait
582 1023 113 43 sur
724 1025 94 41 un
850 1009 143 58 sein
1025 1010 79 60 de
1136 1009 270 76 femme,
1440 1014 65 58 et
1541 1014 153 59 tous
1726 1016 200 74 deux,
1955 1019 312 77 masqués
2326 1021 64 59 et

256 1087 354 72 inconnus,
631 1104 69 42 se
732 1089 486 61 considéraient
1249 1109 81 43 en
1349 1093 274 74 silence,
1647 1096 223 60 tandis
1894 1114 152 61 que,
2070 1099 91 60 du
2183 1100 206 59 mufle

253 1167 79 59 de
357 1166 184 59 leurs
568 1165 321 74 chevaux,
912 1169 98 58 les
1025 1169 266 62 oreilles
1316 1171 301 76 pointées
1649 1175 62 58 et
1726 1175 65 60 la
1807 1193 219 60 queue
2065 1178 323 77 inquiète,

250 1245 370 61 tombaient
649 1246 118 60 des
795 1250 289 74 gouttes,
1114 1267 257 44 comme
1402 1253 118 59 des
1547 1251 267 78 larmes,
1857 1256 166 61 dans
2054 1258 217 61 l'eau?

333 1325 56 58 Il
418 1325 98 58 lui
544 1324 256 61 sembla
832 1343 131 43 aux
988 1327 299 61 cheveux
1311 1334 414 60 reconnaître
1772 1334 293 62 l'Enfant
2107 1338 116 78 qui
2261 1355 101 44 res-

263 1405 315 61 semblait
609 1405 36 58 à
675 1405 66 60 la
764 1423 176 44 sœur
968 1409 251 76 perdue
1247 1411 64 59 et
1340 1410 50 60 il
1420 1411 401 79 l'interpella
1853 1434 14 41 :

337 1505 28 35 «
388 1484 222 59 Est-ce
643 1484 157 61 bien
828 1486 94 60 toi
954 1487 116 77 qui
1095 1487 192 63 viens
1320 1508 230 44 encore
1575 1493 37 58 à
1633 1512 111 40 ma
1773 1498 368 73 rencontre,
2166 1499 194 60 Etran-

253 1564 149 78 gère
483 1564 301 61 obstinée
823 1565 31 60 ?
938 1584 158 43 sous
1174 1587 94 41 un
1344 1574 221 75 aspect
1642 1575 299 75 guerrier
2006 1580 64 57 et
2138 1595 257 44 comme

257 1644 57 59 si
343 1645 74 57 tu
447 1642 266 61 voulais
770 1644 81 61 de
906 1645 176 62 force
1133 1649 293 77 imposer
1456 1651 36 59 à
1524 1668 109 44 ma
1692 1654 320 62 mémoire
2053 1674 95 42 un
2178 1660 224 76 aspect

253 1722 306 63 illusoire
590 1724 63 61 et
681 1724 328 62 violenter
1051 1747 101 43 ma
1195 1729 198 61 fidèle
1429 1730 283 64 douleur
1740 1735 64 60 et
1835 1735 116 78 qui
1981 1736 378 80 m'importu-

268 1820 118 43 nes
409 1805 12 57 !
455 1824 30 36 »

330 1882 87 61 Et
443 1900 74 43 sa
548 1884 158 59 voix
737 1884 161 61 était
921 1888 241 61 sourde
1193 1889 63 60 et
1299 1889 166 61 rude
1489 1908 160 43 sous
1674 1891 61 61 le
1767 1910 268 63 casque.

332 1961 84 62 Et
471 1962 65 60 la
592 1962 381 63 fraternelle
1030 1969 334 75 guerrière
1423 1969 99 61 lui
1580 1971 310 78 répondit
1940 1976 196 63 d'une
2172 1978 225 78 parole

259 2042 469 79 qu'amplifiait
756 2045 65 58 la
851 2045 212 61 cavité
1096 2065 235 44 sonore
1363 2049 80 61 de
1473 2050 65 60 la
1562 2051 271 63 visière.

334 2143 31 35 «
398 2122 77 60 Je
506 2140 81 43 ne
616 2124 136 59 sais
784 2142 71 43 ce
884 2143 128 58 que
1033 2129 75 58 tu
1138 2145 177 44 veux
1340 2129 164 75 dire,
1537 2130 457 83 énigmatique
2016 2139 269 76 parleur
2305 2139 80 61 de

249 2203 300 73 l'ombre,
582 2205 171 60 mais
777 2205 69 78 je
878 2206 148 60 hais
1054 2210 69 57 ta
1145 2227 144 43 race
1317 2227 396 47 amoureuse
1743 2216 62 58 et
1821 2215 285 78 brutale,
2136 2219 36 60 à
2197 2237 198 43 cause

257 2283 157 59 d'un
441 2300 236 43 amour
708 2285 269 60 arraché
1002 2286 13 60 !
1052 2288 160 59 dont
1233 2290 75 59 tu
1340 2307 71 43 es
1432 2289 60 61 le
1526 2290 314 66 fantôme.
1865 2316 31 36 »

332 2363 82 59 Et
443 2364 61 59 le
531 2365 282 76 pouvoir
844 2366 80 60 de
945 2366 65 60 la
1039 2368 128 61 Fée
1199 2370 64 59 et
1289 2370 92 60 du
1423 2370 210 62 Génie
1678 2390 170 60 pour
1880 2376 307 78 conjurer
2214 2379 148 79 quel-

259 2459 127 60 que
422 2460 391 46 occurrence
844 2446 518 64 réconciliatrice
1391 2451 62 59 et
1475 2451 336 77 dessillée,
1834 2473 118 60 par
1980 2458 65 61 la
2074 2459 211 60 colère
2317 2459 80 61 de

254 2539 70 45 ce
352 2521 156 76 défi,
540 2542 85 43 au
656 2542 160 44 nom
844 2526 78 60 de
945 2528 234 61 choses
1203 2530 514 78 mystérieuses,
1748 2534 101 61 les
1873 2553 252 61 poussa
2155 2539 37 60 à
2220 2556 132 44 com-

257 2603 235 59 battre.

329 2683 70 59 If
417 2683 338 63 fondirent
784 2685 141 61 l'un
940 2690 220 59 contre
1189 2689 234 61 l'autre
1466 2693 63 58 et
1551 2691 182 64 leurs
1764 2697 303 60 chevaux
2098 2698 264 62 s'affron-

252 2760 209 62 tèrent
487 2764 133 60 tête
648 2766 225 60 contre
907 2766 133 61 tête
1072 2769 222 60 tandis
1321 2770 271 76 qu'eux,
1617 2774 168 61 dans
1815 2777 301 74 l'ombre,
2145 2778 252 62 debout

253 2858 116 43 sur
396 2843 181 61 leurs
609 2843 257 77 étriers,
897 2864 68 42 se
995 2846 398 80 frappaient,
1435 2850 38 59 à
1504 2854 242 75 grands
1771 2873 203 61 coups
1999 2858 79 60 de
2112 2859 281 76 glaives,

256 2921 57 60 si
342 2921 131 63 fort
502 2942 126 59 que
653 2925 182 60 leurs
857 2926 331 63 cuirasses
1231 2947 80 43 en
1340 2930 222 78 pièces
1586 2934 413 64 dénudèrent
2030 2939 150 60 leur
2209 2939 186 61 chair

254 3003 62 58 et
348 3019 83 43 en
464 3004 216 61 même
703 3006 218 78 temps
953 3024 155 43 avec
1138 3027 94 40 un
1259 3009 244 62 double
1536 3013 92 59 cri
1663 3015 78 60 de
1773 3015 197 63 haine
2002 3019 62 60 et
2088 3019 311 61 d'amour

253 3081 152 61 tous
438 3084 178 60 deux
648 3103 71 43 se
755 3085 396 64 blessèrent.

332 3180 57 59 Il
438 3183 303 62 s'étaient
794 3203 334 43 reconnus
1160 3206 80 42 en
1296 3207 71 43 ce
1420 3191 117 72 cri,
1573 3196 85 69 et,
1693 3193 139 62 face
1863 3197 37 58 à
1942 3197 164 72 face,
2141 3197 218 62 démas-

256 3260 186 75 qués,
473 3281 257 44 comme
764 3267 58 58 si
856 3283 156 45 avec
1066 3268 184 60 leurs
1299 3286 305 46 armures
1650 3273 255 64 brisées
1950 3278 105 60 fut
2086 3278 224 61 tombé
2340 3279 62 61 le

254 3340 386 65 redoutable
670 3346 515 63 enchantement
1235 3349 78 60 de
1373 3351 244 61 misère
1647 3356 64 57 et
1755 3356 348 63 d'absence
2135 3376 119 61 par
2285 3359 117 77 qui

256 3419 86 59 ils
374 3422 416 78 périssaient,
841 3427 86 61 ils
977 3446 70 43 se
1095 3431 420 76 regardaient
1545 3433 36 59 à
1619 3436 253 61 travers
1914 3438 62 61 le
2008 3439 391 79 crépuscule

257 3500 115 75 qui
404 3502 186 62 allait
638 3504 258 64 bientôt
931 3507 135 62 être
1111 3527 174 61 pour
1335 3527 131 45 eux
1510 3512 65 62 la
1626 3516 151 63 nuit
1833 3518 339 70 éternelle,
2209 3519 90 64 ils
2331 3537 71 46 se
