3426 4381
1641 168 105 50 266

180 316 169 49 mittein
388 313 215 64 begabter
641 310 234 56 Dilettant,
926 309 122 47 Herr
1086 309 63 47 Hi
1164 309 64 47 11-
1244 308 103 48 Mal
1363 314 158 57 apert
1572 323 83 30 von

178 393 256 53 Frankfurt,
471 389 83 47 den
581 386 201 64 Raphael
823 384 92 48 und
956 385 84 48 den
1069 385 159 48 Adam.
1284 386 94 45 Der
1407 385 249 46 Gesammt-

178 466 224 50 Eindruck
444 464 74 47 des
547 461 197 50 Werkes
783 478 96 30 war
914 461 69 47 ein
1025 461 242 62 günstiger.
1321 460 72 46 An
1431 457 225 47 Präcision

181 545 130 47 fehlte
339 558 43 30 es
410 557 81 30 von
517 539 152 47 keiner
693 537 137 56 Seite;
861 537 68 47 die
951 537 154 64 Tempi
1135 553 151 31 waren
1316 535 127 47 mehr
1469 534 70 48 die
1567 541 67 40 tra-

179 617 265 55 ditionellen,
480 616 61 47 als
570 614 248 64 diejenigen
846 630 54 31 an
929 612 99 49 dem
1060 612 112 47 eben
1201 611 258 48 erwähnten
1488 610 140 48 Musik-

178 696 102 46 feste
297 711 10 37 ;
336 691 157 47 Kräfte
522 690 91 47 und
641 689 327 48 Räumlichkeit
993 687 184 49 standen
1205 689 43 45 in
1276 686 197 47 ziemlich
1503 692 153 58 gutem

175 769 285 48 Verhältniss.
489 767 85 46 Die
603 766 147 47 Chöre
778 765 163 63 gingen
971 772 94 56 gut,
1093 764 69 47 die
1191 762 188 49 Solisten
1406 762 153 47 thaten
1586 762 71 46 ihr

175 844 259 64 Schuldiges
462 841 90 48 und
579 842 164 47 Restes.
783 842 94 46 Das
905 841 243 47 Orchester
1186 840 119 47 kann
1342 855 104 30 man
1473 838 184 47 niemals

174 920 159 48 anders
360 920 61 45 als
449 916 209 48 lobend
686 916 252 48 erwähnen.

284 996 169 47 Ausser
481 993 147 47 diesen
660 993 263 56 Concerten,
952 991 70 48 die
1045 993 118 46 Herr
1189 990 332 64 Capellmeister
1549 991 72 46 Ha-

174 1089 99 47 gen
300 1087 82 32 von
411 1070 97 47 hier
534 1070 79 47 mit
640 1068 122 47 Eifer
788 1068 92 47 und
908 1085 176 47 grosser
1105 1067 194 64 Sorgfalt
1324 1066 135 54 leitet,
1487 1065 146 48 verdie-

173 1164 86 30 nen
287 1146 70 47 die
377 1162 84 31 von
481 1145 84 47 den
589 1146 177 46 Herren
792 1143 400 55 Raldenecker,
1222 1142 242 55 Scholle,
1493 1141 123 63 Wag-

171 1240 97 32 ner
296 1222 90 48 und
416 1222 224 56 Grimm,
667 1221 245 47 sämmtlich
932 1218 281 65 Mitgliedern
1242 1218 75 47 des
1346 1218 311 62 herzoglichen

174 1297 498 56 Theater-Orchesters,
712 1296 336 47 veranstalteten
1091 1294 228 47 Soireen
1363 1294 86 46 für
1488 1294 126 47 Kam-

174 1373 297 48 mermusik
510 1372 69 47 die
618 1372 178 47 nächste
824 1371 90 47 und
942 1371 288 47 rühmlichste
1257 1369 307 64 Erwähnung.
1605 1371 51 45 In

170 1467 121 32 neun
317 1451 198 54 Soireen,
545 1448 133 47 deren
706 1454 113 40 erste
847 1463 71 31 am
950 1447 84 47 22.
1055 1447 255 48 November
1331 1463 37 31 v.
1389 1448 40 46 J.
1458 1447 91 46 und
1578 1446 52 48 de-

173 1543 80 31 ren
280 1527 124 46 letzte
433 1541 68 30 am
538 1523 76 48 16.
644 1524 119 46 März
792 1522 40 48 d.
860 1524 39 46 J.
928 1523 116 47 Statt
1073 1522 118 57 fand,
1233 1523 160 47 kamen
1430 1538 79 31 zur
1536 1523 88 46 Aus-

170 1602 222 62 führung:
423 1600 233 56 Quartette
684 1616 83 30 von
791 1598 178 65 Haydn,
997 1600 188 55 Mozart,
1213 1599 270 54 Reethoven,
1512 1599 113 46 Schu-

169 1678 100 47 bert
430 1674 121 66 (A-mott,
552 1675 41 47 2
594 1674 97 65 Mal)
731 1674 90 47 und
856 1675 169 64 Spohr;
1068 1675 76 46 für
1169 1675 257 47 Pianoforte
1455 1675 196 47 Sonaten

169 1769 84 32 von
288 1753 253 47 Reethoven
575 1752 80 47 mit
691 1752 172 47 Violine
905 1750 110 49 oder
1048 1752 260 55 Violoncell,
1350 1750 77 49 das

171 1830 104 46 Trio
305 1829 86 64 Op.
423 1828 64 48 97
520 1846 42 29 u.
590 1844 33 31 s.
653 1844 55 31 w.

278 1907 94 45 Das
396 1905 146 47 Ganze
561 1920 95 31 war
683 1904 97 47 eine
808 1904 179 56 schöne,
1015 1903 212 63 Achtung
1247 1903 267 64 gebietende
1534 1905 88 46 Aus-

169 1981 129 47 wahl.
326 1983 94 44 Der
449 1981 247 47 talentvolle
724 1980 331 62 Clavierspieler
1087 1981 115 46 Herr
1230 1980 187 47 Pallat
1444 1995 82 32 von
1556 1980 97 47 hier

170 2058 53 45 ist
250 2056 77 49 mit
359 2058 43 45 in
430 2056 85 47 den
542 2056 128 47 Rund
714 2055 78 48 der
1039 2064 213 56 getreten.
1293 2056 152 46 Herrn
1473 2056 179 47 Pallat's

169 2134 273 62 Leistungen
470 2133 94 47 sind
587 2133 223 47 durchaus
832 2131 434 55 zufriedenstellend;
1295 2149 48 29 er
1373 2131 153 49 besitzt
1554 2133 97 47 eine

167 2208 199 64 tüchtige
393 2208 197 47 Technik
627 2208 89 47 und
759 2209 113 46 lernt
907 2208 127 47 einen
1070 2215 138 56 guten
1237 2206 240 49 Gebrauch
1507 2208 144 48 davon

166 2301 54 30 zu
246 2284 200 47 machen.
484 2285 94 46 Das
604 2282 242 49 Ensemble
874 2282 80 47 der
982 2290 344 57 erstgenannten
1354 2284 90 47 vier
1473 2285 177 46 Herren

171 2359 195 64 gewinnt
392 2360 242 63 alljährlich
672 2376 54 31 an
755 2360 246 55 Präcision;
1042 2360 69 47 ihr
1140 2360 330 47 Fortschreiten
1500 2360 54 47 ist
1581 2361 71 47 ein

166 2436 261 57 sichtliches,
462 2436 89 47 und
578 2436 148 47 haben
759 2437 60 46 sie
862 2436 160 47 bereits
1064 2437 126 46 einen
1233 2436 147 47 hohen
1411 2437 123 47 Grad
1567 2454 85 30 von

170 2511 245 48 Sicherheit
444 2512 184 64 erlaiigt.
682 2512 85 47 Die
795 2512 345 64 Schattirungen
1181 2511 96 48 sind
1317 2512 113 47 eben
1465 2529 47 30 so
1556 2514 95 47 fern

169 2604 96 32 vom
297 2587 114 47 bloss
437 2589 285 47 Effectvollen
752 2589 91 45 und
871 2589 304 55 Manierirten,
1202 2590 63 46 als
1291 2589 61 47 sie
1380 2589 99 47 dem
1511 2589 112 48 höhe-

169 2680 78 32 ren
275 2663 134 56 Ziele,
449 2680 84 30 nur
571 2663 84 49 den
692 2665 296 63 richtigen,
1030 2681 98 31 vom
1159 2665 317 64 Componisten
1512 2666 112 47 beab-

173 2740 228 63 sichtigten
423 2740 236 47 Ausdruck
687 2757 52 31 zu
768 2741 165 55 finden,
961 2741 160 47 immer
1147 2741 139 47 näher
1316 2742 220 47 kommen.
1567 2742 85 47 Die

174 2816 415 57 Quartett-Soireen
607 2817 95 47 sind
729 2817 197 47 ziemlich
955 2825 80 56 gut
1062 2817 186 47 besucht
1276 2817 90 48 und
1396 2817 181 48 werden
1606 2835 46 30 es

167 2891 229 63 jedenfalls
423 2909 82 31 von
532 2892 110 48 Jahr
669 2911 51 28 zu
748 2893 112 47 Jahr
888 2895 158 45 immer
1074 2893 141 49 mehr.

287 2968 152 47 Gehen
467 2970 81 45 wir
574 2986 77 31 zur
674 2971 126 63 Oper
824 2970 127 55 über,
982 2987 46 31 so
1056 2971 55 48 ist
1136 2987 78 31 vor
1236 2971 144 47 Allem
1409 2971 70 48 die
1509 2972 114 47 Uner-

176 3043 287 48 müdlichkeit
491 3062 177 31 unseres
698 3047 82 47 fast
811 3047 70 47 nie
914 3047 329 47 stillstehenden
1274 3048 216 47 Theaters
1519 3065 107 30 anzu-

175 3118 238 50 erkennen.
440 3122 92 46 Das
560 3123 259 62 Repertoire
846 3122 259 65 vollständig
1145 3123 318 56 mitzutheilen,
1506 3124 146 47 dürfte

176 3194 268 66 überflüssig
470 3197 105 56 sein,
604 3197 56 48 da
686 3215 45 30 es
761 3199 67 47 bei
858 3199 115 47 allen
994 3199 240 47 deutschen
1257 3199 111 47 Hof-
1392 3199 90 49 und
1505 3201 148 48 Stadt-

179 3272 221 47 Theatern
428 3288 47 32 so
501 3273 196 47 ziemlich
726 3274 197 49 dasselbe
952 3276 65 47 ist.
1058 3276 82 47 Mit
1173 3276 99 48 dem
1303 3278 211 46 Personal
1544 3277 84 48 kön-

179 3362 85 32 nen
302 3348 81 47 wir
420 3364 80 31 uns
541 3348 70 48 bei
653 3349 99 49 dem
785 3351 193 64 jetzigen
1016 3353 175 64 Mangel
1234 3368 56 32 an
1331 3353 324 48 wirklichen

181 3423 197 62 Sängern
407 3423 233 66 befriedigt
668 3425 213 49 erklären.
909 3429 71 46 Da
1002 3428 150 47 hatten
1175 3429 80 46 wir
1275 3447 34 29 z.
1326 3431 49 45 R.
1399 3429 70 49 die
1483 3431 173 47 Norma

184 3498 79 46 mit
289 3499 145 47 Herrn
461 3500 288 49 Auerbach
780 3503 61 46 als
863 3503 150 56 Sever,
1041 3504 149 47 Herrn
1213 3504 130 65 Lipp
1374 3507 62 45 als
1460 3505 195 56 Orovist,

184 3574 150 46 Fräul.
359 3575 271 49 Lehmann
659 3578 62 47 als
748 3579 187 56 Norma,
976 3580 146 47 Fräul.
1150 3582 249 47 Herbold
1427 3584 63 46 als
1517 3582 111 48 Adal-

185 3649 108 62 gisa.
321 3649 84 47 Die
432 3650 120 64 Oper
579 3653 52 47 ist
658 3654 94 47 hier
778 3654 182 57 beliebt,
988 3655 91 47 und
1105 3657 150 47 Fräul.
1282 3658 233 47 Lehmann
1544 3659 113 47 sieht

184 3724 91 48 sich
317 3742 108 45 gern
465 3728 61 44 als
565 3729 119 47 Frau
715 3732 184 47 Norma.
952 3732 85 47 Die
1067 3732 124 64 Oper
1230 3733 96 63 gibt
1365 3734 112 47 auch
1506 3735 151 47 Herrn

184 3800 243 48 Auerbach
457 3801 297 64 Gelegenheit,
795 3805 68 48 die
886 3808 131 47 Kraft
1054 3808 143 49 seiner
1218 3809 157 63 Lunge
1408 3827 54 29 zu
1488 3810 170 64 zeigen,

185 3876 168 47 welche
383 3876 289 65 Gelegenheit
698 3895 46 31 er
771 3880 113 48 denn
912 3883 111 48 auch
1053 3884 184 48 niemals
1263 3885 295 48 verabsäumt.
1594 3888 65 45 Er

183 3952 76 49 hat
288 3954 81 47 last
397 3970 87 33 nur
510 3954 193 48 einzelne
730 3956 160 49 schöne
905 3960 140 55 Töne,
1073 3960 69 48 die
1168 3961 156 47 zudem
1354 3980 85 30 nur
1460 3964 171 63 Erzeug-

183 4029 113 49 nisse
324 4046 176 49 grosser
528 4031 319 65 Anstrengung
872 4034 108 48 sind.
1008 4036 74 47 Ich
1105 4036 195 51 brauche
1323 4039 139 49 Ihnen
1487 4039 171 49 danach

1727 306 118 49 wohl
1876 306 134 47 kaum
2039 306 115 47 noch
2184 324 52 29 zu
2265 322 153 47 sagen,
2448 305 99 47 dass
2577 322 47 30 er
2652 304 80 49 der
2760 304 356 49 Helden-Tenor
3143 323 54 30 un-

1727 398 123 32 serer
1877 381 160 47 Rühne
2065 383 63 45 ist.
2174 383 121 47 Herr
2321 381 113 62 Lipp
2464 381 78 47 hat
2569 381 128 47 einen
2726 396 209 40 sonoren,
2965 381 259 64 prächtigen

1727 460 108 44 Rass
1863 457 91 47 und
1982 459 55 45 ist
2065 457 128 49 dabei
2225 457 113 49 auch
2368 457 68 46 ein
2460 473 109 47 gern
2593 457 248 63 gesehener
2861 459 186 61 Sänger.
3076 459 119 62 Impo-

1727 532 201 58 nirende,
1951 532 165 49 schöne
2131 534 156 62 Figur,
2316 532 78 47 das
2417 532 53 46 ist
2493 531 80 47 auf
2589 532 101 47 dem
2716 534 195 47 Theater
2933 532 115 47 auch
3072 539 152 40 etwas.

1727 611 135 45 Dann
1901 609 212 48 erwähne
2155 610 69 47 ich
2264 610 120 54 „Das
2419 607 274 64 Nachtlager
2729 624 85 32 von
3141 625 83 31 von

1727 686 222 46 Kreutzer
1968 686 80 47 mit
2072 685 79 48 der
2174 684 305 48 freundlichen
2506 684 309 64 Erscheinung
2840 685 76 47 des
2937 685 151 48 Fräul.
3106 686 89 46 Her-

1728 761 107 48 bold
1858 762 63 47 als
1939 761 232 56 Gabriele;
2201 762 95 46 ihre
2311 761 188 47 Stimme
2528 761 52 46 ist
2610 761 95 47 hier
2734 761 166 62 gerade
2931 760 295 48 ausreichend

1728 837 93 47 und
1843 854 71 31 am
1938 837 322 48 wirksamsten.
2290 838 120 46 Herr
2438 836 179 47 Simon
2649 835 170 64 (Jäger)
2850 836 77 47 hat
2949 837 128 47 einen
3100 837 101 64 bieg-

1728 930 153 30 samen
1910 913 183 47 Rariton
2122 930 84 30 von
2235 929 178 48 grosser
2441 911 354 66 Ausgiebigkeit.
2824 913 65 46 Er
2918 912 76 47 hat
3022 912 78 47 das
3134 915 92 53 „Zu

1876 988 76 47 des
1981 988 232 49 Vibrirens
2243 990 68 47 bei
2343 988 117 47 Seite
2499 988 150 63 gelegt
2688 987 92 47 und
2809 987 113 47 wird
2950 988 114 47 noch
3095 988 132 64 lange

1728 1065 98 47 eine
1846 1065 281 63 vorzügliche
2150 1066 277 63 Acquisition
2459 1065 73 45 für
2554 1063 104 64 jede
2682 1072 104 55 gute
2810 1065 126 62 Oper
2956 1065 110 54 sein,
3095 1080 132 32 wenn

1728 1157 50 31 er
1806 1142 256 47 ernstliches
2091 1141 207 48 Studium
2330 1142 75 47 des
2437 1142 226 62 Gesanges
2704 1141 78 45 mit
2809 1141 281 47 ernstlichem
3121 1142 79 46 Stu-

1728 1217 121 47 dium
1878 1217 79 47 der
1985 1217 217 63 richtigen
2225 1218 160 47 Action
2409 1217 133 47 Hand
2566 1218 41 46 in
2633 1216 130 48 Hand
2787 1217 145 62 gehen
2961 1217 116 47 lässt.
3106 1218 122 46 Herr

1727 1293 292 62 Prelinger
2060 1293 53 47 ist
2154 1293 68 47 ein
2265 1293 213 65 lyrischer
2506 1294 165 52 Tenor,
2714 1291 153 48 dessen
2898 1292 188 47 Stimme
3129 1293 97 47 eine

1728 1369 468 63 aussergewöhnliche
2224 1369 201 49 Zartheit
2453 1369 91 47 und
2573 1368 260 50 Weichheit
2862 1368 165 47 besitzt.
3068 1369 50 46 In
3148 1368 80 48 der

2084 1446 79 47 mit
2203 1446 150 47 Herrn
2396 1446 237 63 Prelinger
2678 1446 64 47 als
2777 1444 249 64 Alphonso,
3074 1446 152 45 Fräul.

1726 1523 256 47 Hartmann
2009 1523 62 46 als
2100 1522 165 57 Elvira,
2293 1522 55 47 ist
2375 1523 122 46 Herr
2525 1522 243 47 Auerbach
2799 1522 62 47 als
2890 1522 261 47 Masaniello
3179 1522 45 47 in

1724 1597 79 48 der
1832 1598 117 47 That
1989 1598 360 63 ausgezeichnet;
2398 1598 91 46 sein
2518 1599 149 46 Feuer
2701 1598 43 46 in
2775 1598 118 63 Spiel
2928 1597 93 47 und
3045 1598 179 63 Gesang

1726 1673 86 63 (ein
1834 1674 210 47 Risschen
2074 1674 197 64 loslegen
2295 1674 108 47 oder
2432 1674 213 62 losgehen
2676 1673 103 48 darf
2803 1691 47 29 er
2873 1674 47 64 ja
2942 1674 97 47 hier
3066 1673 155 65 schon)

1722 1750 55 49 ist
1802 1767 84 32 von
1916 1750 328 49 hinreissender
2273 1750 187 49 Gewalt.
2498 1750 151 47 Fräul.
2681 1750 333 64 Opfermann
3044 1750 55 46 ist
3127 1750 97 47 eine

1722 1827 282 64 vorzügliche
2046 1828 200 54 Fenella,
2288 1843 49 32 so
2367 1828 84 47 wie
2480 1827 114 47 auch
2624 1827 122 45 Herr
2773 1828 145 46 Kren
2946 1843 99 31 vom
3076 1842 124 48 gross-

1723 1904 311 63 herzoglichen
2057 1904 268 47 Hoftheater
2347 1904 42 47 in
2412 1903 265 48 Darmstadt
2705 1904 62 46 als
2789 1903 151 47 Pietro
2969 1903 91 47 und
3091 1919 133 32 unser

1721 1981 122 46 Herr
1868 1980 175 48 Abich
2088 1981 62 46 als
2178 1980 180 48 Rorella
2399 1979 190 48 lobende
2630 1980 297 62 Erwähnung
2967 1979 252 48 verdienen.

1722 2058 121 45 Herr
1862 2058 125 45 Kren
2013 2072 112 48 sang
2152 2056 116 49 auch
2297 2055 104 48 bald
2431 2055 172 48 danach
2634 2054 86 48 den
2747 2072 84 31 van
2859 2056 102 47 Rett
3001 2055 44 47 in
3083 2055 141 48 Czaar

1723 2133 89 47 und
1840 2134 352 54 Zimmermann,
2221 2133 155 48 womit
2404 2149 48 31 er
2480 2133 98 47 eine
2607 2133 252 62 gelungene
2880 2133 216 62 Leistung
3124 2133 74 47 hin-

1722 2210 156 55 stellte,
1915 2209 163 63 jedoch
2108 2210 151 46 Herrn
2287 2208 146 48 Abich
2470 2208 123 47 nicht
2634 2208 218 55 übertraf,
2895 2208 82 47 der
3016 2209 98 46 hier
3142 2224 51 47 ge-

1723 2285 221 47 wöhnlich
1975 2285 118 46 diese
2116 2285 149 47 Partie
2293 2285 117 62 singt
2439 2282 92 49 und
2560 2299 109 47 ganz
2700 2282 244 49 besonders
2973 2290 80 57 gut
3081 2282 141 65 spielt.

1723 2361 128 48 Auch
1887 2361 61 47 im
1977 2361 183 48 Othello
2196 2362 144 63 glänzt
2370 2361 119 46 Herr
2517 2359 259 48 Auerbach.
2818 2360 86 47 Die
2931 2360 291 47 Zauberllöte

1723 2439 52 47 ist
1790 2437 205 65 dagegen
2011 2439 70 47 ein
2098 2437 199 65 weniger
2312 2436 252 65 ergiebiges
2580 2436 111 47 Feld
2716 2436 77 47 für
2815 2453 190 30 unseren
3029 2435 190 49 Helden.

1723 2516 122 46 Herr
1886 2515 205 63 Lippist
2128 2515 69 46 ein
2239 2514 228 63 würdiger
2506 2514 224 54 Sarastro,
2779 2514 149 47 Fräul.
2967 2514 257 47 Hartmann

1723 2591 126 46 recht
1872 2590 106 48 brav
2010 2590 43 47 in
2076 2590 80 47 der
2178 2590 150 47 Partie
2351 2589 80 47 der
2465 2589 303 55 „nächtlichen
3071 2590 152 47 Fräul.

1727 2667 133 47 Clara
1890 2667 134 47 Gross
2053 2667 64 49 als
2144 2666 189 48 Parnina
2373 2665 158 48 wurde
2568 2681 82 31 von
2693 2681 82 31 uns
2813 2665 137 47 schon
2978 2665 156 47 früher
3162 2665 62 48 als

1722 2742 410 65 vielversprechend
2170 2743 216 46 erwähnt.
2443 2742 150 47 Fräul.
2631 2741 221 57 Herbold,
2890 2742 124 47 Frau
3044 2742 180 62 Hagen,

1723 2821 150 46 Fräul.
1923 2818 265 49 Schönchen
2235 2818 98 47 sind
2381 2816 127 65 (trotz
2550 2820 278 61 Papageno's
2869 2818 233 64 Meinung)
3147 2817 77 48 das

1723 2896 179 48 sehens-
1926 2896 91 47 und
2041 2895 406 48 hörenswertheste
2470 2893 213 65 singende
2702 2895 186 63 Gefolge
2912 2893 79 49 der
3012 2895 212 63 Königin.

1723 2973 127 49 Nach
1873 2975 103 45 Don
1999 2973 119 47 Juan
2147 2972 78 47 mit
2253 2972 85 47 den
2357 2971 503 63 Original-Recitativen
2888 2971 92 47 und
3010 2971 84 47 den
3124 2972 66 46 Hu-

1726 3056 211 57 genotten
1985 3050 153 45 hatten
2173 3048 82 47 wir
2296 3048 260 62 Lohengrin
2591 3047 43 47 in
2668 3047 161 47 kurzer
2856 3047 97 47 Zeit
2993 3047 94 50 drei
3116 3048 106 47 Mal.

1726 3127 270 62 Resetzung:
2037 3126 122 47 Herr
2184 3124 113 65 Lipp
2325 3123 231 65 (Heinrich
2588 3123 80 48 der
2697 3122 202 66 Vogler),
2930 3124 120 47 Herr
3078 3126 119 45 Auer-

1728 3202 112 48 bach
1862 3201 311 63 (Lohengrin),
2203 3201 80 47 der
2304 3201 252 63 vorzüglich
2579 3199 42 47 in
2649 3199 142 47 dieser
2806 3199 150 49 Partie
2979 3201 66 56 ist,
3073 3201 153 47 Fräul.

1731 3281 251 45 Hartmann
2013 3276 157 66 (Elsa),
2212 3279 122 45 Herr
2363 3277 154 48 Simon
2558 3277 329 63 (Telramund),
2927 3278 153 47 Fräul.
3109 3277 89 47 Leh-

1727 3371 133 30 mann
1881 3353 224 64 (Ortrud),
2137 3354 118 46 Herr
2277 3353 164 47 Peretti
2466 3352 297 63 (Heerrufer).
2794 3354 104 46 Man
2921 3353 166 64 spricht
3109 3352 120 47 nicht

1727 3448 110 47 gern
1874 3432 129 47 mehr
2031 3448 82 31 von
2144 3429 78 49 der
2271 3431 252 55 „italischen
2887 3429 90 47 und
3011 3429 102 47 dem
3151 3429 52 47 be-

1726 3508 212 47 rühmten
2499 3505 80 49 der
2601 3505 255 49 Halbinsel:
2887 3505 140 47 lassen
3052 3507 72 47 Sie
3147 3522 81 32 uns

1728 3585 112 47 auch
1888 3584 122 47 nicht
2056 3584 129 47 mehr
2230 3599 85 31 von
2362 3582 145 48 dieser
2940 3582 91 47 und
3078 3582 150 48 diesen

2329 3659 151 47 reden.

1829 3739 64 45 Im
1917 3737 209 48 Februar
2146 3737 311 47 veranstaltete
2480 3735 122 46 Herr
2622 3734 492 48 Hof-Concertmeister
3137 3735 91 47 Th.

1731 3813 247 47 Schmidt
2005 3813 98 47 eine
2126 3812 167 48 Soiree.
2324 3812 65 45 Er
2410 3810 122 47 hatte
2561 3809 207 48 dreizehn
2794 3812 212 47 Künstler
3033 3828 77 31 zur
3125 3812 78 47 Mit-

1731 3889 208 65 wirkung
1967 3889 372 63 herbeigezogen.
2389 3889 59 46 Es
2478 3886 156 49 wurde
2663 3886 77 49 das
2768 3889 168 47 Nonett
2969 3904 84 32 von
3082 3888 148 63 Spohr

1732 3966 231 64 gemacht;
2005 3966 123 47 Herr
2156 3964 245 48 Rummel
2437 3964 154 63 spielte
2627 3963 72 48 die
2728 3964 198 48 Cascade
2967 3982 85 30 von
3080 3965 149 47 Pauer

1733 4041 91 49 und
1853 4043 78 47 mit
1966 4041 100 50 dem
2099 4039 335 65 Concertgeber
2472 4039 91 48 und
2589 4041 153 47 Herrn
2772 4041 140 49 Ruths
2955 4041 97 49 eine
3078 4041 120 49 Phan-
