2717 4384
1284 4126 83 48 147

279 518 367 62 Erschütterung
670 523 116 45 aller
807 525 276 55 gewohnten
1115 526 94 42 und
1241 521 357 56 berechenbaren
1618 518 321 60 Verhältnisses
1956 523 85 49 mit
2063 521 80 59 sich
2164 523 217 58 gebracht

278 600 167 55 haben.
497 603 115 45 Wir
644 599 226 61 verhüten
903 615 91 37 nur
1025 605 128 43 dann
1186 606 90 42 das
1306 600 309 60 Verwachsen
1656 605 80 43 der
1774 598 255 61 verstörten
2060 603 321 58 Beziehungen

277 694 54 43 zu
364 695 136 33 neuer
531 685 248 56 Ordnung,
812 695 135 34 wenn
979 684 92 46 wir
1102 684 68 45 die
1191 680 138 49 Lücke
1363 681 78 47 als
1472 681 296 59 Durchfahrt
1798 679 84 60 für
1915 688 84 42 den
2030 679 182 51 Störer
2243 681 137 60 ossens

277 753 184 67 halten;
486 762 47 57 so
552 763 261 57 marschiert
831 776 90 34 uns
937 752 209 70 Ietzigen
1164 768 80 45 der
1261 765 148 57 Krieg
1431 763 77 47 als
1525 762 207 58 Passant
1755 766 133 53 durch
1912 767 90 43 das
2024 763 357 59 aufgebrochene

281 841 200 59 Gehege;
523 857 49 33 es
610 843 146 47 bleibt
787 843 194 54 Frieden
1019 857 53 42 zu
1113 843 154 47 beiden
1300 843 168 47 Seiten
1509 847 94 43 und
1643 840 106 60 hält
1781 848 80 42 der
1894 843 227 59 erhossten
2150 841 230 58 Rückkehr

279 925 80 43 der
390 923 497 60 Friedensgegenwart
919 926 70 45 die
1019 926 149 44 Mitte
1201 923 135 58 offen.

394 1025 121 48 Nun
546 1026 137 60 fragt
714 1041 49 32 es
795 1027 100 56 sich,
936 1027 58 47 ob
1035 1028 69 45 die
1136 1025 288 60 Erfahrung
1457 1031 81 42 des
1569 1028 177 57 Kriegs
1777 1031 91 43 das
1900 1026 277 58 menschliche
2206 1025 171 59 Wesen

277 1102 263 56 verändern
571 1109 180 46 konnte.
796 1107 134 57 Nach
963 1111 99 42 dem
1092 1104 354 61 Ausgeführten
1479 1108 52 57 ist
1563 1109 99 44 dies
1693 1109 62 44 im
1785 1106 337 57 Wesentlichen
2154 1109 115 54 nicht
2301 1120 51 33 an-

278 1188 265 57 zunehmen,
588 1192 117 42 denn
745 1190 47 44 in
830 1189 95 56 jede
956 1186 285 59 Erfahrung
1273 1189 122 45 wird
1429 1192 80 42 der
1540 1186 190 59 Mensch
1763 1186 79 57 sich
1875 1187 131 58 selbst
2040 1189 337 56 hineinrichten.

278 1267 138 59 Jene,
450 1272 140 43 denen
621 1269 69 45 die
717 1266 239 60 Fähigkeit
987 1267 78 55 sich
1099 1267 135 59 selbst
1265 1281 55 42 zu
1350 1267 219 48 wandeln
1602 1268 77 46 als
1699 1266 476 60 Wesensbestandteil
2207 1267 172 47 bereits

279 1349 47 45 in
358 1351 69 44 die
446 1351 165 56 Wiege
641 1350 151 57 gelegt
825 1349 64 56 ist,
922 1349 123 45 kann
1078 1349 91 45 eine
1200 1349 240 47 verlorene
1461 1347 217 58 Schlacht
1710 1350 116 54 nicht
1859 1353 174 41 anders
2061 1346 315 60 umgestalten,

281 1427 80 48 als
392 1431 68 45 ein
491 1431 265 45 verlorenes
787 1428 149 48 Blatt
969 1431 63 44 im
1059 1429 163 54 Wind,
1255 1433 101 42 dem
1387 1433 91 43 das
1511 1428 180 59 Gefühl
1719 1426 197 61 zufällig
1947 1426 182 61 gefolgt
2160 1441 129 44 war;
2319 1426 58 57 sie

279 1508 97 67 sind
408 1511 117 56 nicht
556 1513 134 50 durch
723 1511 68 45 die
822 1508 306 60 Erfahrung,
1162 1509 199 58 sondern
1393 1523 93 35 von
1518 1511 278 56 vornherein
1827 1508 309 59 verwandelt,
2170 1510 70 45 die
2271 1510 71 44 Um-

279 1586 155 61 stände
464 1589 98 56 sind
596 1603 90 34 nur
708 1593 70 44 die
798 1589 201 58 Schnur,
1033 1593 154 43 daran
1219 1589 57 56 sie
1308 1589 80 59 sich
1421 1591 196 57 entlang
1648 1591 162 56 tasten,
1844 1593 93 43 und
1972 1591 115 49 nicht
2118 1600 93 36 von
2243 1589 135 54 ihnen

279 1672 53 56 ist
372 1672 69 44 die
478 1671 137 46 Rede.
674 1669 268 59 Diejenigen
982 1670 136 54 aber,
1163 1674 141 43 denen
1346 1672 71 46 die
1455 1670 287 59 Erfahrung
1786 1683 90 33 nur
1921 1671 94 45 eine
2057 1669 322 58 quantitative

278 1751 328 59 Vermehrung
629 1756 80 42 des
730 1752 262 58 bisherigen
1013 1751 258 57 Bestandes
1293 1753 63 55 ist,
1393 1748 177 50 ändern
1593 1754 84 44 mit
1708 1755 81 42 der
1810 1749 256 48 Situation
2099 1752 69 44 die
2198 1746 183 59 darauf

279 1833 269 57 eingestellte
578 1832 421 58 Wesensrichtung

394 1943 131 59 Was
555 1943 93 45 wir
678 1954 109 35 vom
819 1941 307 58 menschlichen
1148 1940 173 59 Wesen
1355 1943 63 45 im
1449 1942 298 57 allgemeinen
1779 1942 267 56 annehmen,
2080 1942 50 56 ist
2163 1939 69 47 bei
2255 1943 97 43 deut-

281 2020 118 58 sther
436 2022 94 46 Art
572 2021 251 57 besonders
869 2021 288 59 zutreffend..
1201 2022 165 56 Sicher
1416 2026 184 43 werden
1652 2022 513 58 temperamentvollere
2204 2015 173 51 Völker

281 2102 204 56 schneller
526 2104 47 45 in
616 2103 130 56 ihren
797 2104 203 56 weniger
1050 2099 144 61 zähen
1233 2102 229 56 Wurzeln
1513 2102 242 59 gelockert:
1808 2107 80 42 der
1926 2101 220 58 Deutsche
2189 2102 53 56 ist
2285 2102 92 45 eine

281 2182 191 58 schwere
502 2182 181 58 Masse,
723 2184 88 56 die,
845 2181 346 64 aufgepeitscht,
1225 2182 77 58 sich
1334 2181 83 59 für
1451 2184 126 45 einen
1608 2181 279 61 Augenblick
1916 2181 249 57 furchtbar
2195 2178 181 59 bäumt,

279 2266 129 44 dann
440 2262 114 47 aber
586 2264 46 46 in
664 2264 68 45 die
765 2266 107 53 nach
906 2263 153 57 außen
1090 2260 117 62 träg
1239 2262 251 59 scheinende
1519 2264 136 58 Ruhe
1685 2259 355 62 zurückdrängt.

399 2372 115 49 1870
532 2372 107 58 gibt
660 2385 91 34 uns
773 2372 153 58 Recht.
964 2374 122 45 ,Wir
1116 2372 167 47 kennen
1307 2372 97 47 alte
1424 2373 280 56 Veteranen,
1737 2372 160 57 welche
1928 2374 70 45 die
2029 2374 107 54 auch
2167 2373 97 56 jetzt
2298 2370 79 58 sich

281 2454 294 56 ereignenden
613 2450 584 61 Wesensveränderungen
1240 2457 340 55 durchgemacht
1621 2453 173 58 haben;
1836 2452 58 56 sie
1934 2451 97 57 sind
2073 2452 132 57 heute
2247 2452 129 56 ihren

281 2529 315 62 Mitbürgern
626 2533 152 58 gleich.
832 2532 129 59 Ihre
991 2529 191 51 Bräute
1219 2546 94 35 von
1351 2533 193 48 damals
1583 2532 96 58 sind
1720 2535 131 56 heute
1888 2534 131 57 ihren
2055 2532 199 47 niemals
2285 2544 92 34 aus

281 2618 80 43 der
391 2615 170 46 kleinen
591 2613 260 58 Sicherheit
881 2614 245 58 gerissenen
1158 2611 423 62 Mitbürgerinnen
1612 2616 151 57 gleich.

396 2723 89 47 Die
516 2720 301 62 Unfähigkeit
855 2728 81 43 der
967 2720 248 61 Umstände
1257 2727 84 44 den
1373 2722 247 59 Menschen
1660 2727 209 44 dauernd
1908 2723 114 47 über
2062 2722 91 57 sein
2184 2724 95 55 ihm
2308 2734 45 47 ge-

280 2804 173 57 stecktes
484 2803 130 59 Maß
646 2805 419 57 hinauszutreiben,
1099 2806 51 56 ist
1182 2805 70 47 die
1283 2803 212 49 Gewähr
1528 2805 170 58 langen
1730 2803 274 49 nationalen
2035 2803 192 47 Lebens.
2282 2804 94 45 Ein

279 2884 170 59 langes
469 2884 222 66 Bestehen
723 2886 52 57 ist
806 2887 68 45 die
906 2887 108 56 erste
1036 2885 287 59 Bedingung
1354 2887 343 57 ausgedehnter
1719 2881 368 62 Möglichkeiten,
2122 2898 48 33 es
2202 2885 52 55 ist
2286 2887 90 44 das

278 2964 146 60 große
453 2965 134 56 Feld,
620 2963 89 59 auf
738 2970 100 42 dem
870 2967 94 45 eine
995 2966 290 48 Generation
1325 2969 108 52 nach
1466 2970 80 42 der
1578 2969 202 43 anderen
1811 2967 97 56 ihre
1939 2965 184 56 Scholle
2156 2962 219 61 langsam

280 3044 206 60 ergreift,
519 3042 206 61 festhält,
756 3047 261 58 verteidigt,
1050 3047 162 45 immer
1242 3059 90 34 nur
1364 3044 194 60 dieselbe
1588 3047 287 54 durchackert
1907 3050 93 42 und
2029 3050 80 42 der
2130 3044 247 60 folgenden

278 3124 208 60 feindlich
530 3127 65 56 ist.
650 3125 218 58 Dadurch
911 3129 121 45 wird
1076 3125 223 60 langsam
1342 3130 91 44 das
1474 3138 144 47 ganze
1655 3126 116 53 Feld
1812 3123 238 62 gründlich
2090 3125 95 60 fein
2226 3128 150 53 durch«

277 3206 225 59 gebildet,
544 3211 95 42 und
682 3206 107 48 kein
817 3209 47 45 in
904 3209 70 45 die
1006 3207 209 56 Grenzen
1255 3211 80 43 der
1365 3207 330 59 Bearbeitung
1735 3206 166 58 endlich
1935 3209 442 56 hereingerungenes

277 3284 219 61 Zzäusiein
526 3300 141 34 neuen
688 3287 197 48 Bodens
915 3289 53 56 ist
998 3287 90 58 auf
1114 3287 148 47 Sand
1294 3287 191 59 gebaut.
1537 3289 99 45 Wo
1666 3289 124 56 jeder
1811 3286 194 58 einzelne
2038 3286 93 59 sein
2162 3289 214 57 geringes

279 3367 190 47 Erbteil
498 3364 202 61 festhält,
733 3369 52 56 ist
816 3371 81 43 der
916 3367 424 59 Weltenhaushalt
1363 3367 240 58 behindert
1624 3364 329 63 Luftsprünge
1982 3381 56 42 zu
2069 3371 180 52 machen
2280 3371 94 43 und

280 3461 90 34 nur
413 3452 90 43 das
545 3443 133 63 nötig
720 3447 285 50 Gewordene
1048 3446 103 60 setzt
1192 3447 79 58 sich
1313 3451 157 54 durch;
1524 3452 81 43 der
1647 3447 286 59 Ueberschuß
1985 3449 392 57 neugestaltender

279 3526 178 60 Kräfte
486 3530 146 56 jedoch
665 3530 122 45 wird
817 3541 55 44 zu
902 3527 167 49 keinem
1100 3527 227 59 nutzlosen
1348 3527 148 59 Spiel
1527 3530 76 45 ins
1624 3529 194 57 Hierhin
1849 3533 94 42 und
1965 3529 231 57 Dorthin:
2228 3526 151 60 scharf
