3101 4127
455 167 180 57 Zóne

451 297 66 28 Von
538 296 169 29 Guillaume
729 297 183 32 Apollinaire

452 420 25 27 A
498 419 28 28 la
543 419 42 28 iin
604 422 31 25 tu
656 428 33 20 es
709 420 44 28 las
775 420 36 28 de
834 428 34 20 ce
889 419 111 28 monde
1020 420 107 27 ancien

455 518 136 32 Bergere
610 520 17 27 ö
645 521 67 27 tour
731 518 87 29 Eiffel
836 518 27 29 le
881 521 149 29 troupeau
1050 518 53 28 des
1123 520 88 30 ponts
1233 518 65 28 bele
1320 527 35 19 ce
1375 520 94 26 matin

455 617 42 27 Tu
521 626 36 20 en
578 626 34 21 as
633 626 89 21 assez
743 618 37 28 de
799 618 88 27 vivre
910 618 75 27 dans
1007 617 164 32 l'antiquite
1195 626 134 23 grecque
1351 620 29 26 et
1401 619 137 28 romaine

454 666 39 29 Ici
513 676 98 20 meme
631 668 44 28 les
695 667 200 29 automobiles
916 669 51 26 ont
987 666 64 29 l'air
1071 666 95 30 d'etre
1187 668 164 28 anciennes

455 717 44 28 La
517 717 136 33 Religion
672 718 82 27 seule
774 719 46 26 est
837 719 101 26 restee
958 719 83 26 toute
1060 725 99 21 neuve
1178 717 28 28 la
1225 717 137 33 Religion

454 766 53 29 Est
525 769 100 26 restee
646 766 106 32 simple
773 774 118 20 comme
910 766 44 29 les
976 766 133 32 hangars
1130 767 38 28 de
1189 767 74 28 Port
1284 767 143 28 Aviation

454 815 72 29 Seul
550 824 37 20 en
610 816 120 31 Europe
754 818 31 26 tu
809 815 63 29 n'es
895 823 55 24 pas
976 818 122 30 antique
1123 825 17 20 o
1167 816 232 30 Christianisme

453 865 194 31 L'Europeen
669 865 27 28 le
717 865 66 32 plus
803 865 146 28 moderne
972 865 75 29 c'est
1067 867 42 27 toi
1131 874 77 24 pape
1231 866 53 28 Pie
1305 866 27 28 X

456 914 33 28 Et
512 915 38 28 toi
571 923 56 23 que
648 915 44 28 les
710 915 134 28 fenetres
865 915 167 28 observent
1052 915 29 28 la
1101 915 91 29 honte
1213 918 30 26 te
1263 918 110 27 retient

452 963 140 29 D'entrer
613 964 75 28 dans
709 972 57 20 une
789 964 94 32 eglise
903 967 29 26 et
954 965 36 28 de
1013 965 43 32 t'y
1078 966 158 28 confesser
1257 975 34 20 ce
1314 968 94 27 matin

453 1062 44 28 Tu
519 1063 35 28 lis
575 1063 44 28 les
641 1066 181 29 prospectus
844 1064 44 29 les
909 1064 177 32 catalogues
1109 1065 44 29 les
1177 1065 127 30 affiches
1329 1068 49 31 qui
1400 1066 144 29 chantent
1567 1069 65 26 tout
1655 1066 73 30 haut

455 1111 83 29 Voilä
554 1112 28 28 la
602 1113 103 31 poesie
726 1122 34 19 ce
780 1115 92 27 matin
892 1116 29 26 et
940 1122 75 24 pour
1035 1114 28 29 la
1083 1122 90 25 prose
1194 1115 18 29 il
1231 1124 22 24 y
1272 1124 17 20 a
1310 1116 44 29 les
1374 1117 150 31 journaux

452 1161 20 28 II
493 1169 20 24 y
533 1170 17 20 a
570 1162 44 28 les
634 1162 162 30 livraisons
816 1164 17 28 ä
854 1165 35 27 25
910 1166 147 27 Centimes
1080 1165 115 32 pleines
1216 1166 197 29 d'aventures
1434 1166 160 33 policieres

451 1210 26 29 O
499 1213 144 29 portraits
665 1213 54 28 des
739 1213 114 32 grands
876 1213 137 30 hommes
1037 1216 30 27 et
1088 1215 80 29 mille
1188 1217 86 27 titres
1298 1216 103 29 divers

451 1260 57 29 J'ai
528 1270 41 19 vu
592 1270 35 20 ce
646 1263 92 28 matin
760 1272 58 19 une
838 1263 69 32 jolie
928 1272 54 20 rue
1004 1265 73 28 dont
1099 1265 49 31 j'ai
1168 1265 99 29 oublie
1288 1266 28 28 le
1338 1274 70 20 nom

452 1308 107 32 Neuve
578 1314 29 26 et
627 1320 111 24 propre
757 1313 39 28 du
815 1313 84 28 soleil
919 1314 56 28 eile
994 1315 73 28 etait
1084 1315 27 28 le
1131 1315 114 28 clairon

451 1359 59 29 Les
534 1361 177 29 Directeurs
735 1362 44 29 les
804 1363 148 29 Ouvriers
976 1366 30 26 et
1030 1364 44 29 les
1099 1364 94 30 belies
1218 1366 350 33 stenodactylographes

450 1407 46 30 Du
515 1410 82 29 lundi
617 1413 93 26 matin
729 1420 38 20 au
785 1413 117 28 samedi
921 1414 61 28 soir
1004 1416 106 30 quatre
1130 1414 57 30 fois
1208 1423 54 24 par
1284 1417 65 30 jour
1370 1425 22 23 y
1411 1419 126 29 passent

450 1459 43 29 Le
516 1462 92 27 matin
632 1469 54 24 par
707 1463 75 28 trois
804 1462 56 29 fois
884 1463 28 28 la
935 1465 100 27 Sirene
1058 1472 22 24 y
1103 1466 94 30 gemit

453 1508 64 29 Une
539 1510 105 29 cloche
665 1519 131 24 rageuse
818 1521 21 23 y
862 1513 87 28 aboie
969 1522 74 20 vers
1065 1515 72 27 midi

450 1558 59 29 Les
527 1560 194 32 inscriptions
742 1562 54 28 des
818 1564 160 31 enseignes
1000 1566 30 26 et
1051 1564 53 29 des
1124 1565 154 29 murailles

450 1608 59 29 Les
533 1609 124 32 Plaques
678 1610 44 29 les
745 1612 66 28 avis
834 1613 17 27 ä
871 1613 27 27 la
919 1613 91 28 facon
1032 1614 54 28 des
1109 1618 181 29 perroquets
1313 1616 147 29 criaillent

451 1657 108 30 J'aime
582 1659 28 29 la
630 1660 93 31 gräce
747 1661 37 28 de
808 1664 80 27 cette
911 1671 54 20 rue
989 1663 186 30 industrielle

451 1708 103 29 Situee
575 1710 17 27 ä
612 1709 87 30 Paris
719 1714 86 26 entre
825 1712 28 28 la
873 1721 53 20 rue
946 1713 295 30 Aumont-Thieville
1263 1717 28 27 et
1313 1715 140 30 l'avenue
1476 1717 54 29 des
1552 1717 117 30 Ternes

452 1757 84 30 Voilä
553 1758 29 29 la
602 1760 87 30 jeune
709 1769 53 20 rue
784 1763 29 27 et
832 1764 31 26 tu
884 1762 63 29 n'es
968 1771 111 21 encore
1101 1764 89 32 qu'un
1211 1766 74 31 petit
1307 1766 103 28 enfant

449 1803 45 32 Ta
514 1816 83 21 mere
619 1817 37 21 ne
679 1809 131 31 t'habille
833 1820 57 24 que
914 1813 36 28 de
973 1813 70 29 bleu
1066 1816 30 26 et
1119 1814 37 29 de
1180 1815 89 29 blanc

456 1857 38 28 Tu
513 1866 32 20 es
565 1860 62 28 tres
648 1860 90 31 pieux
759 1863 29 26 et
808 1869 77 21 avec
906 1862 27 29 le
952 1862 66 32 plus
1040 1865 106 27 ancien
1168 1865 37 28 de
1227 1867 45 27 tes
1294 1867 182 29 camarades
1497 1867 84 33 Rene
1603 1867 104 29 Dalize

453 1907 81 29 Vous
555 1908 128 30 n'aimez
703 1910 64 28 rien
789 1912 64 28 tant
874 1920 57 23 que
952 1912 44 30 les
1018 1921 127 24 pompes
1168 1914 36 29 de
1227 1915 120 32 l'Eglise

450 1956 20 28 II
489 1959 46 27 est
549 1959 72 27 neuf
637 1959 112 30 heures
764 1960 27 29 le
809 1969 58 24 gaz
885 1964 45 26 est
947 1962 102 30 baisse
1065 1966 66 26 tout
1148 1964 69 29 bleu
1235 1973 78 21 vous
1331 1968 103 27 sortez
1453 1967 39 29 du
1510 1967 115 29 dortoir
1645 1976 36 20 en
1698 1968 140 29 cachette

455 2006 80 30 Vous
557 2009 84 30 priez
664 2011 84 27 toute
770 2010 28 29 la
822 2013 62 27 nuit
907 2012 75 29 dans
1006 2013 29 28 la
1059 2013 136 33 chapelle
1220 2015 39 28 du
1284 2015 117 33 College

452 2055 36 29 Et
509 2056 76 30 dans
606 2058 164 30 l'eternelle
795 2062 29 27 et
846 2061 146 29 adorable
1015 2063 186 32 profondeur
1227 2065 174 33 amethyste

451 2105 122 31 lourne
593 2108 17 28 ä
630 2109 106 31 jamais
757 2109 28 29 la
804 2110 210 33 ilamboyante
1035 2112 95 32 gloire
1150 2114 40 28 du
1212 2114 104 29 Christ

450 2204 85 31 C'est
554 2206 28 29 le
600 2207 79 29 beau
699 2208 48 33 lys
768 2218 57 23 que
846 2210 116 33 malgre
983 2213 65 28 tout
1068 2221 77 21 nous
1164 2216 69 27 tous
1255 2223 76 21 nous
1352 2215 152 31 cultivons

451 2255 92 29 •C'est
559 2256 28 29 la
606 2258 106 29 torche
731 2267 61 21 aux
811 2260 141 30 cheveux
971 2270 77 20 roux
1070 2271 57 24 que
1147 2263 123 30 n'eteint
1290 2273 55 24 pas
1365 2265 27 29 le
1411 2269 75 26 vent

449 2305 25 28 C
487 2309 46 26 est
552 2307 27 28 le
599 2307 46 29 fils
667 2309 66 31 pale
756 2312 29 26 et
804 2312 127 28 vermeil
953 2312 37 28 de
1011 2312 26 29 la
1060 2313 204 30 douloureuse
1284 2324 84 20 mere

451 2353 84 30 C'est
553 2356 102 29 larbre
675 2359 136 31 toujours
834 2358 97 31 touffu
952 2361 37 29 de
1011 2363 101 28 toutes
1133 2363 44 29 les
1199 2366 116 30 prieres

451 2403 26 30 C
489 2407 46 27 est
551 2406 29 28 la
596 2406 109 30 double
723 2410 130 29 potence
870 2410 37 29 de
925 2410 157 30 l'honneur
1100 2415 30 26 et
1148 2413 37 29 de
1203 2413 148 31 l'eternite
1370 2415 74 29 c'est
1462 2416 109 30 l'etoile
1590 2417 18 29 ä
1624 2418 47 28 six
1688 2417 150 31 branches

450 2453 26 30 C
489 2457 46 26 est
555 2455 77 29 Dieu
656 2459 48 31 qui
726 2461 99 27 meurt
847 2460 27 28 le
896 2461 150 29 vendredi
1068 2464 29 27 et
1119 2465 167 28 ressuscite
1306 2465 28 29 le
1357 2465 161 30 dimanche

449 2503 26 29 C
488 2507 47 26 est
554 2505 28 29 le
604 2505 103 31 Christ
728 2510 48 30 qui
798 2512 102 26 monte
921 2519 38 19 au
982 2512 56 28 ciel
1057 2514 104 27 mieux
1182 2522 57 23 que
1261 2514 44 30 les
1327 2516 157 29 aviateurs

454 2553 20 29 II
494 2554 114 30 detient
625 2556 27 28 le
671 2558 111 28 record
802 2559 40 28 du
861 2561 111 28 monde
993 2569 76 24 pour
1088 2562 28 28 la
1135 2563 128 29 hauteur

450 2653 115 33 Pupille
587 2655 103 31 Christ
712 2657 38 29 de
771 2658 77 30 l'oeil
872 2659 171 34 Vingtieme
1066 2662 110 33 pupille
1200 2664 54 29 des
1278 2665 109 30 siecles
1410 2666 19 29 il
1452 2668 59 28 sait
1532 2675 22 24 y
1575 2667 76 30 faire

455 2702 34 29 Et
512 2704 116 33 change
652 2714 37 21 en
711 2708 105 29 oiseau
839 2718 35 20 ce
897 2711 92 29 siecle
1011 2720 120 21 comme
1154 2712 90 31 Jesus
1266 2717 103 27 monte
1393 2716 76 30 dans
1492 2716 64 30 l'air

456 2801 59 30 Les
536 2803 116 31 diables
674 2806 75 30 dans
769 2807 44 30 les
836 2808 118 31 abtmes
973 2810 104 31 levent
1098 2811 29 30 la
1147 2815 62 28 tete
1231 2822 76 24 pour
1328 2815 27 29 le
1376 2817 148 32 regarder

455 2850 38 31 lis
514 2853 99 30 disent
632 2855 68 32 qu'il
721 2858 82 28 imite
825 2858 105 30 Simon
950 2860 94 33 Mage
1066 2871 37 19 en
1125 2862 97 30 Judee

455 2901 38 29 lis
514 2904 96 29 crient
629 2905 43 28 s'il
695 2908 58 27 sait
771 2908 87 29 voler
882 2910 88 32 qu'on
991 2911 138 33 l'appelle
1150 2913 108 29 voleur

455 2951 60 29 Les
536 2961 95 24 anges
653 2956 148 32 voltigent
823 2961 108 27 autour
956 2961 38 28 du
1016 2961 49 31 joli
1086 2963 152 32 voltigeur

453 3001 85 29 Icare
557 3002 103 30 Enoch
680 3005 62 29 Elie
763 3006 175 33 Apollonius
960 3011 37 28 de
1018 3011 127 33 Thyane

467 3050 131 31 Flottent
624 3056 108 27 autour
757 3057 39 28 du
822 3060 130 29 Premier
979 3062 164 31 aeroplane

451 3100 37 29 Ls
502 3109 13 21 s
529 3105 137 27 ecartent
680 3105 113 31 parfois
806 3115 75 24 pour
896 3109 108 30 laisser
1017 3119 107 24 passer
1141 3122 78 20 ceux
1233 3116 50 31 qui
1297 3117 174 32 transporte
1485 3116 29 29 la
1528 3116 310 31 Sainte-Eucharistie

453 3200 61 30 Ces
535 3205 118 29 pretres
675 3206 48 30 qui
743 3208 136 28 montent
901 3211 229 30 eternellement
1151 3222 36 19 en
1208 3214 122 30 elevant
1350 3215 118 30 l'hostie

453 3250 126 30 L'avion
601 3262 33 19 se
655 3262 74 23 pose
752 3255 79 29 enfin
853 3266 72 20 sans
947 3260 148 30 refermer
1117 3262 44 30 les
1183 3263 74 30 ailes

453 3300 42 30 Le
513 3302 55 28 ciel
588 3302 129 34 s'emplit
735 3305 81 30 alors
836 3307 37 28 de
892 3309 128 30 millions
1040 3311 213 31 d'hirondelles

452 3351 24 28 A
494 3352 55 28 tire
567 3353 18 27 d
597 3354 56 28 aile
670 3355 145 29 viennent
832 3356 44 29 les
891 3358 156 30 corbeaux
1063 3361 44 29 les
1124 3362 127 31 faucons
1269 3364 45 30 les
1330 3365 114 29 hiboux

453 3399 162 35 D'Afrique
635 3405 135 28 arrivent
791 3405 45 29 les
854 3406 56 29 ibis
932 3407 44 30 les
996 3409 150 32 flamands
1167 3413 44 29 les
1233 3415 178 29 marabouts

453 3449 139 30 L'oiseau
609 3452 65 33 Roc
692 3454 120 29 celebre
829 3463 55 24 par
902 3457 44 29 les
966 3461 143 29 conteurs
1128 3464 29 26 et
1175 3462 45 30 les
1239 3466 106 29 poetes

455 3499 92 29 Plane
568 3504 104 28 tenant
691 3504 76 29 dans
787 3505 44 29 les
851 3514 101 22 serres
973 3508 26 28 le
1020 3510 91 29 cräne
1133 3512 127 30 d'Adam
1280 3514 28 28 la
1326 3516 151 30 premiere
1498 3518 62 27 tete

452 3547 113 35 L'aigle
583 3551 73 29 fond
675 3554 37 28 de
731 3554 146 30 Thorizon
897 3565 36 19 en
954 3562 147 27 poussant
1121 3569 38 20 un
1180 3563 96 31 grand
1298 3565 43 28 cri

454 3598 35 28 Et
511 3600 192 34 d'Amerique
722 3605 84 28 vient
827 3605 28 29 le
875 3606 74 32 petit
969 3608 105 29 colibri

455 3646 45 29 De
519 3648 96 30 Chine
632 3655 69 26 sont
719 3662 97 21 venus
834 3655 44 29 les
898 3656 91 31 pi-his
1007 3657 88 33 longs
1116 3662 28 26 et
1164 3662 122 31 souples

456 3696 57 32 Qui
533 3698 82 30 n'ont
634 3701 108 32 qu'une
764 3704 83 29 seule
868 3706 56 28 aile
947 3709 29 26 et
998 3709 49 30 qui
1067 3709 104 30 volent
1192 3719 54 23 par
1266 3713 125 33 couples

454 3745 72 30 Puis
547 3748 62 29 s'en
630 3751 84 29 vient
733 3753 28 28 la
783 3754 139 30 colombe
944 3758 94 30 esprit
1060 3758 160 31 immacule

457 3843 213 36 Ou'escortent
691 3851 207 35 l'oiseau-lyre
922 3858 29 26 et
973 3855 27 30 le
1023 3864 80 24 paon
1124 3859 94 29 ocelle

452 3895 43 28 Le
514 3897 111 31 phenix
644 3908 35 20 ce
699 3901 114 30 bücher
832 3906 49 29 qui
901 3907 162 28 soi-meme
1082 3907 180 33 s'engendre

455 3944 47 29 Un
520 3947 112 29 instant
652 3950 80 29 voile
750 3953 65 28 tout
836 3953 37 29 de
894 3963 55 20 son
970 3956 126 29 ardente
1117 3958 112 29 cendre

2444 165 59 28 Les
2522 165 117 28 sirenes
2659 164 125 29 laissant
2803 164 44 29 les
2868 164 143 32 perilleux
3029 171 42 33 detr
3079 184 10 25 it

2447 214 143 28 Arrivent
2609 222 37 20 en
2664 214 144 28 chantant
2828 214 161 30 bellement
3007 219 61 34 toute
3082 233 7 25 t

2447 263 35 28 Et
2502 266 68 26 tous
2590 263 95 33 aigles
2706 263 110 31 phenix
2835 265 29 26 et
2885 263 90 32 pi-his
2995 266 33 29 de
3043 270 19 31 la
3080 280 5 28 j

2445 313 209 29 Eraternisent
2674 321 78 20 avec
2772 313 28 28 la
2820 313 124 28 volante
2964 318 108 34 machint

2447 410 190 30 Maintenant
2655 414 32 26 tu
2706 411 141 29 marches
2868 412 75 28 dans
2961 412 79 33 Paris
3054 423 15 28 to
3080 410 3 41 -

2447 459 62 29 Des
2530 463 170 29 troupeaux
2720 461 161 29 d'autobus
2902 463 164 36 mugissants
3074 485 15 19 lT

2447 509 179 32 L'angoisse
2643 512 37 27 de
2697 511 128 28 l'amour
2842 513 29 26 te
2890 519 85 20 serre
2993 513 24 28 le
3032 524 36 25 gos
3076 534 11 19 r

2448 558 129 30 Comme
2595 561 25 27 si
2636 562 31 26 tu
2685 569 36 20 ne
2740 561 107 29 devais
2866 561 106 31 jamais
2989 563 56 31 plus
3057 578 30 25 ete

2447 608 33 29 Si
2499 611 30 26 tu
2547 610 100 28 vivais
2666 610 75 29 dans
2760 610 128 29 l'ancien
2907 613 96 29 temps
3021 616 24 28 tu
3059 628 15 21 er
3078 633 10 19 r

2447 658 37 28 Et
2504 667 79 20 vous
2605 667 77 20 avez
2702 659 91 29 honte
2815 661 101 31 quand
2936 668 77 22 vous
3029 658 59 45 voqj.

2447 708 46 28 Tu
2511 710 29 26 te
2556 717 127 23 moques
2701 710 37 28 de
2756 712 42 26 toi
2816 712 29 26 et
2863 719 118 20 comme
2999 712 23 28 le
3036 715 30 31 feu
3081 732 7 18 t

2448 757 63 35 ,Les
2532 759 153 28 etincelles
2707 759 37 28 de
2763 761 51 26 ton
2834 760 60 28 rire
2913 760 105 30 dorent
3033 763 40 36 le|
3073 781 12 19 ;1

2449 806 85 29 C'est
2550 816 39 19 un
2604 808 122 28 tableau
2744 809 100 31 pendu
2862 809 76 29 dans
2956 818 38 20 un
3011 818 61 29 somit
3078 831 5 18 ;

2450 856 35 29 Et
2507 857 188 32 quelquefois
2715 860 31 26 tu
2765 866 57 21 vas
2842 859 27 28 le
2890 860 141 31 regarder
3046 865 41 37 depi

2449 955 197 33 Aujourd'hui
2665 959 31 26 tu
2716 958 141 29 marches
2876 959 75 28 dans
2970 959 77 32 Paris
3059 966 15 31 le,

2448 1054 113 30 C'etait
2579 1058 29 26 et
2625 1058 27 29 je
2669 1057 146 29 voudrais
2833 1066 37 20 ne
2889 1066 54 23 pas
2961 1066 28 20 in
3002 1068 32 21 en
3047 1072 36 24 soif

2447 1155 153 30 Entouree
2622 1157 37 28 de
2680 1157 141 29 flammes
2841 1157 156 31 ferventes
3017 1159 69 35 Notni

2452 1205 43 29 Le
2514 1214 77 24 sang
2610 1207 37 28 de
2665 1209 89 26 votre
2774 1207 214 30 Sacre-Coeur
3005 1211 82 33 m'aij»

2448 1306 35 28 Je
2504 1308 62 28 suis
2586 1307 120 29 malade
2730 1307 97 29 d'oui'r
2849 1308 44 29 les
2914 1309 115 31 paroles
3045 1312 39 33 bieil

2450 1355 141 29 L'amour
2610 1357 72 28 dont
2698 1358 27 30 je
2743 1356 116 30 souffre
2878 1359 47 27 est
2942 1366 56 21 une
3014 1361 56 33 malac
3077 1373 8 20 c

2448 1404 136 34 L'image
2603 1408 49 30 qui
2668 1409 29 26 te
2715 1407 133 32 possede
2866 1409 30 26 te
2914 1407 53 30 fait
2985 1411 99 31 sourired

2450 1454 35 29 Et
2507 1455 74 29 c'est
2603 1458 137 30 toujours
2763 1465 71 24 pres
2857 1458 38 28 de
2916 1460 41 26 toi
2980 1458 27 29 la
3025 1465 60 28 mefee

2450 1504 195 30 'Maintenant
2662 1508 31 26 tu
2713 1515 32 20 es
2765 1515 38 20 au
2822 1507 77 28 bord
2919 1508 37 28 de
2975 1508 26 28 la
3018 1509 62 33 Meie

2451 1553 79 30 Sous
2549 1555 43 29 les
2611 1557 182 29 citronniers
2814 1559 48 30 qui
2881 1560 69 26 sont
2968 1567 35 20 en
3021 1559 64 33 flewtc

2450 1603 85 30 Avec
2551 1607 46 27 tes
2615 1608 76 27 amis
2709 1608 32 27 tu
2760 1609 29 26 te
2808 1615 162 24 promenes
2989 1617 33 20 en
3036 1610 48 31 baru

2448 1653 76 29 L'un
2544 1658 45 26 est
2607 1655 127 30 Nissard
2753 1657 18 28 il
2791 1665 21 24 y
2830 1665 17 21 a
2868 1666 39 20 un
2925 1658 159 36 MentonastK

2450 1754 83 29 Nous
2553 1757 170 31 regardons
2743 1766 79 20 avec
2843 1757 88 30 effroi
2951 1758 42 30 les
3012 1751 74 45 poulijs

2452 1803 36 30 Et
2505 1807 96 30 parmi
2619 1806 43 29 les
2681 1807 105 32 algues
2805 1810 113 30 nagent
2935 1808 43 29 les
2997 1811 85 30 poissois

2451 1904 44 29 Tu
2514 1914 33 19 es
2566 1905 75 30 dans
2660 1907 27 28 le
2706 1907 97 31 jardin
2822 1908 89 28 d'une
2931 1909 152 33 aubergeax

2452 1954 47 28 Tu
2516 1957 30 26 te
2565 1964 70 21 sens
2655 1959 65 26 tout
2739 1957 139 29 heureux
2895 1966 58 21 une
2970 1968 63 20 rose
3047 1967 36 22 esis

2450 2003 37 29 Et
2511 2006 30 27 tu
2565 2006 150 30 observes
2741 2015 38 21 au
2803 2008 59 28 lieu
2887 2008 123 29 d'ecrire
3031 2011 52 28 tom:<

2476 2055 44 28 La
2540 2057 119 28 cetoine
2680 2058 49 31 qui
2747 2057 70 29 dort
2837 2058 76 30 dans
2931 2058 27 30 le
2977 2067 76 21 coeur
3062 2060 11 28 i:

2649 2159 31 26 tu
2699 2159 29 26 te
2746 2159 68 28 vois
2834 2158 121 30 dessine
2974 2159 66 29 dans
3052 2159 14 28 le
3076 2167 6 20 j

2448 2204 46 29 Tu
2513 2206 77 29 eMs
2605 2208 87 28 triste
2710 2208 18 28 ä
2744 2209 114 28 mourir
2874 2208 28 29 le
2920 2210 64 31 jour
3002 2210 31 27 oü
3046 2210 20 27 tu'
3073 2217 9 23 j

2450 2304 43 29 Tu
2514 2307 185 29 ?essembles
2720 2316 38 20 au
2779 2308 117 29 Lazare
2918 2309 89 29 affole
3025 2317 51 30 parp

2449 2401 59 33 Les
2526 2406 136 31 aiguilles
2681 2407 37 28 de
2735 2407 146 33 l'horloge
2899 2408 40 29 du
2958 2408 123 33 quartieriu

2448 2453 37 30 Et
2506 2457 31 26 tu
2559 2456 119 28 recules
2700 2458 82 28 aussi
2805 2458 77 29 dans
2904 2460 32 27 ta
2957 2460 48 28 vie
3024 2458 58 29 lenim

2448 2503 44 28 En
2510 2507 138 27 montant
2665 2514 37 20 au
2721 2507 157 30 Hradchin
2896 2511 29 26 et
2942 2509 26 29 le
2986 2510 52 28 soir
3050 2515 31 21 eie

2451 2553 84 30 Dans
2554 2555 44 29 les
2618 2557 145 29 tavernes
2782 2557 127 30 chanter
2929 2559 52 29 des
3000 2559 80 29 chanm

2449 2652 45 30 Te
2514 2656 80 27 voici
2614 2656 17 28 ä
2650 2655 157 31 Marseille
2828 2667 38 20 au
2885 2659 97 29 milieu
3002 2658 41 29 des
3055 2663 24 25 lis

2450 2702 44 29 Te
2511 2705 82 28 voici
2611 2705 18 28 ä
2648 2705 156 32 Coblence
2822 2709 19 28 ä
2859 2708 99 30 l'hötel
2978 2709 35 28 du
3030 2706 50 31 Geat

2459 2803 9 27 I
2480 2811 15 21 e
2514 2806 81 27 voici
2614 2806 18 28 ä
2651 2805 96 34 Rome
2768 2810 79 28 assis
2866 2817 72 21 sous
2958 2817 37 20 un
3013 2805 48 31 neffc

2450 2902 45 29 Te
2512 2905 81 28 voici
2610 2905 18 29 ä
2643 2906 198 31 Amsterdam
2858 2918 77 20 avec
2952 2917 53 20 une
3020 2909 40 30 jeuri
3076 2902 4 37 ]

2452 2952 62 30 Elle
2534 2954 62 30 doit
2614 2964 34 21 se
2666 2959 112 28 marier
2798 2966 78 22 avec
2893 2968 39 19 un
2951 2956 105 31 etudiant
3063 2951 16 29 le

2450 3003 49 28 On
2520 3012 22 24 y
2560 3005 69 29 loue
2652 3006 54 30 des
2729 3008 163 30 chambres
2915 3018 35 20 en
2971 3008 61 29 latin
3045 3001 30 31 Cib

2452 3052 36 29 Je
2507 3053 78 30 m'en
2606 3058 145 28 souviens
2771 3058 41 32 j'y
2832 3060 27 27 ai
2878 3067 87 24 passe
2984 3057 59 29 trois
3053 3060 28 34 p

2451 3161 45 28 Tu
2513 3170 32 21 es
2562 3163 17 28 ä
2596 3163 88 30 Paris
2702 3165 76 29 chez
2794 3166 28 29 le
2839 3168 69 31 juge
2923 3161 132 34 d'instructi
3060 3166 13 19 11

2453 3210 129 31 Comme
2602 3221 39 20 un
2661 3216 135 29 criminel
2816 3225 39 20 on
2874 3219 30 27 te
2923 3218 58 27 met
2998 3222 30 21 en

2452 3317 45 29 Tu
2516 3327 34 20 as
2567 3319 53 30 fait
2637 3321 37 28 de
2693 3322 191 30 douloureux
2902 3326 28 26 et
2948 3323 34 29 de
2996 3323 51 30 joye
3073 3322 5 8 1

2451 3366 102 31 Avant
2571 3370 37 28 de
2626 3370 205 33 t'apercevoir
2849 3374 39 28 du
2904 3373 143 29 Mensonge
3058 3366 4 37 :

2459 3417 37 29 Tu
2515 3426 34 21 as
2568 3420 129 30 souffert
2714 3422 38 29 de
2769 3423 127 30 l'amour
2915 3425 17 27 ä
2949 3422 75 31 vingt
3036 3422 14 23 e'

2455 3466 56 29 J'ai
2532 3476 79 21 vecu
2633 3478 120 22 comme
2774 3481 39 19 un
2834 3473 51 29 fou
2907 3475 28 27 et
2953 3472 44 32 j'ai
3015 3473 39 27 per--
3056 3466 4 38 1

2451 3515 46 29 Tu
2515 3517 102 30 n'oses
2634 3520 66 31 plus
2719 3523 148 31 regarder
2884 3523 28 28 la
2930 3522 78 29 croix

2453 3565 58 29 Sur
2529 3570 60 26 moi
2608 3577 52 21 sur
2679 3572 75 28 celle
2773 3580 57 24 que
2848 3573 97 32 j'aime
2962 3578 46 22 sur
3023 3569 25 26 tot
3060 3567 14 19 c

2450 3674 45 28 Tu
2513 3678 149 30 regardes
2678 3678 43 30 les
2740 3688 82 23 yeux
2840 3680 93 33 pleins
2951 3679 34 28 de
3001 3676 53 28 larA-
3075 3674 2 39 1

2460 3724 37 30 lis
2517 3728 117 28 croient
2654 3737 37 19 en
2711 3729 77 29 Dieu
2806 3730 35 28 ils
2862 3731 94 30 prient
2974 3727 37 28 les
3026 3721 19 28 112r
3051 3721 18 19 11
3075 3721 1 40 '

2453 3774 37 29 lis
2511 3777 176 31 emplissent
2705 3779 37 28 de
2761 3779 65 28 leur
2845 3780 94 28 odeur
2958 3778 24 28 le
3000 3770 40 33 hall
3050 3784 8 6 -

2453 3823 38 30 lis
2509 3828 51 26 ont
2578 3826 41 28 foi
2636 3827 77 29 dans
2729 3828 65 29 leur
2813 3829 88 28 etoile
2918 3831 106 26 comme
3058 3821 12 18 r
3074 3821 2 36 '

3049 3860 6 11 i
3061 3860 5 10 y

2453 3873 37 29 lis
2511 3879 143 27 esperent
2673 3885 116 24 gagner
2809 3878 38 29 de
2866 3877 123 33 l'argent
3007 3873 39 28 daft
3049 3871 27 19 11

2453 3922 37 29 Et
2506 3927 122 26 revenir
2647 3926 76 29 dans
2741 3927 63 29 leur
2824 3936 76 24 pays
2919 3932 83 26 apres
3017 3922 28 27 av(
3071 3913 5 25 i

2451 3972 62 29 Des
2525 3974 128 29 familles
2667 3978 208 29 transportent
2888 3986 38 19 un
2941 3970 98 34 edredoi
3047 3967 26 20 01
