3596 4427
1819 128 61 56 58

212 268 105 52 dem
345 266 333 69 Herausgeber
710 268 250 68 ungewiss,
1003 269 103 52 weil
1158 270 70 51 dfe
1270 269 236 52 Abschrift
1549 269 244 52 derselben

210 353 126 51 nicht
365 371 88 33 von
481 352 220 50 Mozart's
734 353 202 67 eigener,
969 354 200 51 sondern
1200 354 147 51 seines
1376 353 416 52 Notenschreibers

212 438 138 51 Hand
379 437 219 50 herrührt
632 438 93 51 und
746 439 125 50 nicht
901 439 116 50 nach
1049 439 81 51 der
1154 439 141 59 acht-,
1328 438 202 52 sondern
1559 439 123 51 nach
1715 439 83 53 der

213 520 397 69 sechsstimmigen
652 523 206 51 Partitur
904 523 212 67 gemacht
1159 523 71 58 ist,
1282 541 57 32 zu
1385 523 203 51 welcher
1618 524 182 51 Mozart

209 623 92 33 nur
329 606 315 68 nachträglich
675 608 71 51 die
778 609 112 50 zwei
923 607 166 51 Oboen
1130 607 305 68 hinzugefügt
1475 609 141 50 hatte.
1662 608 137 50 Auch

210 689 80 50 hat
318 691 185 50 Mozart
534 692 79 49 das
645 700 122 41 erste
795 692 205 66 Allegro,
1047 691 80 50 das
1172 691 181 68 Adagio
1394 693 97 51 und
1539 693 80 50 das
1658 692 140 49 letzte

213 773 196 70 Allegro
440 774 273 53 fortlaufend
744 774 209 69 paginirt.

343 860 96 50 Uns
466 860 174 50 scheint
664 876 48 33 es
736 858 112 60 klar,
881 858 104 51 dass
1018 877 50 33 er
1098 858 73 52 bei
1204 860 81 50 der
1317 861 369 67 achtstimmigen
1708 861 60 51 Be-

213 943 248 68 arbeitung
490 943 70 50 die
591 943 238 51 Menuetts
861 945 335 50 ausschliessen
1230 946 172 58 wollte,
1435 945 94 50 und
1559 964 123 33 zwar
1715 964 52 31 ur-

213 1027 170 51 theilen
428 1026 85 51 wir
556 1026 95 52 dies
693 1045 83 33 aus
823 1027 104 51 dem
970 1028 244 51 inneren
1244 1028 206 60 Grunde,
1497 1030 104 49 dass
1632 1028 47 51 in
1709 1028 89 51 den

213 1111 96 51 drei
341 1129 198 49 grossen
563 1114 172 49 Sätzen
769 1114 70 50 die
866 1114 167 50 Oboen
1066 1114 454 68 selbstständig
1552 1114 245 59 auftreten,

210 1195 49 51 in
290 1195 91 51 den
411 1195 166 53 beiden
605 1197 239 51 Menuetts
876 1197 112 51 aber
1018 1197 118 51 eben
1167 1216 51 33 so
1251 1206 83 61 gut
1364 1199 288 67 wegbleiben
1682 1197 87 51 kön-

213 1298 109 33 nen.
372 1281 67 51 Er
468 1281 80 51 hat
590 1281 64 51 sie
685 1282 82 51 auf
788 1282 163 69 irgend
983 1284 99 51 eine
1112 1285 346 66 Veranlassung
1498 1303 89 33 von
1630 1300 168 33 aussen

214 1365 122 51 eben
379 1384 92 32 nur
510 1366 200 51 darüber
751 1366 313 69 geschrieben.
1124 1369 119 49 Dass
1286 1368 64 50 sie
1380 1369 85 48 Hr.
1494 1368 162 49 Andre
1686 1366 112 51 aber

210 1449 84 51 hat
323 1449 83 51 mit
436 1449 266 52 abdrucken
734 1450 164 60 lassen,
939 1450 58 51 ist
1033 1450 239 67 jedenfalls
1303 1469 57 33 zu
1390 1450 201 70 billigen,
1640 1450 56 51 da
1729 1450 64 50 sie

208 1534 48 67 ja
288 1534 118 51 doch
447 1552 89 33 von
565 1535 181 50 Mozart
787 1535 258 51 herrühren
1084 1535 97 54 und
1223 1536 132 61 auch,
1399 1535 278 52 namentlich
1717 1535 80 51 das

212 1623 138 54 erste,
383 1634 114 51 ganz
530 1618 152 51 seiner
712 1619 182 67 würdig
924 1619 113 51 sind.

341 1702 88 50 Die
462 1703 161 51 zweite
655 1704 234 51 Serenade
919 1704 43 51 in
998 1705 183 60 C-moll,
1212 1705 60 50 im
1301 1705 141 51 Jahre
1482 1703 156 53 1782
1672 1722 95 33 com-

213 1785 173 69 ponirt,
414 1785 59 51 ist
504 1787 143 50 durch
677 1788 218 51 Mozart's
937 1788 160 68 eigene
1127 1788 318 68 Bearbeitung
1487 1789 65 50 als
1583 1788 216 61 Quintett

216 1872 72 48 für
318 1872 113 49 zwei
461 1872 227 59 Violinen,
722 1873 112 50 zwei
858 1874 258 51 Bratschen
1149 1876 94 49 und
1267 1874 282 51 Violoncello
1581 1873 216 51 bekannt.

212 1954 90 51 Die
332 1956 348 68 gegenwärtige
703 1957 454 70 Partitur-Ausgabe
1193 1958 98 69 gibt
1315 1957 300 70 Gelegenheit
1646 1976 57 32 zu
1732 1957 44 49 in-

212 2046 284 44 teressanter
519 2042 344 67 Vergleichung
887 2043 82 51 der
991 2043 388 70 ursprünglichen
1397 2043 177 51 Gestalt
1600 2042 82 51 mit
1714 2041 83 50 der

209 2123 314 67 nachherigen
563 2126 96 51 und
699 2143 84 32 zur
811 2126 342 68 Beobachtung
1192 2127 81 50 der
1314 2127 343 50 meisterhaften
1689 2124 105 60 Art,

213 2208 89 50 wie
344 2208 183 51 Mozart
570 2208 71 51 die
682 2210 313 68 Klangfarben
1035 2212 82 51 der
1159 2211 414 51 Blasinstrumente
1615 2229 57 31 zu
1714 2208 54 51 mi-

214 2292 141 51 schen
378 2293 231 51 verstand.
642 2293 75 50 Sie
748 2292 185 52 besteht
964 2314 82 31 aus
1078 2296 105 49 dem
1210 2297 188 65 Allegro
1426 2296 167 51 C-moll
1673 2319 22 33 4
1728 2292 65 70 (S.

221 2376 20 51 1
265 2408 66 6 —
350 2376 107 70 12),
806 2378 216 51 Andante
1298 2378 180 53 Es-dur
964 2377 18 28 3
983 2373 29 75 /
1013 2411 17 28 8
1064 2380 65 68 (S.
1168 2378 278 70 13—18),
1487 2380 105 51 dem
1637 2377 140 50 treffli-

216 2461 118 50 chen
351 2461 304 51 canonischen
668 2464 226 50 Minuetto
914 2462 46 51 in
978 2465 167 51 C-moll
1169 2465 96 49 und
1286 2465 149 51 C-dur
1449 2465 66 68 (S.
1536 2462 69 52 18
1616 2494 78 8 —
1703 2460 95 70 21)

214 2545 98 51 und
345 2545 104 49 dem
760 2547 191 65 Allegro
702 2545 43 51 in
853 2537 542 76 C%
952 2546 65 70 (S.
1052 2547 74 51 22
1224 2546 114 70 32.)

340 2629 143 50 Beide
515 2630 266 51 Serenaden
823 2630 97 51 sind
961 2632 117 50 auch
1108 2632 44 50 in
1185 2632 224 50 Stimmen
1440 2631 75 70 (zu
1549 2631 32 51 2
1593 2631 17 27 3
1638 2660 20 33 4
1690 2631 108 69 Fl.),

214 2732 54 31 so
298 2714 89 51 wie
417 2714 60 49 im
503 2714 395 70 Clavier-Auszug
920 2735 58 32 zu
1003 2716 94 52 vier
1120 2716 198 51 Händen
1343 2716 75 70 (zu
1450 2716 20 50 1
1499 2718 69 50 Fl.
1595 2719 73 51 48
1699 2716 101 70 Kr.)

216 2798 285 52 erschienen.

343 2884 96 49 Das
486 2884 137 51 dritte
654 2884 161 49 hieher
847 2885 222 69 gehörige
1099 2886 112 50 Heft
1242 2886 57 51 ist
1331 2886 78 51 das

452 2970 181 66 Adagio
657 2973 84 65 für
769 2972 116 49 zwei
911 2972 279 50 Clarinetten
1212 2973 100 49 und
1339 2973 97 51 drei
1459 2973 341 51 Basselhörner.

456 3054 374 66 Nachgelassenes
870 3055 151 51 Werk.
1065 3057 226 49 Partitur.
1334 3055 127 51 Preis
1493 3055 71 51 27
1600 3058 84 49 Kr.

349 3135 87 50 Ein
466 3135 171 51 kleines
668 3144 147 43 zartes
844 3138 291 52 Musikstück
1164 3139 45 50 in
1239 3142 174 57 B-dur,
1447 3138 19 27 3
1493 3166 22 33 4
1546 3142 130 57 Tact,
1709 3158 89 32 von

221 3237 91 34 nur
350 3219 113 51 104
486 3222 188 58 Tacten,
706 3223 77 50 das
815 3223 116 50 auch
956 3224 72 50 für
1052 3224 78 50 das
1155 3224 421 60 Streich-Quintett
1606 3226 95 50 und
1729 3226 71 49 für

219 3304 82 51 das
331 3303 179 51 Ciavier
541 3322 57 32 zu
628 3304 93 51 vier
749 3307 198 49 Händen
979 3308 298 67 eingerichtet
1309 3308 70 51 ist.

346 3391 54 48 In
431 3389 83 50 der
544 3407 176 50 ganzen
744 3391 133 52 Welt
908 3392 170 67 spielen
1103 3393 115 66 jetzt
1244 3393 428 52 Garten-Concerte
1704 3393 95 52 und

219 3473 229 51 Concerte
478 3491 91 33 von
591 3473 320 51 Militärmusik
943 3476 97 49 eine
1068 3477 148 60 Rolle,
1247 3477 95 51 und
1372 3496 51 32 so
1456 3478 240 50 erfreulich
1728 3478 69 50 ihr

219 3557 278 51 zahlreicher
527 3558 184 50 Besuch
744 3558 70 50 für
856 3560 71 49 die
960 3560 236 68 steigende
1225 3561 297 51 Theilnahme
1567 3562 117 51 auch
1715 3562 83 51 der

221 3641 229 51 mittleren
482 3642 191 51 Classen
704 3660 58 33 an
793 3642 85 51 der
909 3643 256 60 Tonkunst,
1209 3664 50 31 so
1291 3646 175 67 traurig
1505 3646 59 51 ist
1607 3647 72 50 die
1706 3646 60 52 Er-

222 3725 211 67 fahrung,
464 3726 102 51 dass
594 3727 71 50 die
697 3727 161 50 meiste
886 3728 168 60 Musik,
1097 3728 174 51 welche
1303 3730 96 49 ihre
1427 3730 156 51 Leiter
1614 3750 57 31 zu
1701 3731 61 50 Ge-

222 3808 86 51 hör
339 3808 208 69 bringen,
588 3811 86 50 den
717 3812 159 51 reinen
918 3812 114 50 Sinn
1071 3814 96 50 und
1207 3814 88 49 den
1341 3820 142 61 guten
1512 3815 286 51 Geschmack

222 3892 218 52 verdirbt.
485 3894 86 50 Die
603 3897 268 66 Potpourris
903 3897 95 51 und
1031 3897 71 51 die
1132 3897 366 69 Arrangements
1531 3916 80 33 aus
1646 3899 128 50 trivia-

224 3977 74 50 len
329 3979 161 67 Opern
522 3979 151 49 haben
713 3980 68 49 die
815 3981 276 61 Oberhand;
1134 3982 153 51 macht
1317 4000 106 32 man
1455 3982 94 50 sich
1579 4000 82 32 aus
1693 3982 104 51 dem

224 4061 135 52 einen
388 4064 136 49 Local
557 4080 120 51 weg,
717 4084 75 31 um
825 4066 80 50 der
933 4068 173 50 Norma
1149 4068 113 50 oder
1294 4066 145 51 Linda
1469 4085 86 33 von
1588 4068 118 49 Holz
1738 4087 57 31 zu

223 4145 259 63 entfliehen,
529 4165 51 33 so
622 4148 95 52 fällt
760 4168 104 32 man
908 4150 58 51 im
1005 4153 201 50 anderen
1249 4151 80 52 der
1359 4151 140 51 Lucia
1549 4150 112 52 oder
1691 4151 104 52 dem

1897 274 180 51 Romeo
2109 291 90 33 von
2230 270 141 54 Blech
2402 269 44 52 in
2477 269 70 52 die
2576 269 182 53 Hände.
2791 270 104 55 Und
2926 291 50 34 so
3008 270 314 56 wundervolle
3352 273 95 52 Ori-

1897 357 381 67 ginalwerke
2333 357 92 49 für
2470 357 578 61 Harmonie-Musik,
3098 359 87 51 wie
3220 359 122 51 diese
3383 357 96 53 drei

1897 440 357 59 Mozart'schen,
2272 440 148 68 liegen
2437 440 56 51 da
2515 439 268 70 ungekannt
2800 440 95 51 und
2913 442 302 52 unbeachtet!
3246 443 234 52 Versucht

1898 543 49 32 es
1977 545 89 31 nur
2098 526 179 58 einmal,
2308 526 70 49 ihr
2408 527 184 49 Herren
2622 524 290 61 Directoren,
2945 526 122 50 diese
3092 528 265 52 Serenaden
3382 536 72 43 stu-

1900 611 129 49 diren
2067 609 97 50 und
2209 609 121 51 dann
2361 616 83 61 gut
2475 611 251 49 ausführen
2757 628 56 32 zu
2843 609 164 59 lassen,
3053 612 96 49 und
3189 612 69 49 ihr
3300 613 180 51 werdet

1898 694 192 66 gewahr
2122 692 203 60 werden,
2373 693 88 50 wie
2504 693 305 69 empfänglich
2852 693 71 51 die
2951 694 189 50 Herzen
3171 694 80 51 des
3283 713 197 50 grossen

1896 777 265 51 Publicums
2194 777 74 48 für
2298 785 112 58 gute
2441 777 153 51 Musik
2626 778 113 51 sind.
2769 778 177 59 Bläser,
2978 777 70 52 die
3081 777 89 52 den
3203 778 248 69 Schwierig-

1897 862 154 51 keiten
2081 861 243 51 derselben
2357 862 274 66 gewachsen
2664 862 113 60 sind,
2810 862 165 52 besitzt
2999 863 117 68 jetzt
3140 863 132 66 jedes
3303 863 146 52 Musik-

1898 965 135 51 corps
2048 966 10 41 ;
2091 946 121 51 denn
2241 946 182 49 Mozart
2455 946 200 51 schreibt
2686 947 124 50 nicht
2841 965 149 51 gegen
3022 947 70 52 die
3121 948 149 51 Natur
3302 948 82 51 der
3404 950 50 49 In-

1898 1037 282 51 strumente;
2227 1028 123 51 seine
2392 1030 253 49 Hornisten
2691 1030 236 51 brauchen
2971 1031 126 51 nicht
3128 1032 250 51 Clarinette
3425 1051 55 32 zu

1896 1115 174 61 blasen,
2109 1115 97 51 und
2248 1114 123 50 seine
2402 1114 341 50 Clarinettisten
2785 1114 233 52 brauchen
3049 1117 124 50 nicht
3205 1117 179 51 Violine
3417 1135 57 33 zu

1897 1199 185 68 spielen.
2136 1199 100 50 Nur
2275 1199 75 49 für
2390 1197 78 51 das
2500 1197 179 69 Adagio
2710 1197 46 51 in
2785 1200 158 48 B-dur
2974 1197 116 52 wird
3121 1218 49 33 es
3201 1218 57 33 an
3288 1201 159 51 Basset-

1894 1285 206 50 hörnern
2145 1284 174 58 fehlen;
2364 1282 80 51 das
2485 1282 137 51 dritte
2669 1284 117 49 kann
2832 1282 189 51 alsdann
3062 1284 146 51 durch
3264 1286 72 50 ein
3389 1288 60 49 Fa-

1897 1375 102 61 gott
2041 1368 96 52 und
2166 1368 71 50 die
2277 1366 165 51 beiden
2481 1374 155 44 ersten
2670 1366 145 52 durch
2851 1366 333 52 chromatische
3227 1370 253 51 F-llörner

1896 1459 172 43 ersetzt
2108 1451 202 60 werden,
2357 1451 113 50 oder
2509 1451 117 51 auch
2668 1451 80 52 das
2789 1458 121 44 erste
2952 1450 144 52 durch
3140 1451 73 51 ein

1894 1536 174 68 piston.

2020 1619 112 53 Wir
2161 1618 250 52 verbinden
2455 1619 152 50 ferner
2637 1619 181 51 hiermit
2848 1619 71 51 die
2949 1618 205 70 Anzeige
3186 1620 166 52 zweier
3394 1638 83 33 aus

1893 1704 106 52 dem
2028 1704 220 51 Nachlass
2279 1704 80 51 des
2390 1703 214 52 Meisters
2630 1704 115 67 jetzt
2778 1723 106 32 zum
2916 1712 154 43 ersten
3100 1705 120 50 Male
3251 1723 87 33 von
3371 1705 78 51 der-

1896 1788 157 52 selben
2082 1788 435 67 Verlagshandlung
2559 1788 393 51 veröffentlichten
3004 1789 96 52 und
3142 1788 217 52 ebenfalls
3389 1808 89 32 von

1896 1874 119 50 Hrn.
2046 1874 200 50 Julius
2277 1873 205 51 Andre
2526 1872 442 70 herausgegebenen
2998 1874 196 61 Werke,
3237 1874 123 50 einer
3391 1876 58 49 So-

1901 1964 106 45 nate
2037 1958 95 51 und
2162 1957 124 51 eines
2312 1958 187 50 Duetts.

2156 2043 169 50 Sonate
2557 2042 159 49 G-dur
2926 2044 84 65 für
3163 2042 104 52 Ciavier
3268 2042 74 51 Preis
3354 2042 19 51 1
3406 2042 66 51 Fl.

2114 2124 74 54 30
2225 2128 82 49 Ivr.

2020 2210 97 50 Das
2159 2210 293 50 erläuternde
2484 2211 222 49 Vorwort
2748 2210 145 68 (März
2932 2208 178 69 1853)
3150 2210 181 50 belehrt
3373 2227 103 42 uns,

1893 2292 104 52 dass
2029 2293 93 51 sich
2152 2312 89 33 von
2273 2295 149 49 dieser
2444 2293 317 69 Composition
2783 2295 60 50 im
2867 2293 286 69 Manuscript
3184 2312 104 32 vom
3321 2301 156 44 ersten

1900 2380 134 49 Satze
2065 2377 20 70 (.
2085 2381 187 66 Allegro
2306 2400 63 46 74
2404 2377 129 69 Tact)
2580 2397 89 32 nur
2710 2380 81 51 der
2836 2386 121 43 erste
2989 2378 128 51 Theil
3159 2380 94 49 und
3295 2378 181 69 wenige

1894 2464 143 48 Tacte
2068 2462 213 69 (nämlich
2315 2461 53 67 9)
2409 2462 79 51 des
2519 2462 196 52 zweiten
2745 2464 196 58 Theiles,
2993 2464 152 49 ferner
3190 2464 72 50 ein
3293 2464 175 49 Thema

1910 2545 235 68 (Andante
2164 2544 17 27 2
2178 2592 11 23 ,
2208 2573 22 32 4
2261 2545 130 68 Tact)
2424 2547 80 49 mit
2531 2546 395 69 Veränderungen
2943 2546 96 51 und
3057 2546 414 60 Zwischensätzen,

1891 2630 169 67 jedoch
2082 2630 120 51 ohne
2228 2630 205 60 Schluss,
2465 2631 313 67 vorgefunden
2809 2630 164 51 haben.
3015 2632 85 49 Hr.
3129 2632 42 50 J.
3203 2630 162 52 Andre
3397 2631 79 50 hat

1897 2734 97 32 nun
2024 2734 57 32 zu
2113 2716 103 50 dem
2612 2718 187 63 Allegro
2465 2715 132 51 einen
2629 2716 193 51 zweiten
2852 2715 130 51 Theil
3013 2716 116 50 nach
3158 2715 203 51 Motiven
3393 2715 80 51 des

1898 2805 155 45 ersten
2095 2806 446 60 zusammengesetzt
2585 2800 93 50 und
2724 2800 104 51 dem
2866 2799 212 52 variirten
3120 2800 174 50 Thema
3337 2799 132 51 einen

1900 2883 189 50 Schluss
2119 2883 310 68 hinzugefügt.
2474 2884 66 49 Er
2569 2884 79 49 hat
2678 2884 94 51 sich
2803 2883 128 52 dabei
2963 2902 50 33 so
3048 2884 151 67 wenig
3225 2883 87 50 wie
3344 2888 97 63 mög-

1898 2968 87 49 lich
2029 2987 56 32 zu
2129 2969 149 50 einem
2324 2968 387 68 selbstständigen
2757 2969 212 51 Schaffen
3018 2969 247 50 verführen
3309 2969 163 55 lassen,

1897 3069 95 33 was
2024 3053 105 49 sehr
2160 3072 57 30 zu
2248 3052 180 67 billigen
2461 3053 71 57 ist,
2574 3053 95 51 und
2697 3053 71 51 die
2800 3053 189 58 Stellen,
3031 3069 74 33 wo
3138 3052 122 50 seine
3290 3053 151 66 Ergän-

1897 3154 180 50 zungen
2110 3137 240 67 beginnen,
2394 3137 97 50 sind
2532 3137 79 49 mit
2654 3137 103 50 dem
2787 3135 296 52 Buchstaben
3115 3135 43 51 A
3190 3135 281 51 bezeichnet.

1896 3222 137 49 Diese
2052 3223 344 67 Ergänzungen
2428 3222 98 51 sind
2559 3240 113 49 ganz
2705 3240 115 49 ange
2838 3240 183 40 nessen,
3054 3240 88 31 nur
3172 3222 185 49 können
3388 3220 86 50 wir

1897 3304 79 51 das
2006 3304 322 69 Hinaufgehen
2359 3304 115 51 über
2505 3306 88 52 den
2623 3306 122 49 alten
2776 3306 198 67 Umfang
3006 3306 78 49 des
3117 3304 201 51 Claviers
3350 3303 124 50 nicht

1896 3389 280 68 gutheissen,
2230 3393 56 52 da
2329 3391 70 50 die
2443 3389 283 69 Klangfarbe
2768 3391 83 49 der
2891 3391 212 49 sechsten
3135 3391 149 49 Octav
3331 3386 147 52 selbst

1896 3473 72 50 für
2016 3473 79 51 das
2141 3476 103 49 Ohr
2291 3474 80 50 des
2415 3474 141 50 Laien
2599 3474 83 50 auf
2715 3474 81 50 der
2827 3473 141 51 Stelle
3013 3473 83 51 der
3137 3469 337 54 Mozart'schen

1893 3558 154 51 Musik
2077 3560 132 53 einen
2228 3558 218 52 Anstrich
2477 3560 80 49 des
2585 3558 258 52 Modernen
2874 3558 111 69 gibt,
3018 3558 207 51 welchen
3257 3554 62 51 sie
3351 3553 121 51 nicht

1897 3648 248 61 vertragen
2187 3643 134 50 kann.

2020 3726 88 52 Die
2133 3728 173 50 Sonate
2338 3726 54 51 ist
2424 3727 116 50 nach
2571 3726 82 51 der
2681 3728 223 66 Meinung
2935 3726 80 49 des
3045 3721 354 67 Herausgebers
3430 3721 46 51 in

1896 3810 89 52 den
2016 3810 286 70 siebenziger
2333 3811 170 50 Jahren
2547 3812 314 66 geschrieben,
2904 3811 72 47 für
3022 3807 174 51 welche
3228 3806 244 49 Annahme

1894 3914 51 32 er
1981 3914 164 32 ausser
2174 3896 104 51 dem
2316 3896 84 50 Stil
2432 3897 114 50 auch
2578 3896 71 52 die
2670 3894 315 53 Notenschrift
3017 3892 201 50 anführt.
3248 3890 111 52 Wir
3383 3891 70 50 hal-

1894 3988 79 43 ten
2005 3980 63 51 sie
2109 3980 216 51 ebenfalls
2369 3981 74 50 für
2484 3981 71 51 ein
2598 3981 107 50 sehr
2747 3979 153 49 frühes
2931 3976 169 59 Werk,
3145 3975 221 51 vielleicht
3396 3993 82 31 aus

1894 4065 106 51 dem
2018 4064 296 52 dreizehnten
2331 4065 112 52 oder
2460 4065 292 51 vierzehnten
2768 4061 313 66 Lebensjahre
3095 4061 235 59 Mozart's,
3361 4057 112 52 aber

1894 4150 133 52 desto
2049 4149 341 53 interessanter.
2410 4148 282 68 Abgesehen
2709 4165 88 33 von
2815 4146 104 52 dem
2938 4144 303 53 historischen
3256 4142 221 61 Werthe,
