3513 4409
1677 186 108 50 285

161 312 206 57 Hiller,
412 315 81 47 auf
527 315 84 48 den
648 316 67 48 ich
758 319 82 47 viel
884 320 137 58 halte,
1066 321 119 50 diese
1216 340 138 47 ganze
1382 326 98 47 Zeit
1508 327 184 65 zufällig

156 390 116 47 auch
304 390 103 48 dort
435 391 248 66 zubringen
716 395 131 59 wird,
880 396 54 47 ist
965 399 84 45 mir
1080 399 68 47 ein
1180 416 180 47 grosser
1392 404 207 48 Gewinn.

285 468 90 55 „Es
405 470 151 47 macht
586 471 85 47 mir
710 472 263 66 überhaupt
1005 476 197 57 Freude,
1244 480 81 44 Dir
1363 481 237 47 schreiben
1637 499 51 30 zu

158 543 198 56 können,
389 545 100 48 dass
518 546 69 48 ich
614 547 106 65 jetzt
751 550 42 45 in
822 551 308 48 Deutschland
1157 555 118 47 wohl
1303 555 137 48 festen
1470 559 111 45 Fuss
1612 575 52 46 ge-

158 621 105 47 fasst
287 621 117 48 habe
429 623 89 47 und
544 625 123 47 nicht
690 627 171 47 meiner
887 628 209 49 Existenz
1123 631 159 48 halber
1307 633 112 47 nach
1444 633 102 49 dem
1574 639 87 43 Aus-

155 698 133 47 lande
311 717 52 30 zu
395 701 219 48 wandern
643 703 230 49 brauchen
899 706 167 48 werde.
1099 708 91 47 Das
1221 708 78 47 hat
1326 711 92 47 sich
1451 712 238 62 eigentlich

154 783 91 40 erst
273 777 84 47 seit
384 777 146 48 einem
560 780 141 47 Jahre
743 782 89 46 und
865 785 272 47 namentlich
1167 786 83 47 seit
1280 788 173 47 meiner
1484 790 207 50 Stellung

227 854 20 16 r

154 870 42 29 in
226 854 186 64 Leipzig
442 856 196 48 deutlich
669 860 190 63 gezeigt,
901 860 113 48 aber
1053 862 67 47 ich
1160 863 169 63 glaube
1367 867 179 61 gewiss,
1590 867 101 47 dass

154 947 46 32 es
229 947 48 32 so
309 932 68 55 ist,
410 933 91 47 und
535 933 146 50 denke
705 937 136 57 auch,
871 955 45 29 es
937 940 60 47 sei
1028 941 119 47 nicht
1175 941 352 61 unbescheiden,
1558 961 131 32 wenn

154 1008 70 47 ich
258 1009 116 49 mich
405 1011 202 48 darüber
638 1012 125 49 freue
795 1014 90 47 und
911 1032 46 31 es
982 1017 81 47 Dir
1085 1035 122 47 sage.
1244 1020 81 47 Die
1349 1023 102 55 Art,
1476 1022 84 47 wie
1586 1039 103 31 man

154 1084 117 49 mich
304 1087 82 47 auf
412 1089 172 47 meiner
610 1091 131 47 Reise
765 1092 40 47 in
835 1093 264 56 Frankfurt,
1129 1094 175 50 endlich
1330 1098 115 47 auch
1472 1098 97 49 hier
1593 1100 72 47 auf-

151 1181 277 46 genommen
462 1167 93 53 hat,
598 1168 55 47 ist
694 1186 66 38 so,
805 1172 84 46 wie
918 1172 131 47 sich's
1081 1173 69 47 ein
1181 1174 203 49 Musiker
1414 1194 86 30 nur
1529 1178 159 64 irgend

153 1242 247 47 wünschen
435 1243 142 56 kann;
610 1246 89 47 und
732 1263 131 31 wenn
896 1248 80 48 das
1007 1249 106 47 alles
1143 1251 116 47 auch
1287 1253 150 64 wenig
1466 1253 110 48 oder
1608 1272 83 45 gar

151 1318 144 47 nichts
322 1321 224 48 bedeuten
573 1338 122 50 mag,
724 1341 47 30 so
803 1324 53 47 ist
885 1342 46 31 es
962 1326 68 47 ein
1054 1327 196 49 Zeichen
1280 1346 83 32 von
1391 1332 270 48 Freundlich-

153 1395 106 56 keit,
306 1397 70 48 die
421 1399 162 49 immer
626 1402 120 47 wohl
786 1403 120 56 thut,
949 1403 91 48 und
1071 1406 85 47 alle
1185 1407 151 48 solche
1364 1409 196 47 Zeichen
1590 1411 98 47 sind

151 1475 85 46 mir
267 1475 104 56 lieb,
404 1478 97 47 weil
534 1478 67 48 ich
629 1481 84 45 mir
738 1481 202 48 bewusst
964 1482 90 56 bin,
1086 1484 142 47 nichts
1251 1487 167 63 gethan
1442 1505 50 29 zu
1520 1488 168 57 haben,

150 1569 74 30 um
255 1554 63 46 sie
351 1554 371 51 hervorzurufen.
776 1559 175 47 Darum
984 1561 155 48 freue
1171 1563 69 47 ich
1274 1564 116 47 mich
1423 1566 100 57 fast,
1555 1583 130 31 wenn

150 1630 71 46 Du
257 1630 114 49 mich
405 1632 130 48 einen
568 1634 333 64 umgekehrten
935 1637 248 49 Charlatan
1214 1648 178 48 nennst,
1433 1642 90 47 und
1555 1660 130 31 wenn

148 1724 85 31 msr
257 1709 216 48 Manches
497 1727 82 33 von
602 1712 140 49 selbst
770 1732 51 29 zu
849 1716 128 47 Theil
1003 1717 130 57 wird,
1165 1735 75 30 um
1273 1719 78 47 das
1381 1721 90 47 sich
1503 1721 184 48 Andere

146 1784 106 48 sehr
277 1785 255 59 bemühen;
564 1790 67 46 ich
661 1790 106 47 darf
791 1790 119 49 dann
943 1793 218 63 glauben,
1193 1794 100 49 dass
1322 1797 109 47 ich's
1461 1798 224 48 verdiene.

150 1863 155 48 Wenn
337 1864 68 48 ich
437 1883 86 29 nur
554 1868 121 47 diese
710 1868 168 49 Worte
913 1870 116 47 auch
1062 1870 102 49 dem
1199 1873 140 48 Vater
1368 1876 165 47 einmal
1566 1876 122 48 hätte

145 1940 239 50 schreiben
417 1944 199 56 können,
647 1944 116 50 denn
795 1963 50 31 er
876 1947 121 49 hätte
1026 1949 63 47 sie
1119 1967 112 47 gern

530 2198 90 55 Die
661 2216 176 53 grosse
880 2201 132 70 Oper
1053 2202 52 53 in
1146 2202 157 56 Paris.

263 2334 84 48 Die
377 2334 145 66 Oper,
565 2337 144 48 dieses
752 2356 156 47 grosse
940 2340 202 49 Theater
1186 2343 79 48 mit
1294 2344 169 47 seinem
1498 2361 189 48 grossen

142 2411 271 58 Orchester,
461 2414 153 48 seinen
662 2432 184 48 grossen
899 2418 202 58 Chören,
1152 2419 83 50 der
1283 2438 188 47 grossen
1520 2423 138 48 Unter-

141 2493 230 61 stützung,
404 2491 172 49 welche
606 2508 46 32 es
681 2509 100 32 vom
816 2495 154 49 Staate
1001 2498 258 65 empfängt,
1294 2499 171 48 seinem
1496 2500 168 47 zahlrei-

142 2569 115 47 chen
290 2569 264 58 Personale,
591 2571 153 49 seinen
777 2574 268 65 unzähligen
1077 2577 338 48 Decorationen
1447 2578 167 65 gleicht
1644 2580 41 46 in

144 2646 142 47 vielen
319 2648 199 48 Stücken
564 2649 102 47 dem
709 2650 161 48 Storch
917 2652 41 48 in
1001 2652 81 48 der
1127 2654 156 50 Fabel.
1340 2655 111 49 Bald
1495 2655 194 50 erblickt

145 2740 103 32 man
288 2725 75 47 ihn
408 2726 82 47 auf
521 2728 146 47 einem
701 2729 139 47 Beine
869 2730 250 56 schlafend,
1165 2732 101 48 bald
1299 2733 200 49 wandelt
1528 2751 48 30 er
1607 2734 52 50 da-

146 2801 92 58 hin,
268 2803 42 47 in
342 2803 86 48 den
457 2805 295 64 spärlichsten
777 2806 270 50 Gewässern
1070 2809 228 65 Nahrung
1321 2810 221 57 suchend,
1564 2812 125 48 nicht

145 2880 165 48 einmal
343 2880 85 50 den
461 2883 259 66 Gründling
748 2885 377 57 verschmähend,
1155 2904 80 32 vor
1264 2889 220 48 welchem
1515 2907 50 30 er
1594 2890 91 49 sich

145 2965 123 41 sonst
299 2958 119 48 ekelt
450 2960 89 47 und
572 2960 157 48 dessen
752 2963 150 48 Name
934 2964 132 48 allein
1097 2965 140 50 schon
1264 2966 237 58 hinreicht,
1532 2968 153 48 seinen

145 3038 424 62 gastronomischen
601 3039 121 48 Stolz
751 3057 51 30 zu
836 3040 270 67 beleidigen.

261 3114 128 48 Aber
432 3115 81 48 der
554 3133 127 32 arme
714 3118 143 64 Vogel
903 3119 55 47 ist
1001 3137 72 31 am
1108 3121 160 65 Flügel
1312 3123 283 57 verwundet,
1637 3140 50 31 er

144 3190 108 63 geht
283 3193 92 47 und
408 3194 119 48 kann
558 3195 123 47 nicht
714 3195 182 66 fliegen,
940 3198 90 48 und
1068 3199 123 48 seine
1224 3200 138 48 Beine
1395 3201 184 49 werden
1609 3201 76 49 ihn

144 3285 75 31 um
249 3287 50 31 so
329 3271 205 65 weniger
562 3290 101 31 zum
686 3274 123 48 Ziele
840 3274 185 58 führen,
1057 3276 63 49 als
1150 3294 50 31 er
1228 3276 139 50 selbst
1396 3279 123 48 nicht
1541 3280 146 57 weiss,

144 3347 113 49 nach
291 3350 198 47 welcher
516 3351 409 66 Himmelsgegend
958 3370 49 32 er
1037 3354 91 53 sich
1162 3355 191 50 wenden
1384 3358 97 47 soll.

261 3427 86 47 Die
377 3429 130 65 Oper
537 3430 107 56 will,
692 3431 85 49 wie
819 3433 87 48 alle
948 3433 202 49 anderen
1181 3435 217 56 Theater,
1440 3435 113 50 Geld
1594 3435 91 50 und

141 3504 71 48 Eh
220 3521 65 40 re,
316 3506 154 48 Ruhm
503 3507 92 49 und
620 3509 273 49 Einnahme.
927 3510 85 50 Die
1037 3528 186 48 grossen
1249 3514 188 63 Erfolge
1459 3514 201 48 verschaf-

144 3581 70 48 fen
244 3584 138 47 Eines
415 3584 91 48 und
537 3586 80 47 das
648 3585 209 58 Andere;
902 3595 110 56 gute
1044 3590 179 47 Werke
1252 3591 215 65 schlagen
1499 3591 155 49 manch-

142 3660 88 47 mal
275 3661 162 57 durch,
487 3680 157 47 grosse
689 3664 326 66 Componister»
1059 3668 91 46 und
1194 3669 260 63 geschickte
1498 3669 190 49 Dichter

141 3739 156 48 stellen
328 3740 113 48 aber
471 3742 134 49 allein
633 3742 293 66 dergleichen
959 3745 94 48 her.
1097 3746 135 49 Diese
1266 3748 195 55 Werke,
1498 3764 85 32 von
1614 3749 48 47 In-

141 3816 208 66 telligenz
382 3819 89 47 und
498 3821 144 47 Genie
669 3821 253 57 strahlend,
951 3826 247 62 vermögen
1228 3825 101 48 ihre
1358 3843 142 47 ganze
1531 3826 129 49 leben-

142 3891 103 69 dige
287 3895 253 49 Schönheit
586 3916 87 31 nur
720 3901 245 48 vermittels
1010 3901 124 48 einer
1176 3901 250 60 lebhaften,
1468 3904 219 57 schönen,

144 3986 222 42 warmen,
391 3976 442 62 geschmackvollen,
857 3986 177 50 treuen,
1057 3981 326 65 grossartigen,
1407 3981 278 65 glänzenden

144 4049 92 48 und
268 4050 229 49 beseelten
531 4054 372 67 Durchführung
934 4074 52 30 zu
1017 4056 284 51 offenbaren.
1345 4060 86 47 Die
1465 4059 198 49 Vortreff-

142 4125 183 52 lichkeit
355 4129 81 49 der
466 4131 214 48 letzteren
714 4132 140 66 hängt
883 4135 113 48 aber
1024 4136 124 48 nicht
1170 4136 132 50 allein
1325 4153 85 33 von
1435 4136 82 50 der
1541 4137 146 50 Wahl

1764 326 80 48 der
1859 331 361 50 Ausführenden
2247 334 73 56 ab,
2345 335 193 50 sondern
2563 340 307 51 vornehmlich
2893 360 82 32 von
2996 345 99 50 dem
3124 349 164 58 Geiste,

1765 405 81 47 der
1873 407 63 46 sie
1967 407 183 50 beseelt.
2183 411 159 48 Dieser
2367 414 122 47 Geist
2516 415 168 50 könnte
2715 435 91 31 nun
2836 421 241 66 allerdings
3108 426 68 47 ein
3208 446 54 43 gu-

1763 489 69 39 ter
1859 484 111 53 sein,
2003 501 130 31 wenn
2164 487 80 46 seit
2276 489 156 62 langer
2454 491 96 47 Zeit
2580 494 88 47 sich
2703 495 120 47 nicht
2848 498 129 48 Allen
3009 500 70 47 die
3105 503 153 48 Bemer-

1765 557 124 65 kung
1919 561 304 65 aufgedrängt
2252 565 136 57 hätte,
2420 566 100 48 dass
2549 570 97 48 eine
2677 573 158 48 wahre
2864 575 320 51 Leidenschaft
3215 581 74 47 für

1764 635 70 48 die
1865 637 406 68 Mittelmässigkeit
2299 642 71 47 die
2399 644 127 63 Oper
2561 646 278 52 beherrscht.
2896 653 286 64 Ungeachtet
3211 656 80 50 der

1765 712 154 50 besten
1950 716 247 50 Absichten
2223 735 81 32 von
2331 720 80 47 der
2437 722 143 58 Welt,
2611 725 243 65 begeistert
2882 730 62 47 sie
2972 731 91 49 sich
3096 733 65 48 bis
3189 753 98 30 zum

1765 791 350 51 Enthusiasmus
2146 796 75 46 für
2251 796 78 48 das
2359 799 163 55 Platte,
2562 802 129 63 glüht
2719 820 79 32 vor
2827 806 355 68 Bewunderung
3215 813 74 45 für

1765 866 78 48 das
1876 870 234 58 Farblose,
2140 874 158 46 erhitzt
2328 875 90 47 sich
2453 876 76 46 für
2558 876 77 48 das
2667 880 62 46 La
2738 898 78 38 ue;
2855 884 62 45 sie
2947 885 109 47 wird
3090 887 197 63 poetisch

1768 945 75 47 für
1873 945 70 48 die
1976 948 153 47 Prosa.
2186 951 70 47 Da
2286 951 61 48 sie
2379 952 211 49 überdies
2620 955 238 61 erkannte,
2897 960 100 48 dass
3027 961 78 50 das
3137 965 130 47 Publi-

1764 1039 121 39 cum,
1904 1040 79 32 aus
1999 1026 315 63 Langerweile
2337 1030 43 48 in
2407 1031 400 67 Gleichgültigkeit
2830 1037 228 57 verfallen,
3088 1041 81 47 seit
3197 1042 72 47 lan-

1764 1116 80 47 ger
1866 1102 99 46 Zeit
1994 1103 108 47 alles
2131 1105 113 47 über
2273 1106 91 47 sich
2397 1108 197 63 ergehen
2625 1111 117 55 lässt,
2774 1129 93 32 was
2891 1131 101 32 man
3018 1116 91 47 ihm
3137 1117 155 57 bietet,

1763 1178 119 49 ohne
1912 1186 141 42 etwas
2082 1199 51 29 zu
2167 1182 179 65 billigen
2379 1185 110 48 oder
2517 1204 50 29 zu
2599 1188 167 58 tadeln,
2807 1208 49 31 so
2902 1192 76 47 hat
3020 1194 62 48 sie
3126 1195 166 49 daraus

1764 1256 79 45 mit
1871 1257 147 47 Recht
2046 1260 304 61 geschlossen,
2392 1261 101 48 dass
2521 1263 61 47 sie
2613 1265 165 49 Herrin
2808 1268 59 47 im
2900 1270 156 48 Hause
3094 1272 61 46 sei
3201 1272 91 49 und

1761 1335 91 45 sich
1892 1336 120 47 ohne
2051 1337 262 65 Besorgniss
2361 1340 140 48 allen.
2519 1342 250 48 Antrieben
2818 1347 121 47 ihrer
2976 1348 316 51 Leidenschaft

1763 1409 227 65 hingeben
2022 1412 147 57 dürfe,
2214 1432 73 31 um
2320 1416 80 48 der
2430 1417 406 67 Mittelmässigkeit
2865 1423 153 49 Altäre
3056 1442 51 31 zu
3141 1427 147 48 bauen

1767 1488 87 48 und
1889 1489 68 47 ihr
1989 1491 286 49 Weihrauch
2307 1511 50 29 zu
2389 1501 197 42 streuen.

1877 1568 87 47 Um
1997 1568 127 48 einen
2166 1586 48 32 so
2243 1571 198 48 schönen
2477 1572 156 65 Erfolg
2675 1591 51 31 zu
2770 1577 188 47 erzielen
3005 1578 88 49 und
3140 1590 126 38 unter-

1761 1646 134 44 stützt
1922 1661 84 32 von
2039 1646 268 66 denjenigen
2337 1649 122 47 ihrer
2491 1649 311 68 Werkzeuge,
2845 1653 137 50 deren
3015 1657 276 62 glückliches

1762 1721 189 49 Naturel
1983 1723 142 48 nichts
2154 1726 221 64 verlangt,
2416 1727 62 47 als
2517 1728 89 46 sich
2641 1729 137 47 selbst
2808 1731 261 51 überlassen
3099 1752 50 30 zu
3184 1736 86 47 blei-

1764 1797 103 56 ben,
1899 1816 76 32 um
2000 1801 41 47 in
2066 1801 167 49 diesem
2260 1803 137 48 Sinne
2420 1822 50 29 zu
2497 1806 188 56 wirken,
2709 1808 76 47 hat
2807 1809 61 47 sie
2892 1811 84 45 alle
3001 1812 97 47 ihre
3121 1813 142 47 Künst-

1762 1876 64 47 ler
1848 1876 290 50 dermaassen
2163 1881 225 57 ermüdet,
2420 1882 153 48 blasirt
2599 1884 89 47 und
2713 1884 41 47 in
2779 1886 143 48 ihrem
2950 1888 343 52 Aufschwunce

1763 1956 217 62 gelähmt,
2011 1957 101 48 dass
2138 1959 209 49 mehrere
2369 1976 84 32 von
2478 1961 152 56 ihnen,
2661 1962 96 48 ihre
2784 1964 170 49 Harfen
2987 1982 55 31 an
3067 1967 70 47 die
3160 1968 99 49 Wei-

1763 2032 85 47 den
1880 2032 77 49 des
1986 2036 133 47 Ufers
2157 2037 315 65 aufhängend,
2517 2039 157 47 stehen
2721 2039 176 50 blieben
2945 2043 92 47 und
3082 2046 211 56 weinten,

1763 2109 169 48 andere
1974 2112 231 66 anfingen,
2251 2131 80 30 aus
2378 2116 284 64 Entrüstung
2703 2117 95 48 ihre
2842 2119 354 66 Beschäftigung
3237 2140 54 30 zu

1763 2187 176 50 hassen.
1973 2189 124 48 Viele
2120 2192 354 48 schlummerten
2500 2194 86 55 ein,
2618 2194 87 47 und
2735 2194 71 49 die
2830 2197 303 65 Philosophen
3159 2207 134 39 unter

1762 2264 136 48 ihnen
1929 2268 223 48 streichen
2185 2269 69 47 ihr
2284 2271 165 46 Gehalt
2492 2272 88 54 ein,
2621 2272 150 47 indem
2815 2273 60 48 sie
2921 2274 189 49 lachend
3141 2277 121 47 Maza-

1763 2343 105 47 rin's
1900 2344 164 50 Wort:
2106 2347 113 56 „Die
2243 2348 128 65 Oper
2399 2348 118 65 singt
2548 2349 136 56 nicht,
2714 2351 112 47 aber
2854 2352 62 47 sie
3216 2371 53 48 pa-

1763 2420 198 50 rodiren.

1880 2500 93 46 Das
2013 2500 318 50 Orchester
2374 2504 131 47 allein
2547 2504 139 48 schon
2727 2505 150 47 macht
2916 2505 80 49 der
3024 2508 128 63 Oper
3183 2508 109 50 viele

1763 2575 156 56 Mühe,
1950 2594 75 31 um
2058 2594 44 31 es
2131 2596 52 30 zu
2218 2579 238 65 bändigen.
2515 2582 94 45 Der
2647 2584 174 61 grösste
2851 2583 129 48 Theil
3011 2585 146 47 seiner
3187 2587 76 45 Mit-

1761 2654 189 64 glieder,
1981 2657 197 47 welcher
2207 2673 80 31 aus
2320 2658 241 48 Virtuosen
2591 2668 146 39 ersten
2768 2660 185 65 Ranges
2983 2662 192 56 besteht,
3213 2679 52 49 ge-

1763 2732 103 49 hört
1903 2751 52 30 zu
1999 2733 103 49 dem
2143 2734 273 51 berühmten
2447 2737 251 48 Orchester
2740 2738 77 48 des
2848 2739 444 57 Conservatoriums;

1762 2810 61 47 sie
1853 2812 158 47 stehen
2042 2812 144 49 daher
2214 2813 42 48 in
2281 2814 216 64 gewisser
2520 2815 279 66 Berührung
2830 2818 78 46 mit
2938 2817 78 48 der
3047 2819 215 64 gediegen-

1761 2895 96 40 sten
1891 2889 148 47 Kunst
2068 2890 89 47 und
2192 2890 78 49 mit
2300 2892 146 48 einem
2479 2893 339 63 ausgewählten
2849 2894 264 56 Publicum;
3152 2895 143 49 daher

1761 2974 224 39 stammen
2017 2968 70 47 die
2111 2968 152 56 Ideen,
2295 2970 172 47 welche
2496 2970 62 47 sie
2587 2970 272 65 eingesogen
2893 2972 167 57 haben,
3091 2973 88 47 und
3212 2973 80 47 der

1764 3044 318 56 Widerstand,
2122 3046 202 47 welchen
2359 3046 62 49 sie
2451 3046 85 49 den
2569 3049 351 64 Bemühungen,
2962 3050 62 47 sie
3053 3068 51 29 zu
3137 3059 127 38 unter-

1763 3123 187 54 werfen,
1992 3132 389 58 entgegensetzen.
2441 3125 127 48 Aber
2604 3142 45 31 es
2679 3126 97 65 gibt
2807 3126 131 49 keine
2969 3128 326 49 künstlerische

1763 3200 343 65 Organisation,
2148 3203 139 48 deren
2319 3203 315 64 Aufschwung
2680 3220 103 33 man
2826 3205 81 47 auf
2931 3205 71 48 die
3033 3206 154 64 Länge
3217 3206 80 47 der

1761 3279 97 47 Zeit
1889 3278 89 48 und
2009 3279 144 48 durch
2186 3280 284 64 fortgesetzte
2503 3280 304 66 Aufführung
2835 3283 251 47 schlechter
3118 3283 177 48 Werke

1763 3358 123 47 nicht
1926 3374 53 31 zu
2017 3358 217 57 brechen,
2277 3359 137 47 deren
2450 3360 150 47 Feuer
2644 3377 103 30 man
2790 3360 122 48 nicht
2954 3361 342 56 auszulöschen,

1762 3434 139 49 deren
1928 3435 132 48 Kraft
2084 3453 103 32 man
2213 3436 123 49 nicht
2359 3454 50 31 zu
2437 3438 198 57 lähmen,
2660 3438 137 47 deren
2832 3438 174 48 kühnes
3032 3439 238 48 Vorschrei-

1762 3520 73 40 ten
1861 3529 105 31 man
1990 3514 123 47 nicht
2136 3513 370 49 niederzuhalten
2538 3515 273 48 vermöchte.
2853 3515 124 56 „Ah!
3006 3516 75 47 Sie
3107 3516 189 49 machen

1762 3591 103 47 Sich
1899 3591 113 47 über
2044 3593 146 47 meine
2220 3594 177 63 Sänger
2668 3600 101 57 sagt
2809 3593 72 48 die
2912 3594 129 65 Oper
3084 3595 115 48 öfter
3241 3612 51 29 zu

1762 3669 153 57 ihnen,
1969 3670 103 55 „Sie
2112 3678 179 58 spotten
2343 3671 115 47 über
2507 3671 145 47 meine
2695 3688 149 30 neuen
2893 3673 278 54 Partituren,
3220 3673 75 47 Sie

1762 3748 179 45 Herren
1967 3748 237 48 Künstler!
2234 3748 69 48 ich
2331 3748 151 49 werde
2498 3749 74 47 Sie
2599 3748 102 48 bald
2727 3765 77 31 zur
2828 3749 227 48 Vernunft
3079 3749 214 63 bringen;

1762 3824 57 48 da
1849 3824 54 47 ist
1931 3824 69 47 ein
2031 3825 140 48 Stück
2205 3843 80 30 aus
2314 3826 125 47 einer
2461 3826 166 64 Menge
2651 3843 82 32 von
2759 3828 162 55 Acten,
2943 3826 153 49 dessen
3121 3826 145 49 Schön-

1762 3902 150 47 heiten
1942 3902 74 49 Sie
2049 3904 157 48 kosten
2235 3904 157 49 sollen.
2447 3904 108 48 Drei
2588 3905 183 48 Proben
2812 3905 187 48 würden
3039 3905 57 47 im
3141 3905 129 63 Allge-

1763 3981 178 47 meinen
1973 3980 280 57 hinreichen,
2284 3999 75 30 um
2390 3981 141 50 damit
2562 3981 131 65 fertig
2722 4000 52 31 zu
2801 3982 199 56 werden,
3030 3999 46 32 es
3100 3982 52 47 ist
3178 3982 94 49 blos-

1762 4074 72 33 ser
1875 4057 292 58 Vorsaalstil;
2216 4060 74 48 Sie
2334 4059 183 48 werden
2562 4060 148 48 indess
2754 4060 134 48 zwölf
2924 4059 110 48 oder
3080 4059 215 48 fünfzehn

1764 4135 217 57 machen;
2013 4137 99 49 Eile
2143 4137 78 49 mit
2254 4137 164 49 Weile.
2477 4137 108 49 Wir
2614 4139 160 47 wollen
2807 4154 46 32 es
2882 4137 110 49 zehn
3025 4139 91 47 Mal
3150 4137 147 49 hinter
