3513 4409
1666 135 108 50 283

151 268 152 48 selbst.
316 269 158 47 —Mit
505 269 217 49 anderem
753 272 192 50 Worte:
974 275 267 64 Schöpfung
1270 276 90 47 und
1385 276 306 48 Jahreszeiten

148 344 99 49 sind
279 344 74 49 aui
378 346 151 48 Natur
562 347 88 47 und
678 348 262 50 sichtbaren
966 351 308 48 Gottesdienst
1297 352 274 65 gegründet,
1601 353 90 47 und

151 423 161 47 sollten
344 422 57 48 da
433 423 124 48 nicht
587 426 114 47 noch
740 442 116 33 neue
888 427 142 48 Stoffe
1073 429 74 46 für
1177 429 70 47 die
1277 431 148 45 Musik
1458 447 51 29 zu
1540 429 153 49 finden

272 577 109 48 Wir
413 577 151 48 haben
595 579 64 47 olt
688 579 139 49 schon
858 581 42 47 in
932 581 150 48 diesen
1115 583 198 47 Blättern
1338 601 146 47 gegen
1511 584 160 65 diejeni-

151 668 88 48 gen
270 654 265 64 liigoristen
580 663 134 40 unter
752 658 85 47 den
876 658 234 48 Musikern
1149 659 206 64 geeifert,
1402 662 173 46 welche
1619 662 80 47 auf

152 733 79 44 das
263 730 178 49 Urtheil
474 732 78 47 des
582 733 283 57 Publicums,
909 736 99 47 weil
1054 753 46 31 es
1139 737 122 48 nicht
1299 738 279 47 musicalisch
1625 739 70 52 ist,

152 823 83 48 gar
259 808 143 48 nichts
427 809 148 64 geben
607 812 90 45 und
730 828 55 31 an
810 812 136 64 jeden
976 814 210 49 Zuhörer
1209 814 71 47 die
1304 816 269 63 Ansprüche
1599 833 64 31 ma-

156 885 132 58 chen,
326 887 65 47 als
421 889 169 45 müsste
621 904 49 31 er
696 889 91 47 sich
822 889 118 47 beim
974 892 209 47 Eintritte
1213 892 40 47 in
1285 892 84 48 den
1403 893 291 48 Concertsaal

147 962 222 66 jedesmal
397 963 143 48 durch
569 964 289 67 Vorzeigung
882 968 121 48 eines
1029 969 180 48 Canons
1233 969 111 47 oder
1366 970 121 47 eines
1514 972 179 63 Fugen-

152 1040 215 49 Ihema's
413 1042 287 63 legitirniren.
761 1045 110 46 Hier
909 1049 165 60 mögen
1119 1048 61 46 sie
1217 1047 118 47 denn
1374 1048 163 47 einmal
1570 1048 125 48 recht

157 1118 338 65 handgreiflich
535 1120 91 47 sich
669 1122 307 66 überzeugen,
1020 1124 101 47 dass
1152 1139 44 32 es
1225 1125 59 46 im
1316 1124 256 65 gebildeten
1603 1127 59 45 Pu-

157 1195 165 47 blicum
358 1197 116 47 auch
507 1198 146 47 Leute
683 1199 113 64 gibt,
839 1200 145 49 denen
1029 1219 49 30 zu
1124 1205 209 61 genügen
1366 1203 216 48 wahrlich
1615 1204 79 47 der

155 1273 119 47 Stolz
305 1274 77 46 des
414 1274 241 50 Künstlers
684 1293 84 32 von
801 1279 121 47 Fach
954 1279 92 47 sein
1079 1296 136 31 muss.
1270 1279 151 62 Völlig
1460 1280 231 49 bekehren

157 1350 186 48 werden
373 1353 62 47 sie
465 1353 92 47 sich
589 1354 239 58 vielleicht,
861 1373 131 31 wenn
1023 1358 61 47 sie
1116 1358 137 57 lesen,
1284 1374 91 32 was
1404 1359 130 47 Felix
1566 1360 93 47 Men-

154 1429 212 47 delssohn
397 1429 42 47 in
471 1430 80 48 der
583 1434 216 47 Antwort
827 1451 55 30 an
914 1435 153 47 seinen
1100 1435 141 49 Vater
1271 1435 202 49 darüber
1501 1445 128 55 sagt:

286 1506 102 55 „Ich
421 1508 120 48 habe
571 1510 85 46 Dir
687 1511 115 47 noch
834 1529 50 29 zu
917 1511 178 49 danken
1139 1514 75 46 für
1255 1513 83 48 den
1382 1515 158 46 letzten
1572 1514 127 48 Brief

157 1583 92 47 und
274 1584 118 47 mein
416 1584 122 58 Ave;
570 1586 67 49 ich
670 1588 119 48 kann
820 1605 46 31 es
895 1590 62 47 oft
987 1607 82 48 gar
1101 1592 122 46 nicht
1253 1590 249 64 begreifen,
1534 1593 83 47 wie
1647 1608 46 32 es

155 1661 197 64 möglich
386 1661 69 56 ist,
498 1664 115 47 über
644 1665 147 47 Musik
825 1668 68 45 ein
926 1684 47 29 so
1004 1684 201 47 genaues
1236 1669 174 48 Urtheil
1441 1685 52 31 zu
1525 1669 168 55 haben,

152 1738 121 48 ohne
302 1739 233 49 technisch
568 1743 283 48 musicalisch
881 1762 50 29 zu
963 1746 111 53 sein,
1105 1745 91 48 und
1222 1763 130 30 wenn
1379 1745 70 47 ich
1473 1745 95 55 das,
1600 1763 93 30 was

154 1816 68 47 ich
254 1818 247 64 allerdings
540 1820 133 48 dabei
716 1823 313 64 empfinde,
1072 1840 48 32 so
1150 1824 100 47 klar
1280 1825 89 46 und
1402 1825 288 47 anschaulich

151 1909 173 50 sagen
369 1895 187 58 könnte,
601 1899 85 47 wie
716 1900 93 55 Du,
848 1900 159 48 sobald
1043 1903 72 45 Du
1156 1900 201 48 darüber
1394 1903 206 63 sprichst,
1643 1919 48 31 so

154 1973 151 46 wollte
335 1973 69 48 ich
437 1974 131 48 keine
597 1976 170 66 einzige
797 1978 185 48 confuse
1006 1979 127 48 Rede
1163 1980 131 47 mehr
1318 1980 42 46 in
1387 1980 191 47 meinem
1604 1980 58 47 Le-

154 2049 86 48 ben
259 2050 169 50 halten.
462 2053 133 48 Habe
618 2055 191 47 tausend
830 2056 131 49 Dank
989 2056 137 49 dafür
1152 2058 87 47 und
1265 2058 75 47 für
1357 2058 144 47 Deine
1525 2058 166 48 Worte

154 2126 116 48 über
303 2129 136 47 Bach.
493 2131 71 46 Du
598 2131 100 47 hast
728 2150 91 30 nun
852 2133 169 48 freilich
1053 2135 113 46 nach
1197 2134 286 63 einmaligem
1517 2135 148 47 unvoll-

155 2206 274 47 kommenen
460 2207 156 49 Hören
642 2210 169 47 meines
837 2211 190 47 Stückes
1051 2211 79 47 das
1153 2213 418 63 herausgefunden,
1596 2229 93 32 was

152 2282 68 46 ich
253 2282 114 47 nach
400 2285 159 63 langer
584 2286 353 50 Bekanntschaft
968 2296 91 40 erst
1081 2289 123 65 jetzt,
1237 2289 87 47 und
1351 2289 202 48 darüber
1576 2290 114 47 sollt'

154 2360 67 47 ich
253 2361 118 47 mich
405 2364 118 45 wohl
554 2365 69 46 ein
650 2366 147 64 wenig
828 2370 189 60 ärgern;
1049 2367 110 47 aber
1189 2367 119 47 dann
1341 2369 52 45 ist
1424 2369 120 45 mir's
1573 2367 116 49 doch

155 2439 170 45 wieder
355 2439 107 55 iieb,
503 2441 101 47 dass
635 2444 100 47 eine
763 2444 153 48 solche
946 2445 311 47 Deutlichkeit
1288 2446 76 47 des
1396 2445 194 48 Gefühls
1622 2446 67 47 bei

152 2516 148 46 Musik
333 2516 55 47 da
420 2519 54 45 ist
504 2519 89 47 und
626 2519 100 49 dass
761 2522 69 46 Du
862 2521 71 47 die
976 2522 172 64 gerade
1189 2524 114 52 hast,
1347 2522 117 49 denn
1497 2539 93 32 was
1617 2540 71 31 am

151 2595 132 47 Ende
315 2595 90 47 und
438 2596 41 47 in
504 2596 80 47 der
607 2599 273 48 Mittelstelle
905 2600 191 48 verfehlt
1124 2601 68 55 ist,
1225 2602 106 63 liegt
1360 2602 41 46 in
1432 2616 47 33 so
1512 2602 177 47 kleinen

152 2671 216 56 Fehlern,
400 2672 70 49 die
499 2674 91 48 sich
625 2676 77 47 mit
730 2693 50 31 so
811 2677 150 64 wenig
990 2677 149 49 Noten
1181 2677 291 64 (namentlich
1506 2695 152 47 wegge-

151 2750 276 66 strichenen)
460 2752 152 49 hätten
644 2756 265 47 verbessern
951 2756 161 56 lassen,
1157 2756 100 48 dass
1289 2757 152 47 weder
1473 2757 66 47 ich
1573 2757 115 47 noch

152 2827 163 65 irgend
347 2828 69 47 ein
448 2830 203 48 Musiker
691 2832 118 47 ohne
838 2832 166 49 öfteres
1034 2835 158 47 Hören
1224 2834 168 48 darauf
1415 2836 274 55 gekommen

152 2910 139 49 wäre,
324 2907 99 46 weil
456 2908 84 47 wir
570 2925 46 30 es
646 2911 41 46 in
714 2911 80 47 der
818 2912 143 64 Regel
996 2914 78 47 viel
1106 2912 127 47 tiefer
1262 2914 183 47 suchen.
1478 2914 59 47 Es
1559 2912 102 49 scha-

152 2982 75 48 det
255 2983 81 47 der
371 2983 285 51 Einlachheit
686 2987 76 48 des
791 2990 220 63 Klanges,
1053 2990 72 47 die
1170 2990 83 47 mir
1297 2990 168 65 gerade
1504 2991 57 46 im
1595 2992 62 46 An-

154 3063 132 61 lange
316 3070 81 56 gut
427 3065 175 62 gelällt,
645 3067 90 46 und
769 3082 133 32 wenn
940 3067 68 49 ich
1049 3069 114 47 auch
1205 3069 163 55 meine,
1412 3070 100 46 dass
1542 3085 45 31 es
1619 3069 69 48 bei

151 3138 361 51 vollkommener
542 3145 325 63 Ausführung,
898 3146 274 47 namentlich
1206 3146 79 47 mit
1314 3162 201 49 grossem
1551 3146 139 56 Chor,

154 3218 200 63 weniger
385 3220 213 48 auffallen
632 3222 176 57 würde,
836 3239 48 31 so
917 3223 112 47 wird
1053 3222 114 50 doch
1194 3225 162 47 immer
1380 3232 140 40 etwas
1545 3225 144 48 davon

152 3293 198 50 bleiben.
406 3297 214 50 Indessen
660 3300 89 47 will
792 3301 107 46 ich's
941 3302 68 46 ein
1054 3301 141 48 ander
1225 3302 91 47 Mal
1356 3302 139 47 schon
1538 3302 152 47 besser

267 3452 168 48 Leider
472 3455 149 47 verlor
650 3456 321 48 Mendelssohn
1003 3457 85 48 den
1120 3457 226 65 geliebten
1378 3457 143 48 Vater
1551 3458 138 47 schon

151 3528 57 47 im
241 3530 200 48 Herbste
472 3531 238 49 desselben
738 3533 183 59 Jahres,
952 3551 80 31 aus
1063 3535 101 47 dem
1197 3535 120 47 diese
1350 3535 159 48 beiden
1544 3535 145 47 Briefe

150 3613 238 42 stammen.
457 3610 90 55 „Es
578 3611 52 47 ist
658 3611 80 47 das
768 3615 175 59 grösste
1233 3612 272 48 —schreibt
1530 3630 50 30 er
1610 3629 80 31 aus

148 3684 185 67 Leipzig
364 3686 85 48 den
482 3687 47 48 6.
557 3690 258 48 December
852 3688 141 51 1835
1027 3707 55 31 an
1112 3692 154 46 seinen
1300 3691 201 53 Freund,
1533 3691 130 47 Predi-

150 3778 81 49 ger
254 3763 263 66 Schubring
540 3768 43 46 in
611 3768 171 47 Dessau
795 3795 85 28 —,
921 3785 122 38 „was
1065 3770 84 45 mir
1173 3768 304 49 widerfahren
1505 3770 184 55 konnte,

152 3838 90 50 und
282 3842 99 47 eine
411 3843 226 65 Prüfung,
681 3844 71 49 die
791 3846 67 47 ich
908 3862 91 31 nun
1044 3846 233 47 entweder
1317 3846 216 47 bestehen
1578 3844 111 49 oder

148 3917 129 49 darin
303 3919 198 64 erliegen
529 3938 135 32 muss.
710 3923 73 48 Ich
808 3940 108 47 sage
947 3923 84 47 mir
1062 3923 92 48 dies
1176 3923 108 65 jetzt
1308 3924 113 47 nach
1448 3923 94 48 drei
1567 3923 80 50 Wo-

150 3997 131 57 chen,
311 3998 119 47 ohne
455 3998 138 65 jenen
625 4002 209 48 scharfen
866 4003 215 47 Schmerz
1111 4001 80 48 der
1222 4010 147 39 ersten
1401 4003 143 64 Tage,
1576 4002 112 47 aber

151 4077 66 47 ich
251 4077 127 47 fühle
409 4091 46 33 es
485 4076 126 49 desto
641 4078 222 48 sicherer:
909 4096 46 30 es
998 4095 121 31 muss
1164 4079 75 47 für
1283 4078 115 48 mich
1440 4079 70 47 ein
1549 4095 139 31 neues

1765 277 155 48 Leben
1953 278 225 64 anfangen
2208 278 111 49 oder
2343 280 121 48 Alles
2494 281 227 48 aufhören
2805 282 78 48 das
2907 286 86 47 alte
3017 286 52 47 ist
3091 304 90 29 nun
3205 287 52 48 ab-

1765 355 295 63 geschnitten.
2092 357 106 47 Gott
2230 357 74 46 hat
2334 358 193 47 meinem
2556 360 138 45 Vater
2723 360 70 47 die
2819 361 131 57 Bitte,
2979 362 70 47 die
3078 379 49 30 er
3156 365 132 63 lange

1768 432 266 47 wiederholt
2066 433 140 54 hatte,
2250 435 231 62 gewährt:
2523 436 92 47 sein
2647 436 128 48 Ende
2805 454 96 30 war
2936 455 47 32 so
3025 441 132 63 ruhig
3198 441 87 47 und

1765 508 117 47 sanft
1911 508 88 47 und
2031 526 48 29 so
2111 517 280 39 unerwartet
2418 512 185 55 schnell,
2635 513 83 46 wie
2748 530 50 30 er
2828 531 45 29 es
2902 516 89 46 sich
3022 518 268 61 gewünscht

1768 586 143 54 hatte;
1943 586 232 48 Mittwoch
2201 587 84 46 den
2318 586 80 49 18.
2424 605 94 30 war
2549 605 47 30 er
2625 591 113 45 noch
2770 606 84 32 von
2885 592 115 47 allen
3031 593 83 46 den
3146 593 120 49 Seini-

1766 678 87 47 gen
1885 663 246 62 umgeben,
2160 664 107 64 ging
2291 664 185 49 Abends
2504 671 97 58 spät
2626 683 50 30 zu
2711 668 143 57 Bette,
2885 669 149 63 klagte
3059 671 200 48 Donners-

1768 748 76 54 tag
1876 739 99 47 früh
2008 742 67 46 ein
2108 742 147 63 wenig
2287 742 88 47 und
2409 758 74 31 um
2517 744 104 47 halb
2659 744 56 47 11
2757 744 95 50 Uhr
2883 763 95 31 war
3006 748 91 47 sein
3127 749 155 47 Leben

1766 817 207 63 geendet.
2059 819 85 46 Die
2166 819 163 47 Aerzte
2353 819 159 47 wissen
2544 821 78 47 der
2645 822 257 48 Krankheit
2931 824 157 49 keinen
3111 826 177 48 Namen

1766 912 51 29 zu
1850 893 428 65 geben.—Gerade
2307 912 47 32 so
2385 898 77 46 soll
2498 898 116 47 mein
2647 898 262 50 Grossvater
2940 902 146 47 Moses
3116 912 148 53 gestor-

1770 972 85 47 ben
1895 972 110 53 sein,
2047 973 84 47 wie
2161 973 79 47 der
2269 974 148 47 Onkel
2464 991 81 32 uns
2580 983 150 56 sagte;
2775 978 40 46 in
2861 977 258 49 demselben
3147 981 143 56 Alter,

1766 1048 119 48 ohne
1915 1047 272 57 Krankheit,
2230 1050 199 47 heiteren
2470 1052 89 47 und
2598 1053 193 64 ruhigen
2823 1054 172 49 Sinnes.
3053 1056 71 47 Ich
3163 1057 129 47 weiss

1766 1127 138 56 nicht,
1944 1127 59 47 ob
2036 1128 71 46 Du
2141 1136 222 45 wusstest,
2400 1128 83 48 wie
2521 1129 245 48 besonders
2794 1132 82 47 seit
2914 1133 177 62 einigen
3120 1133 169 48 Jahren

1768 1204 117 47 mein
1916 1204 141 47 Vater
2086 1221 145 48 gegen
2264 1204 115 47 mich
2410 1221 47 31 so
2489 1208 144 62 gütig,
2671 1223 47 32 so
2749 1208 84 48 wie
2864 1209 67 46 ein
2967 1211 180 46 Freund
3181 1227 109 41 war,

1766 1282 102 47 dass
1890 1283 147 47 meine
2061 1299 140 46 ganze
2224 1284 129 47 Seele
2379 1299 53 31 an
2457 1284 90 46 ihm
2574 1285 123 64 hing,
2729 1285 88 47 und
2850 1287 66 47 ich
2944 1288 212 47 während
3182 1289 80 47 mei-

1766 1376 80 30 ner
1877 1360 161 63 langen
2065 1359 325 48 Abwesenheit
2420 1359 80 48 fast
2533 1362 129 47 keine
2692 1363 172 47 Stunde
2894 1363 135 52 lebte,
3058 1367 118 45 ohne
3205 1367 63 45 sei-

1766 1453 82 31 ner
1876 1454 50 30 zu
1958 1435 262 65 gedenken;
2264 1438 112 48 aber
2418 1437 57 48 da
2507 1439 71 46 Du
2625 1439 74 47 ihn
2738 1440 41 46 in
2817 1440 166 47 seinem
3016 1443 155 47 Hause
3214 1444 79 46 mit

1769 1531 81 30 uns
1879 1515 115 47 allen
2025 1515 89 46 und
2146 1515 42 47 in
2220 1515 148 47 seiner
2396 1532 171 47 ganzen
2592 1515 472 65 Liebenswürdigkeit
3094 1519 199 64 gekannt

1769 1592 113 53 hast,
1905 1608 48 30 so
1980 1592 120 46 wirst
2121 1593 70 45 Du
2212 1593 81 47 Dir
2316 1592 176 48 denken
2520 1594 196 53 können,
2735 1595 83 47 wie
2838 1595 83 46 mir
2942 1595 102 64 jetzt
3067 1613 49 31 zu
3137 1598 157 47 Muthe

1768 1670 64 47 ist.
1920 1670 90 47 Das
2037 1670 180 64 Einzige
2241 1670 141 49 bleibt
2404 1670 72 57 da,
2507 1672 70 48 die
2602 1673 161 47 Pflicht
2790 1691 51 29 zu
2874 1674 128 56 thun,
3035 1674 88 47 und
3156 1674 134 48 dahin

1765 1746 139 47 suche
1933 1745 71 48 ich
2036 1746 114 47 mich
2180 1764 51 29 zu
2264 1748 189 63 bringen
2487 1749 77 47 mit
2587 1750 114 46 allen
2727 1750 176 47 meinen
2930 1750 211 57 Kräften;
3174 1752 116 48 denn

1766 1840 49 31 er
1838 1824 158 47 würde
2019 1840 46 31 es
2086 1840 49 32 so
2159 1825 260 64 verlangen,
2448 1842 131 31 wenn
2605 1843 48 30 er
2677 1826 112 49 noch
2822 1829 310 63 gegenwärtig
3156 1834 137 52 wäre,

1768 1903 87 47 und
1890 1903 67 47 ich
1990 1903 86 47 will
2109 1903 121 47 nicht
2259 1903 245 56 aufhören,
2545 1920 47 31 so
2624 1905 83 47 wie
2737 1913 123 39 sonst
2888 1905 113 47 nach
3031 1908 146 45 seiner
3204 1908 59 45 Zu-

1768 1979 268 48 friedenheit
2064 1997 49 30 zu
2145 1980 199 52 streben,
2390 1997 131 31 wenn
2559 1981 68 47 ich
2664 1981 63 47 sie
2757 1983 113 47 auch
2903 1983 121 47 nicht
3055 1984 127 46 mehr
3214 2000 50 46 ge-

1766 2074 173 32 messen
1972 2058 134 48 kann.
2203 2059 75 47 lch
2313 2059 158 48 mache
2502 2059 114 48 mich
2650 2077 91 30 nun
2774 2060 78 47 mit
2881 2060 256 65 doppeltem
3171 2061 123 47 Eifer

1765 2153 53 30 an
1850 2135 71 48 die
1954 2135 289 65 Vollendung
2273 2136 78 47 des
2379 2138 184 55 Paulus,
2593 2136 55 49 da
2680 2136 80 49 der
2790 2138 128 48 letzte
2948 2138 127 47 Brief
3099 2139 76 47 des
3200 2139 62 48 Va-

1764 2220 90 40 ters
1885 2211 116 49 mich
2032 2211 112 49 dazu
2175 2213 135 55 trieb,
2347 2213 90 48 und
2480 2230 48 31 er
2556 2214 103 47 sehr
2691 2213 278 64 ungeduldig
3000 2215 71 47 die
3101 2215 164 47 Beendi-

1764 2307 127 48 gung
1914 2289 145 48 dieser
2084 2290 160 48 Arbeit
2267 2299 266 44 erwartete;
2567 2291 82 47 mir
2678 2293 107 54 ist's,
2814 2293 62 47 als
2908 2295 168 45 müsste
3104 2293 66 47 ich
3203 2310 90 31 nun

1765 2369 123 47 Alles
1918 2367 271 58 anwenden,
2221 2385 72 29 um
2326 2369 86 45 den
2440 2370 166 46 Paulus
2629 2385 47 31 so
2700 2378 81 54 gut
2801 2370 63 47 als
2890 2369 192 63 möglich
3108 2388 50 29 zu
3185 2371 84 46 voll-

1765 2445 164 55 enden,
1961 2445 91 48 und
2081 2446 84 46 mir
2196 2445 118 48 dann
2347 2446 194 56 denken,
2572 2463 48 30 er
2650 2446 163 47 nähme
2843 2446 127 47 Theil

1879 2522 102 50 Und
2013 2540 54 32 an
2099 2524 84 47 den
2217 2524 219 63 Prediger
2466 2525 150 47 Bauer
2647 2525 39 46 in
2721 2525 148 62 Beizig
2899 2540 97 32 vom
3025 2525 46 48 9.
3101 2526 157 46 Decem-

1766 2600 103 48 ber:
1912 2602 122 54 „Der
2067 2601 228 57 Wunsch,
2334 2601 85 48 den
2465 2601 68 47 ich
2582 2602 82 45 mir
2704 2618 76 31 vor
2818 2602 114 46 allen
2958 2601 134 65 jeden
3127 2602 160 47 Abend

1765 2679 170 48 wieder
1965 2680 268 63 gewünscht
2263 2680 138 53 hatte,
2433 2696 97 32 war
2559 2679 96 56 der,
2696 2679 150 48 diesen
2878 2680 183 47 Verlust
3088 2680 122 47 nicht
3240 2698 49 29 zu

1765 2757 201 55 erleben,
1992 2757 97 47 weil
2123 2757 66 46 ich
2222 2774 54 30 an
2310 2759 193 45 meinem
2533 2757 139 47 Vater
2694 2774 47 30 so
2766 2774 112 48 ganz
2903 2757 88 46 und
3017 2774 83 47 gar
3123 2759 141 62 gehan-

1765 2851 87 47 gen
1883 2835 123 47 hatte
2037 2835 112 47 oder
2177 2835 217 48 vielmehr
2423 2835 166 63 hange,
2633 2835 100 48 dass
2771 2836 66 46 ich
2870 2835 121 47 nicht
3021 2836 144 53 weiss,
3209 2836 84 46 wie

1765 2912 67 47 ich
1867 2914 115 45 mein
2013 2912 156 47 Leben
2212 2930 90 29 nun
2346 2914 233 47 fortsetzen
2608 2912 167 56 werde,
2822 2912 86 46 und
2942 2912 97 46 weil
3072 2911 67 47 ich
3171 2912 122 47 nicht

1768 2990 118 48 bloss
1915 2990 85 47 den
2031 2990 142 48 Vater
2202 2990 250 47 entbehren
2487 3005 119 32 muss
2649 2989 88 63 (eirl
2770 2989 186 53 Gefühl,
2997 2989 79 48 das
3106 2989 68 46 ich
3208 2990 84 45 mir

1764 3069 137 48 schon
1932 3069 82 47 seit
2045 3069 168 48 meiner
2239 3069 214 47 Kindheit
2476 3070 63 46 als
2561 3067 79 47 das
2666 3067 180 49 herbste
2870 3067 197 64 dachte),
3096 3067 194 49 sondern

1765 3146 114 48 auch
1912 3146 177 47 meinen
2130 3146 198 65 einzigen
2373 3152 138 57 guten
2545 3145 180 47 Freund
2768 3143 216 49 während
3016 3145 80 47 der
3134 3145 156 48 letzten

1763 3223 139 50 Jahre
1934 3223 89 47 und
2056 3223 177 49 meinen
2264 3223 174 49 Lehrer
2469 3223 40 46 in
2540 3222 81 48 der
2652 3223 147 47 Kunst
2831 3222 87 47 und
2950 3222 58 47 im

1881 3302 63 47 Im
1976 3302 310 64 Spätsommer
2321 3300 143 50 1835
2497 3301 123 47 hatte
2645 3300 315 48 Mendelssohn
2992 3300 151 47 seinen
3176 3300 84 47 Auf-

1764 3380 173 47 enthalt
1965 3396 71 31 am
2069 3378 175 49 Rheine
2276 3378 78 49 mit
2382 3378 82 49 der
2494 3378 207 64 Stellung
2729 3378 41 46 in
2801 3378 187 64 Leipzig
3015 3377 275 55 vertauscht,

1763 3456 221 49 nachdem
2009 3472 48 32 er
2080 3456 164 48 vorher
2266 3456 114 49 noch
2406 3455 79 49 das
2508 3453 408 50 niederrheinische
2934 3453 234 49 Musikfest
3190 3471 100 31 zum

1763 3536 185 47 zweiten
1980 3535 118 48 Male
2130 3536 63 62 (es
2224 3552 96 31 war
2349 3535 80 48 das
2457 3532 289 51 sechszehnte
2787 3532 91 48 und
2909 3532 159 47 wurde
3099 3532 40 47 in
3171 3533 118 46 Köln

1763 3612 204 65 gefeiert)
1992 3613 177 64 dirigirt
2193 3613 137 49 hatte.
2361 3613 59 47 Es
2446 3611 156 48 wurde
2626 3610 215 48 Händel's
3175 3610 112 47 nach

1763 3691 80 47 der
1871 3691 438 62 Original-Partitur
2338 3690 282 64 aufgeführt,
2662 3705 51 30 zu
2747 3688 197 47 welcher
2973 3686 314 49 Mendelssohn

1773 3767 98 56 „die
1888 3767 328 64 Orgelstimme
2238 3768 43 47 in
2305 3767 80 48 der
2404 3770 99 52 Art,
2518 3766 83 47 wie
2622 3782 49 31 er
2690 3766 63 47 sie
2771 3766 91 47 sich
2881 3764 186 67 gespielt

1763 3846 62 63 (S.
1852 3844 106 65 92),
1989 3844 351 50 niederschrieb.
2372 3846 97 47 Auf
2492 3843 196 50 dieselbe
2709 3844 157 49 Weise
2895 3842 159 48 wurde
3082 3842 57 47 im
3170 3842 92 47 vori-

1761 3940 87 48 gen
1871 3923 141 47 Jahre
2034 3923 121 48 diese
2174 3924 300 63 Aufführung
2498 3923 42 46 in
2565 3922 120 48 Köln
2711 3921 264 48 wiederholt
3005 3919 101 65 (vgl.
3127 3919 160 64 Jahrg.

1768 3999 161 58 1862,
1959 4001 80 48 Nr.
2066 4001 73 48 24
2165 4018 41 31 u.
2231 4001 80 64 ff.),
2342 3999 90 49 und
2465 4001 146 47 Franz
2638 3998 176 50 Weber
2842 3998 154 65 spielte
3025 3996 114 49 auch
3166 3996 123 66 jetzt,

1761 4078 85 47 wie
1877 4078 174 48 damals
2093 4078 68 48 bei
2206 4077 358 49 Mendelssohn's
2596 4077 245 57 Direction,
2887 4074 69 49 die
2986 4074 160 64 Orgel.
3203 4073 84 48 Ein

2906 4148 72 70 f]
