3513 4409
1736 154 107 49 288

224 304 258 47 Bennewitz
513 301 229 56 einluden,
773 301 78 47 der
884 315 45 32 es
960 298 111 48 aber
1094 305 106 41 stets
1226 295 269 50 bescheiden
1521 294 228 49 ablehnte.

228 380 259 56 Wahrlich,
517 398 74 30 um
624 380 68 47 ein
723 379 173 47 solches
927 376 218 56 Quartett
1188 375 179 48 können
1409 389 82 32 uns
1521 373 69 47 die
1622 373 102 47 Resi-

224 459 162 47 denzer
417 458 232 48 beneiden.
696 455 98 50 Und
825 472 90 30 nun
949 453 169 47 wieder
1146 469 99 29 zum
1279 451 235 47 Concerte.
1556 450 94 47 Das
1674 450 50 64 ju-

224 535 235 65 gendliche
487 534 205 47 Fräulein
713 530 165 48 Binder
898 530 156 64 spielte
1071 528 358 48 Mendeissohn's
1453 526 196 49 Concert
1673 526 79 46 mit

223 614 193 46 seltener
444 611 205 47 Bravour
682 609 88 47 und
802 608 227 53 Reinheit,
1075 605 87 48 und
1202 604 230 48 vermisste
1470 619 103 32 man
1603 619 147 48 gegen

224 690 84 46 den
327 689 180 47 Schluss
529 688 71 48 die
621 686 134 49 Kraft
774 686 79 47 der
877 684 284 48 männlichen
1181 682 152 58 Hand,
1349 699 48 30 so
1421 682 73 64 lag
1518 681 80 47 das
1621 680 108 48 theil-

224 766 133 46 weise
379 766 39 46 in
442 765 102 47 dem
568 765 105 47 sehr
696 761 383 65 anstrengenden,
1103 760 108 48 viele
1230 757 241 50 Ausdauer
1490 757 234 47 erlordern-

223 843 83 48 den
341 843 193 54 Werke,
573 840 220 48 vielleicht
832 840 114 48 auch
987 839 42 47 in
1067 837 102 49 dem
1208 836 338 64 ungewohnten
1579 836 145 46 Instru-

220 929 169 46 inente,
435 920 90 47 und
557 936 77 32 vor
665 920 146 47 Allem
851 917 42 49 in
933 917 100 47 dem
1065 931 185 49 grossen
1284 916 192 46 Räume.
1536 912 213 47 Fräulein

221 997 171 49 Binder
416 997 157 47 wurde
597 996 140 48 durch
765 1011 199 32 warmen
992 992 89 49 und
1114 992 229 47 lebhaften
1369 990 253 48 Hervorrul
1646 1005 77 32 aus-

223 1075 259 65 gezeichnet
513 1074 87 47 und
633 1074 67 53 ist,
733 1072 83 47 wie
847 1072 82 46 wir
958 1070 293 54 vernehmen,
1282 1069 62 47 als
1369 1067 280 47 Professorin
1673 1066 77 47 des

225 1151 391 64 Pianofortespiels
647 1151 76 45 für
752 1149 79 48 das
861 1150 280 46 Mozarteum
1173 1161 269 49 gewonnen.
1474 1145 48 47 In
1540 1145 212 47 Mozart's

223 1230 133 48 Arie:
397 1227 181 56 „Kehre
610 1226 183 56 wieder,
833 1243 27 30 o
891 1226 118 47 mein
1364 1222 231 48 entfaltete
1628 1222 122 47 Frau

223 1304 402 50 Bennewitz-Mick
658 1305 95 46 ihre
783 1304 275 64 glänzenden
1084 1300 307 49 Stimmmittel
1423 1298 90 49 und
1543 1300 97 47 ihre
1672 1298 52 47 be-

221 1382 225 49 deutende
477 1382 264 55 Coloratur;
783 1385 120 44 wäre
933 1380 69 48 die
1034 1380 194 48 Wärme
1259 1378 76 47 des
1364 1376 267 49 Ausdrucks
1670 1376 79 48 mit

216 1469 195 40 ersterer
450 1460 80 47 auf
562 1460 199 63 gleicher
790 1460 129 47 Stufe
960 1474 228 48 gewesen,
1230 1456 71 47 die
1330 1455 264 47 Künstlerin
1628 1455 121 47 hätte

219 1540 76 47 des
327 1537 219 48 reichsten
578 1537 179 47 Beifalls
788 1536 221 63 gewärtig
1037 1535 92 48 sein
1162 1535 195 47 können.
1388 1533 122 46 Herr
1537 1532 208 47 Joachim

221 1616 90 48 und
333 1615 379 49 Concertmeister
733 1613 257 49 Bennewitz
1015 1620 161 57 trugen
1202 1629 90 29 nun
1319 1611 209 47 Mozart's
1546 1610 202 47 Sinfonie

216 1710 92 32 vor.
358 1695 89 45 Das
479 1692 238 47 Publicum
751 1709 95 29 war
875 1692 42 46 in
948 1696 345 58 gespanntester
1324 1690 298 62 Erwartung,
1660 1687 85 47 den

214 1772 104 47 sehr
350 1771 223 48 beliebten
607 1770 89 47 und
727 1770 268 63 geachteten
1021 1768 261 47 Bennewitz
1314 1766 146 48 neben
1491 1766 103 47 dem
1618 1781 104 48 gros-

215 1866 76 31 sen
324 1850 167 62 Geiger
519 1865 53 30 zu
604 1848 158 55 hören,
806 1864 72 30 um
917 1862 49 32 so
1005 1846 146 56 mehr,
1194 1845 56 48 da
1281 1861 46 31 er
1357 1861 100 31 zum
1489 1842 259 48 Abschiede

215 1944 84 30 von
329 1926 224 63 Salzburg
591 1923 66 66 (er
698 1925 109 64 folgt
845 1925 145 47 einem
1030 1923 117 49 Rufe
1189 1923 64 47 als
1286 1921 463 48 Kammer-Virtuose

218 2020 55 32 an
304 2003 86 47 den
422 2003 97 47 Hof
543 2019 83 31 von
662 1999 353 67 Würtemberg)
1056 2001 80 48 auf
1174 1999 79 49 der
1284 1999 131 47 Viola
1454 1998 174 65 spielte,
1672 1997 82 48 auf

216 2081 217 48 welchem
460 2082 305 46 Instrumente
793 2096 103 30 man
926 2079 74 47 ihn
1030 2078 115 48 noch
1178 2077 122 48 nicht
1330 2077 145 48 hörte.
1504 2077 98 46 Der
1631 2082 117 41 erste

214 2159 101 47 Satz
347 2158 160 48 erhielt
529 2173 184 49 grossen
733 2157 173 56 Beifall,
930 2157 80 47 der
1035 2156 174 56 zweite,
1227 2156 79 47 der
1325 2156 189 47 weitaus
1536 2154 212 47 schönste

214 2237 77 47 des
323 2236 216 56 Werkes,
569 2234 158 49 wurde
765 2234 217 65 bejubelt,
1021 2234 89 47 und
1141 2233 114 48 nach
1287 2232 101 48 dem
1420 2233 160 47 letzten
1611 2232 132 47 Satze

216 2313 155 48 führte
411 2313 120 47 Herr
563 2312 207 48 Joachim
817 2312 102 47 dem
966 2311 154 48 Beifall
1164 2309 293 66 spendenden
1501 2308 243 47 Publicum

212 2392 154 47 Herrn
393 2391 258 47 Bennewitz
675 2389 270 49 wiederholt
967 2406 94 37 vor,
1093 2388 147 48 wobei
1267 2388 69 47 die
1362 2388 296 62 Bemerkung
1681 2386 43 48 in-

214 2476 219 40 teressant
450 2485 113 38 war,
586 2467 101 48 dass
705 2467 146 48 dieser
875 2466 270 48 bescheiden
1167 2467 116 47 allen
1303 2464 155 49 Beifall
1482 2482 88 29 nur
1594 2464 153 47 Herrn

212 2547 207 48 Joachim
451 2546 179 48 zuwies.
653 2546 62 47 Es
745 2546 61 47 sei
840 2544 223 56 bemerkt,
1094 2544 100 49 dass
1226 2544 121 47 Herr
1374 2543 258 48 Bennewitz
1662 2542 63 48 sei-

211 2641 103 32 nem
339 2641 185 47 grossen
550 2623 215 65 Collegen
795 2623 92 48 sich
916 2623 105 47 sehr
1047 2622 179 65 würdig
1247 2622 243 48 anschloss.
1523 2622 95 47 Der
1641 2637 101 30 zum

215 2702 211 47 Schlüsse
464 2701 273 47 kommende
767 2701 178 47 Marsch
987 2699 79 49 mit
1096 2699 124 49 Chor
1255 2714 81 32 aus

214 2779 162 47 wirkte
419 2778 80 48 auf
535 2777 70 48 die
651 2777 269 48 bescheiden
959 2777 360 48 instrumentirte
1349 2775 203 49 Sinfonie
1594 2775 150 47 neben

212 2857 80 48 der
322 2857 129 47 edlen
483 2855 196 49 Melodie
709 2854 235 50 desselben
977 2855 113 47 noch
1124 2854 248 50 besonders
1396 2854 142 47 durch
1564 2853 71 48 die
1665 2854 60 47 all-

212 2933 224 49 mähliche
461 2933 270 63 Entfaltung
753 2932 77 48 des
855 2932 271 49 Orchesters
1156 2932 89 48 und
1278 2932 163 54 Chors,
1468 2932 173 47 welche
1672 2947 72 32 am

211 3013 212 48 Schlüsse
452 3012 127 47 ihren
612 3010 285 66 Höhepunkt
926 3012 211 56 erreicht,
1179 3009 90 48 und
1310 3009 179 65 folglich
1519 3010 115 47 auch
1667 3026 51 31 en-

211 3089 313 50 thusiastische
554 3089 263 48 Aufnahme
847 3089 119 48 fand.
1018 3089 95 47 Der
1145 3104 156 49 grosse
1333 3088 309 56 Concertsaal,
1673 3087 72 48 die

211 3168 137 54 Aula,
393 3184 95 31 war
526 3173 112 41 trotz
677 3167 76 47 des
795 3184 78 31 zur
905 3165 362 50 Concertstunde
1305 3163 439 51 heranbrausenden

212 3244 185 48 Orkans
418 3244 104 47 sehr
549 3243 201 48 besucht.
779 3244 249 65 Unzählige
1053 3243 197 48 Fremde
1273 3243 81 48 sah
1381 3259 103 32 man
1508 3243 60 47 im
1592 3243 152 57 Saale,

211 3323 172 48 welche
414 3323 65 47 bis
508 3339 99 31 zum
640 3323 160 47 letzten
832 3323 126 47 Tone
995 3322 251 48 aushielten
1288 3322 92 47 und
1424 3322 91 47 sich
1559 3320 82 49 auf
1673 3320 71 47 die

212 3400 240 49 ehrendste
480 3399 155 50 Weise
667 3400 116 47 über
812 3399 80 48 das
915 3416 139 48 ganze
1079 3399 195 50 Concert
1303 3399 323 65 aussprachen.
1658 3399 86 47 Die

214 3476 170 65 hiesige
413 3476 301 49 Aristokratie
759 3476 80 49 mit
879 3476 207 65 wenigen
1115 3476 299 49 Ausnahmen
1453 3476 175 65 glänzte
1660 3476 85 47 wie

211 3554 287 66 gewöhnlich
529 3554 142 47 durch
703 3554 341 48 Abwesenheit.
1077 3554 151 48 Leiter
1258 3554 77 48 des
1367 3555 248 48 Concertes
1646 3570 98 31 war

212 3633 80 47 der
334 3631 338 49 verdienstvolle
704 3633 208 48 Director
954 3631 78 49 des
1062 3633 323 57 Mozarteums,
1428 3633 123 47 Herr
1593 3631 152 50 Hans

214 3710 293 65 Schläger.

1412 3708 100 68 (W.
1541 3708 85 67 Bl.)

508 3944 182 71 Tages-
734 3944 99 53 und
877 3944 570 71 Unterhaltungs-Blatt.

293 4065 250 47 Leipzig
574 4065 59 39 22.
663 4068 163 46 August.
858 4068 158 35 Gestern
1045 4069 244 46 Nachmittag
1319 4069 90 34 fand
1437 4068 60 36 bei
1526 4070 216 45 wonnigem

218 4125 280 36 Sonnenschein
541 4129 83 34 eine
668 4129 149 46 sinnige
854 4129 238 35 Trauerfeier
1126 4130 111 35 Statt.
1290 4129 44 35 In
1365 4130 227 46 Gegenwart
1634 4131 105 34 eines

1822 302 156 36 Grossen
2007 290 77 35 und
2114 302 85 22 zum
2230 290 110 34 Theil
2381 290 86 35 sehr
2509 292 128 34 feinen
2665 293 223 35 Publicums
2931 294 127 35 wurde
3101 296 65 34 das
3210 296 148 36 einfach

1824 351 143 35 schöne
1997 349 192 35 Denkmal
2220 350 237 46 eingeweiht,
2488 351 66 35 das
2584 352 123 34 Emil
2735 353 242 35 Devrient
3006 356 124 33 seiner
3159 356 198 37 Schülerin

1822 411 78 34 und
1929 410 204 43 Freundin,
2178 410 84 33 dem
2287 421 72 23 uns
2386 423 48 22 zu
2469 412 86 34 früh
2597 414 235 34 entrissenen
2860 413 179 36 Fräulein
3085 416 80 34 Ida
3210 418 151 36 Pellet

1822 482 89 22 vom
1938 469 248 46 königlichen
2215 470 226 35 Hoftheater
2469 472 38 32 in
2535 472 142 43 Berlin,
2722 473 65 33 hat
2824 481 127 27 setzen
2980 475 138 36 lassen.
3175 478 184 37 Dasselbe

1823 531 99 34 steht
1949 530 69 34 auf
2042 530 83 33 dem
2154 541 124 23 neuen
2305 530 204 35 Friedhofe
2552 544 68 23 vor
2664 533 64 34 der
2768 534 107 35 Stadt
2903 536 122 46 (nicht
3056 538 87 34 weit
3170 551 76 23 von
3276 540 83 36 dem

1822 589 478 47 Napoleons-Denkmale),
2330 602 48 21 zu
2397 591 178 46 Häupten
2607 592 64 34 des
2702 593 118 34 schön
2843 596 251 34 umfriedeten
3119 598 241 47 Grabhügels

1822 651 62 33 ein
1927 650 82 34 sich
2051 649 231 35 erhebendes
2326 651 208 34 steinernes
2575 652 139 43 Kreuz,
2760 654 65 33 das
2867 654 98 35 oben
3010 657 67 33 mit
3119 659 123 33 einem
3269 659 69 35 Blu-

1822 709 228 34 menkranze
2078 709 190 45 umgeben
2296 710 61 34 ist.
2411 710 82 34 Auf
2528 710 83 35 dem
2639 713 243 36 Postamente
2925 716 130 35 stehen
3098 718 40 34 in
3180 720 181 44 goldener

1823 770 141 34 Schrift
1992 770 69 34 auf
2084 770 105 34 einer
2213 770 287 46 Marmorplatte
2529 772 60 33 die
2619 773 147 34 Worte:

2448 831 82 35 Ida
2565 833 163 34 Pellet

2332 891 102 34 starb
2463 904 59 23 am
2550 891 57 38 10.
2638 894 85 35 Juli
2751 892 98 39 1863

2263 951 51 33 im
2356 951 148 36 Ruhme
2543 955 101 34 ihrer
2679 957 127 34 Kunst
2843 957 78 34 und

2293 1011 40 33 in
2363 1012 64 34 der
2455 1012 137 37 Blüthe
2620 1016 101 34 ihrer
2749 1018 131 36 Jahre.

1900 1069 82 34 Auf
2006 1069 64 34 der
2098 1070 200 35 Kehrseite
2327 1070 88 36 liest
2441 1084 86 21 man
2559 1073 58 36 die
2646 1077 151 34 Worte:

2517 1133 152 36 Geliebt

2550 1196 77 34 und

2455 1267 271 36 unvergessen»

1901 1312 72 34 Die
2001 1313 226 35 Weiherede
2269 1314 94 35 hielt
2404 1315 65 35 der
2509 1318 215 35 artistische
2752 1320 178 35 Director
2971 1322 64 35 des
3072 1324 167 35 berliner
3265 1327 72 35 Hof-

1822 1372 166 35 theaters
2017 1374 265 45 Düringer,
2313 1376 64 34 der
2404 1376 176 47 zugleich
2610 1379 109 33 einen
2750 1380 128 34 Kranz
2908 1382 69 33 auf
3002 1382 65 35 das
3088 1383 99 36 Grab
3217 1387 127 36 nieder-

1820 1433 120 46 legte;
1983 1433 95 35 eben
2107 1446 41 23 so
2178 1436 75 34 rief
2276 1436 65 34 der
2369 1437 147 47 hiesige
2545 1439 382 49 Theater-Director,
2970 1443 120 34 Ritter
3126 1445 237 50 Wirsing,

1822 1495 65 34 der
1903 1494 239 45 Verklärten,
2166 1496 129 35 indem
2315 1508 40 23 er
2370 1498 107 34 ihren
2497 1499 219 47 Grabhügel
2740 1500 218 45 bekränzte,
2990 1504 61 34 ein
3080 1517 93 33 paar
3200 1507 163 36 ehrende

1821 1556 133 34 Worte
1981 1557 112 37 nach.
2147 1558 100 34 Emil
2276 1560 187 34 Devrient
2490 1560 100 47 legte
2619 1562 39 33 in
2687 1567 200 30 stummem
2918 1564 215 49 Schmerze,
3182 1567 65 35 der
3275 1569 90 35 aber

1822 1616 59 33 die
1909 1617 266 36 Anwesenden
2202 1632 65 22 um
2297 1632 41 22 so
2368 1621 110 33 tiefer
2506 1622 138 45 ergriff,
2687 1622 65 35 der
2780 1623 327 46 abgeschiedenen
3138 1628 225 36 Künstlerin

1821 1677 111 33 einen
1961 1678 263 35 Lorberkranz
2253 1693 47 22 zu
2328 1682 158 35 Füssen.
2544 1682 94 34 Bald
2667 1684 101 33 hatte
2797 1685 82 34 sich
2907 1685 66 35 das
3012 1698 120 34 ganze
3165 1689 100 35 Grab
3295 1691 68 34 mit

1820 1737 205 36 ähnlichen
2055 1740 176 46 Spenden
2260 1741 175 37 bedeckt.
2492 1744 73 34 Die
2594 1744 111 34 Feier
2741 1745 182 35 eröffnete
2952 1748 67 33 mit
3048 1748 172 37 Weber's
3251 1751 84 35 Com-

1819 1799 168 44 position
2015 1800 64 35 des
2112 1802 149 45 „Rasch
2302 1803 80 34 tritt
2423 1802 65 35 der
2519 1803 84 34 Tod
2641 1803 71 34 den
2741 1804 211 35 Menschen
3098 1808 79 34 und
3218 1809 146 36 schloss

1819 1858 70 36 mit
1917 1860 85 34 dem
2032 1862 240 36 Trauerchor
2299 1875 67 23 aus
2398 1865 139 45 „Santa
2786 1877 198 35 gesungen
3013 1879 87 23 vom
3131 1870 209 45 Chorperso-

1820 1919 87 34 nale
1935 1932 158 24 unseres
2121 1924 285 35 Stadttheaters.
2458 1926 120 34 Unter
2622 1926 72 34 den
2723 1927 264 35 Anwesenden
3030 1929 221 36 bemerkten
3296 1933 69 33 wir

1822 1980 97 35 auch
1950 1981 71 34 den
2049 1984 152 44 greisen
2232 1985 435 36 General-Intendanten
2698 1988 65 35 Dr.
2792 2000 36 23 v.
2859 1988 227 38 Küstner.

1899 2157 192 38 Wien.
2147 2160 73 33 Die
2265 2159 131 35 innere
2426 2159 254 47 Einrichtung
2721 2159 64 35 des
2825 2171 153 24 neuen
3021 2161 343 46 Opernhauses

1818 2221 160 46 beginnt
2018 2222 54 32 im
2113 2221 186 33 nächsten
2336 2221 131 34 Jahre.
2525 2221 184 34 Dasselbe
2754 2221 94 34 wird
2890 2220 62 35 bei
2992 2222 188 46 gedrängt
3220 2222 142 35 vollem

1819 2282 132 34 Hause
1979 2278 101 39 3000
2109 2281 194 34 Personen
2333 2282 140 46 fassen,
2503 2278 75 39 430
2600 2282 222 46 Sperrsitze,
2851 2279 75 38 250
2945 2282 207 46 Sitzplätze
3182 2283 78 34 und
3288 2281 75 38 200

1820 2341 219 47 Stehplätze
2069 2341 52 34 im
2149 2341 187 45 Parterre,
2380 2341 101 34 dann
2509 2340 50 37 98
2587 2342 132 46 Logen
2749 2341 207 47 enthalten,
2999 2343 79 34 und
3105 2355 101 22 zwar
3234 2340 50 38 32
3311 2344 53 33 im

1820 2403 186 42 Parterre,
2036 2399 49 38 30
2114 2402 52 34 im
2195 2407 136 40 ersten,
2363 2400 48 37 30
2439 2402 52 34 im
2514 2404 161 33 zweiten
2696 2403 79 34 und
2804 2401 21 37 6
2846 2404 52 33 im
2918 2404 137 35 dritten
3079 2404 143 46 Range.
3252 2404 89 35 Letz-

1820 2470 98 31 terer
1947 2461 101 35 zählt
2076 2462 217 34 ausserdem
2325 2460 72 37 170
2427 2461 208 47 Sperrsitze
2665 2463 78 34 und
2771 2460 75 38 280
2876 2463 219 46 Sitzplätze.
3130 2464 58 33 Im
3215 2464 147 34 vierten

1819 2524 132 45 Range
1979 2523 128 34 finden
2137 2524 82 33 sich
2250 2522 48 37 90
2328 2524 209 47 Sperrsitze
2565 2524 79 35 und
2671 2521 76 38 400
2776 2523 218 47 Sitzplätze.
3034 2525 71 33 Die
3135 2524 227 35 kaiserliche

1818 2584 106 46 Loge
1956 2584 90 34 wird
2075 2583 81 35 sich
2184 2584 139 44 rechts,
2356 2584 59 34 die
2445 2585 306 45 erzherzogliche
2780 2586 107 46 Loge
2914 2585 103 35 links
3038 2597 76 23 von
3135 2586 64 34 der
3214 2587 148 47 Bühne,

1820 2644 60 35 die
1907 2645 275 46 Fest-Hofloge
2210 2645 213 36 rückwärts
2451 2647 40 32 in
2519 2646 66 35 der
2612 2647 111 34 Mitte
2752 2646 192 38 befinden»

1896 2715 131 34 Beck
2066 2717 50 33 ist
2149 2727 76 23 von
2255 2717 126 35 seiner
2406 2715 320 47 Erholungsreise
2754 2716 313 46 zuiückgekehrt
3094 2717 79 35 und
3202 2717 95 35 wird
3324 2718 39 33 in

1819 2776 73 35 den
1922 2780 124 30 ersten
2076 2777 131 46 Tagen
2238 2776 65 35 des
2331 2777 153 34 Monats
2514 2777 222 46 September
2764 2778 107 33 seine
2891 2776 277 35 Wirksamkeit
3196 2778 50 33 im
3266 2777 97 34 Hof-

1820 2836 278 47 Operntheater
2126 2837 140 35 wieder
2295 2838 204 46 beginnen.

2189 3599 53 52 pi
2246 3613 15 29 e
2647 3604 6 9 /
2653 3600 157 50 gßusifi-
2813 3599 4 52 <
2817 3599 156 50 3eiüttt(^

1820 3661 188 35 erscheint
2039 3661 115 44 jeden
2194 3662 174 46 Samstag
2409 3664 39 32 in
2491 3664 125 33 einem
2658 3674 148 34 ganzen
2841 3662 131 45 Bogen
3017 3662 69 33 mit
3120 3658 243 48 zwanglosen

1820 3712 196 46 Beilagen.
2125 3713 78 34 Der
2225 3713 387 47 Abonnementspreis
2633 3714 150 45 beträgt
2816 3714 61 33 für
2906 3714 65 33 das
2992 3711 188 45 Halbjahr
3208 3709 24 36 2
3248 3711 115 42 Thlr.,

1819 3764 62 35 bei
1909 3764 72 34 den
2002 3764 48 34 K.
2079 3775 143 34 preuss.
2245 3764 312 35 Post-Anstalten
2586 3764 24 36 2
2625 3764 105 35 Thlr.
2755 3764 22 37 5
2798 3764 81 46 Sgr.
2935 3765 96 33 Eine
3060 3762 171 36 einzelne
3250 3763 85 35 Num-

1819 3826 80 24 mer
1926 3813 25 37 4
1980 3814 82 46 Sgr*

1924 3867 126 33 Briefe
2078 3866 79 34 und
2176 3866 280 47 Zusendungen
2490 3866 93 36 aller
2601 3867 71 34 Art
2700 3865 152 36 werden
2880 3870 112 31 unter
3020 3866 65 34 der
3109 3864 165 36 Adresse
3304 3863 62 36 der

1820 3918 52 36 M.
1903 3918 547 47 DuMont-Schauberg'schen
2477 3918 307 47 Buchhandlung
2811 3919 40 33 in
2879 3918 104 36 Köln
3013 3919 164 35 erbeten.

1941 4019 362 35 Verantwortlicher
2330 4019 288 47 Herausgeber:
2650 4019 101 35 Prof.
2784 4018 49 36 Z»
2864 4017 176 46 Bischoff
3063 4019 39 34 in
3131 4017 114 38 Köln.

1899 4071 197 47 Verleger:
2128 4071 54 35 M.
2213 4069 422 47 DuMont-Schernberg
2651 4070 89 35 sehe
2768 4070 306 47 Buchhandlung
3103 4072 40 32 in
3172 4069 116 36 Köln.

1856 4123 192 37 Drucker:
2082 4123 53 35 M.
2166 4121 420 48 DuMont-Schauberg
2614 4123 40 34 in
2682 4122 114 44 Köln,
2835 4123 244 35 Breitstrasse
3109 4121 49 37 76
3184 4134 35 23 u.
3252 4120 62 39 78.

2359 3098 463 76 ZnküttMijunitjen.

1921 3271 86 36 Alle
2033 3271 44 35 in
2104 3271 129 36 dieser
2259 3270 318 48 Musik-Zeitung
2605 3271 287 45 besprochenen
2931 3270 86 36 und
3052 3271 315 47 angekündigten

1816 3321 236 40 Musicalien
2081 3329 66 30 etc.
2185 3323 91 35 sind
2309 3335 48 23 zu
2395 3323 178 35 erhalten
2599 3323 42 35 in
2669 3323 70 35 der
2766 3329 89 29 stets
2881 3323 234 47 vollständig
3140 3323 227 35 assortirten

1816 3374 476 48 Musicalien-Handlung
2318 3375 86 35 und
2420 3375 252 36 Leihanstalt
2697 3387 76 23 von
2792 3374 319 37 BERNHARD
3132 3373 235 37 BREUER

1815 3429 43 35 in
1885 3427 118 44 Köln,
2039 3440 132 34 grosse
2196 3427 255 46 Budengasse
2481 3427 75 37 Nr.
2587 3430 36 43 1,
2666 3440 42 23 so
2751 3427 70 35 wie
2862 3426 59 36 bei
2961 3427 37 35 J.
3031 3427 87 35 FR.
3158 3426 208 43 WEBER,

1818 3480 338 45 Appellhofsplatz
2185 3480 78 38 Nr,
2290 3481 64 34 22.
