2331 3924
859 229 56 36 LA
955 230 214 45 MUSIQUE
1209 233 260 46 FRANÇAISE

2109 239 59 52 53

156 356 105 32 sans
295 342 122 52 voix,
458 355 104 32 sans
599 341 174 46 science
806 342 39 43 &
881 355 107 32 sans
1021 343 160 53 talent,
1220 343 116 45 mais
1376 342 128 45 imbu
1546 343 55 44 de
1640 346 195 55 grandes
1875 345 292 57 prétentions.

154 422 224 46 Peut-être
412 425 189 42 l'auteur
636 423 53 44 de
725 423 39 44 la
1452 421 228 46 Deablerie
1060 437 29 45 y
1123 423 116 44 a-t-il
1275 422 96 46 visé
1405 425 200 56 quelque
1639 425 108 43 rival
1783 440 90 29 non
1907 426 260 55 dénommé,

154 506 197 56 quelque
392 517 273 44 possesseur
704 503 231 58 incapable
974 505 109 43 d'un
1123 505 55 43 de
1219 519 73 30 ces
1334 519 27 29 «
1395 503 225 47 bénéfices
1656 520 25 29 »
1717 507 205 59 qu'Eloy,
1960 509 112 44 dans
2108 511 63 42 les

156 600 138 44 pages
323 586 215 52 voisines,
571 586 63 44 dit
661 587 249 56 largement
937 583 212 47 accordés
1177 600 90 30 aux
1296 586 243 44 serviteurs
1568 587 80 45 des
1677 587 192 57 princes,
1901 590 39 42 &
1967 591 89 43 très
2085 605 86 42 peu

154 669 23 41 à
205 681 113 29 ceux
346 667 80 45 des
455 665 182 59 églises.
670 667 55 43 Le
754 666 395 58 poète-musicien,
1183 666 78 57 qui
1291 681 25 29 «
1346 666 188 46 vivotait
1562 681 25 31 »
1617 669 144 55 parmi
1783 683 73 30 ces
1879 670 213 52 derniers,
2119 685 53 29 ne

154 749 218 57 regardait
400 763 81 43 pas
510 763 104 30 sans
645 763 61 30 un
734 763 87 43 peu
850 749 55 44 de
929 749 194 58 jalousie
1151 749 80 44 des
1261 749 223 44 confrères
1520 749 152 44 moins
1701 751 210 56 capables
1944 752 39 42 &
2019 751 155 45 mieux

153 829 334 59 récompensés.
527 832 130 44 Nous
692 831 174 45 l'avons
900 845 61 31 vu
999 844 175 30 exercer
1207 844 54 30 en
1305 832 108 58 1483
1452 831 65 45 les
1550 829 229 48 fondions
1813 832 55 44 de
1903 831 156 46 maître
2092 834 80 44 des

152 914 174 43 enfants
368 912 53 45 de
463 911 170 60 l'église
674 912 308 45 Sainte-Croix
1017 911 233 46 d'Orléans
1271 925 7 42 ;
1314 912 37 44 le
1384 925 101 32 vers
1525 926 9 30 :
1573 926 25 31 «
1633 914 124 58 Eloy,
1795 914 80 44 des
1911 915 175 43 enfants
2120 915 54 43 de

153 991 200 47 Béthune
382 1009 43 38 »,
458 994 123 58 placé
610 1009 55 30 au
695 994 141 45 début
863 995 61 43 du
1756 994 132 44 Livre
1111 996 52 41 de
1189 996 44 42 la
1261 992 243 51 Deablerie,
1544 1008 23 29 a
1602 995 169 56 permis
1805 995 55 43 de
1894 996 38 42 le
1967 995 209 58 désigner

152 1088 182 30 comme
363 1081 205 51 exerçant
596 1076 38 43 le
664 1074 150 45 même
843 1075 169 58 emploi
1041 1076 24 43 à
1093 1074 171 59 l'église
1292 1075 430 60 Saint-Barthélemy
1748 1076 55 43 de
1824 1075 200 46 Béthune
2039 1076 86 60 (1),
2152 1078 23 41 à

153 1154 212 58 l'époque
398 1158 55 43 de
487 1158 41 41 la
562 1155 227 46 rédaétion
824 1158 59 43 du
922 1158 179 55 poème.
1140 1158 79 41 Par
1253 1170 88 31 une
1370 1155 335 58 interprétation
1734 1172 61 29 un
1824 1172 87 41 peu
1940 1156 145 46 forcée
2114 1159 60 42 du

156 1235 150 46 même
340 1252 118 38 vers,
499 1252 59 30 on
593 1253 25 29 a
650 1238 65 44 dit
748 1239 107 58 Eloy
891 1236 56 46 né
981 1239 24 42 à
1040 1236 200 46 Béthune
1280 1250 9 31 :
1328 1238 25 43 il
1389 1252 29 44 y
1452 1252 26 29 a
1517 1239 103 56 plus
1661 1239 54 43 de
1757 1236 266 59 probabilité
2063 1239 112 44 dans

153 1320 285 59 l'hypothèse
466 1320 77 56 qui
572 1319 198 46 consiste
800 1320 22 42 à
859 1320 188 57 prendre
1083 1320 39 43 le
1156 1333 110 30 nom
1303 1319 259 44 d'Amerval
1597 1333 180 30 comme
1813 1319 272 44 l'indication
2122 1320 53 43 de

154 1413 83 32 son
280 1400 85 45 lieu
408 1401 55 44 de
505 1400 249 52 naissance,
800 1400 77 57 qui
922 1400 132 46 serait
1093 1401 231 51 Amerval,
1370 1400 162 59 village
1574 1401 54 42 de
1670 1400 246 45 l'ancienne
1963 1401 213 56 province

154 1483 199 44 d'Artois
382 1481 406 60 (arrondissement
816 1483 55 43 de
899 1483 240 52 Saint-Pol,
1172 1481 368 60 Pas-de-Calais).
1573 1481 166 45 Disons
1762 1481 120 45 enfin
1906 1495 87 44 que
2016 1484 41 42 la
2077 1483 99 43 date

154 1564 54 43 de
245 1565 129 56 1508,
407 1578 89 43 que
525 1570 125 51 porte
679 1563 199 45 l'édition
909 1578 77 43 par
1013 1564 161 44 Michel
1206 1565 37 42 le
1271 1565 109 43 Noir
1414 1565 60 42 du
1676 1566 53 41 de
1840 1564 242 51 Deablerie,
2123 1579 53 29 ne

153 1645 94 45 doit
275 1659 79 43 pas
382 1645 214 45 conduire
626 1646 24 42 à
678 1645 104 45 faire
817 1648 248 56 approcher
1093 1646 236 58 jusque-là
1365 1644 209 58 l'époque
1610 1646 53 44 de
1700 1648 39 40 la
1771 1645 306 57 composition
2114 1646 61 44 du

154 1726 162 56 poème
349 1740 7 31 :
389 1740 72 30 car
488 1728 65 43 les
581 1726 120 44 deux
730 1725 193 47 éditions
952 1740 90 31 non
1078 1725 170 54 datées,
1286 1726 79 58 qui
1402 1733 102 38 sont
1540 1725 240 59 signalées,
1819 1733 201 51 peuvent
2054 1726 123 44 avoir

153 1805 67 46 été
250 1808 53 43 de
334 1808 228 57 plusieurs
591 1807 167 46 années
787 1808 291 44 antérieures.

1526 1917 174 42 Michel
1733 1915 190 44 Brenet.

157 2166 124 39 Louis
304 2166 156 40 Laloy.

485 2167 77 41 La
585 2167 267 52 musique
873 2166 286 52 française
1182 2167 32 41 à
1235 2166 254 53 l'époque
1520 2166 68 41 de
1616 2166 55 41 la
1703 2165 382 43 Renaissance
2096 2163 78 54 (2).

1092 2261 153 51 (Suite)

1160 2375 21 43 I

284 2480 56 43 La
373 2477 250 46 Collection
657 2481 80 43 des
772 2478 288 46 Théoriciens
1094 2481 55 43 de
1184 2482 40 42 la
1257 2480 213 57 Musique
1506 2480 170 55 répond
1718 2480 24 42 à
1783 2492 62 30 un
1884 2477 160 46 besoin
2086 2491 90 31 non

162 2560 150 43 moins
341 2558 250 57 impérieux
619 2574 88 43 que
737 2561 41 43 la
803 2560 248 45 Collection
1082 2562 80 43 des
1188 2566 145 39 textes
1363 2560 254 44 musicaux.
1657 2561 27 42 I!
1720 2565 66 38 est
1821 2558 351 57 indispensable,

162 2655 116 43 pour
316 2643 294 56 comprendre
651 2643 64 44 les
755 2656 182 32 œuvres
980 2642 243 46 musicales
1263 2645 60 42 du
1371 2649 151 50 temps
1572 2640 148 59 passé,
1765 2642 54 43 de
1866 2640 226 44 connaître
2139 2641 39 42 le

161 2722 245 46 sentiment
431 2725 40 42 &
500 2725 62 43 les
590 2722 197 46 théories
815 2725 80 44 des
923 2725 366 57 contemporains
1310 2737 8 44 ;
1352 2737 72 31 car
1452 2726 38 42 la
1520 2723 216 56 musique
1772 2729 68 38 est
1875 2736 60 29 un
1971 2727 64 38 art
2068 2722 111 43 dont

161 2805 65 43 les
259 2806 170 43 formes
463 2805 169 44 varient
668 2806 181 44 suivant
882 2807 64 43 les
981 2820 112 46 pays
1127 2807 40 42 &
1201 2807 62 43 les
1292 2805 125 58 âges.
1450 2807 80 43 Les
1560 2803 249 46 musiciens
1837 2805 60 43 du
1927 2816 70 31 xvi
2004 2812 14 18 e
2047 2802 131 45 siècle

161 2886 305 58 employaient
492 2887 80 43 des
603 2887 160 43 modes
791 2901 87 42 que
909 2901 118 31 nous
1055 2901 142 31 avons
1221 2887 196 57 perdus;
1450 2887 53 43 ils
1539 2886 273 58 ignoraient,
1851 2900 52 29 en
1940 2885 234 49 revanche,

162 2980 61 29 un
256 2967 141 57 grand
433 2969 190 43 nombre
657 2970 233 43 d'accords
924 2970 111 43 dont
1069 2970 108 44 s'est
1211 2969 193 44 enrichie
1433 2975 125 38 notre
1587 2966 235 44 harmonie
1842 2979 8 43 ;
1883 2966 27 43 il
1940 2967 95 42 faut
2062 2965 116 43 donc

162 3063 117 30 nous
313 3050 159 57 garder
504 3050 56 44 de
595 3049 173 45 réduire
801 3065 56 31 au
895 3050 178 46 mineur
1107 3051 216 43 moderne
1357 3065 48 31 ce
1441 3050 76 57 qui
1549 3055 67 39 est
1644 3047 106 46 écrit
1776 3050 113 43 dans
1920 3049 38 41 le
1986 3046 193 58 premier

163 3131 134 43 mode
325 3130 170 53 ancien,
528 3145 60 31 ou
617 3132 53 44 de
698 3131 255 46 considérer
980 3146 182 31 comme
1192 3146 60 31 un
1281 3132 159 44 accord
1469 3132 53 44 de
1553 3144 23 43 7
1581 3143 16 19 e
1633 3131 53 43 de
1720 3130 263 44 dominante
2018 3143 48 29 ce
2100 3126 78 58 qui

163 3214 131 49 n'est,
327 3225 113 43 pour
468 3214 38 42 le
534 3214 311 56 compositeur
871 3215 59 43 du
962 3228 69 30 xvi
1036 3225 16 20 e
1082 3214 149 52 siècle,
1263 3214 172 57 qu'une
1463 3211 260 60 agrégation
1753 3210 181 46 fortuite
1962 3211 54 42 de
2051 3214 128 38 notes

163 3292 54 44 de
252 3305 209 45 passage.
499 3295 26 42 Il
561 3296 94 42 faut
689 3301 179 38 surtout
908 3309 118 32 nous
1068 3294 203 58 pénétrer
1309 3295 54 43 de
1405 3294 171 57 l'esprit
1614 3294 40 43 &
1694 3294 80 43 des
1816 3291 242 46 intentions
2099 3290 80 43 des

166 3371 199 55 maîtres,
410 3374 89 45 afin
539 3376 54 43 de
634 3390 55 29 ne
728 3390 80 42 pas
850 3377 247 44 demander
1136 3377 24 44 à
1195 3375 251 57 Jannequin
1482 3376 39 42 &
1560 3376 23 42 à
1617 3376 211 56 Costeley
1864 3375 38 42 la
1939 3372 240 56 puissance

265 3534 62 47 (1)
351 3537 37 33 E.
412 3537 153 46 CORNET,
590 3539 161 35 Histoire
770 3540 41 34 de
831 3538 157 36 Bèthune
994 3568 7 16 ,
1024 3544 27 30 t.
1077 3540 38 44 11,
1139 3551 37 33 p.
1202 3549 85 35 435.

264 3591 59 47 (2)
346 3593 145 45 D'après
519 3595 34 33 la
581 3596 225 44 publication
836 3597 44 33 de
908 3597 49 32 M.
990 3596 115 36 HENRY
1134 3596 132 33 EXPERT
1298 3605 7 25 :
1344 3596 60 33 Les
1432 3592 146 36 maîtres
1597 3594 186 34 musiciens
1811 3593 41 33 de
1879 3593 35 33 ta
1943 3590 237 37 Renaissance

163 3648 193 43 française.
381 3649 129 46 (Paris,
534 3650 84 35 chez
641 3652 187 43 Alphonse
851 3652 150 43 Leduc).
