2331 3924
970 238 122 34 ELOY
1130 223 275 48 D'AMERVAL

183 227 66 64 48

184 354 154 37 devant
364 350 145 41 ladiite
538 352 94 40 ville
652 364 7 36 ;
689 352 151 52 duquel
871 353 129 37 motet
1030 349 24 38 il
1082 362 23 25 a
1133 348 69 39 fait
1230 349 106 38 deux
1362 346 122 40 livres
1514 350 227 36 contenans
1769 346 159 40 chacun
1957 345 90 40 huit
2075 355 123 44 grans

184 420 154 39 feuillez
358 421 48 38 de
429 420 253 52 parchemin,
708 420 116 39 reliez
846 423 111 35 entre
978 419 106 38 deux
1105 430 89 40 ays,
1219 428 174 28 couvers
1413 416 50 38 de
1484 415 88 39 cuir
1599 414 185 45 vermeil,
1816 414 85 39 l'un
1929 425 103 41 pour
2058 414 140 39 bailler

184 503 80 26 aux
284 490 206 47 chantres,
514 491 34 38 &
569 490 142 39 l'autre
733 503 78 25 aux
832 487 157 41 enffans
1011 489 48 37 de
1080 498 122 28 cueur
1223 485 157 41 d'icelle
1401 484 125 53 eglise
1548 484 159 39 Sainéte
1728 484 139 44 Croix,
1898 495 105 39 pour
2029 482 169 41 chanter

185 557 22 41 à
233 559 37 38 la
298 559 158 39 stacion
485 559 67 50 qui
583 571 42 26 se
652 559 70 38 fait
749 559 152 38 devant
928 556 37 39 la
993 560 115 47 porte
1140 555 194 38 Dunoise.
1369 552 193 52 Lesquelz
1588 553 107 39 deux
1723 552 123 40 livres
1876 551 130 41 icellui
2030 552 167 38 messire

186 627 99 52 Eloy
307 640 23 26 a
350 628 159 38 donnez
529 627 36 39 &
586 630 209 48 présentez
815 626 137 39 ausdiz
974 636 242 41 procureurs
1238 621 223 40 assemblez
1484 633 49 27 en
1555 621 133 39 l'ostel
1709 622 50 38 de
1773 618 143 42 ladiéte
1933 621 94 38 ville
2043 621 34 39 &
2094 633 103 40 pour

184 696 56 39 les
261 696 191 40 habitans
472 694 169 46 d'icelle,
665 694 97 40 ledit
783 694 24 40 8
811 702 14 17 e
846 694 88 49 jour
955 694 48 39 de
1025 706 111 38 may,
1160 705 51 26 au
1234 696 135 34 retour
1389 689 156 41 d'icelle
1567 689 236 52 procession
1826 688 239 41 derrenière.
2091 689 106 40 Pour

185 777 59 33 ce,
275 777 77 37 104
373 777 33 27 s.
432 778 39 38 p.
495 762 77 54 (1).
598 777 25 25 »

308 890 68 43 Un
406 904 27 29 «
462 889 240 44 Inventaire
731 889 79 44 des
839 886 172 54 leftres,
1044 887 156 51 filtres,
1239 884 221 52 artillerie,
1500 881 339 64 [h]abillemens
1874 885 55 42 de
1962 896 160 45 guerre
2155 885 39 42 &

183 976 149 40 autres
359 973 163 43 choses
550 973 39 41 &
621 971 129 43 biens
783 975 297 52 appartenans
1115 970 24 42 à
1173 970 38 42 la
1244 965 329 47 communauté
1602 966 55 43 de
1685 966 38 43 la
1751 965 103 44 ville
1883 964 234 47 d'Orléans
2145 980 44 38 »,

183 1051 152 46 dressé
364 1067 54 29 en
456 1051 127 56 i486,
614 1053 40 43 &
683 1051 76 56 qui
791 1051 142 46 existe
960 1064 89 30 aux
1078 1050 201 44 archives
1308 1049 60 43 du
1399 1049 158 51 Loiret,
1586 1046 262 45 mentionne
1869 1060 27 31 «
1917 1047 121 44 deux
2061 1047 132 45 livres

184 1147 188 31 couvers
401 1134 53 43 de
485 1147 154 44 rouge,
678 1133 82 44 faiz
795 1147 77 43 par
908 1133 179 44 maistre
1124 1133 109 57 Eloy
1266 1130 278 51 d'Amerval,
1583 1130 186 55 esquelz
1803 1134 104 38 sont
1942 1127 185 58 escriptz
2154 1130 39 42 &

184 1220 127 38 notez
336 1214 188 44 certains
552 1213 116 45 diétz
694 1215 40 42 &
762 1215 225 57 chançons
1021 1213 82 44 faiz
1138 1225 115 45 pour
1285 1213 182 43 chanter
1501 1211 23 42 à
1559 1213 40 40 la
1627 1211 110 43 feste
1766 1210 55 43 de
1849 1210 40 43 la
1917 1210 102 43 ville
2047 1207 71 61 (2)
2145 1224 44 29 ».

306 1296 197 55 Lorsque
532 1296 44 42 F.
609 1296 54 42 Le
689 1295 153 51 Maire,
875 1309 52 29 en
965 1291 128 60 1645,
1131 1293 155 57 publia
1321 1294 38 40 la
1394 1291 217 57 première
1639 1290 169 44 édition
1842 1291 54 43 de
1933 1304 82 30 son
2052 1291 140 57 grand

181 1389 215 45 ouvrage,
428 1376 191 44 Histoire
645 1379 41 41 et
711 1374 239 58 antiquités
974 1379 54 39 de
1054 1378 43 40 la
1125 1374 107 44 ville
1257 1376 41 41 et
1324 1370 137 48 duché
1770 1373 64 44 les
1856 1373 120 43 deux
2006 1385 156 32 manus-

179 1458 104 44 crits
311 1459 154 57 d'Eloy
494 1472 45 30 se
567 1458 254 44 trouvaient
849 1470 157 31 encore
1035 1472 54 29 au
1121 1470 27 30 «
1176 1455 143 46 trésor
1347 1456 55 44 de
1431 1456 39 42 la
1498 1455 104 45 ville
1632 1469 25 29 »
1679 1469 7 36 ;
1733 1454 196 44 Lemaire
1958 1468 55 30 en
2043 1468 125 43 repro-

181 1538 141 44 duisit
350 1540 37 42 le
415 1544 118 38 texte
562 1538 220 52 littéraire,
814 1536 143 46 divisé
987 1552 53 29 en
1069 1538 119 43 deux
1223 1535 166 59 parties
1422 1550 8 30 :
1464 1536 62 44 les
1555 1549 26 29 «
1610 1538 165 42 Motets
1809 1534 185 46 chantés
2028 1536 164 44 devant

183 1619 170 58 l'église
381 1622 54 41 de
461 1622 298 41 Notre-Dame
787 1620 80 43 des
896 1619 201 44 Miracles
1126 1620 54 42 de
1207 1618 251 44 Saint-Paul
1495 1632 43 37 »,
1576 1618 39 43 &
1649 1619 64 43 les
1749 1630 26 31 «
1809 1619 164 42 Motets
2009 1616 183 46 chantés

180 1702 163 43 devant
371 1703 39 42 la
438 1708 124 49 porte
590 1700 200 45 Dunoise
819 1715 42 30 ».
894 1702 120 43 Dans
1044 1702 62 43 les
1136 1700 232 57 premiers,
1408 1700 38 42 le
1482 1698 395 58 poète-musicien,
1910 1699 282 57 interpellant

181 1796 54 27 en
264 1782 188 57 français
480 1783 39 42 la
547 1782 100 43 ville
677 1780 250 54 d'Orléans,
961 1780 173 45 invitait
1162 1782 63 43 les
1253 1780 226 45 habitants
1508 1782 23 41 à
1561 1793 45 30 se
1643 1778 163 59 réjouir
1839 1780 39 43 &
1906 1782 23 41 à
1959 1779 233 44 remercier

179 1863 128 51 Dieu,
340 1864 39 42 la
410 1863 160 57 Vierge
599 1863 38 42 &
666 1864 63 42 les
759 1863 145 44 Saints
934 1869 183 50 patrons
1147 1863 58 43 du
1237 1863 104 51 lieu,
1374 1876 54 29 en
1458 1860 223 45 célébrant
1709 1860 332 46 l'anniversaire
2069 1863 53 43 de
2152 1864 40 42 la

180 1942 182 45 viétoire
385 1944 53 43 de
453 1945 164 54 Jeanne
637 1944 135 43 d'Arc
791 1958 8 42 ;
826 1958 60 29 un
903 1949 147 40 verset
1065 1944 104 43 latin
1190 1957 7 30 :
1220 1957 26 30 «
1262 1944 293 43 Gaudeamus
1572 1957 163 30 omnes
1752 1943 42 43 in
1811 1943 195 44 Domino
2023 1957 43 38 »,
2086 1944 99 50 &c.,

180 2024 222 45 terminait
442 2032 111 38 cette
595 2025 219 58 première
848 2024 111 46 série
994 2027 53 42 de
1083 2027 171 43 chants.
1294 2027 54 43 La
1383 2025 209 52 seconde,
1633 2025 185 59 qu'Eloy
1854 2025 209 45 destinait
2096 2027 25 42 à
2151 2027 38 43 la

180 2105 164 46 station
378 2107 55 43 de
467 2108 39 42 la
539 2112 126 51 porte
699 2107 216 52 Dunoise,
955 2107 301 59 commençait
1289 2121 77 43 par
1395 2121 87 30 une
1512 2107 254 44 invocation
1795 2108 133 43 latine
1962 2122 7 29 :
2004 2122 26 28 «
2058 2108 131 44 Salus

179 2188 294 43 Aurelianum
504 2188 38 42 &
576 2188 209 43 omnium
821 2189 279 56 populorum
1135 2203 45 37 »,
1220 2202 88 42 que
1345 2188 224 46 suivaient
1602 2189 102 56 cinq
1741 2189 204 56 couplets
1981 2189 202 57 français,

179 2267 181 58 séparés
388 2269 64 43 les
481 2282 89 30 uns
598 2269 79 43 des
706 2274 147 38 autres
882 2269 38 43 &
947 2269 215 45 terminés
1191 2283 77 43 par
1295 2276 156 38 autant
1478 2270 55 44 de
1562 2276 170 39 versets
1761 2270 146 45 latins.
1947 2272 54 43 Le
2038 2269 149 45 même

176 2350 116 55 sujet
318 2347 103 45 était
454 2348 383 44 alternativement
870 2348 124 46 traité
1030 2350 110 45 dans
1176 2352 63 43 les
1274 2352 119 43 deux
1427 2352 208 57 langues.
1674 2352 146 56 Après
1855 2350 126 45 avoir
2014 2349 174 46 célébré

172 2432 163 53 Jeanne
368 2431 39 43 &
442 2443 72 31 ses
548 2444 314 44 compagnons
898 2432 54 43 de
989 2446 159 44 guerre
1182 2433 39 43 &
1254 2433 54 43 de
1343 2433 158 57 gloire,
1535 2434 191 43 l'auteur
1752 2433 226 44 terminait
2014 2446 77 44 par
2126 2447 61 29 un

176 2512 182 56 couplet
392 2512 104 43 latin
532 2526 53 29 en
622 2513 236 43 l'honneur
891 2514 54 42 de
981 2514 40 42 la
1054 2513 150 52 Croix,
1243 2514 39 44 &
1318 2528 76 42 par
1425 2528 61 30 un
1515 2514 208 52 Alléluia,
1757 2514 188 45 l'œuvre
1975 2513 210 58 poétique

175 2593 41 42 &
244 2591 214 44 musicale
491 2592 76 57 qui
599 2593 37 42 le
665 2593 121 56 place
816 2607 52 29 en
896 2592 88 47 tête
1013 2594 54 44 de
1088 2599 107 40 tous
1224 2596 65 43 les
1317 2594 176 45 artistes
1522 2601 149 52 ayant,
1698 2596 164 57 depuis
1884 2601 154 52 quatre
2062 2601 125 38 cents

178 2687 96 38 ans,
307 2672 169 44 célébré
499 2676 162 51 Jeanne
689 2676 148 43 d'Arc.

296 2756 54 43 Le
379 2754 134 43 Maire
541 2757 70 42 n'a
637 2757 149 42 donné
814 2757 37 42 le
879 2762 118 38 texte
1026 2757 203 44 littéraire
1263 2758 80 45 des
1380 2764 167 40 motets
1577 2758 130 46 latins
1735 2759 39 44 &
1802 2758 188 59 français
2027 2761 155 57 d'Eloy

175 2848 89 42 que
292 2836 110 43 dans
432 2836 39 43 la
499 2834 216 57 première
743 2834 184 54 édition,
965 2837 96 54 in-4
1065 2847 18 16 0
1091 2874 7 15 ,
1138 2838 54 43 de
1228 2852 81 31 son
1343 2839 183 44 histoire
1562 2838 251 53 d'Orléans,
1853 2841 127 42 &ne
2015 2839 55 44 l'a
2104 2853 80 44 pas

175 2914 147 59 répété
357 2917 110 43 dans
503 2918 40 42 la
576 2918 209 51 seconde,
824 2918 173 43 in-folio
1030 2917 86 61 (3).
1155 2919 60 52 Si,
1260 2919 128 59 grâce
1423 2922 25 42 à
1482 2922 79 51 lui,
1601 2923 64 43 les
1702 2921 179 58 poésies
1921 2935 120 31 nous
2083 2927 102 38 sont

171 3010 268 43 parvenues,
473 2998 39 42 la
541 2998 230 56 musique,
796 2998 77 57 qui
903 2998 105 46 était
1036 2999 128 45 notée
1194 3015 107 30 avec
1329 3003 64 42 les
1423 3004 176 55 paroles
1627 3004 111 44 dans
1762 3004 64 44 les
1850 3017 26 31 «
1900 3003 118 43 deux
2048 3003 134 45 livres

172 3090 191 31 couvers
398 3078 55 42 de
494 3091 139 43 rouge
674 3092 43 38 »,
763 3084 66 39 est
871 3081 446 44 malheureusement
1360 3083 185 56 perdue,
1590 3084 39 44 &
1671 3097 48 31 sa
1760 3083 264 57 disparition
2066 3097 117 31 nous

176 3158 172 45 semble
382 3158 199 45 d'autant
621 3161 104 54 plus
767 3161 260 56 regrettable
1061 3176 89 41 que
1185 3176 116 30 nous
1338 3177 117 31 nous
1486 3163 240 58 éloignons
1760 3166 55 43 de
1850 3164 217 57 l'opinion
2104 3164 80 45 des

271 3318 36 50 (i
318 3318 18 50 )
353 3321 216 44 QuichtEßAT,
593 3321 127 34 Procès
740 3321 42 34 de
791 3322 137 44 Jeanne
948 3323 127 41 d'Arc,
1100 3326 26 32 t.
1150 3323 45 46 V,
1219 3335 35 34 p.
1279 3335 68 35 312
1369 3323 136 49 (parmi
1529 3327 51 34 les
1609 3328 217 35 documents
1856 3328 134 35 relatifs
2011 3330 19 33 à
2052 3328 32 35 la
2114 3327 70 36 fête

175 3377 48 34 du
242 3377 21 34 8
287 3375 103 47 mai).

274 3433 60 47 (2)
355 3433 413 34 Inventaire-Sommaire
786 3434 60 33 des
865 3435 170 33 Archives
1056 3434 357 44 départementales...
1440 3439 132 46 Loiret,
1597 3440 42 33 A.
1667 3441 108 44 2184.

273 3487 61 48 (3)
354 3488 95 33 C'est
470 3500 38 21 ce
528 3488 61 44 qui
612 3488 166 46 explique
800 3493 185 31 comment
1013 3490 201 43 Quicherat
1241 3491 147 48 {Procès
1416 3495 43 33 de
1477 3495 137 44 Jeanne
1639 3496 131 41 d'Arc,
1799 3500 99 30 tome
1926 3497 43 45 V,
2004 3507 37 35 p.
2074 3495 105 48 313),

175 3546 168 34 donnant
363 3556 47 23 un
434 3544 127 35 extrait
581 3544 63 35 des
663 3546 162 45 couplets
846 3546 162 48 français,
1033 3547 51 33 les
1114 3552 194 41 emprunte
1334 3549 20 35 à
1384 3551 121 34 Lottin
1534 3552 228 46 {Recherches
1948 3565 66 22 sur
2039 3554 36 33 la
2102 3554 82 33 ville

174 3598 209 43 d'Orléans,
405 3603 27 31 t.
457 3600 23 45 1,
513 3610 6 23 i
529 3608 30 18 rc
580 3600 127 45 partie,
733 3613 35 33 p.
793 3599 105 49 279),
923 3613 43 23 en
990 3601 121 35 disant
1131 3613 71 33 que
1233 3607 56 31 cet
1315 3609 130 31 auteur
1472 3605 49 35 les
1553 3618 19 23 a
1601 3619 19 23 «
1651 3607 143 47 publiés
1825 3620 89 35 pour
1943 3609 34 34 la
2006 3608 176 47 première

175 3656 67 36 fois
264 3667 34 35 »,
322 3656 89 34 mais
432 3667 81 23 sans
533 3656 75 36 dire
631 3669 18 23 «
673 3656 47 36 où
743 3657 23 35 il
787 3669 45 23 en
853 3657 99 36 avait
973 3656 129 37 trouvé
1125 3659 34 34 la
1178 3660 106 43 copie
1307 3673 34 22 ».
