2331 3924
961 221 122 34 ELOY
1126 209 277 48 D'AMERVAL

2123 229 64 50 47

172 347 54 29 en
264 330 128 54 1860,
425 330 113 45 Fétis
569 329 321 46 reconnaissait
918 332 171 43 n'avoir
1116 346 60 42 pu
1209 332 90 44 rien
1337 332 164 44 savoir.
1540 333 273 44 L'existence
1848 349 53 30 en
1936 337 182 43 Flandre
2151 338 41 43 &

143 428 83 29 •en
256 413 206 52 Hainaut,
495 413 24 42 à
548 410 209 59 l'époque
786 410 206 54 aétuelle,
1025 413 54 43 de
1108 413 193 44 familles
1331 419 177 51 portant
1536 414 38 43 le
1604 428 108 29 nom
1742 416 172 58 d'Eloy,
1947 417 245 44 l'induisait

171 508 55 31 en
255 497 41 40 la
321 494 231 51 tentation,
585 494 210 57 toujours
824 493 133 57 aiguë
986 496 107 41 chez
1121 494 79 51 lui,
1234 496 53 41 de
1318 494 296 57 revendiquer
1642 497 39 42 le
1715 496 136 44 vieux
1887 497 155 44 maître
2077 512 115 43 pour

170 578 39 42 la
257 576 139 57 patrie
442 576 129 55 belge
593 587 7 43 ;
651 576 40 41 &
738 576 223 43 l'absence
1008 576 55 43 de
1111 588 72 32 ses
1232 588 180 32 œuvres
1460 577 112 43 dans
1620 578 64 43 les
1727 577 185 46 recueils
1954 578 238 57 imprimés

170 657 162 57 depuis
376 670 81 44 150
468 671 10 29 1
523 671 79 43 par
636 656 196 44 Petrucci
866 657 268 57 l'engageait
1169 658 23 42 à
1229 658 168 42 reculer
1432 671 84 30 son
1552 656 132 47 décès
1719 661 23 40 à
1784 673 88 30 une
1912 658 178 59 époque
2137 662 55 43 de

170 739 237 56 beaucoup
448 736 264 47 antérieure.
759 739 26 42 11
828 743 67 40 est
942 737 171 52 inutile,
1166 751 116 44 pour
1328 739 188 42 annuler
1566 739 38 44 la
1651 739 218 56 première
1917 742 270 57 hypothèse,

169 819 228 45 d'insister
431 832 79 32 sur
543 833 47 30 ce
632 833 106 44 que,
783 833 54 30 en
880 819 192 45 maintes
1115 818 181 60 régions
1337 821 55 43 de
1433 821 164 57 langue
1639 821 231 58 française,
1916 822 173 57 l'usage
2129 823 60 43 du

170 899 189 59 prénom
390 902 124 57 Eloy,
547 901 91 57 pris
669 915 180 30 comme
880 915 106 30 nom
1016 902 54 42 de
1101 901 185 52 famille,
1320 901 199 57 pourrait
1545 898 89 47 être
1662 902 217 44 constaté.
1914 903 54 42 La
1997 904 193 42 seconde

171 983 290 57 supposition
489 984 55 44 de
572 982 116 46 Fétis
717 984 71 42 n'a
816 996 82 44 pas
927 984 104 56 plus
1059 984 54 42 de
1144 982 194 52 solidité,
1373 997 87 37 car,
1501 982 170 58 malgré
1707 984 38 42 le
1781 984 190 44 nombre
2006 983 184 45 énorme

169 1066 81 43 des
278 1078 183 31 œuvres
489 1064 135 58 qu'ils
652 1064 305 53 contiennent,
992 1066 63 43 les
1087 1064 185 45 recueils
1303 1066 53 43 de
1379 1064 195 45 Petrucci
1600 1071 104 38 sont
1727 1064 89 45 loin
1839 1066 54 43 de
1916 1064 277 58 représenter

170 1148 40 42 la
261 1145 170 45 totalité
484 1147 80 43 des
618 1146 337 57 compositeurs
1008 1146 155 44 vivant
1216 1160 59 30 ou
1332 1151 133 53 ayant
1511 1145 110 44 vécu
1671 1147 23 42 à
1741 1145 209 58 l'époque
1996 1147 53 43 de
2098 1147 94 43 leur

172 1227 294 57 publication.

294 1310 107 57 Eloy
430 1322 54 31 ne
511 1308 199 59 figurant
738 1308 41 44 ni
811 1322 78 31 sur
918 1310 63 43 les
1012 1310 123 43 listes
1164 1310 80 43 des
1273 1310 240 43 chanteurs
1541 1310 55 43 de
1630 1311 38 42 la
1704 1310 197 55 chapelle
1938 1308 254 57 pontificale

171 1391 39 43 &
232 1391 55 43 de
310 1392 39 42 la
370 1391 201 56 chapelle
595 1391 54 43 de
673 1391 286 56 Bourgogne,
986 1390 44 43 ni
1055 1404 77 30 sur
1154 1391 132 43 celles
1309 1391 80 43 des
1412 1390 258 57 chapelains
1693 1390 58 43 du
1778 1390 62 44 roi
1863 1391 54 42 de
1947 1391 175 51 France,
2154 1391 39 43 &

169 1486 48 31 sa
246 1471 211 58 présence
486 1471 168 46 n'étant
683 1485 80 44 pas
792 1470 198 59 signalée
1018 1472 112 45 dans
1160 1473 64 44 les
1254 1472 160 57 petites
1444 1486 133 31 cours
1606 1472 250 52 italiennes,
1883 1472 111 45 dont
2016 1486 47 31 se
2086 1479 104 38 sont

167 1552 197 59 occupés
406 1553 227 58 plusieurs
674 1552 170 46 érudits
887 1555 263 52 modernes,
1197 1555 26 42 il
1265 1569 29 43 y
1334 1569 26 29 a
1399 1553 88 45 lieu
1530 1555 53 43 de
1627 1555 36 42 le
1705 1555 211 42 chercher
1957 1555 111 43 dans
2110 1555 79 43 des

171 1637 186 56 sphères
410 1636 260 57 artistiques
725 1636 103 56 plus
882 1636 249 51 modestes,
1183 1636 113 43 dans
1351 1635 56 43 de
1460 1635 189 57 simples
1704 1633 225 46 maîtrises
1977 1632 212 60 d'églises

170 1717 274 46 cathédrales
486 1733 58 29 ou
588 1716 257 60 collégiales
892 1731 8 31 :
945 1719 125 50 c'est,
1116 1731 56 29 en
1213 1717 118 51 effet,
1376 1717 24 42 à
1449 1717 39 42 la
1536 1715 197 45 maîtrise
1780 1717 55 42 de
1882 1716 308 44 Sainte-Croix

171 1799 250 52 d'Orléans,
462 1814 53 29 en
558 1801 130 56 1483,
729 1799 104 57 puis
868 1800 23 42 à
925 1800 108 42 celle
1069 1799 53 43 de
1158 1793 170 63 l'église
1365 1797 53 43 de
1461 1796 216 53 Béthune,
1717 1811 87 42 que
1841 1810 118 32 nous
1995 1810 194 46 croyons

171 1881 196 59 pouvoir
395 1882 38 44 le
463 1880 288 46 reconnaître.

292 1962 172 59 Depuis
494 1965 38 42 le
562 1965 26 42 8
618 1962 88 45 mai
736 1975 130 46 1430,
892 1964 40 42 la
953 1960 252 47 délivrance
1228 1960 237 46 d'Orléans
1489 1974 78 44 par
1580 1962 165 54 Jeanne
1766 1961 149 52 d'Arc,
1943 1960 246 57 accomplie

167 2044 169 44 l'année
367 2042 279 59 précédente,
680 2042 103 45 était
811 2041 200 46 célébrée
1040 2044 113 43 dans
1182 2047 113 40 cette
1324 2042 103 45 ville
1459 2055 77 45 par
1564 2056 88 31 une
1675 2041 264 57 procession
1962 2044 223 50 annuelle,

166 2140 107 31 avec
312 2126 128 45 office
482 2126 233 57 religieux,
762 2124 273 58 prédication
1077 2139 54 29 en
1174 2126 240 50 l'honneur
1454 2125 53 43 de
1549 2126 180 54 Jeanne,
1775 2125 39 43 &
1863 2124 326 58 réjouissances

169 2207 274 59 populaires.
477 2207 108 45 Loin
613 2221 89 42 que
731 2209 38 42 le
798 2207 92 44 zèle
919 2206 137 57 pieux
1083 2207 39 44 &
1152 2206 270 57 patriotique
1450 2207 81 44 des
1559 2204 233 47 Orléanais
1817 2219 47 30 se
1888 2204 173 45 ralentît
2082 2219 107 30 avec

169 2291 63 42 les
260 2290 182 51 années,
475 2289 39 43 la
547 2288 268 44 célébration
851 2289 54 43 de
939 2294 112 38 cette
1088 2286 86 46 fête
1211 2288 209 44 devenait
1453 2289 54 43 de
1541 2289 106 56 plus
1681 2301 55 30 en
1773 2289 104 56 plus
1912 2288 244 43 solennelle
2176 2300 9 42 ;

171 2383 78 30 sur
277 2371 38 42 le
343 2383 213 43 parcours
584 2370 54 42 de
668 2370 42 42 la
744 2369 279 57 procession,
1063 2369 76 57 qui
1177 2369 165 44 suivait
1376 2370 37 42 le
1447 2368 117 45 tracé
1600 2369 54 43 de
1689 2368 246 44 l'ancienne
1971 2368 214 52 enceinte,

169 2465 57 30 on
255 2450 159 45 élevait
434 2451 55 44 de
511 2464 242 31 nouveaux
776 2449 241 46 échafauds
1040 2464 58 31 ou
1125 2450 244 57 reposoirs,
1397 2449 57 46 où
1478 2451 80 44 des
1588 2463 202 45 groupes
1818 2450 54 43 de
1902 2449 287 44 menestriers

171 2531 240 46 sonnaient
439 2533 79 43 des
547 2534 191 42 fanfares
765 2533 40 43 &
839 2530 349 58 représentaient
1223 2533 78 43 des
1336 2534 105 54 jeux
1477 2544 78 44 par
1590 2544 322 44 personnages.
1953 2531 60 44 En
2057 2533 128 55 1483,

170 2615 63 43 les
261 2619 207 52 comptes
499 2613 297 57 municipaux
824 2613 165 44 relatifs
1019 2614 23 42 à
1072 2615 39 42 la
1140 2613 262 58 procession
1437 2614 60 43 du
1535 2615 24 42 8
1597 2613 87 44 mai
1722 2613 301 50 contiennent,
2062 2618 128 38 outre

169 2698 63 43 les
261 2696 223 56 dépenses
513 2694 338 53 accoutumées,
892 2709 61 31 un
988 2695 148 45 article
1173 2695 180 57 spécial,
1395 2695 146 45 relatif
1569 2698 23 40 à
1628 2693 338 47 l'introduétion
2001 2694 112 44 dans
2151 2695 37 42 la

166 2775 251 46 cérémonie
447 2776 109 45 d'un
585 2776 393 45 embellissement
1007 2775 401 59 supplémentaire,
1441 2775 59 46 dû
1531 2778 24 42 à
1583 2776 247 45 l'initiative
1868 2776 61 44 du
1966 2774 223 46 musicien

166 2859 39 43 &
233 2858 306 44 versificateur
567 2859 107 57 Eloy
703 2859 261 43 d'Amerval
998 2872 9 30 :

277 3036 24 25 «
315 3022 33 39 A
360 3023 168 38 messire
546 3023 101 52 Eloy
658 3022 250 47 d'Amerval,
925 3023 166 39 maistre
1107 3024 70 38 des
1193 3023 157 39 enffans
1366 3024 48 37 de
1431 3034 122 28 cueur
1567 3023 49 38 de
1632 3019 308 42 Sainéte-Croix
1955 3019 229 46 d'Orléans,

169 3094 88 36 tant
279 3103 103 39 pour
405 3091 53 39 lui
482 3104 76 38 que
581 3104 104 38 pour
712 3091 56 40 les
797 3095 135 36 autres
961 3091 188 40 chantres
1177 3093 34 38 &
1240 3091 235 52 chapelains
1503 3090 155 41 d'icelle
1687 3089 127 53 eglise
1842 3089 68 51 qui
1940 3093 74 34 ont
2042 3086 146 41 chanté

168 3173 101 26 avec
297 3160 56 39 les
379 3160 190 39 chantres
597 3161 33 38 &
659 3161 260 52 chappelains
947 3163 50 38 de
1025 3161 154 54 l'eglise
1209 3161 301 52 Saint-Aignan
1539 3159 215 40 d'Orléans
1788 3160 35 38 &
1858 3159 71 38 fait
1962 3157 35 39 le
2033 3157 155 39 service

168 3234 271 47 appartenant
462 3231 34 37 &
519 3230 267 39 accoustumé
809 3230 94 39 faire
925 3229 22 40 à
969 3229 144 40 ladiéte
1135 3230 236 52 procession
1395 3229 155 39 d'icelle
1568 3229 108 45 ville,
1696 3227 52 40 28
1765 3240 33 25 s.
1817 3241 41 37 p.
1878 3225 114 56 [sous
2009 3223 176 55 parisis.]

279 3311 25 26 «
332 3297 126 40 Audit
486 3298 166 40 messire
682 3300 100 50 Eloy
810 3298 250 47 d'Amerval,
1093 3298 36 40 la
1155 3311 162 27 somme
1345 3300 48 38 de
1422 3302 93 36 cent
1543 3302 141 47 quatre
1712 3297 83 38 solz
1825 3295 158 53 parisis,
2015 3306 103 39 pour
2151 3293 37 38 la

171 3366 153 40 valleur
357 3368 48 38 de
439 3371 142 48 quatre
616 3381 118 27 escuz
767 3368 89 40 d'or
889 3367 23 41 à
943 3368 54 40 lui
1032 3370 210 38 ordonnez
1275 3372 104 36 estre
1408 3368 112 52 paiez
1548 3368 34 38 &
1611 3367 143 39 baillez
1783 3380 47 25 en
1861 3376 263 39 recompense
2152 3363 36 40 &

171 3436 309 39 remuneracion
515 3438 49 38 de
598 3437 115 39 avoir
745 3437 84 39 dité
857 3438 34 38 &
920 3437 97 39 noté
1045 3450 48 26 en
1122 3437 98 39 latin
1249 3438 35 38 &
1312 3450 48 25 en
1389 3437 178 49 françois
1595 3448 87 41 ung
1710 3438 146 42 motet,
1888 3446 103 39 pour
2019 3432 169 39 chanter

171 3504 301 40 doresenavant
492 3503 42 41 ès
556 3505 259 53 processions
843 3507 69 51 qui
941 3519 42 26 se
1011 3507 88 38 font
1129 3507 157 38 chacun
1314 3518 51 27 an
1394 3505 98 40 ledit
1520 3505 89 51 viij°
1633 3507 96 49 jour
1755 3505 49 37 de
1834 3516 111 38 may,
1978 3502 35 39 &
2041 3500 67 52 qui
2137 3513 48 25 en

172 3570 113 41 icelle
306 3574 235 50 procession
564 3573 223 40 derrenière
807 3588 23 25 a
852 3574 84 39 esté
957 3574 149 39 chanté
1127 3587 49 26 en
1200 3575 173 38 rendant
1394 3587 141 39 grâces
1558 3571 22 41 à
1602 3574 99 38 Dieu
1724 3573 49 38 de
1794 3571 37 40 la
1859 3569 168 41 viétoire
2055 3582 77 38 que
2161 3568 26 38 il

174 3641 137 40 donna
331 3641 165 41 auxditz
517 3643 190 40 habitans
729 3644 99 39 ledit
843 3645 95 51 jour
960 3657 77 39 que
1059 3644 57 39 les
1138 3643 175 53 Anglois
1334 3641 181 44 levèrent
1536 3643 36 39 le
1594 3640 110 56 siège
1732 3654 77 39 que
1839 3640 48 39 ilz
1915 3639 166 40 avoient
2109 3638 79 40 mis
