2331 3924
865 237 579 71 REVUE

151 415 547 89 D'HISTOIRE
753 415 120 84 ET
929 415 122 86 DE
1106 415 455 89 CRITIQUE
1614 418 547 91 MUSICALES

146 725 74 40 N°
251 724 34 40 2

1047 725 200 41 Février.

2056 728 104 41 1901

448 1050 120 40 Louis
591 1051 153 39 Laloy.

783 1051 75 41 Le
880 1062 174 42 genre
1077 1052 454 53 enharmonique
1553 1052 102 43 des
1679 1053 188 42 Grecs.

267 1240 53 44 Le
355 1252 135 44 genre
532 1239 360 57 enharmonique
932 1240 80 45 des
1054 1242 136 44 Grecs
1232 1254 118 32 nous
1387 1248 67 38 est
1487 1242 290 58 aujourd'hui
1814 1243 351 56 complètement

144 1320 203 58 étranger
384 1334 7 30 :
432 1322 64 43 les
530 1326 156 50 quarts
720 1320 55 44 de
809 1327 79 38 ton
930 1320 77 59 qui
1051 1323 38 43 le
1129 1320 315 47 caractérisent
1485 1322 240 45 n'existent
1764 1337 82 42 pas
1886 1324 113 45 dans
2040 1331 124 38 notre

144 1402 230 57 musique,
405 1403 40 42 &
473 1403 231 55 choquent
732 1408 126 38 notre
885 1403 167 44 oreille.
1085 1406 133 43 Passe
1247 1418 162 31 encore
1437 1418 115 43 pour
1581 1418 61 31 un
1670 1411 132 50 quart
1830 1406 55 43 de
1913 1411 79 39 ton
2014 1406 111 44 isolé
2152 1421 9 29 :

143 1498 58 31 on
231 1489 107 52 peut
366 1486 218 43 admettre
614 1498 77 43 par
719 1487 207 56 exemple
955 1487 170 56 qu'une
1155 1486 197 45 sensible
1386 1487 89 44 soit
1509 1486 271 58 rapprochée
1815 1488 55 43 de
1904 1488 38 42 la
1975 1488 189 57 tonique

143 1580 54 29 au
229 1564 127 59 point
384 1580 89 43 que
501 1567 36 42 le
568 1566 221 44 demi-ton
821 1580 49 30 se
896 1572 162 39 trouve
1087 1566 145 45 réduit
1260 1569 56 42 de
1345 1567 155 44 moitié
1520 1581 8 42 ;
1562 1568 116 45 mais
1708 1582 59 31 on
1794 1573 162 40 trouve
1984 1569 113 45 dans
2126 1571 38 42 le

141 1661 135 44 genre
318 1647 358 58 enharmonique
715 1649 122 44 deux
879 1654 155 51 quarts
1081 1651 55 43 de
1179 1656 79 38 ton
1301 1649 268 52 successifs,
1621 1651 77 57 qui
1741 1652 97 42 font
1880 1651 115 44 suite
2037 1652 24 42 à
2103 1666 59 29 un

141 1728 228 45 intervalle
409 1729 55 42 de
497 1728 133 45 tierce
667 1729 199 58 majeure
887 1742 7 42 ;
935 1732 38 42 la
1007 1746 187 43 gamme
1228 1731 214 44 dorienne
1476 1732 358 56 enharmonique
1877 1746 23 29 a
1942 1733 38 42 la
2021 1733 142 43 forme

143 1811 205 44 suivante
383 1825 7 30 :

263 2287 128 53 Rien,
424 2288 112 45 dans
567 2295 124 38 notre
720 2288 230 59 musique,
990 2303 54 31 ne
1079 2291 265 52 ressemble,
1385 2288 149 46 même
1569 2291 54 43 de
1658 2289 108 53 loin,
1805 2291 23 42 à
1863 2303 87 31 une
1985 2289 178 58 pareille

140 2368 166 45 échelle
327 2382 7 42 ;
367 2382 50 31 or
446 2383 117 31 nous
592 2383 184 40 savons,
809 2372 172 43 d'autre
1009 2378 113 50 part,
1155 2386 90 42 que
1273 2373 37 42 le
1339 2385 137 44 genre
1499 2372 359 56 enharmonique
1880 2386 24 29 a
1926 2371 158 57 rempli
2107 2371 55 43 de

140 2463 83 32 son
253 2465 107 30 nom
390 2452 41 42 la
459 2450 180 58 période
667 2453 239 56 archaïque
934 2453 39 43 &
1002 2455 40 41 la
1071 2452 181 58 période
1280 2453 228 56 classique
1537 2455 55 41 de
1621 2455 39 41 la
1694 2452 215 57 musique
1943 2466 214 44 grecque,

140 2532 77 56 qui
247 2533 96 42 font
371 2546 53 29 en
452 2537 102 40 tout
583 2546 61 31 un
673 2546 159 44 espace
861 2535 54 43 de
944 2533 109 46 trois
1084 2533 172 54 siècles,
1291 2535 58 43 du
1379 2547 72 31 vm
1456 2543 15 18 e
1499 2549 54 29 au
1585 2549 26 29 v
1618 2543 14 18 e
1641 2570 8 8 .
1683 2535 53 43 Le
1759 2533 313 57 chromatique
2095 2538 68 39 est

140 2627 88 31 une
257 2613 255 46 nouveauté
541 2615 79 57 qui
649 2630 54 29 ne
739 2617 108 43 s'est
882 2616 242 44 introduite
1160 2618 110 44 dans
1307 2618 39 42 la
1381 2617 214 57 musique
1631 2615 197 45 sérieuse
1862 2630 89 43 que
1987 2629 101 30 vers
2124 2616 37 42 le

139 2695 152 45 milieu
328 2697 53 42 de
417 2710 48 30 ce
501 2698 109 56 long
644 2697 229 45 intervalle
915 2698 54 44 de
1010 2704 152 52 temps
1183 2711 7 42 ;
1235 2705 142 49 quant
1410 2712 56 30 au
1501 2698 279 56 diatonique,
1819 2698 28 42 il
1882 2711 54 31 ne
1970 2696 78 44 fait
2082 2710 79 43 pas

137 2778 143 56 parler
306 2778 56 42 de
391 2777 60 43 lui
485 2782 136 41 avant
654 2778 270 45 Aristoxène
944 2791 8 43 ;
993 2778 26 44 il
1056 2778 95 45 doit
1185 2778 179 53 exister,
1406 2778 114 45 mais
1559 2792 82 32 son
1678 2777 90 46 rôle
1804 2785 67 38 est
1907 2776 149 53 effacé,
2097 2778 64 44 les

135 2857 270 46 théoriciens
433 2874 54 29 ne
516 2858 235 46 l'étudient
780 2874 95 43 pas,
910 2874 106 31 sans
1044 2861 139 44 doute
1212 2875 129 43 parce
1378 2875 90 42 que
1504 2862 62 43 les
1603 2860 249 45 musiciens
1887 2865 185 39 savants
2105 2860 54 43 de

136 2940 211 58 l'époque
376 2955 54 30 ne
459 2942 38 43 le
524 2941 201 44 tiennent
753 2956 80 43 pas
863 2958 54 29 en
946 2944 136 44 haute
1112 2942 160 46 estime
1305 2958 8 30 :
1346 2944 64 44 les
1442 2945 232 43 honneurs
1708 2944 40 43 &
1782 2944 38 41 le
1857 2942 159 45 succès
2050 2946 111 38 vont

137 3024 23 41 à
188 3024 405 57 l'enharmonique.
625 3024 114 44 Mais
769 3026 39 42 la
836 3026 176 42 fortune
1040 3025 40 43 &
1108 3026 40 42 la
1176 3026 135 43 mode
1339 3030 80 39 ont
1447 3026 54 43 de
1524 3027 149 56 justes
1702 3030 174 38 retours
1909 3038 8 30 :
1957 3024 129 55 après
2122 3024 40 41 le

136 3116 26 31 V
167 3115 16 19 e
212 3104 148 52 siècle,
394 3105 38 43 le
459 3118 137 44 genre
624 3106 140 42 favori
793 3106 80 45 des
902 3105 364 58 contemporains
1296 3106 53 43 de
1378 3104 187 47 Périclès
1593 3106 40 43 &
1660 3106 55 43 de
1749 3106 222 56 Sophocle
2004 3104 155 43 tombe

137 3185 331 56 brusquement
496 3186 111 45 dans
638 3187 156 44 l'oubli
814 3200 9 43 ;
856 3186 229 57 plusieurs
1115 3186 247 46 musiciens
1392 3186 150 45 même
1570 3201 48 31 se
1647 3189 199 42 refusent
1867 3187 24 42 à
1913 3186 248 43 l'admettre

137 3267 40 44 &
217 3272 120 47 sont,
383 3281 114 44 pour
544 3283 46 29 ce
638 3269 137 44 crime
821 3270 54 43 de
924 3269 293 53 lèse-beauté,
1270 3269 231 45 vivement
1546 3267 152 47 tancés
1747 3283 78 43 par
1870 3267 285 45 Aristoxène.

139 3347 230 45 L'histoire
398 3349 59 44 du
487 3363 136 44 genre
652 3351 362 56 enharmonique
1043 3351 264 52 ressemble,
1341 3365 59 31 on
1429 3352 38 42 le
1496 3350 111 52 voit,
1640 3351 24 43 à
1689 3351 107 43 celle
1825 3350 54 44 de
1915 3350 101 56 plus
2051 3349 108 43 d'un

140 3430 163 56 peuple
330 3430 40 43 &
397 3430 53 44 de
479 3431 104 56 plus
611 3431 109 43 d'un
748 3438 65 38 art
845 3446 7 30 :
887 3432 129 56 après
1045 3432 40 44 la
1113 3432 239 58 grandeur,
1386 3434 39 42 la
1452 3430 249 46 décadence
1721 3445 9 43 ;
1764 3430 115 46 mais
1908 3431 63 43 les
1999 3441 162 32 causes

139 3510 53 43 de
221 3515 113 39 cette
360 3512 224 56 grandeur
611 3512 40 44 &
678 3514 55 43 de
762 3519 115 39 cette
906 3511 249 46 décadence
1184 3520 103 38 sont
1315 3526 128 32 assez
1477 3515 89 42 mal
1603 3526 202 31 connues
1841 3514 54 43 de
1929 3524 119 30 nous
2082 3524 7 30 :
2116 3511 45 57 je

137 3593 214 44 voudrais
379 3606 181 46 essayer
587 3595 56 43 de
673 3596 64 43 les
765 3594 198 45 démêler
990 3596 176 56 d'après
1193 3596 63 45 les
1284 3595 269 46 indications
1581 3595 82 46 des
1691 3600 184 39 auteurs
1903 3593 198 45 anciens.

252 3709 47 38 R.
326 3711 54 36 M.

2022 3725 24 39 3
