2862 4051
591 195 640 67 IMPRESSIONS
1295 194 643 71 PARISIENNES

2402 226 93 65 33

205 342 345 78 Invoquons
601 341 229 70 Platon,
867 341 104 79 qui
1019 341 147 57 n'est
1202 360 99 59 pas
1344 341 140 57 loin.
1526 342 110 56 Cet
1670 340 266 61 éminent
1971 344 378 81 philosophe,
2398 350 103 76 qui

49 434 123 62 était
204 430 146 56 aussi
384 449 80 36 un
498 429 220 68 artiste,
755 429 301 77 supposait
1093 449 76 36 un
1220 448 284 58 royaume
1538 428 98 58 des
1670 430 152 57 Idées
1878 429 74 58 où
1989 453 102 57 par
2125 435 290 78 exemple,
2449 436 53 56 le

49 532 231 64 concept
314 516 224 58 d'arbre
588 515 143 59 était
765 515 342 57 réellement
1156 514 353 80 représenté,
1545 516 189 58 tandis
1775 539 114 57 que
1937 534 169 42 notre
2140 522 219 57 monde
2407 523 98 57 des

49 626 332 66 apparences
414 627 72 34 ne
521 626 147 35 nous
718 626 71 35 en
822 604 245 57 donnait
1117 626 115 57 que
1273 603 98 58 des
1420 607 212 75 Images
1681 607 420 77 particulières.
2142 610 85 55 Le
2274 612 231 76 peintre

47 694 238 65 travaille
318 713 96 37 sur
461 713 93 37 ces
587 694 257 76 images;
895 707 55 42 et
999 693 551 77 l'impressionniste
1597 693 80 57 les
1725 696 301 77 multiplie
2076 694 30 59 à
2153 694 227 61 l'infini.
2417 699 85 58 La

49 784 251 77 musique
333 802 148 36 nous
515 781 244 56 interdit
793 781 70 56 de
897 779 285 79 procéder
1216 781 162 57 ainsi.
1418 781 85 56 Le
1552 783 404 76 compositeur
2003 803 57 36 se
2109 786 127 54 voit
2286 784 218 59 refuser

46 878 43 56 le
131 890 211 58 moyen
392 870 69 55 de
511 889 147 36 nous
707 868 123 57 dire
878 870 46 54 si
975 889 146 35 nous
1169 889 256 35 sommes
1474 868 139 57 dans
1665 871 52 54 la
1768 870 177 58 Forêt
1993 872 208 69 Noire,
2239 892 77 37 ou
2366 873 139 59 dans

47 965 45 57 la
121 957 170 59 Forêt
331 957 196 56 Verte.
566 956 85 56 Le
685 955 392 57 malheureux
1128 955 90 57 n'a
1251 975 99 58 pas
1400 955 197 58 même
1630 957 53 55 la
1733 977 293 37 ressource
2062 958 68 58 de
2171 980 147 37 nous
2350 960 124 57 indi-

51 1066 126 63 quer
207 1045 46 57 si
286 1065 66 36 ce
384 1057 132 44 sont
550 1044 97 57 des
681 1041 291 58 conifères
1005 1065 77 34 ou
1117 1044 96 55 des
1245 1041 281 60 folliacés.
1565 1044 51 57 Il
1650 1042 123 59 faut
1811 1045 143 79 qu'il
1989 1047 117 55 s'en
2144 1047 198 57 tienne
2377 1047 29 57 à
2454 1050 52 56 la

51 1135 132 61 forêt
218 1146 130 44 tout
384 1134 293 56 uniment.

374 1221 70 56 U
451 1219 126 58 Idée
835 1219 247 79 fluviale
717 1240 30 36 a
781 1216 92 59 été
906 1218 221 57 rendue
1166 1239 104 59 par
1306 1219 267 77 Wagner
1607 1220 138 57 dans
1784 1221 53 55 le
1879 1219 250 59 Prélude
2163 1221 79 57 du
2279 1223 192 58 Rhein-

53 1309 120 83 gold
224 1328 138 38 avec
420 1329 114 36 une
583 1306 339 59 irrésistible
973 1308 324 77 puissance.
1353 1308 164 57 Mais
1568 1308 137 57 c'est
1757 1329 71 36 en
1879 1310 134 56 vain
2067 1332 117 57 que
2236 1311 271 81 Debussy

53 1397 246 62 s'efforce
333 1395 70 57 de
436 1395 246 79 peindre
717 1394 96 58 des
1777 1394 203 79 Reflets
2250 1416 96 35 sur
2506 1395 14 56 V
1514 1417 76 35 ou
1625 1395 98 59 des

56 1488 162 69 jouez
249 1503 93 37 ces
376 1482 196 80 pièces
605 1484 215 56 devant
855 1503 79 36 un
967 1482 204 78 public
1206 1483 303 69 innocent,
1545 1497 54 43 et
1646 1483 325 57 demandez
2005 1487 226 54 ensuite
2265 1507 66 36 ce
2365 1487 146 78 qu'il

55 1597 24 36 a
106 1572 253 60 entendu
385 1572 9 57 !

211 1661 84 56 La
329 1659 276 79 musique
653 1659 95 56 n'a
781 1658 154 57 donc
971 1679 99 57 pas
1117 1659 79 56 les
1229 1672 196 43 vertus
1465 1656 350 81 spécifiques
1848 1659 70 58 de
1951 1662 54 55 la
2038 1662 292 76 peinture,
2365 1676 56 43 et
2471 1663 39 56 il

59 1750 80 78 n'y
169 1769 30 35 a
230 1767 99 59 pas
381 1746 592 79 d'impressionnistes
1008 1766 68 36 en
1123 1765 102 37 son
1260 1745 295 58 domaine.
1594 1747 85 56 Ce
1729 1748 102 77 qui
1881 1747 356 79 n'empêche
2283 1769 101 58 pas
2432 1770 79 36 un

60 1837 382 78 compositeur
474 1833 318 59 d'orienter
825 1854 127 37 vers
997 1835 54 56 la
1085 1835 273 76 musique
1394 1835 96 56 des
1523 1835 377 78 impressions
1949 1856 114 57 que
2096 1856 104 37 son
2233 1837 102 56 œil
2366 1839 84 54 lui
2482 1859 32 35 a

59 1925 326 57 transmises.
441 1924 84 56 Le
576 1922 139 58 vieil
770 1921 225 79 Haydn
1049 1943 37 57 y
1137 1943 29 35 a
1213 1922 422 78 parfaitement
1683 1921 200 72 réussi,
1932 1944 141 37 avec
2123 1924 97 57 des
2267 1944 247 60 moyens

60 2010 280 81 primitifs.
378 2010 326 57 L'homme
752 2010 71 56 de
855 2010 149 69 l'art,
1039 2010 71 56 de
1157 2009 320 78 n'importe
1512 2010 137 77 quel
1698 2024 107 55 art,
1839 2013 111 54 tire
1991 2013 152 76 parti
2178 2011 69 57 de
2284 2025 129 43 tout
2448 2033 66 37 ce

60 2100 85 79 qui
177 2113 250 43 traverse
459 2119 104 37 son
609 2098 263 57 intellect
906 2118 77 36 ou
1028 2117 57 37 sa
1119 2095 341 60 sensibilité.
1499 2099 161 55 Mais
1693 2099 52 55 le
1778 2099 125 56 moi
1938 2098 79 57 du
2051 2100 232 78 peintre
2316 2114 81 42 est
2434 2120 77 36 un

60 2200 113 44 tout
205 2202 165 42 autre
404 2184 485 60 transformateur
924 2206 114 57 que
1072 2185 154 56 celui
1260 2184 79 57 du
1376 2185 311 69 musicien,
1721 2207 78 34 ou
1833 2187 78 54 du
1945 2185 192 79 poète.

215 2274 231 57 N'allez
493 2294 102 59 pas
629 2294 94 36 me
771 2272 145 58 faire
950 2272 124 57 dire
1123 2293 116 57 que
1262 2272 61 77 je
1356 2287 262 42 conteste
1653 2272 29 57 à
1717 2272 268 80 Debussy
2020 2274 53 56 la
2120 2274 202 57 valeur
2355 2274 70 57 de
2459 2296 57 37 sa

61 2361 370 80 personnalité
467 2363 308 76 artistique
808 2361 10 57 !
867 2361 278 76 J'avance
1178 2361 326 57 seulement
1554 2374 155 44 cette
1740 2358 131 58 idée
1919 2382 115 57 que
2072 2362 80 56 les
2201 2362 315 57 tendances

61 2448 58 59 de
148 2470 96 37 son
279 2465 87 42 art
400 2463 130 45 sont
566 2448 407 70 insuffisantes,
1009 2462 57 42 et
1100 2448 244 78 qu'elles
1391 2447 360 58 aboutissent
1786 2447 29 57 à
1848 2468 116 37 une
2013 2449 135 56 telle
2182 2448 332 73 confusion,

60 2557 59 36 en
150 2538 294 78 musique,
472 2537 184 79 qu'on
690 2557 74 36 ne
795 2537 216 56 saurait
1046 2537 205 55 classer
1283 2537 125 55 leur
1442 2550 209 42 auteur
1683 2537 192 76 parmi
1911 2537 78 56 les
2024 2538 224 56 artistes
2283 2538 100 78 qui
2415 2551 103 42 ont

63 2623 298 59 découvert
395 2626 98 56 des
526 2626 162 55 voies
721 2625 318 56 nouvelles.
1077 2625 258 56 Comme
1368 2622 254 57 d'autres
1657 2625 320 56 musiciens
2020 2623 71 58 de
2123 2639 170 42 notre
2327 2639 192 64 temps

64 2711 251 81 Debussy
364 2734 30 35 a
442 2711 571 58 considérablement
1060 2731 175 37 accru
1283 2711 52 56 le
1383 2712 258 78 pouvoir
1683 2710 291 80 expressif
2015 2711 70 57 de
2123 2712 54 57 la
2224 2714 294 77 musique.

64 2797 274 60 Personne
387 2822 72 35 ne
493 2813 142 64 peut
668 2800 54 56 le
756 2800 141 56 nier.
939 2800 182 67 Mais,
1154 2797 54 56 la
1241 2799 256 77 critique
1532 2799 103 77 qui
1687 2799 274 56 voudrait
2010 2799 53 57 le
2096 2800 196 77 placer
2323 2797 31 59 à
2388 2797 131 59 côté

63 2885 81 58 des
187 2890 126 76 plus
347 2888 214 80 grands
594 2886 259 70 maîtres,
881 2908 172 57 parce
1102 2886 632 79 qu'impressionniste,
1763 2908 70 35 ne
1878 2889 171 54 serait
2093 2889 427 56 certainement

64 2993 82 57 pas
177 2978 151 74 prise
361 2997 73 35 au
469 2974 248 58 sérieux.

221 3237 247 71 Parfois,
494 3237 141 57 dans
661 3237 339 57 l'orchestre
1027 3237 325 70 d'Elektra,
1380 3259 76 35 on
1486 3238 247 78 perçoit,
1757 3237 29 57 à
1813 3237 132 59 côté
1974 3238 140 58 d'un
2142 3240 83 57 cri
2252 3240 266 69 strident,

66 3321 80 60 des
171 3323 184 60 bruits
380 3326 365 69 accessoires,
774 3326 104 77 qui
906 3346 70 35 ne
1002 3323 261 59 relèvent
1289 3340 399 42 aucunement
1716 3325 70 57 de
1819 3325 163 58 l'état
2008 3326 191 57 d'âme
2225 3329 291 76 tragique.

68 3410 94 59 Ces
193 3412 268 80 étranges
496 3414 396 77 cacophonies
939 3428 131 41 sont
1118 3414 197 77 plutôt
1359 3412 31 57 à
1423 3414 126 55 leur
1580 3415 165 77 place
1780 3414 139 57 dans
1950 3415 53 57 la
2038 3414 269 58 comédie
2337 3439 14 46 ;
2388 3415 140 57 elles,

68 3503 376 55 conviennent
478 3499 418 81 parfaitement
930 3499 31 58 à
992 3500 223 79 l'esprit
1249 3500 70 57 de
1352 3501 53 56 la
1442 3500 262 79 parodie.

2490 3679 31 53 3
