2862 4051
1320 136 61 68 S.
1450 136 55 68 I.
1574 134 108 70 M.

233 159 97 68 3°

589 284 60 59 Si
684 303 150 38 vous
861 283 260 58 m'aviez
1155 284 324 80 comprise,
1516 303 67 38 ce
1619 282 151 58 n'est
1803 302 104 60 pas
1941 281 31 58 à
2009 283 127 57 moi
2173 305 119 58 que
2326 305 149 36 vous
2509 283 225 61 adresse-

222 376 122 56 riez
372 388 157 44 cette
557 374 300 80 question.
890 373 175 59 Allez
1099 373 159 60 donc
1285 374 53 58 la
1373 395 175 59 poser
1582 394 117 36 aux
1727 371 306 81 collègues
2068 373 72 59 de
2170 374 99 59 M.

404 465 161 57 Pour
616 485 80 37 un
730 465 329 58 Allemand
1110 486 118 36 une
1263 465 245 80 pareille
1558 465 422 57 conversation
2028 465 152 57 tient
2232 463 79 59 du
2347 465 275 81 prodige.
2663 467 100 59 On

219 575 74 37 ne
326 555 339 80 s'explique
717 575 104 60 pas
857 569 314 44 comment
1221 556 110 57 elle
1366 569 146 66 peut
1547 575 59 37 se
1656 555 359 80 poursuivre
2065 575 144 38 avec
2246 575 68 37 ce
2364 557 218 70 calme,
2617 570 57 44 et
2710 559 53 58 la

218 646 225 56 sereine
471 665 311 37 assurance
810 667 118 58 que
956 644 239 81 chaque
1228 645 442 58 interlocuteur
1704 642 375 60 n'attachera
2113 665 239 37 aucune
2380 646 382 80 importance

218 755 118 37 aux
369 736 233 79 paroles
636 734 72 58 de
743 755 105 39 son
881 735 196 59 voisin
1112 735 10 59 !
1168 736 224 78 J'avais
1427 749 198 45 toutes
1658 735 83 57 les
1775 735 206 80 peines
2015 734 81 58 du
2132 734 225 60 monde
2396 734 31 60 à
2463 736 258 82 m'empê-

217 823 146 59 cher
411 825 73 57 de
519 825 198 80 placer
765 847 145 35 mon
946 827 155 78 petit
1153 839 147 45 mot.
1342 827 99 57 Ne
1491 825 317 57 venait-on
1844 846 103 59 pas
1997 824 71 58 de
2104 839 222 45 mettre
2361 827 53 57 le
2456 827 173 80 doigt
2663 848 99 38 sur

216 914 285 59 l'endroit
534 914 253 59 sensible
823 914 71 59 de
929 929 172 44 notre
1134 917 98 56 vie
1265 915 289 59 musicale
1586 917 18 56 ?

581 1003 249 80 Difficile
1140 1017 98 59 est,
1407 1003 161 60 rébus
1795 1004 55 59 in
1967 1004 212 73 arduis,
2463 1027 232 36 servare

585 1095 321 63 Qu'est-ce
942 1095 151 80 qu'il
1127 1095 89 57 dit
1248 1095 18 57 ?
1375 1093 297 59 demande
1707 1096 54 57 la
1795 1093 196 60 dame.

567 1185 140 57 Une
731 1183 206 72 bêtise,
952 1186 61 77 je
1037 1185 172 58 crois.
1298 1186 80 57 Et
1400 1186 53 56 le
1479 1186 327 58 Monsieur
1834 1185 222 58 allume
2085 1206 117 37 une
2236 1200 170 46 autre
2441 1189 312 79 cigarette.

396 1542 113 58 Sur
560 1543 53 57 le
650 1542 326 58 boulevard
1027 1543 99 58 des
1163 1543 245 60 Italiens
1456 1543 356 60 flamboient
1860 1544 81 59 les
1990 1544 327 81 publicités
2366 1548 387 62 lumineuses.

217 1633 189 57 Entre
439 1632 319 58 l'annonce
793 1630 181 60 d'une
1008 1653 253 60 marque
1295 1633 71 58 de
1403 1634 319 79 cigarettes
1755 1648 57 45 et
1849 1636 148 57 celle
2033 1636 142 58 d'un
2211 1657 183 38 savon
2428 1639 220 59 luisent
2683 1662 73 37 en

214 1722 201 57 lettres
438 1721 71 58 de
532 1719 100 60 feu
656 1742 96 37 ces
774 1736 159 43 mots
955 1723 317 80 magiques
1305 1745 10 37 :
2660 1724 102 58 Thé
1808 1723 272 61 Chate/et.

214 1810 291 61 Sébastien.
626 1811 51 58 Il
711 1811 171 81 s'agit
918 1811 142 60 d'un
1110 1812 263 84 mystère
1407 1812 73 60 de
1515 1813 418 73 d'Annunzio,
1971 1836 71 37 en
2079 1817 143 80 cinq
2256 1832 180 58 actes,
2472 1821 284 80 musique

214 1900 73 58 de
320 1898 174 60 scène
529 1900 71 58 de
637 1900 296 81 Debussy.

393 1989 245 82 Malgré
691 1992 54 56 la
793 1991 259 59 réclame
1105 2008 288 57 monstre,
1431 1994 184 80 qu'on
1668 1995 93 57 n'a
1795 2017 102 59 pas
1947 1994 144 61 faite
2141 1999 334 58 seulement
2524 2022 101 36 sur
2672 2003 82 58 les

210 2079 375 73 boulevards,
613 2081 80 57 les
727 2080 106 58 dix
866 2080 504 81 représentations
1404 2083 417 59 consécutives
1855 2085 73 57 de
1963 2100 158 45 cette
2157 2108 209 38 œuvre
2400 2088 204 61 furent
2632 2113 120 59 peu

208 2170 236 59 suivies.
504 2170 122 59 Des
679 2192 201 37 causes
931 2170 365 61 extérieures
1350 2188 210 44 eurent
1611 2177 438 58 certainement
2100 2179 130 56 leur
2278 2178 320 63 influence.
2654 2182 98 58 De

213 2278 77 40 20
327 2257 31 59 à
405 2277 114 60 150
552 2257 217 73 francs,
806 2282 156 58 pour
998 2283 117 36 une
1149 2263 231 79 place...
1422 2263 219 58 Même
1686 2263 31 58 à
1770 2265 185 72 Paris,
2006 2267 47 57 si
2103 2267 192 72 riche,
2347 2290 76 36 on
2475 2269 275 63 réfléchit

207 2347 30 58 à
273 2348 158 58 deux
464 2347 135 72 fois,
636 2365 57 43 et
746 2371 77 35 on
859 2351 207 57 attend
1101 2373 155 59 pour
1306 2353 135 57 voir
1474 2354 46 58 si
1557 2354 124 59 cela
1733 2371 144 43 vaut
1912 2357 54 57 la
2016 2358 200 79 peine.
2256 2359 58 58 A
2348 2361 55 56 la
2448 2361 301 80 première

205 2459 78 36 on
317 2439 173 58 sortit
527 2460 71 37 en
633 2438 279 60 haussant
946 2441 81 57 les
1061 2439 258 83 épaules.

384 2530 312 78 Quelques
718 2530 171 78 jours
917 2546 175 43 avant
1120 2546 157 45 cette
1312 2532 301 81 première
1637 2535 62 78 je
1727 2537 87 57 vis
1849 2537 400 60 d'Annunzio
2277 2561 71 37 en
2380 2545 367 77 compagnie

203 2617 72 59 de
310 2619 54 57 la
397 2617 285 60 danseuse
724 2620 172 79 juive
947 2620 108 58 Ida
1092 2621 391 74 Rubinstein,
1520 2625 141 58 dans
1708 2648 117 35 une
1875 2627 138 79 loge
2063 2627 80 60 du
2197 2629 301 62 Châtelet.
2543 2631 205 82 (Cette

203 2728 159 38 russe
414 2729 119 37 aux
584 2709 212 59 allures
845 2709 313 82 dégagées,
1195 2711 146 60 était
1395 2711 282 84 désignée
1724 2738 155 58 pour
1920 2718 180 78 jouer
2150 2720 54 57 le
2254 2742 375 61 personnage
2664 2724 83 58 du

202 2798 185 58 Saint.
438 2799 100 58 On
590 2800 334 79 comprend
975 2823 117 57 que
1140 2804 55 56 le
1244 2801 197 82 clergé
1493 2804 73 58 de
1618 2805 163 60 Paris
1831 2809 81 56 ait
1963 2829 75 37 eu
2089 2831 81 36 un
2221 2827 401 44 mouvement
2672 2814 73 59 de

198 2887 447 81 protestation.)
689 2889 87 57 Le
815 2887 175 81 poète
1026 2893 264 57 recevait
1326 2893 143 60 dans
1502 2914 58 39 sa
1609 2895 139 82 loge
1784 2917 118 38 une
1950 2918 191 40 masse
2178 2899 71 59 de
2284 2900 221 60 lettres.
2550 2903 60 71 Je
2644 2925 100 36 me

198 2978 226 79 permis
459 2977 72 58 de
564 2977 147 59 faire
748 3001 349 60 remarquer
1131 2983 149 80 qu'il
1314 2982 208 59 n'était
1573 3007 102 59 pas
1709 2986 381 61 absolument
2133 2987 330 63 nécessaire
2498 2992 211 82 d'expé-

197 3066 128 58 dier
351 3088 103 37 son
491 3069 269 58 courrier
791 3069 267 80 pendant
1093 3069 370 63 l'exécution
1502 3074 179 60 d'une
1715 3077 366 81 symphonie
2123 3080 72 58 de
2232 3081 372 62 Beethoven.
2639 3083 101 60 On

195 3157 209 58 sourit.
459 3157 51 58 Il
553 3157 195 81 paraît
801 3181 118 59 que
965 3161 399 61 d'Annunzio
1414 3166 159 58 avait
1619 3186 86 38 ses
1757 3168 224 59 raisons
2028 3190 159 60 pour
2239 3193 73 36 ne
2361 3193 104 59 pas
2510 3174 233 59 donner

195 3245 230 61 d'autre
458 3247 231 59 adresse
725 3247 30 60 à
790 3269 86 38 ses
912 3252 264 79 copains.

373 3334 184 61 Enfin
609 3339 55 57 le
698 3339 187 78 grand
929 3340 145 79 jour
1122 3346 211 56 arriva.
1376 3344 163 58 Pour
1588 3367 80 36 un
1718 3345 190 75 franc,
1934 3348 62 80 je
2032 3370 191 60 reçus,
2273 3351 100 59 des
2424 3354 194 58 mains
2667 3354 73 60 de

191 3425 361 74 l'ouvreuse,
589 3449 81 37 un
715 3429 113 79 joli
862 3450 414 61 programme,
1312 3433 143 59 doré
1506 3455 99 39 sur
1639 3457 57 38 sa
1732 3453 381 46 couverture.
2149 3442 209 58 Avant
2392 3442 75 58 de
2514 3444 111 58 lire
2659 3445 81 60 les

190 3537 174 39 noms
398 3516 100 60 des
531 3519 254 72 artistes,
810 3520 63 80 je
908 3520 109 60 dus
1049 3525 316 78 parcourir
1399 3525 144 81 cinq
1582 3547 208 59 pages:
1831 3529 423 74 d'Annunzio,
2284 3532 143 59 robe
2456 3535 281 59 nouvelle
