<?xml version="1.0" encoding="UTF-8"?>
<alto xmlns:xsi="http://www.w3.org/2001/XMLSchema-instance" xmlns="http://www.loc.gov/standards/alto/ns-v2#" xsi:schemaLocation="http://www.loc.gov/standards/alto/ns-v2# http://www.loc.gov/standards/alto/alto-v2.0.xsd" xmlns:xlink="http://www.w3.org/1999/xlink">
	<Description>
		<MeasurementUnit>mm10</MeasurementUnit>
		<sourceImageInformation>
			<fileName>//fileserver7/IN2/Princeton/Batch3/bmtnabh/1912/04/15_01/00000287.tif</fileName>
		</sourceImageInformation>
		<OCRProcessing ID="OCRPROCESSING_1">
			<preProcessingStep>
				<processingSoftware>
					<softwareCreator>CCS Content Conversion Specialists GmbH, Germany</softwareCreator>
					<softwareName>CCS docWORKS</softwareName>
					<softwareVersion>6.6-1.18</softwareVersion>
				</processingSoftware>
			</preProcessingStep>
			<ocrProcessingStep>
				<processingSoftware>
					<softwareCreator>ABBYY (BIT Software), Russia</softwareCreator>
					<softwareName>FineReader</softwareName>
					<softwareVersion>10.0</softwareVersion>
				</processingSoftware>
			</ocrProcessingStep>
		</OCRProcessing>
	</Description>
	<Styles>
		<TextStyle ID="TXT_0" FONTSIZE="28" FONTFAMILY="Times New Roman"/>
		<TextStyle ID="TXT_1" FONTSIZE="27" FONTFAMILY="Times New Roman"/>
		<TextStyle ID="TXT_2" FONTSIZE="18" FONTFAMILY="Times New Roman"/>
		<TextStyle ID="TXT_3" FONTSIZE="20" FONTFAMILY="Times New Roman"/>
		<TextStyle ID="TXT_4" FONTSIZE="20" FONTFAMILY="Times New Roman" FONTSTYLE="italics"/>
		<ParagraphStyle ID="PAR_CENTER" ALIGN="Center"/>
		<ParagraphStyle ID="PAR_RIGHT" ALIGN="Right"/>
		<ParagraphStyle ID="PAR_LEFT" ALIGN="Left"/>
	</Styles>
	<Layout>
		<Page ID="P42" PHYSICAL_IMG_NR="42" HEIGHT="4051" WIDTH="2862" PC="0.873">
			<TopMargin ID="P42_TM00001" HPOS="0" VPOS="0" WIDTH="2862" HEIGHT="153"/>
			<LeftMargin ID="P42_LM00001" HPOS="0" VPOS="153" WIDTH="72" HEIGHT="3386"/>
			<RightMargin ID="P42_RM00001" HPOS="2594" VPOS="153" WIDTH="268" HEIGHT="3386"/>
			<BottomMargin ID="P42_BM00001" HPOS="0" VPOS="3539" WIDTH="2862" HEIGHT="512"/>
			<PrintSpace ID="P42_PS00001" HPOS="72" VPOS="153" WIDTH="2522" HEIGHT="3386">
				<TextBlock ID="P42_TB00001" HPOS="594" VPOS="154" WIDTH="1506" HEIGHT="83" STYLEREFS="TXT_0 PAR_CENTER">
					<TextLine ID="P42_TL00001" HPOS="594" VPOS="154" WIDTH="1506" HEIGHT="83">
						<String ID="P42_ST00001" HPOS="594" VPOS="154" WIDTH="147" HEIGHT="69" CONTENT="UN" WC="1.00" CC="00"/>
						<SP ID="P42_SP00001" HPOS="741" VPOS="223" WIDTH="59"/>
						<String ID="P42_ST00002" HPOS="800" VPOS="157" WIDTH="604" HEIGHT="80" CONTENT="QUINTETTE" WC="1.00" CC="000002000"/>
						<SP ID="P42_SP00002" HPOS="1404" VPOS="237" WIDTH="64"/>
						<String ID="P42_ST00003" HPOS="1468" VPOS="162" WIDTH="132" HEIGHT="68" CONTENT="DE" WC="0.90" CC="10"/>
						<SP ID="P42_SP00003" HPOS="1600" VPOS="237" WIDTH="68"/>
						<String ID="P42_ST00004" HPOS="1668" VPOS="164" WIDTH="432" HEIGHT="71" CONTENT="FANELLI" WC="0.90" CC="0050100"/>
						<SP ID="P42_SP00004" HPOS="2100" VPOS="237" WIDTH="0"/>
					</TextLine>
				</TextBlock>
				<TextBlock ID="P42_TB00002" HPOS="2494" VPOS="193" WIDTH="98" HEIGHT="72" STYLEREFS="TXT_1 PAR_RIGHT">
					<TextLine ID="P42_TL00002" HPOS="2495" VPOS="195" WIDTH="97" HEIGHT="69">
						<String ID="P42_ST00005" HPOS="2495" VPOS="195" WIDTH="97" HEIGHT="69" CONTENT="39" WC="0.57" CC="43"/>
					</TextLine>
				</TextBlock>
				<TextBlock ID="P42_TB00003" HPOS="91" VPOS="293" WIDTH="2503" HEIGHT="853" STYLEREFS="TXT_2 PAR_LEFT">
					<TextLine ID="P42_TL00003" HPOS="92" VPOS="296" WIDTH="2502" HEIGHT="101">
						<String ID="P42_ST00006" HPOS="92" VPOS="315" WIDTH="195" HEIGHT="38" CONTENT="Meme" WC="0.25" CC="8686" STYLEREFS="TXT_3"/>
						<SP ID="P42_SP00005" HPOS="287" VPOS="353" WIDTH="35"/>
						<String ID="P42_ST00007" HPOS="322" VPOS="296" WIDTH="159" HEIGHT="58" CONTENT="allait" WC="0.97" CC="687650" STYLEREFS="TXT_3"/>
						<SP ID="P42_SP00006" HPOS="481" VPOS="354" WIDTH="51"/>
						<String ID="P42_ST00008" HPOS="532" VPOS="300" WIDTH="339" HEIGHT="80" CONTENT="triompher" WC="0.98" CC="373086767" STYLEREFS="TXT_3"/>
						<SP ID="P42_SP00007" HPOS="871" VPOS="380" WIDTH="33"/>
						<String ID="P42_ST00009" HPOS="904" VPOS="305" WIDTH="53" HEIGHT="56" CONTENT="le" WC="0.41" CC="47" STYLEREFS="TXT_3"/>
						<SP ID="P42_SP00008" HPOS="957" VPOS="380" WIDTH="35"/>
						<String ID="P42_ST00010" HPOS="992" VPOS="306" WIDTH="188" HEIGHT="76" CONTENT="grand" WC="0.95" CC="76982" STYLEREFS="TXT_3"/>
						<SP ID="P42_SP00009" HPOS="1180" VPOS="382" WIDTH="48"/>
						<String ID="P42_ST00011" HPOS="1228" VPOS="322" WIDTH="395" HEIGHT="45" CONTENT="mouvement" WC="0.98" CC="852078574" STYLEREFS="TXT_3"/>
						<SP ID="P42_SP00010" HPOS="1623" VPOS="382" WIDTH="35"/>
						<String ID="P42_ST00012" HPOS="1658" VPOS="312" WIDTH="106" HEIGHT="78" CONTENT="qui" WC="0.92" CC="867" STYLEREFS="TXT_3"/>
						<SP ID="P42_SP00011" HPOS="1764" VPOS="390" WIDTH="45"/>
						<String ID="P42_ST00013" HPOS="1809" VPOS="312" WIDTH="267" HEIGHT="59" CONTENT="entraîne" WC="0.98" CC="37405576" STYLEREFS="TXT_3"/>
						<SP ID="P42_SP00012" HPOS="2076" VPOS="390" WIDTH="36"/>
						<String ID="P42_ST00014" HPOS="2112" VPOS="330" WIDTH="170" HEIGHT="43" CONTENT="notre" WC="0.96" CC="72276" STYLEREFS="TXT_3"/>
						<SP ID="P42_SP00013" HPOS="2282" VPOS="390" WIDTH="33"/>
						<String ID="P42_ST00015" HPOS="2315" VPOS="319" WIDTH="279" HEIGHT="78" CONTENT="musique" WC="0.99" CC="0001707" STYLEREFS="TXT_3"/>
					</TextLine>
					<TextLine ID="P42_TL00004" HPOS="91" VPOS="382" WIDTH="2503" HEIGHT="95">
						<String ID="P42_ST00016" HPOS="91" VPOS="382" WIDTH="281" HEIGHT="80" CONTENT="française" WC="0.99" CC="749031700" STYLEREFS="TXT_3"/>
						<SP ID="P42_SP00014" HPOS="372" VPOS="462" WIDTH="34"/>
						<String ID="P42_ST00017" HPOS="406" VPOS="408" WIDTH="128" HEIGHT="36" CONTENT="vers" WC="1.00" CC="0002" STYLEREFS="TXT_3"/>
						<SP ID="P42_SP00015" HPOS="534" VPOS="462" WIDTH="50"/>
						<String ID="P42_ST00018" HPOS="584" VPOS="387" WIDTH="99" HEIGHT="60" CONTENT="des" WC="0.98" CC="500" STYLEREFS="TXT_3"/>
						<SP ID="P42_SP00016" HPOS="683" VPOS="462" WIDTH="44"/>
						<String ID="P42_ST00019" HPOS="727" VPOS="390" WIDTH="220" HEIGHT="59" CONTENT="destins" WC="0.99" CC="0000460" STYLEREFS="TXT_3"/>
						<SP ID="P42_SP00017" HPOS="947" VPOS="462" WIDTH="50"/>
						<String ID="P42_ST00020" HPOS="997" VPOS="395" WIDTH="312" HEIGHT="58" CONTENT="inconnus." WC="0.99" CC="466020904" STYLEREFS="TXT_3"/>
						<SP ID="P42_SP00018" HPOS="1309" VPOS="462" WIDTH="43"/>
						<String ID="P42_ST00021" HPOS="1352" VPOS="396" WIDTH="248" HEIGHT="71" CONTENT="Fanelli," WC="0.69" CC="05604330" STYLEREFS="TXT_3"/>
						<SP ID="P42_SP00019" HPOS="1600" VPOS="467" WIDTH="37"/>
						<String ID="P42_ST00022" HPOS="1637" VPOS="399" WIDTH="278" HEIGHT="72" CONTENT="hésitant," WC="0.99" CC="560029350" STYLEREFS="TXT_3"/>
						<SP ID="P42_SP00020" HPOS="1915" VPOS="471" WIDTH="37"/>
						<String ID="P42_ST00023" HPOS="1952" VPOS="401" WIDTH="225" HEIGHT="74" CONTENT="abattu," WC="0.99" CC="5004204" STYLEREFS="TXT_3"/>
						<SP ID="P42_SP00021" HPOS="2177" VPOS="475" WIDTH="35"/>
						<String ID="P42_ST00024" HPOS="2212" VPOS="404" WIDTH="163" HEIGHT="73" CONTENT="isolé," WC="0.98" CC="700071" STYLEREFS="TXT_3"/>
						<SP ID="P42_SP00022" HPOS="2375" VPOS="477" WIDTH="36"/>
						<String ID="P42_ST00025" HPOS="2411" VPOS="406" WIDTH="183" HEIGHT="60" CONTENT="douta" WC="1.00" CC="00020" STYLEREFS="TXT_3"/>
					</TextLine>
					<TextLine ID="P42_TL00005" HPOS="92" VPOS="474" WIDTH="1176" HEIGHT="88">
						<String ID="P42_ST00026" HPOS="92" VPOS="474" WIDTH="65" HEIGHT="57" CONTENT="de" WC="0.85" CC="10" STYLEREFS="TXT_3"/>
						<SP ID="P42_SP00023" HPOS="157" VPOS="531" WIDTH="33"/>
						<String ID="P42_ST00027" HPOS="190" VPOS="474" WIDTH="338" HEIGHT="61" CONTENT="lui-même." WC="0.99" CC="707000054" STYLEREFS="TXT_3"/>
						<SP ID="P42_SP00024" HPOS="528" VPOS="535" WIDTH="41"/>
						<String ID="P42_ST00028" HPOS="569" VPOS="477" WIDTH="49" HEIGHT="58" CONTENT="Il" WC="0.52" CC="71" STYLEREFS="TXT_3"/>
						<SP ID="P42_SP00025" HPOS="618" VPOS="535" WIDTH="35"/>
						<String ID="P42_ST00029" HPOS="653" VPOS="494" WIDTH="132" HEIGHT="43" CONTENT="crut" WC="0.97" CC="5114" STYLEREFS="TXT_3"/>
						<SP ID="P42_SP00026" HPOS="785" VPOS="537" WIDTH="35"/>
						<String ID="P42_ST00030" HPOS="820" VPOS="479" WIDTH="29" HEIGHT="58" CONTENT="à" WC="0.37" CC="6" STYLEREFS="TXT_3"/>
						<SP ID="P42_SP00027" HPOS="849" VPOS="537" WIDTH="36"/>
						<String ID="P42_ST00031" HPOS="885" VPOS="481" WIDTH="339" HEIGHT="81" CONTENT="l'apologue" WC="0.99" CC="0047010740" STYLEREFS="TXT_3"/>
						<SP ID="P42_SP00028" HPOS="1224" VPOS="562" WIDTH="33"/>
						<String ID="P42_ST00032" HPOS="1257" VPOS="507" WIDTH="11" HEIGHT="35" CONTENT=":" WC="0.85" CC="1" STYLEREFS="TXT_3"/>
					</TextLine>
					<TextLine ID="P42_TL00006" HPOS="847" VPOS="692" WIDTH="886" HEIGHT="76">
						<String ID="P42_ST00033" HPOS="847" VPOS="693" WIDTH="85" HEIGHT="52" CONTENT="Ne" WC="0.95" CC="00"/>
						<SP ID="P42_SP00029" HPOS="932" VPOS="745" WIDTH="32"/>
						<String ID="P42_ST00034" HPOS="964" VPOS="692" WIDTH="213" HEIGHT="69" CONTENT="forçons" WC="0.99" CC="7000060"/>
						<SP ID="P42_SP00030" HPOS="1177" VPOS="761" WIDTH="29"/>
						<String ID="P42_ST00035" HPOS="1206" VPOS="698" WIDTH="150" HEIGHT="70" CONTENT="point" WC="0.97" CC="20745"/>
						<SP ID="P42_SP00031" HPOS="1356" VPOS="768" WIDTH="32"/>
						<String ID="P42_ST00036" HPOS="1388" VPOS="712" WIDTH="151" HEIGHT="41" CONTENT="notre" WC="0.99" CC="03051"/>
						<SP ID="P42_SP00032" HPOS="1539" VPOS="768" WIDTH="29"/>
						<String ID="P42_ST00037" HPOS="1568" VPOS="700" WIDTH="165" HEIGHT="54" CONTENT="talent" WC="0.98" CC="005093"/>
					</TextLine>
					<TextLine ID="P42_TL00007" HPOS="846" VPOS="771" WIDTH="962" HEIGHT="80">
						<String ID="P42_ST00038" HPOS="846" VPOS="771" WIDTH="158" HEIGHT="52" CONTENT="Nous" WC="1.00" CC="0000"/>
						<SP ID="P42_SP00033" HPOS="1004" VPOS="823" WIDTH="32"/>
						<String ID="P42_ST00039" HPOS="1036" VPOS="791" WIDTH="65" HEIGHT="33" CONTENT="ne" WC="1.00" CC="00"/>
						<SP ID="P42_SP00034" HPOS="1101" VPOS="824" WIDTH="29"/>
						<String ID="P42_ST00040" HPOS="1130" VPOS="776" WIDTH="199" HEIGHT="51" CONTENT="ferions" WC="0.98" CC="7007090"/>
						<SP ID="P42_SP00035" HPOS="1329" VPOS="827" WIDTH="31"/>
						<String ID="P42_ST00041" HPOS="1360" VPOS="777" WIDTH="112" HEIGHT="51" CONTENT="rien" WC="0.97" CC="4504"/>
						<SP ID="P42_SP00036" HPOS="1472" VPOS="828" WIDTH="30"/>
						<String ID="P42_ST00042" HPOS="1502" VPOS="796" WIDTH="126" HEIGHT="34" CONTENT="avec" WC="1.00" CC="0000"/>
						<SP ID="P42_SP00037" HPOS="1628" VPOS="830" WIDTH="28"/>
						<String ID="P42_ST00043" HPOS="1656" VPOS="781" WIDTH="152" HEIGHT="70" CONTENT="grâce" WC="0.98" CC="36220"/>
					</TextLine>
					<TextLine ID="P42_TL00008" HPOS="691" VPOS="844" WIDTH="1258" HEIGHT="83">
						<String ID="P42_ST00044" HPOS="691" VPOS="844" WIDTH="116" HEIGHT="54" CONTENT="Peu" WC="0.96" CC="605"/>
						<SP ID="P42_SP00038" HPOS="807" VPOS="898" WIDTH="33"/>
						<String ID="P42_ST00045" HPOS="840" VPOS="847" WIDTH="65" HEIGHT="52" CONTENT="de" WC="1.00" CC="00"/>
						<SP ID="P42_SP00039" HPOS="905" VPOS="899" WIDTH="29"/>
						<String ID="P42_ST00046" HPOS="934" VPOS="866" WIDTH="133" HEIGHT="53" CONTENT="gens" WC="0.96" CC="9035"/>
						<SP ID="P42_SP00040" HPOS="1067" VPOS="919" WIDTH="30"/>
						<String ID="P42_ST00047" HPOS="1097" VPOS="867" WIDTH="104" HEIGHT="54" CONTENT="que" WC="0.95" CC="560"/>
						<SP ID="P42_SP00041" HPOS="1201" VPOS="921" WIDTH="32"/>
						<String ID="P42_ST00048" HPOS="1233" VPOS="849" WIDTH="46" HEIGHT="53" CONTENT="le" WC="0.79" CC="40"/>
						<SP ID="P42_SP00042" HPOS="1279" VPOS="921" WIDTH="29"/>
						<String ID="P42_ST00049" HPOS="1308" VPOS="851" WIDTH="96" HEIGHT="53" CONTENT="ciel" WC="0.98" CC="0603"/>
						<SP ID="P42_SP00043" HPOS="1404" VPOS="921" WIDTH="31"/>
						<String ID="P42_ST00050" HPOS="1435" VPOS="852" WIDTH="181" HEIGHT="67" CONTENT="chérit," WC="0.98" CC="0474263"/>
						<SP ID="P42_SP00044" HPOS="1616" VPOS="921" WIDTH="32"/>
						<String ID="P42_ST00051" HPOS="1648" VPOS="866" WIDTH="51" HEIGHT="39" CONTENT="et" WC="1.00" CC="00"/>
						<SP ID="P42_SP00045" HPOS="1699" VPOS="921" WIDTH="28"/>
						<String ID="P42_ST00052" HPOS="1727" VPOS="856" WIDTH="222" HEIGHT="71" CONTENT="gratifie," WC="0.99" CC="970012203"/>
					</TextLine>
					<TextLine ID="P42_TL00009" HPOS="689" VPOS="922" WIDTH="1132" HEIGHT="75">
						<String ID="P42_ST00053" HPOS="689" VPOS="922" WIDTH="116" HEIGHT="52" CONTENT="Ont" WC="0.97" CC="060"/>
						<SP ID="P42_SP00046" HPOS="805" VPOS="974" WIDTH="19"/>
						<String ID="P42_ST00054" HPOS="824" VPOS="922" WIDTH="48" HEIGHT="52" CONTENT="le" WC="0.99" CC="00"/>
						<SP ID="P42_SP00047" HPOS="872" VPOS="974" WIDTH="21"/>
						<String ID="P42_ST00055" HPOS="893" VPOS="923" WIDTH="107" HEIGHT="53" CONTENT="don" WC="0.97" CC="007"/>
						<SP ID="P42_SP00048" HPOS="1000" VPOS="976" WIDTH="30"/>
						<String ID="P42_ST00056" HPOS="1030" VPOS="923" WIDTH="256" HEIGHT="74" CONTENT="d'agréer," WC="0.98" CC="008965054"/>
						<SP ID="P42_SP00049" HPOS="1286" VPOS="997" WIDTH="32"/>
						<String ID="P42_ST00057" HPOS="1318" VPOS="926" WIDTH="145" HEIGHT="54" CONTENT="infus" WC="0.61" CC="58060"/>
						<SP ID="P42_SP00050" HPOS="1463" VPOS="997" WIDTH="28"/>
						<String ID="P42_ST00058" HPOS="1491" VPOS="949" WIDTH="125" HEIGHT="33" CONTENT="avec" WC="0.98" CC="0900"/>
						<SP ID="P42_SP00051" HPOS="1616" VPOS="997" WIDTH="28"/>
						<String ID="P42_ST00059" HPOS="1644" VPOS="929" WIDTH="49" HEIGHT="53" CONTENT="la" WC="0.32" CC="76"/>
						<SP ID="P42_SP00052" HPOS="1693" VPOS="997" WIDTH="26"/>
						<String ID="P42_ST00060" HPOS="1719" VPOS="932" WIDTH="102" HEIGHT="52" CONTENT="vie." WC="0.98" CC="0604"/>
					</TextLine>
					<TextLine ID="P42_TL00010" HPOS="692" VPOS="997" WIDTH="1107" HEIGHT="77">
						<String ID="P42_ST00061" HPOS="692" VPOS="997" WIDTH="145" HEIGHT="54" CONTENT="C'est" WC="0.99" CC="02030"/>
						<SP ID="P42_SP00053" HPOS="837" VPOS="1051" WIDTH="31"/>
						<String ID="P42_ST00062" HPOS="868" VPOS="1020" WIDTH="73" HEIGHT="31" CONTENT="un" WC="0.85" CC="20"/>
						<SP ID="P42_SP00054" HPOS="941" VPOS="1051" WIDTH="32"/>
						<String ID="P42_ST00063" HPOS="973" VPOS="1002" WIDTH="152" HEIGHT="70" CONTENT="point" WC="0.97" CC="60670"/>
						<SP ID="P42_SP00055" HPOS="1125" VPOS="1072" WIDTH="28"/>
						<String ID="P42_ST00064" HPOS="1153" VPOS="1002" WIDTH="133" HEIGHT="72" CONTENT="qu'il" WC="0.97" CC="90045"/>
						<SP ID="P42_SP00056" HPOS="1286" VPOS="1074" WIDTH="28"/>
						<String ID="P42_ST00065" HPOS="1314" VPOS="1003" WIDTH="117" HEIGHT="52" CONTENT="leur" WC="0.99" CC="3000"/>
						<SP ID="P42_SP00057" HPOS="1431" VPOS="1074" WIDTH="29"/>
						<String ID="P42_ST00066" HPOS="1460" VPOS="1003" WIDTH="113" HEIGHT="55" CONTENT="faut" WC="0.97" CC="0660"/>
						<SP ID="P42_SP00058" HPOS="1573" VPOS="1074" WIDTH="28"/>
						<String ID="P42_ST00067" HPOS="1601" VPOS="1006" WIDTH="198" HEIGHT="68" CONTENT="laisser," WC="1.00" CC="60000004"/>
					</TextLine>
					<TextLine ID="P42_TL00011" HPOS="688" VPOS="1073" WIDTH="1208" HEIGHT="73">
						<String ID="P42_ST00068" HPOS="688" VPOS="1073" WIDTH="74" HEIGHT="53" CONTENT="Et" WC="0.69" CC="15"/>
						<SP ID="P42_SP00059" HPOS="762" VPOS="1126" WIDTH="30"/>
						<String ID="P42_ST00069" HPOS="792" VPOS="1095" WIDTH="65" HEIGHT="33" CONTENT="ne" WC="0.60" CC="70"/>
						<SP ID="P42_SP00060" HPOS="857" VPOS="1128" WIDTH="29"/>
						<String ID="P42_ST00070" HPOS="886" VPOS="1095" WIDTH="92" HEIGHT="51" CONTENT="pas" WC="0.99" CC="030"/>
						<SP ID="P42_SP00061" HPOS="978" VPOS="1146" WIDTH="28"/>
						<String ID="P42_ST00071" HPOS="1006" VPOS="1078" WIDTH="318" HEIGHT="53" CONTENT="ressembler" WC="0.99" CC="9000053401"/>
						<SP ID="P42_SP00062" HPOS="1324" VPOS="1146" WIDTH="28"/>
						<String ID="P42_ST00072" HPOS="1352" VPOS="1079" WIDTH="27" HEIGHT="52" CONTENT="à" WC="0.41" CC="5"/>
						<SP ID="P42_SP00063" HPOS="1379" VPOS="1146" WIDTH="28"/>
						<String ID="P42_ST00073" HPOS="1407" VPOS="1079" WIDTH="136" HEIGHT="55" CONTENT="l'âne" WC="0.99" CC="20203"/>
						<SP ID="P42_SP00064" HPOS="1543" VPOS="1146" WIDTH="30"/>
						<String ID="P42_ST00074" HPOS="1573" VPOS="1083" WIDTH="66" HEIGHT="52" CONTENT="de" WC="0.78" CC="40"/>
						<SP ID="P42_SP00065" HPOS="1639" VPOS="1146" WIDTH="28"/>
						<String ID="P42_ST00075" HPOS="1667" VPOS="1083" WIDTH="48" HEIGHT="52" CONTENT="la" WC="0.52" CC="08"/>
						<SP ID="P42_SP00066" HPOS="1715" VPOS="1146" WIDTH="30"/>
						<String ID="P42_ST00076" HPOS="1745" VPOS="1081" WIDTH="151" HEIGHT="57" CONTENT="fable." WC="0.98" CC="097302"/>
					</TextLine>
				</TextBlock>
				<TextBlock ID="P42_TB00004" HPOS="72" VPOS="1558" WIDTH="2507" HEIGHT="353" STYLEREFS="TXT_3 PAR_LEFT">
					<TextLine ID="P42_TL00012" HPOS="254" VPOS="1560" WIDTH="2324" HEIGHT="91">
						<String ID="P42_ST00077" HPOS="254" VPOS="1560" WIDTH="85" HEIGHT="57" CONTENT="Le" WC="1.00" CC="00"/>
						<SP ID="P42_SP00067" HPOS="339" VPOS="1617" WIDTH="48"/>
						<String ID="P42_ST00078" HPOS="387" VPOS="1564" WIDTH="263" HEIGHT="76" CONTENT="premier" WC="0.99" CC="9000400"/>
						<SP ID="P42_SP00068" HPOS="650" VPOS="1640" WIDTH="48"/>
						<String ID="P42_ST00079" HPOS="698" VPOS="1584" WIDTH="279" HEIGHT="38" CONTENT="morceau" WC="1.00" CC="0000204"/>
						<SP ID="P42_SP00069" HPOS="977" VPOS="1640" WIDTH="39"/>
						<String ID="P42_ST00080" HPOS="1016" VPOS="1566" WIDTH="218" HEIGHT="59" CONTENT="débute" WC="0.99" CC="070300"/>
						<SP ID="P42_SP00070" HPOS="1234" VPOS="1640" WIDTH="48"/>
						<String ID="P42_ST00081" HPOS="1282" VPOS="1591" WIDTH="106" HEIGHT="58" CONTENT="par" WC="1.00" CC="000"/>
						<SP ID="P42_SP00071" HPOS="1388" VPOS="1649" WIDTH="45"/>
						<String ID="P42_ST00082" HPOS="1433" VPOS="1593" WIDTH="78" HEIGHT="36" CONTENT="un" WC="0.81" CC="12"/>
						<SP ID="P42_SP00072" HPOS="1511" VPOS="1649" WIDTH="37"/>
						<String ID="P42_ST00083" HPOS="1548" VPOS="1570" WIDTH="358" HEIGHT="62" CONTENT="formidable" WC="0.99" CC="0040700630"/>
						<SP ID="P42_SP00073" HPOS="1906" VPOS="1649" WIDTH="35"/>
						<String ID="P42_ST00084" HPOS="1941" VPOS="1584" WIDTH="36" HEIGHT="23" CONTENT='"' WC="1.00" CC="0"/>
						<SP ID="P42_SP00074" HPOS="1977" VPOS="1649" WIDTH="244"/>
						<String ID="P42_ST00085" HPOS="2221" VPOS="1579" WIDTH="53" HEIGHT="72" CONTENT='",' WC="0.78" CC="40"/>
						<SP ID="P42_SP00075" HPOS="2274" VPOS="1651" WIDTH="51"/>
						<String ID="P42_ST00086" HPOS="2325" VPOS="1594" WIDTH="253" HEIGHT="46" CONTENT="soutenu" WC="1.00" CC="0000020"/>
					</TextLine>
					<TextLine ID="P42_TL00013" HPOS="76" VPOS="1646" WIDTH="2114" HEIGHT="83">
						<String ID="P42_ST00087" HPOS="76" VPOS="1646" WIDTH="34" HEIGHT="58" CONTENT="d" WC="1.00" CC="0"/>
						<SP ID="P42_SP00076" HPOS="110" VPOS="1704" WIDTH="30"/>
						<String ID="P42_ST00088" HPOS="140" VPOS="1668" WIDTH="111" HEIGHT="36" CONTENT="une" WC="0.92" CC="794"/>
						<SP ID="P42_SP00077" HPOS="251" VPOS="1704" WIDTH="34"/>
						<String ID="P42_ST00089" HPOS="285" VPOS="1649" WIDTH="290" HEIGHT="80" CONTENT="galopade" WC="0.99" CC="00109707"/>
						<SP ID="P42_SP00078" HPOS="575" VPOS="1729" WIDTH="48"/>
						<String ID="P42_ST00090" HPOS="623" VPOS="1651" WIDTH="259" HEIGHT="59" CONTENT="efFrenee" WC="0.38" CC="78806765"/>
						<SP ID="P42_SP00079" HPOS="882" VPOS="1729" WIDTH="36"/>
						<String ID="P42_ST00091" HPOS="918" VPOS="1653" WIDTH="70" HEIGHT="58" CONTENT="de" WC="0.73" CC="05"/>
						<SP ID="P42_SP00080" HPOS="988" VPOS="1729" WIDTH="34"/>
						<String ID="P42_ST00092" HPOS="1022" VPOS="1655" WIDTH="53" HEIGHT="56" CONTENT="la" WC="0.98" CC="00"/>
						<SP ID="P42_SP00081" HPOS="1075" VPOS="1729" WIDTH="50"/>
						<String ID="P42_ST00093" HPOS="1125" VPOS="1658" WIDTH="372" HEIGHT="58" CONTENT="contrebasse" WC="0.99" CC="02715460106"/>
						<SP ID="P42_SP00082" HPOS="1497" VPOS="1729" WIDTH="34"/>
						<String ID="P42_ST00094" HPOS="1531" VPOS="1682" WIDTH="70" HEIGHT="36" CONTENT="en" WC="0.38" CC="66"/>
						<SP ID="P42_SP00083" HPOS="1601" VPOS="1729" WIDTH="38"/>
						<String ID="P42_ST00095" HPOS="1639" VPOS="1662" WIDTH="201" HEIGHT="59" CONTENT="délire." WC="0.99" CC="0020764"/>
						<SP ID="P42_SP00084" HPOS="1840" VPOS="1729" WIDTH="54"/>
						<String ID="P42_ST00096" HPOS="1894" VPOS="1665" WIDTH="87" HEIGHT="56" CONTENT="Le" WC="0.60" CC="61"/>
						<SP ID="P42_SP00085" HPOS="1981" VPOS="1729" WIDTH="34"/>
						<String ID="P42_ST00097" HPOS="2015" VPOS="1679" WIDTH="131" HEIGHT="45" CONTENT="tout" WC="0.99" CC="0003"/>
						<SP ID="P42_SP00086" HPOS="2146" VPOS="1729" WIDTH="33"/>
						<String ID="P42_ST00098" HPOS="2179" VPOS="1690" WIDTH="11" HEIGHT="35" CONTENT=":" WC="0.19" CC="8"/>
					</TextLine>
					<TextLine ID="P42_TL00014" HPOS="80" VPOS="1737" WIDTH="2494" HEIGHT="95">
						<String ID="P42_ST00099" HPOS="80" VPOS="1757" WIDTH="83" HEIGHT="35" CONTENT="ma" WC="0.57" CC="34" STYLEREFS="TXT_4"/>
						<SP ID="P42_SP00087" HPOS="163" VPOS="1792" WIDTH="127"/>
						<String ID="P42_ST00100" HPOS="290" VPOS="1737" WIDTH="226" HEIGHT="76" CONTENT="jurioso" WC="0.47" CC="7024776" STYLEREFS="TXT_4"/>
						<SP ID="P42_SP00088" HPOS="516" VPOS="1813" WIDTH="289"/>
						<String ID="P42_ST00101" HPOS="805" VPOS="1761" WIDTH="26" HEIGHT="34" CONTENT="e" WC="0.64" CC="3" STYLEREFS="TXT_4"/>
						<SP ID="P42_SP00089" HPOS="831" VPOS="1813" WIDTH="88"/>
						<String ID="P42_ST00102" HPOS="919" VPOS="1751" WIDTH="224" HEIGHT="67" CONTENT="agitato." WC="0.47" CC="64506566" STYLEREFS="TXT_4"/>
						<String ID="P42_ST00103" HPOS="775" VPOS="1742" WIDTH="134" HEIGHT="77" CONTENT="(Pas" WC="0.97" CC="7260"/>
						<SP ID="P42_SP00090" HPOS="1143" VPOS="1819" WIDTH="-187"/>
						<String ID="P42_ST00104" HPOS="956" VPOS="1745" WIDTH="321" HEIGHT="58" CONTENT="commode" WC="0.99" CC="0100507"/>
						<SP ID="P42_SP00091" HPOS="1277" VPOS="1819" WIDTH="48"/>
						<String ID="P42_ST00105" HPOS="1325" VPOS="1747" WIDTH="36" HEIGHT="57" CONTENT="d" WC="1.00" CC="0"/>
						<SP ID="P42_SP00092" HPOS="1361" VPOS="1819" WIDTH="28"/>
						<String ID="P42_ST00106" HPOS="1389" VPOS="1749" WIDTH="234" HEIGHT="59" CONTENT="ailleurs" WC="0.99" CC="00040570"/>
						<SP ID="P42_SP00093" HPOS="1623" VPOS="1819" WIDTH="45"/>
						<String ID="P42_ST00107" HPOS="1668" VPOS="1767" WIDTH="155" HEIGHT="42" CONTENT="cette" WC="0.98" CC="06006"/>
						<SP ID="P42_SP00094" HPOS="1823" VPOS="1819" WIDTH="36"/>
						<String ID="P42_ST00108" HPOS="1859" VPOS="1754" WIDTH="190" HEIGHT="78" CONTENT="partie" WC="0.98" CC="007536"/>
						<SP ID="P42_SP00095" HPOS="2049" VPOS="1832" WIDTH="47"/>
						<String ID="P42_ST00109" HPOS="2096" VPOS="1754" WIDTH="70" HEIGHT="59" CONTENT="de" WC="0.68" CC="06"/>
						<SP ID="P42_SP00096" HPOS="2166" VPOS="1832" WIDTH="36"/>
						<String ID="P42_ST00110" HPOS="2202" VPOS="1757" WIDTH="372" HEIGHT="60" CONTENT="contrebasse" WC="0.99" CC="00050607007"/>
					</TextLine>
					<TextLine ID="P42_TL00015" HPOS="73" VPOS="1827" WIDTH="1039" HEIGHT="84">
						<String ID="P42_ST00111" HPOS="73" VPOS="1846" WIDTH="137" HEIGHT="37" CONTENT="avec" WC="1.00" CC="0000"/>
						<SP ID="P42_SP00097" HPOS="210" VPOS="1883" WIDTH="35"/>
						<String ID="P42_ST00112" HPOS="245" VPOS="1846" WIDTH="83" HEIGHT="38" CONTENT="ses" WC="0.98" CC="050"/>
						<SP ID="P42_SP00098" HPOS="328" VPOS="1884" WIDTH="35"/>
						<String ID="P42_ST00113" HPOS="363" VPOS="1828" WIDTH="141" HEIGHT="79" CONTENT="cinq" WC="0.98" CC="0810"/>
						<SP ID="P42_SP00099" HPOS="504" VPOS="1907" WIDTH="34"/>
						<String ID="P42_ST00114" HPOS="538" VPOS="1827" WIDTH="230" HEIGHT="61" CONTENT="bémols" WC="0.99" CC="004030"/>
						<SP ID="P42_SP00100" HPOS="768" VPOS="1907" WIDTH="33"/>
						<String ID="P42_ST00115" HPOS="801" VPOS="1829" WIDTH="30" HEIGHT="59" CONTENT="à" WC="0.30" CC="6"/>
						<SP ID="P42_SP00101" HPOS="831" VPOS="1907" WIDTH="33"/>
						<String ID="P42_ST00116" HPOS="864" VPOS="1832" WIDTH="54" HEIGHT="56" CONTENT="la" WC="0.65" CC="06"/>
						<SP ID="P42_SP00102" HPOS="918" VPOS="1907" WIDTH="34"/>
						<String ID="P42_ST00117" HPOS="952" VPOS="1831" WIDTH="160" HEIGHT="80" CONTENT="clef.)" WC="0.99" CC="040042"/>
					</TextLine>
				</TextBlock>
				<ComposedBlock ID="P42_CB00001" HPOS="131" VPOS="2045" WIDTH="2347" HEIGHT="1494" STYLEREFS="TXT_3 PAR_LEFT" TYPE="Music">
					<GraphicalElement ID="P42_CB00001_SUB" HPOS="131" VPOS="2045" WIDTH="2347" HEIGHT="1494"/>
				</ComposedBlock>
			</PrintSpace>
		</Page>
	</Layout>
</alto>
