2862 4051
363 1464 183 84 UN
632 1464 780 92 QUINTETTE
1496 1469 170 84 DE
1752 1469 554 87 FANELLI

282 1679 25 19 A
820 1701 10 9 #

268 1701 319 56 Etes-vous
634 1699 322 80 fanellique
983 1702 18 56 ?
1056 1701 171 56 Telle
1275 1715 82 43 est
1406 1701 53 57 la
1509 1703 274 76 question
1832 1702 314 81 imprévue
2186 1706 124 77 qui,
2344 1725 127 37 vers
2518 1706 54 56 le

100 1791 212 79 quinze
363 1809 154 37 mars
574 1788 251 70 dernier,
876 1786 66 60 fit
998 1802 293 45 sursauter
1341 1790 80 57 les
1476 1791 205 70 salons,
1745 1813 334 36 murmurer
2126 1793 80 58 les
2260 1792 315 79 chapelles,

101 1881 211 56 alarma
345 1879 54 55 la
432 1879 257 78 critique
721 1893 57 43 et
814 1879 157 76 agita
1004 1879 55 55 la
1107 1898 191 58 presse
1333 1877 391 80 quotidienne
1759 1880 359 70 elle-même,
2154 1881 44 56 si
2235 1901 114 59 peu
2384 1901 161 37 acces-

103 1966 136 60 sible
274 1965 332 80 cependant
632 1988 118 35 aux
783 1966 193 56 soucis
1009 1964 72 57 de
1114 1966 53 56 la
1203 1966 294 78 musique.
1535 1966 250 57 L'alerte
1818 1965 93 58 fut
1943 1967 152 59 vive.
2136 1969 128 56 Elle
2292 1969 220 78 permit
2546 1967 31 58 à

101 2056 224 59 chacun
359 2054 366 81 d'exprimer
775 2075 115 37 une
938 2053 112 58 fois
1098 2053 70 57 de
1204 2054 129 79 plus
1371 2074 84 37 ses
1498 2053 371 80 préférences
1912 2056 413 78 personnelles,
2371 2070 57 42 et
2473 2077 105 37 nos

101 2148 124 77 plus
274 2141 349 61 véhéments
677 2144 448 58 feuilletonistes
1177 2163 71 36 ne
1298 2141 393 80 manquèrent
1740 2164 101 59 pas
1887 2144 320 57 l'occasion
2252 2144 238 58 d'enfler
2522 2145 53 57 le

101 2254 98 37 son
231 2233 175 56 d'une
439 2235 142 56 voix
615 2230 613 82 professionellement
1261 2232 477 57 comminatoire.

270 2321 176 57 Ainsi
479 2321 175 69 donc,
692 2322 180 66 Paris,
908 2340 77 35 ou
1029 2318 199 79 plutôt
1263 2318 341 71 Colombes,
1639 2318 239 58 recélait
1928 2341 78 35 un
2041 2321 291 57 musicien
2367 2318 208 80 ignoré

104 2411 342 58 totalement
598 2431 117 36 non
771 2430 96 58 pas
916 2428 80 36 un
1032 2407 157 57 Satie
1237 2427 77 36 ou
1363 2427 78 36 un
1479 2407 245 58 Molard
1773 2409 355 78 qu'entoure
2163 2408 208 80 depuis
2403 2409 140 78 long-

104 2515 188 63 temps
343 2519 81 36 un
468 2500 191 57 cercle
710 2495 263 60 d'initiés
1131 2496 149 56 mais
1330 2516 77 36 un
1457 2495 247 58 homme
1756 2496 71 57 de
1878 2498 323 78 cinquante
2252 2496 157 58 deux
2456 2517 121 50 ans,

100 2587 139 79 jadis
289 2585 366 81 condisciple
707 2586 73 57 de
830 2583 272 79 Debussy
1148 2581 30 57 à
1219 2583 55 56 la
1324 2583 177 58 classe
1545 2583 72 58 de
1674 2585 396 71 Marmontel,
2117 2586 131 77 puis
2295 2583 164 59 élève
2506 2585 72 57 de

104 2674 257 69 Delibes,
395 2686 57 45 et
505 2676 143 56 dont
700 2693 311 62 personne,
1060 2668 136 60 sauf
1237 2670 72 58 M
1317 2674 51 20 me
1392 2671 216 79 Judith
1644 2671 318 71 Gauthier,
1999 2694 71 35 ne
2119 2674 247 77 pouvait
2414 2672 125 59 dire
2563 2694 11 37 :

254 2766 53 55 le
341 2766 242 56 connais
608 2762 10 58 !
724 2765 78 57 Et
838 2775 93 45 cet
979 2761 249 56 homme
1262 2759 262 58 détenait
1554 2761 398 78 jalousement
2000 2760 80 79 (et
2113 2761 459 79 modestement)

105 2851 412 59 d'abondantes
580 2854 316 76 partitions
959 2848 386 71 d'orchestre,
1402 2848 96 58 des
2356 2848 224 80 (1883-

114 2940 206 79 1887),
355 2939 229 83 d'après
615 2943 54 56 le
1313 2943 212 56 Roman
1799 2936 64 58 de
1991 2938 57 56 la
2173 2938 203 57 Momie
1370 2936 70 58 de
1473 2935 344 81 Théophile
1854 2938 320 70 Gauthier,
2210 2938 97 58 des

105 3028 131 57 sions
274 3029 320 59 Pastorales
636 3028 245 80 (1890),
932 3025 97 58 des
1063 3027 465 78 Humoresques...
1584 3027 92 54 De
1712 3027 142 77 quoi
1892 3024 224 59 former
2149 3024 30 59 à
2212 3027 85 56 soi
2347 3025 122 58 seul
2502 3027 79 56 les

105 3136 404 60 programmes
543 3117 72 58 de
650 3131 206 66 quatre
891 3137 78 36 ou
1022 3114 141 78 cinq
1196 3113 71 57 de
1303 3135 103 36 nos
1441 3113 245 79 grandes
1721 3113 298 58 auditions
2051 3114 386 57 dominicales
2464 3113 9 58 !
2530 3113 51 58 Il

104 3203 163 61 fallut
300 3226 57 37 se
390 3206 212 58 rendre
635 3206 30 57 à
711 3203 349 60 l'évidence.
1112 3203 212 56 Ernest
1374 3203 226 56 Fanelli
1648 3202 256 70 existait,
1939 3223 238 37 comme
2226 3202 248 57 homme
2523 3215 57 44 et

105 3314 230 38 comme
369 3297 220 56 artiste.
621 3295 227 77 Simple
1667 3291 235 79 triangle
1142 3291 141 57 dans
1307 3291 80 57 les
1420 3290 346 71 orchestres,
1794 3305 541 65 accompagnateur
2368 3290 213 57 obscur

104 3380 135 58 dans
272 3381 287 81 quelques
594 3395 352 44 restaurants
973 3378 71 58 de
1078 3381 151 67 nuit,
1257 3377 247 59 humble
1538 3378 225 78 copiste
1791 3377 30 57 à
1855 3399 177 58 gages
2064 3376 254 72 infimes,
2352 3378 41 56 il
2426 3378 153 56 avait

104 3490 110 59 peu
247 3471 31 57 à
327 3491 115 59 peu
479 3471 149 69 subi,
665 3471 71 57 de
783 3471 55 56 la
885 3470 297 77 musique,
1218 3481 193 43 toutes
1444 3467 80 57 les
1570 3466 416 58 humiliations
2019 3466 139 58 d'un
2206 3467 374 56 douloureux

107 3557 223 60 métier.
369 3559 51 58 Il
454 3559 271 58 semblait
762 3580 115 58 que
910 3559 55 56 le
999 3555 386 81 professionel
1418 3569 101 43 eut
1554 3554 99 58 tué
1688 3575 73 37 en
1793 3556 86 56 lui
1912 3556 53 55 le
1999 3556 423 78 compositeur.

275 3646 98 59 On
410 3649 107 57 sait
550 3648 53 57 le
637 3660 168 44 reste.
835 3645 229 59 Fanelli
1091 3645 226 78 copiste
1351 3664 57 37 se
1441 3640 270 81 présente
1737 3640 31 58 à
1796 3643 246 57 Gabriel
2078 3639 238 73 Pierné;
2356 3641 225 57 Fanelli
