2862 4051
391 775 627 116 L'Édition
1110 802 612 94 Musicale

122 988 47 21 ##
203 1000 48 26 en
274 986 192 54 plusieurs
487 997 89 30 tons
752 992 22 21 *
807 992 91 38 voix
921 1006 215 38 moyennes

121 1119 9 23 1
153 1110 164 49 Édition
340 1120 190 42 mutuelle
695 1122 13 22 *
731 1125 148 49 Eschig
1035 1125 13 23 3
1071 1129 163 37 Demets
1390 1126 13 23 4
1427 1126 122 41 Elkin
1705 1127 14 23 5
1742 1132 193 38 Seemann

118 1176 13 24 6
152 1179 169 37 Durand
693 1179 14 23 7
729 1183 189 38 Ftirstner
1034 1183 13 22 8
1070 1186 153 37 Rouart
1396 1183 14 23 9
1432 1186 135 37 Sénart
1588 1195 38 28 et
1648 1187 215 39 Roudanez

121 1234 29 26 10
173 1235 215 54 Breitkopf
509 1235 25 23 11
558 1238 192 39 Lemoine
855 1238 27 22 12
907 1242 151 37 Sandoz
1080 1251 36 28 et
1138 1241 121 52 Jobin
1386 1240 27 23 13
1435 1241 191 54 Durdilly
1754 1242 28 25 14
1805 1246 137 38 Schott

254 1343 235 50 PIANO.
613 1346 100 47 Nos
736 1360 103 33 tout
865 1350 136 59 petits
1025 1362 155 33 seront
1208 1350 271 63 privilégiés,
1507 1369 50 29 ce
1585 1353 198 46 mois-ci.
1814 1353 110 55 Que
1952 1355 304 48 voulez-vous
2275 1374 9 29 :
2314 1357 30 46 il
2371 1357 186 47 devient
2582 1359 35 45 si

116 1414 180 47 difficile
324 1414 192 49 d'écrire
544 1417 55 46 de
626 1417 42 46 la
695 1421 212 59 musique
935 1437 114 43 pour
1075 1421 63 45 les
1162 1422 195 60 grandes
1394 1439 262 44 personnes,
1696 1422 25 47 à
1747 1425 181 59 présent
1947 1441 9 31 :
1990 1427 150 60 quand
2164 1444 61 28 on
2252 1444 59 29 ne
2337 1439 109 34 veut
2471 1446 76 42 pas
2572 1445 45 29 se

115 1484 198 63 résigner
339 1484 25 47 à
390 1486 94 45 être
511 1487 397 60 déplorablement
934 1506 269 47 ennuyeux,
1232 1508 60 28 ou
1319 1505 409 49 outrageusement
1753 1494 279 63 compliqué,
2054 1494 39 46 le
2112 1497 157 44 mieux
2290 1508 67 35 est
2377 1513 167 30 encore
2562 1498 55 46 de

116 1553 151 47 dédier
286 1571 83 29 son
397 1572 196 46 ouvrage
621 1555 92 47 àla
733 1559 224 61 jeunesse.
996 1559 136 46 Aussi
1174 1560 74 46 M.
1277 1557 155 49 Paul
1456 1558 82 49 Le
1562 1558 176 49 Flem
1764 1563 169 46 écrit-il
1964 1577 24 50 7
2012 1564 130 63 pièces
2167 1566 236 63 enfantines
2420 1563 16 28 x
2439 1602 12 23 ,
2486 1566 131 64 jolies

111 1640 132 46 pages
280 1625 289 60 chantantes,
606 1627 154 60 aisées,
799 1629 115 45 mais
950 1628 184 61 prêtant
1171 1629 24 47 à
1234 1648 91 28 une
1364 1633 202 44 certaine
1594 1633 248 46 recherche
1869 1633 77 47 des
1971 1651 204 29 nuances
2200 1647 46 34 et
2272 1635 77 46 des
2373 1635 237 47 sonorités.

115 1693 72 49 M.
216 1690 64 51 GK
312 1690 278 66 Grovlez,
618 1714 110 29 avec
766 1715 81 28 son
887 1698 244 47 Almanach
1172 1719 87 27 aux
1296 1701 166 61 Images
1482 1700 15 26 2
1524 1719 116 29 nous
1677 1704 207 44 entraîne
1923 1720 98 30 vers
2047 1722 64 28 un
2139 1722 138 44 genre
2305 1723 64 27 un
2397 1724 89 42 peu
2512 1706 100 60 plus

110 1764 138 61 corsé,
288 1782 189 45 presque
517 1767 284 48 caricatural.
833 1769 125 46 Mais
995 1771 61 45 où
1094 1782 104 34 sont
1235 1771 63 46 les
1337 1773 186 61 images,
1554 1772 75 47 M,
1659 1771 208 49 Grovlez
1893 1773 14 46 ?
1934 1774 147 46 Votre
2109 1774 177 46 éditeur
2314 1775 297 64 impitoyable

110 1834 122 46 a-t-il
259 1852 58 29 eu
343 1835 43 46 la
412 1836 191 46 cruauté
630 1838 54 44 de
712 1855 111 29 vous
848 1839 62 45 les
935 1840 172 46 refuser
1123 1839 14 46 ?
1166 1841 90 46 Ces
1283 1842 161 59 petites
1479 1842 162 60 pièces,
1676 1843 195 45 dûment
1910 1843 237 60 illustrées,
2175 1856 182 34 eussent
2396 1856 217 49 pourtant

112 1903 144 47 formé
293 1921 64 29 un
397 1904 229 48 délicieux
664 1908 171 46 recueil
863 1909 54 44 de
945 1908 107 47 luxe
1080 1922 44 33 et
1152 1911 54 44 de
1232 1912 224 46 fantaisie.
1486 1910 75 49 M.
1590 1908 304 65 Henessy,
1923 1914 110 45 dans
2058 1931 67 28 ses
2151 1915 266 45 Incunabula
2438 1911 15 27 3
2457 1951 11 22 ,
2497 1931 116 30 nous

113 1974 150 46 donne
291 1992 94 29 une
411 1975 200 46 Berceuse
637 1988 45 34 et
708 1995 64 28 un
803 1978 348 62 Croquemitaine
1178 1982 77 59 qui
1279 1981 132 46 n'ont
1438 1983 97 44 rien
1562 1999 87 43 que
1678 1982 54 45 de
1760 1982 89 46 très
1877 1983 133 45 banal
2029 2004 12 35 ;
2070 1985 112 43 mais
2210 1983 109 45 dans
2344 2001 66 28 ses
2436 1983 178 47 Etudes

111 2042 173 63 d'après
310 2058 178 47 nature,
512 2045 71 46 En
602 2056 180 51 passant
784 2086 11 21 ,
825 2048 28 45 il
883 2066 114 29 nous
1018 2048 127 60 offre,
1186 2067 115 43 pour
1339 2068 57 28 ne
1433 2068 75 43 pas
1535 2068 224 29 renoncer
1785 2053 24 44 à
1834 2069 75 29 ces
1935 2054 126 44 titres
2087 2054 278 61 prestigieux
2392 2054 113 44 dont
2531 2053 30 45 il
2587 2072 25 27 a

110 2114 38 45 le
174 2126 159 47 secret,
361 2133 93 28 une
482 2115 125 46 Sieste
644 2135 48 26 en
724 2117 182 46 Chemin
933 2120 49 44 de
992 2121 93 61 fer*
1108 2119 343 63 L'Angleterre
1490 2138 116 29 nous
1644 2121 189 61 expédie
1872 2140 92 28 une
2003 2121 219 47 Pierrette
2257 2123 54 45 de
2340 2122 75 47 M.
2445 2119 168 62 Gyril

111 2180 178 50 Scott
314 2183 17 25 4
334 2221 12 22 ,
374 2202 110 28 avec
511 2203 92 28 une
629 2198 129 34 autre
787 2189 142 59 petite
967 2189 143 60 pièce,
1155 2188 124 47 Over
1306 2189 69 46 the
1401 2190 185 45 Prairie
1589 2228 11 22 ,
1640 2192 76 59 qui
1743 2209 25 27 a
1794 2192 317 45 évidemment
2138 2193 76 44 des
2239 2194 247 45 ambitions
2515 2192 99 61 plus

111 2254 172 61 hautes,
313 2255 112 45 mais
451 2256 79 60 qui
558 2256 81 44 fait
666 2258 105 44 bien
799 2275 170 42 pauvre
1007 2257 147 64 figure
1190 2260 162 59 auprès
1378 2261 76 45 des
1475 2262 209 62 joyeuses
1710 2261 229 46 fantaisies
1966 2262 55 45 de
2047 2262 161 45 l'école
2236 2262 235 59 française.
2496 2262 113 47 Ceci

111 2324 59 46 du
196 2336 115 33 reste
339 2341 58 28 ne
424 2324 213 47 s'adresse
665 2326 99 63 déjà
791 2326 101 61 plus
917 2345 91 28 aux
1037 2329 161 58 petites
1225 2331 161 44 mains.

244 2394 138 47 Voici
425 2394 26 46 à
489 2394 183 62 présent
709 2414 65 28 un
813 2414 198 46 ouvrage
1051 2399 53 44 de
1144 2398 325 62 vulgarisation
1508 2416 249 45 moyenne,
1787 2401 113 45 mais
1926 2417 115 44 pour
2084 2400 63 46 les
2173 2401 205 46 adultes:
2422 2399 154 47 Musik-

101 2463 224 60 geschichte
362 2463 45 46 in
434 2464 234 61 Beispielen
672 2502 12 22 ,
712 2466 43 46 la
781 2468 212 60 musique
1020 2485 57 27 en
1105 2469 248 60 exemples,
1383 2470 53 44 de
1465 2469 75 47 M.
1569 2465 184 61 Hugo
1779 2467 304 49 Riemann
2105 2469 15 25 5
2126 2507 9 9 .
2166 2470 68 47 Ce
2261 2470 187 46 volume
2474 2481 68 35 est
2566 2470 42 46 le

107 2546 25 34 2
138 2528 17 26 d
182 2533 138 47 d'une
359 2533 248 47 collection
642 2537 77 60 qui
747 2554 58 27 en
833 2538 306 59 comprendra
1166 2540 122 44 trois.
1319 2538 177 59 Certes,
1524 2556 60 28 on
1624 2557 58 28 ne
1720 2541 167 45 saurait
1923 2557 45 29 se
2008 2540 206 61 plaindre
2254 2558 57 27 en
2351 2551 172 52 voyant
2561 2557 45 29 se

102 2603 248 61 multiplier
376 2604 64 45 les
465 2605 288 62 anthologies
792 2607 254 60 musicales,
1075 2620 181 33 surtout
1296 2608 153 61 quand
1495 2626 61 28 on
1599 2627 136 42 pense
1778 2627 91 28 aux
1914 2609 344 46 innombrables
2300 2609 207 47 volumes
2551 2610 55 46 de

154 2690 251 30 morceaux
444 2675 165 46 choisis
705 2693 98 28 vers
846 2693 60 29 ou
934 2694 144 43 prose,
1106 2679 76 59 qui
1211 2690 82 33 ont
1335 2678 71 45 été
1450 2678 177 60 publiés
1666 2697 58 27 en
1762 2691 150 35 toutes
1947 2679 289 47 littératures.
2275 2679 70 47 La
2379 2681 226 59 musique,

99 2741 166 64 langue
291 2744 288 60 universelle,
601 2762 58 28 ne
688 2746 187 59 pouvait
902 2746 226 61 échapper
1154 2747 25 46 à
1205 2764 51 29 ce
1284 2749 171 45 besoin.
1486 2748 125 46 Mais
1637 2766 301 45 remarquons
1963 2767 90 44 que
2080 2766 51 29 ce
2159 2766 140 45 genre
2339 2748 268 63 d'ouvrages

99 2823 63 35 est
187 2830 65 29 un
287 2813 56 45 de
370 2831 119 29 ceux
515 2815 78 61 qui
620 2815 184 61 prêtent
830 2815 42 47 le
898 2816 100 61 plus
1023 2817 25 45 à
1074 2817 42 45 la
1142 2819 193 60 critique
1353 2834 10 30 :
1412 2817 28 46 il
1467 2835 30 46 y
1523 2836 108 27 aura
1657 2820 206 62 toujours
1902 2820 76 45 des
2015 2836 110 45 gens
2152 2836 115 43 pour
2304 2830 186 35 trouver
2517 2836 88 43 que

98 2881 60 47 les
184 2884 137 45 choix
348 2884 61 45 du
437 2884 261 46 Professeur
728 2885 236 46 Riemann
1003 2904 58 28 ne
1087 2904 44 29 se
1154 2886 228 64 justifient
1406 2888 154 61 guère.
1591 2888 122 46 Pour
1740 2906 112 29 mon
1880 2900 201 50 compte,
2110 2900 46 35 et
2192 2906 58 28 ne
2279 2888 188 47 voulant
2494 2890 114 43 citer

100 2952 142 61 qu'un
282 2954 131 61 point
439 2971 58 28 en
524 2966 196 49 passant,
743 2957 45 61 je
827 2959 264 59 regretterai
1121 2956 111 62 qu'il
1261 2957 114 46 n'ait
1402 2975 75 42 pas
1515 2958 81 45 fait
1623 2959 54 44 de
1705 2959 144 62 larges
1876 2970 243 50 emprunts
2158 2976 59 28 au
2251 2959 106 45 Fitz
2395 2957 215 46 William

99 3020 209 65 Virginal
347 3023 134 46 Book
507 3041 115 43 pour
649 3025 283 60 représenter
959 3027 56 45 ici
1043 3025 287 48 l'admirable
1358 3027 126 46 école
1513 3029 76 44 des
1617 3028 334 47 Clavecinistes
1984 3028 173 62 anglais
2185 3029 62 45 du
2275 3027 124 47 XVI
2402 3034 16 19 e
2423 3064 9 10 .

237 3147 29 44 4
312 3132 237 49 MAINS.
708 3133 153 47 Parmi
910 3135 63 46 les
1018 3152 172 46 grosses
1231 3135 267 48 réductions
1542 3137 295 59 d'orchestre,
1881 3137 41 46 la
1968 3152 27 32 2
2001 3140 50 21 me
2078 3136 248 63 Symphonie
2366 3136 53 45 de-

101 3197 252 51 kowski
375 3201 15 26 6
416 3225 11 35 ;
481 3221 93 29 une
633 3204 120 46 Suite
803 3223 48 27 en
901 3204 44 46 B
995 3207 86 43 dur
1084 3243 11 22 ,
1147 3205 146 61 péché
1350 3207 54 44 de
1456 3207 211 62 jeunesse
1707 3208 53 45 de
1811 3203 277 50 Richard
2128 3203 271 57 Strauss,
2455 3206 133 58 primi-

103 3272 224 46 tivement
346 3272 140 47 écrite
514 3291 116 42 pour
665 3289 55 47 13
752 3276 305 45 instruments
1083 3276 24 45 à
1127 3287 111 34 vent
1251 3273 16 27 7
1277 3298 11 35 ;
1317 3276 40 45 la
1390 3274 216 63 Tragédie
1630 3278 51 43 de
1707 3276 170 47 Salomé
1910 3274 32 49 6
1942 3274 64 49 de
2034 3273 256 48 Florent
2318 3271 289 59 Schmitt,

103 3340 110 47 dont
240 3359 61 28 on
330 3343 166 45 devine
524 3361 90 42 peu
653 3343 41 46 le
723 3345 280 61 prestigieux
1042 3358 45 33 et
1127 3346 293 46 insaisissable
1460 3346 164 46 coloris
1659 3346 248 46 orchestral
1926 3368 11 36 ;
1978 3358 45 33 et
2050 3345 143 60 enfin,
2223 3345 61 46 les
2311 3344 302 45 inoubliables

101 3407 248 51 Morceaux
376 3431 47 27 en
449 3413 146 64 forme
620 3415 50 43 de
703 3414 120 60 poire
848 3433 103 27 avec
988 3432 79 28 une
1093 3415 190 46 maniéré
1309 3417 50 43 de
1387 3416 374 60 Commencement,
1790 3435 79 27 une
1895 3416 306 60 Prolongation
2243 3416 56 44 du
2321 3415 127 43 même
2488 3424 40 34 et
2554 3431 56 26 un

102 3479 69 47 En
190 3483 97 60 plus
313 3482 117 46 suivi
455 3482 138 46 d\ne
621 3483 161 46 Redite
785 3521 11 23 ,
820 3484 55 46 de
902 3496 132 34 notre
1056 3486 91 44 ami
1176 3481 157 50 Erik
1359 3481 174 51 Satie
1554 3498 12 44 ;
1589 3483 16 27 8
1630 3486 42 46 le
1698 3488 106 44 titre
1832 3503 57 29 en
1911 3497 67 35 est
1999 3485 314 47 évidemment
2334 3483 41 46 la
2401 3483 209 45 moindre

102 3552 277 61 originalité.
