2862 4051
1036 143 598 89 MÉTASTASE

2541 191 34 68 3

86 334 62 38 ce
182 310 144 80 qu'il
360 312 126 55 faut
523 330 154 58 pour
710 310 285 57 seconder
1028 312 79 56 les
1141 312 245 79 paroles.
1426 313 79 56 Et
1540 326 132 45 tout
1708 334 66 37 ce
1807 313 184 80 qu'on
2014 335 35 58 y
2072 313 263 79 ajoutera
2357 315 71 57 de
2455 317 132 78 plus

86 396 319 65 recherché
453 419 221 58 pourra
721 397 138 59 bien
910 420 286 58 procurer
1243 421 75 36 au
1355 402 291 56 musicien
1682 423 79 35 un
1798 404 132 77 plus
1964 404 187 77 grand
2187 404 367 80 applaudisse-

86 501 182 56 ment,
304 487 149 56 mais
486 485 123 59 fera
644 489 433 55 certainement
1111 490 195 56 moins
1341 489 71 57 de
1445 491 202 78 plaisir
1681 511 117 36 aux
1832 511 193 37 cœurs
2058 492 272 59 aimants.
2428 491 11 26 1

250 578 225 76 jamais
511 575 328 60 Métastase
867 598 71 35 ne
961 578 248 58 donnait
1237 599 83 37 ses
1347 580 434 79 compositions
1804 579 29 58 à
1861 602 80 36 un
1967 581 142 70 ami,
2132 602 127 36 sans
2292 603 38 58 y
2349 581 238 79 joindre

85 670 51 56 la
169 666 295 78 musique.
520 666 99 58 On
656 665 92 57 n'a
783 666 155 58 donc
988 688 100 58 pas
1121 668 55 57 le
1225 668 158 57 droit
1432 668 71 57 de
1543 668 180 78 juger
1771 689 84 37 ses
1902 691 128 36 vers
2079 691 72 35 en
2187 671 397 72 eux-mêmes,

86 753 325 82 dépouillés
445 754 72 57 de
551 755 52 56 la
637 754 261 57 mélodie
934 755 146 79 qu'il
1108 757 328 69 entendait,
1472 772 57 42 et
1564 757 146 58 dont
1738 759 41 56 il
1820 759 176 70 avait,
2021 779 240 37 comme
2296 759 86 57 dit
2414 760 131 58 Mar-

89 844 241 68 montel,
456 843 53 56 le
543 844 479 78 pressentiment.
1120 843 15 25 2
1290 845 86 58 La
1411 847 278 78 musique
1727 847 85 57 lui
1846 847 276 58 semblait
2157 847 265 58 d'autant
2456 849 132 79 plus

90 931 430 80 indispensable
553 929 32 59 à
619 932 54 57 la
706 931 203 80 poésie
943 934 151 78 qu'il
1130 934 184 58 vivait
1348 933 143 59 dans
1525 956 79 36 un
1639 956 144 58 pays
1816 936 315 70 allemand,
2169 933 76 61 où
2279 957 59 37 sa
2371 938 216 78 langue

89 1023 276 57 italienne
401 1022 220 56 n'avait
655 1035 132 44 tout
820 1042 104 37 son
961 1022 244 57 charme
1240 1045 117 58 que
1389 1025 237 78 lorsque
1661 1026 52 56 le
1747 1027 259 78 pouvoir
2039 1026 71 57 de
2143 1026 54 57 la
2231 1027 278 79 musique
2536 1027 54 57 la

90 1111 185 58 faisait
311 1108 278 82 pénétrer
623 1111 140 57 dans
796 1111 174 57 l'âme
1003 1110 326 81 étrangère.
1370 1112 52 56 Il
1445 1111 248 60 écrivait
1715 1135 69 36 en
1826 1115 161 77 1760
2014 1136 72 36 au
2115 1129 202 43 comte
2345 1116 202 57 Florio
2573 1136 11 36 :

162 1201 233 78 Depuis
428 1200 80 57 les
541 1199 323 80 premières
899 1200 213 58 années
1148 1223 114 57 que
1286 1201 61 79 je
1381 1223 97 35 me
1512 1204 118 56 suis
1666 1202 359 82 transplanté
2051 1204 139 58 dans
2226 1219 155 43 cette
2416 1219 172 56 terre,

82 1290 57 79 je
175 1309 93 36 me
302 1289 117 56 suis
470 1289 336 56 convaincu
843 1309 115 58 que
1009 1304 170 43 notre
1214 1289 200 80 poésie
1451 1290 95 80 n'y
1583 1291 187 79 prend
1802 1293 199 55 racine
2037 1293 313 78 qu'autant
2387 1314 115 59 que
2536 1294 53 56 la

94 1379 271 76 musique
401 1390 57 43 et
492 1378 52 55 la
579 1375 468 80 représentation
1085 1378 83 81 s'y
1193 1379 301 79 joignent.

264 1467 199 68 Ainsi,
517 1486 57 36 sa
624 1464 201 81 poésie
877 1465 144 59 était
1073 1465 142 60 faite
1273 1489 153 58 pour
1468 1469 54 56 la
1574 1469 279 79 musique
1897 1483 56 43 et
1997 1491 155 58 pour
2190 1472 55 54 la
2288 1468 269 81 représen-

94 1557 182 57 tation
312 1553 305 58 théâtrale.
753 1555 100 58 On
884 1555 262 79 imagine
1174 1557 280 57 combien
1479 1558 111 56 elle
1616 1557 107 58 dut
1745 1557 232 58 séduire
2004 1573 133 43 tous
2162 1559 82 56 les
2270 1559 320 57 musiciens

92 1646 226 55 italiens
353 1658 56 42 et
443 1644 390 59 italianisants
867 1644 79 57 du
994 1644 193 60 siècle.
1242 1647 250 57 Suivant
1541 1648 51 55 le
1643 1661 128 43 mot
1823 1647 71 57 de
1952 1648 396 70 Marmontel,
2457 1662 133 43 tous

91 1734 76 58 les
218 1733 321 56 musiciens
591 1754 56 36 se
682 1747 134 43 sont
868 1732 225 60 donnés
1127 1732 31 58 à
1209 1736 104 56 lui.
1412 1733 15 27 3
1486 1734 285 70 D'abord,
1807 1736 68 58 ils
1921 1734 202 60 furent
2176 1734 267 80 captivés
2488 1757 105 59 par

92 1821 351 58 l'harmonie
495 1821 71 57 de
619 1842 84 37 ses
758 1842 147 37 vers.
958 1823 160 69 Puis,
1154 1823 69 58 ils
1258 1822 349 59 trouvèrent
1642 1845 71 36 en
1748 1826 85 55 lui
1879 1846 76 36 un
2004 1825 181 78 guide
2241 1823 117 59 très
2409 1825 181 71 doux,

94 1908 109 60 très
236 1911 146 79 poli,
405 1910 16 25 4
468 1911 150 57 mais
654 1908 113 60 très
800 1908 209 73 ferme,
1047 1912 106 79 qui
1186 1912 81 57 les
1301 1912 298 78 dirigeait.
1639 1914 192 57 Hasse
1864 1934 58 37 se
1957 1915 114 56 mit
2105 1934 132 38 sous
2270 1934 59 37 sa
2363 1914 224 58 tutelle.

89 2000 306 76 Jommelli
430 1999 173 57 disait
638 1999 148 80 qu'il
820 2001 156 57 avait
1012 2001 129 78 plus
1176 2002 199 78 appris
1411 2002 69 56 de
1517 2000 328 60 Métastase
1879 2023 116 57 que
2021 2001 73 59 de
2122 2004 293 68 Durante,
2446 2004 147 68 Léo,

97 2089 138 70 Feo,
270 2102 56 43 et
362 2088 78 57 du
490 2086 140 80 père
682 2089 280 70 Martini,
999 2088 370 59 c'est-à-dire
1403 2090 70 57 de
1511 2104 131 43 tous
1675 2112 85 35 ses
1788 2090 256 59 maîtres.
2086 2093 142 56 Non
2264 2091 330 58 seulement

95 2198 81 37 ses
228 2198 149 48 vers,
435 2178 289 78 auxquels
779 2179 41 55 il
876 2199 74 36 ne
1007 2180 346 78 permettait
1407 2201 100 58 pas
1566 2180 184 78 qu'on
1799 2176 75 60 fît
1924 2180 71 57 de
2043 2179 452 79 changements,
2537 2201 58 36 se

96 2267 288 77 prêtaient
420 2267 582 57 merveilleusement
1030 2265 29 59 à
1084 2268 55 56 la
1164 2267 282 72 mélodie,
1472 2268 401 80 l'appelaient,
1894 2289 155 59 pour
2082 2269 149 57 ainsi
2258 2269 125 57 dire
2409 2293 13 46 ;
2447 2269 150 57 mais

97 2353 110 60 très
240 2369 271 56 souvent,
548 2356 42 55 il
626 2354 302 79 suggérait
965 2377 72 36 au
1070 2358 294 56 musicien
1398 2357 54 57 le
1487 2354 190 61 motif
1701 2357 72 57 de
1804 2357 145 57 l'air.
1986 2354 16 28 5

270 2446 100 57 On
430 2458 297 55 trouvera,
779 2446 141 56 dans
972 2466 117 36 une
1139 2444 178 59 étude
1366 2446 73 57 de
1484 2447 131 76 Joie
1667 2447 202 57 Maria
1921 2447 216 57 Baroni
2188 2467 96 37 sur
2331 2447 57 57 la
2437 2446 161 58 lîrica

113 2532 252 58 musicale
682 2532 62 57 di
862 2533 352 70 Metastasio,
843 2532 16 25 6
896 2555 115 35 une
1047 2532 178 60 brève
1259 2536 234 79 analyse
1530 2536 96 56 des
1661 2535 194 58 divers
1894 2556 206 57 genres
2134 2533 430 82 poético-musi-

97 2643 148 36 caux
268 2623 148 79 qu'il
444 2623 173 56 traita
642 2643 12 36 :
1296 2625 319 70 Canzonette,
1616 2623 32 58 Ce
1652 2625 104 77 qui
1781 2645 146 37 nous
1952 2625 264 77 importe
2237 2625 330 77 principale-

207 2745 10 21 1
240 2746 98 38 Ibid.

205 2803 30 21 2
289 2806 62 35 Un
371 2801 123 40 talent
515 2818 87 23 sans
624 2802 129 53 lequel
775 2803 28 39 il
824 2813 56 29 est
901 2803 228 54 impossible
1160 2808 21 35 à
1214 2819 54 24 un
1300 2808 115 50 poète
1447 2806 47 37 de
1527 2804 91 39 bien
1652 2806 121 38 écrire
1806 2820 76 24 une
1914 2805 92 38 aria
2008 2836 10 17 ,
2057 2807 92 37 c'est
2170 2803 34 40 le
2225 2806 303 52 pressentiment
2549 2806 53 37 du

96 2860 128 47 chant,
249 2861 238 37 c'est-à-dire
518 2862 54 36 du
605 2864 195 36 caractère
823 2876 75 36 que
929 2861 87 39 l'air
1048 2864 84 36 doit
1155 2864 120 46 avoir,
1300 2864 48 36 de
1379 2862 197 39 l'étendue
1609 2862 100 52 qu'il
1740 2864 195 37 demande
1966 2872 38 29 et
2024 2864 53 36 du
2101 2872 258 29 mouvement
2381 2863 67 51 qui
2470 2860 56 40 lui
2549 2872 55 29 est

97 2931 147 39 propre.
322 2916 300 51 (Marmontel).

206 2973 13 22 3
242 2977 64 35 M.
334 2977 217 36 Francesco
575 2977 190 45 Piovano,
790 2977 67 49 qui
880 2980 162 49 prépare
1065 2991 76 23 une
1165 2975 292 55 bibliographie
1491 2977 323 47 Métastasienne,
1840 2976 134 39 évalue
1995 2978 21 37 à
2044 2992 103 23 1200
2171 2975 34 40 le
2227 2976 166 39 nombre
2415 2977 47 38 de
2484 2977 100 52 parti-

97 3032 99 37 tions
218 3036 223 48 composées
463 3046 65 23 sur
550 3033 64 37 des
637 3042 120 29 textes
780 3034 46 36 de
851 3035 227 36 Métastase.
1107 3036 49 47 (I.
1178 3036 64 36 M.
1269 3036 50 36 G.
1347 3035 184 37 oct.-déc.
1562 3036 136 48 1906).

206 3088 13 21 4
245 3091 160 49 Burney
426 3104 21 22 a
465 3093 105 34 tracé
591 3104 53 22 un
660 3091 168 51 portrait
844 3091 209 37 charmant
1067 3091 48 37 de
1134 3093 226 45 Métastase,
1378 3090 97 52 qu'il
1489 3092 56 36 vit
1559 3093 20 36 à
1596 3092 165 37 Vienne.
1781 3090 34 39 Il
1837 3091 114 47 avait,
1971 3090 118 48 dit-il,
2106 3105 77 24 une
2206 3091 271 37 conversation
2495 3104 108 39 pure,

99 3147 93 45 vive,
217 3147 108 37 aisée.
351 3146 35 38 Il
409 3147 93 37 était
524 3147 76 48 gai,
625 3146 182 48 aimable,
827 3146 105 53 plein
955 3149 47 36 de
1025 3149 172 44 charme,
1221 3149 285 37 extrêmement
1529 3148 92 53 poli.
1658 3147 34 38 Il
1724 3162 48 23 ne
1794 3149 190 52 disputait
2001 3149 153 49 jamais,
2181 3162 70 38 par
2272 3147 176 53 politesse
2477 3158 37 27 et
2535 3161 71 40 par

99 3202 217 40 indolence.
341 3205 146 49 Jamais
510 3203 27 38 il
559 3218 47 23 ne
628 3203 211 53 répliquait
861 3207 21 35 à
907 3218 76 24 une
1004 3206 247 52 proposition
1275 3210 171 33 erronée.
1473 3205 34 38 Il
1549 3206 178 37 n'aimait
1752 3220 66 38 pas
1846 3205 36 38 la
1903 3206 228 37 discussion.
2204 3204 35 39 Il
2267 3206 102 37 avait
2392 3219 41 24 ce
2468 3203 136 49 calme,

101 3269 95 28 cette
218 3261 125 37 douce
366 3262 208 37 harmonie
597 3264 122 48 qu'on
742 3271 182 28 retrouve
955 3263 96 36 dans
1083 3277 55 22 ses
1170 3263 124 46 écrits,
1329 3266 52 34 où
1413 3262 36 38 la
1480 3263 130 37 raison
1642 3261 72 39 fait
1735 3272 100 37 tout,
1859 3271 37 29 et
1913 3264 141 48 jamais
2075 3260 35 40 le
2131 3260 132 49 délire,
2288 3262 128 38 même
2437 3262 96 37 dans
2555 3261 52 40 les

104 3318 181 51 passions.

210 3379 13 16 0
242 3377 162 49 Burney
425 3384 161 29 raconte
609 3389 77 23 une
710 3377 273 36 conversation
1006 3385 109 29 entre
1138 3391 54 22 un
1215 3377 161 37 visiteur
1399 3375 150 50 anglais
1572 3385 37 29 et
1632 3378 226 37 Métastase.
1882 3375 220 50 L'Anglais
2124 3377 193 37 demande
2339 3377 30 38 si
2393 3377 215 38 Métastase

104 3433 62 36 n'a
187 3433 136 48 jamais
346 3434 73 35 mis
441 3431 208 39 lui-même
672 3446 53 25 un
749 3434 46 36 de
817 3447 55 24 ses
904 3437 135 49 opéras
1061 3448 48 23 en
1132 3434 193 51 musique.
1362 3436 215 36 Métastase
1609 3434 151 52 répond
1793 3448 75 36 que
1900 3447 94 33 non,
2020 3434 97 37 mais
2140 3432 99 53 qu'il
2260 3432 55 39 lui
2338 3443 55 28 est
2415 3434 124 38 arrivé
2561 3435 47 38 de

100 3488 154 38 donner
274 3504 49 24 au
346 3490 193 37 musicien
562 3488 52 39 les
637 3489 134 38 motifs
792 3490 48 38 de
861 3504 55 23 ses
937 3491 86 37 airs.

210 3546 14 22 6
245 3547 157 39 Rivista
417 3546 193 40 Musicale
630 3548 190 47 Italiana,
851 3561 117 35 1905.
