2862 4051
236 185 44 69 6

1321 177 61 69 S.
1452 176 53 70 ï.
1575 176 103 69 M.

235 332 320 82 expliquer
587 331 84 57 les
706 329 197 58 divers
936 323 330 63 caractères
1301 325 71 58 de
1407 345 58 37 sa
1501 323 171 82 pièce
1699 345 11 36 :
1873 320 295 81 Régulus,
2205 321 53 57 le
2303 318 178 60 héros
2514 318 256 70 romain,

235 421 314 83 supérieur
581 442 119 36 aux
736 420 287 81 passions,
1059 415 134 82 égal
1228 431 57 42 et
1320 417 232 58 serein..
1678 414 49 58 Il
1763 434 72 37 ne
1872 434 97 36 me
2002 412 241 79 plairait
2276 431 123 60 pas,
2436 410 185 71 dit-il,
2660 429 114 58 que

239 533 107 39 son
381 511 186 59 chant
593 525 59 44 et
672 510 55 57 la
750 509 283 80 musique
1057 508 105 80 qui
1184 506 526 80 l'accompagnent
1732 501 228 60 fussent
1979 501 216 79 jamais
2216 497 352 84 précipités,
2604 499 170 57 sinon

242 624 74 36 en
352 603 160 57 deux
548 623 78 36 ou
662 602 146 55 trois
841 598 268 58 endroits
1144 597 70 58 de
1237 597 269 68 l'œuvre,
1538 591 78 60 où
1639 607 321 44 ressortent
1988 593 81 56 les
2092 591 267 80 passions
2394 590 382 57 dominantes

245 693 71 57 de
377 688 276 81 Régulus
695 710 10 35 :
771 689 56 57 la
882 688 190 80 patrie
1144 699 60 44 et
1252 687 55 56 la
1359 687 192 77 gloire
1875 682 53 57 le
1979 680 209 59 consul
2239 679 296 69 Manlius,
2588 677 190 80 grand

244 782 274 70 homme,
572 795 137 66 trop
758 777 253 60 sensible
1062 776 30 58 à
1125 774 381 59 l'émulation
1533 800 13 45 ;
1705 772 297 70 Amilcar,
2039 768 282 60 Africain
2357 769 104 80 qui
2500 790 73 35 ne
2609 788 129 37 com-

247 871 190 81 prend
473 871 127 57 rien
635 890 118 37 aux
788 868 297 57 maximes
1119 866 300 57 romaines
1452 859 391 63 d'honnêteté
1880 875 57 43 et
1965 861 72 57 de
2063 859 242 80 justice,
2334 861 150 56 mais
2512 858 106 80 qui
2646 854 133 60 finit

248 983 107 59 par
388 962 204 56 envier
628 980 155 37 ceux
832 957 105 80 qui
973 979 34 58 y
1061 956 232 57 croient
1318 979 13 46 ;
1520 951 207 72 Barcé,
1764 951 153 58 belle
1951 966 57 42 et
2050 950 245 57 ardente
2337 947 337 71 Africaine,
2710 947 70 56 de

249 1049 446 82 tempérament
719 1068 357 51 amoureux,
1101 1046 403 79 uniquement
1532 1041 269 81 occupée
1829 1041 401 57 d'Amilcar...
2261 1055 113 42 etc.
2583 1038 200 56 Telles

249 1154 154 58 sont,
440 1162 72 35 en
549 1138 261 81 général,
845 1138 82 57 les
977 1135 458 81 physionomies
1486 1155 118 59 que
1644 1132 61 80 je
1755 1153 98 37 me
1904 1132 118 58 suis
2072 1127 257 83 proposé
2383 1129 72 57 de
2503 1144 277 42 retracer.

254 1230 167 57 Mais
457 1249 145 37 vous
636 1248 173 37 savez
845 1247 117 58 que
996 1226 53 56 le
1084 1225 257 79 pinceau
1391 1244 75 37 ne
1514 1223 118 58 suit
1668 1243 100 58 pas
1804 1220 270 80 toujours
2108 1220 54 56 le
2199 1219 193 58 dessin
2427 1218 71 58 de
2533 1218 247 80 l'esprit.

255 1319 164 59 C'est
454 1318 31 58 à
518 1338 167 51 vous,
736 1338 119 36 non
907 1315 198 58 moins
1155 1314 296 59 excellent
1500 1314 203 57 artiste
1753 1333 118 59 que
1914 1308 219 82 parfait
2168 1310 144 70 ami,
2348 1309 72 58 de
2453 1309 156 57 vêtir
2643 1328 142 37 avec

255 1430 116 36 une
405 1409 139 57 telle
578 1407 268 58 maîtrise
882 1426 125 37 mes
1043 1425 400 59 personnages
1478 1425 138 58 que,
1652 1403 174 57 sinon
1862 1422 107 60 par
2012 1402 81 56 les
2129 1400 169 58 traits
2332 1398 80 58 du
2449 1399 221 79 visage,
2707 1395 80 59 du

255 1500 197 57 moins
489 1520 104 58 par
626 1498 130 56 leur
793 1516 213 60 parure
1039 1508 57 45 et
1132 1515 106 59 par
1271 1494 130 58 leur
1451 1492 417 71 habillement,
1909 1491 69 57 ils
2012 1491 161 57 aient
2210 1511 117 37 une
2362 1484 425 61 individualité

254 1586 309 81 marquée.

438 1679 163 68 Puis,
639 1673 168 83 après
841 1675 168 58 avoir
1044 1673 114 58 mis
1193 1694 72 37 en
1299 1670 258 59 lumière
1590 1672 427 79 l'importance
2054 1670 99 58 des
2181 1666 293 61 récitatifs
2564 1663 226 61 animés

258 1789 105 60 par
395 1769 81 57 les
1012 1761 370 61 c'est-à-dire
1418 1761 99 59 des
2049 1760 42 57 il
2125 1760 253 79 indique
2414 1756 78 60 où
2528 1771 55 45 et
2621 1778 129 36 com-

259 1872 168 43 ment
464 1856 42 58 il
540 1854 130 58 faut
704 1875 73 36 en
813 1874 154 50 user,
1002 1853 144 57 dans
1179 1872 105 38 son
1322 1851 224 57 drame.

513 1947 167 57 Dans
713 1945 54 56 le
802 1943 264 80 premier
1100 1955 150 56 acte,
1277 1941 62 79 je
1373 1955 212 44 trouve
1637 1939 158 58 deux
1844 1939 287 70 endroits,
2169 1935 79 61 où
2284 1939 81 57 les
2399 1939 394 56 instruments

262 2051 261 66 peuvent
559 2034 269 59 m'aider.
868 2034 89 57 Le
991 2033 264 80 premier
1289 2046 84 43 est
1407 2032 55 57 la
1512 2030 307 80 harangue
1870 2030 285 58 d'Attilia
2190 2027 30 59 à
2260 2029 265 70 Manlio,
2564 2028 143 57 dans
2741 2028 53 56 la

262 2126 256 59 seconde
553 2123 194 71 scène,
781 2122 212 80 depuis
1026 2122 54 57 le
1115 2142 130 37 vers
1277 2142 11 37 :

1630 2253 66 55 A
1729 2250 94 58 che
2107 2272 170 58 vengo
2301 2251 23 57 !
2642 2250 100 58 Ah

520 2394 195 81 Après
748 2396 82 56 les
865 2392 231 82 paroles
1143 2415 36 34 a
1228 2392 94 57 che
1353 2414 169 58 vengo
1528 2441 13 22 ,
1579 2394 80 55 les
1693 2392 394 57 instruments
2129 2390 247 58 doivent
2412 2409 390 38 commencer

267 2486 32 59 à
349 2508 59 37 se
465 2484 146 59 faire
664 2484 310 68 entendre,
1025 2495 78 57 et,
1158 2482 197 58 tantôt
1412 2503 59 37 se
1519 2482 238 69 taisant,
1809 2481 195 57 tantôt
2055 2493 507 67 accompagnant,
2604 2479 195 57 tantôt

305 2574 386 80 rinforzando,
705 2574 230 57 donner
984 2571 73 58 de
1089 2573 54 56 la
1193 2571 247 58 chaleur
1489 2570 30 59 à
1570 2593 80 37 un
1702 2570 269 59 discours
2021 2568 128 81 déjà
2197 2566 314 83 passionné
2545 2590 107 59 par
2686 2568 87 57 lui-

268 2668 221 57 même.
544 2665 52 58 Il
645 2684 98 37 me
791 2663 238 81 plairait
1081 2663 179 79 qu'ils
1305 2662 577 58 n'abandonnassent
1919 2682 102 58 pas
2058 2660 236 70 Attilia,
2332 2673 176 44 avant
2541 2660 55 57 le
2630 2679 131 37 vers
2787 2679 10 36 :

1355 2792 94 58 La
1637 2789 253 59 barbara
2242 2811 61 36 or
2459 2790 143 80 quai
2798 2813 16 33 e

522 2935 70 77 Je
643 2933 155 57 crois
846 2931 74 58 de
968 2932 135 80 plus
1152 2931 150 80 qu'il
1351 2932 288 57 convient
1689 2930 74 58 de
1810 2951 58 37 se
1910 2930 212 81 garder
2158 2930 71 58 de
2262 2931 56 56 la
2351 2928 165 60 faute
2552 2928 71 60 de
2657 2927 150 60 faire

275 3024 271 60 attendre
581 3024 50 57 le
671 3021 293 58 chanteur
997 3022 135 79 plus
1183 3041 116 60 que
1349 3021 55 57 la
1452 3021 160 58 basse
1654 3021 159 57 seule
1847 3043 75 35 ne
1955 3021 240 79 l'exige.
2233 3021 206 57 Toute
2473 3021 53 56 la
2562 3018 246 59 chaleur

278 3116 80 57 du
393 3115 268 57 discours
705 3133 58 37 se
812 3109 367 59 refroidirait
1204 3134 14 47 ;
1270 3124 57 43 et
1376 3111 82 57 les
1492 3111 414 70 instruments,
1943 3131 71 36 au
2053 3111 121 56 lieu
2210 3110 316 71 d'animer,
2563 3109 210 58 énerve-

278 3206 192 56 raient
522 3204 54 56 le
626 3199 275 61 récitatif
939 3200 106 80 qui
1095 3201 175 57 serait
1321 3220 243 37 comme
1614 3222 78 35 un
1748 3199 236 58 tableau
2033 3197 195 82 coupé
2280 3220 71 37 en
2389 3220 328 37 morceaux
2752 3213 57 43 et

281 3290 240 83 relégué
556 3291 143 58 dans
732 3289 256 58 l'ombre
1014 3312 10 35 :
1062 3290 222 80 auquel
1318 3311 115 50 cas,
1470 3291 210 56 mieux
1715 3290 274 57 vaudrait
2041 3290 153 80 qu'il
2228 3290 101 79 n'y
2375 3311 73 35 en
2483 3290 103 57 eût
2623 3309 118 60 pas.

462 3382 219 58 Même
716 3379 561 60 recommandation
1306 3402 155 58 pour
1486 3382 53 56 la
1567 3378 294 82 septième
1884 3378 172 61 scène
2083 3380 72 58 de
2177 3380 177 58 l'acte
2385 3379 24 59 I
2437 3402 12 36 :
2553 3380 258 59 J'insiste

282 3474 71 59 de
389 3493 275 39 nouveau
701 3492 155 60 pour
893 3492 117 59 que
1043 3471 254 57 l'acteur
1332 3492 72 36 ne
1439 3471 113 57 soit
1586 3491 105 60 pas
1725 3469 202 80 obligé
1964 3469 336 59 d'attendre
2334 3471 55 57 la
2425 3471 302 78 musique,
2755 3483 56 45 et

281 3585 119 58 que
451 3584 72 36 ne
574 3582 56 37 se
680 3559 337 60 refroidisse
1067 3581 104 60 pas
1219 3561 148 57 ainsi
1404 3561 54 57 la
1492 3559 248 59 chaleur
1776 3559 402 82 dramatique,
2216 3581 118 58 que
2360 3559 62 80 je
2458 3558 190 60 désire
2681 3561 132 57 voir
