2862 4051
1344 130 64 67 S.
1475 130 52 67 I.
1596 129 106 68 M.

270 146 107 64 44

448 270 86 59 Ce
567 293 234 60 groupe
852 271 194 63 forme
1082 276 210 72 rondo,
1343 276 372 61 c'est-à-dire
1766 278 151 80 qu'il
1964 276 261 82 reparaît
2260 278 31 58 à
2331 280 295 79 plusieurs
2658 283 128 77 fois,

267 372 337 65 ponctuant
638 362 54 57 le
741 362 267 61 discours
1042 368 273 58 musical.
1369 368 101 60 On
1521 388 385 60 remarquera
1953 387 104 38 son
2104 369 184 57 allure
2324 368 378 84 dramatique
2734 391 54 44 et

269 463 287 64 pourtant
607 450 114 61 très
1275 454 245 82 musique
1836 470 164 66 pure.
1268 458 175 59 Nous
1492 478 261 39 sommes
1802 458 81 57 ici
1930 478 74 37 au
2040 459 173 79 point
2260 461 340 58 culminant
2637 463 69 57 de
2738 466 52 59 la

270 537 168 60 crise.
491 539 301 61 L'animal
849 542 83 81 (je
976 544 293 60 demande
1319 547 227 80 pardon
1584 546 32 58 à
1659 546 282 80 l'auteur)
1995 567 58 38 se
2100 547 241 60 cambre
2387 548 71 59 de
2505 565 135 44 tout
2688 574 100 40 son

267 630 262 74 pouvoir
584 651 129 40 vers
768 633 81 59 les
905 633 212 60 hautes
1174 635 239 80 régions
1470 636 73 58 de
1591 637 147 60 l'art.
1799 636 182 58 Aussi
2038 637 249 60 n'avons
2335 660 151 37 nous
2541 641 133 80 plus
2722 644 68 59 de

269 736 322 42 nouveaux
624 743 399 61 personnages
1073 724 393 82 mélodiques.
1507 727 114 57 Les
1657 725 235 61 thèmes
1939 739 228 44 sortent
2208 727 83 59 les
2325 749 108 38 uns
2466 729 101 59 des
2602 746 189 47 autres

269 826 108 58 par
411 829 118 38 une
577 810 351 80 génération
965 815 308 71 naturelle,
1324 838 108 58 par
1466 838 79 35 un
1596 816 179 57 effort
1812 816 71 57 de
1934 818 381 71 contention,
2367 820 104 79 qui
2523 840 74 37 ne
2630 821 161 61 laisse

269 914 103 60 pas
406 899 72 58 de
514 899 368 61 désorienter
918 925 80 36 un
1031 925 137 59 peu.
1209 904 194 82 Après
1440 908 78 67 A,
1554 906 164 58 voici
1756 906 46 58 B
1835 928 11 36 :

265 2347 107 78 qui
407 2369 72 37 en
514 2350 202 60 dérive
764 2352 511 74 manifestement,
1312 2356 150 59 mais
1511 2359 107 77 qui
1671 2379 150 38 nous
1870 2360 263 57 conduit
2183 2360 143 58 dans
2376 2361 99 59 des
2518 2382 279 62 paysages

269 2435 441 85 tristanesques,
748 2440 77 60 où
860 2444 54 56 la
948 2457 160 44 mort
1143 2443 319 59 s'annonce
1498 2445 148 79 déjà.
