2862 4051
553 197 147 69 UN
761 197 602 80 QUINTETTE
1429 202 132 71 DE
1630 205 432 71 FANELLI

2449 232 99 69 43

228 1252 183 56 L'âne
445 1253 206 58 s'est-il
695 1275 264 37 souvenu
1010 1255 98 58 des
1144 1272 194 64 temps
1386 1258 258 69 anciens,
1691 1255 77 60 où
1815 1258 119 58 l'on
1969 1258 170 59 fêtait
2172 1259 31 57 à
2236 1258 221 81 l'église
2494 1280 57 37 sa

50 1340 238 80 joyeuse
322 1341 340 79 popularité
690 1345 19 56 ?

229 1571 108 57 Pas
386 1570 70 58 de
507 1589 393 40 mouvement
947 1575 142 57 lent.
1145 1575 97 57 On
1294 1575 199 57 devait
1538 1576 311 57 s'attendre
1885 1575 31 58 à
1950 1591 156 43 cette
2152 1578 395 79 suppression.

56 1660 79 57 Le
192 1658 94 58 bel
342 1660 212 80 adagio
605 1661 100 58 eût
761 1660 93 59 été
903 1665 295 56 contraire
1255 1662 31 59 à
1341 1665 55 56 la
1452 1663 232 59 donnée
1739 1666 197 56 même
1993 1665 70 57 de
2120 1680 156 44 cette
2324 1688 221 38 œuvre.

58 1747 69 57 M
134 1750 16 20 e
183 1749 229 57 Baudet
469 1751 165 56 laisse
684 1750 30 58 à
771 1751 99 57 des
926 1752 283 58 animaux
1260 1754 130 78 plus
1446 1751 269 60 fortunés
1763 1755 51 56 le
1871 1755 127 57 soin
2049 1755 71 57 de
2170 1756 52 56 la
2272 1757 276 78 musique

55 1834 250 61 éthérée.

226 1926 160 57 C'est
419 1926 157 59 donc
610 1949 215 36 encore
875 1949 78 36 un
988 1929 238 79 Allegro
1258 1929 285 80 salvaggio
1578 1952 25 34 e
1635 1942 253 45 maestoso
1937 1933 103 77 qui
2090 1929 257 60 formera
2393 1947 155 43 cette

52 2014 299 58 troisième
403 2030 57 42 et
505 2015 269 59 dernière
822 2019 207 78 partie,
1082 2019 55 56 la
1185 2020 191 77 partie
1425 2020 54 56 la
1527 2020 132 78 plus
1706 2018 152 72 osée,
1895 2036 56 41 et
1998 2019 451 80 probablement
2495 2022 53 57 la

52 2104 126 79 plus
214 2105 180 56 ardue
430 2126 152 58 pour
615 2105 318 58 l'auditeur
981 2128 119 36 non
1151 2105 284 80 prévenu.
1476 2108 98 57 On
1626 2108 225 57 devrait
1900 2109 52 56 la
1987 2130 277 36 nommer
2299 2110 55 56 la
2388 2124 159 44 mort

52 2192 66 57 de
151 2193 171 70 l'âne,
360 2191 77 59 où
470 2194 55 57 la
558 2196 150 55 lutte
742 2192 173 59 finale
949 2211 165 42 entre
1147 2197 54 56 la
1235 2194 279 59 brutalité
1550 2211 57 42 et
1641 2197 52 56 le
1728 2198 320 56 sentiment
2084 2198 78 57 du
2200 2198 165 59 beau.

226 2282 181 57 Deux
441 2282 158 58 idées
632 2284 337 78 s'opposent
1006 2283 98 59 dès
1136 2284 53 58 le
1228 2283 205 73 début,
1471 2284 310 79 parodiant
1818 2306 142 37 avec
1997 2307 114 36 une
2144 2288 139 78 âpre
2318 2286 226 80 gravité

51 2368 48 57 le
134 2371 85 57 cri
256 2370 127 79 déjà
417 2392 199 36 connu
654 2372 56 56 A
745 2392 10 36 :
