2862 4051
765 587 836 102 Madeleine
1694 587 650 102 Bonnard

710 898 79 40 est
832 886 96 52 née
970 886 27 54 à
1040 887 165 54 Paris.
1239 890 223 72 Dirigée
1504 890 68 52 de
1613 890 106 52 très
1763 891 177 52 bonne
1984 893 167 52 heure
2191 913 123 33 vers
2352 894 49 52 la

709 988 270 72 musique,
1011 989 100 53 elle
1139 1004 151 52 reçut
1328 1012 107 33 une
1478 993 323 53 instruction
1830 995 249 72 générale
2108 995 293 54 excellente

710 1108 105 54 que
844 1091 390 71 complétèrent
1257 1093 178 54 divers
1465 1094 209 74 séjours
1699 1097 125 51 hors
1854 1097 67 53 de
1945 1098 219 68 France,
2191 1111 176 41 notam-

710 1204 150 39 ment
909 1211 64 32 en
1023 1194 326 72 Angleterre
1408 1210 52 39 et
1515 1218 66 31 en
1631 1197 339 74 Allemagne,
2022 1211 50 41 et
2128 1213 149 40 entra
2334 1221 68 32 au

711 1293 415 54 Conservatoire
1158 1296 253 54 National
1444 1298 67 53 de
1544 1301 268 72 Musique
1855 1301 131 53 dans
2031 1301 48 53 la
2127 1303 163 52 classe
2334 1304 67 53 de

709 1394 158 52 chant
896 1394 202 74 dirigée
1148 1418 91 51 par
1272 1401 85 52 M.
1393 1401 264 53 Dubulle.
1689 1404 151 51 Avec
1882 1402 75 53 les
2001 1404 228 54 conseils
2267 1404 133 54 d'un

711 1496 71 52 tel
841 1500 204 67 maître,
1102 1500 76 53 les
1237 1502 244 53 heureux
1537 1505 137 52 dons
1731 1505 66 53 de
1854 1506 67 51 M
1928 1503 40 28 Ue
2022 1508 256 53 Bonnard
2334 1529 67 33 ne

710 1600 270 53 tardèrent
1022 1623 92 51 pas
1156 1604 27 52 à
1227 1624 54 33 se
1324 1605 350 74 développer.
1717 1609 91 51 Au
1850 1628 261 34 concours
2150 1611 67 52 de
2255 1630 146 52 1910

710 1700 101 55 elle
832 1705 316 70 remportait
1177 1727 74 32 un
1290 1709 233 70 premier
1552 1710 117 70 prix
1714 1710 66 52 de
1810 1712 160 53 chant
1998 1724 53 41 et
2095 1733 74 32 un
2201 1714 201 54 second

710 1806 115 71 prix
855 1806 516 77 d'opéra-comique.

785 1909 78 52 La
899 1910 169 72 jeune
1117 1912 235 55 lauréate
1410 1935 55 32 se
1511 1915 210 53 destina
1763 1917 226 52 aussitôt
2029 1938 68 33 au
2147 1919 251 53 Concert.

710 2011 87 52 Ne
818 2014 407 70 possède-t-elle
1252 2036 90 52 pas
1365 2016 76 54 les
1465 2019 226 71 qualités
1716 2020 109 73 qui,
1846 2019 64 69 là,
1937 2033 123 41 sont
2083 2022 317 53 nécessaires

709 2127 52 39 et
791 2112 118 54 font
937 2116 78 52 les
1045 2118 207 52 artistes
1284 2118 66 53 de
1380 2140 115 33 race
1521 2121 18 52 ?

787 2217 107 52 Son
924 2220 394 71 irréprochable
1350 2222 201 54 diction
1592 2225 89 71 (en
1719 2222 221 69 français
1985 2246 72 33 ou
2093 2248 65 31 en
2202 2227 198 74 langue

707 2319 325 73 étrangère),
1055 2342 52 31 sa
1138 2324 299 53 musicalité
1468 2328 446 69 compréhensive
1945 2343 51 38 et
2026 2349 54 32 sa
2108 2328 193 54 facilité
2333 2331 67 51 de

706 2420 203 54 lecture
941 2443 65 32 ne
1035 2423 234 54 limitent
1304 2446 90 52 pas
1425 2447 56 32 ce
1504 2428 167 74 jeune
1703 2429 166 54 talent
1899 2430 26 54 à
1953 2429 48 54 la
2031 2432 251 73 musique
2307 2433 93 52 des

705 2526 164 51 vieux
898 2530 231 50 maîtres.
1150 2528 107 52 Les
1277 2532 395 70 compositeurs
1697 2532 405 74 d'aujourd'hui
2222 2537 179 52 même

705 2626 76 52 les
822 2627 119 71 plus
971 2630 477 54 audacieusement
1490 2634 289 52 modernes
1912 2649 260 41 trouvent
2201 2658 63 32 en
2297 2639 103 53 elle

706 2751 105 31 une
836 2731 293 73 interprète
1159 2735 223 68 avertie,
1413 2756 105 53 que
1543 2737 425 54 n'effarouchent
1989 2743 52 49 ni
2070 2740 76 54 les
2170 2743 198 72 change-

706 2845 177 39 ments
913 2834 67 52 de
1010 2855 214 33 mesure
1257 2837 52 51 ni
1341 2837 76 52 les
1449 2839 366 52 modulations
1846 2841 359 56 inattendues.

782 2936 183 66 Enfin,
998 2956 94 32 son
1125 2940 213 52 activité
1369 2941 278 74 artistique
1688 2942 125 54 s'est
1843 2945 209 53 d'autre
2083 2960 116 58 part
2231 2949 135 52 mani-

703 3035 166 55 festée
899 3058 90 52 par
1027 3039 49 53 la
1117 3040 234 53 création
1393 3043 75 52 du
1506 3045 255 69 Quartette
1794 3048 151 51 Vocal
1967 3049 59 51 de
2062 3050 150 52 Taris
2215 3093 14 25 ,
2260 3052 138 52 dont

702 3138 78 53 les
823 3142 291 70 premières
1156 3157 309 39 rencontres
1497 3166 127 33 avec
1652 3147 48 52 le
1732 3148 180 71 public
1942 3163 97 40 ont
2067 3152 99 67 été,
2198 3153 27 52 à
2246 3152 152 74 juste

705 3242 142 67 titre,
879 3239 106 56 fort
1016 3247 359 70 remarquées.

2150 3382 66 52 G.
2250 3383 66 51 K.
