5207 7229
218 6916 82 37 234

198 384 819 108 Vorschmack

201 570 89 50 Ein
321 571 217 49 Brevier
567 574 92 47 des
690 570 352 50 Geschmacks

295 700 92 49 Die
430 702 254 47 Literatur
731 701 163 54 dringt
940 699 47 47 in
1029 701 183 46 .immer
1256 698 215 48 weitere
1517 696 192 55 Kreise.

200 782 70 51 Zu
307 782 372 52 Weihnachten
720 786 64 47 ist
819 784 91 49 das
945 782 271 49 Bedürfnis
1254 783 130 48 nach
1421 784 154 54 guten
1613 780 65 49 Bü-

200 868 156 49 chern
402 871 64 45 im
517 868 279 49 deutschen
842 867 131 49 Volk
1020 867 317 49 vorhanden.
1416 864 84 51 Sie
1550 866 157 49 sollen

202 953 134 48 nicht
390 953 95 47 viel
539 951 200 50 kosten.
820 951 94 48 Die
964 950 307 55 Konfektion
1326 955 135 51 trägt
1517 951 191 49 diesem

200 1036 288 57 Verlangen
524 1035 293 57 Rechnung.
885 1036 69 49 Ist
991 1038 73 47 sie
1099 1034 161 50 höher
1293 1036 74 49 als
1400 1032 108 52 fünf
1544 1033 166 54 Mark,

198 1120 162 50 erhält
397 1137 118 34 man
552 1124 43 46 in
634 1124 172 45 einem
835 1120 334 57 Spezialhaus
1206 1121 77 48 für
1322 1121 133 49 feine
1491 1120 190 49 Herren-

202 1210 389 52 ausstattungen
645 1205 132 49 feine
831 1206 100 48 und
983 1206 480 56 feinausgestattete
1512 1205 168 48 Litera-

198 1293 81 45 tur
314 1295 247 44 umsonst.
625 1289 93 50 Die
754 1290 282 54 Krawatte.
1103 1289 90 50 Ein
1230 1290 215 50 Brevier
1483 1291 90 48 des
1606 1288 68 49 Ge-

200 1374 288 50 schmacks.
564 1411 41 22 „.
644 1412 9 9 .
693 1414 8 10 .
743 1374 111 49 Wir
895 1375 168 48 haben
1107 1375 139 59 alles,
1290 1389 113 36 was
1446 1387 115 35 man
1605 1385 103 34 von

202 1461 89 46 der
341 1458 267 56 Krawatte
660 1458 149 59 weiß,
890 1458 364 60 Historisches,
1307 1456 402 57 Aesthetisches,

199 1541 281 61 Ethisches,
530 1543 350 61 Praktisches,
928 1525 332 77 Alltägliches
1310 1543 97 50 und
1456 1540 253 57 Witziges

197 1629 306 54 gesammelt
551 1629 99 48 und
699 1629 503 58 zusammengestellt
1253 1629 99 48 und
1402 1626 76 48 he
1500 1640 22 34 r
1542 1639 126 34 vor-

200 1726 69 34 r.a
291 1726 75 42 ge
390 1713 82 48 nd
494 1728 25 33 e
572 1711 385 62 Schriftsteller,
1010 1714 79 48 die
1140 1725 98 35 we
1259 1711 61 46 iß
1374 1710 174 47 Gott
1602 1707 108 50 sich

199 1801 209 44 sonst
448 1799 81 46 mi
550 1800 17 45 t
606 1802 408 45 ernsteren
1055 1797 269 53 Dingen
1370 1792 300 49 beschäf-

198 1883 221 56 tigen,
447 1881 169 49 halfen
649 1897 93 37 uns
770 1883 82 49 bei
885 1883 191 49 diesem
1108 1881 136 48 nicht
1275 1879 216 50 leichten
1522 1878 156 49 Unter-

199 1966 233 49 nehmen.
504 1966 177 60 Leute,
727 1968 77 48 die
843 1966 124 50 auch
1011 1966 76 48 für
1132 1966 91 50 das
1268 1962 397 51 Oberfläch-

198 2049 194 50 liche
426 2052 83 48 ein
550 2052 227 48 tiefes
815 2050 338 49 Verständnis
1191 2049 166 50 haben
1399 2088 9 8 .
1449 2091 10 9 .
1614 2048 94 48 Die

197 2133 383 61 Herausgeber,
625 2138 77 47 die
744 2137 107 47 sich
896 2148 74 38 so
990 2149 29 34 n
1041 2148 26 35 s
1086 2139 17 44 t
1146 2137 90 45 mit
1280 2138 267 45 ernsteren
1592 2133 90 48 Din-

199 2234 97 42 gen
334 2221 350 56 beschäftigen
727 2221 96 47 und
861 2234 92 34 nur
994 2219 440 49 ausnahmsweise
1475 2218 203 53 Krawat-

201 2304 388 56 tengeschäften
637 2303 180 55 helfen,
865 2303 204 50 heißen:
1155 2303 231 50 Edmund
1438 2301 139 59 Edel,
1627 2300 83 49 W.

198 2386 150 61 Fred,
379 2389 140 49 Hans
548 2387 161 49 Heinz
735 2387 197 57 Ewers,
962 2387 148 54 Roda
1140 2387 157 54 Roda,
1328 2387 154 49 Diese
1514 2390 168 45 ernste-

201 2488 90 33 ren
332 2473 367 48 Schriftsteller
736 2473 164 49 haben
943 2487 23 34 s
989 2487 30 35 o
1039 2487 30 34 n
1092 2487 23 34 s
1140 2477 15 44 t
1195 2472 79 48 für
1315 2473 91 49 das
1445 2470 144 51 Tiefe
1632 2473 77 46 ein

202 2557 420 50 oberflächliches
660 2557 360 50 Verständnis,
1097 2555 122 51 Man
1267 2557 128 48 wird
1450 2557 107 47 sich
1602 2556 108 50 also

200 2643 136 48 nicht
370 2657 61 33 zu
467 2643 116 48 sehr
620 2643 265 52 wundern,
921 2640 96 50 daß
1050 2645 72 49 sie
1159 2642 440 49 ausnahmsweise
1632 2641 78 48 für

203 2729 91 47 das
346 2724 411 51 Oberflächliche
810 2728 79 47 ein
937 2728 147 49 tiefes
1136 2726 338 48 Verständnis
1528 2725 182 47 haben.

199 2810 122 49 Man
357 2812 239 49 wundert
630 2811 106 50 sich
773 2811 292 58 höchstens,
1102 2811 94 49 daß
1235 2811 130 47 Herr
1401 2809 182 51 Ewers
1621 2811 89 47 das

202 2899 144 46 einen
385 2899 169 46 seines
589 2896 324 49 Vornamens
948 2895 143 50 Hans
1133 2895 251 59 abgelegt,
1424 2895 100 48 und
1566 2893 144 50 dafür

200 2980 436 57 achtundsechzig
677 2981 299 52 Krawatten
1023 2982 114 48 dem
1181 2980 318 49 staunenden
1540 2978 142 49 Publi-

200 3065 119 49 kum
359 3065 337 56 angebunden
732 3065 101 50 hat.
902 3065 132 49 Herr
1071 3065 200 49 Doktor
1311 3064 182 50 Ewers
1527 3064 89 48 hat
1655 3076 55 34 es

201 3149 205 49 schwer
446 3150 83 49 auf
570 3151 166 48 dieser
777 3148 149 50 Erde.
999 3148 278 50 Entweder
1322 3152 130 52 speit
1495 3148 80 48 ihn
1621 3150 90 47 das

198 3234 250 49 -deutsche
488 3233 131 49 Volk
659 3249 79 37 an,
775 3236 100 46 wie
918 3250 53 32 er
1014 3236 46 47 in
1101 3236 138 47 einer
1282 3232 430 54 Reklameschrift

201 3320 169 49 seines
398 3318 218 56 Verlags
644 3318 238 58 bekennt,
912 3320 124 47 oder
1071 3320 91 48 das
1195 3317 246 50 deutsche
1467 3315 132 51 Volk
1627 3318 59 48 be-

199 3403 176 56 lästigt
422 3402 79 50 ihn
552 3406 88 45 mit
690 3404 87 47 der
825 3402 136 49 Bitte
1010 3418 82 33 um
1139 3402 383 58 Autogramme.
1605 3401 106 48 Das

203 3488 246 48 deutsche
503 3486 125 50 Volk
681 3488 225 48 schreibt
959 3490 243 46 meistens
1253 3501 62 35 an
1370 3486 102 49 ihn:
1560 3485 124 57 „Ver-

203 3572 171 48 ehrter
738 3570 121 51 Man
894 3572 195 50 erzählt
1124 3571 114 59 ihm,
1268 3570 101 51 daß
1405 3585 116 33 man
1555 3568 158 51 schon

202 3656 370 56 Autogramme
608 3671 98 34 von
738 3656 207 58 Herzog
975 3657 197 48 besitze
1206 3650 244 62 (gemeint
1484 3658 60 46 ist
1578 3654 136 49 nicht

205 3742 88 46 der
325 3740 538 58 Linterschriftsteller,
899 3742 87 47 der
1020 3744 44 45 in
1101 3744 86 46 der
1222 3742 212 55 vorigen
1470 3739 244 49 Nummer

204 3826 168 48 dieser
415 3824 290 51 Zeitschrift
752 3825 154 49 durch
955 3825 280 49 Fettdruck
1283 3825 428 56 hervorgehoben

202 3910 197 59 wurde,
438 3911 222 48 sondern
702 3911 87 48 der
829 3909 157 58 große
1024 3903 222 62 Rudolf).
1318 3910 60 49 Ja
1417 3921 154 44 sogar
1609 3923 104 34 von

202 3993 271 60 Frenssen,
514 3993 291 59 Eulenburg
843 3997 100 47 und
986 3993 126 50 Otto
1154 3994 153 51 Ernst
1348 3997 188 47 besitzt
1580 4009 134 35 man.

201 4076 291 52 Manchmal
539 4078 196 53 schickt
783 4082 91 49 das
916 4080 252 50 'deutsche
1213 4080 130 49 Volk
1395 4082 114 48 dem
1552 4080 162 49 Autor

202 4163 131 48 auch
370 4164 140 49 seine
547 4163 202 50 Bücher
788 4164 207 57 zurück,
1033 4167 118 46 weil
1191 4180 54 34 es
1286 4180 60 44 „n
1367 4180 28 33 a
1417 4180 29 33 c
1466 4165 29 48 h
1516 4169 17 44 t
1554 4179 21 32 r
1597 4168 81 52 äg
1696 4194 19 7 -

202 4247 142 49 lieh
384 4249 130 47 noch
550 4253 140 44 etwa
723 4247 525 51 Geistreiches
1285 4248 405 59 hineingeschrie-

203 4332 98 48 ben
337 4331 166 51 haben
759 4333 183 50 Dieses
975 4334 289 57 Verlangen
1305 4336 90 49 des
1434 4335 280 49 deutschen

202 4415 193 51 Volkes
436 4417 137 49 kann
620 4432 115 35 man
779 4419 85 48 bei
907 4418 229 49 Werken
1186 4423 88 48 des
1319 4419 165 49 Herrn
1532 4418 183 49 Ewers

206 4501 277 55 begreifen.
564 4501 114 49 Wie
731 4503 123 49 aber
903 4503 89 48 soll
1051 4504 77 48 die
1175 4502 257 51 Literatur
1483 4506 89 48 mit
1627 4506 87 46 der

204 4584 269 55 Krawatte
511 4579 277 58 verknotet
819 4588 226 48 werden.
1112 4585 123 51 Man
1270 4588 117 47 muß
1428 4589 77 47 die
1545 4589 139 47 dämo-

206 4671 174 46 nische
417 4669 273 51 Phantasie
729 4673 88 48 des
854 4672 229 49 Doktors
1116 4672 183 49 Ewers
1338 4673 244 48 besitzen.
1649 4672 66 47 Er

207 4756 217 48 erfindet
469 4755 135 49 kraft
650 4760 167 45 seiner
862 4757 179 49 Gaben
1087 4760 110 45 eine
1246 4758 176 58 Dame,
1472 4759 75 47 die
1598 4758 90 53 Kra-

208 4844 194 44 watten
436 4854 103 33 von
576 4840 117 47 sehr
725 4841 302 50 berühmten
1062 4841 243 50 Dichtern
1340 4856 161 42 gegen
1537 4842 177 50 Gaben

208 4939 60 33 an
323 4939 139 34 arme
512 4924 161 50 Leute
724 4926 250 48 sammelt.
1056 4925 110 49 Und
1222 4928 62 50 da
1331 4926 132 50 Herr
1516 4926 200 49 Doktor

206 5008 182 52 Ewers
428 5024 95 33 nun
565 5010 182 48 einmal
788 5009 297 49 dämonisch
1124 5013 77 55 ist,
1240 5011 234 49 versteht
1516 5027 54 36 es
1610 5011 105 49 sich

208 5108 102 33 von
344 5095 176 57 selbst,
556 5094 94 48 daß
687 5097 109 46 eine
832 5093 193 59 „Dame
1060 5109 100 33 von
1393 5097 179 47 darauf
1604 5096 85 47 her-

209 5180 206 59 einfällt,
454 5179 80 48 ihn
573 5192 80 35 um
692 5182 144 46 einen
873 5178 258 48 Dichte
1153 5193 22 32 r
1199 5193 22 33 s
1243 5194 25 32 c
1291 5180 31 46 h
1341 5180 45 46 15
1412 5194 29 41 p
1462 5196 22 33 s
1526 5196 60 32 zu
1627 5182 69 46 bit-

210 5263 108 48 ten!
397 5262 129 49 Herr
571 5263 199 49 Doktor
813 5263 181 49 Ewers
1041 5264 135 48 ladet
1224 5266 76 46 die
1347 5264 164 56 adlige
1556 5264 163 48 Dame

210 5362 62 33 zu
309 5348 122 57 sich,
472 5350 128 46 denn
639 5351 71 46 sie
744 5349 179 49 wollte
963 5351 142 46 einen
1142 5349 80 48 für
1257 5350 139 49 seine
1436 5350 257 47 Individua-

210 5435 109 47 lität
365 5433 522 50 charakteristischen
933 5434 199 55 Schlips
1174 5433 192 50 haben:
1428 5434 169 58 „Aber
1642 5436 77 47 ich

208 5519 119 47 fand
371 5518 159 60 nicht;
577 5522 146 45 unter
764 5521 200 46 meinen
1009 5518 435 57 achtundsechzig
1487 5517 201 54 Krawat-

211 5607 82 42 ten
342 5603 304 49 vermochte
729 5605 77 47 ich
887 5603 129 49 nach
1096 5605 372 55 einstündigem
1519 5602 202 48 Suchen

213 5688 254 48 durchaus
506 5688 136 48 nicht
688 5690 76 47 die
807 5703 59 34 zu
910 5689 187 58 finden,
1142 5689 76 48 die
1262 5689 78 48 für
1382 5691 164 46 meine
1591 5688 104 48 Indi-

212 5773 268 47 vidualität
516 5787 81 33 am
635 5772 600 49 charakteristischesten
1468 5773 93 48 Die
1596 5772 93 52 Kra-

211 5861 195 43 watten
451 5857 224 48 reichten
719 5872 143 34 zwar
904 5872 107 43 aus,
1052 5859 122 48 aber
1222 5859 75 48 die
1343 5858 379 49 Individualität

211 5954 113 36 war
369 5940 137 49 nicht
554 5942 316 49 vorhanden.
949 5941 71 49 So
1069 5942 191 50 konnte
1340 5942 132 50 Herr
1522 5942 200 48 Doktor

210 6024 183 50 Ewers
438 6025 247 49 natürlich
732 6026 146 57 lange
926 6026 206 50 suchen.
1207 6026 93 49 Die
1350 6029 163 56 adlige
1559 6026 162 49 Dame

213 6110 116 47 kam
375 6111 133 48 also:
569 6109 118 59 „Ich
734 6111 205 50 schicke
988 6114 197 47 meinen
1234 6113 262 53 Sekretär,
1544 6114 69 48 sie
1660 6127 61 33 zu

487 6194 229 49 Nämlich
766 6196 76 46 die
889 6195 247 55 Schlipse,
1213 6196 94 49 Die
1354 6196 162 50 Dame
1562 6196 160 49 besaß

213 6277 234 57 Schlipse
494 6294 104 34 von
645 6279 215 58 Goethe,
923 6279 53 49 E,
1023 6280 91 49 Th.
1158 6282 58 47 A.
1264 6282 288 58 Hoffmann,
1599 6282 94 48 Ver-

213 6365 148 57 laine,
390 6361 171 50 Oskar
588 6363 167 49 Wilde
782 6366 97 46 und
907 6363 223 63 Tolstoi;
1164 6383 53 34 es
1245 6367 155 50 fehlte
1432 6367 72 48 ihr
1536 6369 163 53 eigent-

216 6448 94 48 lich
345 6450 109 47 also
484 6463 93 33 nur
611 6450 197 48 Doktor
840 6448 197 50 Ewers.
1086 6450 103 50 Der
1224 6452 204 49 ersucht
1463 6454 87 54 sie,
1583 6455 139 46 seine

215 6533 379 49 Individualität
633 6538 146 44 unter
823 6536 92 46 den
959 6533 264 57 Schlipsen
1269 6551 57 32 zu
1371 6536 184 50 finden.
1631 6535 94 49 Mit

217 6615 371 59 „Kennerblick
594 6618 28 18 44
655 6632 97 43 zog
788 6621 69 45 sie
893 6621 140 47 einen
1065 6621 436 49 mauvefarbenen
1536 6621 189 50 Binder

216 6700 187 50 heraus
448 6704 97 47 und
594 6703 167 50 stellte
811 6704 114 56 fest,
975 6703 95 50 daß
1119 6704 130 49 Herr
1297 6705 200 50 Doktor
1544 6705 182 49 Ewers

296 6771 11 14 y
309 6766 3 19 .
662 6766 3 19 '
780 6768 6 12 *.
793 6766 4 19 *
899 6766 4 19 *
1439 6766 7 15 t

217 6785 267 59 „Erotiker
490 6787 27 17 44
550 6789 78 46 ist.
689 6787 136 49 Aber
859 6789 125 47 auch
1020 6790 137 46 diese
1188 6788 343 60 Feststellung
1561 6792 165 48 seiner

1846 386 380 51 Individualität
2276 387 184 57 gelang
2512 388 72 48 ihr
2636 396 139 41 etwa
2823 389 138 49 nicht
3045 389 158 49 durch
3259 390 95 47 den

1842 471 436 50 mauvefarbenen
2310 470 210 60 Binder,
2556 472 222 52 sondern
2814 475 157 48 durch
3010 475 77 49 ein
3123 474 198 50 schwar-

1844 569 87 38 zes
1983 555 155 58 Haar,
2190 557 91 47 das
2333 557 155 48 daran
2538 557 132 56 hing.
2753 555 122 52 Man
2927 562 64 47 ist
3046 559 307 49 enttäuscht.

1845 639 127 50 Herr
2008 639 200 50 Doktor
2246 637 198 61 Ewers,
2486 643 88 47 der
2615 642 103 49 sich
2756 657 100 35 nun
2897 646 158 49 schon
3092 645 263 54 jahrelang

1842 726 89 47 mit
1995 725 157 48 feiner
2215 723 446 60 Herrenkleidung
2721 727 89 48 der
2872 726 170 55 Firma
3090 728 263 51 Hermann

1839 807 275 50 Hoffmann
2155 807 190 60 befaßt,
2389 811 210 49 säubert
2641 812 137 48 nicht
2816 813 186 49 einmal
3044 817 140 47 seine
3225 813 95 54 Kra-

1842 897 210 52 watten,
2128 894 167 48 bevor
2344 909 55 33 er
2445 897 88 57 sie,
2582 896 131 49 nach
2758 897 88 48 der
2894 896 290 54 Vorschrift
3264 900 88 47 des

1841 975 164 50 Herrn
2053 976 242 53 Dichters
2339 978 233 49 Edmund
2619 978 124 51 Edel
2793 980 240 58 weglegt.
3114 982 122 51 Mau
3289 985 61 46 ist

1842 1060 308 50 enttäuscht.
2224 1060 110 50 Und
2377 1077 117 35 man
2536 1064 130 51 sieht
2707 1066 211 52 wieder,
2962 1066 95 50 daß
3105 1083 55 35 es
3202 1066 126 50 leich-

1842 1149 74 44 ter
1951 1147 79 57 ist,
2066 1149 45 46 in
2143 1145 254 61 Büchern,
2433 1149 74 49 als
2540 1150 90 49 mit
2665 1149 302 55 Krawatten
3003 1152 320 50 aufzuschnei-

1842 1229 111 47 den.
2022 1229 104 49 Der
2163 1229 216 51 Erwerb
2418 1246 103 35 von
2560 1232 301 55 Krawatten
2899 1237 131 48 wird
3073 1239 93 48 den
3209 1239 113 48 deut-

1838 1312 157 51 schen
2040 1313 219 51 Dichern
2307 1317 127 48 auch
2479 1316 118 52 sehr
2641 1318 205 50 schwer
2888 1322 253 53 gemacht.
3217 1321 133 51 Herr

1839 1396 202 51 Doktor
2073 1397 183 52 Ewers
2291 1414 116 36 zum
2439 1399 223 59 Beispiel
2694 1403 120 49 muß
2850 1404 210 51 deshalb
3096 1405 254 58 Vorträge

1837 1482 171 50 halten
2049 1485 96 47 und
2185 1486 270 49 miserable
2491 1485 430 60 Zeitungsartikel
2958 1488 283 53 schreiben.
3279 1492 70 48 So

1840 1566 225 52 bekennt
2104 1583 54 34 er
2198 1571 47 46 in
2287 1571 113 47 dem
2440 1569 248 51 Vorwort
2726 1574 170 48 seines
2934 1572 205 53 Buches
3180 1574 171 52 Indien

1838 1651 100 50 und
1976 1651 104 49 ich:
2122 1652 114 58 „Ich
2275 1653 135 52 halte
2446 1669 58 34 es
2540 1669 144 36 zwar
2721 1657 77 49 für
2838 1660 110 48 eine
2987 1657 225 62 Infamie,
3254 1659 94 49 daß

1841 1736 75 47 ein
1963 1736 205 49 schaf
2186 1737 19 48 112
2225 1752 26 34 e
2272 1753 29 34 n
2320 1740 35 47 4
2377 1753 26 34 e
2427 1754 21 33 r
2490 1739 241 63 Künstler
2776 1755 320 45 gezwungen
3145 1746 79 49 ist,
3272 1759 80 34 um

1841 1820 90 49 das
1963 1819 189 59 Leben,
2188 1823 91 49 das
2313 1822 109 49 für
2459 1826 103 47 sei
2582 1840 29 33 n
2627 1841 29 32 e
2694 1825 37 53 K
2753 1841 29 33 u
2801 1839 29 34 n
2852 1840 24 34 s
2901 1831 15 44 t
2952 1828 124 47 das
3112 1828 238 59 einzig

1838 1903 359 56 mögliche
2245 1906 111 59 ist,
2421 1903 262 54 führen
2746 1925 78 34 zu
2886 1911 298 61 können,
3245 1911 107 50 sich

1838 1988 259 50 öffentlich
2135 2005 90 35 zur
2267 1990 166 51 Schau
2475 2007 60 35 zu
2577 1996 196 47 stellen.
2846 1996 82 48 Ich
2969 1998 83 47 bin
3093 1997 127 51 auch
3263 2000 88 47 der

1836 2069 264 64 Meinung,
2152 2075 94 49 daß
2298 2091 56 35 es
2406 2079 110 49 eine
2565 2077 322 53 Gemeinheit
2939 2083 79 56 ist,
3067 2095 153 37 wenn
3272 2082 78 50 ein

1841 2155 210 52 Dichter
2097 2158 110 53 jähr
2212 2174 94 58 ins
2354 2159 195 56 jahrein
2600 2162 429 58 Zeitungsartikel
3083 2166 268 49 schreiben

1838 2241 134 59 muß,
2007 2244 47 47 in
2088 2244 163 49 denen
2286 2260 54 34 er
2374 2248 479 58 naturgemäß
2891 2264 103 37 von
3029 2251 125 50 aller
3188 2251 164 56 Kunst

1840 2325 108 50 sich
1986 2322 276 64 möglichst
2301 2330 109 50 fern
2449 2331 171 51 halten
2876 2334 345 59 Naturgemäß
3264 2351 59 43 ge-

1841 2410 123 58 lingt
1985 2425 70 36 .es
2094 2415 115 48 dem
2244 2413 210 50 Dichter
2491 2414 184 53 Ewers
2709 2419 144 58 auch,
2890 2434 104 35 von
3029 2421 122 49 aller
3189 2421 163 54 Kunst

1840 2495 104 48 sich
1980 2497 273 56 möglichst
2287 2502 124 48 weit
2448 2501 126 49 fern,
2593 2516 64 35 zu
2690 2502 186 50 halten.
2942 2503 69 51 Es
3048 2506 304 52 überrascht

1840 2581 274 57 geradezu,
2159 2584 102 48 wie
2303 2591 88 49 gut
2436 2598 55 37 es
2533 2585 104 49 ihm
2685 2586 188 56 glückt.
2951 2587 78 49 Da
3074 2603 54 32 er
3173 2590 180 47 weder

1842 2662 188 52 Kosten
2066 2666 127 47 noch
2231 2666 303 54 Krawatten
2570 2670 194 57 scheut,
2800 2684 83 34 um
2920 2673 126 56 „das
3080 2671 174 50 Leben
3290 2687 60 34 zu

1841 2746 194 59 führen,
2066 2764 95 35 aus
2201 2752 116 46 dem
2353 2754 139 46 seine
2529 2751 165 55 Kunst
2726 2752 210 51 Wurzel
3286 2756 67 49 Er

1841 2831 171 50 macht
2053 2834 220 49 nämlich
2320 2835 129 49 dazu
2491 2834 187 56 Reisen
2721 2840 100 48 und
2864 2838 116 50 muß
3025 2843 110 54 „die
3179 2841 173 49 Lande

2128 2916 67 49 Er
2243 2918 129 51 sieht
2423 2921 77 48 die
2546 2920 193 60 Lande,
2834 2924 123 49 aber
3006 2927 139 48 seine
3191 2926 164 54 Kunst

1842 2999 199 58 schlägt
2072 3001 148 50 keine
2255 3002 226 51 Wurzel.
2547 3004 103 51 Der
2686 3005 363 59 Knotenpunkt
3081 3010 158 49 bleibt
3277 3012 77 46 die

1846 3083 279 51 Krawatte.
2194 3087 145 56 „Und
2375 3091 92 49 mit
2502 3092 167 47 dieser
2704 3091 163 55 Kunst
2906 3094 181 48 mache
3126 3094 78 48 ich
3239 3095 112 48 kein

1844 3167 261 52 Geschäft.
2183 3170 84 49 Ich
2312 3174 324 51 verschenke
2880 3176 108 52 Das
3065 3181 64 48 ist
3206 3181 148 48 keine

1846 3252 208 51 Phrase.
2135 3253 91 51 Bei
2273 3254 280 53 Einkäufen
2637 3260 124 49 über
2813 3261 106 50 fünf
2965 3260 169 51 Mark.
3217 3264 138 58 „Das

1845 3337 246 50 deutsche
2131 3340 131 49 Volk
2301 3342 240 50 beachtet
2585 3359 124 34 uns
2756 3344 175 50 nicht?
3004 3346 140 50 Aber
3185 3347 169 57 gewiß

1843 3423 242 49 beachtet
2118 3438 54 35 es
2207 3440 79 33 un
2308 3440 38 33 s.
2413 3426 221 50 Jeder
2668 3428 294 55 Redakteur
2996 3435 75 48 tut
3105 3415 77 65 für
3219 3448 75 32 un
3317 3448 38 41 s,

1847 3520 108 36 was
1986 3520 52 35 er
2069 3523 91 33 nur
2190 3508 150 51 kann.
2403 3509 122 50 Man
2555 3513 223 50 schreibt
2809 3515 125 48 über
2963 3530 80 35 un
3064 3531 39 40 s,
3129 3531 120 36 man
3280 3533 51 34 er-

1846 3591 237 49 wähnt
2138 3607 123 35 uns
2314 3595 209 50 überall.
2603 3595 115 50 Und
2771 3612 92 37 aus
2916 3600 113 48 dem
3082 3600 272 49 'Publikum

1847 3674 238 51 kommen
2158 3678 120 49 seh
2298 3693 27 33 n
2351 3694 23 33 s
2395 3683 30 44 ü
2447 3681 148 48 cht!
2616 3695 32 43 g
2668 3698 25 32 e
2767 3678 187 65 Briefe,
3028 3700 113 35 man
3219 3687 137 55 quält

1849 3772 123 34 uns
2014 3775 81 33 um
2138 3761 386 62 Autogramme,
2566 3766 170 50 beruft
2781 3783 124 34 uns
2950 3772 45 46 in
3041 3772 95 47 alle
3183 3771 140 48 Wohl-

1846 3843 533 56 tätigkeitskomitees.
2458 3846 124 53 Man
2664 3851 263 52 übersetzt
3007 3868 78 34 un
3105 3868 24 35 s
3213 3854 142 59 auch,

1845 3927 173 50 macht
2063 3945 80 33 un
2163 3946 23 35 s
2233 3932 237 49 berühmt
2515 3937 46 45 in
2610 3938 132 47 zwei
2793 3937 234 50 Dutzend
3078 3939 278 56 Sprachen.

1844 4009 167 53 Wenn
2044 4028 52 33 w
2116 4017 12 46 i
2148 4031 20 32 r
2202 4017 224 58 sterben,
2459 4019 212 51 widmet
2706 4035 115 35 man
2854 4037 30 33 u
2904 4038 29 33 n
2953 4037 22 34 s
3009 4024 147 56 lange
3190 4024 132 49 Nach-

1847 4097 124 57 rufe,
2012 4099 160 49 stiftet
2213 4104 165 46 einem
2419 4103 125 49 oder
2589 4105 115 48 dem
2745 4107 192 48 andern
2980 4122 91 42 gar
3114 4111 78 47 ein
3237 4111 96 50 stei-

1847 4195 183 36 nernes
2076 4181 127 50 Bild.
2279 4179 121 59 (Mir
2442 4187 191 49 freilich
2677 4190 169 56 gewiß
2889 4191 154 59 nicht,
3090 4196 43 45 in
3181 4195 84 48 bin
3312 4198 45 45 in

1847 4263 307 54 Düsseldorf
2573 4271 214 53 Schiller
2829 4291 113 32 zum
2983 4275 219 59 Beispiel
3246 4293 113 35 war

1851 4351 340 56 vorsichtiger
2233 4356 46 46 in
2323 4356 88 47 der
2450 4355 151 51 Wahl
2644 4360 169 49 seines
2854 4359 386 60 Geburtsortes,
3283 4365 75 49 als

1845 4432 163 52 Heine
2043 4438 97 46 und
2176 4435 197 53 Ewers.
2442 4441 137 48 Aber
2617 4442 144 49 dafür
2798 4446 214 47 wurden
3052 4449 77 47 die
3162 4444 196 52 äfteren

1843 4517 201 52 Herren
2103 4522 136 49 nicht
2300 4526 45 45 in
2394 4523 674 60 Wohltätigkeitskomitees
3129 4532 227 51 berufen.

1852 4601 101 52 Des
1986 4606 248 49 weiteren
2266 4606 300 53 beschwert
2601 4611 105 49 sich
2741 4611 132 50 Herr
2905 4612 182 53 Ewers
3125 4617 234 57 darüber,

1848 4687 127 56 „daß
2007 4689 89 49 das
2124 4692 242 48 deutsche
2394 4693 129 49 Volk
2552 4710 91 34 nur
2672 4696 128 49 Geld
2828 4698 78 49 für
2933 4697 395 61 Unterhaltungs-

1851 4771 194 50 lektüre
2404 4779 123 47 aber
2569 4781 134 48 nicht
2747 4784 180 48 einmal
2974 4783 144 49 dafür
3163 4787 196 49 scheint

1852 4859 111 45 dem
1997 4859 277 49 deutschen
2304 4861 128 48 Volk
2459 4865 129 47 nach
2618 4866 205 55 eigener
2853 4869 211 56 Angabe
3096 4870 88 46 der
3212 4870 120 48 Dich-

1855 4944 72 44 ter
1962 4940 182 52 Ewers
2179 4949 88 55 gut
2301 4959 193 44 genug:
2529 4948 319 58 „Unsere*
2876 4950 201 51 Bücher
3114 4981 63 9 —
3211 4956 148 53 borgt

1849 5039 115 35 man
2014 5027 106 50 sich
2167 5043 90 34 aus
2304 5031 124 48 oder
2474 5033 264 50 bekommt
2783 5051 115 35 man
2947 5040 74 48 als
3066 5038 262 49 Freiexem-

2104 5111 92 49 Bei
2230 5113 279 51 Einkäufen
2546 5118 124 48 über
2704 5119 105 48 fünf
2842 5119 167 50 Mark.
3075 5121 165 52 Bitter
3275 5123 58 49 be-

1850 5194 165 48 merkt
2067 5196 88 48 der
2203 5196 234 54 Dichter:
2488 5202 110 50 „Ich
2650 5205 175 46 werde
2878 5207 90 45 mir
3018 5207 192 51 freilich
3265 5212 93 45 den

1848 5276 174 52 Luxus
2072 5282 77 47 nie
2199 5287 258 50 gestatten
2506 5285 218 55 können,
2776 5291 77 46 ein
2906 5291 143 55 eigen
3101 5290 149 51 Heim
3300 5308 61 34 zu

1849 5362 165 49 haben
2047 5367 99 47 und
2181 5368 110 48 eine
2321 5367 209 52 Familie
2562 5386 61 33 zu
2658 5374 244 54 gründen.
2966 5376 138 48 Aber
3134 5379 82 47 ich
3251 5379 110 49 darf

1852 5449 93 45 mir
1979 5449 150 48 dafür
2172 5452 256 53 erlauben,
2482 5453 205 52 Träume
2730 5472 58 33 zu
2834 5462 248 50 träumen,
3125 5463 76 48 die
3246 5463 115 48 kein

1851 5533 215 47 anderer
2103 5549 97 34 vor
2236 5537 94 46 mir
2364 5539 46 50 je
2447 5553 59 34 zu
2545 5544 232 45 träumen
2816 5548 174 52 wagte
3030 5585 9 8 .
3079 5585 7 7 .
3237 5545 121 51 Man

1852 5614 85 49 hat
1989 5631 54 35 es
2091 5626 225 51 gewagt.
2395 5621 115 50 Und
2564 5627 76 47 die
2689 5626 337 52 Vorträumer
3078 5632 283 49 brauchten

1851 5700 135 50 nicht
2031 5704 182 48 einmal
2262 5704 187 56 Reisen
2497 5723 59 33 zu
2602 5710 230 50 machen.
2912 5712 84 51 Sie
3042 5715 176 50 hatten
3270 5719 91 47 das

1852 5782 214 53 Dichten
2100 5787 212 57 billiger.
2375 5790 160 58 „Wias
2567 5796 93 46 mir
2692 5794 172 50 Indien
2896 5801 63 46 ist
2989 5830 63 5 —
3082 5801 133 48 steht
3250 5803 93 47 frei-

1851 5869 92 47 lich
1981 5870 137 50 nicht
2154 5874 82 47 auf
2272 5876 172 48 diesen
2480 5875 174 52 Seiten
2693 5919 9 8 .
2741 5920 8 8 .
2791 5920 6 8 .
2867 5881 109 49 Und
3013 5886 254 48 trotzdem
3300 5919 64 4 —

1853 5953 129 49 auch
2012 5955 59 48 ih
2096 5971 22 32 r
2150 5961 173 52 möget
2360 5959 140 50 diese
2530 5959 197 52 Blätter
2762 5965 157 59 lesen,
2953 5967 73 50 ihr
3059 5982 126 43 paar
3217 5969 109 50 Men-

1853 6037 170 56 schen,
2065 6042 76 47 die
2181 6041 75 50 ihr
2295 6045 131 47 mich
2462 6045 125 50 liebt
2626 6050 100 46 und
2767 6050 77 48 die
2886 6052 76 47 ich
3004 6056 136 48 nicht
3180 6056 182 52 kenne,

1856 6123 127 48 denn
2017 6124 137 50 seht:
2203 6129 236 50 niemand
2472 6132 132 47 kann
2638 6146 92 36 aus
2765 6135 168 50 seiner
2963 6135 135 54 Haut

1852 6204 147 52 Nicht
2038 6212 198 54 einmal,
2276 6227 152 36 wenn
2468 6213 99 50 ihm
2610 6218 88 48 der
2735 6218 174 50 Bauch
2952 6223 409 56 aufgeschnitten

1855 6291 145 48 wird.
2081 6292 103 51 Der
2232 6295 533 56 Krawattenträumer
2814 6306 275 56 bedichtet,
3139 6309 226 49 naürlich

1853 6373 66 49 im
1958 6375 259 58 Zeitgeist,
2259 6384 138 47 seine
2444 6383 584 62 Blinddarmoperation.
3104 6394 100 50 Auf
3249 6397 114 47 dem

1859 6457 347 55 Krankenbett
2240 6466 197 50 scheint
2472 6470 91 50 das
2594 6470 280 51 Schreiben
2911 6477 286 50 schlechter
3232 6479 108 49 Lite-

1861 6547 136 45 ratur
2041 6548 275 59 schwierig
2359 6566 61 33 zu
2465 6556 123 47 sein.
2660 6555 77 50 Da
2783 6558 118 49 muß
2948 6575 115 35 man
3108 6566 73 45 sie
3228 6566 137 48 lesen

1855 6631 100 45 und
2036 6633 298 54 empfehlen.
2411 6635 91 52 Bei
2548 6637 280 54 Einkäufen
2878 6645 124 49 über
3047 6648 107 49 fünf
3200 6646 166 52 Mark.

1855 6710 132 51 Herr
2028 6713 200 52 Doktor
2265 6717 183 53 Ewers
2489 6724 259 56 empfiehlt
2787 6728 73 49 als
2901 6732 269 55 geeignete
3211 6732 128 55 Kran-

1858 6796 298 52 kenlektiire
2200 6800 201 53 Bücher
2444 6820 103 36 von
2595 6808 195 52 Gaulke
2837 6814 98 47 und
2976 6813 267 59 Poritzky,
3290 6820 77 46 die

3483 392 370 53 hinwiederum
3900 395 79 48 ihn
4029 397 111 47 dem
4183 397 288 50 deutschen
4521 397 126 49 Volk
4698 398 304 56 empfehlen.

3484 476 165 50 Wenn
3682 493 52 34 er
3765 478 199 50 Gaulke
3991 480 131 52 liest
4148 480 194 64 „„'bleibt
4370 486 80 47 eirt
4483 472 184 61 wildes
4695 483 317 56 grandioses'

3483 561 205 50 Lachen
3979 563 116 58 „Ich
4127 565 116 48 muß
4273 581 176 44 sagen,
4483 569 171 48 dieses
4687 566 205 50 Lachen
4924 575 75 45 tat

3482 647 95 48 mir
3616 657 103 45 gut.
3795 648 81 48 Ich
3915 649 185 56 glaube
4141 653 131 46 mein
4307 652 142 50 Loch
4486 654 76 46 im
4596 650 181 50 Bauch
4817 652 182 48 wurde

3486 743 168 39 etwas
3688 746 155 43 enger
4132 732 69 50 So
4234 735 155 50 wirkt
4422 737 215 50 Gaulke.
4702 737 71 49 So
4808 740 191 46 träumt

3483 830 117 34 man
3631 817 106 48 sich
3767 820 47 46 in
3846 818 92 50 das
3965 817 173 51 Leben
4167 832 62 37 zu
4234 818 174 52 rücke.
4437 821 92 54 Die
4557 821 281 52 Phantasie
4865 823 133 48 wird

3483 902 197 49 wieder
3708 903 81 48 bei
3821 901 143 51 Edm.
4001 902 228 51 Wünsch
4262 903 456 55 selbstbinderisch
4752 907 247 57 beflügelt

3484 986 98 48 und
3621 986 82 49 bei
3737 986 260 50 Hertmann
4035 986 277 52 Hoffmarin
4350 989 272 52 bekleidet.
4687 991 117 51 Und
4843 1005 153 36 wenn

3483 1070 132 48 auch
3659 1072 91 50 das
3792 1070 174 52 Leben
4013 1074 89 49 des
4144 1072 167 51 Hern?
4356 1073 182 51 Ewers
4582 1075 144 52 keine
4772 1076 224 50 Träume

3481 1153 103 61 hat,
3621 1168 59 35 so
3715 1157 159 49 bleibt
3910 1157 129 49 doch
4080 1159 76 48 ein
4193 1157 192 51 Traum
4422 1160 160 50 seine'
4598 1162 183 50 achtun
4790 1161 209 58 sechzig

3481 1237 320 56 Krawatten.
3865 1240 69 49 Zu
3973 1242 245 49 beziehen
4251 1243 82 49 bei
4365 1242 144 50 Edm.
4541 1242 244 52 Wünsch.
4851 1246 116 49 Hoff-

3484 1337 181 35 manns
3713 1323 290 61 Erzählung
4051 1327 87 48 hat
4190 1329 113 46 dein
4357 1328 198 50 Doktor
4603 1325 183 53 Ewers
4838 1330 157 50 schon

3484 1411 138 48 einer
3663 1413 375 53 vorgeträumt.
4112 1411 89 50 Als
4280 1412 283 50 wohlfeiler
4637 1412 127 55 Rest
4842 1414 173 52 bleibt,

3480 1488 307 56 Hoffmanns
3823 1493 247 51 Wünsch.

3485 1661 102 49 Der
3627 1661 325 51 Geschmack
3991 1666 46 47 in
4078 1667 226 47 anderen
4349 1664 191 56 Dingen

3577 1789 103 48 Der
3724 1788 34 48 Z
3781 1793 130 46 wie
3931 1792 31 47 b
3984 1805 26 33 e
4033 1792 81 48 Ifi
4135 1806 24 34 s
4178 1809 27 32 c
4227 1793 29 48 h
4300 1803 156 42 nennt
4495 1795 106 48 sich
4648 1797 139 55 „eine
4831 1796 167 48 kleine

3483 1873 290 51 Zeitschrift
3815 1875 77 49 für
3932 1875 327 52 Geschmack
4299 1878 47 50 in
4385 1878 203 50 Büdier
4631 1880 100 50 und
4773 1880 244 50 anderen:

3488 1957 193 58 Dingen
3689 1959 10 18 4
3706 1959 26 48 '.
3797 1958 84 50 Sie
3915 1962 63 46 ist
4008 1960 120 50 sehr
4158 1961 424 57 geschmackvoll
4614 1964 251 57 gedruckt
4899 1968 98 45 und

3483 2043 106 54 gibt
3624 2045 283 49 zweifellos
3946 2046 93 49 den
4078 2046 294 50 schlechten
4407 2046 192 59 Magen
4642 2051 88 46 der
4763 2048 238 50 Drucker

3484 2129 100 47 und
3629 2127 247 59 Verleger
3925 2134 121 52 gute
4092 2129 381 59 Anregungen.!
4533 2127 195 61 Ueher'
4756 2135 95 49 den
4902 2131 77 51 Ge-

3485 2211 245 50 schmack
3774 2216 87 46 der
3907 2214 200 51 kleinen
4152 2214 305 52 Zeitschrift,
4488 2222 53 44 in
4582 2220 173 47 diesen
4803 2219 194 56 Dingen

3485 2294 103 50 läßt
3639 2298 105 47 sich
3796 2299 135 49 nicht
3978 2302 229 48 streiten.
4288 2300 131 50 Dem
4454 2300 51 49 'Z
4515 2304 313 49 wiebeirisch
4855 2323 7 4 -
4882 2302 131 59 muß]

3486 2382 123 47 aber
3657 2383 90 48 das
3795 2382 163 55 Recht
3999 2386 274 49 bestritten
4321 2388 228 54 werden,
4607 2386 406 52 Zwiebelfische'

3487 2467 44 46 in
3572 2466 81 49 die
3693 2465 208 51 Malerei
3942 2471 95 45 und
4079 2469 255 51 Literatur
4375 2485 60 36 zu
4474 2476 194 45 setzen.
4738 2471 151 52 Die'
4889 2473 76 48 Au-

3485 2549 279 58 sführungen
3802 2552 124 49 über
3966 2554 92 48 den
4094 2552 184 52 blauen
4314 2554 176 55 Reiter
4671 2570 59 35 so
4771 2560 131 52 naiv,
4941 2572 58 36 so

3486 2632 336 60 kunstfremd,
3857 2635 94 49 daß
3986 2651 116 35 man
4136 2640 71 48 sie
4240 2653 82 34 am
4357 2640 181 51 besten
4570 2645 49 46 in
4656 2642 115 50 dem
4806 2642 168 57 „Brief-

3739 2719 87 47 der
3860 2717 288 55 Redaktion
4183 2722 211 49 stecken
4427 2723 118 51 läßt.
4611 2725 109 50 Das
4752 2726 111 49 Lob
4901 2727 80 47 die-

3489 2814 82 35 ser
3616 2799 292 53 Zeitschrift
3960 2806 62 46 im
4074 2803 359 52 Zwiebelfisch
4488 2811 126 46 wird
4668 2812 331 48 entschieden

3488 2885 288 56 abgelehnt.
3842 2886 103 51 Der
3979 2888 174 49 Sturm
4192 2891 172 49 duldet
4395 2891 137 50 nicht
4567 2894 44 46 in
4651 2896 86 45 der
4771 2896 229 55 gleichen

3486 2968 376 61 Begeisterung
3902 2972 78 48 für
4022 2972 197 51 Blätter
4259 2974 367 58 angehimmelt
4668 2993 63 33 zu
4776 2981 228 57 werden,

3490 3054 77 47 die
3608 3056 81 46 ein
3724 3056 271 55 panischer
4034 3056 230 52 Schreck
4306 3075 60 33 zu
4409 3064 139 46 einer
4592 3062 183 50 Aktion
4820 3078 153 34 veran-

3488 3137 117 49 laßt.
3676 3137 214 61 Blätter,
3935 3143 76 46 die
4052 3143 107 48 sich
4197 3157 167 43 gegen
4411 3145 94 49 den
4549 3145 177 51 Sturm
4768 3146 235 50 wehren!

3487 3222 138 50 Aber
3659 3225 87 47 der
3778 3224 360 57 Zw.iebelfis.ch
4174 3229 153 48 treibt
4354 3231 136 48 auch
4522 3234 178 54 eigene
4728 3231 276 51 Literatur.

3489 3306 129 50 Dort
3661 3310 130 50 sieht
3837 3325 52 32 er
3936 3310 186 61 Bilder,
4168 3314 77 47 die
4291 3315 88 48 der
4422 3297 149 67 blaue
4616 3315 174 55 Rester
4836 3318 168 48 sicher

3490 3392 342 51 durchstoßen
3882 3397 204 47 würde:
4134 3397 135 57 „Der
4316 3400 150 54 junge
4513 3399 181 58 Sorge!
4742 3400 87 50 hat
4876 3405 128 46 den

3488 3475 222 56 Vogel
3774 3478 314 56 abgesch
4109 3495 29 33 o
4158 3493 23 35 s
4201 3493 25 36 s
4250 3496 27 33 e
4297 3497 27 32 n
4346 3523 10 19 ,
4419 3484 199 49 sowohl
4679 3487 85 46 mi
4785 3492 16 42 t
4861 3499 71 33 se
4957 3488 12 45 i
4988 3518 19 6 -

3489 3572 77 34 ne
3586 3574 52 34 m
3688 3561 134 48 freä
3847 3577 26 33 e
3895 3577 29 33 n
3975 3566 215 48 weite
4205 3581 33 33 n
4290 3564 44 48 11
4356 3567 155 47 oriz
4532 3581 29 33 o
4581 3579 29 35 n
4631 3571 33 54 t,
4748 3569 75 51 als
4875 3568 130 48 auch

3489 3648 48 39 rii
3560 3643 12 46 i
3594 3647 16 44 t
3693 3644 77 47 de
3794 3659 21 31 r
3897 3644 109 48 klu
4029 3659 31 43 g
4082 3662 26 33 e
4129 3664 28 33 n
4208 3664 80 37 un
4313 3653 27 46 d
4392 3650 203 50 diskr
4615 3666 27 35 e
4666 3656 15 46 t
4702 3666 27 35 e
4749 3669 29 34 n
4825 3653 97 48 Da
4943 3667 20 33 r
4984 3685 20 6 -

3490 3730 175 49 stell
3693 3746 77 34 un
3791 3745 46 42 g.
3909 3731 67 52 Es
4022 3774 8 7 .
4070 3774 7 7 .
4118 3774 6 7 .
4167 3736 168 57 bringt
4380 3741 112 46 eine
4537 3738 88 48 Fü
4645 3739 47 48 11
4715 3753 26 34 e
4788 3752 219 37 neuer

3492 3813 350 52 Gesichts
3864 3830 30 41 p
3915 3833 27 33 u
3965 3833 29 32 ti
4013 3818 32 48 k
4067 3823 14 43 t
4102 3833 27 34 e
4180 3858 56 10 ...
4405 3823 99 48 Der
4584 3822 251 53 Horizont
4916 3826 92 48 des

3490 3897 419 54 Zwiebelfisches
3948 3904 63 51 ist
4050 3905 77 48 für
4169 3906 76 47 die
4286 3907 163 55 Kunst
4485 3909 233 48 offenbar
4756 3912 91 48 mit
4890 3912 113 47 dem

3489 3984 160 55 Vogel
3693 3988 252 58 verstellt,
3989 3990 94 47 den
4128 3990 76 49 die
4249 3990 328 60 Darstellung
4619 3993 388 57 abgeschossen

3490 4067 100 50 hat.
3660 4067 117 51 Man
3816 4072 164 48 bleibe
4016 4073 133 49 beim
4185 4073 342 53 Geschmack.

3509 4121 19 14 -#

3490 4237 238 50 Antwort

3586 4363 68 50 Zu
3709 4368 87 46 der
3849 4367 287 60 Erklärung'
4189 4374 89 47 des
4333 4372 419 54 Wilmersdorfer
4807 4377 200 49 Blattes

3493 4447 91 50 Die
3619 4450 187 50 Aktion
3841 4451 227 54 schreibt
4101 4454 132 51 Herr
4265 4456 228 51 Franz
4531 4458 159 52 Blei
4728 4464 113 48 dem
4875 4460 99 50 Her-

3488 4537 259 52 ausgeber
3787 4537 167 49 dieser
3991 4537 308 59 Zeitschrift,
4338 4557 55 35 er
4429 4544 141 50 hätte
4608 4544 134 50 nicht
4780 4545 227 60 gewußt,

3496 4617 95 48 daß
3640 4618 130 50 Herr
3822 4620 120 51 Kurt
3989 4622 160 52 Hiller
4200 4624 159 50 Herrn
4413 4626 301 51 Ehrenstein
4769 4629 239 52 traktiert

3492 4701 145 59 habe,
3670 4706 97 46 wie
3805 4707 165 48 dieser
4005 4707 97 51 ihn.

3587 4787 122 51 Dies
3757 4789 137 49 fasse
3944 4792 77 47 ich
4072 4806 58 35 so
4174 4795 103 58 auf,
4328 4795 93 49 daß
4472 4813 96 34 muri
4621 4813 93 34 nur
4769 4802 238 48 dreizehn

3493 4870 554 60 „Unterschriftsteller
4054 4878 26 17 44
4128 4879 146 58 übrig*
4311 4880 221 50 bleiben,.

4763 4970 73 49 H.
4872 4970 73 49 W.

3498 5476 364 99 Kunst
3936 5482 348 97 sühnt
4361 5482 221 100 den
4661 5486 249 96 Tod

3498 5658 203 98 der
3776 5660 352 100 Natur

3498 5844 111 50 Von
3641 5845 191 51 Lothar
3859 5862 103 35 von
3994 5848 283 54 Kunowski

3593 5972 88 50 Als
3715 5972 299 54 Bonifacius
4053 5980 78 47 die
4173 5977 177 57 heilige
4387 5975 156 51 Eiche
4586 5979 89 48 der
4714 5979 297 50 Deutschen

3499 6056 154 59 fällte,
3685 6059 141 50 hätte
3856 6058 83 52 ihn
3976 6061 91 50 das
4097 6060 132 50 Volk
4261 6061 91 48 mit
4381 6057 167 57 Recht
4581 6062 78 50 für
4694 6066 148 49 einen
4875 6062 105 53 Mör-

3501 6143 88 46 der
3626 6141 255 63 gehalten,
3918 6160 151 34 wenn
4107 6160 54 33 er
4191 6144 99 49 den
4326 6142 137 53 Dom
4499 6149 89 50 def
4626 6146 213 52 Wälder
4875 6149 138 49 nicht

3501 6228 328 49 verwandelt
3864 6228 140 49 hätte
4044 6231 45 45 in
4126 6231 76 45 ein
4243 6226 230 63 Gebilde,
4513 6233 47 48 in
4600 6232 112 49 dem
4753 6234 78 48 die
4869 6232 144 56 Kraft

3503 6310 88 48 der
3617 6309 170 60 Eiche,
3819 6311 171 50 Buche
4016 6311 99 48 und
4141 6310 160 53 Linde
4330 6315 109 52 sich
4470 6316 206 57 doppelt
4699 6318 284 49 ausdrucks-

3500 6396 104 48 voll
3633 6400 99 47 und
3759 6397 277 48 obendrein
4069 6396 300 54 verbunden
4400 6403 89 47 mit
4522 6401 96 50 den
4648 6399 243 53 Mächten
4924 6403 90 49 des

3502 6478 171 50 Steins
3715 6480 300 49 offenbaren
4058 6480 208 52 konnte.
4338 6483 105 51 Nur
4502 6486 90 48 der
4636 6483 229 52 Erbauer
4926 6490 88 46 des

3500 6563 239 55 Tempels
3779 6566 136 45 eines
3955 6563 185 52 Gottes
4180 6568 88 49 der
4309 6568 170 59 Liebe,
4519 6573 139 48 eines
4699 6569 186 52 Gottes
4924 6571 92 49 der

3502 6647 177 54 Kultur
3718 6646 164 51 durfte
3920 6663 56 36 es
4013 6664 205 48 wagen,
4259 6653 77 49 die
4372 6654 103 49 Axt
4505 6668 68 35 an
4612 6656 93 50 das
4740 6653 279 60 Heiligtum

3505 6732 87 47 der
3640 6729 334 61 Naturgötter
4019 6750 61 35 zu
4125 6736 164 59 legen.
4367 6736 166 53 Wenn
4584 6739 77 50 die
4706 6738 312 58 Einführung

3504 6816 91 53 des
3634 6814 379 56 Christentums
4052 6821 145 49 einen
4238 6834 305 44 grausamen
4582 6821 215 60 Eingriff
4836 6828 47 45 in
4927 6826 95 50 das
