4887 6708
52 6598 82 37 294

176 121 62 50 Es
292 121 287 61 berauscht,
626 119 117 50 dem
795 120 148 49 edlen
991 120 180 48 Weine
1222 119 328 58 nachlebend,

47 192 121 48 aber
206 206 54 35 es
298 191 271 49 berauscht
604 192 84 47 die
724 190 158 51 Seele.

174 262 104 48 Das
328 260 140 50 Licht
511 261 211 60 verfällt,
769 261 215 49 dunkler
1028 260 159 49 schon
1234 262 165 47 nisten
1444 259 107 50 sich

47 332 81 49 die
158 331 235 51 Schatten
423 333 52 48 in
504 332 82 49 die
616 331 217 61 Winkel,
863 331 105 48 und
997 334 81 46 ein
1109 331 158 48 kalter
1295 330 257 62 Windzug

44 402 171 49 macht
265 402 108 49 sich
429 402 86 48 auf
567 403 104 47 und
721 401 200 48 fröstelt
972 400 157 48 durch
1180 401 94 47 das
1325 398 225 50 dreifach

43 474 150 47 weite
229 472 374 60 Mittelfenster,
639 473 156 46 durch
830 472 93 47 das
958 471 130 48 eben
1123 469 130 50 noch
1287 472 148 59 gütig
1469 470 81 48 die

44 541 170 50 Sonne
255 542 113 50 ihre
406 542 305 49 scheidende
753 542 204 47 Wärme
1000 541 198 48 reichte.

173 613 92 61 Jäh
298 613 164 49 bricht
492 613 90 47 der
615 610 259 49 Gerufene
908 610 112 48 auf:

171 684 129 60 „Die
335 683 188 47 Stunde
557 684 66 45 ist

39 808 171 61 Opfer

173 909 103 46 Der
313 907 163 48 Mond
513 908 67 47 ist
617 905 158 50 schon
813 905 194 50 herauf.

170 978 69 48 So
279 977 135 63 großi
449 977 106 49 und
595 978 229 47 verstört.

172 1047 167 49 Bleich
375 1046 166 49 streift
577 1048 106 46 sein
721 1045 130 49 noch
888 1048 161 45 zarter
1083 1045 179 48 Schein
1298 1043 81 50 die
1415 1047 110 46 wirr-

44 1120 310 46 zerrissenen
384 1117 102 48 und
514 1115 219 62 qualvoll
760 1116 350 62 gekrümmten
1138 1115 299 60 Oelbäume,
1464 1115 82 48 die

43 1187 98 49 wie
182 1187 354 62 Klageweiber
573 1187 293 48 erscheinen
903 1185 159 49 voller
1101 1183 451 65 Ausgelassenheit

44 1256 497 52 leidenschaftlichen
595 1257 308 47 Schmerzes.

171 1328 143 47 Leise
354 1326 164 49 öffnet
555 1327 105 48 sich
699 1327 82 48 die
822 1326 184 48 Pforte.

170 1397 228 61 „(Wartet
421 1395 122 62 hier,
570 1397 195 48 wachet
788 1396 105 48 und
917 1396 152 60 betet,
1093 1396 134 46 denn
1253 1394 80 48 die
1359 1394 191 48 Stunde

42 1482 147 33 eurer
236 1467 377 62 Entscheidung

172 1552 117 47 Und
328 1552 79 47 die
443 1546 289 66 ergebenen
773 1549 161 48 festen
971 1550 211 47 Schritte
1218 1549 91 47 des
1348 1548 202 48 starken

44 1622 282 47 Bewußten
379 1619 229 49 verloren
657 1620 124 60 sich,
833 1620 104 47 und
985 1622 141 45 seine
1176 1618 200 49 Gestalt
1426 1619 125 61 ging

45 1693 79 46 ein
160 1693 53 46 in
254 1692 89 47 das
387 1690 198 49 Dunkel
621 1691 141 47 einer
797 1690 211 61 Gruppe
1044 1704 101 34 von
1186 1689 239 48 finsteren
1464 1703 58 46 ge-

45 1762 247 63 drängten
351 1761 241 60 Bäumen,
651 1761 78 48 die
788 1762 135 46 einer
974 1761 183 46 Grotte
1213 1759 179 47 Grund
1447 1772 78 34 ver-

45 1832 241 48 wahrten.

171 1902 156 47 Linde
359 1900 374 49 Himmelshilfe
762 1902 210 47 tröstete
1001 1900 98 47 den
1134 1900 285 58 Einsamen,
1450 1912 99 34 von

45 1974 173 46 seinen
259 1972 263 48 Freunden
562 1973 285 45 Einsamen.

172 2043 148 47 Dann
359 2043 113 46 kam
508 2056 55 33 er
597 2041 198 48 zurück.

169 2112 81 48 Sie
280 2112 135 59 aber,
444 2109 85 50 die
554 2109 302 50 schwachen
884 2112 157 62 guten
1072 2109 187 50 Kinder
1285 2106 90 50 des
1408 2109 115 47 Dies-

43 2184 139 58 seits,
234 2182 82 48 die
365 2181 88 49 des
503 2180 285 51 Seelischen
834 2180 160 58 (schon
1043 2193 61 34 zu
1150 2179 96 48 viel
1297 2181 251 59 ertrugen,

45 2254 75 47 sie
165 2251 257 50 schliefen.

170 2323 67 47 So
286 2321 121 48 fand
455 2319 88 50 der
590 2320 132 49 hohe
767 2321 210 48 Meister
1020 2320 80 47 die
1149 2319 337 49 Gekauerten.

171 2405 144 47 Noch
338 2419 102 48 zog
460 2403 325 50 schmerzlich
808 2405 52 47 in
884 2405 165 47 seiner
1070 2402 141 49 Seele
1233 2402 91 49 der
1347 2401 202 62 Kampf,

46 2475 79 48 die
160 2475 327 61 Todesangst
519 2475 89 47 des
642 2473 308 61 Geschöpfs,
985 2473 120 49 alles
1143 2472 249 49 Fleisches
1427 2473 122 60 Teil,

46 2545 126 49 auch
223 2557 152 36 wenn
427 2545 89 48 der
563 2544 255 48 Göttliche
865 2544 309 62 gekommen
1225 2545 79 57 ist,
1353 2557 50 34 an
1453 2556 96 34 uns

44 2630 61 33 zu
133 2614 238 50 wohnen.

171 2685 144 48 Noch
362 2684 187 49 einmal
595 2680 141 53 warb
784 2684 90 48 der
918 2683 222 49 Heiland
1188 2683 362 47 herwandelnd

43 2770 85 32 um
166 2751 83 51 die
287 2755 220 48 Mitbitte
544 2757 166 46 seiner
747 2755 203 61 Jünger.

172 2826 117 46 Und
338 2840 127 47 rang
509 2827 189 56 weiter,
745 2825 106 47 und
895 2823 156 48 voller
1099 2824 210 47 Frieden
1355 2823 131 49 kam.

171 2908 86 48 Als
291 2924 56 32 er
379 2923 104 34 nun
518 2908 365 48 wiederkehrte
917 2908 104 47 und
1056 2907 336 48 schlummern
1429 2905 122 49 fand

41 2974 92 52 der
175 2978 277 48 Gefährten
493 2978 167 48 Gebet
697 3007 60 5 —
794 2975 65 50 da
897 2993 171 33 waren
1106 2976 84 49 die
1226 2976 200 49 Welten
1466 2992 58 46 ge-

44 3051 191 46 trennt:
265 3050 72 47 sie
365 3049 77 47 die
470 3048 295 56 Menschen,
791 3045 82 51 die
899 3048 124 48 über
1047 3047 81 48 die
1156 3047 197 48 Grenze
1381 3047 169 48 hohen

46 3118 300 62 Mitgefühls
395 3119 138 47 nicht
580 3132 60 34 zu
689 3119 239 47 kommen
973 3120 342 56 vermochten,
1364 3132 55 32 er
1463 3116 89 48 der

43 3190 92 46 mit
185 3189 91 47 des
331 3189 213 47 Leidens
597 3188 197 48 Wehen
843 3203 117 33 vom
1016 3186 376 49 Menschlichen
1442 3186 107 48 sich

45 3258 318 48 loszureißen
409 3258 324 62 beginnende
783 3258 138 49 Gott.

170 3328 328 62 Nachsichtig
552 3329 350 47 bedauernder
956 3327 263 47 Vorwurf:
1276 3327 147 60 „Daß
1475 3327 77 47 ihr

44 3397 138 49 nicht
220 3398 186 47 einmal
448 3396 92 51 das

172 3468 177 60 „Doch
387 3483 105 34 nun
530 3470 68 47 ist
633 3470 166 46 meine
837 3468 192 48 Stunde
1065 3468 325 61 gekommen.

171 3539 161 60 Siehe,
380 3538 160 48 schon
590 3539 165 60 nahet,
803 3538 92 48 der
938 3538 131 47 mich
1116 3540 226 45 verraten

171 3617 148 53 Noch'
368 3623 82 47 ein
503 3621 198 60 herbes,
753 3622 99 48 wie
898 3616 276 53 'Brandmal
1228 3621 180 48 herbes
1461 3620 61 47 Be-

46 3706 229 48 gegnen:
323 3694 82 46 ein
455 3688 276 66 Begegnen
779 3694 168 45 seiner
990 3691 277 64 göttlichen
1315 3693 92 45 mit
1452 3688 99 50 den

44 3762 345 49 unlautersten
424 3763 204 61 Lippen,
663 3763 102 47 und
796 3764 237 59 getrennt
1064 3760 112 50 sind
1208 3762 210 47 Meister
1447 3760 105 48 Und

48 3833 203 60 Jünger,
279 3832 88 48 der
392 3833 115 47 Hirt
528 3832 308 61 gesdhlagen
861 3832 105 47 und
989 3832 81 47 die
1097 3832 170 46 Herde
1292 3832 258 47 zerstreut.

171 3903 82 48 Sie
297 3903 136 62 gehn
477 3903 105 46 und
630 3902 172 62 folgen
850 3931 56 5 —
951 3901 168 60 tatlos,
1163 3902 190 57 ziellos,
1400 3901 149 47 kaum

44 3972 223 49 bewußt.

171 4043 67 48 So
292 4042 161 49 fremd
503 4041 153 51 ihnen
709 4041 150 62 Alles,
910 4057 58 33 so
1021 4042 242 48 kleinlaut
1309 4041 78 48 bis
1437 4053 113 35 zum

47 4111 210 50 Zweifel
306 4113 181 61 fremd,
537 4111 66 50 da
651 4114 141 47 seine
836 4111 519 67 glaubenerhaltende
1408 4111 142 48 Kraft

44 4183 153 48 ihnen
237 4183 138 49 fehlt.

170 4255 153 46 Trotz
365 4253 131 48 allen
542 4252 306 62 Zuspruchs,
894 4253 122 48 aller
1059 4252 173 48 Arbeit
1276 4266 62 33 an
1381 4251 169 50 ihnen.

169 4323 81 49 Sie
298 4323 204 49 werden
546 4324 97 47 irre
690 4338 118 46 nun,
854 4323 104 47 und
1002 4322 129 48 auch
1174 4337 68 44 er,
1287 4322 89 46 der
1421 4318 131 50 noch

44 4393 221 62 ehelang
315 4394 112 47 dem
480 4395 232 45 Verräter
759 4395 213 64 gezürnt
1016 4392 153 60 hatte,
1219 4392 90 47 der
1357 4391 194 61 feurige

49 4464 260 48 Bekenner
347 4465 104 46 und
492 4463 357 62 Vorsprecher,
889 4462 209 49 dreimal
1135 4464 164 46 verrät
1334 4461 127 49 auch
1499 4477 55 32 er

44 4533 91 50 der
169 4533 141 50 Seele
345 4532 143 51 nach.

174 4619 77 47 Da
285 4618 119 48 aber
432 4618 128 48 trifft
591 4616 125 50 auch
746 4615 92 50 das
871 4616 216 49 Zeichen
1116 4618 98 58 ein,
1246 4616 92 48 das
1369 4614 183 49 einmal

48 4688 112 48 dem
211 4688 386 62 Uebereifrigen
643 4690 108 47 sein
795 4687 506 49 vorausschauender
1345 4687 209 47 Meister

47 4761 184 61 gesagt
271 4759 110 48 hat:
422 4758 92 48 der
556 4758 217 48 Hahnen
779 4758 82 47 ruf
898 4787 59 5 —
998 4758 104 47 und
1142 4757 81 47 die
1265 4757 139 50 Reue
1444 4754 110 49 faßt

48 4828 90 49 das
186 4830 162 60 große
396 4829 145 59 Kind,
588 4828 259 48 läuternde
890 4827 180 49 Scham
1117 4827 91 47 der
1254 4826 150 60 Reue,

44 4914 56 32 er
149 4898 104 49 sich
302 4898 215 49 verhüllt
562 4898 105 48 und
712 4898 205 51 meidet.

173 4973 135 44 Aber
336 4965 84 52 die
453 4969 178 61 Angst,
666 4970 71 47 sie
768 4968 171 49 bleibt.

175 5040 155 48 Diese
364 5040 106 47 ihre
509 5036 179 65 Angst,
727 5038 140 48 diese
904 5035 132 51 ihrer
1072 5036 133 49 Aller
1243 5036 165 62 Angst
1443 5038 112 59 ragt

49 5109 249 48 zwischen
334 5108 153 49 ihnen
524 5109 105 48 und
665 5109 90 48 der
789 5108 187 60 hohen,
1012 5108 291 48 duldenden
1339 5106 213 60 Gestalt,

50 5179 152 48 deren
231 5179 227 61 Schimpf
482 5176 106 51 und
617 5179 132 56 Qual
775 5195 92 31 vor
893 5179 140 48 ihren
1063 5178 181 62 Augen
1272 5177 149 59 steht,
1449 5175 105 49 und

49 5251 71 46 sie
161 5251 241 60 springen
443 5249 136 48 nicht
613 5260 77 37 zu.

171 5321 114 46 Wie
327 5334 54 33 es
422 5318 81 49 die
541 5319 169 48 Sonne
748 5318 243 63 verlangt,
1032 5333 87 33 zur
1160 5317 127 48 Erde
1326 5317 106 48 ihre
1470 5317 58 48 be-

49 5389 248 49 lebenden
343 5389 389 61 Strahlengüsse
778 5404 60 33 zu
886 5389 207 60 senden,
1136 5400 61 36 so
1243 5389 142 60 neigt
1426 5385 128 54 auch

45 5461 93 49 der
181 5461 184 47 Gnade
407 5459 165 49 Gefäß
616 5460 154 61 stetig
812 5460 105 47 sich
958 5474 105 45 vor,
1107 5474 58 31 so
1208 5458 251 61 bedrängt
1500 5471 54 34 es

50 5531 126 48 auch
216 5529 99 49 den
358 5530 159 59 Geist,
558 5544 99 33 von
699 5531 164 46 seiner
900 5527 475 62 unerschöpflichen
1419 5526 137 49 Fülle

50 5616 61 33 an
148 5599 299 63 Bedürftige
482 5599 316 61 abzugeben.

176 5684 134 47 Aber
335 5699 94 32 nur
453 5683 79 48 die
556 5682 225 61 Starken,
808 5682 80 49 die
912 5682 424 60 Geistesstarken,
1361 5678 82 52 die
1467 5682 90 47 der

50 5754 204 48 Stimme
293 5753 93 50 der
425 5754 326 60 Vollendung
788 5752 236 48 schwach
1063 5753 204 47 werden
1307 5751 103 48 und
1450 5749 109 52 sich

48 5825 92 47 das
143 5820 1 65 l
190 5825 303 48 hemmende
543 5822 292 63 Tages-lch,
885 5823 98 47 den
1032 5822 166 62 Alltag
1247 5823 156 47 abtun
1450 5820 106 55 lind

51 5895 89 47 das
183 5894 205 48 tierhaft
426 5893 337 49 unerfahrene
808 5892 292 50 Kleinleben
1141 5921 60 5 —
1243 5893 81 47 die
1368 5908 53 33 es
1463 5906 92 34 aus

51 5964 103 48 sich
184 5968 294 59 vermögen,
511 5965 203 48 können
746 5966 72 47 sie
848 5963 194 61 tragen.
1102 5963 108 47 Nur
1238 5960 96 63 die,
1364 5961 192 51 welche

53 6035 200 48 Gewalt
301 6035 271 60 brauchen,
626 6035 172 48 reißen
849 6035 92 47 das
994 6032 150 53 Reich
1195 6033 90 47 der
1331 6030 226 54 Himmel

51 6119 63 32 an
155 6104 124 50 sich.

176 6176 121 47 Wer
343 6191 115 33 vom
510 6176 173 49 Geiste
729 6178 81 58 ist,
858 6174 136 62 prüft
1041 6173 103 50 und
1193 6173 181 49 sichtet
1417 6174 139 48 seine

54 6246 129 60 Last,
217 6244 105 62 legt
356 6245 138 50 Altes
528 6247 63 48 ab
624 6246 105 49 und
763 6247 180 47 nimmt
972 6245 174 49 Neues
1181 6259 62 35 an
1277 6244 81 48 die
1392 6244 164 49 Stelle.

179 6328 103 49 Der
320 6328 365 50 Schollensohn
724 6330 137 60 aber,
900 6331 90 47 der
1029 6326 195 65 stumpf
1259 6328 298 65 gebliebene

54 6400 194 49 Knecht
285 6400 89 48 der
412 6400 356 60 Gewohnheit,
810 6403 132 60 trägt
977 6399 122 49 alles
1136 6400 188 60 weiter,
1364 6414 59 33 so
1460 6399 97 48 wie

50 6485 55 33 er
135 6486 56 32 es
226 6470 365 48 übernommen
624 6471 101 47 hat.

1823 118 173 48 Bieten
2032 116 186 50 wollen
2254 116 175 50 solche
2468 114 278 51 Menschen
2783 116 161 47 etwas
2982 142 58 7 —
3077 114 128 48 Gott

1693 192 161 45 etwas
1911 188 248 49 anbieten.
2248 188 63 47 Es
2364 189 66 46 ist
2481 187 120 47 aber
2669 187 296 60 Entartung,
3033 184 172 48 Sünde

1693 261 67 47 ist
1785 274 73 35 es.

1822 331 127 47 Zum
2002 328 232 49 Nehmen
2285 327 112 48 sind
2447 329 71 46 sie
2565 340 62 35 zu
2676 326 236 63 bequem,
2960 324 137 49 nicht
3142 338 61 34 zu

1695 399 243 63 demütig.

1821 469 164 62 Sogar
2035 467 83 50 die
2173 469 205 61 Jünger,
2433 467 129 48 noch
2612 466 116 48 sind
2782 467 70 47 sie
2903 464 298 61 Menschen,

1693 540 324 62 ungeweihte
2057 538 295 60 Menschen,
2393 538 103 47 und
2533 537 90 48 der
2658 537 92 47 mit
2787 537 174 48 seinen
2999 535 202 65 Leiden,

1694 612 192 46 seinem
1928 609 185 48 Leiden
2151 624 85 32 um
2276 608 82 47 die
2395 604 366 64 Gottespflicht
2796 606 90 47 der
2924 604 278 50 seelischen

1697 679 225 62 Heilung
1957 681 80 47 ins
2078 678 252 48 Göttliche
2374 677 297 47 Enthobene
2708 676 159 48 bleibt
2902 676 152 49 ihnen
3094 674 109 49 fern

1692 751 105 50 und
1828 750 243 48 entrückt.

1678 860 23 23 „
1820 819 146 49 Noch
1993 820 205 47 können
2228 819 71 48 sie
2329 817 160 49 nichts
2516 816 260 60 mitteilen,
2803 815 115 50 weil
2946 818 72 47 sie
3044 816 159 48 selbst

1695 890 160 49 nichts
1889 890 243 49 besitzen.

1821 961 141 48 Auch
2002 963 184 58 später,
2229 958 73 49 als
2344 957 158 49 schon
2541 955 90 50 der
2672 957 140 49 Keim
2853 954 92 50 des
2987 957 103 47 rein
3131 971 48 32 er-

1692 1032 384 61 schwungenen
2110 1030 202 50 Geistes
2346 1030 90 47 mit
2466 1029 190 48 seinem
2689 1026 323 65 goldgrünen
3046 1026 132 47 Licht-

1695 1101 101 49 saft
1828 1100 92 49 des
1960 1100 205 48 Felsens
2199 1100 150 47 dürre
2384 1098 189 48 Wucht
2603 1099 279 60 gesprengt
2915 1096 88 47 hat
3036 1124 59 5 —
3131 1097 72 46 sie

1695 1174 243 59 getrauen
1980 1171 103 48 sich
2126 1170 158 47 nicht:
2323 1185 56 32 es
2418 1168 122 48 muß
2584 1171 157 44 etwas
2779 1167 244 48 zerrissen
3076 1167 125 47 sein.

1695 1241 387 49 Verschüchtert
2137 1240 177 50 stehen
2366 1239 108 47 ihre
2530 1237 431 62 Empfindungen.

1820 1312 68 47 So
1924 1309 316 64 geisterhaft,
2281 1325 58 32 so
2377 1309 137 49 nicht
2550 1309 144 47 mehr
2728 1306 165 63 gleich
2930 1306 106 48 und
3071 1305 131 49 eben

1692 1383 92 47 mit
1823 1381 171 60 ihnen,
2039 1381 196 47 kommt
2275 1380 91 48 der
2411 1378 311 50 Erstandene
2765 1377 164 48 denen
2971 1391 105 45 vor,
3120 1375 82 48 die

1695 1452 179 48 zuletzt
1913 1466 58 32 so
2013 1450 135 62 feige
2188 1450 104 48 sich
2331 1450 263 46 erwiesen.

1821 1521 117 47 Und
1997 1535 101 33 nun
2159 1520 125 48 nach
2344 1519 88 48 der
2488 1517 356 50 überwachten
2902 1516 164 47 Nacht
3120 1530 80 33 am

1693 1593 316 60 Tagessaum
2038 1588 95 50 das
2161 1587 365 64 hingezögerte
2558 1586 309 50 Unterkunft
2894 1585 307 49 heischende

1695 1662 172 59 Urteil,
1907 1662 83 47 die
2024 1661 187 62 langen
2253 1661 214 57 Pausen,
2504 1658 81 48 die
2624 1657 236 49 liebloser
2899 1656 155 47 Hohn
3092 1671 83 33 vor-

1695 1731 348 48 ausnehmend
2077 1745 60 33 zu
2173 1729 153 49 füllen
2362 1728 103 50 sich
2498 1728 239 48 bestrebt.

1819 1801 86 48 Als
1938 1800 328 61 Zielscheibe,
2299 1800 74 47 als
2404 1796 526 50 Söldnerzeitvertreib
2960 1796 122 48 muß
3114 1796 89 48 der

1695 1872 169 64 Köllig
1896 1872 88 47 der
2018 1872 198 60 Könige
2246 1885 101 33 von
2377 1867 99 49 den
2508 1867 214 49 Sklaven
2753 1867 91 47 der
2874 1866 201 49 Gewalt
3103 1866 98 47 den

1693 1942 146 61 Spott
1863 1942 88 47 der
1975 1940 369 61 Ehrerbietung
2364 1938 246 49 erdulden
2630 1938 68 50 im
2725 1936 286 62 qualvollen
3035 1937 132 62 (Mum-

1692 2012 307 48 menschanz
2039 2010 93 49 der
2177 2010 463 60 Dornenkrönung.

1821 2082 148 47 Dann
2021 2082 192 60 Aerger
2260 2081 88 46 der
2395 2080 217 46 Männer
2657 2077 125 49 über
2826 2076 111 51 ihre
2978 2076 191 63 palmen-

1694 2151 362 63 schwingende
2096 2152 368 60 Begeisterung
2497 2164 102 33 von
2636 2150 220 64 gestern,
2894 2146 309 61 blutdürstig

1695 2222 329 48 heischender
2060 2221 206 64 Aerger,
2303 2219 337 49 losbrechend
2676 2220 67 47 im
2780 2215 231 50 Wutruf:

1819 2294 197 58 „Jesus,
2052 2291 100 49 den
2188 2291 303 58 Nazarener,
2528 2289 86 48 ihn
2651 2288 251 63 kreuzige,
2938 2285 99 50 den
3074 2286 99 48 Täu-

1695 2363 143 47 scher

1822 2433 102 46 Der
1955 2432 246 59 Editeste,
2230 2429 258 49 Täuscher
2513 2428 252 49 erscheint
2790 2442 54 33 er
2871 2427 115 48 dem
3019 2425 181 49 Pöbel!

1695 2502 285 48 Verklärtes
2026 2501 131 49 sieht
2199 2516 53 33 er
2291 2515 95 35 nur
2425 2499 77 49 als
2545 2498 243 59 Zerrbild,
2834 2496 368 62 Ehrerbietung

1691 2572 330 49 verunstaltet
2055 2587 56 32 er
2146 2584 62 34 zu
2246 2571 160 61 Spiott.

1820 2643 135 47 Aber
1989 2642 126 47 auch
2149 2640 93 49 das
2276 2639 338 50 menschliche
2650 2638 262 48 Mitleiden
2945 2638 260 61 begegnet

1695 2714 112 47 dem
1855 2711 308 66 gefesselten
2210 2711 215 59 Erlöser,
2468 2711 116 46 dem
2627 2708 213 64 göttlich
2885 2707 315 48 Leidenden:

1692 2784 81 47 die
1802 2783 225 48 weichen
2056 2783 245 60 Gruppen
2327 2782 91 46 der
2446 2781 209 57 Frauen,
2681 2778 81 48 die
2789 2777 137 49 nicht
2947 2777 254 61 verstehn,

1694 2855 95 47 wie
1823 2855 110 48 eine
1966 2852 244 61 Sendung
2242 2851 140 48 ihren
2413 2850 193 61 Träger
2634 2851 142 46 töten
2808 2849 150 59 kann,
2990 2849 98 47 wie
3120 2848 84 48 die

1695 2924 174 47 Macht
1905 2922 91 49 des
2038 2923 204 47 Geistes
2281 2921 105 48 und
2424 2919 92 49 der
2553 2919 140 48 Seele
2731 2933 101 34 von
2871 2919 93 46 des
3004 2917 197 48 Staates

1695 2993 349 49 Leibesmacht
2086 2993 239 60 grimmig
2363 2989 299 62 erschlagen
2703 2988 207 49 werden
2953 2987 110 50 soll.
3124 2989 77 59 Er,

1695 3065 88 46 der
1819 3064 200 47 Erlöser
2053 3063 134 59 aber,
2222 3062 132 48 sieht
2384 3059 93 50 das
2512 3059 183 48 Leiden
2728 3059 91 48 der
2850 3058 351 60 Verstockten,

1695 3135 103 46 ihre
1845 3133 314 48 erstarrende
2204 3131 148 56 Qual.

1821 3205 233 59 „Weinet
2087 3203 136 48 nicht
2254 3203 126 46 über
2412 3200 147 60 mich,
2592 3201 158 48 weint
2781 3199 125 48 über
2938 3198 126 49 euch
3098 3199 104 47 und

1695 3274 124 48 über
1859 3289 116 32 eure
2018 3273 201 59 Kinder,
2261 3272 125 47 über
2421 3269 82 49 die
2542 3271 216 47 Männer
2797 3270 168 60 weint,
3004 3269 83 48 die
3126 3269 77 50 ihr

1687 3473 108 48 Der
1834 3468 387 63 Kreuzträger

1819 3571 120 47 Wer
1980 3571 144 46 seine
2165 3569 172 48 Stärke
2384 3567 254 48 äußerlich
2679 3581 65 34 an
2788 3566 98 47 den
2928 3566 112 61 Tag
3082 3563 120 62 legt,

1695 3641 190 47 stimmt
1921 3653 95 35 nur
2056 3640 88 46 mit
2181 3639 117 47 dem
2336 3638 286 58 Schweren,
2661 3635 247 62 dumpfen
2946 3633 226 50 wuchten-

1695 3711 97 46 den
1829 3711 181 46 Lasten
2045 3706 90 51 der
2173 3709 128 47 Erde
2337 3708 207 47 überein
2579 3735 59 5 —
2672 3705 100 49 den
2808 3705 232 65 Anlagen
3076 3704 127 48 nach

1695 3782 64 45 ist
1799 3795 55 32 er
1894 3782 83 45 ein
2021 3779 116 49 sehr
2180 3778 162 60 roher,
2388 3777 441 61 sklavenmäßiger
2870 3773 229 50 Mensch.

1821 3850 134 48 Aber
2000 3849 80 48 die
2127 3849 341 60 Anwendung
2510 3848 68 46 im
2623 3846 269 61 Geistigen
2935 3843 272 50 verfeinert

1696 3920 126 48 auch
1866 3920 138 49 diese
2045 3918 158 50 Kraft.

1823 3991 104 47 Das
1959 3989 88 48 hat
2077 3988 452 65 Cyrenaer-Simon
2559 3987 251 60 erfahren,
2842 3983 166 51 dieser
3038 3984 165 50 starke

1695 4062 175 58 Mann,
1915 4060 70 48 als
2026 4075 55 32 er
2120 4059 276 62 gleichsam
2437 4073 114 34 zum
2595 4058 286 60 Vorspann,
2921 4064 116 42 zuin
3039 4056 3 65 !
3079 4056 95 47 Vor-

1695 4146 162 45 spann
1890 4130 87 48 der
2010 4130 253 61 Erlösung
2290 4127 92 50 der
2410 4128 141 48 Seele
2580 4128 249 62 genötigt,
2861 4128 175 46 seinen
3066 4125 136 60 Leib,

1693 4202 140 47 seine
1871 4201 200 48 starken
2108 4199 261 48 Schultern
2403 4201 148 45 unter
2584 4196 93 50 das
2714 4198 164 48 Kreuz
2909 4195 175 50 schob.
3136 4195 67 47 So

1693 4274 117 59 trug
1850 4271 125 49 auch
2012 4286 69 44 er,
2121 4271 288 59 Lastträger
2444 4267 91 50 des
2572 4268 221 59 Geistes,
2830 4264 93 51 das
2963 4265 116 49 Heil
3116 4266 89 46 der

1693 4341 148 49 Welt.
1892 4341 70 47 So
1994 4344 118 58 trug
2146 4340 128 48 auch
2275 4334 2 68 1
2309 4355 54 32 er
2397 4341 79 46 ein
2518 4341 286 56 ypuaxdcpopoc;,
2855 4338 81 46 ein
2972 4334 202 50 Christo-

1695 4412 207 61 phoros,
1944 4412 96 46 den
2082 4410 215 59 Erlöser,
2338 4424 59 33 so
2435 4412 116 58 trug
2588 4407 128 49 auch
2753 4423 55 33 er
2843 4407 100 49 den
2984 4406 221 49 Befreier

1694 4496 100 37 von
1833 4482 87 48 der
1956 4483 118 47 Last
2106 4482 92 46 der
2231 4479 182 49 Lasten
2448 4478 105 49 und
2592 4478 307 49 erleichterte
2934 4476 82 49 die
3053 4476 149 49 Welt.

1823 4552 102 48 Der
1975 4553 295 59 Kreuzweg,
2320 4550 134 58 kurz,
2502 4550 113 49 eine
2660 4548 150 48 halbe
2856 4547 192 48 Stunde
3097 4561 106 45 nur,

1697 4622 120 48 aber
1844 4622 119 61 lang
1990 4622 105 47 und
2126 4621 281 47 führersam
2435 4633 191 49 genug,
2656 4633 83 33 um
2767 4616 92 50 der
2886 4616 321 50 Menschheit

1696 4695 175 48 innern
1904 4692 320 49 Saharasand
2254 4705 62 34 zu
2345 4689 283 60 entfernen,
2661 4688 116 48 ruht
2806 4688 88 48 auf
2921 4687 276 62 Golgatha.

1823 4763 123 47 Hier
1986 4764 237 48 erwartet
2265 4776 52 33 er
2356 4760 382 61 verewigendes
2783 4759 156 48 Ende.

1825 4833 91 48 Die
1949 4832 152 47 Höhe
2127 4833 69 47 ist
2219 4830 238 50 erreicht:
2489 4831 103 45 Der
2621 4829 201 47 Erlöser
2846 4828 89 48 hat
2962 4827 81 49 die
3073 4827 132 58 Qual

1697 4905 260 59 getragen,
2005 4917 102 35 nun
2149 4903 136 61 trägt
2325 4903 74 46 sie
2440 4900 103 48 ihn.

1822 4973 239 48 Zuckend
2094 4972 185 62 gießen
2310 4968 83 51 die
2429 4968 581 64 Empfindungsbahnen
3043 4970 165 48 seiner

1698 5044 150 48 Arme
1882 5044 105 51 und
2024 5043 152 49 Beine
2210 5042 107 48 ihre
2349 5040 293 66 glühenden
2677 5039 531 63 Verletzungsströme

1698 5114 154 49 durch
1907 5114 98 48 den
2053 5109 577 65 hammergeschnellten
2678 5107 138 52 Leib.
2899 5110 65 47 Er
3011 5110 196 49 dürstet

1698 5184 126 49 nach
1870 5184 219 59 Liebem,
2135 5182 125 48 nach
2307 5179 485 50 Heilsbereitschaft.
2867 5180 65 47 Er
2973 5179 131 49 sieht
3142 5185 63 44 !zu

1695 5256 177 47 seinen
1916 5254 173 47 Füßen
2131 5253 79 48 die
2250 5251 222 49 dunklen
2512 5251 218 48 Scharen
2768 5251 91 47 der
2898 5249 307 50 Unerlösten

1696 5324 105 49 und
1830 5339 90 33 aus
1949 5323 117 48 aller
2093 5323 226 48 Zukunft
2343 5323 103 47 und
2471 5322 196 47 dürstet
2692 5320 126 49 nach
2844 5318 140 51 ihren
3011 5320 192 49 Seelen.

1701 5395 116 47 Und
1855 5394 237 48 niemand
2127 5395 80 57 ist,
2243 5392 92 48 der
2369 5394 72 46 sie
2470 5392 107 49 ihm
2614 5391 149 61 gäbe.

1695 5669 331 118 Schale

1690 5844 121 51 Von
1852 5844 132 51 Otto
2021 5844 195 63 Soyka

1822 5973 124 48 Sehr
1972 5973 101 49 viel
2096 5972 291 50 liebevolles
2419 5974 244 47 Interesse
2692 5972 172 63 bringt
2888 5970 83 51 die
2998 5970 171 63 Gegen-

1696 6046 128 45 wart
1852 6042 91 50 der
1974 6045 251 62 geistigen
2258 6042 489 62 Minderwertigkeit
2776 6043 272 60 entgegen.
3096 6041 106 48 Das

1698 6112 292 50 öffentliche
2039 6114 198 48 Mitleid
2286 6116 63 47 ist
2396 6113 79 50 bei
2522 6110 91 51 der
2659 6112 105 48 Not
2810 6112 89 47 der
2946 6112 255 48 Dummen

1696 6181 292 67 langellangt,
2041 6183 83 48 die
2175 6184 243 48 moderne
2472 6180 465 51 Hilfsbereitschaft
2985 6180 86 49 hat
3120 6181 82 52 die

1699 6254 230 48 Grenzen
1982 6255 87 46 des
2119 6254 311 48 Verstandes
2477 6253 390 58 überschritten;
2915 6252 113 61 jene
3077 6251 95 49 Ach-

1696 6328 128 59 tung
1873 6340 93 32 vor
2010 6325 117 47 dem
2178 6323 326 62 Schwachen,
2551 6324 82 48 die
2679 6322 108 50 sich
2836 6324 51 50 in
2933 6322 92 50 der
3073 6322 130 50 Aera

1698 6394 91 49 der
1835 6396 299 47 Humanität
2177 6394 238 50 Ansehen
2458 6393 321 62 verschaffte,
2822 6393 170 50 macht
3035 6393 170 63 längst

1701 6482 91 31 vor
1832 6463 100 50 den
1977 6463 506 50 Geistesschwachen
2527 6465 139 48 nicht
2704 6463 145 50 mehr
2892 6462 136 51 Halt.
3087 6461 118 52 Und

3342 112 72 49 alt
3455 127 118 34 man
3614 126 87 34 zur
3740 110 210 50 Ansicht
3987 110 132 60 kam,
4157 109 108 49 daßi
4300 108 374 49 Geistesarmut
4711 105 137 59 picht

3339 183 260 60 schändet,
3648 182 145 50 hörte
3841 182 72 48 sie
3958 181 129 48 auch
4136 179 100 62 auf,
4283 178 284 49 verschämt
4614 192 62 33 zu
4718 179 127 50 sein.

3341 254 83 47 Sie
3465 251 193 50 fordert
3695 253 152 48 heute
3887 251 186 48 bereits
4114 248 106 51 laut
4262 249 102 49 und
4404 248 223 50 herrisch
4669 248 150 48 Unter-

3340 326 255 59 stützung.
3678 321 94 50 Die
3826 320 205 52 Reform
4082 321 90 49 der
4218 318 180 51 Sdhule
4447 318 169 51 macht
4666 320 72 47 sie
4785 326 63 51 Jzu

3342 394 131 48 ihrer
3512 392 160 49 Sache
3711 392 105 49 und
3859 391 102 48 ruft
3998 390 127 49 nach
4166 391 90 46 der
4297 388 381 62 Erleichterung
4772 389 73 52 im

3342 464 247 60 Studium,
3616 464 82 46 die
3723 462 78 48 ihr
3826 461 336 62 naturgemäß
4190 460 91 48 das
4312 459 535 49 Erstrebenswerteste

3341 534 208 48 scheint.
3624 533 118 47 Und
3784 534 355 62 gegenwärtig
4180 532 66 48 ist
4287 526 91 52 der
4420 530 147 49 Geist
4608 529 90 47 der
4739 528 110 49 Zeit

3342 619 124 47 gern
3512 603 174 60 bereit,
3733 602 107 49 sidh
3889 601 126 49 nach
4060 601 99 48 den
4205 600 295 48 Wünschen
4547 600 89 46 der
4680 598 140 48 Geist-

3342 674 239 62 l'osigkeit
3622 673 92 48 der
3760 674 111 46 Zeit
3912 686 62 34 zu
4019 672 204 50 richten.

3469 758 102 48 Der
3603 756 183 50 Sdhule
3815 756 106 49 und
3954 755 155 48 ihrem
4146 755 166 47 Leben
4346 754 294 62 gegenüber
4672 755 65 46 ist
4765 751 82 48 ein

3342 827 279 64 klagender
3647 828 128 60 Ton,
3802 826 102 48 voll
3931 824 395 62 Wehleidigkeit
4351 824 104 48 und
4482 823 341 49 Sentimentali-

3340 902 73 46 tät
3442 901 50 46 in
3525 898 158 48 Mode
3716 897 323 62 gekommen.
4104 895 104 48 Das
4241 896 147 47 Wort
4418 894 206 48 Schüler
4655 892 195 49 scheint

3342 968 231 49 förmlich
3628 968 127 48 nach
3804 966 93 50 der
3947 968 185 46 Zusam
4137 967 337 59 Inensetzung
4522 966 92 48 mit
4661 962 162 48 Selbst-

3340 1040 147 48 mord
3524 1055 60 33 zu
3620 1038 292 61 verlangen,
3948 1037 106 47 und
4089 1036 81 48 die
4209 1034 313 50 Kandidatur
4558 1033 80 48 für
4672 1032 176 50 diesen

3342 1109 314 49 Selbstmord
3695 1110 91 46 mit
3821 1110 140 59 jener
4000 1106 220 48 anderen
4260 1105 80 48 für
4376 1104 81 49 die
4495 1104 204 48 Matura
4734 1102 114 48 aufs

3343 1181 224 61 Innigste
3606 1177 275 63 verknüpft
3921 1193 60 33 zu
4024 1179 122 47 sein.
4219 1176 102 47 Der
4359 1171 366 62 zartfühlende,
4766 1173 64 47 lie-

3339 1250 365 61 benswürdige
3732 1250 106 48 und
3867 1249 276 61 ungemein
4178 1243 375 64 sympathische
4584 1242 232 50 Schwach-

3343 1320 125 60 kopf
3531 1321 68 47 ist
3661 1334 115 34 zum
3846 1319 435 61 Repräsentanten
4346 1330 213 34 unseres
4624 1312 199 51 Schüler-

3340 1391 136 47 tums
3509 1388 311 49 ausersehen
3854 1389 228 48 worden.
4148 1386 148 50 Seine
4330 1383 295 68 geduldige,
4662 1382 162 63 erfolg-

3343 1458 108 49 lose
3484 1459 174 48 Arbeit
3689 1461 125 46 wird
3847 1474 96 33 uns
3974 1460 180 47 immer
4184 1457 192 50 wieder
4405 1469 89 34 zur
4522 1454 326 62 Würdigung

3340 1529 514 65 entgegengehalten,
3903 1529 86 47 auf
4033 1528 181 48 Schritt
4258 1526 106 48 und
4407 1527 131 47 Tritt
4578 1524 270 61 begegnen

3342 1601 92 46 wir
3467 1601 49 46 in
3547 1596 93 51 der
3673 1600 244 47 Literatur
3948 1603 190 45 seinem
4173 1596 222 60 blassen,
4430 1593 418 63 übernächtigten

3343 1667 186 50 Antlitz
3569 1671 92 46 mit
3702 1667 117 49 dem
3864 1671 126 46 stets
4032 1667 267 49 leidenden
4344 1667 105 48 und
4492 1663 356 64 anklagenden

3343 1741 127 60 Zug.
3540 1739 143 48 Wird
3722 1754 55 33 es
3818 1739 138 48 nicht
3991 1737 199 49 endlich
4231 1736 254 64 gelingen,
4525 1739 113 46 eine
4677 1733 144 50 Schul-

3340 1812 117 59 type
3508 1824 60 33 zu
3618 1809 190 60 finden,
3857 1809 82 48 die
3986 1809 144 48 seine
4176 1804 219 51 Gefühle
4444 1805 137 50 nicht
4624 1804 220 50 verletzt.

3345 1880 116 61 (Die
3507 1879 129 48 Zahl
3674 1879 92 48 der
3810 1878 167 49 Noten
4018 1878 178 48 mußte
4238 1891 86 33 um
4368 1875 332 49 seinetwillen
4743 1880 81 52 Ver-

3342 1952 189 59 ringert
3552 1949 225 60 werden,
3799 1951 83 46 ein
3908 1946 112 50 Teil!
4039 1949 141 62 jener
4205 1941 642 69 Leistungsunterschiede,

3343 2021 79 47 die
3460 2022 127 46 stets
3628 2034 61 33 zu
3731 2021 173 47 seinen
3946 2019 306 61 Ungunsten
4292 2016 300 60 bestanden,
4631 2014 129 50 wird
4798 2019 50 48 in

3342 2089 228 49 Zukunft
3603 2089 136 48 nicht
3771 2087 144 50 mehr
3948 2100 114 36 zum
4100 2087 265 49 Ausdruck
4398 2086 257 48 kommen.
4705 2085 143 47 Wird

3339 2175 120 33 man
3509 2159 101 49 ihm
3661 2159 194 49 zuliebe
3904 2159 136 48 nicht
4081 2158 120 48 bald
4247 2172 135 47 ganz
4426 2155 90 48 auf
4559 2152 82 54 die
4690 2155 158 51 Kritik

3844 2229 323 51 verzichten?
4242 2227 223 61 Solange
4514 2228 72 46 sie
4632 2225 216 60 besteht,

3340 2301 116 47 sind
3495 2299 337 62 „Elternliebe
3871 2299 103 48 und
4499 2297 83 48 bei
4618 2296 103 51 ihm
4759 2307 92 36 vor

3342 2371 290 61 Störungen
3660 2370 136 48 nicht
3819 2369 178 60 sicher,
4022 2369 137 48 denn
4186 2369 109 46 hier
4318 2369 65 48 ist
4409 2369 125 46 stets
4559 2367 81 48 die
4668 2364 180 57 Quelle

3339 2441 91 47 der
3460 2440 101 49 viel
3591 2442 294 47 unzarteren
3922 2438 415 63 Empfindungen
4369 2435 91 51 des
4495 2437 217 61 Aergers
4743 2435 105 50 und

3343 2512 90 47 des
3476 2510 194 49 Neides
3716 2509 81 48 für
3837 2510 102 50 ihn.
4002 2510 94 46 Die
4141 2509 194 47 Härten
4376 2508 91 47 der
4509 2507 180 49 Schule
4735 2506 113 49 sind

3339 2583 82 45 ein
3469 2579 179 49 Behelf
3687 2580 82 48 für
3810 2581 100 47 den
3950 2579 187 49 Lehrer
4179 2579 104 48 und
4324 2578 250 48 vielleicht
4613 2576 208 49 entbehr-

3342 2650 112 61 lich,
3508 2667 106 33 was
3664 2651 255 48 bedeuten
3971 2652 72 47 sie
4092 2650 122 48 aber
4263 2648 137 49 nicht
4449 2647 121 49 alles
4621 2647 81 48 für
4749 2647 99 48 den

3341 2721 230 49 Schüler!
3628 2721 77 49 An
3744 2721 175 47 diesen
3959 2719 122 49 fand
4118 2720 90 46 der
4246 2719 216 64 Ehrgeiz
4497 2719 176 48 seinen
4713 2717 135 61 Halt,

3342 2792 107 47 hier
3495 2808 109 32 war
3649 2790 341 63 Gelegenheit
4035 2805 113 33 zum
4196 2790 297 59 Wettstreit,
4540 2804 55 32 es
4644 2786 204 50 durften

3342 2862 149 61 Siege
3522 2862 103 48 und
3655 2860 342 62 Niederlagen
4026 2860 215 62 gefeiert
4268 2860 223 48 werden.
4536 2859 124 48 Was
4688 2857 163 51 findet

3341 2932 138 48 nicht
3521 2931 124 49 alles
3695 2932 159 50 Raum
3902 2931 253 49 zwischen
4200 2928 99 50 den
4346 2931 236 60 wenigen
4629 2925 217 53 Ziffern!

3342 3002 215 48 Wieviel
3579 3018 115 32 vom
3718 3004 203 45 ernsten
3945 3001 165 48 Glück
4135 3001 103 47 und
4263 3000 237 49 Schmerz
4518 2999 92 48 des
4635 2998 212 60 Lebens,

3343 3072 260 48 Gefahren
3631 3073 104 47 und
3763 3072 445 64 Schwierigkeiten
4237 3085 319 46 umspannen
4586 3071 96 49 sie!
4727 3069 123 49 Hier

3341 3143 137 61 birgt
3520 3143 108 48 sich
3673 3145 163 46 etwas
3881 3157 100 34 von
4026 3143 165 61 jenem
4241 3141 261 48 schweren
4552 3141 147 46 Ernst
4757 3139 90 47 des

3345 3214 233 60 Daseins,
3618 3214 89 47 der
3740 3216 82 45 ein
3862 3213 176 47 heißes
4077 3210 164 50 Glück
4275 3209 297 63 empfindet,
4609 3225 151 33 wenn
4795 3225 55 32 er

3340 3285 81 45 ein
3451 3282 287 61 Knopfloch
3764 3285 94 45 mit
3882 3285 161 45 einem
4073 3284 143 46 roten
4246 3280 270 49 Bändchen
4542 3279 306 51 schmücken

3343 3352 127 60 darf,
3511 3368 101 33 von
3653 3350 116 50 dem
3814 3349 424 52 Schicksalsernst
4275 3349 92 49 des
4411 3349 435 60 Beamtenlebens,

3344 3424 47 46 in
3435 3423 242 48 welchem
3717 3421 94 49 das
3854 3423 343 47 Avancement
4234 3421 126 48 über
4403 3422 302 47 Existenzen
4744 3422 80 46 ent-

3341 3492 239 49 scheidet.
3641 3493 127 47 Darf
3792 3493 104 47 und
3924 3493 132 47 kann
4082 3490 82 50 die
4191 3490 179 49 Schule
4399 3490 88 49 auf
4508 3488 141 51 diese
4676 3490 175 49 Macht

3341 3563 321 48 verzichten?
3735 3564 145 48 Kann
3921 3565 75 46 sie
4040 3562 105 49 sich
4186 3561 99 49 den
4331 3562 217 61 Ehrgeiz
4586 3559 262 53 weiterhin

3344 3633 257 49 dienstbar
3641 3633 229 61 machen,
3914 3649 148 33 wenn
4106 3635 72 46 sie
4217 3631 104 50 ihm
4366 3636 142 47 seine
4547 3630 151 61 Ziele,
4739 3635 109 47 sein

3344 3706 134 45 rotes
3516 3704 270 48 Bändchen
3821 3703 257 48 entzieht?
4144 3704 105 47 Das
4286 3701 178 62 Opfer,
4498 3716 57 33 es
4589 3701 127 48 wird
4751 3699 97 50 den

3346 3773 293 63 Unfähigen
3674 3773 244 62 gebracht
3951 3774 104 47 und
4089 3773 90 48 auf
4212 3774 193 48 Kosten
4438 3772 92 49 des
4567 3771 162 50 Eifers
4763 3767 88 52 der

3346 3844 239 62 Fähigen.
3656 3843 321 66 Vollständig
4015 3843 89 48 hat
4141 3859 118 32 man
4296 3857 293 47 vergessen,
4628 3842 102 48 daß
4769 3841 80 48 die

3346 3915 329 61 Hauptsorge
3716 3915 89 47 der
3842 3911 179 51 Schule
4059 3914 82 47 die
4180 3913 325 62 Ausbildung
4542 3912 130 48 eben
4710 3913 139 60 jenes

3343 3981 231 51 Schülers
3616 3999 60 33 zu
3716 3986 107 46 sein
3862 3983 103 62 hat,
4003 3981 90 50 der
4131 3983 77 49 ihr
4245 3984 145 47 keine
4430 3983 197 62 Sorgen
4666 3979 182 52 macht.

3346 4055 90 48 Ein
3468 4054 281 49 Treibhaus
3782 4053 83 49 für
3895 4052 359 50 kümmerliche
4288 4053 215 60 Geister,
4534 4057 113 46 eine
4677 4052 140 49 Wohl-

3341 4123 450 62 tätigkeitsanstalt
3842 4125 80 47 für
3969 4122 84 52 die
4105 4124 329 61 Bedürftigen
4484 4138 63 33 an
4597 4119 252 53 Verstand

3344 4194 113 48 darf
3481 4196 71 47 sie
3574 4194 139 49 nicht
3733 4195 222 48 werden.
4013 4196 64 46 Es
4103 4194 111 63 gibt
4236 4191 217 53 nämllich
4475 4193 130 49 auch
4629 4192 219 62 Schüler,

3345 4265 81 47 die
3476 4265 91 51 das
3617 4263 227 50 Lehrziel
3889 4265 235 47 mühelos
4170 4264 274 49 erreichen.

3468 4348 245 51 Manches
3748 4363 64 33 an
3849 4349 89 47 der
3971 4346 182 50 Schule
4186 4347 180 49 bedarf
4400 4348 90 48 der
4525 4347 323 64 Aenderung.

3346 4420 65 47 Es
3454 4421 67 46 ist
3563 4419 170 62 gewiß
3777 4418 138 50 nicht
3953 4417 309 62 vorteilhaft,
4306 4417 100 49 daß
4451 4418 94 48 das
4590 4417 159 51 Recht
4789 4431 60 36 zu

3341 4488 208 62 strafen,
3600 4489 163 48 neben
3809 4486 91 51 der
3948 4487 182 51 Pflicht
4174 4504 60 34 zu
4281 4488 339 49 unterrichten
4666 4490 51 47 in
4762 4484 89 52 der

3346 4560 153 47 Hand
3534 4560 91 48 des
3660 4560 209 48 Lehrers
3905 4557 135 65 liegt.
4103 4559 166 48 Schon
4305 4557 212 50 deshalb
4552 4556 151 62 nicht,
4737 4556 114 51 weil

3341 4630 85 47 die
3471 4630 328 61 Fähigkeiten
3840 4627 92 50 der
3975 4629 258 51 einzelnen
4274 4628 186 49 Lehrer
4502 4633 48 45 in
4593 4628 91 49 der
4721 4625 98 52 Aus-

3343 4700 179 65 übung
3563 4701 165 48 dieses
3773 4699 213 52 Rechtes
4026 4699 130 49 allzu
4195 4699 328 49 verschieden
4562 4698 132 51 sind.
4750 4699 101 46 Der

3341 4772 116 46 eine
3482 4769 216 62 stolpert
3723 4769 358 50 unaufhörlich
4109 4771 126 47 über
4265 4771 138 47 seine
4434 4769 274 60 Versuche,
4740 4769 84 51 Dis-

3345 4840 149 62 ziplin
3538 4856 60 32 zu
3640 4840 186 61 halten,
3869 4841 91 47 der
3998 4840 188 48 andere
4227 4842 69 47 ist
4334 4844 82 46 ein
4458 4841 254 58 Virtuose,
4770 4844 80 49 ein

3345 4910 429 50 Zauberkünstler
3801 4911 89 48 des
3917 4910 354 49 Strafwesens.
4331 4910 94 48 Die
4452 4909 398 63 Möglichkeiten

3341 4996 102 33 von
3493 4979 370 63 Klassenbuch,
3915 4981 198 60 Karzer,
4164 4978 310 62 Strafarbeit,
4519 4990 58 48 jer
4622 4980 107 48 läßt
4778 4981 72 47 sie

3343 5066 95 34 nur
3472 5067 61 33 so
3571 5050 401 50 durcheinander
4006 5051 229 61 wirbeln,
4270 5052 249 60 vereinigt
4553 5054 72 47 sie
4661 5059 62 40 Zu
4752 5047 98 52 den

3343 5122 274 48 schönsten
3660 5122 106 47 und
3811 5121 275 49 seltensten
4134 5119 251 61 Effekten,
4426 5122 234 63 gewinnt
4702 5119 147 50 ihnen

3346 5193 78 47 nie
3463 5191 224 64 geahnte
3724 5192 149 51 Reize
3914 5192 78 60 ab,
4030 5192 106 48 und
4172 5191 129 49 wird
4337 5188 225 51 dadurch
4600 5206 50 35 in
4688 5195 163 45 seiner

3346 5262 102 61 Art,
3486 5260 181 51 Schule
3704 5274 60 37 zu
3800 5262 185 61 halten,
4020 5262 237 62 einseitig
4291 5266 99 46 wie
4424 5261 141 61 jeder
4598 5260 250 51 Künstler.

3343 5334 166 47 Wenn
3545 5331 97 50 das
3680 5329 479 66 Disziplinarwesen
4197 5347 63 33 an
4295 5331 142 64 jeder
4471 5329 181 51 Schule
4688 5335 160 49 einem

3346 5403 127 48 dazu
3507 5404 179 61 eigens
3722 5400 266 51 bestellten
4029 5402 311 64 Pädagogen
4375 5401 352 60 unterstünde,
4763 5401 88 49 der

3341 5489 56 32 es
3431 5472 148 50 allein
3613 5473 123 49 oder
3767 5476 65 46 im
3866 5474 182 48 Verein
4079 5474 92 48 mit
4198 5472 116 49 dein
4348 5472 238 51 Direktor
4616 5486 62 36 zu
4709 5472 114 49 über-

3342 5542 212 50 wachen
3591 5541 154 62 hätte,
3784 5545 136 46 wäre
3958 5539 155 52 vieles
4148 5542 193 49 besser.

3473 5615 65 47 Es
3590 5613 181 48 würde
3820 5613 305 60 vermieden,
4181 5612 99 48 daß
4333 5612 93 49 der
4479 5611 183 51 Lehrer
4713 5612 111 65 lang-

3343 5685 213 60 wierige
3606 5681 585 66 Strafuntersuchüngen
4246 5691 60 40 Zu
4358 5682 184 50 führen
4592 5681 103 63 hat,
4748 5681 103 51 und

3346 5753 99 49 daß
3476 5769 56 32 er
3560 5755 50 47 in
3640 5755 209 59 eigener
3876 5751 159 50 Sache
4069 5752 199 52 Richter
4297 5756 87 56 ist;
4416 5751 116 52 dem
4566 5753 285 51 Unterricht

3343 5827 136 46 wäre
3516 5820 101 52 viel
3654 5824 110 48 Zeit
3799 5835 290 51 gewonnen
4126 5825 106 47 und
4269 5826 141 48 seine
4446 5825 196 48 Würde
4675 5825 176 55 Ibesser

3345 5892 231 65 gewahrt
3615 5890 71 52 als
3725 5894 135 60 jetzt.

3473 5977 124 49 Eine
3638 5975 182 51 höchst
3858 5977 344 64 überflüssige
4245 5980 159 49 Sache
4445 5981 67 51 ist
4551 5980 82 50 die
4675 5980 151 50 Sitten-

3346 6049 132 47 note.
3539 6048 94 48 Die
3663 6048 326 64 Ungünstige
4016 6050 242 48 bedeutet
4284 6052 111 47 eine
4426 6046 393 55 Unannehmlich-

3346 6118 113 61 keit,
3500 6120 99 48 wie
3639 6119 112 60 jede
3790 6118 256 51 deutliche
4081 6120 381 65 Mißbilligung,
4502 6121 83 49 die
4623 6136 118 33 man
4780 6135 48 33 er-

3346 6187 146 51 fährt.
3576 6189 94 49 Die
3722 6190 138 49 Gute
3907 6192 64 47 ist
4016 6190 255 63 geradezu
4320 6190 359 53 beschämend.
4762 6191 86 49 Ein

3344 6256 267 52 taktvoller
3657 6260 184 49 Lehrer
3883 6262 130 48 wird
4058 6277 55 33 es
4156 6262 173 62 gewiß
4376 6277 124 47 gern
4547 6262 300 58 vermeiden,

3344 6330 149 48 einen
3534 6330 257 62 begabten
3834 6330 208 50 Schüler
4083 6334 94 47 mit
4215 6330 92 51 der
4346 6333 179 50 besten
4569 6329 282 54 Sittennote

3346 6398 383 53 bloßzustellen.
3802 6403 102 47 Der
3944 6403 195 67 einzige
4178 6404 144 48 Wert
4357 6402 167 54 dieser
4565 6404 157 51 Kritik
4760 6402 88 49 des

3345 6469 250 52 sittlichen
3632 6468 283 66 Betragens
3952 6472 124 62 liegt
4111 6471 161 63 darin,
4309 6471 107 56 daßi
4452 6478 79 47 ein
4570 6473 167 57 Ventil
4772 6472 78 49 für
