2273 3764
125 191 80 47 256

593 191 294 36 CONFÉRENCE
924 198 87 28 SUR
1043 198 53 27 LA
1126 197 202 33 MUSIQUE
1361 198 52 26 ET
1448 198 53 26 LA
1532 197 135 27 MAGIE

125 294 132 40 l'aide
278 294 54 40 de
352 294 40 40 la
424 294 263 51 mécanique
708 306 56 28 ou
790 292 54 41 de
865 292 40 41 la
931 292 176 51 chimie,
1133 300 66 33 est
1218 304 114 40 pour
1354 291 61 41 lui
1442 292 39 40 la
1507 289 336 43 manifestation
1865 290 133 41 d'une
2020 290 119 40 force

125 363 185 49 morale,
346 375 86 28 une
456 374 248 40 apparence
737 362 192 40 derrière
974 360 194 53 laquelle
1206 374 45 27 se
1287 360 132 42 cache
1454 374 88 28 une
1571 360 195 40 volonté.
1809 359 124 41 Dans
1976 360 39 40 le
2049 368 72 32 ton-

125 445 129 28 nerre
284 432 75 51 qui
382 429 183 42 ébranle
593 431 39 40 le
658 431 97 50 ciel,
781 431 113 40 dans
917 431 63 40 les
1004 431 101 40 flots
1129 430 54 40 de
1206 429 40 41 la
1272 443 95 28 mer
1388 431 76 52 qui
1489 443 45 27 se
1561 429 250 48 soulèvent,
1837 429 112 41 dans
1982 428 161 41 l'arbre

127 503 76 50 qui
225 499 241 49 frissonne,
491 500 114 40 dans
626 499 40 41 la
691 500 210 51 maladie,
927 500 112 41 dans
1075 499 39 40 la
1139 499 159 41 disette
1322 512 57 29 ou
1411 498 313 51 l'abondance,
1747 498 111 40 dans
1891 498 40 40 le
1953 497 192 42 minéral

126 570 246 47 lui-même,
397 569 30 40 il
449 584 29 38 y
498 583 22 27 a
555 583 87 27 une
677 572 113 46 âme,
832 582 88 28 une
940 569 198 49 volonté,
1236 567 229 56 quelqu'un
1474 602 8 18 ,
1524 583 61 27 un
1615 572 93 37 être
1748 567 227 50 invisible,
2002 570 143 39 tantôt

124 638 180 50 hostile,
331 640 142 38 tantôt
509 637 290 50 bienfaisant,
842 637 183 53 capable
1066 637 265 53 d'éprouver
1352 638 40 40 le
1432 637 156 53 plaisir
1612 650 56 28 ou
1702 637 40 40 la
1765 638 130 51 peine
1918 645 41 32 et
1996 650 125 28 acces-

126 706 112 41 sible
258 720 83 27 aux
364 710 168 37 mêmes
556 708 295 52 impressions
874 707 55 41 de
951 707 40 40 la
1017 706 250 42 sensibilité
1287 720 86 40 que
1396 706 215 42 l'homme
1635 706 247 40 lui-même.

181 774 70 42 Un
276 777 335 40 raisonnement
632 777 277 40 inconscient
931 774 156 43 établit
1111 776 119 41 alors
1254 790 88 27 une
1363 776 190 41 relation
1575 776 163 41 directe
1754 784 125 33 entre
1901 775 39 41 le
1957 777 190 51 pouvoir

127 842 221 55 expressif
365 844 54 41 de
451 845 41 40 la
522 847 211 50 musique
756 853 41 32 et
828 845 63 41 les
914 845 313 53 phénomènes
1249 845 200 42 naturels
1474 847 76 51 qui
1573 858 115 29 nous
1712 845 237 50 semblent,
1985 851 23 36 à
2032 860 115 29 nous

127 913 256 50 modernes,
410 913 63 40 les
496 913 102 53 plus
630 913 189 42 rebelles
844 918 21 36 à
890 911 180 45 l'action
1094 915 78 40 des
1209 923 89 33 arts
1329 915 59 40 du
1421 915 191 52 rythme.
1639 914 200 54 Puisque
1874 916 39 40 la
1938 918 210 51 musique

127 990 65 33 est
216 983 39 40 le
277 982 195 51 langage
508 983 59 40 du
588 985 255 49 sentiment,
883 991 42 33 et
957 998 101 38 que,
1098 982 170 43 d'autre
1291 992 113 44 part,
1446 991 95 33 tout
1580 993 66 31 est
1682 986 240 40 sentiment
1958 986 112 40 dans
2107 986 39 41 la

128 1059 173 40 nature,
345 1051 30 40 il
409 1064 54 28 en
505 1052 163 40 résulte
710 1050 187 42 d'abord
936 1051 107 53 qu'il
1082 1068 26 37 y
1153 1066 105 27 aura
1299 1052 184 40 identité
1533 1061 123 32 entre
1695 1052 62 40 les
1799 1057 112 37 états
1960 1053 188 42 affectifs

132 1118 273 54 qu'exprime
428 1120 38 40 le
491 1120 131 40 chant
645 1129 40 32 et
710 1134 105 26 ceux
839 1134 87 38 que
946 1120 249 41 traduisent
1214 1121 63 40 les
1301 1120 307 54 phénomènes
1631 1122 60 39 du
1711 1122 164 40 monde
1896 1126 220 39 extérieur
2137 1140 9 33 ;

131 1189 52 39 de
205 1188 119 52 plus,
350 1188 38 40 le
411 1188 133 41 chant
565 1202 167 38 pourra
756 1202 174 28 exercer
961 1203 88 27 une
1073 1191 147 39 action
1253 1203 76 27 sur
1348 1203 70 27 ces
1441 1190 324 52 phénomènes,
1803 1199 97 33 tout
1924 1205 174 28 comme
2120 1193 30 40 il

129 1258 40 39 le
191 1256 129 42 ferait
344 1270 76 28 sur
441 1272 61 26 un
533 1258 206 40 auditeur
764 1258 299 53 quelconque,
1089 1272 54 27 en
1165 1267 126 33 vertu
1315 1259 55 40 de
1405 1272 46 27 ce
1474 1260 201 52 principe
1715 1259 108 41 dont
1862 1259 290 54 l'expérience

127 1339 240 28 commune
390 1334 156 33 atteste
569 1324 296 52 l'exactitude,
886 1336 41 32 et
948 1329 75 50 qui
1044 1336 66 33 est
1130 1329 161 52 capital
1312 1342 54 27 en
1390 1330 185 39 matière
1596 1329 53 40 de
1672 1331 149 47 magie
1843 1341 8 30 :
1870 1330 38 41 le
1921 1331 231 40 semblable

133 1395 95 54 agit
249 1410 73 25 sur
340 1395 37 39 le
397 1395 243 40 semblable.

185 1463 49 56 Je
259 1465 204 51 pourrais
498 1477 188 40 pousser
709 1463 232 54 beaucoup
978 1466 101 52 plus
1103 1466 92 40 loin
1238 1474 110 32 cette
1388 1466 199 53 analyse.
1611 1467 51 54 Je
1705 1470 206 50 pourrais
1950 1479 201 31 montrer

134 1533 134 52 qu'on
292 1547 21 26 a
338 1546 54 28 eu
412 1541 86 33 tort
520 1534 54 39 de
597 1534 256 40 considérer
874 1548 175 27 comme
1061 1536 247 49 grossières
1332 1543 42 33 et
1397 1536 210 40 ridicules
1628 1536 63 40 les
1714 1539 229 51 pratiques
1964 1539 77 40 des
2062 1541 67 51 pri-

131 1600 154 49 mitifs,
311 1616 89 33 car,
426 1616 54 26 en
515 1615 188 38 somme,
728 1603 108 40 elles
868 1616 54 27 ne
955 1612 101 32 sont
1095 1617 85 39 que
1218 1603 305 53 l'application
1559 1607 219 51 anticipée
1816 1607 77 40 des
1928 1607 225 42 doctrines

132 1672 75 51 qui
232 1679 76 31 ont
345 1675 66 35 été
448 1675 260 48 proposées,
734 1686 56 26 au
813 1687 69 25 xix
886 1677 15 17 e
943 1673 146 47 siècle,
1127 1687 81 37 par
1246 1673 63 40 les
1351 1673 293 53 philosophes
1684 1674 63 41 les
1779 1675 101 52 plus
1912 1679 240 39 éminents.

133 1738 356 53 Schopenhauer
512 1753 22 26 a
574 1741 106 39 écrit
713 1741 87 39 ceci
827 1752 8 27 :
864 1755 18 21 «
908 1741 40 39 le
987 1741 164 40 monde
1174 1740 113 41 n'est
1310 1742 166 51 qu'une
1520 1744 209 51 musique
1754 1743 201 42 réalisée.
1978 1758 19 25 »
2034 1745 120 41 C'est

132 1821 47 27 ce
216 1807 256 53 qu'avaient
494 1808 63 39 dit
597 1817 132 32 avant
768 1809 62 40 lui
855 1809 53 40 de
934 1809 170 51 grands
1136 1810 378 52 métaphysiciens
1554 1824 174 28 comme
1752 1811 140 52 Hegel
1932 1822 41 32 et
1997 1813 131 41 Schel-

131 1877 110 50 ling.
270 1874 227 54 Qu'est-ce
519 1891 85 38 que
637 1877 90 40 cela
751 1886 104 32 veut
886 1877 126 42 dire?
1038 1877 107 42 Cela
1174 1877 180 52 signifie
1393 1893 86 38 que
1502 1880 39 39 la
1580 1882 210 52 musique
1814 1896 21 25 a
1860 1896 61 27 un
1945 1896 102 27 sens
2067 1889 88 35 très

131 1944 192 54 profond
350 1957 8 28 :
393 1959 47 26 ce
473 1943 160 54 qu'elle
669 1947 215 52 exprime,
922 1960 47 27 ce
1005 1960 55 27 ne
1093 1956 99 32 sont
1235 1961 80 39 pas
1348 1948 251 42 seulement
1639 1963 71 27 ces
1749 1952 210 50 passions
1999 1966 132 38 super-

132 2013 182 41 ficielles
339 2023 41 31 et
421 2013 186 41 banales
648 2014 136 53 qu'on
823 2024 155 32 trouve
1017 2016 112 40 dans
1162 2016 64 40 les
1263 2016 154 41 livrets
1448 2015 181 55 d'opéra
1648 2034 7 33 ;
1683 2019 104 41 c'est
1808 2032 47 28 ce
1876 2020 105 52 qu'il
2006 2036 28 37 y
2058 2036 21 25 a
2103 2022 53 39 de

132 2091 265 45 permanent
433 2091 40 32 et
508 2082 254 42 d'essentiel
786 2084 112 40 dans
936 2084 40 40 la
1010 2093 173 41 nature,
1218 2085 62 40 les
1298 2084 143 42 forces
1483 2088 317 50 génératrices,
1833 2088 62 40 les
1922 2101 20 26 ce
1966 2089 125 41 Idées
2116 2103 19 25 »

133 2166 173 27 comme
328 2153 146 39 disent
494 2152 64 40 les
579 2152 322 50 Platoniciens,
998 2153 63 40 les
1086 2152 125 42 Idées
1236 2154 109 41 dont
1365 2155 63 40 les
1453 2154 142 53 objets
1619 2157 226 40 matériels
1868 2171 55 27 ne
1946 2167 100 32 sont
2071 2173 86 38 que

152 2235 21 26 a
208 2221 259 40 réalisation
491 2226 256 47 passagère.
795 2234 20 25 «
839 2220 64 41 La
927 2223 207 51 musique
1159 2223 120 40 vient
1303 2223 59 40 du
1385 2223 170 40 dedans
1574 2237 38 37 »,
1644 2238 174 27 comme
1842 2239 57 28 on
1927 2227 48 40 lit
1998 2241 159 28 encore

133 2289 111 40 dans
268 2289 63 40 les
351 2288 241 41 Mémoires
631 2290 54 40 de
709 2288 349 43 Se-ma-Ts'ien.
1085 2290 65 41 De
1188 2291 91 40 cela
1315 2291 30 41 il
1369 2293 179 49 résulte,
1575 2307 83 26 aux
1674 2307 113 39 yeux
1800 2294 77 40 des
1902 2296 255 51 modernes,

134 2372 86 39 que
250 2371 113 28 nous
392 2372 55 27 ne
466 2358 251 52 possédons
750 2373 145 27 aucun
919 2365 128 47 poète
1070 2362 123 39 aussi
1228 2361 143 50 grand
1397 2375 85 38 que
1511 2361 201 49 Haendel,
1752 2362 176 54 Haydn,
1966 2364 189 54 Mozart,

132 2426 273 53 Beethoven,
431 2441 129 38 parce
584 2441 86 40 que
693 2428 39 40 la
753 2429 209 52 musique
986 2442 46 26 se
1064 2428 158 50 forme,
1247 2430 113 40 dans
1387 2430 39 40 le
1453 2431 165 40 monde
1637 2432 160 51 moral,
1818 2446 55 27 au
1896 2448 123 27 cœur
2037 2444 41 31 et
2102 2450 55 26 au

132 2504 148 33 centre
312 2495 77 40 des
412 2496 176 48 choses,
611 2510 56 26 au
699 2495 124 53 foyer
846 2500 146 37 même
1025 2498 52 39 de
1098 2497 38 40 la
1161 2500 69 38 vie
1248 2499 285 40 universelle.

190 2563 64 41 La
278 2566 149 49 magie
462 2564 214 41 musicale
712 2565 69 40 n'a
806 2579 80 39 pas
910 2570 68 37 été
1001 2575 125 31 autre
1158 2567 135 40 chose
1327 2580 87 40 que
1436 2568 41 40 la
1503 2570 111 39 mise
1649 2582 55 28 en
1734 2571 206 52 pratique
1962 2571 54 41 de
2049 2581 110 32 cette

134 2633 169 42 théorie
325 2648 8 34 ;
369 2635 380 40 instinctivement
788 2642 42 33 et
870 2636 421 51 inconsciemment,
1335 2636 63 41 les
1432 2636 212 53 primitifs
1673 2651 55 28 en
1770 2641 193 50 tiraient,
2010 2645 22 36 à
2067 2642 93 40 leur

133 2704 120 50 insu,
279 2702 40 40 la
343 2707 308 49 conséquence
675 2703 200 54 logique.
903 2702 105 43 S'ils
1035 2714 76 31 ont
1136 2719 74 26 cru
1244 2707 190 51 pouvoir
1468 2705 209 42 modifier
1702 2712 21 35 à
1752 2708 96 41 leur
1870 2714 80 45 gré
1969 2710 63 40 les
2055 2711 78 51 phé-

135 2776 216 36 nomènes
374 2771 54 41 de
461 2772 39 40 la
526 2781 173 39 nature,
742 2770 103 44 c'est
872 2770 129 55 qu'ils
1040 2782 77 33 ont
1159 2789 74 26 cru
1258 2773 200 54 qu'entre
1482 2775 39 40 la
1555 2777 209 52 musique
1802 2786 42 32 et
1875 2778 64 41 les
1977 2780 85 40 lois
2086 2785 74 47 qui

136 2842 222 49 régissent
381 2854 69 27 ces
470 2841 324 52 phénomènes,
819 2842 30 39 il
870 2856 26 39 y
920 2856 22 27 a
964 2855 191 40 presque
1190 2843 200 41 identité.
1428 2842 38 42 A
1489 2843 131 42 l'aide
1643 2845 59 41 du
1725 2846 150 50 chant,
1896 2847 54 41 ils
1975 2856 76 33 ont
2086 2863 74 26 cru

137 2910 192 51 pouvoir
365 2910 207 40 dominer
594 2910 41 41 la
659 2919 176 41 nature,
879 2915 22 36 à
940 2925 85 39 peu
1058 2917 102 47 près
1197 2925 176 29 comme
1413 2928 61 26 un
1517 2916 275 40 mécanicien
1827 2917 215 41 moderne
2065 2920 77 51 qui

136 2978 179 41 installé
339 2978 112 42 dans
474 2994 88 26 une
585 2978 156 42 cabine
760 2986 57 35 où
839 2980 30 40 il
892 2983 143 39 aurait
1058 2995 106 27 sous
1185 2982 41 40 la
1245 2983 122 40 main
1392 2991 94 33 tout
1503 2997 47 27 ce
1574 2983 107 53 qu'il
1697 2983 94 42 faut
1815 2999 114 39 pour
1950 2987 210 52 produire

139 3060 56 27 ou
218 3049 295 52 interrompre
538 3048 63 41 les
627 3058 210 33 courants
860 3050 281 53 électriques,
1178 3052 356 41 commanderait
1568 3066 88 27 une
1678 3055 304 54 gigantesque
2011 3058 148 40 usine.

137 3115 127 41 Cette
287 3130 216 39 croyance
526 3132 22 26 a
575 3122 67 36 été
665 3118 108 41 celle
801 3119 53 40 de
888 3128 100 32 tous
1019 3120 63 40 les
1107 3118 261 51 Orientaux,
1404 3125 21 36 à
1457 3135 55 26 en
1534 3122 129 52 juger
1686 3137 80 38 par
1804 3123 63 41 les
1905 3127 151 39 traités
2096 3127 63 39 les

137 3185 100 52 plus
263 3186 180 40 anciens
468 3188 75 50 qui
565 3196 101 32 sont
690 3201 223 39 parvenus
935 3189 177 53 jusqu'à
1134 3202 131 27 nous.
1289 3188 144 52 Ainsi,
1460 3190 113 40 dans
1594 3190 39 40 le
1656 3190 157 52 Li-Ki;
1839 3206 57 28 ou
1929 3193 231 43 Mémorial

138 3253 71 40 des
231 3260 100 33 rites
363 3254 77 40 des
477 3254 207 51 Chinois,
720 3270 57 28 on
806 3257 48 41 lit
879 3260 88 38 ceci
993 3273 7 25 :
1040 3271 20 26 «
1084 3257 62 41 La
1171 3259 210 52 musique
1414 3267 66 33 est
1517 3261 282 42 intimement
1834 3263 83 41 liée
1959 3277 104 28 avec
2097 3265 63 40 les

139 3331 206 45 rapports
361 3324 234 40 essentiels
618 3325 77 41 des
719 3328 130 38 êtres.
876 3325 72 42 On
964 3327 148 41 étudie
1136 3328 63 41 les
1220 3342 104 27 sons
1347 3342 114 40 pour
1480 3331 149 40 savoir
1646 3330 62 42 les
1731 3333 104 49 airs,
1853 3332 64 41 les
1941 3335 89 40 airs
2047 3347 112 40 pour

138 3395 150 39 savoir
308 3392 38 41 la
366 3394 225 51 musique,
611 3403 41 32 et
674 3394 41 40 la
739 3396 208 52 musique
966 3410 114 38 pour
1101 3412 258 39 gouverner.
1387 3414 19 21 »

196 3460 119 45 C'est
345 3476 113 40 pour
477 3476 87 29 une
601 3464 149 41 raison
775 3464 224 52 analogue
1023 3479 101 39 que,
1150 3466 104 42 chez
1279 3467 62 42 les
1375 3466 154 55 Grecs,
1554 3468 260 54 Pythagore
1852 3473 116 41 avait
1991 3472 57 42 lié
2072 3477 21 36 à
2117 3472 38 41 la

142 3531 169 42 théorie
331 3533 77 40 des
435 3533 256 42 intervalles
715 3547 87 28 une
837 3535 169 41 théorie
1033 3539 338 52 astronomique
1395 3545 57 34 où
1474 3539 62 40 les
1560 3548 95 43 sept
1676 3549 128 33 notes
1826 3541 55 41 de
1903 3542 40 40 la
1968 3555 182 36 gamme
