2273 3764
852 185 76 25 LES
963 184 195 26 OEUVRES
1193 176 229 34 RÉCENTES

129 184 77 36 242

130 273 199 49 Salomé,
348 275 284 51 impérieuse,
655 275 126 49 exige
799 274 135 52 qu'on
959 274 59 41 lui
1043 282 174 33 montre
1241 274 39 40 le
1302 275 269 50 prisonnier.
1594 271 257 42 Narraboth
1871 272 70 54 n'y
1956 285 186 32 consent

130 358 86 38 que
249 357 129 40 parce
402 341 108 54 qu'il
533 351 66 33 est
620 342 223 53 subjugué
863 358 80 37 par
966 358 80 26 son
1071 357 158 27 amour
1248 357 114 39 pour
1384 344 39 40 la
1448 345 245 52 princesse.

184 412 88 40 Dès
294 411 280 53 qu'apparaît
613 411 279 55 Jochanaan,
929 411 182 43 Salomé
1143 413 62 40 lui
1244 414 87 39 crie
1358 426 80 27 son
1467 425 172 28 amour.
1665 409 259 43 Narraboth
1952 425 46 27 se
2022 421 72 33 tue
2119 417 21 37 à

131 494 71 28 ses
221 480 127 53 pieds
382 494 104 27 sans
511 480 161 54 qu'elle
703 480 94 43 s'en
821 484 248 51 aperçoive.

183 549 278 55 Jochanaan,
485 550 262 50 insensible,
773 551 173 40 maudit
966 550 184 42 Salomé
1182 560 41 31 et
1247 564 46 27 sa
1312 556 119 35 mère
1455 550 236 48 Hérodias,
1717 549 164 41 femme
1904 550 240 41 d'Hérode.

127 618 118 41 Mais
266 620 114 39 voici
414 618 179 43 Hérode
625 629 41 32 et
696 634 69 27 ses
799 623 210 38 convives
1032 622 75 51 qui
1131 628 169 33 sortent
1329 621 58 40 du
1407 619 146 42 festin.
1580 619 63 41 Le
1662 624 226 48 tétrarque
1911 619 54 42 de
1987 620 159 55 Judée,

129 690 140 40 excité
285 703 82 39 par
390 688 63 41 les
484 691 117 47 vins,
636 691 222 40 demande
879 692 376 39 successivement
1277 694 21 36 à
1324 688 183 43 Salomé
1530 689 53 40 de
1608 703 191 36 manger
1818 689 77 40 des
1919 688 146 51 fruits,
2093 690 54 41 de

129 757 125 41 boire
279 762 21 36 à
322 772 47 26 sa
402 772 140 39 coupe
579 767 40 33 et
649 760 54 40 de
741 760 165 40 danser
943 774 103 27 avec
1085 760 77 40 lui.
1199 758 184 42 Salomé
1409 758 147 42 refuse
1588 767 111 40 tout,
1724 760 130 47 mais,
1877 772 46 28 se
1949 760 199 40 ravisant

130 834 95 32 tout
249 830 21 36 à
305 839 130 40 coup,
477 826 84 42 elle
601 836 226 45 acceptera
864 829 53 40 de
956 829 165 41 danser
1140 830 36 38 si
1201 828 177 41 Hérode
1398 828 62 40 lui
1476 828 95 52 jure
1594 827 54 41 de
1670 826 61 42 lui
1757 826 208 42 accorder
1984 836 95 33 tout
2100 840 47 28 ce

129 895 161 52 qu'elle
308 895 62 41 lui
396 896 290 42 demandera.
708 897 178 42 Hérode
910 897 79 41 fait
1013 898 39 40 le
1076 906 196 32 serment
1291 896 123 50 fatal,
1446 905 40 33 et
1517 895 185 42 Salomé
1724 897 140 41 danse
1887 897 41 40 la
1952 910 20 24 «
1998 896 151 41 Danse

129 964 77 40 des
239 962 108 54 Sept
369 964 153 42 Voiles
547 978 38 38 »,
619 981 55 26 au
708 965 108 42 bout
853 967 53 40 de
942 967 192 52 laquelle
1167 967 83 40 elle
1281 965 151 42 tombe
1468 966 193 52 éperdue
1698 980 84 26 aux
1824 966 127 52 pieds
1989 966 59 40 du
2085 971 42 36 té-

129 1042 197 43 trarque.

186 1101 185 42 Salomé
399 1103 190 40 réclame
614 1104 119 41 alors
753 1105 37 40 la
815 1119 167 36 rançon
1000 1106 75 51 qui
1101 1105 60 40 lui
1176 1113 66 32 est
1258 1105 86 40 due
1369 1118 9 27 :
1401 1104 83 41 elle
1502 1113 121 40 veut,
1641 1118 76 27 sur
1737 1119 62 26 un
1817 1104 94 53 plat
1924 1103 221 52 d'argent,

129 1170 40 41 la
194 1174 85 38 tête
312 1171 59 41 du
400 1172 220 52 prophète
653 1172 280 56 Jochanaan.
955 1172 70 42 En
1046 1176 120 47 vain,
1194 1173 177 41 Hérode
1393 1174 61 40 lui
1476 1172 109 42 offre
1606 1187 54 27 en
1684 1174 203 51 échange
1911 1182 146 33 toutes
2084 1174 63 41 les

129 1240 219 40 richesses
371 1240 59 41 du
453 1254 215 39 royaume
694 1252 7 29 :
729 1240 199 51 Salomé,
954 1242 286 53 implacable,
1267 1243 191 40 réclame
1481 1243 40 40 la
1548 1246 84 37 tête
1649 1243 53 40 de
1725 1242 278 55 Jochanaan.

185 1308 202 50 Terrifié,
414 1309 179 42 Hérode
625 1320 190 43 accepte.
855 1310 63 42 Le
954 1311 226 41 bourreau
1200 1313 192 39 descend
1421 1313 115 39 dans
1561 1312 39 40 la
1637 1313 164 40 citerne
1831 1327 8 33 ;
1886 1326 58 26 on
1984 1313 162 40 entend

129 1379 113 39 dans
263 1378 38 40 le
319 1378 163 42 silence
505 1394 60 26 un
588 1382 336 49 gémissement,
948 1390 41 31 et
1013 1380 170 42 bientôt
1206 1381 40 40 la
1272 1385 85 38 tête
1373 1381 59 41 du
1455 1381 217 53 supplicié
1692 1385 220 49 apparaît,
1937 1383 135 39 sortie
2089 1382 59 41 du

129 1448 120 52 puits
266 1461 81 39 par
367 1447 40 41 le
434 1447 104 42 bras
559 1449 58 40 du
639 1449 236 42 bourreau.

185 1515 123 42 Tous
338 1516 62 41 les
422 1519 237 40 assistants
688 1527 99 32 sont
811 1523 199 36 atterrés.
1035 1517 185 42 Salomé
1242 1519 138 52 prend
1405 1519 77 40 des
1506 1521 147 38 mains
1676 1520 59 40 du
1757 1519 223 42 bourreau
1999 1520 40 40 la
2062 1524 85 37 tête

129 1585 53 40 de
200 1584 277 55 Jochanaan,
500 1595 41 32 et
563 1587 156 40 exhale
738 1587 163 41 devant
924 1588 39 40 le
987 1588 216 52 prophète
1220 1597 113 31 mort
1357 1587 189 42 l'amour
1570 1586 103 55 qu'il
1700 1588 61 41 lui
1784 1604 20 25 a
1827 1588 146 42 refusé
1994 1590 54 40 de
2065 1602 81 28 son

127 1654 169 39 vivant.

185 1721 195 50 Hérode,
406 1722 165 54 effrayé
589 1733 41 32 et
654 1729 190 46 écœuré,
872 1724 149 43 s'écrie
1047 1740 8 26 :
1084 1739 20 25 «
1130 1724 148 54 Qu'on
1303 1734 72 33 tue
1399 1734 110 33 cette
1531 1725 166 42 femme
1723 1728 7 38 !
1759 1740 19 24 »

182 1788 88 43 Les
291 1791 169 41 soldats
484 1806 47 27 se
553 1795 265 51 précipitent
842 1808 76 27 sur
940 1793 184 42 Salomé
1140 1803 42 32 et
1203 1794 233 41 l'écrasent
1460 1808 105 27 sous
1581 1795 119 41 leurs
1723 1795 238 42 boucliers.

184 1858 69 41 En
277 1874 58 26 un
357 1861 141 51 pareil
520 1861 143 52 livret,
683 1863 105 40 d'un
808 1869 221 35 caractère
1053 1863 442 52 ultra-romantique,
1518 1872 95 33 tout
1629 1873 66 32 est
1712 1865 165 40 violent
1900 1875 42 32 et
1965 1867 107 40 haut
2095 1881 54 26 en

127 1928 199 50 couleur,
365 1931 114 39 mais
505 1934 21 36 à
552 1944 85 39 peu
661 1937 101 46 près
794 1934 94 39 rien
923 1933 113 40 n'est
1068 1933 53 40 de
1156 1941 158 32 nature
1333 1936 21 37 à
1378 1933 198 49 toucher,
1603 1947 130 38 parce
1752 1947 85 39 que
1861 1943 95 33 tout
1979 1935 170 41 semble

127 1995 120 52 faux,
284 2004 260 46 contourné,
580 2002 362 47 conventionnel,
978 2002 151 50 gonflé
1164 2001 105 41 d'un
1309 2003 203 39 mauvais
1540 2004 137 51 esprit
1709 2003 53 40 de
1801 2002 282 43 raffinement
2108 2014 41 32 et

129 2063 273 45 d'outrance.
428 2066 88 42 Les
540 2082 310 39 personnages
874 2084 55 26 ne
952 2079 101 33 sont
1073 2085 79 39 pas
1175 2084 123 27 assez
1319 2071 172 41 étudiés
1514 2084 113 39 pour
1646 2075 194 49 paraître
1859 2072 229 50 humains,
2109 2082 40 32 et

129 2135 298 42 ressemblent
453 2141 21 35 à
517 2138 52 40 de
605 2140 326 52 gigantesques
962 2142 195 50 pantins,
1196 2140 193 41 habillés
1435 2140 53 40 de
1527 2148 224 33 costumes
1794 2142 226 40 rutilants.
2061 2142 88 41 Les

129 2206 210 50 passions
360 2219 55 27 ne
438 2216 100 32 sont
561 2222 85 38 que
663 2209 78 39 des
764 2217 149 42 gestes
938 2209 53 41 de
1016 2209 104 41 folie
1144 2223 56 27 ou
1224 2210 53 40 de
1300 2209 230 41 brutalité.
1556 2209 62 41 Le
1640 2209 149 54 public
1814 2219 65 32 est
1900 2213 248 51 cependant

127 2273 217 53 haletant,
366 2289 128 39 parce
517 2291 85 38 que
626 2277 40 40 la
689 2279 211 51 musique
921 2279 54 40 de
997 2277 63 42 M.
1082 2277 183 42 Strauss
1290 2279 186 52 supplée
1500 2279 85 40 àla
1608 2281 139 39 vérité
1846 2282 122 40 seule
1991 2295 158 27 source

129 2342 54 40 de
201 2345 152 49 poésie
384 2353 41 32 et
449 2345 242 41 d'émotion
792 2361 53 26 en
869 2347 241 42 sollicitant
1141 2349 202 52 toujours
1375 2347 330 51 l'imagination
1729 2357 41 32 et
1792 2363 55 27 en
1870 2352 279 39 maintenant

129 2411 208 52 jusqu'au
372 2412 109 42 bout
508 2412 239 43 l'auditeur
771 2416 111 40 dans
918 2415 198 42 l'attente
1143 2418 53 38 de
1227 2417 195 52 quelque
1444 2416 134 40 chose
1601 2418 54 39 de
1677 2423 87 35 très
1782 2419 277 53 pathétique.
2086 2420 63 40 Le

129 2485 158 46 poème
305 2481 115 41 n'est
446 2496 79 38 pas
550 2483 187 41 humain
757 2498 9 35 ;
789 2484 39 40 la
851 2488 208 50 musique
1078 2495 104 31 veut
1201 2486 139 40 l'être.
1363 2484 97 42 Elle
1484 2495 116 31 reste
1622 2496 212 42 pourtant
1851 2487 298 53 superficielle

131 2546 75 53 (ou
237 2547 131 43 d'une
391 2551 294 52 psychologie
710 2554 75 50 qui
809 2563 127 42 porte
963 2559 21 35 à
1014 2554 121 53 faux)
1157 2564 42 31 et
1225 2556 268 48 décorative,
1519 2568 173 28 comme
1717 2570 86 27 une
1834 2558 173 50 grande
2025 2572 91 27 com-

131 2620 196 50 position
355 2620 54 40 de
431 2619 63 41 M.
519 2619 330 53 Rochegrosse.

186 2686 31 41 Il
236 2702 28 38 y
286 2702 38 36 a,
346 2688 112 41 dans
476 2689 283 54 l'esthétique
776 2691 54 40 de
849 2690 62 41 M.
936 2690 195 43 Richard
1157 2690 201 53 Strauss,
1379 2693 194 53 quelque
1589 2694 135 41 chose
1742 2693 169 42 d'assez
1928 2698 219 48 grossier:

128 2752 104 44 c'est
255 2764 111 33 cette
388 2757 115 49 idée,
529 2771 87 39 que
638 2759 102 52 plus
761 2773 87 26 une
872 2773 153 26 œuvre
1051 2768 65 32 est
1137 2760 168 51 longue
1328 2770 41 32 et
1389 2766 198 46 énorme,
1615 2762 99 52 plus
1732 2763 84 40 elle
1839 2772 65 32 est
1927 2763 131 41 belle.
2082 2764 64 41 La

127 2825 190 52 quantité
340 2834 41 33 et
414 2826 39 40 la
480 2840 20 25 «
524 2826 252 43 fourniture
797 2841 19 24 »
853 2827 222 43 semblent
1100 2831 123 39 avoir
1242 2843 114 39 pour
1385 2830 61 42 lui
1480 2844 87 28 une
1587 2833 278 51 importance
1885 2834 204 52 capitale.
2115 2832 32 42 Il

129 2896 146 39 réunit
293 2904 100 32 tous
414 2895 63 41 les
496 2905 119 32 actes
639 2896 105 42 d'un
766 2897 155 41 drame
944 2911 55 27 en
1020 2899 94 41 seul
1138 2898 101 42 bloc
1256 2898 105 54 (une
1384 2900 137 40 heure
1546 2902 108 39 trois
1677 2910 156 43 quarts
1864 2902 53 41 de
1938 2904 210 52 musique

129 2962 246 55 continue),
411 2964 29 42 il
473 2966 223 52 multiplie
725 2966 63 40 les
816 2968 312 49 instruments,
1160 2968 29 40 il
1223 2973 98 37 crée
1356 2969 77 41 des
1465 2968 235 42 difficultés
1732 2970 280 43 d'exécution
2038 2985 81 28 nou-

129 3031 155 50 velles,
327 3032 27 40 il
391 3034 230 41 accumule
654 3036 63 40 les
748 3037 167 51 parties
957 3050 55 27 en
1053 3039 299 51 contrepoint,
1394 3051 175 28 comme
1611 3041 52 45 si,
1698 3052 53 27 en
1788 3048 111 42 tout,
1926 3042 29 38 il
1975 3041 171 40 voulait

133 3114 174 37 gagner
336 3116 88 26 une
451 3117 199 37 gageure
683 3118 57 27 ou
774 3103 244 55 s'emparer
1053 3106 105 41 d'un
1192 3107 169 40 record.
1392 3105 32 41 Il
1450 3121 20 26 a
1493 3111 223 48 peut-être
1750 3109 60 40 du
1833 3111 133 48 génie
1989 3121 8 28 :
2023 3110 29 40 il
2076 3109 69 41 n'a

133 3171 318 41 certainement
484 3186 80 38 pas
594 3174 54 39 de
679 3175 112 49 goût
820 3173 54 54 (je
899 3175 123 52 parle
1049 3175 59 40 du
1128 3180 110 45 goût
1259 3175 57 41 tel
1337 3189 86 39 que
1440 3189 114 28 nous
1578 3177 39 40 le
1640 3177 335 54 comprenons).
2001 3177 143 53 Nous,

129 3239 24 39 F
167 3241 189 49 rançais,
376 3253 115 28 nous
508 3255 197 27 sommes
721 3243 132 41 d'une
868 3253 125 32 autre
1009 3245 134 40 école.
1163 3243 128 43 Nous
1306 3245 193 41 voulons
1517 3246 165 53 qu'une
1700 3262 151 27 œuvre
1865 3248 282 53 quelconque

128 3309 60 39 ait
218 3321 115 40 pour
355 3309 109 41 base
494 3324 87 27 une
612 3310 291 44 observation
934 3312 107 42 faite
1063 3315 86 40 soit
1171 3314 114 41 clans
1306 3314 39 41 la
1369 3317 70 39 vie
1457 3316 149 50 réelle,
1639 3318 85 40 soit
1758 3318 113 40 dans
1899 3317 245 49 l'Histoire,

128 3387 41 32 et
207 3392 86 39 que
319 3378 40 40 la
391 3379 210 41 fantaisie
624 3380 258 42 elle-même
907 3396 53 26 ne
1001 3385 84 38 soit
1119 3398 57 38 qu
1197 3399 59 25 un
1289 3385 242 50 ingénieux
1567 3399 163 39 moyen
1761 3387 137 40 d'être
1920 3389 95 39 vrai
2041 3400 103 28 avec

127 3451 134 47 grâce
284 3457 42 32 et
348 3448 208 51 légèreté.
583 3448 129 42 Nous
736 3450 233 42 admirons
1007 3465 104 28 sans
1140 3453 135 40 doute
1309 3453 78 41 des
1420 3455 177 40 drames
1629 3455 205 42 terribles
1872 3471 174 27 comme
2079 3457 62 39 les

130 3516 272 56 Clioéphores
431 3517 254 55 d'Eschyle,
715 3533 57 27 ou
810 3520 24 40 Y
844 3519 164 55 Œdipe
1039 3521 87 40 Roi
1156 3522 53 41 de
1244 3521 242 53 Sophocle,
1512 3538 173 28 comme
1717 3523 199 43 Macbeth
1950 3535 41 32 et
2025 3525 120 49 Jules
