<?xml version="1.0" encoding="UTF-8"?>
<alto xmlns:xsi="http://www.w3.org/2001/XMLSchema-instance" xmlns="http://www.loc.gov/standards/alto/ns-v2#" xsi:schemaLocation="http://www.loc.gov/standards/alto/ns-v2# http://www.loc.gov/standards/alto/alto-v2.0.xsd" xmlns:xlink="http://www.w3.org/1999/xlink">
	<Description>
		<MeasurementUnit>mm10</MeasurementUnit>
		<sourceImageInformation>
			<fileName>//fileserver7/IN2-2/Princeton/bmtnabj/1907/05/15_01/00000262.tif</fileName>
		</sourceImageInformation>
		<OCRProcessing ID="OCRPROCESSING_1">
			<preProcessingStep>
				<processingSoftware>
					<softwareCreator>CCS Content Conversion Specialists GmbH, Germany</softwareCreator>
					<softwareName>CCS docWorks</softwareName>
					<softwareVersion>6.7-1.20</softwareVersion>
				</processingSoftware>
			</preProcessingStep>
			<ocrProcessingStep>
				<processingSoftware>
					<softwareCreator>ABBYY (BIT Software), Russia</softwareCreator>
					<softwareName>FineReader</softwareName>
					<softwareVersion>10.0</softwareVersion>
				</processingSoftware>
			</ocrProcessingStep>
		</OCRProcessing>
	</Description>
	<Styles>
		<TextStyle ID="TXT_0" FONTSIZE="11" FONTFAMILY="Times New Roman" FONTSTYLE="bold"/>
		<TextStyle ID="TXT_1" FONTSIZE="14" FONTFAMILY="Times New Roman"/>
		<TextStyle ID="TXT_2" FONTSIZE="14" FONTFAMILY="Times New Roman" FONTSTYLE="italics"/>
		<ParagraphStyle ID="PAR_CENTER" ALIGN="Center"/>
		<ParagraphStyle ID="PAR_LEFT" ALIGN="Left"/>
		<ParagraphStyle ID="PAR_BLOCK" ALIGN="Block"/>
	</Styles>
	<Layout>
		<Page ID="P4" PHYSICAL_IMG_NR="4" HEIGHT="3764" WIDTH="2273" PRINTED_IMG_NR="244" PC="0.940">
			<TopMargin ID="P4_TM00001" HPOS="0" VPOS="0" WIDTH="2273" HEIGHT="213">
				<TextBlock ID="P4_TB00001" HPOS="857" VPOS="163" WIDTH="572" HEIGHT="37" STYLEREFS="TXT_0 PAR_CENTER">
					<TextLine ID="P4_TL00001" HPOS="858" VPOS="163" WIDTH="571" HEIGHT="37">
						<String ID="P4_ST00001" HPOS="858" VPOS="170" WIDTH="77" HEIGHT="29" CONTENT="LES" WC="0.96" CC="460"/>
						<SP ID="P4_SP00001" HPOS="935" VPOS="199" WIDTH="33"/>
						<String ID="P4_ST00002" HPOS="968" VPOS="171" WIDTH="197" HEIGHT="28" CONTENT="OEUVRES" WC="0.99" CC="3615000"/>
						<SP ID="P4_SP00002" HPOS="1165" VPOS="199" WIDTH="35"/>
						<String ID="P4_ST00003" HPOS="1200" VPOS="163" WIDTH="229" HEIGHT="37" CONTENT="RÉCENTES" WC="0.99" CC="45305000"/>
					</TextLine>
				</TextBlock>
				<TextBlock ID="P4_TB00002" HPOS="133" VPOS="173" WIDTH="80" HEIGHT="37" STYLEREFS="TXT_1 PAR_LEFT">
					<TextLine ID="P4_TL00002" HPOS="133" VPOS="173" WIDTH="80" HEIGHT="37">
						<String ID="P4_ST00004" HPOS="133" VPOS="173" WIDTH="80" HEIGHT="37" CONTENT="244" WC="0.63" CC="712"/>
					</TextLine>
				</TextBlock>
			</TopMargin>
			<LeftMargin ID="P4_LM00001" HPOS="0" VPOS="213" WIDTH="129" HEIGHT="3367"/>
			<RightMargin ID="P4_RM00001" HPOS="2160" VPOS="213" WIDTH="113" HEIGHT="3367"/>
			<BottomMargin ID="P4_BM00001" HPOS="0" VPOS="3580" WIDTH="2273" HEIGHT="184"/>
			<PrintSpace ID="P4_PS00001" HPOS="129" VPOS="213" WIDTH="2031" HEIGHT="3367">
				<TextBlock ID="P4_TB00003" HPOS="129" VPOS="260" WIDTH="2031" HEIGHT="3320" STYLEREFS="TXT_1 PAR_BLOCK">
					<TextLine ID="P4_TL00003" HPOS="186" VPOS="260" WIDTH="1964" HEIGHT="54">
						<String ID="P4_ST00005" HPOS="186" VPOS="261" WIDTH="63" HEIGHT="41" CONTENT="M." WC="0.69" CC="06"/>
						<SP ID="P4_SP00003" HPOS="249" VPOS="302" WIDTH="22"/>
						<String ID="P4_ST00006" HPOS="271" VPOS="261" WIDTH="156" HEIGHT="42" CONTENT="Dukas" WC="0.79" CC="34020"/>
						<SP ID="P4_SP00004" HPOS="427" VPOS="303" WIDTH="24"/>
						<String ID="P4_ST00007" HPOS="451" VPOS="276" WIDTH="22" HEIGHT="26" CONTENT="a" WC="0.97" CC="0"/>
						<SP ID="P4_SP00005" HPOS="473" VPOS="303" WIDTH="24"/>
						<String ID="P4_ST00008" HPOS="497" VPOS="261" WIDTH="187" HEIGHT="41" CONTENT="d'abord" WC="0.99" CC="0400060"/>
						<SP ID="P4_SP00006" HPOS="684" VPOS="303" WIDTH="21"/>
						<String ID="P4_ST00009" HPOS="705" VPOS="260" WIDTH="203" HEIGHT="41" CONTENT="travaille" WC="0.99" CC="450100067"/>
						<SP ID="P4_SP00007" HPOS="908" VPOS="303" WIDTH="21"/>
						<String ID="P4_ST00010" HPOS="929" VPOS="274" WIDTH="76" HEIGHT="27" CONTENT="sur" WC="0.97" CC="060"/>
						<SP ID="P4_SP00008" HPOS="1005" VPOS="303" WIDTH="21"/>
						<String ID="P4_ST00011" HPOS="1026" VPOS="275" WIDTH="61" HEIGHT="27" CONTENT="un" WC="0.34" CC="66"/>
						<SP ID="P4_SP00009" HPOS="1087" VPOS="303" WIDTH="24"/>
						<String ID="P4_ST00012" HPOS="1111" VPOS="265" WIDTH="158" HEIGHT="49" CONTENT="poème" WC="0.98" CC="00760"/>
						<SP ID="P4_SP00010" HPOS="1269" VPOS="314" WIDTH="23"/>
						<String ID="P4_ST00013" HPOS="1292" VPOS="265" WIDTH="87" HEIGHT="37" CONTENT="très" WC="0.97" CC="5070"/>
						<SP ID="P4_SP00011" HPOS="1379" VPOS="314" WIDTH="23"/>
						<String ID="P4_ST00014" HPOS="1402" VPOS="261" WIDTH="197" HEIGHT="53" CONTENT="plaisant" WC="0.99" CC="06100050"/>
						<SP ID="P4_SP00012" HPOS="1599" VPOS="314" WIDTH="22"/>
						<String ID="P4_ST00015" HPOS="1621" VPOS="268" WIDTH="42" HEIGHT="33" CONTENT="et" WC="0.71" CC="05"/>
						<SP ID="P4_SP00013" HPOS="1663" VPOS="314" WIDTH="39"/>
						<String ID="P4_ST00016" HPOS="1702" VPOS="261" WIDTH="212" HEIGHT="50" CONTENT="original," WC="0.98" CC="573950077"/>
						<SP ID="P4_SP00014" HPOS="1914" VPOS="314" WIDTH="38"/>
						<String ID="P4_ST00017" HPOS="1952" VPOS="261" WIDTH="107" HEIGHT="41" CONTENT="écrit" WC="0.98" CC="60036"/>
						<SP ID="P4_SP00015" HPOS="2059" VPOS="314" WIDTH="35"/>
						<String ID="P4_ST00018" HPOS="2094" VPOS="272" WIDTH="56" HEIGHT="29" CONTENT="en" WC="0.53" CC="27"/>
					</TextLine>
					<TextLine ID="P4_TL00004" HPOS="136" VPOS="329" WIDTH="2015" HEIGHT="54">
						<String ID="P4_ST00019" HPOS="136" VPOS="345" WIDTH="75" HEIGHT="36" CONTENT="190" WC="0.67" CC="350"/>
						<SP ID="P4_SP00016" HPOS="211" VPOS="381" WIDTH="13"/>
						<String ID="P4_ST00020" HPOS="224" VPOS="345" WIDTH="9" HEIGHT="26" CONTENT="[" WC="0.30" CC="6"/>
						<SP ID="P4_SP00017" HPOS="233" VPOS="381" WIDTH="26"/>
						<String ID="P4_ST00021" HPOS="259" VPOS="345" WIDTH="80" HEIGHT="38" CONTENT="par" WC="1.00" CC="000"/>
						<SP ID="P4_SP00018" HPOS="339" VPOS="383" WIDTH="18"/>
						<String ID="P4_ST00022" HPOS="357" VPOS="330" WIDTH="62" HEIGHT="42" CONTENT="M," WC="0.63" CC="07"/>
						<SP ID="P4_SP00019" HPOS="419" VPOS="383" WIDTH="26"/>
						<String ID="P4_ST00023" HPOS="445" VPOS="329" WIDTH="296" HEIGHT="50" CONTENT="Maeterlinck," WC="1.00" CC="077020000007"/>
						<SP ID="P4_SP00020" HPOS="741" VPOS="383" WIDTH="26"/>
						<String ID="P4_ST00024" HPOS="767" VPOS="331" WIDTH="137" HEIGHT="52" CONTENT="esprit" WC="1.00" CC="400000"/>
						<SP ID="P4_SP00021" HPOS="904" VPOS="383" WIDTH="15"/>
						<String ID="P4_ST00025" HPOS="919" VPOS="329" WIDTH="137" HEIGHT="42" CONTENT="subtil" WC="0.98" CC="050622"/>
						<SP ID="P4_SP00022" HPOS="1056" VPOS="383" WIDTH="24"/>
						<String ID="P4_ST00026" HPOS="1080" VPOS="338" WIDTH="42" HEIGHT="33" CONTENT="et" WC="0.52" CC="45"/>
						<SP ID="P4_SP00023" HPOS="1122" VPOS="383" WIDTH="23"/>
						<String ID="P4_ST00027" HPOS="1145" VPOS="331" WIDTH="161" HEIGHT="40" CONTENT="délicat" WC="0.99" CC="0640006"/>
						<SP ID="P4_SP00024" HPOS="1306" VPOS="383" WIDTH="20"/>
						<String ID="P4_ST00028" HPOS="1326" VPOS="331" WIDTH="74" HEIGHT="52" CONTENT="qui" WC="1.00" CC="000"/>
						<SP ID="P4_SP00025" HPOS="1400" VPOS="383" WIDTH="21"/>
						<String ID="P4_ST00029" HPOS="1421" VPOS="332" WIDTH="116" HEIGHT="39" CONTENT="aime" WC="0.99" CC="0004"/>
						<SP ID="P4_SP00026" HPOS="1537" VPOS="383" WIDTH="24"/>
						<String ID="P4_ST00030" HPOS="1561" VPOS="331" WIDTH="40" HEIGHT="40" CONTENT="la" WC="0.79" CC="40"/>
						<SP ID="P4_SP00027" HPOS="1601" VPOS="383" WIDTH="23"/>
						<String ID="P4_ST00031" HPOS="1624" VPOS="333" WIDTH="178" HEIGHT="38" CONTENT="naïveté" WC="0.98" CC="2056326"/>
						<SP ID="P4_SP00028" HPOS="1802" VPOS="383" WIDTH="91"/>
						<String ID="P4_ST00032" HPOS="1893" VPOS="338" WIDTH="41" HEIGHT="33" CONTENT="et" WC="0.96" CC="00"/>
						<SP ID="P4_SP00029" HPOS="1934" VPOS="383" WIDTH="20"/>
						<String ID="P4_ST00033" HPOS="1954" VPOS="343" WIDTH="81" HEIGHT="40" CONTENT="par" WC="0.99" CC="003"/>
						<SP ID="P4_SP00030" HPOS="2035" VPOS="383" WIDTH="11"/>
						<String ID="P4_ST00034" HPOS="2046" VPOS="343" WIDTH="79" HEIGHT="28" CONTENT="con" SUBS_TYPE="HypPart1" SUBS_CONTENT="conséquent" WC="0.99" CC="000"/>
						<HYP HPOS="2125" VPOS="343" WIDTH="26" CONTENT="-"/>
					</TextLine>
					<TextLine ID="P4_TL00005" HPOS="132" VPOS="399" WIDTH="2019" HEIGHT="53">
						<String ID="P4_ST00035" HPOS="132" VPOS="405" WIDTH="188" HEIGHT="47" CONTENT="séquent" SUBS_TYPE="HypPart2" SUBS_CONTENT="conséquent" WC="0.99" CC="0007105"/>
						<SP ID="P4_SP00031" HPOS="320" VPOS="452" WIDTH="23"/>
						<String ID="P4_ST00036" HPOS="343" VPOS="400" WIDTH="39" HEIGHT="39" CONTENT="la" WC="0.96" CC="00"/>
						<SP ID="P4_SP00032" HPOS="382" VPOS="452" WIDTH="24"/>
						<String ID="P4_ST00037" HPOS="406" VPOS="399" WIDTH="276" HEIGHT="53" CONTENT="profondeur" WC="1.00" CC="0000000460"/>
						<SP ID="P4_SP00033" HPOS="682" VPOS="452" WIDTH="124"/>
						<String ID="P4_ST00038" HPOS="806" VPOS="400" WIDTH="78" HEIGHT="41" CONTENT="des" WC="1.00" CC="000"/>
						<SP ID="P4_SP00034" HPOS="884" VPOS="452" WIDTH="32"/>
						<String ID="P4_ST00039" HPOS="916" VPOS="400" WIDTH="158" HEIGHT="41" CONTENT="choses" WC="0.99" CC="023010"/>
						<SP ID="P4_SP00035" HPOS="1074" VPOS="452" WIDTH="24"/>
						<String ID="P4_ST00040" HPOS="1098" VPOS="399" WIDTH="269" HEIGHT="42" CONTENT="enfantines." WC="0.99" CC="04004505020"/>
						<SP ID="P4_SP00036" HPOS="1367" VPOS="452" WIDTH="39"/>
						<String ID="P4_ST00041" HPOS="1406" VPOS="399" WIDTH="138" HEIGHT="42" CONTENT="Entre" WC="0.99" CC="00500"/>
						<SP ID="P4_SP00037" HPOS="1544" VPOS="452" WIDTH="23"/>
						<String ID="P4_ST00042" HPOS="1567" VPOS="413" WIDTH="70" HEIGHT="28" CONTENT="ses" WC="0.98" CC="021"/>
						<SP ID="P4_SP00038" HPOS="1637" VPOS="452" WIDTH="26"/>
						<String ID="P4_ST00043" HPOS="1663" VPOS="401" WIDTH="165" HEIGHT="50" CONTENT="mains," WC="1.00" CC="000014"/>
						<SP ID="P4_SP00039" HPOS="1828" VPOS="452" WIDTH="23"/>
						<String ID="P4_ST00044" HPOS="1851" VPOS="414" WIDTH="64" HEIGHT="27" CONTENT="un" WC="0.67" CC="60"/>
						<SP ID="P4_SP00040" HPOS="1915" VPOS="452" WIDTH="24"/>
						<String ID="P4_ST00045" HPOS="1939" VPOS="408" WIDTH="128" HEIGHT="33" CONTENT="conte" WC="0.99" CC="02060"/>
						<SP ID="P4_SP00041" HPOS="2067" VPOS="452" WIDTH="30"/>
						<String ID="P4_ST00046" HPOS="2097" VPOS="399" WIDTH="54" HEIGHT="40" CONTENT="de" WC="0.75" CC="05"/>
					</TextLine>
					<TextLine ID="P4_TL00006" HPOS="130" VPOS="468" WIDTH="2022" HEIGHT="54">
						<String ID="P4_ST00047" HPOS="130" VPOS="469" WIDTH="207" HEIGHT="41" CONTENT="Perrault" WC="1.00" CC="00000315"/>
						<SP ID="P4_SP00042" HPOS="337" VPOS="510" WIDTH="20"/>
						<String ID="P4_ST00048" HPOS="357" VPOS="477" WIDTH="66" HEIGHT="33" CONTENT="est" WC="0.98" CC="004"/>
						<SP ID="P4_SP00043" HPOS="423" VPOS="510" WIDTH="24"/>
						<String ID="P4_ST00049" HPOS="447" VPOS="469" WIDTH="191" HEIGHT="49" CONTENT="devenu," WC="0.99" CC="0303304"/>
						<SP ID="P4_SP00044" HPOS="638" VPOS="518" WIDTH="27"/>
						<String ID="P4_ST00050" HPOS="665" VPOS="483" WIDTH="106" HEIGHT="27" CONTENT="sans" WC="0.98" CC="0043"/>
						<SP ID="P4_SP00045" HPOS="771" VPOS="518" WIDTH="22"/>
						<String ID="P4_ST00051" HPOS="793" VPOS="470" WIDTH="95" HEIGHT="40" CONTENT="rien" WC="1.00" CC="0000"/>
						<SP ID="P4_SP00046" HPOS="888" VPOS="518" WIDTH="13"/>
						<String ID="P4_ST00052" HPOS="901" VPOS="470" WIDTH="158" HEIGHT="52" CONTENT="perdre" WC="1.00" CC="000000"/>
						<SP ID="P4_SP00047" HPOS="1059" VPOS="522" WIDTH="22"/>
						<String ID="P4_ST00053" HPOS="1081" VPOS="470" WIDTH="55" HEIGHT="40" CONTENT="de" WC="0.84" CC="03"/>
						<SP ID="P4_SP00048" HPOS="1136" VPOS="522" WIDTH="23"/>
						<String ID="P4_ST00054" HPOS="1159" VPOS="483" WIDTH="46" HEIGHT="27" CONTENT="sa" WC="1.00" CC="00"/>
						<SP ID="P4_SP00049" HPOS="1205" VPOS="522" WIDTH="24"/>
						<String ID="P4_ST00055" HPOS="1229" VPOS="468" WIDTH="224" HEIGHT="43" CONTENT="fraîcheur" WC="0.99" CC="005004160"/>
						<SP ID="P4_SP00050" HPOS="1453" VPOS="522" WIDTH="20"/>
						<String ID="P4_ST00056" HPOS="1473" VPOS="479" WIDTH="42" HEIGHT="33" CONTENT="et" WC="1.00" CC="00"/>
						<SP ID="P4_SP00051" HPOS="1515" VPOS="522" WIDTH="22"/>
						<String ID="P4_ST00057" HPOS="1537" VPOS="470" WIDTH="54" HEIGHT="41" CONTENT="de" WC="1.00" CC="00"/>
						<SP ID="P4_SP00052" HPOS="1591" VPOS="522" WIDTH="20"/>
						<String ID="P4_ST00058" HPOS="1611" VPOS="483" WIDTH="48" HEIGHT="27" CONTENT="sa" WC="1.00" CC="00"/>
						<SP ID="P4_SP00053" HPOS="1659" VPOS="522" WIDTH="35"/>
						<String ID="P4_ST00059" HPOS="1694" VPOS="469" WIDTH="200" HEIGHT="52" CONTENT="couleur," WC="1.00" CC="00040004"/>
						<SP ID="P4_SP00054" HPOS="1894" VPOS="522" WIDTH="25"/>
						<String ID="P4_ST00060" HPOS="1919" VPOS="483" WIDTH="88" HEIGHT="27" CONTENT="une" WC="0.98" CC="040"/>
						<SP ID="P4_SP00055" HPOS="2007" VPOS="522" WIDTH="30"/>
						<String ID="P4_ST00061" HPOS="2037" VPOS="470" WIDTH="115" HEIGHT="40" CONTENT="suite" WC="0.98" CC="06025"/>
					</TextLine>
					<TextLine ID="P4_TL00007" HPOS="130" VPOS="537" WIDTH="2025" HEIGHT="55">
						<String ID="P4_ST00062" HPOS="130" VPOS="538" WIDTH="54" HEIGHT="40" CONTENT="de" WC="0.80" CC="03"/>
						<SP ID="P4_SP00056" HPOS="184" VPOS="578" WIDTH="31"/>
						<String ID="P4_ST00063" HPOS="215" VPOS="537" WIDTH="229" HEIGHT="53" CONTENT="symboles" WC="1.00" CC="06000300"/>
						<SP ID="P4_SP00057" HPOS="444" VPOS="590" WIDTH="30"/>
						<String ID="P4_ST00064" HPOS="474" VPOS="538" WIDTH="392" HEIGHT="54" CONTENT="philosophiques." WC="1.00" CC="043203000000011"/>
						<SP ID="P4_SP00058" HPOS="866" VPOS="592" WIDTH="37"/>
						<String ID="P4_ST00065" HPOS="903" VPOS="538" WIDTH="122" HEIGHT="42" CONTENT="Pour" WC="1.00" CC="0000"/>
						<SP ID="P4_SP00059" HPOS="1025" VPOS="592" WIDTH="36"/>
						<String ID="P4_ST00066" HPOS="1061" VPOS="540" WIDTH="40" HEIGHT="40" CONTENT="la" WC="0.89" CC="20"/>
						<SP ID="P4_SP00060" HPOS="1101" VPOS="592" WIDTH="44"/>
						<String ID="P4_ST00067" HPOS="1145" VPOS="541" WIDTH="361" HEIGHT="51" CONTENT="caractéristique" WC="1.00" CC="005004601050000"/>
						<SP ID="P4_SP00061" HPOS="1506" VPOS="592" WIDTH="42"/>
						<String ID="P4_ST00068" HPOS="1548" VPOS="540" WIDTH="54" HEIGHT="40" CONTENT="de" WC="1.00" CC="00"/>
						<SP ID="P4_SP00062" HPOS="1602" VPOS="592" WIDTH="47"/>
						<String ID="P4_ST00069" HPOS="1649" VPOS="552" WIDTH="47" HEIGHT="28" CONTENT="ce" WC="1.00" CC="00"/>
						<SP ID="P4_SP00063" HPOS="1696" VPOS="592" WIDTH="42"/>
						<String ID="P4_ST00070" HPOS="1738" VPOS="539" WIDTH="142" HEIGHT="49" CONTENT="livret," WC="0.98" CC="2400364"/>
						<SP ID="P4_SP00064" HPOS="1880" VPOS="592" WIDTH="40"/>
						<String ID="P4_ST00071" HPOS="1920" VPOS="540" WIDTH="39" HEIGHT="52" CONTENT="je" WC="0.96" CC="00"/>
						<SP ID="P4_SP00065" HPOS="1959" VPOS="592" WIDTH="42"/>
						<String ID="P4_ST00072" HPOS="2001" VPOS="540" WIDTH="154" HEIGHT="40" CONTENT="citerai" WC="0.99" CC="4010005"/>
					</TextLine>
					<TextLine ID="P4_TL00008" HPOS="129" VPOS="606" WIDTH="2024" HEIGHT="56">
						<String ID="P4_ST00073" HPOS="129" VPOS="606" WIDTH="273" HEIGHT="43" CONTENT="l'excellente" WC="0.99" CC="246204440755"/>
						<SP ID="P4_SP00066" HPOS="402" VPOS="649" WIDTH="24"/>
						<String ID="P4_ST00074" HPOS="426" VPOS="609" WIDTH="183" HEIGHT="52" CONTENT="analyse" WC="1.00" CC="0002600"/>
						<SP ID="P4_SP00067" HPOS="609" VPOS="661" WIDTH="24"/>
						<String ID="P4_ST00075" HPOS="633" VPOS="609" WIDTH="54" HEIGHT="40" CONTENT="de" WC="0.92" CC="01"/>
						<SP ID="P4_SP00068" HPOS="687" VPOS="661" WIDTH="34"/>
						<String ID="P4_ST00076" HPOS="721" VPOS="617" WIDTH="126" HEIGHT="32" CONTENT="notre" WC="1.00" CC="00400"/>
						<SP ID="P4_SP00069" HPOS="847" VPOS="661" WIDTH="24"/>
						<String ID="P4_ST00077" HPOS="871" VPOS="608" WIDTH="201" HEIGHT="41" CONTENT="confrère" WC="1.00" CC="00000703"/>
						<SP ID="P4_SP00070" HPOS="1072" VPOS="661" WIDTH="22"/>
						<String ID="P4_ST00078" HPOS="1094" VPOS="608" WIDTH="63" HEIGHT="41" CONTENT="M." WC="1.00" CC="00"/>
						<SP ID="P4_SP00071" HPOS="1157" VPOS="661" WIDTH="27"/>
						<String ID="P4_ST00079" HPOS="1184" VPOS="608" WIDTH="153" HEIGHT="54" CONTENT="Henry" WC="0.99" CC="50000"/>
						<SP ID="P4_SP00072" HPOS="1337" VPOS="662" WIDTH="29"/>
						<String ID="P4_ST00080" HPOS="1366" VPOS="609" WIDTH="161" HEIGHT="48" CONTENT="Bidou," WC="0.83" CC="000054"/>
						<SP ID="P4_SP00073" HPOS="1527" VPOS="662" WIDTH="37"/>
						<String ID="P4_ST00081" HPOS="1564" VPOS="609" WIDTH="60" HEIGHT="40" CONTENT="du" WC="0.69" CC="06"/>
						<SP ID="P4_SP00074" HPOS="1624" VPOS="662" WIDTH="37"/>
						<String ID="P4_ST00082" HPOS="1661" VPOS="609" WIDTH="176" HEIGHT="52" CONTENT="journal" WC="1.00" CC="0000300"/>
						<SP ID="P4_SP00075" HPOS="1837" VPOS="662" WIDTH="32"/>
						<String ID="P4_ST00083" HPOS="1869" VPOS="608" WIDTH="58" HEIGHT="40" CONTENT="les" WC="0.98" CC="040" STYLEREFS="TXT_2"/>
						<SP ID="P4_SP00076" HPOS="1927" VPOS="662" WIDTH="31"/>
						<String ID="P4_ST00084" HPOS="1958" VPOS="608" WIDTH="159" HEIGHT="41" CONTENT="Débats" WC="0.98" CC="050606" STYLEREFS="TXT_2"/>
						<SP ID="P4_SP00077" HPOS="2117" VPOS="662" WIDTH="23"/>
						<String ID="P4_ST00085" HPOS="2140" VPOS="620" WIDTH="13" HEIGHT="29" CONTENT=":" WC="0.19" CC="8" STYLEREFS="TXT_2"/>
					</TextLine>
					<TextLine ID="P4_TL00009" HPOS="188" VPOS="675" WIDTH="1966" HEIGHT="56">
						<String ID="P4_ST00086" HPOS="188" VPOS="689" WIDTH="21" HEIGHT="26" CONTENT="«" WC="0.92" CC="0"/>
						<SP ID="P4_SP00078" HPOS="209" VPOS="715" WIDTH="24"/>
						<String ID="P4_ST00087" HPOS="233" VPOS="675" WIDTH="71" HEIGHT="43" CONTENT="Au" WC="0.75" CC="04"/>
						<SP ID="P4_SP00079" HPOS="304" VPOS="718" WIDTH="17"/>
						<String ID="P4_ST00088" HPOS="321" VPOS="676" WIDTH="154" HEIGHT="51" CONTENT="début," WC="0.98" CC="050064"/>
						<SP ID="P4_SP00080" HPOS="475" VPOS="727" WIDTH="15"/>
						<String ID="P4_ST00089" HPOS="490" VPOS="692" WIDTH="82" HEIGHT="39" CONTENT="par" WC="1.00" CC="000"/>
						<SP ID="P4_SP00081" HPOS="572" VPOS="731" WIDTH="22"/>
						<String ID="P4_ST00090" HPOS="594" VPOS="677" WIDTH="268" HEIGHT="42" CONTENT="lesfenêtres" WC="0.84" CC="10000620600"/>
						<SP ID="P4_SP00082" HPOS="862" VPOS="731" WIDTH="24"/>
						<String ID="P4_ST00091" HPOS="886" VPOS="677" WIDTH="133" HEIGHT="42" CONTENT="d'une" WC="0.98" CC="02044"/>
						<SP ID="P4_SP00083" HPOS="1019" VPOS="731" WIDTH="19"/>
						<String ID="P4_ST00092" HPOS="1038" VPOS="678" WIDTH="110" HEIGHT="41" CONTENT="salle" WC="1.00" CC="00020"/>
						<SP ID="P4_SP00084" HPOS="1148" VPOS="731" WIDTH="18"/>
						<String ID="P4_ST00093" HPOS="1166" VPOS="679" WIDTH="102" HEIGHT="40" CONTENT="vide" WC="1.00" CC="0002"/>
						<SP ID="P4_SP00085" HPOS="1268" VPOS="731" WIDTH="13"/>
						<String ID="P4_ST00094" HPOS="1281" VPOS="679" WIDTH="113" HEIGHT="40" CONTENT="dans" WC="1.00" CC="0000"/>
						<SP ID="P4_SP00086" HPOS="1394" VPOS="731" WIDTH="15"/>
						<String ID="P4_ST00095" HPOS="1409" VPOS="679" WIDTH="40" HEIGHT="40" CONTENT="le" WC="0.76" CC="40"/>
						<SP ID="P4_SP00087" HPOS="1449" VPOS="731" WIDTH="22"/>
						<String ID="P4_ST00096" HPOS="1471" VPOS="677" WIDTH="188" HEIGHT="42" CONTENT="château" WC="0.98" CC="2600066"/>
						<SP ID="P4_SP00088" HPOS="1659" VPOS="731" WIDTH="20"/>
						<String ID="P4_ST00097" HPOS="1679" VPOS="677" WIDTH="55" HEIGHT="42" CONTENT="de" WC="0.73" CC="05"/>
						<SP ID="P4_SP00089" HPOS="1734" VPOS="731" WIDTH="19"/>
						<String ID="P4_ST00098" HPOS="1753" VPOS="677" WIDTH="326" HEIGHT="49" CONTENT="Barbe-Bleue," WC="1.00" CC="600003030004"/>
						<SP ID="P4_SP00090" HPOS="2079" VPOS="731" WIDTH="15"/>
						<String ID="P4_ST00099" HPOS="2094" VPOS="691" WIDTH="60" HEIGHT="28" CONTENT="on" WC="0.51" CC="09"/>
					</TextLine>
					<TextLine ID="P4_TL00010" HPOS="130" VPOS="745" WIDTH="2023" HEIGHT="56">
						<String ID="P4_ST00100" HPOS="130" VPOS="747" WIDTH="162" HEIGHT="40" CONTENT="entend" WC="0.98" CC="066040"/>
						<SP ID="P4_SP00091" HPOS="292" VPOS="787" WIDTH="23"/>
						<String ID="P4_ST00101" HPOS="315" VPOS="747" WIDTH="62" HEIGHT="40" CONTENT="les" WC="0.98" CC="040"/>
						<SP ID="P4_SP00092" HPOS="377" VPOS="787" WIDTH="23"/>
						<String ID="P4_ST00102" HPOS="400" VPOS="748" WIDTH="101" HEIGHT="40" CONTENT="voix" WC="0.98" CC="0009"/>
						<SP ID="P4_SP00093" HPOS="501" VPOS="788" WIDTH="24"/>
						<String ID="P4_ST00103" HPOS="525" VPOS="747" WIDTH="54" HEIGHT="41" CONTENT="de" WC="0.84" CC="03"/>
						<SP ID="P4_SP00094" HPOS="579" VPOS="788" WIDTH="22"/>
						<String ID="P4_ST00104" HPOS="601" VPOS="747" WIDTH="41" HEIGHT="41" CONTENT="la" WC="1.00" CC="00"/>
						<SP ID="P4_SP00095" HPOS="642" VPOS="788" WIDTH="18"/>
						<String ID="P4_ST00105" HPOS="660" VPOS="745" WIDTH="122" HEIGHT="43" CONTENT="foule" WC="0.99" CC="01530"/>
						<SP ID="P4_SP00096" HPOS="782" VPOS="788" WIDTH="25"/>
						<String ID="P4_ST00106" HPOS="807" VPOS="759" WIDTH="9" HEIGHT="37" CONTENT=";" WC="1.00" CC="0"/>
						<SP ID="P4_SP00097" HPOS="816" VPOS="796" WIDTH="29"/>
						<String ID="P4_ST00107" HPOS="845" VPOS="761" WIDTH="58" HEIGHT="27" CONTENT="on" WC="0.70" CC="05"/>
						<SP ID="P4_SP00098" HPOS="903" VPOS="796" WIDTH="22"/>
						<String ID="P4_ST00108" HPOS="925" VPOS="748" WIDTH="200" HEIGHT="53" CONTENT="apprend" WC="1.00" CC="0000100"/>
						<SP ID="P4_SP00099" HPOS="1125" VPOS="801" WIDTH="25"/>
						<String ID="P4_ST00109" HPOS="1150" VPOS="750" WIDTH="114" HEIGHT="39" CONTENT="ainsi" WC="1.00" CC="00000"/>
						<SP ID="P4_SP00100" HPOS="1264" VPOS="801" WIDTH="23"/>
						<String ID="P4_ST00110" HPOS="1287" VPOS="761" WIDTH="86" HEIGHT="40" CONTENT="que" WC="0.97" CC="070"/>
						<SP ID="P4_SP00101" HPOS="1373" VPOS="801" WIDTH="25"/>
						<String ID="P4_ST00111" HPOS="1398" VPOS="747" WIDTH="314" HEIGHT="41" CONTENT="Barbe-Bleue" WC="1.00" CC="00000401000"/>
						<SP ID="P4_SP00102" HPOS="1712" VPOS="801" WIDTH="18"/>
						<String ID="P4_ST00112" HPOS="1730" VPOS="752" WIDTH="183" HEIGHT="36" CONTENT="ramène" WC="0.99" CC="000700"/>
						<SP ID="P4_SP00103" HPOS="1913" VPOS="801" WIDTH="18"/>
						<String ID="P4_ST00113" HPOS="1931" VPOS="747" WIDTH="113" HEIGHT="41" CONTENT="dans" WC="0.99" CC="0003"/>
						<SP ID="P4_SP00104" HPOS="2044" VPOS="801" WIDTH="24"/>
						<String ID="P4_ST00114" HPOS="2068" VPOS="760" WIDTH="85" HEIGHT="28" CONTENT="son" WC="1.00" CC="000"/>
					</TextLine>
					<TextLine ID="P4_TL00011" HPOS="130" VPOS="815" WIDTH="2024" HEIGHT="55">
						<String ID="P4_ST00115" HPOS="130" VPOS="828" WIDTH="202" HEIGHT="28" CONTENT="carrosse" WC="1.00" CC="40010010"/>
						<SP ID="P4_SP00105" HPOS="332" VPOS="856" WIDTH="18"/>
						<String ID="P4_ST00116" HPOS="350" VPOS="830" WIDTH="87" HEIGHT="26" CONTENT="une" WC="0.96" CC="503"/>
						<SP ID="P4_SP00106" HPOS="437" VPOS="856" WIDTH="16"/>
						<String ID="P4_ST00117" HPOS="453" VPOS="815" WIDTH="166" HEIGHT="42" CONTENT="femme" WC="1.00" CC="00001"/>
						<SP ID="P4_SP00107" HPOS="619" VPOS="857" WIDTH="24"/>
						<String ID="P4_ST00118" HPOS="643" VPOS="818" WIDTH="77" HEIGHT="52" CONTENT="qui" WC="0.96" CC="028"/>
						<SP ID="P4_SP00108" HPOS="720" VPOS="870" WIDTH="21"/>
						<String ID="P4_ST00119" HPOS="741" VPOS="825" WIDTH="66" HEIGHT="33" CONTENT="est" WC="0.98" CC="005"/>
						<SP ID="P4_SP00109" HPOS="807" VPOS="870" WIDTH="19"/>
						<String ID="P4_ST00120" HPOS="826" VPOS="816" WIDTH="40" HEIGHT="41" CONTENT="la" WC="0.96" CC="00"/>
						<SP ID="P4_SP00110" HPOS="866" VPOS="870" WIDTH="23"/>
						<String ID="P4_ST00121" HPOS="889" VPOS="818" WIDTH="200" HEIGHT="49" CONTENT="sixième," WC="1.00" CC="00000004"/>
						<SP ID="P4_SP00111" HPOS="1089" VPOS="870" WIDTH="25"/>
						<String ID="P4_ST00122" HPOS="1114" VPOS="826" WIDTH="42" HEIGHT="33" CONTENT="et" WC="0.80" CC="04"/>
						<SP ID="P4_SP00112" HPOS="1156" VPOS="870" WIDTH="23"/>
						<String ID="P4_ST00123" HPOS="1179" VPOS="817" WIDTH="162" HEIGHT="53" CONTENT="qu'elle" WC="0.99" CC="0600440"/>
						<SP ID="P4_SP00113" HPOS="1341" VPOS="870" WIDTH="19"/>
						<String ID="P4_ST00124" HPOS="1360" VPOS="825" WIDTH="67" HEIGHT="33" CONTENT="est" WC="0.98" CC="301"/>
						<SP ID="P4_SP00114" HPOS="1427" VPOS="870" WIDTH="24"/>
						<String ID="P4_ST00125" HPOS="1451" VPOS="822" WIDTH="88" HEIGHT="36" CONTENT="très" WC="1.00" CC="0000"/>
						<SP ID="P4_SP00115" HPOS="1539" VPOS="870" WIDTH="25"/>
						<String ID="P4_ST00126" HPOS="1564" VPOS="816" WIDTH="130" HEIGHT="42" CONTENT="belle." WC="0.99" CC="003103"/>
						<SP ID="P4_SP00116" HPOS="1694" VPOS="870" WIDTH="26"/>
						<String ID="P4_ST00127" HPOS="1720" VPOS="816" WIDTH="100" HEIGHT="42" CONTENT="Elle" WC="1.00" CC="0200"/>
						<SP ID="P4_SP00117" HPOS="1820" VPOS="870" WIDTH="29"/>
						<String ID="P4_ST00128" HPOS="1849" VPOS="825" WIDTH="140" HEIGHT="40" CONTENT="entre," WC="0.98" CC="052514"/>
						<SP ID="P4_SP00118" HPOS="1989" VPOS="870" WIDTH="21"/>
						<String ID="P4_ST00129" HPOS="2010" VPOS="818" WIDTH="144" HEIGHT="40" CONTENT="suivie" WC="0.99" CC="070000"/>
					</TextLine>
					<TextLine ID="P4_TL00012" HPOS="130" VPOS="884" WIDTH="2024" HEIGHT="52">
						<String ID="P4_ST00130" HPOS="130" VPOS="884" WIDTH="54" HEIGHT="41" CONTENT="de" WC="1.00" CC="00"/>
						<SP ID="P4_SP00119" HPOS="184" VPOS="925" WIDTH="20"/>
						<String ID="P4_ST00131" HPOS="204" VPOS="885" WIDTH="41" HEIGHT="41" CONTENT="la" WC="1.00" CC="00"/>
						<SP ID="P4_SP00120" HPOS="245" VPOS="926" WIDTH="24"/>
						<String ID="P4_ST00132" HPOS="269" VPOS="887" WIDTH="206" HEIGHT="39" CONTENT="nourrice" WC="0.99" CC="40030030"/>
						<SP ID="P4_SP00121" HPOS="475" VPOS="926" WIDTH="25"/>
						<String ID="P4_ST00133" HPOS="500" VPOS="901" WIDTH="8" HEIGHT="35" CONTENT=";" WC="0.03" CC="9"/>
						<SP ID="P4_SP00122" HPOS="508" VPOS="936" WIDTH="26"/>
						<String ID="P4_ST00134" HPOS="534" VPOS="886" WIDTH="84" HEIGHT="42" CONTENT="elle" WC="0.99" CC="0003"/>
						<SP ID="P4_SP00123" HPOS="618" VPOS="936" WIDTH="18"/>
						<String ID="P4_ST00135" HPOS="636" VPOS="899" WIDTH="46" HEIGHT="29" CONTENT="se" WC="1.00" CC="00"/>
						<SP ID="P4_SP00124" HPOS="682" VPOS="936" WIDTH="22"/>
						<String ID="P4_ST00136" HPOS="704" VPOS="900" WIDTH="182" HEIGHT="28" CONTENT="nomme" WC="0.99" CC="70000"/>
						<SP ID="P4_SP00125" HPOS="886" VPOS="936" WIDTH="20"/>
						<String ID="P4_ST00137" HPOS="906" VPOS="886" WIDTH="167" HEIGHT="42" CONTENT="Ariane" WC="0.99" CC="000070"/>
						<SP ID="P4_SP00126" HPOS="1073" VPOS="936" WIDTH="16"/>
						<String ID="P4_ST00138" HPOS="1089" VPOS="898" WIDTH="9" HEIGHT="35" CONTENT=";" WC="0.37" CC="6"/>
						<SP ID="P4_SP00127" HPOS="1098" VPOS="936" WIDTH="22"/>
						<String ID="P4_ST00139" HPOS="1120" VPOS="886" WIDTH="315" HEIGHT="42" CONTENT="Barbe-Bleue" WC="1.00" CC="00400305060"/>
						<SP ID="P4_SP00128" HPOS="1435" VPOS="936" WIDTH="19"/>
						<String ID="P4_ST00140" HPOS="1454" VPOS="886" WIDTH="62" HEIGHT="42" CONTENT="lui" WC="1.00" CC="000"/>
						<SP ID="P4_SP00129" HPOS="1516" VPOS="936" WIDTH="25"/>
						<String ID="P4_ST00141" HPOS="1541" VPOS="901" WIDTH="21" HEIGHT="27" CONTENT="a" WC="1.00" CC="0"/>
						<SP ID="P4_SP00130" HPOS="1562" VPOS="936" WIDTH="18"/>
						<String ID="P4_ST00142" HPOS="1580" VPOS="887" WIDTH="151" HEIGHT="41" CONTENT="donné" WC="0.97" CC="00656"/>
						<SP ID="P4_SP00131" HPOS="1731" VPOS="936" WIDTH="19"/>
						<String ID="P4_ST00143" HPOS="1750" VPOS="887" WIDTH="64" HEIGHT="41" CONTENT="les" WC="0.99" CC="300"/>
						<SP ID="P4_SP00132" HPOS="1814" VPOS="936" WIDTH="23"/>
						<String ID="P4_ST00144" HPOS="1837" VPOS="888" WIDTH="65" HEIGHT="40" CONTENT="six" WC="1.00" CC="010"/>
						<SP ID="P4_SP00133" HPOS="1902" VPOS="936" WIDTH="20"/>
						<String ID="P4_ST00145" HPOS="1922" VPOS="887" WIDTH="89" HEIGHT="41" CONTENT="clés" WC="0.99" CC="0300"/>
						<SP ID="P4_SP00134" HPOS="2011" VPOS="936" WIDTH="24"/>
						<String ID="P4_ST00146" HPOS="2035" VPOS="885" WIDTH="96" HEIGHT="42" CONTENT="d'ar" SUBS_TYPE="HypPart1" SUBS_CONTENT="d'argent" WC="0.99" CC="0005"/>
						<HYP HPOS="2131" VPOS="885" WIDTH="23" CONTENT="-"/>
					</TextLine>
					<TextLine ID="P4_TL00013" HPOS="130" VPOS="954" WIDTH="2020" HEIGHT="55">
						<String ID="P4_ST00147" HPOS="130" VPOS="963" WIDTH="106" HEIGHT="42" CONTENT="gent" SUBS_TYPE="HypPart2" SUBS_CONTENT="d'argent" WC="0.98" CC="9000"/>
						<SP ID="P4_SP00135" HPOS="236" VPOS="1005" WIDTH="25"/>
						<String ID="P4_ST00148" HPOS="261" VPOS="956" WIDTH="75" HEIGHT="52" CONTENT="qui" WC="0.97" CC="070"/>
						<SP ID="P4_SP00136" HPOS="336" VPOS="1008" WIDTH="26"/>
						<String ID="P4_ST00149" HPOS="362" VPOS="964" WIDTH="188" HEIGHT="33" CONTENT="ouvrent" WC="0.99" CC="0500043"/>
						<SP ID="P4_SP00137" HPOS="550" VPOS="1008" WIDTH="16"/>
						<String ID="P4_ST00150" HPOS="566" VPOS="955" WIDTH="64" HEIGHT="41" CONTENT="les" WC="1.00" CC="000"/>
						<SP ID="P4_SP00138" HPOS="630" VPOS="1008" WIDTH="24"/>
						<String ID="P4_ST00151" HPOS="654" VPOS="965" WIDTH="151" HEIGHT="44" CONTENT="portes" WC="0.99" CC="030600"/>
						<SP ID="P4_SP00139" HPOS="805" VPOS="1009" WIDTH="21"/>
						<String ID="P4_ST00152" HPOS="826" VPOS="958" WIDTH="233" HEIGHT="51" CONTENT="permises," WC="0.99" CC="045000403"/>
						<SP ID="P4_SP00140" HPOS="1059" VPOS="1009" WIDTH="27"/>
						<String ID="P4_ST00153" HPOS="1086" VPOS="965" WIDTH="41" HEIGHT="32" CONTENT="et" WC="0.70" CC="05"/>
						<SP ID="P4_SP00141" HPOS="1127" VPOS="1009" WIDTH="21"/>
						<String ID="P4_ST00154" HPOS="1148" VPOS="957" WIDTH="40" HEIGHT="40" CONTENT="la" WC="0.84" CC="30"/>
						<SP ID="P4_SP00142" HPOS="1188" VPOS="1009" WIDTH="25"/>
						<String ID="P4_ST00155" HPOS="1213" VPOS="955" WIDTH="87" HEIGHT="42" CONTENT="clef" WC="1.00" CC="0200"/>
						<SP ID="P4_SP00143" HPOS="1300" VPOS="1009" WIDTH="18"/>
						<String ID="P4_ST00156" HPOS="1318" VPOS="954" WIDTH="94" HEIGHT="43" CONTENT="d'or" WC="0.99" CC="0410"/>
						<SP ID="P4_SP00144" HPOS="1412" VPOS="1009" WIDTH="26"/>
						<String ID="P4_ST00157" HPOS="1438" VPOS="958" WIDTH="75" HEIGHT="51" CONTENT="qui" WC="0.99" CC="030"/>
						<SP ID="P4_SP00145" HPOS="1513" VPOS="1009" WIDTH="20"/>
						<String ID="P4_ST00158" HPOS="1533" VPOS="969" WIDTH="137" HEIGHT="28" CONTENT="ouvre" WC="1.00" CC="00000"/>
						<SP ID="P4_SP00146" HPOS="1670" VPOS="1009" WIDTH="16"/>
						<String ID="P4_ST00159" HPOS="1686" VPOS="957" WIDTH="41" HEIGHT="40" CONTENT="la" WC="1.00" CC="00"/>
						<SP ID="P4_SP00147" HPOS="1727" VPOS="1009" WIDTH="34"/>
						<String ID="P4_ST00160" HPOS="1761" VPOS="964" WIDTH="126" HEIGHT="45" CONTENT="porte" WC="1.00" CC="00020"/>
						<SP ID="P4_SP00148" HPOS="1887" VPOS="1009" WIDTH="37"/>
						<String ID="P4_ST00161" HPOS="1924" VPOS="956" WIDTH="226" HEIGHT="41" CONTENT="interdite." WC="0.99" CC="1600001607"/>
					</TextLine>
					<TextLine ID="P4_TL00014" HPOS="129" VPOS="1022" WIDTH="2024" HEIGHT="56">
						<String ID="P4_ST00162" HPOS="129" VPOS="1022" WIDTH="64" HEIGHT="41" CONTENT="La" WC="0.77" CC="40"/>
						<SP ID="P4_SP00149" HPOS="193" VPOS="1063" WIDTH="19"/>
						<String ID="P4_ST00163" HPOS="212" VPOS="1027" WIDTH="206" HEIGHT="38" CONTENT="nourrice" WC="1.00" CC="00600300"/>
						<SP ID="P4_SP00150" HPOS="418" VPOS="1065" WIDTH="20"/>
						<String ID="P4_ST00164" HPOS="438" VPOS="1034" WIDTH="173" HEIGHT="41" CONTENT="tourne," WC="0.99" CC="5160004"/>
						<SP ID="P4_SP00151" HPOS="611" VPOS="1075" WIDTH="23"/>
						<String ID="P4_ST00165" HPOS="634" VPOS="1027" WIDTH="126" HEIGHT="40" CONTENT="avide" WC="0.99" CC="80000"/>
						<SP ID="P4_SP00152" HPOS="760" VPOS="1075" WIDTH="18"/>
						<String ID="P4_ST00166" HPOS="778" VPOS="1034" WIDTH="41" HEIGHT="33" CONTENT="et" WC="0.67" CC="06"/>
						<SP ID="P4_SP00153" HPOS="819" VPOS="1075" WIDTH="20"/>
						<String ID="P4_ST00167" HPOS="839" VPOS="1025" WIDTH="209" HEIGHT="53" CONTENT="effrayée," WC="1.00" CC="000000703"/>
						<SP ID="P4_SP00154" HPOS="1048" VPOS="1078" WIDTH="20"/>
						<String ID="P4_ST00168" HPOS="1068" VPOS="1026" WIDTH="64" HEIGHT="39" CONTENT="les" WC="0.97" CC="330"/>
						<SP ID="P4_SP00155" HPOS="1132" VPOS="1078" WIDTH="23"/>
						<String ID="P4_ST00169" HPOS="1155" VPOS="1025" WIDTH="87" HEIGHT="40" CONTENT="clés" WC="0.99" CC="0400"/>
						<SP ID="P4_SP00156" HPOS="1242" VPOS="1078" WIDTH="33"/>
						<String ID="P4_ST00170" HPOS="1275" VPOS="1023" WIDTH="222" HEIGHT="53" CONTENT="d'argent," WC="1.00" CC="040000052"/>
						<SP ID="P4_SP00157" HPOS="1497" VPOS="1078" WIDTH="34"/>
						<String ID="P4_ST00171" HPOS="1531" VPOS="1034" WIDTH="42" HEIGHT="33" CONTENT="et" WC="0.66" CC="06"/>
						<SP ID="P4_SP00158" HPOS="1573" VPOS="1078" WIDTH="37"/>
						<String ID="P4_ST00172" HPOS="1610" VPOS="1027" WIDTH="116" HEIGHT="40" CONTENT="voici" WC="1.00" CC="00000"/>
						<SP ID="P4_SP00159" HPOS="1726" VPOS="1078" WIDTH="43"/>
						<String ID="P4_ST00173" HPOS="1769" VPOS="1025" WIDTH="212" HEIGHT="41" CONTENT="ruisseler" WC="0.99" CC="460000500"/>
						<SP ID="P4_SP00160" HPOS="1981" VPOS="1078" WIDTH="38"/>
						<String ID="P4_ST00174" HPOS="2019" VPOS="1023" WIDTH="134" HEIGHT="43" CONTENT="d'une" WC="0.99" CC="04040"/>
					</TextLine>
					<TextLine ID="P4_TL00015" HPOS="130" VPOS="1093" WIDTH="2023" HEIGHT="55">
						<String ID="P4_ST00175" HPOS="130" VPOS="1102" WIDTH="128" HEIGHT="43" CONTENT="porte" WC="0.99" CC="20020"/>
						<SP ID="P4_SP00161" HPOS="258" VPOS="1145" WIDTH="17"/>
						<String ID="P4_ST00176" HPOS="275" VPOS="1093" WIDTH="63" HEIGHT="40" CONTENT="les" WC="0.98" CC="102"/>
						<SP ID="P4_SP00162" HPOS="338" VPOS="1145" WIDTH="24"/>
						<String ID="P4_ST00177" HPOS="362" VPOS="1095" WIDTH="292" HEIGHT="52" CONTENT="améthystes," WC="0.99" CC="00751025014"/>
						<SP ID="P4_SP00163" HPOS="654" VPOS="1147" WIDTH="26"/>
						<String ID="P4_ST00178" HPOS="680" VPOS="1095" WIDTH="136" HEIGHT="40" CONTENT="d'une" WC="0.99" CC="00403"/>
						<SP ID="P4_SP00164" HPOS="816" VPOS="1147" WIDTH="21"/>
						<String ID="P4_ST00179" HPOS="837" VPOS="1103" WIDTH="128" HEIGHT="33" CONTENT="autre" WC="0.99" CC="06400"/>
						<SP ID="P4_SP00165" HPOS="965" VPOS="1147" WIDTH="26"/>
						<String ID="P4_ST00180" HPOS="991" VPOS="1095" WIDTH="63" HEIGHT="40" CONTENT="les" WC="0.98" CC="140"/>
						<SP ID="P4_SP00166" HPOS="1054" VPOS="1147" WIDTH="19"/>
						<String ID="P4_ST00181" HPOS="1073" VPOS="1095" WIDTH="193" HEIGHT="52" CONTENT="saphirs," WC="1.00" CC="00000004"/>
						<SP ID="P4_SP00167" HPOS="1266" VPOS="1147" WIDTH="26"/>
						<String ID="P4_ST00182" HPOS="1292" VPOS="1093" WIDTH="133" HEIGHT="42" CONTENT="d'une" WC="0.99" CC="04040"/>
						<SP ID="P4_SP00168" HPOS="1425" VPOS="1147" WIDTH="21"/>
						<String ID="P4_ST00183" HPOS="1446" VPOS="1103" WIDTH="123" HEIGHT="33" CONTENT="autre" WC="0.98" CC="06600"/>
						<SP ID="P4_SP00169" HPOS="1569" VPOS="1147" WIDTH="18"/>
						<String ID="P4_ST00184" HPOS="1587" VPOS="1095" WIDTH="64" HEIGHT="40" CONTENT="les" WC="0.99" CC="020"/>
						<SP ID="P4_SP00170" HPOS="1651" VPOS="1147" WIDTH="28"/>
						<String ID="P4_ST00185" HPOS="1679" VPOS="1095" WIDTH="162" HEIGHT="53" CONTENT="perles," WC="1.00" CC="0003004"/>
						<SP ID="P4_SP00171" HPOS="1841" VPOS="1148" WIDTH="27"/>
						<String ID="P4_ST00186" HPOS="1868" VPOS="1094" WIDTH="133" HEIGHT="42" CONTENT="d'une" WC="0.99" CC="04020"/>
						<SP ID="P4_SP00172" HPOS="2001" VPOS="1148" WIDTH="25"/>
						<String ID="P4_ST00187" HPOS="2026" VPOS="1104" WIDTH="127" HEIGHT="32" CONTENT="autre" WC="0.99" CC="06000"/>
					</TextLine>
					<TextLine ID="P4_TL00016" HPOS="130" VPOS="1161" WIDTH="2024" HEIGHT="55">
						<String ID="P4_ST00188" HPOS="130" VPOS="1161" WIDTH="65" HEIGHT="41" CONTENT="les" WC="0.98" CC="040"/>
						<SP ID="P4_SP00173" HPOS="195" VPOS="1202" WIDTH="22"/>
						<String ID="P4_ST00189" HPOS="217" VPOS="1162" WIDTH="280" HEIGHT="50" CONTENT="émeraudes," WC="0.77" CC="6022200404"/>
						<SP ID="P4_SP00174" HPOS="497" VPOS="1212" WIDTH="20"/>
						<String ID="P4_ST00190" HPOS="517" VPOS="1161" WIDTH="133" HEIGHT="43" CONTENT="d'une" WC="1.00" CC="00030"/>
						<SP ID="P4_SP00175" HPOS="650" VPOS="1212" WIDTH="23"/>
						<String ID="P4_ST00191" HPOS="673" VPOS="1163" WIDTH="205" HEIGHT="41" CONTENT="dernière" WC="0.99" CC="00400700"/>
						<SP ID="P4_SP00176" HPOS="878" VPOS="1212" WIDTH="24"/>
						<String ID="P4_ST00192" HPOS="902" VPOS="1164" WIDTH="63" HEIGHT="41" CONTENT="les" WC="0.98" CC="400"/>
						<SP ID="P4_SP00177" HPOS="965" VPOS="1212" WIDTH="25"/>
						<String ID="P4_ST00193" HPOS="990" VPOS="1163" WIDTH="141" HEIGHT="49" CONTENT="rubis," WC="0.99" CC="020024"/>
						<SP ID="P4_SP00178" HPOS="1131" VPOS="1212" WIDTH="32"/>
						<String ID="P4_ST00194" HPOS="1163" VPOS="1177" WIDTH="183" HEIGHT="27" CONTENT="menace" WC="0.99" CC="016000"/>
						<SP ID="P4_SP00179" HPOS="1346" VPOS="1212" WIDTH="23"/>
						<String ID="P4_ST00195" HPOS="1369" VPOS="1164" WIDTH="55" HEIGHT="40" CONTENT="de" WC="1.00" CC="00"/>
						<SP ID="P4_SP00180" HPOS="1424" VPOS="1212" WIDTH="38"/>
						<String ID="P4_ST00196" HPOS="1462" VPOS="1173" WIDTH="132" HEIGHT="43" CONTENT="mort," WC="0.98" CC="00654"/>
						<SP ID="P4_SP00181" HPOS="1594" VPOS="1216" WIDTH="34"/>
						<String ID="P4_ST00197" HPOS="1628" VPOS="1164" WIDTH="54" HEIGHT="40" CONTENT="de" WC="0.76" CC="04"/>
						<SP ID="P4_SP00182" HPOS="1682" VPOS="1216" WIDTH="22"/>
						<String ID="P4_ST00198" HPOS="1704" VPOS="1164" WIDTH="39" HEIGHT="41" CONTENT="la" WC="0.70" CC="50"/>
						<SP ID="P4_SP00183" HPOS="1743" VPOS="1216" WIDTH="42"/>
						<String ID="P4_ST00199" HPOS="1785" VPOS="1164" WIDTH="205" HEIGHT="41" CONTENT="dernière" WC="1.00" CC="03300000"/>
						<SP ID="P4_SP00184" HPOS="1990" VPOS="1216" WIDTH="41"/>
						<String ID="P4_ST00200" HPOS="2031" VPOS="1162" WIDTH="123" HEIGHT="43" CONTENT="enfin" WC="0.98" CC="00570"/>
					</TextLine>
					<TextLine ID="P4_TL00017" HPOS="129" VPOS="1228" WIDTH="2024" HEIGHT="58">
						<String ID="P4_ST00201" HPOS="129" VPOS="1228" WIDTH="301" HEIGHT="54" CONTENT="l'aveuglante" WC="1.00" CC="040015030030"/>
						<SP ID="P4_SP00185" HPOS="430" VPOS="1282" WIDTH="22"/>
						<String ID="P4_ST00202" HPOS="452" VPOS="1232" WIDTH="188" HEIGHT="42" CONTENT="lumière" WC="0.99" CC="4600000"/>
						<SP ID="P4_SP00186" HPOS="640" VPOS="1282" WIDTH="22"/>
						<String ID="P4_ST00203" HPOS="662" VPOS="1234" WIDTH="79" HEIGHT="40" CONTENT="des" WC="1.00" CC="000"/>
						<SP ID="P4_SP00187" HPOS="741" VPOS="1282" WIDTH="23"/>
						<String ID="P4_ST00204" HPOS="764" VPOS="1234" WIDTH="243" HEIGHT="47" CONTENT="diamants," WC="1.00" CC="000004012"/>
						<SP ID="P4_SP00188" HPOS="1007" VPOS="1282" WIDTH="27"/>
						<String ID="P4_ST00205" HPOS="1034" VPOS="1246" WIDTH="20" HEIGHT="25" CONTENT="«" WC="0.73" CC="2"/>
						<SP ID="P4_SP00189" HPOS="1054" VPOS="1282" WIDTH="24"/>
						<String ID="P4_ST00206" HPOS="1078" VPOS="1246" WIDTH="54" HEIGHT="28" CONTENT="en" WC="1.00" CC="00"/>
						<SP ID="P4_SP00190" HPOS="1132" VPOS="1282" WIDTH="25"/>
						<String ID="P4_ST00207" HPOS="1157" VPOS="1234" WIDTH="76" HEIGHT="52" CONTENT="qui" WC="0.98" CC="060"/>
						<SP ID="P4_SP00191" HPOS="1233" VPOS="1286" WIDTH="21"/>
						<String ID="P4_ST00208" HPOS="1254" VPOS="1232" WIDTH="157" HEIGHT="52" CONTENT="s'agite" WC="1.00" CC="1020220"/>
						<SP ID="P4_SP00192" HPOS="1411" VPOS="1286" WIDTH="22"/>
						<String ID="P4_ST00209" HPOS="1433" VPOS="1233" WIDTH="40" HEIGHT="41" CONTENT="la" WC="0.55" CC="35"/>
						<SP ID="P4_SP00193" HPOS="1473" VPOS="1286" WIDTH="25"/>
						<String ID="P4_ST00210" HPOS="1498" VPOS="1235" WIDTH="186" HEIGHT="51" CONTENT="passion" WC="1.00" CC="0000005"/>
						<SP ID="P4_SP00194" HPOS="1684" VPOS="1286" WIDTH="18"/>
						<String ID="P4_ST00211" HPOS="1702" VPOS="1234" WIDTH="53" HEIGHT="40" CONTENT="de" WC="1.00" CC="00"/>
						<SP ID="P4_SP00195" HPOS="1755" VPOS="1286" WIDTH="23"/>
						<String ID="P4_ST00212" HPOS="1778" VPOS="1234" WIDTH="40" HEIGHT="40" CONTENT="la" WC="0.91" CC="10"/>
						<SP ID="P4_SP00196" HPOS="1818" VPOS="1286" WIDTH="44"/>
						<String ID="P4_ST00213" HPOS="1862" VPOS="1234" WIDTH="137" HEIGHT="41" CONTENT="clarté" WC="0.99" CC="000056"/>
						<SP ID="P4_SP00197" HPOS="1999" VPOS="1286" WIDTH="24"/>
						<String ID="P4_ST00214" HPOS="2023" VPOS="1236" WIDTH="76" HEIGHT="50" CONTENT="qui" WC="0.97" CC="070"/>
						<SP ID="P4_SP00198" HPOS="2099" VPOS="1286" WIDTH="32"/>
						<String ID="P4_ST00215" HPOS="2131" VPOS="1248" WIDTH="22" HEIGHT="26" CONTENT="a" WC="1.00" CC="0"/>
					</TextLine>
					<TextLine ID="P4_TL00018" HPOS="130" VPOS="1302" WIDTH="2024" HEIGHT="54">
						<String ID="P4_ST00216" HPOS="130" VPOS="1309" WIDTH="94" HEIGHT="32" CONTENT="tout" WC="0.98" CC="2006"/>
						<SP ID="P4_SP00199" HPOS="224" VPOS="1341" WIDTH="23"/>
						<String ID="P4_ST00217" HPOS="247" VPOS="1305" WIDTH="198" HEIGHT="48" CONTENT="pénétré," WC="0.98" CC="07505464"/>
						<SP ID="P4_SP00200" HPOS="445" VPOS="1353" WIDTH="25"/>
						<String ID="P4_ST00218" HPOS="470" VPOS="1316" WIDTH="55" HEIGHT="26" CONTENT="ne" WC="1.00" CC="00"/>
						<SP ID="P4_SP00201" HPOS="525" VPOS="1353" WIDTH="18"/>
						<String ID="P4_ST00219" HPOS="543" VPOS="1316" WIDTH="46" HEIGHT="27" CONTENT="se" WC="1.00" CC="00"/>
						<SP ID="P4_SP00202" HPOS="589" VPOS="1353" WIDTH="14"/>
						<String ID="P4_ST00220" HPOS="603" VPOS="1316" WIDTH="157" HEIGHT="39" CONTENT="repose" WC="1.00" CC="030000"/>
						<SP ID="P4_SP00203" HPOS="760" VPOS="1355" WIDTH="23"/>
						<String ID="P4_ST00221" HPOS="783" VPOS="1316" WIDTH="80" HEIGHT="40" CONTENT="pas" WC="0.98" CC="005"/>
						<SP ID="P4_SP00204" HPOS="863" VPOS="1356" WIDTH="21"/>
						<String ID="P4_ST00222" HPOS="884" VPOS="1312" WIDTH="41" HEIGHT="31" CONTENT="et" WC="0.45" CC="46"/>
						<SP ID="P4_SP00205" HPOS="925" VPOS="1356" WIDTH="23"/>
						<String ID="P4_ST00223" HPOS="948" VPOS="1303" WIDTH="70" HEIGHT="40" CONTENT="n'a" WC="0.99" CC="030"/>
						<SP ID="P4_SP00206" HPOS="1018" VPOS="1356" WIDTH="24"/>
						<String ID="P4_ST00224" HPOS="1042" VPOS="1303" WIDTH="101" HEIGHT="53" CONTENT="plus" WC="0.97" CC="0363"/>
						<SP ID="P4_SP00207" HPOS="1143" VPOS="1356" WIDTH="23"/>
						<String ID="P4_ST00225" HPOS="1166" VPOS="1304" WIDTH="95" HEIGHT="39" CONTENT="rien" WC="0.98" CC="0044"/>
						<SP ID="P4_SP00208" HPOS="1261" VPOS="1356" WIDTH="24"/>
						<String ID="P4_ST00226" HPOS="1285" VPOS="1307" WIDTH="22" HEIGHT="36" CONTENT="à" WC="1.00" CC="0"/>
						<SP ID="P4_SP00209" HPOS="1307" VPOS="1356" WIDTH="31"/>
						<String ID="P4_ST00227" HPOS="1338" VPOS="1305" WIDTH="178" HEIGHT="38" CONTENT="vaincre" WC="1.00" CC="0040000"/>
						<SP ID="P4_SP00210" HPOS="1516" VPOS="1356" WIDTH="24"/>
						<String ID="P4_ST00228" HPOS="1540" VPOS="1303" WIDTH="331" HEIGHT="53" CONTENT="qu'elle-même" WC="1.00" CC="020005030500"/>
						<SP ID="P4_SP00211" HPOS="1871" VPOS="1356" WIDTH="25"/>
						<String ID="P4_ST00229" HPOS="1896" VPOS="1316" WIDTH="36" HEIGHT="27" CONTENT="»." WC="0.51" CC="54"/>
						<SP ID="P4_SP00212" HPOS="1932" VPOS="1356" WIDTH="41"/>
						<String ID="P4_ST00230" HPOS="1973" VPOS="1302" WIDTH="56" HEIGHT="42" CONTENT="Et" WC="0.97" CC="00"/>
						<SP ID="P4_SP00213" HPOS="2029" VPOS="1356" WIDTH="22"/>
						<String ID="P4_ST00231" HPOS="2051" VPOS="1303" WIDTH="78" HEIGHT="40" CONTENT="der" SUBS_TYPE="HypPart1" SUBS_CONTENT="derrière" WC="0.98" CC="040"/>
						<HYP HPOS="2129" VPOS="1303" WIDTH="25" CONTENT="-"/>
					</TextLine>
					<TextLine ID="P4_TL00019" HPOS="130" VPOS="1371" WIDTH="2024" HEIGHT="54">
						<String ID="P4_ST00232" HPOS="130" VPOS="1371" WIDTH="113" HEIGHT="39" CONTENT="rière" SUBS_TYPE="HypPart2" SUBS_CONTENT="derrière" WC="0.99" CC="00500"/>
						<SP ID="P4_SP00214" HPOS="243" VPOS="1410" WIDTH="23"/>
						<String ID="P4_ST00233" HPOS="266" VPOS="1383" WIDTH="82" HEIGHT="28" CONTENT="eux" WC="0.98" CC="004"/>
						<SP ID="P4_SP00215" HPOS="348" VPOS="1411" WIDTH="15"/>
						<String ID="P4_ST00234" HPOS="363" VPOS="1375" WIDTH="145" HEIGHT="48" CONTENT="paraît" WC="1.00" CC="000010"/>
						<SP ID="P4_SP00216" HPOS="508" VPOS="1423" WIDTH="20"/>
						<String ID="P4_ST00235" HPOS="528" VPOS="1371" WIDTH="40" HEIGHT="41" CONTENT="la" WC="0.78" CC="40"/>
						<SP ID="P4_SP00217" HPOS="568" VPOS="1423" WIDTH="24"/>
						<String ID="P4_ST00236" HPOS="592" VPOS="1380" WIDTH="127" HEIGHT="45" CONTENT="porte" WC="1.00" CC="00020"/>
						<SP ID="P4_SP00218" HPOS="719" VPOS="1425" WIDTH="41"/>
						<String ID="P4_ST00237" HPOS="760" VPOS="1374" WIDTH="225" HEIGHT="46" CONTENT="interdite," WC="0.99" CC="0550001544"/>
						<SP ID="P4_SP00219" HPOS="985" VPOS="1425" WIDTH="46"/>
						<String ID="P4_ST00238" HPOS="1031" VPOS="1387" WIDTH="83" HEIGHT="26" CONTENT="aux" WC="0.98" CC="050"/>
						<SP ID="P4_SP00220" HPOS="1114" VPOS="1425" WIDTH="35"/>
						<String ID="P4_ST00239" HPOS="1149" VPOS="1385" WIDTH="198" HEIGHT="28" CONTENT="serrures" WC="1.00" CC="50300000"/>
						<SP ID="P4_SP00221" HPOS="1347" VPOS="1425" WIDTH="43"/>
						<String ID="P4_ST00240" HPOS="1390" VPOS="1371" WIDTH="109" HEIGHT="42" CONTENT="d'or." WC="1.00" CC="00003"/>
						<SP ID="P4_SP00222" HPOS="1499" VPOS="1425" WIDTH="46"/>
						<String ID="P4_ST00241" HPOS="1545" VPOS="1371" WIDTH="123" HEIGHT="42" CONTENT="C'est" WC="0.99" CC="04005"/>
						<SP ID="P4_SP00223" HPOS="1668" VPOS="1425" WIDTH="35"/>
						<String ID="P4_ST00242" HPOS="1703" VPOS="1372" WIDTH="174" HEIGHT="42" CONTENT="celle-là" WC="0.99" CC="63700522"/>
						<SP ID="P4_SP00224" HPOS="1877" VPOS="1425" WIDTH="44"/>
						<String ID="P4_ST00243" HPOS="1921" VPOS="1372" WIDTH="123" HEIGHT="41" CONTENT="seule" WC="0.99" CC="02002"/>
						<SP ID="P4_SP00225" HPOS="2044" VPOS="1425" WIDTH="34"/>
						<String ID="P4_ST00244" HPOS="2078" VPOS="1373" WIDTH="76" HEIGHT="52" CONTENT="qui" WC="1.00" CC="000"/>
					</TextLine>
					<TextLine ID="P4_TL00020" HPOS="130" VPOS="1439" WIDTH="2025" HEIGHT="56">
						<String ID="P4_ST00245" HPOS="130" VPOS="1440" WIDTH="207" HEIGHT="52" CONTENT="importe." WC="0.99" CC="10004563"/>
						<SP ID="P4_SP00226" HPOS="337" VPOS="1492" WIDTH="30"/>
						<String ID="P4_ST00246" HPOS="367" VPOS="1439" WIDTH="164" HEIGHT="42" CONTENT="Ariane" WC="1.00" CC="000040"/>
						<SP ID="P4_SP00227" HPOS="531" VPOS="1492" WIDTH="23"/>
						<String ID="P4_ST00247" HPOS="554" VPOS="1440" WIDTH="185" HEIGHT="50" CONTENT="l'ouvre," WC="0.99" CC="03070044"/>
						<SP ID="P4_SP00228" HPOS="739" VPOS="1492" WIDTH="42"/>
						<String ID="P4_ST00248" HPOS="781" VPOS="1455" WIDTH="89" HEIGHT="27" CONTENT="non" WC="0.96" CC="504"/>
						<SP ID="P4_SP00229" HPOS="870" VPOS="1492" WIDTH="22"/>
						<String ID="P4_ST00249" HPOS="892" VPOS="1456" WIDTH="80" HEIGHT="38" CONTENT="par" WC="1.00" CC="000"/>
						<SP ID="P4_SP00230" HPOS="972" VPOS="1494" WIDTH="39"/>
						<String ID="P4_ST00250" HPOS="1011" VPOS="1443" WIDTH="226" HEIGHT="48" CONTENT="curiosité," WC="0.99" CC="0503100064"/>
						<SP ID="P4_SP00231" HPOS="1237" VPOS="1494" WIDTH="40"/>
						<String ID="P4_ST00251" HPOS="1277" VPOS="1443" WIDTH="115" HEIGHT="38" CONTENT="mais" WC="1.00" CC="0000"/>
						<SP ID="P4_SP00232" HPOS="1392" VPOS="1494" WIDTH="35"/>
						<String ID="P4_ST00252" HPOS="1427" VPOS="1455" WIDTH="132" HEIGHT="40" CONTENT="parce" WC="1.00" CC="00003"/>
						<SP ID="P4_SP00233" HPOS="1559" VPOS="1495" WIDTH="41"/>
						<String ID="P4_ST00253" HPOS="1600" VPOS="1455" WIDTH="86" HEIGHT="40" CONTENT="que" WC="1.00" CC="000"/>
						<SP ID="P4_SP00234" HPOS="1686" VPOS="1495" WIDTH="29"/>
						<String ID="P4_ST00254" HPOS="1715" VPOS="1456" WIDTH="48" HEIGHT="27" CONTENT="sa" WC="1.00" CC="00"/>
						<SP ID="P4_SP00235" HPOS="1763" VPOS="1495" WIDTH="39"/>
						<String ID="P4_ST00255" HPOS="1802" VPOS="1443" WIDTH="261" HEIGHT="40" CONTENT="conscience" WC="1.00" CC="0040000303"/>
						<SP ID="P4_SP00236" HPOS="2063" VPOS="1495" WIDTH="36"/>
						<String ID="P4_ST00256" HPOS="2099" VPOS="1439" WIDTH="56" HEIGHT="55" CONTENT="l'y" WC="0.98" CC="040"/>
					</TextLine>
					<TextLine ID="P4_TL00021" HPOS="131" VPOS="1509" WIDTH="2024" HEIGHT="55">
						<String ID="P4_ST00257" HPOS="131" VPOS="1510" WIDTH="238" HEIGHT="39" CONTENT="contraint." WC="0.99" CC="4113104663"/>
						<SP ID="P4_SP00237" HPOS="369" VPOS="1549" WIDTH="29"/>
						<String ID="P4_ST00258" HPOS="398" VPOS="1522" WIDTH="19" HEIGHT="25" CONTENT="«" WC="0.84" CC="1"/>
						<SP ID="P4_SP00238" HPOS="417" VPOS="1549" WIDTH="26"/>
						<String ID="P4_ST00259" HPOS="443" VPOS="1509" WIDTH="33" HEIGHT="40" CONTENT="Il" WC="0.61" CC="33"/>
						<SP ID="P4_SP00239" HPOS="476" VPOS="1549" WIDTH="25"/>
						<String ID="P4_ST00260" HPOS="501" VPOS="1509" WIDTH="94" HEIGHT="42" CONTENT="faut" WC="0.98" CC="0054"/>
						<SP ID="P4_SP00240" HPOS="595" VPOS="1551" WIDTH="22"/>
						<String ID="P4_ST00261" HPOS="617" VPOS="1509" WIDTH="187" HEIGHT="42" CONTENT="d'abord" WC="1.00" CC="0300000"/>
						<SP ID="P4_SP00241" HPOS="804" VPOS="1551" WIDTH="24"/>
						<String ID="P4_ST00262" HPOS="828" VPOS="1510" WIDTH="209" HEIGHT="42" CONTENT="désobéir" WC="1.00" CC="00000000"/>
						<SP ID="P4_SP00242" HPOS="1037" VPOS="1552" WIDTH="24"/>
						<String ID="P4_ST00263" HPOS="1061" VPOS="1526" WIDTH="7" HEIGHT="25" CONTENT=":" WC="1.00" CC="0"/>
						<SP ID="P4_SP00243" HPOS="1068" VPOS="1552" WIDTH="28"/>
						<String ID="P4_ST00264" HPOS="1096" VPOS="1510" WIDTH="104" HEIGHT="42" CONTENT="c'est" WC="0.98" CC="04403"/>
						<SP ID="P4_SP00244" HPOS="1200" VPOS="1552" WIDTH="23"/>
						<String ID="P4_ST00265" HPOS="1223" VPOS="1510" WIDTH="40" HEIGHT="41" CONTENT="le" WC="0.56" CC="44"/>
						<SP ID="P4_SP00245" HPOS="1263" VPOS="1552" WIDTH="22"/>
						<String ID="P4_ST00266" HPOS="1285" VPOS="1512" WIDTH="195" HEIGHT="51" CONTENT="premier" WC="0.99" CC="0000045"/>
						<SP ID="P4_SP00246" HPOS="1480" VPOS="1563" WIDTH="33"/>
						<String ID="P4_ST00267" HPOS="1513" VPOS="1511" WIDTH="156" HEIGHT="41" CONTENT="devoir" WC="1.00" CC="030100"/>
						<SP ID="P4_SP00247" HPOS="1669" VPOS="1563" WIDTH="22"/>
						<String ID="P4_ST00268" HPOS="1691" VPOS="1511" WIDTH="152" HEIGHT="53" CONTENT="quand" WC="1.00" CC="00000"/>
						<SP ID="P4_SP00248" HPOS="1843" VPOS="1564" WIDTH="41"/>
						<String ID="P4_ST00269" HPOS="1884" VPOS="1509" WIDTH="162" HEIGHT="43" CONTENT="l'ordre" WC="0.99" CC="5400000"/>
						<SP ID="P4_SP00249" HPOS="2046" VPOS="1564" WIDTH="42"/>
						<String ID="P4_ST00270" HPOS="2088" VPOS="1519" WIDTH="67" HEIGHT="33" CONTENT="est" WC="0.98" CC="006"/>
					</TextLine>
					<TextLine ID="P4_TL00022" HPOS="131" VPOS="1578" WIDTH="2025" HEIGHT="55">
						<String ID="P4_ST00271" HPOS="131" VPOS="1586" WIDTH="237" HEIGHT="43" CONTENT="menaçant" WC="1.00" CC="01000005"/>
						<SP ID="P4_SP00250" HPOS="368" VPOS="1629" WIDTH="23"/>
						<String ID="P4_ST00272" HPOS="391" VPOS="1587" WIDTH="42" HEIGHT="31" CONTENT="et" WC="0.68" CC="06"/>
						<SP ID="P4_SP00251" HPOS="433" VPOS="1629" WIDTH="31"/>
						<String ID="P4_ST00273" HPOS="464" VPOS="1592" WIDTH="54" HEIGHT="27" CONTENT="ne" WC="1.00" CC="00"/>
						<SP ID="P4_SP00252" HPOS="518" VPOS="1629" WIDTH="33"/>
						<String ID="P4_ST00274" HPOS="551" VPOS="1579" WIDTH="248" HEIGHT="53" CONTENT="s'explique" WC="1.00" CC="0130001070"/>
						<SP ID="P4_SP00253" HPOS="799" VPOS="1632" WIDTH="20"/>
						<String ID="P4_ST00275" HPOS="819" VPOS="1594" WIDTH="96" HEIGHT="38" CONTENT="pas." WC="0.98" CC="0034"/>
						<SP ID="P4_SP00254" HPOS="915" VPOS="1632" WIDTH="24"/>
						<String ID="P4_ST00276" HPOS="939" VPOS="1592" WIDTH="19" HEIGHT="25" CONTENT="»" WC="0.55" CC="4"/>
						<SP ID="P4_SP00255" HPOS="958" VPOS="1632" WIDTH="23"/>
						<String ID="P4_ST00277" HPOS="981" VPOS="1578" WIDTH="64" HEIGHT="42" CONTENT="La" WC="0.80" CC="30"/>
						<SP ID="P4_SP00256" HPOS="1045" VPOS="1632" WIDTH="21"/>
						<String ID="P4_ST00278" HPOS="1066" VPOS="1589" WIDTH="127" HEIGHT="43" CONTENT="porte" WC="0.99" CC="00620"/>
						<SP ID="P4_SP00257" HPOS="1193" VPOS="1632" WIDTH="20"/>
						<String ID="P4_ST00279" HPOS="1213" VPOS="1588" WIDTH="184" HEIGHT="34" CONTENT="ouverte" WC="1.00" CC="3000004"/>
						<SP ID="P4_SP00258" HPOS="1397" VPOS="1632" WIDTH="19"/>
						<String ID="P4_ST00280" HPOS="1416" VPOS="1594" WIDTH="54" HEIGHT="28" CONTENT="ne" WC="0.71" CC="50"/>
						<SP ID="P4_SP00259" HPOS="1470" VPOS="1632" WIDTH="29"/>
						<String ID="P4_ST00281" HPOS="1499" VPOS="1580" WIDTH="136" HEIGHT="42" CONTENT="laisse" WC="1.00" CC="002000"/>
						<SP ID="P4_SP00260" HPOS="1635" VPOS="1632" WIDTH="35"/>
						<String ID="P4_ST00282" HPOS="1670" VPOS="1582" WIDTH="98" HEIGHT="39" CONTENT="voir" WC="1.00" CC="0010"/>
						<SP ID="P4_SP00261" HPOS="1768" VPOS="1632" WIDTH="23"/>
						<String ID="P4_ST00283" HPOS="1791" VPOS="1581" WIDTH="164" HEIGHT="52" CONTENT="qu'une" WC="0.99" CC="070600"/>
						<SP ID="P4_SP00262" HPOS="1955" VPOS="1633" WIDTH="43"/>
						<String ID="P4_ST00284" HPOS="1998" VPOS="1579" WIDTH="158" HEIGHT="42" CONTENT="ombre" WC="1.00" CC="00000"/>
					</TextLine>
					<TextLine ID="P4_TL00023" HPOS="131" VPOS="1646" WIDTH="2026" HEIGHT="57">
						<String ID="P4_ST00285" HPOS="131" VPOS="1646" WIDTH="104" HEIGHT="41" CONTENT="d'où" WC="0.98" CC="0207"/>
						<SP ID="P4_SP00263" HPOS="235" VPOS="1687" WIDTH="34"/>
						<String ID="P4_ST00286" HPOS="269" VPOS="1646" WIDTH="212" HEIGHT="42" CONTENT="s'élèvent" WC="0.99" CC="040270402"/>
						<SP ID="P4_SP00264" HPOS="481" VPOS="1688" WIDTH="38"/>
						<String ID="P4_ST00287" HPOS="519" VPOS="1648" WIDTH="63" HEIGHT="40" CONTENT="les" WC="0.99" CC="300"/>
						<SP ID="P4_SP00265" HPOS="582" VPOS="1688" WIDTH="40"/>
						<String ID="P4_ST00288" HPOS="622" VPOS="1648" WIDTH="157" HEIGHT="42" CONTENT="chants" WC="1.00" CC="060000"/>
						<SP ID="P4_SP00266" HPOS="779" VPOS="1690" WIDTH="33"/>
						<String ID="P4_ST00289" HPOS="812" VPOS="1649" WIDTH="78" HEIGHT="41" CONTENT="des" WC="1.00" CC="000"/>
						<SP ID="P4_SP00267" HPOS="890" VPOS="1690" WIDTH="37"/>
						<String ID="P4_ST00290" HPOS="927" VPOS="1648" WIDTH="188" HEIGHT="42" CONTENT="femmes" WC="1.00" CC="030010"/>
						<SP ID="P4_SP00268" HPOS="1115" VPOS="1690" WIDTH="44"/>
						<String ID="P4_ST00291" HPOS="1159" VPOS="1651" WIDTH="212" HEIGHT="51" CONTENT="captives." WC="1.00" CC="000200004"/>
						<SP ID="P4_SP00269" HPOS="1371" VPOS="1702" WIDTH="45"/>
						<String ID="P4_ST00292" HPOS="1416" VPOS="1649" WIDTH="314" HEIGHT="42" CONTENT="Barbe-Bleue" WC="0.99" CC="00006403440"/>
						<SP ID="P4_SP00270" HPOS="1730" VPOS="1702" WIDTH="39"/>
						<String ID="P4_ST00293" HPOS="1769" VPOS="1654" WIDTH="145" HEIGHT="49" CONTENT="paraît" WC="0.99" CC="042007"/>
						<SP ID="P4_SP00271" HPOS="1914" VPOS="1703" WIDTH="48"/>
						<String ID="P4_ST00294" HPOS="1962" VPOS="1658" WIDTH="42" HEIGHT="32" CONTENT="et" WC="0.73" CC="05"/>
						<SP ID="P4_SP00272" HPOS="2004" VPOS="1703" WIDTH="49"/>
						<String ID="P4_ST00295" HPOS="2053" VPOS="1659" WIDTH="104" HEIGHT="32" CONTENT="veut" WC="0.99" CC="0005"/>
					</TextLine>
					<TextLine ID="P4_TL00024" HPOS="130" VPOS="1715" WIDTH="2025" HEIGHT="56">
						<String ID="P4_ST00296" HPOS="130" VPOS="1719" WIDTH="228" HEIGHT="38" CONTENT="entraîner" WC="0.99" CC="046002300"/>
						<SP ID="P4_SP00273" HPOS="358" VPOS="1757" WIDTH="23"/>
						<String ID="P4_ST00297" HPOS="381" VPOS="1715" WIDTH="181" HEIGHT="43" CONTENT="Ariane." WC="0.99" CC="0035033"/>
						<SP ID="P4_SP00274" HPOS="562" VPOS="1758" WIDTH="26"/>
						<String ID="P4_ST00298" HPOS="588" VPOS="1716" WIDTH="119" HEIGHT="41" CONTENT="Mais" WC="1.00" CC="0000"/>
						<SP ID="P4_SP00275" HPOS="707" VPOS="1758" WIDTH="21"/>
						<String ID="P4_ST00299" HPOS="728" VPOS="1717" WIDTH="98" HEIGHT="54" CONTENT="déjà" WC="0.98" CC="0602"/>
						<SP ID="P4_SP00276" HPOS="826" VPOS="1771" WIDTH="18"/>
						<String ID="P4_ST00300" HPOS="844" VPOS="1718" WIDTH="64" HEIGHT="40" CONTENT="les" WC="1.00" CC="000"/>
						<SP ID="P4_SP00277" HPOS="908" VPOS="1771" WIDTH="23"/>
						<String ID="P4_ST00301" HPOS="931" VPOS="1731" WIDTH="215" HEIGHT="40" CONTENT="paysans," WC="1.00" CC="03000004"/>
						<SP ID="P4_SP00278" HPOS="1146" VPOS="1771" WIDTH="25"/>
						<String ID="P4_ST00302" HPOS="1171" VPOS="1720" WIDTH="75" HEIGHT="51" CONTENT="qui" WC="0.98" CC="060"/>
						<SP ID="P4_SP00279" HPOS="1246" VPOS="1771" WIDTH="24"/>
						<String ID="P4_ST00303" HPOS="1270" VPOS="1727" WIDTH="203" HEIGHT="43" CONTENT="guettent" WC="0.99" CC="00037065"/>
						<SP ID="P4_SP00280" HPOS="1473" VPOS="1771" WIDTH="43"/>
						<String ID="P4_ST00304" HPOS="1516" VPOS="1733" WIDTH="84" HEIGHT="27" CONTENT="aux" WC="0.97" CC="070"/>
						<SP ID="P4_SP00281" HPOS="1600" VPOS="1771" WIDTH="29"/>
						<String ID="P4_ST00305" HPOS="1629" VPOS="1719" WIDTH="247" HEIGHT="50" CONTENT="alentours," WC="0.99" CC="0403600004"/>
						<SP ID="P4_SP00282" HPOS="1876" VPOS="1771" WIDTH="36"/>
						<String ID="P4_ST00306" HPOS="1912" VPOS="1717" WIDTH="243" HEIGHT="44" CONTENT="s'élancent" WC="1.00" CC="0000050032"/>
					</TextLine>
					<TextLine ID="P4_TL00025" HPOS="130" VPOS="1785" WIDTH="2025" HEIGHT="55">
						<String ID="P4_ST00307" HPOS="130" VPOS="1798" WIDTH="114" HEIGHT="39" CONTENT="pour" WC="0.99" CC="0060"/>
						<SP ID="P4_SP00283" HPOS="244" VPOS="1837" WIDTH="19"/>
						<String ID="P4_ST00308" HPOS="263" VPOS="1785" WIDTH="40" HEIGHT="40" CONTENT="la" WC="1.00" CC="00"/>
						<SP ID="P4_SP00284" HPOS="303" VPOS="1837" WIDTH="22"/>
						<String ID="P4_ST00309" HPOS="325" VPOS="1785" WIDTH="206" HEIGHT="42" CONTENT="délivrer." WC="1.00" CC="001000003"/>
						<SP ID="P4_SP00285" HPOS="531" VPOS="1837" WIDTH="20"/>
						<String ID="P4_ST00310" HPOS="551" VPOS="1785" WIDTH="167" HEIGHT="43" CONTENT="Ariane" WC="1.00" CC="000050"/>
						<SP ID="P4_SP00286" HPOS="718" VPOS="1837" WIDTH="19"/>
						<String ID="P4_ST00311" HPOS="737" VPOS="1787" WIDTH="65" HEIGHT="40" CONTENT="les" WC="0.99" CC="020"/>
						<SP ID="P4_SP00287" HPOS="802" VPOS="1837" WIDTH="24"/>
						<String ID="P4_ST00312" HPOS="826" VPOS="1790" WIDTH="143" HEIGHT="38" CONTENT="arrête" WC="0.98" CC="006552"/>
						<SP ID="P4_SP00288" HPOS="969" VPOS="1837" WIDTH="17"/>
						<String ID="P4_ST00313" HPOS="986" VPOS="1785" WIDTH="105" HEIGHT="43" CONTENT="d'un" WC="0.98" CC="0460"/>
						<SP ID="P4_SP00289" HPOS="1091" VPOS="1837" WIDTH="15"/>
						<String ID="P4_ST00314" HPOS="1106" VPOS="1796" WIDTH="127" HEIGHT="42" CONTENT="geste" WC="1.00" CC="00040"/>
						<SP ID="P4_SP00290" HPOS="1233" VPOS="1838" WIDTH="25"/>
						<String ID="P4_ST00315" HPOS="1258" VPOS="1801" WIDTH="9" HEIGHT="27" CONTENT=":" WC="0.49" CC="5"/>
						<SP ID="P4_SP00291" HPOS="1267" VPOS="1838" WIDTH="86"/>
						<String ID="P4_ST00316" HPOS="1353" VPOS="1787" WIDTH="100" HEIGHT="53" CONTENT="Que" WC="0.98" CC="040"/>
						<SP ID="P4_SP00292" HPOS="1453" VPOS="1840" WIDTH="17"/>
						<String ID="P4_ST00317" HPOS="1470" VPOS="1802" WIDTH="70" HEIGHT="27" CONTENT="me" WC="1.00" CC="00"/>
						<SP ID="P4_SP00293" HPOS="1540" VPOS="1840" WIDTH="16"/>
						<String ID="P4_ST00318" HPOS="1556" VPOS="1789" WIDTH="299" HEIGHT="40" CONTENT="voulez-vous" WC="1.00" CC="00030440003"/>
						<SP ID="P4_SP00294" HPOS="1855" VPOS="1840" WIDTH="16"/>
						<String ID="P4_ST00319" HPOS="1871" VPOS="1792" WIDTH="16" HEIGHT="37" CONTENT="?" WC="0.02" CC="9"/>
						<SP ID="P4_SP00295" HPOS="1887" VPOS="1840" WIDTH="21"/>
						<String ID="P4_ST00320" HPOS="1908" VPOS="1788" WIDTH="195" HEIGHT="42" CONTENT="dit-elle." WC="0.99" CC="024400044"/>
						<SP ID="P4_SP00296" HPOS="2103" VPOS="1840" WIDTH="19"/>
						<String ID="P4_ST00321" HPOS="2122" VPOS="1788" WIDTH="33" HEIGHT="41" CONTENT="Il" WC="0.67" CC="06"/>
					</TextLine>
					<TextLine ID="P4_TL00026" HPOS="133" VPOS="1853" WIDTH="592" HEIGHT="44">
						<String ID="P4_ST00322" HPOS="133" VPOS="1868" WIDTH="55" HEIGHT="27" CONTENT="ne" WC="0.85" CC="20"/>
						<SP ID="P4_SP00297" HPOS="188" VPOS="1895" WIDTH="33"/>
						<String ID="P4_ST00323" HPOS="221" VPOS="1853" WIDTH="85" HEIGHT="42" CONTENT="m'a" WC="0.98" CC="040"/>
						<SP ID="P4_SP00298" HPOS="306" VPOS="1895" WIDTH="37"/>
						<String ID="P4_ST00324" HPOS="343" VPOS="1854" WIDTH="80" HEIGHT="42" CONTENT="fait" WC="0.99" CC="0005"/>
						<SP ID="P4_SP00299" HPOS="423" VPOS="1896" WIDTH="22"/>
						<String ID="P4_ST00325" HPOS="445" VPOS="1870" WIDTH="146" HEIGHT="27" CONTENT="aucun" WC="0.99" CC="06040"/>
						<SP ID="P4_SP00300" HPOS="591" VPOS="1897" WIDTH="28"/>
						<String ID="P4_ST00326" HPOS="619" VPOS="1857" WIDTH="106" HEIGHT="40" CONTENT="mal." WC="0.98" CC="0044"/>
					</TextLine>
					<TextLine ID="P4_TL00027" HPOS="194" VPOS="1923" WIDTH="1961" HEIGHT="59">
						<String ID="P4_ST00327" HPOS="194" VPOS="1937" WIDTH="20" HEIGHT="25" CONTENT="«" WC="0.52" CC="4"/>
						<SP ID="P4_SP00301" HPOS="214" VPOS="1962" WIDTH="15"/>
						<String ID="P4_ST00328" HPOS="229" VPOS="1923" WIDTH="81" HEIGHT="42" CONTENT="Tel" WC="0.96" CC="055"/>
						<SP ID="P4_SP00302" HPOS="310" VPOS="1965" WIDTH="22"/>
						<String ID="P4_ST00329" HPOS="332" VPOS="1933" WIDTH="66" HEIGHT="32" CONTENT="est" WC="0.98" CC="004"/>
						<SP ID="P4_SP00303" HPOS="398" VPOS="1965" WIDTH="20"/>
						<String ID="P4_ST00330" HPOS="418" VPOS="1925" WIDTH="243" HEIGHT="53" CONTENT="lepremier" WC="0.91" CC="120000300"/>
						<SP ID="P4_SP00304" HPOS="661" VPOS="1978" WIDTH="17"/>
						<String ID="P4_ST00331" HPOS="678" VPOS="1933" WIDTH="106" HEIGHT="33" CONTENT="acte." WC="0.99" CC="03003"/>
						<SP ID="P4_SP00305" HPOS="784" VPOS="1978" WIDTH="21"/>
						<String ID="P4_ST00332" HPOS="805" VPOS="1924" WIDTH="391" HEIGHT="44" CONTENT="Nousentendons" WC="0.84" CC="5060007000100"/>
						<SP ID="P4_SP00306" HPOS="1196" VPOS="1978" WIDTH="15"/>
						<String ID="P4_ST00333" HPOS="1211" VPOS="1928" WIDTH="218" HEIGHT="40" CONTENT="aisément" WC="1.00" CC="00050003"/>
						<SP ID="P4_SP00307" HPOS="1429" VPOS="1978" WIDTH="15"/>
						<String ID="P4_ST00334" HPOS="1444" VPOS="1940" WIDTH="87" HEIGHT="40" CONTENT="que" WC="0.97" CC="060"/>
						<SP ID="P4_SP00308" HPOS="1531" VPOS="1980" WIDTH="23"/>
						<String ID="P4_ST00335" HPOS="1554" VPOS="1927" WIDTH="63" HEIGHT="41" CONTENT="les" WC="0.98" CC="105"/>
						<SP ID="P4_SP00309" HPOS="1617" VPOS="1980" WIDTH="15"/>
						<String ID="P4_ST00336" HPOS="1632" VPOS="1926" WIDTH="188" HEIGHT="42" CONTENT="femmes" WC="1.00" CC="000000"/>
						<SP ID="P4_SP00310" HPOS="1820" VPOS="1980" WIDTH="19"/>
						<String ID="P4_ST00337" HPOS="1839" VPOS="1937" WIDTH="101" HEIGHT="31" CONTENT="sont" WC="0.97" CC="0743"/>
						<SP ID="P4_SP00311" HPOS="1940" VPOS="1980" WIDTH="18"/>
						<String ID="P4_ST00338" HPOS="1958" VPOS="1928" WIDTH="197" HEIGHT="54" CONTENT="captives" WC="0.99" CC="00034007"/>
					</TextLine>
					<TextLine ID="P4_TL00028" HPOS="136" VPOS="1994" WIDTH="2020" HEIGHT="56">
						<String ID="P4_ST00339" HPOS="136" VPOS="1994" WIDTH="113" HEIGHT="40" CONTENT="dans" WC="1.00" CC="0000"/>
						<SP ID="P4_SP00312" HPOS="249" VPOS="2034" WIDTH="23"/>
						<String ID="P4_ST00340" HPOS="272" VPOS="2009" WIDTH="61" HEIGHT="25" CONTENT="un" WC="0.77" CC="40"/>
						<SP ID="P4_SP00313" HPOS="333" VPOS="2034" WIDTH="23"/>
						<String ID="P4_ST00341" HPOS="356" VPOS="1994" WIDTH="157" HEIGHT="41" CONTENT="cachot" WC="0.99" CC="401603"/>
						<SP ID="P4_SP00314" HPOS="513" VPOS="2035" WIDTH="23"/>
						<String ID="P4_ST00342" HPOS="536" VPOS="1995" WIDTH="108" HEIGHT="41" CONTENT="dont" WC="0.99" CC="0101"/>
						<SP ID="P4_SP00315" HPOS="644" VPOS="2036" WIDTH="23"/>
						<String ID="P4_ST00343" HPOS="667" VPOS="1995" WIDTH="39" HEIGHT="40" CONTENT="la" WC="1.00" CC="00"/>
						<SP ID="P4_SP00316" HPOS="706" VPOS="2036" WIDTH="22"/>
						<String ID="P4_ST00344" HPOS="728" VPOS="2005" WIDTH="126" HEIGHT="43" CONTENT="porte" WC="0.99" CC="00070"/>
						<SP ID="P4_SP00317" HPOS="854" VPOS="2048" WIDTH="25"/>
						<String ID="P4_ST00345" HPOS="879" VPOS="1996" WIDTH="176" HEIGHT="40" CONTENT="s'ouvre" WC="0.99" CC="0406003"/>
						<SP ID="P4_SP00318" HPOS="1055" VPOS="2048" WIDTH="23"/>
						<String ID="P4_ST00346" HPOS="1078" VPOS="2009" WIDTH="77" HEIGHT="28" CONTENT="sur" WC="1.00" CC="000"/>
						<SP ID="P4_SP00319" HPOS="1155" VPOS="2048" WIDTH="23"/>
						<String ID="P4_ST00347" HPOS="1178" VPOS="1996" WIDTH="63" HEIGHT="41" CONTENT="les" WC="0.98" CC="500"/>
						<SP ID="P4_SP00320" HPOS="1241" VPOS="2048" WIDTH="36"/>
						<String ID="P4_ST00348" HPOS="1277" VPOS="1996" WIDTH="160" HEIGHT="42" CONTENT="clartés" WC="1.00" CC="0000000"/>
						<SP ID="P4_SP00321" HPOS="1437" VPOS="2048" WIDTH="33"/>
						<String ID="P4_ST00349" HPOS="1470" VPOS="1997" WIDTH="54" HEIGHT="40" CONTENT="de" WC="1.00" CC="00"/>
						<SP ID="P4_SP00322" HPOS="1524" VPOS="2048" WIDTH="29"/>
						<String ID="P4_ST00350" HPOS="1553" VPOS="1996" WIDTH="183" HEIGHT="54" CONTENT="l'esprit," WC="1.00" CC="040000034"/>
						<SP ID="P4_SP00323" HPOS="1736" VPOS="2050" WIDTH="34"/>
						<String ID="P4_ST00351" HPOS="1770" VPOS="2006" WIDTH="41" HEIGHT="32" CONTENT="et" WC="1.00" CC="00"/>
						<SP ID="P4_SP00324" HPOS="1811" VPOS="2050" WIDTH="31"/>
						<String ID="P4_ST00352" HPOS="1842" VPOS="2011" WIDTH="85" HEIGHT="39" CONTENT="que" WC="1.00" CC="000"/>
						<SP ID="P4_SP00325" HPOS="1927" VPOS="2050" WIDTH="20"/>
						<String ID="P4_ST00353" HPOS="1947" VPOS="1998" WIDTH="108" HEIGHT="41" CONTENT="celle" WC="0.99" CC="22300"/>
						<SP ID="P4_SP00326" HPOS="2055" VPOS="2050" WIDTH="24"/>
						<String ID="P4_ST00354" HPOS="2079" VPOS="2001" WIDTH="77" HEIGHT="49" CONTENT="qui" WC="1.00" CC="000"/>
					</TextLine>
					<TextLine ID="P4_TL00029" HPOS="134" VPOS="2063" WIDTH="2023" HEIGHT="57">
						<String ID="P4_ST00355" HPOS="134" VPOS="2063" WIDTH="64" HEIGHT="40" CONTENT="les" WC="1.00" CC="100"/>
						<SP ID="P4_SP00327" HPOS="198" VPOS="2103" WIDTH="33"/>
						<String ID="P4_ST00356" HPOS="231" VPOS="2063" WIDTH="219" HEIGHT="42" CONTENT="délivrera" WC="1.00" CC="080000050"/>
						<SP ID="P4_SP00328" HPOS="450" VPOS="2105" WIDTH="22"/>
						<String ID="P4_ST00357" HPOS="472" VPOS="2077" WIDTH="96" HEIGHT="28" CONTENT="sera" WC="1.00" CC="0000"/>
						<SP ID="P4_SP00329" HPOS="568" VPOS="2105" WIDTH="26"/>
						<String ID="P4_ST00358" HPOS="594" VPOS="2064" WIDTH="109" HEIGHT="41" CONTENT="celle" WC="0.99" CC="00340"/>
						<SP ID="P4_SP00330" HPOS="703" VPOS="2105" WIDTH="24"/>
						<String ID="P4_ST00359" HPOS="727" VPOS="2066" WIDTH="75" HEIGHT="52" CONTENT="qui" WC="1.00" CC="000"/>
						<SP ID="P4_SP00331" HPOS="802" VPOS="2118" WIDTH="43"/>
						<String ID="P4_ST00360" HPOS="845" VPOS="2078" WIDTH="46" HEIGHT="27" CONTENT="se" WC="1.00" CC="00"/>
						<SP ID="P4_SP00332" HPOS="891" VPOS="2118" WIDTH="39"/>
						<String ID="P4_ST00361" HPOS="930" VPOS="2065" WIDTH="220" HEIGHT="41" CONTENT="révoltera" WC="1.00" CC="000005200"/>
						<SP ID="P4_SP00333" HPOS="1150" VPOS="2118" WIDTH="36"/>
						<String ID="P4_ST00362" HPOS="1186" VPOS="2074" WIDTH="153" HEIGHT="33" CONTENT="contre" WC="0.99" CC="005501"/>
						<SP ID="P4_SP00334" HPOS="1339" VPOS="2118" WIDTH="42"/>
						<String ID="P4_ST00363" HPOS="1381" VPOS="2065" WIDTH="64" HEIGHT="41" CONTENT="les" WC="0.99" CC="100"/>
						<SP ID="P4_SP00335" HPOS="1445" VPOS="2118" WIDTH="33"/>
						<String ID="P4_ST00364" HPOS="1478" VPOS="2066" WIDTH="84" HEIGHT="40" CONTENT="lois" WC="0.99" CC="3000"/>
						<SP ID="P4_SP00336" HPOS="1562" VPOS="2118" WIDTH="39"/>
						<String ID="P4_ST00365" HPOS="1601" VPOS="2065" WIDTH="54" HEIGHT="41" CONTENT="de" WC="0.83" CC="03"/>
						<SP ID="P4_SP00337" HPOS="1655" VPOS="2118" WIDTH="37"/>
						<String ID="P4_ST00366" HPOS="1692" VPOS="2066" WIDTH="39" HEIGHT="39" CONTENT="la" WC="0.75" CC="50"/>
						<SP ID="P4_SP00338" HPOS="1731" VPOS="2118" WIDTH="25"/>
						<String ID="P4_ST00367" HPOS="1756" VPOS="2065" WIDTH="135" HEIGHT="49" CONTENT="force," WC="1.00" CC="000104"/>
						<SP ID="P4_SP00339" HPOS="1891" VPOS="2118" WIDTH="26"/>
						<String ID="P4_ST00368" HPOS="1917" VPOS="2075" WIDTH="42" HEIGHT="33" CONTENT="et" WC="0.76" CC="04"/>
						<SP ID="P4_SP00340" HPOS="1959" VPOS="2118" WIDTH="36"/>
						<String ID="P4_ST00369" HPOS="1995" VPOS="2065" WIDTH="162" HEIGHT="55" CONTENT="qu'elle" WC="0.99" CC="0642012"/>
					</TextLine>
					<TextLine ID="P4_TL00030" HPOS="134" VPOS="2133" WIDTH="2023" HEIGHT="56">
						<String ID="P4_ST00370" HPOS="134" VPOS="2133" WIDTH="180" HEIGHT="40" CONTENT="vaincra" WC="1.00" CC="0004000"/>
						<SP ID="P4_SP00341" HPOS="314" VPOS="2173" WIDTH="21"/>
						<String ID="P4_ST00371" HPOS="335" VPOS="2147" WIDTH="81" HEIGHT="38" CONTENT="par" WC="1.00" CC="000"/>
						<SP ID="P4_SP00342" HPOS="416" VPOS="2185" WIDTH="19"/>
						<String ID="P4_ST00372" HPOS="435" VPOS="2133" WIDTH="40" HEIGHT="41" CONTENT="la" WC="0.85" CC="20"/>
						<SP ID="P4_SP00343" HPOS="475" VPOS="2185" WIDTH="22"/>
						<String ID="P4_ST00373" HPOS="497" VPOS="2135" WIDTH="239" HEIGHT="51" CONTENT="puissance" WC="1.00" CC="073000000"/>
						<SP ID="P4_SP00344" HPOS="736" VPOS="2186" WIDTH="20"/>
						<String ID="P4_ST00374" HPOS="756" VPOS="2134" WIDTH="54" HEIGHT="40" CONTENT="de" WC="1.00" CC="00"/>
						<SP ID="P4_SP00345" HPOS="810" VPOS="2186" WIDTH="23"/>
						<String ID="P4_ST00375" HPOS="833" VPOS="2133" WIDTH="40" HEIGHT="41" CONTENT="la" WC="0.99" CC="00"/>
						<SP ID="P4_SP00346" HPOS="873" VPOS="2186" WIDTH="33"/>
						<String ID="P4_ST00376" HPOS="906" VPOS="2134" WIDTH="197" HEIGHT="51" CONTENT="volonté," WC="1.00" CC="00000604"/>
						<SP ID="P4_SP00347" HPOS="1103" VPOS="2186" WIDTH="23"/>
						<String ID="P4_ST00377" HPOS="1126" VPOS="2135" WIDTH="54" HEIGHT="40" CONTENT="de" WC="0.81" CC="03"/>
						<SP ID="P4_SP00348" HPOS="1180" VPOS="2186" WIDTH="17"/>
						<String ID="P4_ST00378" HPOS="1197" VPOS="2135" WIDTH="40" HEIGHT="40" CONTENT="la" WC="0.93" CC="10"/>
						<SP ID="P4_SP00349" HPOS="1237" VPOS="2186" WIDTH="25"/>
						<String ID="P4_ST00379" HPOS="1262" VPOS="2134" WIDTH="161" HEIGHT="42" CONTENT="beauté" WC="0.99" CC="000650"/>
						<SP ID="P4_SP00350" HPOS="1423" VPOS="2186" WIDTH="42"/>
						<String ID="P4_ST00380" HPOS="1465" VPOS="2143" WIDTH="41" HEIGHT="32" CONTENT="et" WC="0.78" CC="04"/>
						<SP ID="P4_SP00351" HPOS="1506" VPOS="2186" WIDTH="21"/>
						<String ID="P4_ST00381" HPOS="1527" VPOS="2135" WIDTH="54" HEIGHT="40" CONTENT="de" WC="1.00" CC="00"/>
						<SP ID="P4_SP00352" HPOS="1581" VPOS="2186" WIDTH="35"/>
						<String ID="P4_ST00382" HPOS="1616" VPOS="2135" WIDTH="40" HEIGHT="40" CONTENT="la" WC="0.79" CC="40"/>
						<SP ID="P4_SP00353" HPOS="1656" VPOS="2186" WIDTH="24"/>
						<String ID="P4_ST00383" HPOS="1680" VPOS="2137" WIDTH="116" HEIGHT="51" CONTENT="paix." WC="0.99" CC="00204"/>
						<SP ID="P4_SP00354" HPOS="1796" VPOS="2188" WIDTH="42"/>
						<String ID="P4_ST00384" HPOS="1838" VPOS="2135" WIDTH="116" HEIGHT="41" CONTENT="Mais" WC="1.00" CC="0000"/>
						<SP ID="P4_SP00355" HPOS="1954" VPOS="2188" WIDTH="39"/>
						<String ID="P4_ST00385" HPOS="1993" VPOS="2136" WIDTH="164" HEIGHT="53" CONTENT="qu'une" WC="0.99" CC="004053"/>
					</TextLine>
					<TextLine ID="P4_TL00031" HPOS="134" VPOS="2200" WIDTH="2025" HEIGHT="56">
						<String ID="P4_ST00386" HPOS="134" VPOS="2202" WIDTH="128" HEIGHT="50" CONTENT="glose" WC="1.00" CC="03000"/>
						<SP ID="P4_SP00356" HPOS="262" VPOS="2252" WIDTH="25"/>
						<String ID="P4_ST00387" HPOS="287" VPOS="2217" WIDTH="21" HEIGHT="26" CONTENT="a" WC="1.00" CC="0"/>
						<SP ID="P4_SP00357" HPOS="308" VPOS="2252" WIDTH="25"/>
						<String ID="P4_ST00388" HPOS="333" VPOS="2216" WIDTH="86" HEIGHT="39" CONTENT="peu" WC="0.98" CC="006"/>
						<SP ID="P4_SP00358" HPOS="419" VPOS="2255" WIDTH="23"/>
						<String ID="P4_ST00389" HPOS="442" VPOS="2203" WIDTH="54" HEIGHT="40" CONTENT="de" WC="0.91" CC="01"/>
						<SP ID="P4_SP00359" HPOS="496" VPOS="2255" WIDTH="29"/>
						<String ID="P4_ST00390" HPOS="525" VPOS="2205" WIDTH="133" HEIGHT="49" CONTENT="grâce" WC="1.00" CC="00010"/>
						<SP ID="P4_SP00360" HPOS="658" VPOS="2255" WIDTH="24"/>
						<String ID="P4_ST00391" HPOS="682" VPOS="2208" WIDTH="161" HEIGHT="48" CONTENT="auprès" WC="0.99" CC="000080"/>
						<SP ID="P4_SP00361" HPOS="843" VPOS="2256" WIDTH="28"/>
						<String ID="P4_ST00392" HPOS="871" VPOS="2200" WIDTH="109" HEIGHT="45" CONTENT="d'un" WC="0.97" CC="0473"/>
						<SP ID="P4_SP00362" HPOS="980" VPOS="2256" WIDTH="24"/>
						<String ID="P4_ST00393" HPOS="1004" VPOS="2204" WIDTH="151" HEIGHT="52" CONTENT="mythe" WC="0.99" CC="00360"/>
						<SP ID="P4_SP00363" HPOS="1155" VPOS="2256" WIDTH="27"/>
						<String ID="P4_ST00394" HPOS="1182" VPOS="2203" WIDTH="7" HEIGHT="40" CONTENT="!" WC="0.60" CC="3"/>
						<SP ID="P4_SP00364" HPOS="1189" VPOS="2256" WIDTH="27"/>
						<String ID="P4_ST00395" HPOS="1216" VPOS="2201" WIDTH="72" HEIGHT="44" CONTENT="Au" WC="0.75" CC="05"/>
						<SP ID="P4_SP00365" HPOS="1288" VPOS="2256" WIDTH="18"/>
						<String ID="P4_ST00396" HPOS="1306" VPOS="2204" WIDTH="162" HEIGHT="41" CONTENT="second" WC="1.00" CC="020000"/>
						<SP ID="P4_SP00366" HPOS="1468" VPOS="2256" WIDTH="26"/>
						<String ID="P4_ST00397" HPOS="1494" VPOS="2212" WIDTH="110" HEIGHT="43" CONTENT="acte," WC="0.99" CC="00403"/>
						<SP ID="P4_SP00367" HPOS="1604" VPOS="2256" WIDTH="27"/>
						<String ID="P4_ST00398" HPOS="1631" VPOS="2203" WIDTH="167" HEIGHT="42" CONTENT="Ariane" WC="1.00" CC="000004"/>
						<SP ID="P4_SP00368" HPOS="1798" VPOS="2256" WIDTH="19"/>
						<String ID="P4_ST00399" HPOS="1817" VPOS="2213" WIDTH="66" HEIGHT="32" CONTENT="est" WC="0.98" CC="005"/>
						<SP ID="P4_SP00369" HPOS="1883" VPOS="2256" WIDTH="23"/>
						<String ID="P4_ST00400" HPOS="1906" VPOS="2205" WIDTH="253" HEIGHT="42" CONTENT="descendue" WC="1.00" CC="001000060"/>
					</TextLine>
					<TextLine ID="P4_TL00032" HPOS="135" VPOS="2271" WIDTH="2023" HEIGHT="55">
						<String ID="P4_ST00401" HPOS="135" VPOS="2271" WIDTH="113" HEIGHT="41" CONTENT="dans" WC="0.99" CC="0060"/>
						<SP ID="P4_SP00370" HPOS="248" VPOS="2312" WIDTH="29"/>
						<String ID="P4_ST00402" HPOS="277" VPOS="2271" WIDTH="39" HEIGHT="41" CONTENT="le" WC="0.94" CC="10"/>
						<SP ID="P4_SP00371" HPOS="316" VPOS="2312" WIDTH="18"/>
						<String ID="P4_ST00403" HPOS="334" VPOS="2272" WIDTH="155" HEIGHT="41" CONTENT="cachot" WC="1.00" CC="000001"/>
						<SP ID="P4_SP00372" HPOS="489" VPOS="2313" WIDTH="24"/>
						<String ID="P4_ST00404" HPOS="513" VPOS="2279" WIDTH="57" HEIGHT="34" CONTENT="où" WC="0.61" CC="07"/>
						<SP ID="P4_SP00373" HPOS="570" VPOS="2313" WIDTH="20"/>
						<String ID="P4_ST00405" HPOS="590" VPOS="2272" WIDTH="62" HEIGHT="41" CONTENT="les" WC="1.00" CC="100"/>
						<SP ID="P4_SP00374" HPOS="652" VPOS="2313" WIDTH="25"/>
						<String ID="P4_ST00406" HPOS="677" VPOS="2274" WIDTH="102" HEIGHT="51" CONTENT="cinq" WC="0.99" CC="0500"/>
						<SP ID="P4_SP00375" HPOS="779" VPOS="2325" WIDTH="23"/>
						<String ID="P4_ST00407" HPOS="802" VPOS="2274" WIDTH="245" HEIGHT="51" CONTENT="premières" WC="1.00" CC="005000000"/>
						<SP ID="P4_SP00376" HPOS="1047" VPOS="2325" WIDTH="19"/>
						<String ID="P4_ST00408" HPOS="1066" VPOS="2272" WIDTH="189" HEIGHT="42" CONTENT="femmes" WC="1.00" CC="000000"/>
						<SP ID="P4_SP00377" HPOS="1255" VPOS="2325" WIDTH="21"/>
						<String ID="P4_ST00409" HPOS="1276" VPOS="2282" WIDTH="101" HEIGHT="32" CONTENT="sont" WC="0.99" CC="0006"/>
						<SP ID="P4_SP00378" HPOS="1377" VPOS="2325" WIDTH="21"/>
						<String ID="P4_ST00410" HPOS="1398" VPOS="2275" WIDTH="213" HEIGHT="51" CONTENT="captives." WC="1.00" CC="020300003"/>
						<SP ID="P4_SP00379" HPOS="1611" VPOS="2326" WIDTH="26"/>
						<String ID="P4_ST00411" HPOS="1637" VPOS="2272" WIDTH="98" HEIGHT="42" CONTENT="Elle" WC="0.97" CC="0732"/>
						<SP ID="P4_SP00380" HPOS="1735" VPOS="2326" WIDTH="40"/>
						<String ID="P4_ST00412" HPOS="1775" VPOS="2274" WIDTH="62" HEIGHT="40" CONTENT="les" WC="0.98" CC="401"/>
						<SP ID="P4_SP00381" HPOS="1837" VPOS="2326" WIDTH="24"/>
						<String ID="P4_ST00413" HPOS="1861" VPOS="2274" WIDTH="233" HEIGHT="42" CONTENT="embrasse" WC="1.00" CC="00000002"/>
						<SP ID="P4_SP00382" HPOS="2094" VPOS="2326" WIDTH="23"/>
						<String ID="P4_ST00414" HPOS="2117" VPOS="2285" WIDTH="41" HEIGHT="32" CONTENT="et" WC="0.74" CC="05"/>
					</TextLine>
					<TextLine ID="P4_TL00033" HPOS="135" VPOS="2339" WIDTH="2024" HEIGHT="59">
						<String ID="P4_ST00415" HPOS="135" VPOS="2340" WIDTH="107" HEIGHT="41" CONTENT="elles" WC="0.99" CC="02400"/>
						<SP ID="P4_SP00383" HPOS="242" VPOS="2381" WIDTH="18"/>
						<String ID="P4_ST00416" HPOS="260" VPOS="2349" WIDTH="76" HEIGHT="33" CONTENT="ont" WC="0.98" CC="005"/>
						<SP ID="P4_SP00384" HPOS="336" VPOS="2382" WIDTH="22"/>
						<String ID="P4_ST00417" HPOS="358" VPOS="2355" WIDTH="111" HEIGHT="39" CONTENT="peur" WC="0.99" CC="0060"/>
						<SP ID="P4_SP00385" HPOS="469" VPOS="2394" WIDTH="21"/>
						<String ID="P4_ST00418" HPOS="490" VPOS="2339" WIDTH="143" HEIGHT="43" CONTENT="d'elle." WC="1.00" CC="0000003"/>
						<SP ID="P4_SP00386" HPOS="633" VPOS="2394" WIDTH="21"/>
						<String ID="P4_ST00419" HPOS="654" VPOS="2340" WIDTH="120" HEIGHT="43" CONTENT="Leur" WC="1.00" CC="1000"/>
						<SP ID="P4_SP00387" HPOS="774" VPOS="2394" WIDTH="19"/>
						<String ID="P4_ST00420" HPOS="793" VPOS="2343" WIDTH="170" HEIGHT="52" CONTENT="prison," WC="0.99" CC="0407034"/>
						<SP ID="P4_SP00388" HPOS="963" VPOS="2395" WIDTH="23"/>
						<String ID="P4_ST00421" HPOS="986" VPOS="2342" WIDTH="218" HEIGHT="53" CONTENT="profonde" WC="1.00" CC="00000000"/>
						<SP ID="P4_SP00389" HPOS="1204" VPOS="2395" WIDTH="24"/>
						<String ID="P4_ST00422" HPOS="1228" VPOS="2351" WIDTH="40" HEIGHT="33" CONTENT="et" WC="0.72" CC="05"/>
						<SP ID="P4_SP00390" HPOS="1268" VPOS="2395" WIDTH="23"/>
						<String ID="P4_ST00423" HPOS="1291" VPOS="2345" WIDTH="141" HEIGHT="47" CONTENT="noire," WC="0.99" CC="000054"/>
						<SP ID="P4_SP00391" HPOS="1432" VPOS="2395" WIDTH="23"/>
						<String ID="P4_ST00424" HPOS="1455" VPOS="2352" WIDTH="65" HEIGHT="32" CONTENT="est" WC="0.99" CC="003"/>
						<SP ID="P4_SP00392" HPOS="1520" VPOS="2395" WIDTH="18"/>
						<String ID="P4_ST00425" HPOS="1538" VPOS="2347" WIDTH="21" HEIGHT="36" CONTENT="à" WC="0.35" CC="6"/>
						<SP ID="P4_SP00393" HPOS="1559" VPOS="2395" WIDTH="26"/>
						<String ID="P4_ST00426" HPOS="1585" VPOS="2345" WIDTH="130" HEIGHT="51" CONTENT="peine" WC="1.00" CC="00000"/>
						<SP ID="P4_SP00394" HPOS="1715" VPOS="2396" WIDTH="23"/>
						<String ID="P4_ST00427" HPOS="1738" VPOS="2344" WIDTH="134" HEIGHT="41" CONTENT="close." WC="0.98" CC="031146"/>
						<SP ID="P4_SP00395" HPOS="1872" VPOS="2396" WIDTH="43"/>
						<String ID="P4_ST00428" HPOS="1915" VPOS="2344" WIDTH="98" HEIGHT="42" CONTENT="Une" WC="1.00" CC="000"/>
						<SP ID="P4_SP00396" HPOS="2013" VPOS="2396" WIDTH="20"/>
						<String ID="P4_ST00429" HPOS="2033" VPOS="2353" WIDTH="126" HEIGHT="45" CONTENT="porte" WC="0.99" CC="00060"/>
					</TextLine>
					<TextLine ID="P4_TL00034" HPOS="136" VPOS="2408" WIDTH="2023" HEIGHT="59">
						<String ID="P4_ST00430" HPOS="136" VPOS="2408" WIDTH="186" HEIGHT="54" CONTENT="qu'elles" WC="1.00" CC="05000500"/>
						<SP ID="P4_SP00397" HPOS="322" VPOS="2462" WIDTH="16"/>
						<String ID="P4_ST00431" HPOS="338" VPOS="2419" WIDTH="194" HEIGHT="43" CONTENT="peuvent" WC="0.99" CC="0030305"/>
						<SP ID="P4_SP00398" HPOS="532" VPOS="2462" WIDTH="20"/>
						<String ID="P4_ST00432" HPOS="552" VPOS="2412" WIDTH="152" HEIGHT="40" CONTENT="ouvrir" WC="0.99" CC="050020"/>
						<SP ID="P4_SP00399" HPOS="704" VPOS="2462" WIDTH="22"/>
						<String ID="P4_ST00433" HPOS="726" VPOS="2412" WIDTH="135" HEIGHT="40" CONTENT="laisse" WC="1.00" CC="300000"/>
						<SP ID="P4_SP00400" HPOS="861" VPOS="2462" WIDTH="23"/>
						<String ID="P4_ST00434" HPOS="884" VPOS="2413" WIDTH="258" HEIGHT="51" CONTENT="apercevoir" WC="1.00" CC="0060000100"/>
						<SP ID="P4_SP00401" HPOS="1142" VPOS="2464" WIDTH="20"/>
						<String ID="P4_ST00435" HPOS="1162" VPOS="2426" WIDTH="87" HEIGHT="27" CONTENT="une" WC="0.98" CC="040"/>
						<SP ID="P4_SP00402" HPOS="1249" VPOS="2464" WIDTH="19"/>
						<String ID="P4_ST00436" HPOS="1268" VPOS="2413" WIDTH="172" HEIGHT="50" CONTENT="grande" WC="1.00" CC="000000"/>
						<SP ID="P4_SP00403" HPOS="1440" VPOS="2464" WIDTH="25"/>
						<String ID="P4_ST00437" HPOS="1465" VPOS="2413" WIDTH="151" HEIGHT="40" CONTENT="clarté." WC="0.98" CC="3460064"/>
						<SP ID="P4_SP00404" HPOS="1616" VPOS="2464" WIDTH="32"/>
						<String ID="P4_ST00438" HPOS="1648" VPOS="2412" WIDTH="118" HEIGHT="41" CONTENT="Mais" WC="0.99" CC="0500"/>
						<SP ID="P4_SP00405" HPOS="1766" VPOS="2464" WIDTH="26"/>
						<String ID="P4_ST00439" HPOS="1792" VPOS="2413" WIDTH="107" HEIGHT="40" CONTENT="elles" WC="1.00" CC="00000"/>
						<SP ID="P4_SP00406" HPOS="1899" VPOS="2464" WIDTH="39"/>
						<String ID="P4_ST00440" HPOS="1938" VPOS="2422" WIDTH="78" HEIGHT="33" CONTENT="ont" WC="0.98" CC="006"/>
						<SP ID="P4_SP00407" HPOS="2016" VPOS="2464" WIDTH="33"/>
						<String ID="P4_ST00441" HPOS="2049" VPOS="2428" WIDTH="110" HEIGHT="39" CONTENT="peur" WC="0.97" CC="0660"/>
					</TextLine>
					<TextLine ID="P4_TL00035" HPOS="136" VPOS="2478" WIDTH="2023" HEIGHT="55">
						<String ID="P4_ST00442" HPOS="136" VPOS="2479" WIDTH="54" HEIGHT="40" CONTENT="de" WC="0.76" CC="04"/>
						<SP ID="P4_SP00408" HPOS="190" VPOS="2519" WIDTH="29"/>
						<String ID="P4_ST00443" HPOS="219" VPOS="2488" WIDTH="110" HEIGHT="32" CONTENT="cette" WC="0.98" CC="04241"/>
						<SP ID="P4_SP00409" HPOS="329" VPOS="2520" WIDTH="20"/>
						<String ID="P4_ST00444" HPOS="349" VPOS="2479" WIDTH="135" HEIGHT="41" CONTENT="clarté" WC="1.00" CC="000050"/>
						<SP ID="P4_SP00410" HPOS="484" VPOS="2520" WIDTH="22"/>
						<String ID="P4_ST00445" HPOS="506" VPOS="2495" WIDTH="9" HEIGHT="33" CONTENT=";" WC="1.00" CC="9"/>
						<SP ID="P4_SP00411" HPOS="515" VPOS="2528" WIDTH="26"/>
						<String ID="P4_ST00446" HPOS="541" VPOS="2479" WIDTH="108" HEIGHT="41" CONTENT="elles" WC="0.99" CC="01300"/>
						<SP ID="P4_SP00412" HPOS="649" VPOS="2528" WIDTH="22"/>
						<String ID="P4_ST00447" HPOS="671" VPOS="2482" WIDTH="170" HEIGHT="39" CONTENT="croient" WC="0.99" CC="2000064"/>
						<SP ID="P4_SP00413" HPOS="841" VPOS="2528" WIDTH="23"/>
						<String ID="P4_ST00448" HPOS="864" VPOS="2478" WIDTH="162" HEIGHT="55" CONTENT="qu'elle" WC="0.99" CC="0530230"/>
						<SP ID="P4_SP00414" HPOS="1026" VPOS="2533" WIDTH="21"/>
						<String ID="P4_ST00449" HPOS="1047" VPOS="2483" WIDTH="123" HEIGHT="38" CONTENT="vient" WC="0.98" CC="00055"/>
						<SP ID="P4_SP00415" HPOS="1170" VPOS="2533" WIDTH="23"/>
						<String ID="P4_ST00450" HPOS="1193" VPOS="2481" WIDTH="52" HEIGHT="40" CONTENT="de" WC="0.84" CC="03"/>
						<SP ID="P4_SP00416" HPOS="1245" VPOS="2533" WIDTH="21"/>
						<String ID="P4_ST00451" HPOS="1266" VPOS="2482" WIDTH="40" HEIGHT="40" CONTENT="la" WC="0.52" CC="35"/>
						<SP ID="P4_SP00417" HPOS="1306" VPOS="2533" WIDTH="25"/>
						<String ID="P4_ST00452" HPOS="1331" VPOS="2495" WIDTH="109" HEIGHT="37" CONTENT="mer," WC="0.99" CC="0003"/>
						<SP ID="P4_SP00418" HPOS="1440" VPOS="2533" WIDTH="25"/>
						<String ID="P4_ST00453" HPOS="1465" VPOS="2483" WIDTH="75" HEIGHT="50" CONTENT="qui" WC="0.98" CC="032"/>
						<SP ID="P4_SP00419" HPOS="1540" VPOS="2533" WIDTH="21"/>
						<String ID="P4_ST00454" HPOS="1561" VPOS="2481" WIDTH="64" HEIGHT="40" CONTENT="les" WC="0.99" CC="200"/>
						<SP ID="P4_SP00420" HPOS="1625" VPOS="2533" WIDTH="24"/>
						<String ID="P4_ST00455" HPOS="1649" VPOS="2481" WIDTH="308" HEIGHT="52" CONTENT="submergera." WC="1.00" CC="00000000034"/>
						<SP ID="P4_SP00421" HPOS="1957" VPOS="2533" WIDTH="34"/>
						<String ID="P4_ST00456" HPOS="1991" VPOS="2481" WIDTH="168" HEIGHT="44" CONTENT="Ariane" WC="0.99" CC="000960"/>
					</TextLine>
					<TextLine ID="P4_TL00036" HPOS="136" VPOS="2547" WIDTH="2022" HEIGHT="56">
						<String ID="P4_ST00457" HPOS="136" VPOS="2550" WIDTH="83" HEIGHT="39" CONTENT="tire" WC="0.97" CC="7400"/>
						<SP ID="P4_SP00422" HPOS="219" VPOS="2589" WIDTH="23"/>
						<String ID="P4_ST00458" HPOS="242" VPOS="2549" WIDTH="62" HEIGHT="40" CONTENT="les" WC="1.00" CC="000"/>
						<SP ID="P4_SP00423" HPOS="304" VPOS="2589" WIDTH="22"/>
						<String ID="P4_ST00459" HPOS="326" VPOS="2561" WIDTH="201" HEIGHT="40" CONTENT="verrous," WC="0.99" CC="02000614"/>
						<SP ID="P4_SP00424" HPOS="527" VPOS="2601" WIDTH="17"/>
						<String ID="P4_ST00460" HPOS="544" VPOS="2547" WIDTH="120" HEIGHT="42" CONTENT="brise" WC="1.00" CC="00000"/>
						<SP ID="P4_SP00425" HPOS="664" VPOS="2601" WIDTH="16"/>
						<String ID="P4_ST00461" HPOS="680" VPOS="2549" WIDTH="64" HEIGHT="40" CONTENT="les" WC="1.00" CC="000"/>
						<SP ID="P4_SP00426" HPOS="744" VPOS="2601" WIDTH="21"/>
						<String ID="P4_ST00462" HPOS="765" VPOS="2551" WIDTH="153" HEIGHT="50" CONTENT="vitres," WC="0.99" CC="0340004"/>
						<SP ID="P4_SP00427" HPOS="918" VPOS="2601" WIDTH="26"/>
						<String ID="P4_ST00463" HPOS="944" VPOS="2558" WIDTH="41" HEIGHT="33" CONTENT="et" WC="0.54" CC="44"/>
						<SP ID="P4_SP00428" HPOS="985" VPOS="2601" WIDTH="20"/>
						<String ID="P4_ST00464" HPOS="1005" VPOS="2550" WIDTH="40" HEIGHT="41" CONTENT="le" WC="0.75" CC="50"/>
						<SP ID="P4_SP00429" HPOS="1045" VPOS="2601" WIDTH="23"/>
						<String ID="P4_ST00465" HPOS="1068" VPOS="2551" WIDTH="80" HEIGHT="40" CONTENT="ciel" WC="0.98" CC="3005"/>
						<SP ID="P4_SP00430" HPOS="1148" VPOS="2601" WIDTH="17"/>
						<String ID="P4_ST00466" HPOS="1165" VPOS="2565" WIDTH="85" HEIGHT="38" CONTENT="pur" WC="1.00" CC="000"/>
						<SP ID="P4_SP00431" HPOS="1250" VPOS="2603" WIDTH="23"/>
						<String ID="P4_ST00467" HPOS="1273" VPOS="2554" WIDTH="219" HEIGHT="49" CONTENT="apparaît." WC="1.00" CC="000000350"/>
						<SP ID="P4_SP00432" HPOS="1492" VPOS="2603" WIDTH="26"/>
						<String ID="P4_ST00468" HPOS="1518" VPOS="2549" WIDTH="87" HEIGHT="42" CONTENT="Les" WC="1.00" CC="000"/>
						<SP ID="P4_SP00433" HPOS="1605" VPOS="2603" WIDTH="15"/>
						<String ID="P4_ST00469" HPOS="1620" VPOS="2553" WIDTH="195" HEIGHT="50" CONTENT="captives" WC="1.00" CC="00051000"/>
						<SP ID="P4_SP00434" HPOS="1815" VPOS="2603" WIDTH="21"/>
						<String ID="P4_ST00470" HPOS="1836" VPOS="2551" WIDTH="241" HEIGHT="43" CONTENT="s'enivrent" WC="1.00" CC="0432000070"/>
						<SP ID="P4_SP00435" HPOS="2077" VPOS="2603" WIDTH="23"/>
						<String ID="P4_ST00471" HPOS="2100" VPOS="2554" WIDTH="58" HEIGHT="40" CONTENT="du" WC="0.85" CC="02"/>
					</TextLine>
					<TextLine ID="P4_TL00037" HPOS="136" VPOS="2617" WIDTH="1437" HEIGHT="53">
						<String ID="P4_ST00472" HPOS="136" VPOS="2620" WIDTH="194" HEIGHT="50" CONTENT="premier" WC="1.00" CC="0000000"/>
						<SP ID="P4_SP00436" HPOS="330" VPOS="2670" WIDTH="21"/>
						<String ID="P4_ST00473" HPOS="351" VPOS="2619" WIDTH="174" HEIGHT="40" CONTENT="sourire" WC="1.00" CC="0500000"/>
						<SP ID="P4_SP00437" HPOS="525" VPOS="2670" WIDTH="22"/>
						<String ID="P4_ST00474" HPOS="547" VPOS="2618" WIDTH="54" HEIGHT="41" CONTENT="de" WC="0.78" CC="04"/>
						<SP ID="P4_SP00438" HPOS="601" VPOS="2670" WIDTH="23"/>
						<String ID="P4_ST00475" HPOS="624" VPOS="2618" WIDTH="96" HEIGHT="41" CONTENT="leur" WC="0.99" CC="3000"/>
						<SP ID="P4_SP00439" HPOS="720" VPOS="2670" WIDTH="19"/>
						<String ID="P4_ST00476" HPOS="739" VPOS="2617" WIDTH="172" HEIGHT="42" CONTENT="liberté." WC="0.99" CC="02060203"/>
						<SP ID="P4_SP00440" HPOS="911" VPOS="2670" WIDTH="27"/>
						<String ID="P4_ST00477" HPOS="938" VPOS="2617" WIDTH="128" HEIGHT="42" CONTENT="Ainsi" WC="1.00" CC="00400"/>
						<SP ID="P4_SP00441" HPOS="1066" VPOS="2670" WIDTH="24"/>
						<String ID="P4_ST00478" HPOS="1090" VPOS="2617" WIDTH="98" HEIGHT="43" CONTENT="finit" WC="0.97" CC="86003"/>
						<SP ID="P4_SP00442" HPOS="1188" VPOS="2670" WIDTH="23"/>
						<String ID="P4_ST00479" HPOS="1211" VPOS="2619" WIDTH="40" HEIGHT="41" CONTENT="le" WC="1.00" CC="00"/>
						<SP ID="P4_SP00443" HPOS="1251" VPOS="2670" WIDTH="29"/>
						<String ID="P4_ST00480" HPOS="1280" VPOS="2620" WIDTH="165" HEIGHT="40" CONTENT="second" WC="1.00" CC="000000"/>
						<SP ID="P4_SP00444" HPOS="1445" VPOS="2670" WIDTH="18"/>
						<String ID="P4_ST00481" HPOS="1463" VPOS="2628" WIDTH="110" HEIGHT="32" CONTENT="acte." WC="0.99" CC="00504"/>
					</TextLine>
					<TextLine ID="P4_TL00038" HPOS="195" VPOS="2686" WIDTH="1962" HEIGHT="58">
						<String ID="P4_ST00482" HPOS="195" VPOS="2700" WIDTH="20" HEIGHT="26" CONTENT="«" WC="1.00" CC="0"/>
						<SP ID="P4_SP00445" HPOS="215" VPOS="2726" WIDTH="25"/>
						<String ID="P4_ST00483" HPOS="240" VPOS="2686" WIDTH="69" HEIGHT="42" CONTENT="Au" WC="0.81" CC="03"/>
						<SP ID="P4_SP00446" HPOS="309" VPOS="2728" WIDTH="23"/>
						<String ID="P4_ST00484" HPOS="332" VPOS="2689" WIDTH="244" HEIGHT="48" CONTENT="troisième," WC="0.99" CC="5000037044"/>
						<SP ID="P4_SP00447" HPOS="576" VPOS="2737" WIDTH="22"/>
						<String ID="P4_ST00485" HPOS="598" VPOS="2688" WIDTH="108" HEIGHT="40" CONTENT="elles" WC="0.99" CC="31001"/>
						<SP ID="P4_SP00448" HPOS="706" VPOS="2737" WIDTH="20"/>
						<String ID="P4_ST00486" HPOS="726" VPOS="2697" WIDTH="147" HEIGHT="32" CONTENT="errent" WC="0.99" CC="000323"/>
						<SP ID="P4_SP00449" HPOS="873" VPOS="2737" WIDTH="23"/>
						<String ID="P4_ST00487" HPOS="896" VPOS="2688" WIDTH="113" HEIGHT="41" CONTENT="dans" WC="1.00" CC="0000"/>
						<SP ID="P4_SP00450" HPOS="1009" VPOS="2737" WIDTH="17"/>
						<String ID="P4_ST00488" HPOS="1026" VPOS="2688" WIDTH="40" HEIGHT="41" CONTENT="le" WC="1.00" CC="00"/>
						<SP ID="P4_SP00451" HPOS="1066" VPOS="2737" WIDTH="23"/>
						<String ID="P4_ST00489" HPOS="1089" VPOS="2689" WIDTH="203" HEIGHT="41" CONTENT="château." WC="0.99" CC="07020063"/>
						<SP ID="P4_SP00452" HPOS="1292" VPOS="2737" WIDTH="24"/>
						<String ID="P4_ST00490" HPOS="1316" VPOS="2688" WIDTH="63" HEIGHT="42" CONTENT="Le" WC="0.77" CC="04"/>
						<SP ID="P4_SP00453" HPOS="1379" VPOS="2737" WIDTH="40"/>
						<String ID="P4_ST00491" HPOS="1419" VPOS="2689" WIDTH="190" HEIGHT="41" CONTENT="château" WC="0.99" CC="5002007"/>
						<SP ID="P4_SP00454" HPOS="1609" VPOS="2737" WIDTH="31"/>
						<String ID="P4_ST00492" HPOS="1640" VPOS="2697" WIDTH="66" HEIGHT="33" CONTENT="est" WC="0.96" CC="306"/>
						<SP ID="P4_SP00455" HPOS="1706" VPOS="2737" WIDTH="20"/>
						<String ID="P4_ST00493" HPOS="1726" VPOS="2690" WIDTH="222" HEIGHT="42" CONTENT="enchanté" WC="0.99" CC="05000506"/>
						<SP ID="P4_SP00456" HPOS="1948" VPOS="2737" WIDTH="21"/>
						<String ID="P4_ST00494" HPOS="1969" VPOS="2702" WIDTH="9" HEIGHT="40" CONTENT=";" WC="1.00" CC="0"/>
						<SP ID="P4_SP00457" HPOS="1978" VPOS="2742" WIDTH="27"/>
						<String ID="P4_ST00495" HPOS="2005" VPOS="2691" WIDTH="152" HEIGHT="53" CONTENT="quand" WC="0.99" CC="03300"/>
					</TextLine>
					<TextLine ID="P4_TL00039" HPOS="136" VPOS="2756" WIDTH="2023" HEIGHT="54">
						<String ID="P4_ST00496" HPOS="136" VPOS="2757" WIDTH="108" HEIGHT="41" CONTENT="elles" WC="0.99" CC="31300"/>
						<SP ID="P4_SP00458" HPOS="244" VPOS="2798" WIDTH="20"/>
						<String ID="P4_ST00497" HPOS="264" VPOS="2765" WIDTH="77" HEIGHT="33" CONTENT="ont" WC="0.95" CC="065"/>
						<SP ID="P4_SP00459" HPOS="341" VPOS="2798" WIDTH="17"/>
						<String ID="P4_ST00498" HPOS="358" VPOS="2758" WIDTH="139" HEIGHT="40" CONTENT="voulu" WC="0.99" CC="00603"/>
						<SP ID="P4_SP00460" HPOS="497" VPOS="2798" WIDTH="20"/>
						<String ID="P4_ST00499" HPOS="517" VPOS="2756" WIDTH="196" HEIGHT="42" CONTENT="franchir" WC="0.99" CC="09040030"/>
						<SP ID="P4_SP00461" HPOS="713" VPOS="2798" WIDTH="22"/>
						<String ID="P4_ST00500" HPOS="735" VPOS="2758" WIDTH="62" HEIGHT="40" CONTENT="les" WC="0.96" CC="605"/>
						<SP ID="P4_SP00462" HPOS="797" VPOS="2798" WIDTH="23"/>
						<String ID="P4_ST00501" HPOS="820" VPOS="2756" WIDTH="161" HEIGHT="51" CONTENT="fossés," WC="0.99" CC="0530604"/>
						<SP ID="P4_SP00463" HPOS="981" VPOS="2807" WIDTH="39"/>
						<String ID="P4_ST00502" HPOS="1020" VPOS="2758" WIDTH="64" HEIGHT="40" CONTENT="les" WC="1.00" CC="000"/>
						<SP ID="P4_SP00464" HPOS="1084" VPOS="2807" WIDTH="23"/>
						<String ID="P4_ST00503" HPOS="1107" VPOS="2768" WIDTH="130" HEIGHT="42" CONTENT="ponts" WC="0.99" CC="00042"/>
						<SP ID="P4_SP00465" HPOS="1237" VPOS="2810" WIDTH="43"/>
						<String ID="P4_ST00504" HPOS="1280" VPOS="2772" WIDTH="46" HEIGHT="28" CONTENT="se" WC="1.00" CC="00"/>
						<SP ID="P4_SP00466" HPOS="1326" VPOS="2810" WIDTH="40"/>
						<String ID="P4_ST00505" HPOS="1366" VPOS="2767" WIDTH="101" HEIGHT="33" CONTENT="sont" WC="0.99" CC="0006"/>
						<SP ID="P4_SP00467" HPOS="1467" VPOS="2810" WIDTH="36"/>
						<String ID="P4_ST00506" HPOS="1503" VPOS="2759" WIDTH="120" HEIGHT="41" CONTENT="levés" WC="0.99" CC="40000"/>
						<SP ID="P4_SP00468" HPOS="1623" VPOS="2810" WIDTH="40"/>
						<String ID="P4_ST00507" HPOS="1663" VPOS="2758" WIDTH="346" HEIGHT="43" CONTENT="d'eux-mêmes." WC="0.99" CC="040604030314"/>
						<SP ID="P4_SP00469" HPOS="2009" VPOS="2810" WIDTH="26"/>
						<String ID="P4_ST00508" HPOS="2035" VPOS="2760" WIDTH="124" HEIGHT="42" CONTENT="Elles" WC="0.99" CC="03340"/>
					</TextLine>
					<TextLine ID="P4_TL00040" HPOS="138" VPOS="2827" WIDTH="2022" HEIGHT="55">
						<String ID="P4_ST00509" HPOS="138" VPOS="2835" WIDTH="165" HEIGHT="33" CONTENT="restent" WC="0.99" CC="5120071"/>
						<SP ID="P4_SP00470" HPOS="303" VPOS="2868" WIDTH="22"/>
						<String ID="P4_ST00510" HPOS="325" VPOS="2828" WIDTH="214" HEIGHT="52" CONTENT="captives," WC="0.99" CC="000520064"/>
						<SP ID="P4_SP00471" HPOS="539" VPOS="2880" WIDTH="27"/>
						<String ID="P4_ST00511" HPOS="566" VPOS="2828" WIDTH="114" HEIGHT="39" CONTENT="mais" WC="0.99" CC="0050"/>
						<SP ID="P4_SP00472" HPOS="680" VPOS="2880" WIDTH="27"/>
						<String ID="P4_ST00512" HPOS="707" VPOS="2827" WIDTH="112" HEIGHT="40" CONTENT="dans" WC="1.00" CC="0000"/>
						<SP ID="P4_SP00473" HPOS="819" VPOS="2880" WIDTH="30"/>
						<String ID="P4_ST00513" HPOS="849" VPOS="2842" WIDTH="60" HEIGHT="26" CONTENT="un" WC="0.67" CC="60"/>
						<SP ID="P4_SP00474" HPOS="909" VPOS="2880" WIDTH="25"/>
						<String ID="P4_ST00514" HPOS="934" VPOS="2827" WIDTH="148" HEIGHT="54" CONTENT="séjour" WC="0.98" CC="060470"/>
						<SP ID="P4_SP00475" HPOS="1082" VPOS="2881" WIDTH="23"/>
						<String ID="P4_ST00515" HPOS="1105" VPOS="2828" WIDTH="235" HEIGHT="41" CONTENT="enchanté." WC="0.99" CC="050004604"/>
						<SP ID="P4_SP00476" HPOS="1340" VPOS="2881" WIDTH="25"/>
						<String ID="P4_ST00516" HPOS="1365" VPOS="2827" WIDTH="122" HEIGHT="42" CONTENT="Elles" WC="1.00" CC="00300"/>
						<SP ID="P4_SP00477" HPOS="1487" VPOS="2881" WIDTH="43"/>
						<String ID="P4_ST00517" HPOS="1530" VPOS="2836" WIDTH="77" HEIGHT="33" CONTENT="ont" WC="0.99" CC="003"/>
						<SP ID="P4_SP00478" HPOS="1607" VPOS="2881" WIDTH="35"/>
						<String ID="P4_ST00518" HPOS="1642" VPOS="2829" WIDTH="77" HEIGHT="40" CONTENT="des" WC="1.00" CC="000"/>
						<SP ID="P4_SP00479" HPOS="1719" VPOS="2881" WIDTH="32"/>
						<String ID="P4_ST00519" HPOS="1751" VPOS="2832" WIDTH="123" HEIGHT="39" CONTENT="âmes" WC="1.00" CC="0000"/>
						<SP ID="P4_SP00480" HPOS="1874" VPOS="2881" WIDTH="23"/>
						<String ID="P4_ST00520" HPOS="1897" VPOS="2831" WIDTH="196" HEIGHT="51" CONTENT="puériles" WC="1.00" CC="04000000"/>
						<SP ID="P4_SP00481" HPOS="2093" VPOS="2882" WIDTH="26"/>
						<String ID="P4_ST00521" HPOS="2119" VPOS="2840" WIDTH="41" HEIGHT="32" CONTENT="et" WC="0.72" CC="04"/>
					</TextLine>
					<TextLine ID="P4_TL00041" HPOS="136" VPOS="2895" WIDTH="2022" HEIGHT="58">
						<String ID="P4_ST00522" HPOS="136" VPOS="2897" WIDTH="171" HEIGHT="40" CONTENT="vaines." WC="1.00" CC="0003004"/>
						<SP ID="P4_SP00482" HPOS="307" VPOS="2937" WIDTH="38"/>
						<String ID="P4_ST00523" HPOS="345" VPOS="2895" WIDTH="122" HEIGHT="42" CONTENT="Elles" WC="1.00" CC="00200"/>
						<SP ID="P4_SP00483" HPOS="467" VPOS="2937" WIDTH="44"/>
						<String ID="P4_ST00524" HPOS="511" VPOS="2895" WIDTH="338" HEIGHT="54" CONTENT="s'enveloppent" WC="1.00" CC="0400005000004"/>
						<SP ID="P4_SP00484" HPOS="849" VPOS="2949" WIDTH="38"/>
						<String ID="P4_ST00525" HPOS="887" VPOS="2895" WIDTH="201" HEIGHT="43" CONTENT="d'étoffes" WC="0.99" CC="046206920"/>
						<SP ID="P4_SP00485" HPOS="1088" VPOS="2949" WIDTH="41"/>
						<String ID="P4_ST00526" HPOS="1129" VPOS="2898" WIDTH="324" HEIGHT="49" CONTENT="charmarrées," WC="0.94" CC="000000000600"/>
						<SP ID="P4_SP00486" HPOS="1453" VPOS="2949" WIDTH="44"/>
						<String ID="P4_ST00527" HPOS="1497" VPOS="2907" WIDTH="41" HEIGHT="32" CONTENT="et" WC="0.66" CC="15"/>
						<SP ID="P4_SP00487" HPOS="1538" VPOS="2949" WIDTH="40"/>
						<String ID="P4_ST00528" HPOS="1578" VPOS="2896" WIDTH="167" HEIGHT="43" CONTENT="Ariane" WC="1.00" CC="004000"/>
						<SP ID="P4_SP00488" HPOS="1745" VPOS="2949" WIDTH="30"/>
						<String ID="P4_ST00529" HPOS="1775" VPOS="2899" WIDTH="97" HEIGHT="41" CONTENT="leur" WC="0.98" CC="5050"/>
						<SP ID="P4_SP00489" HPOS="1872" VPOS="2949" WIDTH="35"/>
						<String ID="P4_ST00530" HPOS="1907" VPOS="2901" WIDTH="201" HEIGHT="52" CONTENT="apprend" WC="1.00" CC="0000010"/>
						<SP ID="P4_SP00490" HPOS="2108" VPOS="2953" WIDTH="28"/>
						<String ID="P4_ST00531" HPOS="2136" VPOS="2905" WIDTH="22" HEIGHT="36" CONTENT="à" WC="0.93" CC="0"/>
					</TextLine>
					<TextLine ID="P4_TL00042" HPOS="138" VPOS="2965" WIDTH="2022" HEIGHT="56">
						<String ID="P4_ST00532" HPOS="138" VPOS="2966" WIDTH="192" HEIGHT="40" CONTENT="délivrer" WC="1.00" CC="00300000"/>
						<SP ID="P4_SP00491" HPOS="330" VPOS="3006" WIDTH="23"/>
						<String ID="P4_ST00533" HPOS="353" VPOS="2965" WIDTH="119" HEIGHT="42" CONTENT="leurs" WC="0.98" CC="13570"/>
						<SP ID="P4_SP00492" HPOS="472" VPOS="3007" WIDTH="23"/>
						<String ID="P4_ST00534" HPOS="495" VPOS="2965" WIDTH="211" HEIGHT="50" CONTENT="cheveux," WC="0.99" CC="00003084"/>
						<SP ID="P4_SP00493" HPOS="706" VPOS="3015" WIDTH="23"/>
						<String ID="P4_ST00535" HPOS="729" VPOS="2967" WIDTH="118" HEIGHT="40" CONTENT="leurs" WC="0.99" CC="10040"/>
						<SP ID="P4_SP00494" HPOS="847" VPOS="3015" WIDTH="28"/>
						<String ID="P4_ST00536" HPOS="875" VPOS="2967" WIDTH="104" HEIGHT="40" CONTENT="bras" WC="1.00" CC="0002"/>
						<SP ID="P4_SP00495" HPOS="979" VPOS="3015" WIDTH="18"/>
						<String ID="P4_ST00537" HPOS="997" VPOS="2975" WIDTH="41" HEIGHT="33" CONTENT="et" WC="0.70" CC="05"/>
						<SP ID="P4_SP00496" HPOS="1038" VPOS="3015" WIDTH="23"/>
						<String ID="P4_ST00538" HPOS="1061" VPOS="2967" WIDTH="120" HEIGHT="41" CONTENT="leurs" WC="0.99" CC="44000"/>
						<SP ID="P4_SP00497" HPOS="1181" VPOS="3015" WIDTH="29"/>
						<String ID="P4_ST00539" HPOS="1210" VPOS="2969" WIDTH="138" HEIGHT="50" CONTENT="seins," WC="0.99" CC="060044"/>
						<SP ID="P4_SP00498" HPOS="1348" VPOS="3019" WIDTH="25"/>
						<String ID="P4_ST00540" HPOS="1373" VPOS="2975" WIDTH="41" HEIGHT="33" CONTENT="et" WC="0.67" CC="06"/>
						<SP ID="P4_SP00499" HPOS="1414" VPOS="3019" WIDTH="41"/>
						<String ID="P4_ST00541" HPOS="1455" VPOS="2971" WIDTH="22" HEIGHT="36" CONTENT="à" WC="0.50" CC="4"/>
						<SP ID="P4_SP00500" HPOS="1477" VPOS="3019" WIDTH="37"/>
						<String ID="P4_ST00542" HPOS="1514" VPOS="2965" WIDTH="170" HEIGHT="43" CONTENT="s'orner" WC="1.00" CC="0400000"/>
						<SP ID="P4_SP00501" HPOS="1684" VPOS="3019" WIDTH="36"/>
						<String ID="P4_ST00543" HPOS="1720" VPOS="2968" WIDTH="53" HEIGHT="40" CONTENT="de" WC="0.88" CC="02"/>
						<SP ID="P4_SP00502" HPOS="1773" VPOS="3019" WIDTH="40"/>
						<String ID="P4_ST00544" HPOS="1813" VPOS="2970" WIDTH="235" HEIGHT="51" CONTENT="pierreries" WC="1.00" CC="0300500002"/>
						<SP ID="P4_SP00503" HPOS="2048" VPOS="3021" WIDTH="25"/>
						<String ID="P4_ST00545" HPOS="2073" VPOS="2981" WIDTH="9" HEIGHT="28" CONTENT=":" WC="0.50" CC="4"/>
						<SP ID="P4_SP00504" HPOS="2082" VPOS="3021" WIDTH="32"/>
						<String ID="P4_ST00546" HPOS="2114" VPOS="2983" WIDTH="46" HEIGHT="29" CONTENT="ce" WC="0.75" CC="40"/>
					</TextLine>
					<TextLine ID="P4_TL00043" HPOS="139" VPOS="3035" WIDTH="2021" HEIGHT="54">
						<String ID="P4_ST00547" HPOS="139" VPOS="3036" WIDTH="76" HEIGHT="50" CONTENT="qui" WC="0.97" CC="070"/>
						<SP ID="P4_SP00505" HPOS="215" VPOS="3086" WIDTH="21"/>
						<String ID="P4_ST00548" HPOS="236" VPOS="3044" WIDTH="104" HEIGHT="32" CONTENT="veut" WC="0.99" CC="0004"/>
						<SP ID="P4_SP00506" HPOS="340" VPOS="3086" WIDTH="17"/>
						<String ID="P4_ST00549" HPOS="357" VPOS="3035" WIDTH="109" HEIGHT="49" CONTENT="dire," WC="0.99" CC="00004"/>
						<SP ID="P4_SP00507" HPOS="466" VPOS="3086" WIDTH="26"/>
						<String ID="P4_ST00550" HPOS="492" VPOS="3036" WIDTH="38" HEIGHT="52" CONTENT="je" WC="0.80" CC="30"/>
						<SP ID="P4_SP00508" HPOS="530" VPOS="3088" WIDTH="20"/>
						<String ID="P4_ST00551" HPOS="550" VPOS="3049" WIDTH="154" HEIGHT="39" CONTENT="pense," WC="0.99" CC="037004"/>
						<SP ID="P4_SP00509" HPOS="704" VPOS="3088" WIDTH="25"/>
						<String ID="P4_ST00552" HPOS="729" VPOS="3040" WIDTH="22" HEIGHT="36" CONTENT="à" WC="0.86" CC="1"/>
						<SP ID="P4_SP00510" HPOS="751" VPOS="3088" WIDTH="22"/>
						<String ID="P4_ST00553" HPOS="773" VPOS="3037" WIDTH="123" HEIGHT="40" CONTENT="vivre" WC="1.00" CC="00000"/>
						<SP ID="P4_SP00511" HPOS="896" VPOS="3088" WIDTH="22"/>
						<String ID="P4_ST00554" HPOS="918" VPOS="3049" WIDTH="56" HEIGHT="27" CONTENT="en" WC="1.00" CC="00"/>
						<SP ID="P4_SP00512" HPOS="974" VPOS="3088" WIDTH="21"/>
						<String ID="P4_ST00555" HPOS="995" VPOS="3036" WIDTH="140" HEIGHT="41" CONTENT="vérité" WC="0.98" CC="000736"/>
						<SP ID="P4_SP00513" HPOS="1135" VPOS="3088" WIDTH="24"/>
						<String ID="P4_ST00556" HPOS="1159" VPOS="3045" WIDTH="42" HEIGHT="33" CONTENT="et" WC="0.80" CC="04"/>
						<SP ID="P4_SP00514" HPOS="1201" VPOS="3088" WIDTH="36"/>
						<String ID="P4_ST00557" HPOS="1237" VPOS="3050" WIDTH="54" HEIGHT="28" CONTENT="en" WC="0.77" CC="40"/>
						<SP ID="P4_SP00515" HPOS="1291" VPOS="3088" WIDTH="35"/>
						<String ID="P4_ST00558" HPOS="1326" VPOS="3035" WIDTH="177" HEIGHT="43" CONTENT="beauté." WC="0.98" CC="0305582"/>
						<SP ID="P4_SP00516" HPOS="1503" VPOS="3088" WIDTH="42"/>
						<String ID="P4_ST00559" HPOS="1545" VPOS="3035" WIDTH="266" HEIGHT="54" CONTENT="Cependant" WC="0.99" CC="200050046"/>
						<SP ID="P4_SP00517" HPOS="1811" VPOS="3089" WIDTH="33"/>
						<String ID="P4_ST00560" HPOS="1844" VPOS="3038" WIDTH="316" HEIGHT="43" CONTENT="Barbe-Bleue" WC="1.00" CC="00002402063"/>
					</TextLine>
					<TextLine ID="P4_TL00044" HPOS="137" VPOS="3106" WIDTH="2021" HEIGHT="54">
						<String ID="P4_ST00561" HPOS="137" VPOS="3106" WIDTH="170" HEIGHT="40" CONTENT="revient" WC="0.99" CC="7300055"/>
						<SP ID="P4_SP00518" HPOS="307" VPOS="3146" WIDTH="22"/>
						<String ID="P4_ST00562" HPOS="329" VPOS="3118" WIDTH="113" HEIGHT="41" CONTENT="pour" WC="0.99" CC="0070"/>
						<SP ID="P4_SP00519" HPOS="442" VPOS="3159" WIDTH="19"/>
						<String ID="P4_ST00563" HPOS="461" VPOS="3106" WIDTH="64" HEIGHT="41" CONTENT="les" WC="0.98" CC="400"/>
						<SP ID="P4_SP00520" HPOS="525" VPOS="3159" WIDTH="22"/>
						<String ID="P4_ST00564" HPOS="547" VPOS="3108" WIDTH="222" HEIGHT="50" CONTENT="ressaisir," WC="1.00" CC="0050000004"/>
						<SP ID="P4_SP00521" HPOS="769" VPOS="3159" WIDTH="42"/>
						<String ID="P4_ST00565" HPOS="811" VPOS="3111" WIDTH="306" HEIGHT="49" CONTENT="accompagné" WC="0.99" CC="0104000056"/>
						<SP ID="P4_SP00522" HPOS="1117" VPOS="3160" WIDTH="32"/>
						<String ID="P4_ST00566" HPOS="1149" VPOS="3106" WIDTH="133" HEIGHT="42" CONTENT="d'une" WC="0.98" CC="04605"/>
						<SP ID="P4_SP00523" HPOS="1282" VPOS="3160" WIDTH="36"/>
						<String ID="P4_ST00567" HPOS="1318" VPOS="3116" WIDTH="169" HEIGHT="33" CONTENT="escorte" WC="0.99" CC="0050140"/>
						<SP ID="P4_SP00524" HPOS="1487" VPOS="3160" WIDTH="38"/>
						<String ID="P4_ST00568" HPOS="1525" VPOS="3108" WIDTH="54" HEIGHT="40" CONTENT="de" WC="1.00" CC="00"/>
						<SP ID="P4_SP00525" HPOS="1579" VPOS="3160" WIDTH="30"/>
						<String ID="P4_ST00569" HPOS="1609" VPOS="3113" WIDTH="162" HEIGHT="45" CONTENT="nègres" WC="0.99" CC="260020"/>
						<SP ID="P4_SP00526" HPOS="1771" VPOS="3160" WIDTH="21"/>
						<String ID="P4_ST00570" HPOS="1792" VPOS="3120" WIDTH="8" HEIGHT="40" CONTENT=";" WC="0.87" CC="1"/>
						<SP ID="P4_SP00527" HPOS="1800" VPOS="3160" WIDTH="27"/>
						<String ID="P4_ST00571" HPOS="1827" VPOS="3122" WIDTH="175" HEIGHT="29" CONTENT="comme" WC="1.00" CC="00002"/>
						<SP ID="P4_SP00528" HPOS="2002" VPOS="3160" WIDTH="40"/>
						<String ID="P4_ST00572" HPOS="2042" VPOS="3110" WIDTH="32" HEIGHT="41" CONTENT="il" WC="0.79" CC="40"/>
						<SP ID="P4_SP00529" HPOS="2074" VPOS="3160" WIDTH="31"/>
						<String ID="P4_ST00573" HPOS="2105" VPOS="3125" WIDTH="53" HEIGHT="26" CONTENT="va" WC="1.00" CC="00"/>
					</TextLine>
					<TextLine ID="P4_TL00045" HPOS="137" VPOS="3172" WIDTH="2018" HEIGHT="59">
						<String ID="P4_ST00574" HPOS="137" VPOS="3172" WIDTH="199" HEIGHT="42" CONTENT="franchir" WC="0.99" CC="00001550"/>
						<SP ID="P4_SP00530" HPOS="336" VPOS="3214" WIDTH="22"/>
						<String ID="P4_ST00575" HPOS="358" VPOS="3174" WIDTH="63" HEIGHT="41" CONTENT="les" WC="0.96" CC="333"/>
						<SP ID="P4_SP00531" HPOS="421" VPOS="3215" WIDTH="17"/>
						<String ID="P4_ST00576" HPOS="438" VPOS="3174" WIDTH="160" HEIGHT="50" CONTENT="fossés," WC="0.99" CC="0000704"/>
						<SP ID="P4_SP00532" HPOS="598" VPOS="3224" WIDTH="25"/>
						<String ID="P4_ST00577" HPOS="623" VPOS="3177" WIDTH="63" HEIGHT="40" CONTENT="les" WC="0.99" CC="300"/>
						<SP ID="P4_SP00533" HPOS="686" VPOS="3224" WIDTH="22"/>
						<String ID="P4_ST00578" HPOS="708" VPOS="3190" WIDTH="196" HEIGHT="39" CONTENT="paysans" WC="1.00" CC="0000000"/>
						<SP ID="P4_SP00534" HPOS="904" VPOS="3229" WIDTH="23"/>
						<String ID="P4_ST00579" HPOS="927" VPOS="3190" WIDTH="47" HEIGHT="28" CONTENT="se" WC="0.69" CC="06"/>
						<SP ID="P4_SP00535" HPOS="974" VPOS="3229" WIDTH="13"/>
						<String ID="P4_ST00580" HPOS="987" VPOS="3178" WIDTH="153" HEIGHT="53" CONTENT="jettent" WC="0.98" CC="2603406"/>
						<SP ID="P4_SP00536" HPOS="1140" VPOS="3231" WIDTH="20"/>
						<String ID="P4_ST00581" HPOS="1160" VPOS="3190" WIDTH="76" HEIGHT="28" CONTENT="sur" WC="0.99" CC="020"/>
						<SP ID="P4_SP00537" HPOS="1236" VPOS="3231" WIDTH="23"/>
						<String ID="P4_ST00582" HPOS="1259" VPOS="3177" WIDTH="77" HEIGHT="48" CONTENT="lui," WC="0.98" CC="3024"/>
						<SP ID="P4_SP00538" HPOS="1336" VPOS="3231" WIDTH="21"/>
						<String ID="P4_ST00583" HPOS="1357" VPOS="3177" WIDTH="40" HEIGHT="40" CONTENT="le" WC="0.78" CC="04"/>
						<SP ID="P4_SP00539" HPOS="1397" VPOS="3231" WIDTH="21"/>
						<String ID="P4_ST00584" HPOS="1418" VPOS="3177" WIDTH="106" HEIGHT="41" CONTENT="lient" WC="0.98" CC="40055"/>
						<SP ID="P4_SP00540" HPOS="1524" VPOS="3231" WIDTH="23"/>
						<String ID="P4_ST00585" HPOS="1547" VPOS="3185" WIDTH="41" HEIGHT="33" CONTENT="et" WC="0.74" CC="05"/>
						<SP ID="P4_SP00541" HPOS="1588" VPOS="3231" WIDTH="33"/>
						<String ID="P4_ST00586" HPOS="1621" VPOS="3177" WIDTH="271" HEIGHT="54" CONTENT="l'apportent" WC="1.00" CC="43000600000"/>
						<SP ID="P4_SP00542" HPOS="1892" VPOS="3231" WIDTH="32"/>
						<String ID="P4_ST00587" HPOS="1924" VPOS="3184" WIDTH="21" HEIGHT="36" CONTENT="à" WC="0.78" CC="2"/>
						<SP ID="P4_SP00543" HPOS="1945" VPOS="3231" WIDTH="29"/>
						<String ID="P4_ST00588" HPOS="1974" VPOS="3178" WIDTH="181" HEIGHT="43" CONTENT="Ariane." WC="0.99" CC="0036023"/>
					</TextLine>
					<TextLine ID="P4_TL00046" HPOS="138" VPOS="3241" WIDTH="2021" HEIGHT="61">
						<String ID="P4_ST00589" HPOS="138" VPOS="3241" WIDTH="166" HEIGHT="42" CONTENT="Ariane" WC="0.99" CC="004002"/>
						<SP ID="P4_SP00544" HPOS="304" VPOS="3283" WIDTH="20"/>
						<String ID="P4_ST00590" HPOS="324" VPOS="3242" WIDTH="40" HEIGHT="41" CONTENT="le" WC="0.67" CC="33"/>
						<SP ID="P4_SP00545" HPOS="364" VPOS="3283" WIDTH="28"/>
						<String ID="P4_ST00591" HPOS="392" VPOS="3244" WIDTH="168" HEIGHT="41" CONTENT="délivre" WC="1.00" CC="0040000"/>
						<SP ID="P4_SP00546" HPOS="560" VPOS="3285" WIDTH="23"/>
						<String ID="P4_ST00592" HPOS="583" VPOS="3254" WIDTH="41" HEIGHT="31" CONTENT="et" WC="0.67" CC="06"/>
						<SP ID="P4_SP00547" HPOS="624" VPOS="3285" WIDTH="23"/>
						<String ID="P4_ST00593" HPOS="647" VPOS="3247" WIDTH="160" HEIGHT="48" CONTENT="soigne" WC="0.99" CC="204004"/>
						<SP ID="P4_SP00548" HPOS="807" VPOS="3295" WIDTH="21"/>
						<String ID="P4_ST00594" HPOS="828" VPOS="3259" WIDTH="69" HEIGHT="27" CONTENT="ses" WC="1.00" CC="000"/>
						<SP ID="P4_SP00549" HPOS="897" VPOS="3295" WIDTH="23"/>
						<String ID="P4_ST00595" HPOS="920" VPOS="3246" WIDTH="158" HEIGHT="53" CONTENT="plaies." WC="1.00" CC="0000004"/>
						<SP ID="P4_SP00550" HPOS="1078" VPOS="3299" WIDTH="27"/>
						<String ID="P4_ST00596" HPOS="1105" VPOS="3245" WIDTH="128" HEIGHT="42" CONTENT="Ainsi" WC="1.00" CC="00000"/>
						<SP ID="P4_SP00551" HPOS="1233" VPOS="3299" WIDTH="19"/>
						<String ID="P4_ST00597" HPOS="1252" VPOS="3246" WIDTH="39" HEIGHT="41" CONTENT="la" WC="0.87" CC="20"/>
						<SP ID="P4_SP00552" HPOS="1291" VPOS="3299" WIDTH="40"/>
						<String ID="P4_ST00598" HPOS="1331" VPOS="3245" WIDTH="166" HEIGHT="43" CONTENT="femme" WC="1.00" CC="00000"/>
						<SP ID="P4_SP00553" HPOS="1497" VPOS="3299" WIDTH="22"/>
						<String ID="P4_ST00599" HPOS="1519" VPOS="3247" WIDTH="224" HEIGHT="50" CONTENT="nouvelle," WC="0.99" CC="005003304"/>
						<SP ID="P4_SP00554" HPOS="1743" VPOS="3299" WIDTH="27"/>
						<String ID="P4_ST00600" HPOS="1770" VPOS="3253" WIDTH="213" HEIGHT="48" CONTENT="protégée" WC="1.00" CC="00060004"/>
						<SP ID="P4_SP00555" HPOS="1983" VPOS="3301" WIDTH="33"/>
						<String ID="P4_ST00601" HPOS="2016" VPOS="3264" WIDTH="82" HEIGHT="38" CONTENT="par" WC="1.00" CC="000"/>
						<SP ID="P4_SP00556" HPOS="2098" VPOS="3302" WIDTH="22"/>
						<String ID="P4_ST00602" HPOS="2120" VPOS="3250" WIDTH="39" HEIGHT="41" CONTENT="le" WC="0.78" CC="40"/>
					</TextLine>
					<TextLine ID="P4_TL00047" HPOS="137" VPOS="3313" WIDTH="2022" HEIGHT="55">
						<String ID="P4_ST00603" HPOS="137" VPOS="3313" WIDTH="178" HEIGHT="52" CONTENT="peuple," WC="1.00" CC="0300004"/>
						<SP ID="P4_SP00557" HPOS="315" VPOS="3365" WIDTH="21"/>
						<String ID="P4_ST00604" HPOS="336" VPOS="3326" WIDTH="129" HEIGHT="27" CONTENT="usera" WC="1.00" CC="00000"/>
						<SP ID="P4_SP00558" HPOS="465" VPOS="3365" WIDTH="25"/>
						<String ID="P4_ST00605" HPOS="490" VPOS="3314" WIDTH="54" HEIGHT="40" CONTENT="de" WC="1.00" CC="00"/>
						<SP ID="P4_SP00559" HPOS="544" VPOS="3365" WIDTH="27"/>
						<String ID="P4_ST00606" HPOS="571" VPOS="3328" WIDTH="46" HEIGHT="27" CONTENT="sa" WC="1.00" CC="00"/>
						<SP ID="P4_SP00560" HPOS="617" VPOS="3365" WIDTH="30"/>
						<String ID="P4_ST00607" HPOS="647" VPOS="3313" WIDTH="158" HEIGHT="42" CONTENT="liberté" WC="0.99" CC="2400040"/>
						<SP ID="P4_SP00561" HPOS="805" VPOS="3365" WIDTH="29"/>
						<String ID="P4_ST00608" HPOS="834" VPOS="3315" WIDTH="210" HEIGHT="41" CONTENT="nouvelle" WC="0.99" CC="61003020"/>
						<SP ID="P4_SP00562" HPOS="1044" VPOS="3365" WIDTH="24"/>
						<String ID="P4_ST00609" HPOS="1068" VPOS="3329" WIDTH="113" HEIGHT="39" CONTENT="pour" WC="1.00" CC="0000"/>
						<SP ID="P4_SP00563" HPOS="1181" VPOS="3368" WIDTH="31"/>
						<String ID="P4_ST00610" HPOS="1212" VPOS="3315" WIDTH="213" HEIGHT="43" CONTENT="défendre" WC="1.00" CC="00004000"/>
						<SP ID="P4_SP00564" HPOS="1425" VPOS="3368" WIDTH="31"/>
						<String ID="P4_ST00611" HPOS="1456" VPOS="3321" WIDTH="21" HEIGHT="36" CONTENT="à" WC="0.73" CC="2"/>
						<SP ID="P4_SP00565" HPOS="1477" VPOS="3368" WIDTH="38"/>
						<String ID="P4_ST00612" HPOS="1515" VPOS="3330" WIDTH="82" HEIGHT="28" CONTENT="son" WC="1.00" CC="000"/>
						<SP ID="P4_SP00566" HPOS="1597" VPOS="3368" WIDTH="25"/>
						<String ID="P4_ST00613" HPOS="1622" VPOS="3325" WIDTH="100" HEIGHT="33" CONTENT="tour" WC="0.97" CC="6150"/>
						<SP ID="P4_SP00567" HPOS="1722" VPOS="3368" WIDTH="36"/>
						<String ID="P4_ST00614" HPOS="1758" VPOS="3327" WIDTH="152" HEIGHT="33" CONTENT="contre" WC="1.00" CC="004000"/>
						<SP ID="P4_SP00568" HPOS="1910" VPOS="3368" WIDTH="30"/>
						<String ID="P4_ST00615" HPOS="1940" VPOS="3334" WIDTH="47" HEIGHT="26" CONTENT="ce" WC="1.00" CC="00"/>
						<SP ID="P4_SP00569" HPOS="1987" VPOS="3368" WIDTH="26"/>
						<String ID="P4_ST00616" HPOS="2013" VPOS="3324" WIDTH="146" HEIGHT="37" CONTENT="même" WC="0.98" CC="0503"/>
					</TextLine>
					<TextLine ID="P4_TL00048" HPOS="136" VPOS="3381" WIDTH="2021" HEIGHT="59">
						<String ID="P4_ST00617" HPOS="136" VPOS="3382" WIDTH="163" HEIGHT="55" CONTENT="peuple" WC="0.99" CC="007002"/>
						<SP ID="P4_SP00570" HPOS="299" VPOS="3437" WIDTH="22"/>
						<String ID="P4_ST00618" HPOS="321" VPOS="3381" WIDTH="190" HEIGHT="43" CONTENT="l'ancien" WC="0.99" CC="04000304"/>
						<SP ID="P4_SP00571" HPOS="511" VPOS="3437" WIDTH="21"/>
						<String ID="P4_ST00619" HPOS="532" VPOS="3391" WIDTH="127" HEIGHT="45" CONTENT="tyran" WC="0.99" CC="50000"/>
						<SP ID="P4_SP00572" HPOS="659" VPOS="3437" WIDTH="26"/>
						<String ID="P4_ST00620" HPOS="685" VPOS="3385" WIDTH="75" HEIGHT="52" CONTENT="qui" WC="0.98" CC="050"/>
						<SP ID="P4_SP00573" HPOS="760" VPOS="3437" WIDTH="24"/>
						<String ID="P4_ST00621" HPOS="784" VPOS="3384" WIDTH="40" HEIGHT="40" CONTENT="la" WC="0.41" CC="38"/>
						<SP ID="P4_SP00574" HPOS="824" VPOS="3437" WIDTH="20"/>
						<String ID="P4_ST00622" HPOS="844" VPOS="3385" WIDTH="139" HEIGHT="40" CONTENT="tenait" WC="0.99" CC="106005"/>
						<SP ID="P4_SP00575" HPOS="983" VPOS="3437" WIDTH="19"/>
						<String ID="P4_ST00623" HPOS="1002" VPOS="3387" WIDTH="299" HEIGHT="50" CONTENT="prisonnière." WC="0.99" CC="044000018062"/>
						<SP ID="P4_SP00576" HPOS="1301" VPOS="3437" WIDTH="25"/>
						<String ID="P4_ST00624" HPOS="1326" VPOS="3385" WIDTH="118" HEIGHT="43" CONTENT="Mais" WC="1.00" CC="0000"/>
						<SP ID="P4_SP00577" HPOS="1444" VPOS="3437" WIDTH="31"/>
						<String ID="P4_ST00625" HPOS="1475" VPOS="3387" WIDTH="40" HEIGHT="41" CONTENT="la" WC="1.00" CC="00"/>
						<SP ID="P4_SP00578" HPOS="1515" VPOS="3437" WIDTH="27"/>
						<String ID="P4_ST00626" HPOS="1542" VPOS="3394" WIDTH="127" HEIGHT="46" CONTENT="porte" WC="0.98" CC="04072"/>
						<SP ID="P4_SP00579" HPOS="1669" VPOS="3440" WIDTH="39"/>
						<String ID="P4_ST00627" HPOS="1708" VPOS="3394" WIDTH="66" HEIGHT="35" CONTENT="est" WC="0.98" CC="410"/>
						<SP ID="P4_SP00580" HPOS="1774" VPOS="3440" WIDTH="41"/>
						<String ID="P4_ST00628" HPOS="1815" VPOS="3398" WIDTH="184" HEIGHT="32" CONTENT="ouverte" WC="0.99" CC="0500500"/>
						<SP ID="P4_SP00581" HPOS="1999" VPOS="3440" WIDTH="38"/>
						<String ID="P4_ST00629" HPOS="2037" VPOS="3398" WIDTH="41" HEIGHT="33" CONTENT="et" WC="0.90" CC="01"/>
						<SP ID="P4_SP00582" HPOS="2078" VPOS="3440" WIDTH="40"/>
						<String ID="P4_ST00630" HPOS="2118" VPOS="3390" WIDTH="39" HEIGHT="40" CONTENT="la" WC="0.77" CC="40"/>
					</TextLine>
					<TextLine ID="P4_TL00049" HPOS="137" VPOS="3451" WIDTH="2018" HEIGHT="61">
						<String ID="P4_ST00631" HPOS="137" VPOS="3467" WIDTH="251" HEIGHT="39" CONTENT="campagne" WC="1.00" CC="00000074"/>
						<SP ID="P4_SP00583" HPOS="388" VPOS="3506" WIDTH="22"/>
						<String ID="P4_ST00632" HPOS="410" VPOS="3461" WIDTH="66" HEIGHT="33" CONTENT="est" WC="0.97" CC="206"/>
						<SP ID="P4_SP00584" HPOS="476" VPOS="3506" WIDTH="22"/>
						<String ID="P4_ST00633" HPOS="498" VPOS="3451" WIDTH="147" HEIGHT="43" CONTENT="bleue." WC="0.99" CC="030203"/>
						<SP ID="P4_SP00585" HPOS="645" VPOS="3506" WIDTH="26"/>
						<String ID="P4_ST00634" HPOS="671" VPOS="3452" WIDTH="166" HEIGHT="42" CONTENT="Ariane" WC="0.99" CC="002050"/>
						<SP ID="P4_SP00586" HPOS="837" VPOS="3506" WIDTH="24"/>
						<String ID="P4_ST00635" HPOS="861" VPOS="3452" WIDTH="91" HEIGHT="43" CONTENT="s'en" WC="0.99" CC="0400"/>
						<SP ID="P4_SP00587" HPOS="952" VPOS="3506" WIDTH="15"/>
						<String ID="P4_ST00636" HPOS="967" VPOS="3469" WIDTH="54" HEIGHT="26" CONTENT="va" WC="1.00" CC="00"/>
						<SP ID="P4_SP00588" HPOS="1021" VPOS="3506" WIDTH="17"/>
						<String ID="P4_ST00637" HPOS="1038" VPOS="3463" WIDTH="42" HEIGHT="32" CONTENT="et" WC="0.71" CC="05"/>
						<SP ID="P4_SP00589" HPOS="1080" VPOS="3506" WIDTH="22"/>
						<String ID="P4_ST00638" HPOS="1102" VPOS="3469" WIDTH="176" HEIGHT="38" CONTENT="engage" WC="0.99" CC="000606"/>
						<SP ID="P4_SP00590" HPOS="1278" VPOS="3507" WIDTH="24"/>
						<String ID="P4_ST00639" HPOS="1302" VPOS="3469" WIDTH="70" HEIGHT="28" CONTENT="ses" WC="0.99" CC="100"/>
						<SP ID="P4_SP00591" HPOS="1372" VPOS="3507" WIDTH="25"/>
						<String ID="P4_ST00640" HPOS="1397" VPOS="3470" WIDTH="143" HEIGHT="28" CONTENT="sœurs" WC="0.99" CC="00600"/>
						<SP ID="P4_SP00592" HPOS="1540" VPOS="3507" WIDTH="26"/>
						<String ID="P4_ST00641" HPOS="1566" VPOS="3461" WIDTH="20" HEIGHT="36" CONTENT="à" WC="0.87" CC="1"/>
						<SP ID="P4_SP00593" HPOS="1586" VPOS="3507" WIDTH="20"/>
						<String ID="P4_ST00642" HPOS="1606" VPOS="3456" WIDTH="39" HEIGHT="41" CONTENT="la" WC="0.96" CC="00"/>
						<SP ID="P4_SP00594" HPOS="1645" VPOS="3507" WIDTH="20"/>
						<String ID="P4_ST00643" HPOS="1665" VPOS="3459" WIDTH="149" HEIGHT="40" CONTENT="suivre" WC="1.00" CC="041000"/>
						<SP ID="P4_SP00595" HPOS="1814" VPOS="3507" WIDTH="16"/>
						<String ID="P4_ST00644" HPOS="1830" VPOS="3473" WIDTH="81" HEIGHT="39" CONTENT="par" WC="1.00" CC="000"/>
						<SP ID="P4_SP00596" HPOS="1911" VPOS="3512" WIDTH="16"/>
						<String ID="P4_ST00645" HPOS="1927" VPOS="3459" WIDTH="228" HEIGHT="42" CONTENT="l'univers." WC="0.99" CC="4405401034"/>
					</TextLine>
					<TextLine ID="P4_TL00050" HPOS="138" VPOS="3521" WIDTH="2022" HEIGHT="59">
						<String ID="P4_ST00646" HPOS="138" VPOS="3521" WIDTH="121" HEIGHT="42" CONTENT="C'est" WC="0.99" CC="03500"/>
						<SP ID="P4_SP00597" HPOS="259" VPOS="3563" WIDTH="22"/>
						<String ID="P4_ST00647" HPOS="281" VPOS="3523" WIDTH="54" HEIGHT="40" CONTENT="ici" WC="1.00" CC="000"/>
						<SP ID="P4_SP00598" HPOS="335" VPOS="3563" WIDTH="24"/>
						<String ID="P4_ST00648" HPOS="359" VPOS="3523" WIDTH="41" HEIGHT="41" CONTENT="la" WC="1.00" CC="00"/>
						<SP ID="P4_SP00599" HPOS="400" VPOS="3564" WIDTH="17"/>
						<String ID="P4_ST00649" HPOS="417" VPOS="3523" WIDTH="204" HEIGHT="42" CONTENT="dernière" WC="1.00" CC="00005000"/>
						<SP ID="P4_SP00600" HPOS="621" VPOS="3565" WIDTH="22"/>
						<String ID="P4_ST00650" HPOS="643" VPOS="3525" WIDTH="232" HEIGHT="51" CONTENT="péripétie." WC="0.99" CC="0600075004"/>
						<SP ID="P4_SP00601" HPOS="875" VPOS="3576" WIDTH="22"/>
						<String ID="P4_ST00651" HPOS="897" VPOS="3523" WIDTH="122" HEIGHT="42" CONTENT="Elles" WC="1.00" CC="00300"/>
						<SP ID="P4_SP00602" HPOS="1019" VPOS="3576" WIDTH="27"/>
						<String ID="P4_ST00652" HPOS="1046" VPOS="3524" WIDTH="219" HEIGHT="43" CONTENT="refusent." WC="0.99" CC="030604044"/>
						<SP ID="P4_SP00603" HPOS="1265" VPOS="3576" WIDTH="42"/>
						<String ID="P4_ST00653" HPOS="1307" VPOS="3524" WIDTH="122" HEIGHT="43" CONTENT="Elles" WC="0.97" CC="05366"/>
						<SP ID="P4_SP00604" HPOS="1429" VPOS="3576" WIDTH="39"/>
						<String ID="P4_ST00654" HPOS="1468" VPOS="3527" WIDTH="263" HEIGHT="42" CONTENT="demeurent" WC="0.99" CC="070070081"/>
						<SP ID="P4_SP00605" HPOS="1731" VPOS="3576" WIDTH="41"/>
						<String ID="P4_ST00655" HPOS="1772" VPOS="3530" WIDTH="197" HEIGHT="50" CONTENT="captives" WC="0.99" CC="56053000"/>
						<SP ID="P4_SP00606" HPOS="1969" VPOS="3580" WIDTH="35"/>
						<String ID="P4_ST00656" HPOS="2004" VPOS="3529" WIDTH="156" HEIGHT="41" CONTENT="volon*" WC="0.67" CC="004509"/>
					</TextLine>
				</TextBlock>
			</PrintSpace>
		</Page>
	</Layout>
</alto>
